3840 6164
436 261 549 318 ’183

1241 314 1246 318 .
1322 255 1382 314 S.
1418 255 1862 316 EUSTATHIUS
1897 257 2391 316 ANTIOCHENUS
2429 258 2824 318 EPISCOPUS.

3569 259 3670 316 ’134

439 377 567 447 ptiis
604 373 838 431 obsessu
883 371 1117 430 difﬁcilis
1155 382 1292 430 erat.
1339 372 1550 444 Moyses
1600 387 1781 428 rerum
1825 375 2001 432 consi-

2107 375 2336 447 όρκητος
2356 377 2469 438 τοίς
2499 375 2812 444 Αἰγυπτίοις
2841 374 3150 447 ἐτύγχανεν.
3193 375 3253 430 '0
3286 375 3416 446 γοῦν
3466 377 3670 449 Μωσῆς

436 468 604 542 liique
635 467 812 536 inops,
849 466 904 521 in
938 467 1103 536 hujus
1145 465 1439 535 provinciae
1488 463 1822 530 difﬁcultate,
1846 481 2005 522 exer-

433 562 602 614 citum
641 559 710 614 ad
739 559 929 613 urbem
969 557 1253 622 conduxit,
1289 557 1547 628 variaque
1589 556 1858 627 Egypliis
1897 573 2008 613 me-

433 648 738 708 ditantibus
797 665 921 705 cum
973 649 1111 704 nihil
1162 650 1242 704 eis
1299 649 1649 714 succederet,
1701 649 1809 702 lilia
1864 650 2009 719 regis

436 741 690 798 Tharmis
717 744 954 806 nomine,
985 753 1042 796 ut
1071 757 1164 811 per
1195 749 1373 797 turres
1403 740 1638 812 Moysem
1661 741 1817 808 vidit,
1862 742 2009 800 illius

433 836 633 890 eximia
670 834 840 890 forma
879 835 1161 898 delectata,
1197 849 1297 887 nec
1353 849 1461 888 non
1489 840 1543 888 et
1591 832 1646 887 in
1677 833 1844 888 rebus
1891 848 2010 887 ma-

431 924 557 994 gnis
605 924 1024 994 cogitationibus
1050 922 1484 992 pervestigandis
1514 921 1802 976 consilium
1833 921 2009 976 admi-

432 1023 572 1075 rata,
606 1015 725 1084 ejus
756 1029 940 1069 amore
971 1015 1178 1076 saucia,
1216 1028 1373 1068 servo
1407 1013 1673 1070 fidissimo
1708 1014 1897 1074 misso.
1941 1014 2008 1071 de

431 1106 638 1174 nuptiis
667 1121 790 1159 cum
838 1121 904 1160 eo
957 1120 1265 1160 sermonem
1312 1104 1545 1159 confert.
1594 1103 1808 1176 Moyses
1849 1104 1903 1158 id
1949 1119 2008 1161 se

428 1195 700 1251 facturum
749 1197 1053 1266 pollicetur,
1100 1197 1148 1250 si
1204 1197 1280 1250 illi
1333 1198 1607 1252 civitatem
1655 1196 2004 1257 tradidisset;

427 1287 518 1342 illa
547 1294 767 1358 repente
797 1288 972 1343 fmdus
998 1287 1139 1352 ferit,
1165 1295 1218 1341 et
1239 1289 1428 1344 urbem
1457 1288 1625 1344 dedit.
1659 1288 1842 1359 Itaque
1865 1289 2006 1344 bello

428 1376 664 1440 sublato,
691 1387 743 1434 et
787 1377 1058 1450 Egypliis
1091 1379 1144 1432 in
1177 1379 1397 1450 prepria
1441 1379 1557 1432 loca
1591 1381 1847 1444 reversis,
1885 1395 2002 1434 eam

429 1469 483 1524 in
519 1469 1157 1533 matrimoniumducit,
1200 1478 1253 1524 et
1301 1469 1577 1523 civitatem
1623 1469 1888 1534 aediﬁcat,
1950 1479 2005 1527 et

428 1560 783 1631 Hermupolin
810 1561 1087 1626 nominat;
1127 1562 1201 1615 ita
1235 1561 1379 1616 enim
1411 1561 1477 1614 ab
1503 1560 1774 1634 Egyptiis
1797 1563 2004 1634 Moyses

2107 467 2350 538 προσῆγε
2379 471 2444 539 τῇ
2473 469 2625 522 πόλει
2644 468 2739 539 τὴν
2766 469 3041 540 στρατιὰν,
3067 472 3123 523 ἐν
3139 470 3416 542 ἀμηχανίᾳ
3444 471 3675 545 μεγίστῃ

2105 556 2202 624 ὢν,
2228 559 2316 613 διὰ
2345 559 2406 612 τὸ
2430 555 2567 612 εἶναι
2596 559 2917 614 δυσάλωτον.
2946 560 3363 632 Μηχανωμένων
3387 556 3480 615 οὖν
3506 561 3675 615 πολλά

2105 651 2214 704 τῶν
2235 651 2562 721 Αἰγυπτίων,
2584 652 2678 705 καὶ
2703 651 2868 724 μηδὲν
2899 653 3208 722 ἰσχυόντων,
3243 653 3276 722 ή
3303 651 3548 725 θυγάτηρ
3581 651 3672 705 τοῦ

2107 742 2368 813 βασιλέως
2421 743 2660 816 Θάρμεις
2701 743 2944 813 ὀνόματι,
3001 745 3092 798 τὸν
3134 743 3369 798 Μωῦσέα
3429 745 3518 798 διὰ
3568 744 3674 797 τῶν

2106 832 2329 904 πύργων
2345 832 2672 904 θεασαμένη,
2698 833 3030 904 καὶήσθεῖσα
3059 833 3151 886 ἐπὶ
3176 833 3253 904 τῷ
3279 833 3463 888 κάλλει
3487 833 3674 899 αὐτοῦ,

2106 927 2199 979 καί
2221 926 2544 996 θαυμάσασα
2565 925 2669 979 τῶν
2695 926 3085 997 ἐπιχειρήσεων
3109 925 3271 980 αὐτοῦ
3295 926 3388 998 τὴν
3411 927 3670 990 ἐπίνοιαν,

2105 1019 2185 1082 εἰς
2211 1018 2372 1072 πόθον
2413 1017 2644 1090 ἔρχεταιο
2679 1018 2773 1070 καὶ
2796 1020 3157 1072 ἀποστείλασα
3191 1019 3300 1072 τῶν
3327 1019 3553 1072 οἰκετῶν
3585 1019 3674 1072 τδν

2105 1111 2444 1177 πιστότατον,
2474 1111 2600 1182 περί
2639 1109 2817 1180 γάμου
2849 1111 2984 1181 πρὸς
3013 1111 3170 1164 αὑτὸν
3191 1110 3450 1180 διελέχθη.
3506 1111 3568 1164 Ὀ
3621 1109 3675 1162 δὲ

2104 1203 2342 1274 Μωῦσῆς
2369 1203 2612 1274 ποιήσειν
2635 1199 2791 1256 τοῦτο
2813 1202 3094 1272 ὑπέσχετο,
3135 1204 3183 1256 εἱ
3226 1203 3324 1270 τὴν
3349 1202 3501 1255 πόλιν
3531 1200 3673 1271 αὑτῷ

2106 1295 2495 1368 παραδώσειεν.
2531 1295 2595 1346 Ἥ
2622 1293 2680 1348 δὲ
2712 1294 3048 1364 παραχρῆμα
3071 1293 3167 1362 τὴν
3194 1293 3412 1363 εἰρήνην
3453 1292 3677 1344 σπένδε-

2103 1406 2213 1453 ται,
2243 1387 2336 1441 καί
2361 1388 2458 1457 τὴν
2486 1386 2639 1438 πόλιν
2663 1385 2809 1456 αὐτῷ
2841 1385 3220 1457 παραδίδωσιν.
3266 1383 3534 1453 Αυθείσης
3585 1379 3677 1438 οὖν

2103 1479 2202 1550 τῆς
2223 1479 2420 1550 μάχης,
2442 1476 2656 1531 καὶτῶν
2673 1477 2981 1546 Αἰγυπτίων
2995 1478 3072 1540 εἰς
3093 1477 3216 1538 τοὺς
3229 1475 3456 1539 οἰκείους
3477 1476 3677 1538 τόπους

2104 1575 2523 1637 ἐπανελθόντων,
2549 1575 2740 1643 ἄγεται
2775 1574 2910 1646 πρὸς
2945 1574 3121 1646 γάμον
3148 1573 3334 1642 αὐτὴν,
3367 1574 3461 1626 καὶ
3502 1571 3678 1634 κτίζει

427 1661 795 1722 num-upatur,
844 1659 1067 1722 propter
1121 1667 1403 1706 sacrarum
1463 1652 1802 1719 litterarum,
1839 1670 2000 1726 quam

2106 1669 2277 1733 πόλιν,
2329 1667 2422 1722 καὶ
2453 1665 2806 1738 Ἐρμούπολιν
2849 1665 3183 1736 ἀναγορεύει·
3234 1665 3375 1718 οὕτω
3427 1664 3540 1734 γάρ
3573 1661 3677 1715 ὑπὸ

425 1742 635 1810 habuit,
667 1742 1193 1812 interpretationem.

495 1940 626 1996 Erat
649 1947 699 1997 et
734 1941 873 2011 apud
910 1939 1194 2011 IEthiopas
1231 1948 1455 2010 propter
1496 1938 1866 1995 admirabilem
1899 1952 2002 1993 sa-

427 2033 687 2104 pientiam
744 2033 799 2086 in
833 2048 1050 2087 summo
1090 2033 1316 2086 honore.
1353 2031 1518 2088 Usum
1571 2032 1715 2087 enim
1761 2031 1998 2099 navium,

423 2125 706 2179 machinas
741 2123 806 2176 ad
855 2123 1060 2194 lapides
1105 2125 1458 2183 excidendos.
1491 2131 1795 2178 armaturas
1818 2122 2000 2195 JEgy-

423 2219 586 2289 ptias,
612 2218 972 2271 instrumenta
1002 2215 1068 2269 ad
1093 2215 1422 2270 hauriendus
1454 2230 1645 2283 aquas,
1684 2229 1746 2268 ac
1785 2215 1996 2279 bellica,

420 2311 631 2382 primus
663 2310 903 2363 omnium
940 2309 1048 2363 illis
1084 2308 1430 2378 excogitavit.
1469 2307 1642 2361 Etiam
1687 2308 1996 2363 universam

419 2402 712 2474 Egyptum
740 2403 793 2455 in
834 2402 1054 2470 triginta
1084 2400 1438 2470 praefecturas
1458 2398 1660 2459 divisit,
1683 2398 1746 2451 ad
1772 2414 1994 2468 regnum

418 2494 759 2564 Chenaphrae
785 2492 1187 2556 stabiliendum,
1216 2506 1337 2545 cum
1367 2491 1570 2561 absque
1585 2490 1774 2544 ordine
1800 2503 1828 2542 a
1858 2485 1998 2557 regi-

418 2583 522 2638 bus
548 2589 865 2653 regerentm'
889 2596 986 2652 pro
1001 2578 1166 2632 animi
1191 2579 1416 2637 libidine
1446 2595 1620 2650 regem
1641 2579 1987 2647 appellantes,

415 2684 469 2730 et
488 2677 612 2729 item
638 2674 984 2744 repudiantes
996 2685 1156 2742 quem
1175 2667 1348 2738 magis
1364 2665 1582 2722 vellent.
1595 2664 1819 2735 Propter
1831 2669 1948 2726 haec
1964 2685 1996 2724 α

419 2762 798 2818 sacerdotibus
831 2768 887 2815 ut
920 2761 1059 2815 deus
1093 2760 1509 2822 observabatur,
1553 2759 1621 2814 ab
1645 2757 1994 2830 Ethiopibus

416 2861 478 2909 ut
511 2870 602 2910 rex
625 2870 638 2905 :
660 2854 859 2908 etenim
883 2861 937 2907 et
963 2851 1431 2905 circumcisionem
1458 2851 1529 2904 ab
1546 2866 1610 2905 eo
1633 2861 1910 2920 acceptam
1926 2851 1993 2905 ad

414 2945 561 3000 hunc
595 2945 738 3000 diem
777 2951 1123 2998 conservant.
1146 2942 1360 2997 Primus
1391 2957 1624 3012 namque
1655 2951 1713 2996 ut
1744 2943 1991 2998 historiis

415 3034 642 3090 tradidit
674 3033 1021 3104 Eupolemus,
1055 3033 1273 3102 sapiens
1316 3032 1436 3098 fuit,
1463 3040 1516 3088 et
1549 3035 1754 3103 primus
1784 3035 1992 3089 litteras

413 3125 672 3182 Hebmos
710 3126 930 3188 erudiit,
957 3140 1078 3196 quae
1118 3125 1308 3180 beatus
1364 3124 1635 3178 Abraham
1670 3141 1699 3181 e
1727 3125 1994 3183 Chaldaeis

413 3219 704 3276 detulerat.
738 3217 941 3271 llarum
988 3216 1132 3270 enim
1177 3215 1336 3285 primi
1366 3216 1676 3272 inventores
1708 3216 1990 3286 Chaldaei;

413 3326 480 3367 ex
535 3310 594 3364 ιιι
616 3311 777 3366 braais
810 3308 1096 3365 thnices
1125 3307 1381 3372 habuere,
1416 3308 1762 3380 Cadmusque
1799 3311 1899 3367 has
1926 3311 1993 3366 ad

413 3403 632 3458 Gratcos
658 3402 956 3456 transtulit.
997 3400 1128 3456 Post
1156 3400 1419 3456 adversus
1461 3401 1744 3472 Ethiopas
1784 3403 1995 3460 exerci-

413 3499 529 3547 tum
574 3492 797 3546 ductum
832 3493 886 3545 in
935 3490 1229 3562 Egyptum
1273 3493 1512 3561 appellit,
1543 3500 1597 3548 et
1641 3493 1992 3563 Chenephras

413 3582 600 3638 verbis
652 3597 778 3638 eum
838 3582 1091 3636 laudibus
1121 3581 1298 3651 plenis
1342 3582 1565 3652 excipit,
1609 3598 1667 3638 re
1703 3592 1885 3639 tamen
1937 3585 1991 3638 in

411 3689 534 3728 eum
569 3683 796 3728 mortem
830 3673 1272 3740 machinabatur;
1300 3689 1424 3728 eum
1476 3676 1620 3729 enim
1681 3675 1992 3731 hominibus

410 3764 656 3832 ejusdem
685 3767 898 3835 generis
923 3765 1214 3835 spoliatum
1244 3766 1299 3820 in
1333 3764 1623 3835 Memphim
1668 3782 1854 3822 secum
1877 3768 1993 3822 du—

413 3859 509 3922 cit,
541 3859 969 3929 interrogatque,
1005 3857 1136 3927 quid
1177 3857 1429 3913 humanis
1469 3859 1662 3916 usibus
1690 3868 1837 3917 esset
1886 3875 1994 3917 ac-

412 3949 846 4014 commodatum;
904 3957 958 4004 et
1003 3950 1097 4004 ille
1149 3951 1474 4020 respondit:
1510 3950 1735 4005 Bovium
1793 3967 1986 4022 genus,

413 4042 518 4111 ipsi
545 4042 688 4096 enim
711 4050 911 4094 terram
951 4049 1106 4094 arant
1136 4051 1190 4096 et
1217 4043 1421 4098 colunt.
1448 4042 1614 4114 Igitur
1642 4044 1989 4114 Chenephres

412 4133 560 4188 tauri
627 4132 819 4200 Apidis
875 4131 1061 4186 fanum
1109 4140 1168 4187 ut
1205 4134 1606 4201 exaedificaret,
1652 4136 1988 4192 multitudini

410 4239 536 4278 cum
567 4225 897 4288 mandasset,
927 4224 1126 4296 Moysis
1155 4227 1375 4283 virtutis
1428 4235 1780 4282 monumenta
1811 4228 1989 4299 (erant

411 4321 591 4368 autem
644 4313 758 4366 haec
804 4329 910 4368 aere
948 4315 1181 4370 conﬂata
1231 4318 1380 4372 ibum
1410 4318 1900 4387 excogitationem,
1933 4327 1988 4374 et

2102 1761 2209 1813 τῶν
2259 1760 2568 1828 Αἰγυπτίων
2611 1760 2639 1812 6
2675 1759 2913 1829 Μωῦσῆς
2941 1755 3426 1829 προσαγορεύεται,
3463 1756 3553 1808 διὰ
3578 1754 3674 1825 τὴν

2104 1851 2169 1924 [Ι.
2199 1851 2282 1923 τὸ]
2310 1851 2416 1905 τῶν
2452 1850 2610 1920 ἰερῶν
2629 1850 2970 1921 γραμμάτων
3009 1849 3297 1921 ἑρμηνείαν
3325 1847 3674 1919 ποιήσασθαι.

2185 1945 2437 2014 Ἐτιμᾶτο
2465 1943 2520 1996 δὲ
2545 1945 2636 1997 καὶ
2665 1941 2814 2012 παρά
2847 1944 2958 2005 τοῖς
2975 1939 3216 2010 Αἰθίοψιν
3247 1939 3308 1993 οὑ
3347 1939 3558 2010 μικρῶς
3591 1937 3679 1992 διὰ

2099 2035 2198 2105 τὴν
2221 2033 2410 2103 σοφίαν
2438 2033 2534 2104 τὴν
2562 2033 2907 2101 ἀξιάγαστον.
2941 2031 3148 2084 Πλοίων
3190 2029 3298 2101 γὰρ
3324 2031 3422 2100 τὴν
3451 2029 3675 2100 χρῆσιν,

2101 2125 2192 2177 καὶ
2224 2123 2468 2196 μηχανὰς
2492 2125 2629 2196 πρὸς
2649 2122 2967 2184 λιθοθεσίαν,
2990 2121 3084 2174 καὶ
3111 2121 3247 2174 ὅπλα
3268 2120 3560 2188 Αἰγύπτια,
3584 2119 3678 2172 καὶ

2099 2217 2307 2289 ὄργανα
2352 2216 2640 2288 ὑδρευτικά
2692 2217 2786 2268 καὶ
2815 2214 3044 2283 πολέμια
3086 2212 3299 2283 πρῶτος
3337 2213 3523 2274 αὐτοῖς
3583 2212 3679 2263 ἐπ-

2098 2306 2466 2376 ενόησεν.Ἕτι
2489 2305 2544 2358 δὲ
2563 2305 2654 2359 καὶ
2672 2303 2767 2375 τὴν
2789 2303 3062 2372 Αἴγυπτον
3087 2304 3262 2356 πᾶσαν
3284 2305 3363 2365 εἰς
3382 2302 3678 2373 τριάκοντα

2096 2394 2258 2448 διεῖλε
2305 2395 2522 2463 νομοὺς,
2568 2393 2702 2466 πρὸς
2751 2392 2810 2446 τὸ
2855 2392 2931 2463 τῷ
2959 2393 3204 2462 Χενεφρῇ
3256 2391 3355 2462 τὴν
3398 2390 3678 2460 βασιλείαν

2103 2486 2411 2557 βεϐαιῶσαιο
2447 2486 2634 2556 ἐπειδὴ
2673 2487 2922 2549 ἀτάκτως
2958 2483 3327 2538 ἐϐασιλεύοντο
3363 2482 3676 2551 Αἰγύπτιοι,

2096 2580 2286 2651 γνώμῃ
2343 2580 2708 2650 προσάγοντες
2748 2578 2841 2632 καὶ
2879 2575 3264 2648 καθαιροῦντες
3299 2574 3357 2628 ὃν
3410 2575 3477 2628 ἂν
3509 2573 3678 2646 προῄσ-

2098 2688 2278 2744 ρηντο.
2315 2672 2393 2724 Δι’
2424 2669 2460 2723 ἃ
2484 2668 2612 2738 γοῦν
2647 2667 2754 2722 ὑπὸ
2784 2669 2880 2740 μὲν
2908 2667 3014 2720 τῶν
3056 2666 3244 2739 ἱερέων
3273 2665 3348 2730 ὡς
3393 2665 3517 2729 (ἐὺς
3564 2668 3675 2718 ἐτι-

2099 2763 2258 2832 μᾶτο,
2290 2761 2393 2814 ὑπὸ
2414 2760 2469 2814 δὲ
2492 2760 2600 2813 τῶν
2626 2760 2895 2813 Αἰθιόπων
2919 2759 2994 2822 ὡς
3023 2751 3288 2828 βασιλεύς·
3321 2757 3416 2810 καί
3441 2757 3551 2828 γὰρ
3585 2759 3678 2811 καὶ

2095 2857 2194 2928 τὴν
2225 2855 2522 2928 περιτομὴν
2550 2857 2676 2926 παρ’
2711 2854 2872 2908 αὐτοῦ
2909 2855 3168 2926 μαθόντες
3203 2855 3329 2925 ἀχρι
3377 2852 3475 2906 τοῦ
3519 2851 3678 2923 δεῦρο

2096 2948 2470 3016 φυλάττουσιν.
2491 2947 2710 3018 Πρῶτος
2737 2946 2844 3018 γὰρ
2869 2941 3022 3010 οὗτος
3055 2945 3215 3015 σοφὸς
3242 2945 3558 3014 γεγένηται,
3602 2943 3679 3008 ὡς

2021 3063 2060 3119 C
2099 3038 2300 3109 ἱστορεῖ
2319 3039 2346 3090 6
2367 3037 2699 3106 Εὐπόλεμος,
2725 3037 2818 3090 καὶ
2832 3036 3131 3105 γράμματα
3152 3034 3366 3106 πρῶτος
3400 3030 3677 3102 Ἑϐραίοις

2102 3130 2500 3201 παραδέδωκεν,
2542 3129 2683 3199 ἅπερ
2718 3130 2746 3182 6
2795 3127 3059 3199 μακάριος
3124 3124 3371 3197 Ἀϐραὰμ
3414 3125 3531 3178 ἀπὸ
3569 3124 3676 3178 τῶν

2099 3219 2375 3273 Χαλδαίων
2406 3219 2648 3288 ἐκόμισε·
2681 3216 2884 3287 πρῶτοι
2940 3215 3050 3288 γάρ
3098 3213 3315 3286 εὑρεταὶ
3366 3213 3577 3268 τούτων
3626 3215 3674 3267 οἰ

2098 3311 2350 3364 Χαλδαῖοι
2384 3309 2723 3379 γεγένηνται⁶
2775 3307 2925 3378 παρά
2953 3308 3010 3362 δὲ
3043 3307 3150 3361 τῶν
3183 3305 3458 3379 Ἐϐραίων
3487 3304 3674 3359 ἔλαϐον

2097 3402 2364 3466 Φοίνικες·
2426 3401 2519 3454 καί⁵
2571 3401 2790 3471 Κάδμος
2830 3399 2999 3454 ταῦτα
3059 3400 3365 3470 μετήγαγεν
3422 3398 3506 3461 εἰς
3550 3398 3674 3459 τοὺς

2100 3491 2383 3561 Ἕλληνας.
2402 3489 2556 3545 Μετὰ
2575 3489 2630 3542 δὲ
2650 3490 2749 3560 τὴν
2769 3488 2909 3542 κατὰ
2926 3489 3032 3541 τῶν
3048 3487 3316 3541 Αἰθιόπων
3337 3486 3675 3559 στρατηγίαν

2096 3582 2402 3650 ἀφικνεῖται
2433 3581 2512 3644 εἰς
2544 3579 2834 3648 Αἴγυπτον·
2868 3579 2961 3631 καὶ
2982 3579 3010 3630 6
3041 3577 3324 3648 Χενεφρῆς
3357 3576 3540 3644 λόγοις
3576 3575 3674 3646 μὲν

2097 3675 2361 3744 εὐφήμοις
2392 3669 2656 3736 ἐδεξιοῦτο
2680 3669 2858 3734 αὐτὸν,
2878 3668 3058 3741 ἔργοις
3081 3667 3135 3720 δὲ
3159 3667 3248 3721 τὸν
3271 3667 3502 3721 θάνατον
3532 3667 3674 3723 κατὰ

2096 3766 2260 3820 αὐτοῦ
2285 3767 2500 3837 ἤρτυεν·
2527 3751 2858 3835 ἐρημονγάρ
2881 3761 2988 3814 τῶν
3014 3760 3297 3830 ὁμοφύλων
3323 3765 3674 3833 καταστήσας

2094 3855 2277 3919 αὑτὸν,
2334 3855 2415 3917 εἰς
2455 3854 2678 3925 Μέμφιν
2733 3853 2849 3923 μετ’
2922 3849 3086 3903 αὐτοῦ
3145 3851 3528 3922 παραγίνεται·
3581 3851 3674 3904 καὶ

2094 3948 2273 4019 ἐρωτᾷ
2305 3944 2486 4010 αὐτὸν,
2516 3945 2566 3998 τί
2604 3946 2715 4008 τοῖς
2753 3941 3056 4016 ἀνθρώποις
3086 3943 3319 4014 ὑπάρχει
3346 3941 3671 4014 εὓχρηστον.

2104 4040 2164 4093 '0
2194 4039 2250 4092 δὲ
2276 4039 2400 4107 ἔφη’
2437 4037 2556 4091 Τῶν
2587 4036 2725 4107 βοῶν
2757 4037 2819 4090 τὸ
2849 4037 3023 4105 γένος,
3051 4034 3138 4089 διά
3161 4035 3221 4088 τὺ
3261 4033 3543 4106 ἀρώσιμον
3574 4036 3674 4106 τὴν

2094 4131 2198 4201 γῆν
2224 4131 2313 4184 ὑπ’
2331 4129 2506 4182 αὐτῶν
2532 4127 2909 4183 καθίστασθαι.
2927 4111 3209 4191 ’Κελεύσας
3228 4123 3320 4180 οὖν
3353 4130 3466 4189 τοῖς
3494 4127 3674 4198 ὄχλοις

2092 4221 2122 4274 6
2159 4221 2441 4292 Χενεφρῆς
2472 4219 2671 4291 ταύρου
2713 4219 2933 4282 ’Ἄπιδος
2975 4217 3140 4290 σηκὸν
3177 4216 3564 4286 τεκτήνασθαι,
3605 4216 3674 4272 τὰ

2092 4312 2186 4367 τοῦ
2213 4312 2490 4375 Μωῡσέως
2518 4311 2618 4381 τῆς
2647 4311 2847 4384 ἀρετῆς
2897 4309 3263 4380 ὑπομνήματα
3289 4303 3378 4380 (ἦν
3407 4307 3468 4360 δέ
3498 4308 3674 4361 ταῦτα

407 4404 693 4460 historiam
713 4421 890 4460 rerum
908 4405 1119 4462 fortiter
1135 4409 1396 4463 adversus
1409 4407 1696 4478 Ethiopas
1711 4419 1860 4480 gesta
1869 4427 1985 4465 rum

2099 4399 2157 4453 ὲκ
2182 4399 2383 4470 χαλκοῦ
2417 4399 2782 4470 πεποιημένα,
2808 4396 2916 4450 τῶν
2952 4395 3110 4446 ἴϐεων
3152 4393 3248 4464 τήν
3275 4393 3522 4446 ἐπίνοιαν
3545 4433 3559 4456 ,
3592 4392 3688 4445 καὶ

409 4496 710 4567 narrantia)
744 4499 848 4552 sub
907 4499 1214 4566 pavimento
1254 4500 1440 4569 templi
1499 4500 1730 4564 abdidit,
1762 4511 1817 4554 ut
1867 4502 1987 4572 ejus

407 4604 498 4645 res
527 4597 710 4659 gestae,
746 4589 1018 4644 oblivione
1047 4589 1472 4644 obscurarentur
1498 4607 1514 4657 ;
1555 4597 1607 4645 et
1637 4588 1988 4646 Hebraeorum

408 4678 838 4742 multitudinem,
869 4694 990 4748 quae
1019 4695 1142 4733 eum
1175 4680 1446 4746 tuebatur,
1487 4680 1542 4733 in
1585 4680 1724 4736 duas
1755 4682 1990 4751 provin—

407 4772 523 4826 cias
568 4771 804 4842 partitus
835 4779 959 4826 est:
993 4772 1184 4841 partim
1217 4769 1362 4824 enim
1394 4769 1449 4824 in
1478 4769 1772 4840 A‘Jthiopia:
1809 4781 1989 4826 custo-

406 4863 552 4918 diam
580 4865 759 4927 misit,
794 4865 990 4933 partim
1043 4863 1097 4917 in
1128 4862 1284 4918 Jovis
1336 4863 1472 4918 urbe
1531 4862 1598 4916 ad
1655 4871 1986 4919 structuram

409 4954 618 5024 templi,
665 4955 834 5024 quod,
881 4961 1067 5008 monte
1087 4953 1268 5008 vicino
1299 4953 1354 5008 in
1388 4953 1592 5024 lapides
1624 4955 1832 5020 exciso,
1871 4961 1990 5009 erat

406 5045 822 5104 exstruendum.
867 5046 996 5099 olim
1053 5043 1196 5098 enim
1240 5061 1306 5100 ex
1340 5049 1512 5100 coctis
1543 5047 1822 5102 laterculis
1871 5054 1990 5101 erat

407 5147 780 5209 compactum;
817 5139 944 5193 item
976 5154 1099 5192 eum
1137 5138 1407 5209 Egyptiis
1458 5139 1719 5193 nudatum
1771 5140 1986 5203 amicis,

406 5229 715 5285 interficere
745 5231 1340 5302 jubebatjurejurando
1365 5231 1521 5286 Iidem
1557 5231 1889 5302 astringens,
1921 5246 1990 5286 ne

408 5321 485 5377 illi
513 5322 740 5379 insidias
775 5324 874 5379 has
919 5323 1086 5395 Moysi
1129 5324 1450 5379 revelarent.
1495 5321 1759 5378 Omnibus
1806 5323 1990 5392 itaque

408 5410 700 5464 consilium
761 5412 864 5467 hoc
922 5413 1305 5468 recusantibus
1334 5412 1719 5469 Chanenothes
1764 5414 1985 5482 quidam

412 5501 698 5554 sententia:
728 5503 887 5572 regiae
908 5518 1129 5572 operam
1152 5501 1403 5556 daturum
1429 5518 1487 5556 se
1513 5504 1786 5572 promisit,
1820 5503 1988 5558 (ἰυὶο-

410 5603 520 5655 que
568 5589 740 5661 Moysi
783 5601 1014 5648 mortem
1070 5593 1381 5661 illaturum;
1433 5603 1564 5649 tunc
1623 5596 1886 5665 temporis
1932 5604 1987 5651 et

411 5675 596 5736 Meroe
632 5681 736 5751 (sic
777 5683 922 5739 enim
956 5683 1310 5772 Thermuthis
1337 5686 1655 5758 vocabatur)
1702 5687 1982 5756 defuncta,

2094 4496 2192 4568 τὴν
2227 4493 2467 4566 ἱστορίαν
2497 4494 2594 4564 τῆς
2617 4493 2738 4546 κατ’
2771 4489 3042 4544 Αἰθιόπων
3083 4486 3448 4560 ἀνδραγαθίας
3478 4487 3688 4559 κηρύτ-

2094 4585 2274 4654 τοντα)
2320 4582 2424 4637 ὑπὸ
2471 4583 2531 4635 τὸ
2572 4583 2766 4651 ἔδαφος
2803 4579 3066 4652 ἐνέκρυψε
3118 4579 3212 4632 τοῦ
3267 4576 3396 4632 ναοῦ
3446 4578 3589 4648 πρὸς
3628 4577 3690 4630 τὸ

2094 4677 2232 4750 λήθῃ
2271 4675 2605 4749 παραδοῦναι
2639 4674 2708 4729 τά
2755 4674 2943 4728 τούτου
2979 4673 3249 4745 δράματα.
3287 4670 3391 4723 Τὸν
3423 4670 3482 4724 δὲ
3524 4671 3685 4742 ὄχλον

2093 4770 2202 4824 τῶν
2239 4769 2505 4840 Ἐϐραίων
2535 4767 2624 4820 τὸν
2670 4766 3000 4839 περιέποντα
3041 4767 3224 4831 αὑτὸν,
3269 4768 3347 4830 εἰς
3398 4765 3495 4819 δύο
3544 4766 3684 4838 ἔργα

2094 4863 2328 4933 διένειμε
2350 4877 2363 4891 ·
2415 4860 2545 4924 τοὺς
2578 4860 2677 4929 μὲν
2722 4861 2830 4930 γὰρ
2873 4861 2952 4923 είς
2991 4859 3237 4929 φυλακὴν
3267 4857 3370 4928 τῆς
3391 4857 3682 4920 Αἰθιοπίας

2093 4954 2388 5025 ἐξέπεμψε,
2407 4956 2533 5017 τοὺς
2555 4953 2611 5006 δὲ
2635 4953 2724 5006 τὸν
2744 4955 2813 5021 ,ἐν
2837 4953 2960 5016 Διὸς
2979 4953 3132 5006 πόλει
3162 4949 3288 5004 ναὸν
3310 4951 3375 5003 ὲκ
3399 4949 3555 5003 λίθου
3579 4968 3679 5003 κα-

2090 5048 2446 5111 τασκευάσαι,
2467 5046 2674 5116 λατομή
2683 5062 2880 5108 σαντας
2899 5045 2960 5096 τὸ
2982 5043 3203 5114 πλησίον
3221 5043 3366 5114 ὄρος,
3387 5041 3678 5112 ἐπέτρεψε·

2090 5129 2254 5184 πάλαι
2270 5129 2376 5198 γὰρ
2392 5127 2451 5193 ἐξ
2463 5129 2633 5199 ὀπτῆς
2650 5125 2866 5181 πλίνθου
2883 5127 2910 5179 ὁ
2923 5125 3046 5188 ναὸς
3065 5125 3489 5179 κατεσκεύαστοο
3509 5127 3668 5177 Ἀπο-

2091 5221 2327 5286 ξενώσας
2341 5221 2397 5273 δὲ
2413 5220 2622 5273 καὶτῶν
2639 5219 2946 5288 Αἰγυπτίων
2959 5217 3137 5280 αὑτὸν,
3156 5217 3363 5269 ἀνελεῖν
3379 5218 3666 5279 αῦτὺντοῖς

2091 5313 2267 5382 φίλοις
2291 5312 2454 5368 αὑτοῦ
2482 5311 2800 5376 ἐνετέλλετο,
2822 5313 3026 5374 πάντας
3038 5311 3388 5383 ὁρκωμοτῶν,
3412 5309 3487 5382 μή
3513 5311 3664 5382 ποιῆ-

2091 5422 2180 5458 σαι
2201 5406 2349 5476 αὐτῷ
2369 5407 2466 5475 τὴν
2490 5404 2784 5458 κατάύτοῦ
2797 5422 2859 5457 τυ
2869 5405 3162 5477 ρευομένην
3180 5402 3500 5473 κατάδηλον.
3517 5404 3663 5456 Πάνο

2087 5517 2196 5565 των
2224 5496 2317 5552 οῦν
2347 5498 2442 5569 τὴν
2458 5498 2651 5568 βουλὴν
2677 5498 2877 5567 ταύτην
2899 5496 3305 5567 ἀπειπαμένων,
3337 5493 3664 5566 Χανενώθης

2085 5610 2171 5656 τις
2197 5589 2588 5660 διακονῆσαιτῇ
2610 5587 2801 5662 γνώμῃ
2827 5589 2920 5642 τοῦ
2939 5589 3199 5658 βασιλέως
3224 5587 3505 5650 κατέθετο,
3522 5585 3662 5639 δολο-

2089 5682 2319 5756 φονῆσαι
2340 5683 2430 5736 τὸν
2451 5682 2685 5736 Μωῦσέα
2709 5681 3184 5752 ἐπαγγειλάμενος.
3203 5679 3336 5733 Τότε
3364 5679 3431 5752 δὴ
3456 5679 3552 5733 καὶ
3569 5678 3666 5751 τῆς
