3840 6164
174 308 286 367 735

1095 306 1368 365 SPURIA.
1415 339 1482 353 —
1515 308 1876 367 COMMENT.
1915 309 1984 366 IN
2024 310 2520 369 IIEXAEMEBON.

3319 309 3423 366 786

165 429 426 500 Μεῤῥόης
455 426 618 498 (οὕτω
628 427 780 500 γὰρή
796 427 1099 500 Θέρμουθις
1124 429 1390 502 ἐκαλεῖτο)
1432 431 1755 504 τελευτησά-

1868 437 2047 505 ingens
2111 435 2354 490 oblatum
2428 447 2487 488 se
2547 438 2767 487 nactum
2831 429 3043 486 Pharao
3103 431 3425 488 existimans

167 524 525 596 σης,ἐρμαιον
536 526 564 578 6
582 524 781 594 Φαραὼ
791 524 881 577 τὸν
894 525 1083 596 καιρὸν
1099 527 1462 596 ἡγησάμενος,
1481 527 1746 598 προστάτο

163 633 249 672 τει
282 619 489 687 Μωῦσῇ
511 617 602 670 καὶ
645 615 936 690 Χανενὼθῃ
960 619 1038 681 εἰς
1053 621 1178 682 τσὺς
1201 620 1341 690 ὑπὲρ
1367 617 1641 687 Αἰγύπτου
1661 620 1745 674 τό-

165 727 307 776 πους
325 709 586 780 κηδεῦσαι
607 710 795 782 αὑτήν.
815 710 1066 779 ’Λφικνου
1073 711 1246 781 μένων
1261 711 1317 764 δέ
1333 710 1527 775 αὐτῶν,
1549 706 1630 775 εἷς
1660 729 1744 775 τις

168 801 282 855 τῶν
305 801 618 854 συνειδότων
647 799 744 872 τὴν
774 799 998 872 γνώμην
1031 802 1124 856 τοῦ
1156 801 1351 874 Φαραὼ
1369 803 1747 858 ἀνακοινοῦται

163 891 247 962 τῷ
279 893 505 962 Μωῦσῇ·
537 891 630 944 καὶ
661 891 902 961 φυλάξας
928 893 1118 946 ἑαυτὸν
1149 893 1411 948 πάντοθεν
1439 897 1467 948 6
1486 896 1747 966 Μωῦσῆς,

165 983 270 1054 τὴν
304 982 556 1054 Μερρόην
584 982 771 1052 ἔθαψε,
803 984 899 1036 καὶ
919 983 1011 1036 τὸν
1035 984 1197 1037 τόπον
1253 985 1348 1038 καὶ
1375 984 1466 1038 τὸν
1507 987 1749 1057 ποταμὸν

164 1071 425 1143 Μερρόην
460 1071 518 1139 ἐξ
545 1072 716 1143 αὐτῆς
738 1071 1196 1143 προσηγόρευσεν.
1235 1073 1406 1138 Αὐτὸς
1448 1074 1507 1128 δὲ
1547 1077 1612 1128 ἐκ
1653 1075 1752 1147 μὲν

164 1164 448 1234 Μέμφεως
487 1165 578 1218 τὸν
622 1165 811 1218 Νεῖλον
862 1163 1319 1236 διαπορθμεύσας,
1345 1167 1464 1220 καθ’
1498 1167 1753 1223 ὑπόθεσιν

177 1255 392 1328 Ἀαρὼν
416 1257 511 1310 τοῦ
530 1257 757 1326 ἀδελφοῦ
788 1256 974 1318 αὐτοῦ.
1006 1260 1085 1321 εἰς
1104 1256 1202 1329 τὴν
1234 1258 1487 1329 Ἀραϐίαν
1515 1259 1754 1328 ἀπέφευ-

164 1363 264 1416 γεν
290 1366 303 1378 ·
331 1351 360 1402 6
392 1348 448 1401 δὲ
481 1347 805 1418 Χανενώθης
840 1349 1166 1420 πυθόμενος,
1185 1349 1476 1420 γυμνώσας
1498 1351 1558 1404 τὸ
1605 1352 1756 1420 ξίφος

164 1439 487 1504 ὑπαντιάξει
517 1439 682 1510 αὐτῷ·
725 1441 753 1493 6
806 1439 863 1492 δὲ
893 1442 1132 1513 Μωῡσῆς
1173 1444 1422 1512 κατεῖχεν
1451 1443 1614 1496 αὐτοῦ
1656 1443 1755 1514 τὴν

163 1535 350 1603 χεῖρα,
377 1533 472 1585 καὶ
497 1533 779 1595 ἐκσπάσας
797 1532 860 1585 τὸ
896 1531 1046 1602 ξίφος
1083 1533 1248 1587 αὐτοῦ
1284 1533 1385 1604 τῆς
1428 1534 1628 1606 χειρὸς,
1676 1534 1755 1605 τῷ

164 1625 355 1695 οἰκείῳ
404 1623 548 1693 ξίφει
592 1623 755 1678 αὐτὸν
807 1625 1188 1696 διεχειρίσατο,
1235 1627 1329 1680 καὶ¹
1358 1627 1440 1689 είς
1500 1626 1756 1699 Ἀραϐίαν

1850 533 2086 595 tempus,
2142 526 2313 597 Moysi
2361 532 2415 580 et
2457 523 2824 580 Chanenotha:
2869 524 3025 594 jubet
3077 529 3231 578 extra
3291 522 3425 578 ﬁnes

1849 615 2068 691 Egypti
2112 619 2232 674 ﬁliae
2278 620 2426 688 justa
2483 617 2682 673 facere.
2708 615 2827 683 Quo
2858 632 2981 672 cum
3029 615 3426 692 pervenissent,

1850 731 1995 770 unus
2048 729 2114 768 ex
2165 713 2402 768 consciis
2442 720 2678 767 mentem
2731 710 3030 766 Pharaonis
3080 709 3155 764 illi
3187 725 3427 764 commu-

1852 809 2018 862 nicat.
2045 805 2257 876 Moyses
2297 803 2400 860 sibi
2438 801 2801 871 undequaque
2831 815 3030 853 cavens
3069 797 3306 852 Mvroem
3343 809 3435 851 so-

1851 898 2035 968 peliit,
2070 903 2124 949 et
2160 893 2365 954 locum,
2405 900 2459 946 et
2497 888 2720 945 ﬂuvium
2761 887 2996 942 Meroem
3037 902 3100 940 ex
3143 901 3206 940 ea
3249 885 3431 940 nomi-

1854 990 2021 1044 navit.
2061 985 2293 1056 Ipseque
2331 999 2399 1038 ex
2437 981 2704 1051 Memphi,
2745 979 2866 1034 Nilo
2907 979 3167 1048 trajecto,
3208 979 3434 1034 nomine

1853 1079 2088 1135 Aaronis
2128 1077 2315 1133 fratris
2363 1075 2419 1130 in
2466 1074 2722 1127 Arabiam
2767 1071 2930 1142 fugit;
2973 1073 3118 1142 quod
3161 1071 3251 1125 ubi
3292 1085 3435 1139 prae»

1854 1171 2026 1229 sensit
2045 1167 2449 1232 Chanenothes,
2475 1165 2666 1221 stricto
2693 1164 2872 1236 gladio
2896 1163 3156 1218 adversus
3184 1162 3430 1232 impetit:

1856 1276 2044 1314 verum
2115 1260 2328 1330 Moyses
2375 1260 2711 1329 deprehensa
2760 1274 2947 1322 manu,
2986 1271 3224 1326 enseque
3279 1255 3426 1310 illius

1855 1361 2092 1419 arrepto,
2126 1351 2358 1419 ejusmet
2381 1350 2526 1405 illius
2546 1349 2730 1420 gladio
2759 1349 2991 1418 jugulat,
3009 1355 3062 1402 et
3092 1349 3144 1400 in
3169 1345 3424 1399 Arabiam

1853 1443 1922 1497 ad
1957 1441 2247 1512 Raguelem
2288 1442 2525 1512 regionis
2570 1440 2870 1511 principem
2925 1440 3122 1508 migrat
3173 1438 3238 1496 ¹⁰,
3267 1442 3320 1490 et
3359 1450 3426 1490 ex

1854 1534 1974 1602 ejus
2019 1534 2126 1587 ﬁlia
2167 1531 2445 1603 Sepphora
2477 1533 2583 1589 sibi
2614 1533 2667 1586 in
2699 1531 3104 1586 matrimonium
3138 1527 3424 1592 collocata,

1855 1627 1992 1682 duos
2025 1628 2261 1696 suscepit
2282 1627 2442 1682 ﬁlios.

165 1716 309 1788 πρὸς
347 1717 673 1787 Ῥαγουῆλον
693 1717 784 1770 τὸν
809 1717 916 1770 τῶν
937 1718 1118 1772 τόπων
1142 1717 1378 1790 ἄρχοντα
1397 1721 1750 1791 παρεγένετο,
1801 1720 1894 1774 καὶ
1920 1718 2016 1791 τὴν
2041 1718 2310 1790 θυγατέρα
2339 1719 2501 1774 αὑτοῦ
2524 1716 2807 1790 Σεπφόραν
2834 1715 3116 1788 ἀγόμενος,
3143 1712 3202 1781 ἐξ
3257 1709 3427 1782 αὐτῆς

165 1803 263 1867 δῦο
293 1807 488 1872 παῖδας
517 1808 824 1880 ἐγέννησεν.

252 1901 312 1954 ⁵0
335 1901 393 1954 δὲ
417 1899 635 1972 Φαραὼ,
662 1903 841 1954 πᾶσαν
867 1900 966 1971 τὴν
989 1899 1430 1972 δραματουργίαν
1457 1898 1552 1954 τοῦ
1579 1901 1746 1954 Μωῦρ

1916 1900 2127 1956 Pharao
2162 1901 2253 1956 ubi
2295 1900 2494 1972 Moysis
2522 1899 2722 1955 factum
2754 1898 2942 1961 audiit,
2972 1896 3109 1951 iram
3135 1896 3188 1950 in
3218 1895 3433 1951 Iudaeo-

169 1989 312 2055 σέως
342 1991 664 2062 πυθόμενος,
692 1992 783 2045 τὸν
813 1991 980 2063 θυμὸν
1022 1993 1115 2046 ἐπὶ
1148 1994 1209 2046 τὸ
1241 1993 1440 2065 πλῆθος
1476 1993 1585 2049 τῶν
1626 1995 1756 2048 Ἰου-

167 2083 337 2138 δαίων
375 2083 516 2153 ἐχεε,
581 2085 676 2136 καὶ
725 2085 894 2155 ἄρδην
934 2084 1156 2148 τούτους
1197 2086 1536 2157 ἀναιρεῖσθαι
1581 2103 1753 2158 προσ-

172 2172 356 2237 έταξε·
391 2174 582 2243 μόνους
611 2173 720 2245 γὰρ
746 2177 942 2239 αὐτοὺς
968 2175 1116 2246 λινῆν
1145 2177 1344 2247 ἐσθῆτα
1375 2180 1559 2250 φορεῖν
1575 2177 1759 2231 κελεύ-

176 2279 278 2329 σας
308 2263 400 2319 διὰ
427 2266 487 2318 τὸ
523 2264 782 2338 εὔσημον,
829 2269 908 2331 είς
941 2268 1150 2338 σφαγὴν
1197 2270 1390 2333 αὐτοὺς
1441 2273 1552 2334 τοῖς
1594 2271 1760 2338 Δίγυ-

173 2356 356 2419 πτίοις
420 2356 729 2410 ἐκδίδωσιν·
767 2357 852 2426 ἐφ’
996 2358 1024 2409 6
1077 2358 1208 2422 Θεὸς
1250 2360 1478 2431 μεγίστῃ
1521 2361 1760 2432 τιμωρίᾳ

170 2446 369 2500 τοῦτον
412 2447 637 2500 ἐκόλασε
657 2464 670 2477 ·
708 2447 924 2519 πρῶτος
954 2449 1062 2519 γὰρ
1107 2451 1308 2512 παντὸς
1334 2450 1618 2524 ἀνθρώπου
1647 2451 1760 2504 ἐλε-

173 2537 480 2606 φαντιάσας
508 2540 535 2590 6
567 2537 785 2609 Φαραὼ,
829 2539 1042 2610 αἰσχρῷ
1072 2539 1164 2592 τὸν
1211 2539 1323 2610 βίον
1361 2541 1504 2595 τέλει
1536 2541 1763 2596 κατέλυ-

174 2645 291 2686 σεν.
341 2631 402 2682 '0
434 2630 489 2683 δὲ
541 2630 732 2683 τούτου
778 2630 876 2702 τὴν
915 2631 1084 2703 αὐτὴν
1128 2631 1301 2703 ἀρχὴν
1342 2633 1444 2703 τῆς
1489 2633 1762 2704 βασιλείας

171 2719 580 2790 διαδεξάμενος,
609 2721 744 2792 όμοῦ
774 2723 984 2793 καὶτῆς
1013 2725 1276 2796 πονηρίας
1304 2727 1467 2781 αὑτοῦ
1492 2724 1560 2798 ἦν
1590 2728 1763 2781 διάδο-

172 2827 266 2880 χος
284 2827 299 2841 ·
320 2813 433 2874 τοῖς
449 2811 555 2884 γὰρ
583 2812 765 2876 αὐτοῖς
795 2815 983 2876 κακοῖς
1011 2816 1137 2878 τοὺς
1169 2816 1452 2881 Ἰουδαίους
1475 2819 1760 2874 ὑπέϐαλλε.

247 2904 360 2956 Καὶ
393 2903 590 2975 θρήνου
631 2905 824 2960 πολλοῦ
851 2909 1196 2979 περιέχοντος
1222 2911 1438 2973 αὐτοὺς,
1478 2914 1506 2964 6
1536 2911 1666 2976 Θεὸς
1689 2908 1765 2966 οἷ-

175 3009 304 3045 κτον
351 2993 532 3046 λαϐὼν
579 2995 778 3060 αὐτῶν,
817 2997 910 3050 τὸν
956 2999 1194 3070 Μωῦσῆν
1221 2999 1525 3071 ἐξέπεμψεν
1549 3003 1630 3065 είς
1668 3002 1764 3074 τὴν

175 3083 474 3152 Αἴγυπτον,
506 3087 855 3156 προστάττων
876 3087 952 3160 τῷ
972 3091 1171 3162 Φαραὼ
1207 3092 1473 3147 ἀπολῦσαι
1501 3093 1608 3148 τῶν
1645 3096 1768 3150 ’1ου-

1855 2010 1977 2048 rum
2008 1993 2409 2049 multitudinem
2433 1992 2643 2055 eﬂudit,
2667 2005 2868 2060 eosque
2901 1987 3255 2042 internecioni
3288 1987 3429 2042 tradi

1855 2101 2082 2156 prorsus
2108 2085 2419 2150 mandavit;
2439 2091 2648 2137 tantum
2665 2081 2808 2137 enim
2838 2095 2931 2135 eos
2949 2080 3088 2132 lineo
3107 2079 3430 2133 vestimento

1857 2178 2009 2234 indui
2067 2178 2257 2247 jussit,
2301 2185 2360 2232 ut
2426 2176 2645 2231 facilius
2705 2177 3187 2242 cognoscerentur,
3241 2169 3432 2237 sicque

1857 2270 2186 2327 occidendos
2216 2267 2484 2339 Egyptiis
2511 2267 2706 2332 tradit;
2741 2279 2839 2334 pro
2869 2277 2978 2332 quo
2999 2261 3141 2315 Deus
3193 2259 3432 2312 maximo

1861 2360 2129 2430 supplicio
2158 2374 2282 2413 eum
2309 2357 2554 2427 punivit;
2577 2356 2818 2410 omnium
2841 2353 2985 2409 enim
3010 2350 3289 2405 hominum
3315 2347 3430 2417 pri-

1862 2469 1984 2508 mus
2011 2450 2245 2514 Pharao,
2294 2447 2683 2519 clephantiasi,
2741 2445 3044 2500 foedissimo
3103 2441 3228 2505 ﬁne,
3264 2439 3430 2493 vitam

1861 2545 2062 2599 amisit.
2089 2542 2261 2612 Hujus
2283 2541 2337 2595 in
2371 2539 2650 2595 dominatu
2680 2551 2986 2600 successor,
3015 2533 3172 2588 simul
3194 2539 3248 2586 et
3281 2530 3434 2586 illius

1861 2637 2118 2691 vitiorum
2173 2634 2493 2692 hmresl’uit.
2531 2631 2730 2687 Iisdem
2779 2628 2979 2700 quippe
3014 2625 3174 2682 malis
3214 2621 3433 2680 Judaeos

1863 2728 2210 2785 conﬁciebat.

1933 2907 2065 2964 lnde
2096 2907 2334 2962 maximo
2366 2905 2586 2975 planctu
2634 2900 3034 2972 interpellante,
3077 2895 3221 2951 Deus
3241 2907 3433 2951 eorum

1859 3000 2125 3054 misertus
2191 2996 2430 3068 Moysem
2453 2997 2505 3050 in
2536 2993 2829 3065 Egyptum
2889 2991 3037 3046 misit
3067 2988 3132 3054 “,
3162 2985 3436 3042 Pharaoni

1861 3089 2187 3162 praecipiens
2227 3087 2538 3143 Judmorum
2586 3085 2860 3140 nationem
2894 3083 3119 3138 liberam
3162 3078 3437 3135 dimittere

173 3180 342 3236 δαίων
399 3183 460 3236 τὸ
515 3182 666 3248 ἔθνος
709 3187 790 3249 είς
835 3187 936 3257 τὴν
994 3186 1228 3258 ἔρημον,
1286 3186 1427 3242 ὥστε
1475 3188 1764 3262 λατρεῦσαι
1798 3251 1832 3262 Α
1867 3181 1922 3234 in
1961 3181 2258 3245 desertum,
2284 3179 2444 3233 υῑίίιί
2473 3177 2795 3235 ἀθεετνίτθῐο

176 3271 350 3324 αὑτῶ.

263 3362 390 3416 Ἐπὶ
420 3363 552 3431 γοῦν
581 3367 648 3436 τῇ
677 3366 901 3440 τοιαύτῃ
927 3368 1079 3440 ῥήσει
1102 3367 1195 3421 τοῦ
1224 3369 1503 3434 Μωῦσέως
1529 3371 1768 3442 χαλεπή-

177 3471 278 3518 νας
317 3457 347 3508 ὁ
389 3455 609 3527 Φαραὼ.
642 3458 721 3520 είς
763 3459 985 3530 εἱρκτὴν
1050 3461 1390 3530 παραχρῆμα
1432 3460 1768 3532 ἐμϐληθῆναι

176 3547 343 3600 αὐτὸν
375 3548 673 3618 προσέταξε
695 3566 709 3579 ·
743 3552 838 3604 καὶ
869 3551 956 3604 διὰ
981 3552 1081 3621 τῆς
1116 3552 1306 3614 νυκτὸς
1337 3551 1544 3622 σεισμῷ
1571 3552 1767 3606 διεσεί-

182 3635 284 3707 σθη
311 3638 462 3690 πᾶσα
490 3639 522 3709 ὴ
555 3639 647 3709 γῆ,
679 3640 753 3704 ὼς
781 3640 932 3703 τινας
968 3640 1076 3694 τῶν
1106 3641 1361 3708 φυλάκων
1391 3644 1455 3694 ἐκ
1490 3641 1584 3709 τοῦ
1618 3642 1770 3705 δέους

179 3728 620 3802 ψυχορραγῆσαι,
662 3733 815 3795 τινὰς
855 3732 910 3786 δὲ
952 3733 1103 3804 ὕπνῳ
1141 3733 1296 3804 βαθεῖ
1341 3733 1656 3804 παρεθεῖναι
1702 3732 1770 3787 τά

187 3823 326 3892 μέλη
344 3839 357 3850 ·
384 3823 554 3884 αὐτὰς
578 3822 635 3875 δὲ
666 3823 767 3885 τὰς
809 3823 982 3888 πύλας
1014 3825 1111 3894 τῆς
1140 3826 1362 3897 είρκτῆς
1402 3825 1772 3898 ἀναπετασθῆ-

182 3927 289 3973 vat,
350 3911 445 3963 καὶ
486 3911 719 3977 ἐξελθεῖν
761 3912 851 3966 τὸν
904 3915 1182 3984 Μωῢσῆν,
1217 3917 1310 3968 καὶ
1364 3915 1769 3987 παραγενέσθαι

182 4001 384 4064 νυκτὸς
417 4004 497 4064 εἰς
533 4001 600 4056 τά
648 4002 893 4072 βασίλεια
914 4021 928 4034 ·
955 4005 1049 4057 καὶ
1083 4005 1192 4075 γὰρ
1221 4007 1475 4060 κάκείνου
1504 4009 1562 4060 αἱ
1607 4007 1769 4079 θύραι

181 4095 556 4166 κλονουμένης
574 4096 676 4166 τῆς
705 4097 807 4166 γῆς
827 4097 1144 4168 διέστησαν·
1175 4099 1269 4151 καὶ
1293 4098 1508 4152 πάντων
1538 4099 1648 4153 τῶν
1675 4116 1772 4152 σω·

189 4189 590 4261 ματοφυλάκων
648 4191 1045 4254 καθευδόντων,
1095 4192 1356 4265 διύπνησε
1413 4195 1505 4248 τὸν
1571 4193 1770 4266 Φαραὼ

187 4278 397 4346 λέγων·
417 4297 437 4330 ι
472 4278 532 4336 '0
546 4280 678 4344 Θεὸς
715 4280 1060 4346 ἐξαπέστειλέ
1085 4298 1150 4351 με
1193 4282 1459 4336 ἀπολῦσαι
1505 4284 1772 4354 προστάτ-

187 4385 299 4422 των
331 4385 414 4422 σοι
459 4369 550 4424 τὸν
580 4369 689 4422 τῶν
729 4370 994 4426 Ἰουδαίων
1021 4371 1168 4427 λαόν.
1193 4389 1213 4424 t
1249 4372 1373 4429 Ὀδὲ
1403 4374 1771 4442 καταπλαγεὶς

188 4461 382 4532 ἠρώτα
427 4464 524 4516 καὶ
570 4467 719 4528 ποῖος
761 4456 915 4527 οὗτός
961 4468 1101 4527 ἐστι,
1143 4465 1238 4520 καὶ
1266 4466 1320 4518 τί
1353 4465 1416 4518 τὸ
1464 4466 1632 4536 ὄνομα
1673 4465 1767 4519 τοῦ

185 4555 606 4618 ἀποστείλαντος
647 4557 807 4610 αὐτὸν
859 4555 1027 4611 Θεοῦ·
1081 4555 1110 4606 6
1168 4556 1224 4609 δὲ
1264 4557 1522 4628 Μωῦσῆς,
1569 4554 1772 4628 προκύ-

1939 3353 2055 3411 Hoc
2083 3353 2286 3426 Moysis
2321 3352 2525 3409 dictum
2553 3367 2695 3423 aegre
2721 3353 2902 3406 ferens
2931 3345 3143 3402 Pharao
3189 3358 3438 3414 compre-

1865 3447 2100 3504 hensum
2130 3447 2277 3502 illico
2302 3448 2356 3500 in
2380 3446 2684 3501 custodiam
2718 3442 2939 3510 tradidit
2960 3438 3364 3500 includendum,
3383 3441 3440 3492 et

1867 3557 1964 3613 per
1996 3549 2210 3596 noctem
2244 3550 2400 3594 terra:
2425 3539 2663 3593 motibus
2711 3535 3001 3590 universus
3051 3539 3319 3586 terrarum
3347 3546 3440 3584 ora

1869 3636 1954 3691 bis
1976 3641 2374 3703 conquassatus
2397 3641 2501 3692 est,
2533 3631 2606 3685 ita
2636 3638 2696 3683 ut
2726 3627 2880 3682 multi
2910 3641 2975 3683 ex
3003 3627 3318 3681 custodibus
3371 3625 3439 3680 ti-

1870 3742 2021 3780 more
2049 3725 2307 3795 perculsi,
2338 3724 2573 3778 animam
2605 3720 2867 3782 efﬁarint,
2895 3719 3050 3773 multi
3082 3718 3247 3772 etiam
3287 3715 3437 3788 gravi

1871 3833 2065 3874 somno
2094 3817 2354 3886 correpti,
2415 3811 2678 3869 membris
2728 3809 2928 3865 fuerint
2983 3809 3255 3874 dissoluti,
3308 3811 3438 3877 ipsa:

1871 3910 2136 3966 custodiae
2167 3908 2315 3962 fores
2340 3921 2496 3976 pares
2522 3910 2767 3974 patentes
2802 3908 3002 3970 apertae
3035 3901 3165 3961 sint,
3199 3897 3440 3968 Moyses-

1871 4019 1978 4072 que
2010 4008 2232 4071 ereptus
2256 3999 2324 4053 ad
2354 3997 2553 4067 regiam
2578 3996 2904 4066 pervenerit,
2932 3993 3090 4064 cujus
3114 4005 3282 4062 porue
3311 3990 3440 4044 dum

1871 4103 2016 4151 terra
2046 4091 2512 4156 contremisceret,
2547 4089 2734 4142 divisae
2763 4095 2920 4156 sunt;
2951 4097 3002 4142 et
3038 4086 3291 4142 omnibus
3344 4099 3444 4137 cu-

1873 4187 2123 4243 stodibus
2150 4183 2399 4256 corporis
2430 4198 2624 4238 somno
2651 4182 2939 4253 correptis,
2974 4179 3189 4251 Moyses
3235 4177 3442 4233 excita-

1871 4281 1951 4336 vit
1982 4279 2342 4342 Pharaonem,
2369 4277 2558 4333 dicens
2586 4297 2599 4331 :
2629 4296 2646 4328 ι
2677 4276 2816 4331 Deus
2840 4275 2987 4329 misit
3009 4289 3115 4338 tne,
3147 4279 3204 4325 ut
3227 4269 3445 4324 Judzeo-

1871 4387 1992 4426 rum
2029 4371 2286 4440 populum
2319 4371 2583 4431 dimittas,
2619 4369 2715 4423 tibi
2771 4366 3071 4430 mandans;
3116 4382 3134 4415 ι
3189 4362 3280 4416 ille
3322 4375 3446 4431 per-

1875 4463 2198 4518 terrefactus
2232 4462 2527 4531 quaerebat,
2561 4462 2684 4531 quis
2704 4459 2791 4514 hic
2821 4465 2985 4522 esset,
3011 4464 3062 4511 et
3082 4455 3227 4526 quod
3249 4468 3445 4508 nomen

1877 4553 1992 4620 Dei,
2024 4553 2116 4622 qui
2141 4553 2292 4606 illum
2319 4552 2560 4606 miserat.
2597 4551 2807 4622 Moyses
2850 4565 2908 4604 se
2940 4549 3006 4603 ad
3057 4562 3242 4602 aurem
3297 4545 3445 4600 illius

185 4646 296 4716 ψας
328 4647 410 4708 εἰς
441 4645 538 4716 τὴν
562 4647 731 4718 ἀκοὴν
770 4647 955 4713 αὑτοῦ,
990 4647 1084 4700 τοῦ
1146 4648 1282 4702 Θεοῦ
1316 4648 1377 4701 τὸ
1417 4647 1587 4718 ὄνομα
1624 4646 1762 4716 αὐτῷ

1879 4643 2199 4708 admovens,
2235 4657 2431 4697 nomen
2457 4640 2551 4696 Dei
2581 4641 2982 4707 manifestavit;
3014 4638 3248 4701 Pharao,
3307 4635 3445 4688 tanti

188 4741 520 4811 διεσάφησε·
551 4741 646 4794 καὶ
678 4741 752 4812 μὴ
773 4743 1117 4812 καρτερήσας
1149 4741 1248 4812 τὴν
1282 4741 1449 4813 ἀκοὴν
1481 4743 1510 4794 6
1547 4739 1766 4813 Φαραὼ,

188 4831 284 4884 ἐπὶ
314 4831 415 4902 τῆς
449 4831 554 4902 γῆς
591 4831 786 4886 ἔπεσεν
829 4833 1062 4902 ἄφωνος.
1089 4833 1198 4886 Καὶ
1261 4831 1572 4904 προσελθὼν
1621 4833 1772 4904 ἤγει-

193 4939 289 4996 ρον
326 4923 488 4978 αὐτὸν
537 4926 564 4978 ό
605 4923 866 4994 Μωῦσῆς,
918 4926 1012 4978 καὶ
1055 4926 1135 4988 είς
1182 4925 1364 4978 δέλτον
1394 4924 1454 4978 τὸ
1509 4925 1771 4992 πανάγιω

189 5013 364 5084 ῦνομα
413 5014 742 5086 ἐγχαράξας,
807 5016 1134 5084 ἐσφράγισε·
1198 5015 1292 5068 καί
1347 5032 1432 5078 τις
1489 5015 1597 5068 τῶν
1640 5017 1771 5085 παρ’

191 5107 511 5176 Αἰγυπτίοις
545 5109 755 5177 ἱερέων,
790 5108 1046 5176 φαυλίσαι
1076 5107 1232 5162 τοῦτο
1263 5108 1538 5179 τολμήσας
1563 5108 1625 5161 τὸ
1657 5107 1770 5161 ὅνο-

193 5217 294 5271 μα,
336 5202 622 5270 σπασμονῇ
657 5199 860 5264 εὐθέως
888 5200 983 5253 τὸν
1015 5200 1125 5269 βίον
1148 5200 1430 5254 κατέλυσε.

273 5289 420 5343 Ὀμδέ
445 5289 644 5359 Φαραὼ
673 5291 893 5362 ποιῆσαί
925 5289 978 5343 τι
1013 5295 1236 5362 σημεῖον
1267 5291 1359 5345 τὸν
1411 5291 1651 5362 Μωῦσῆν
1682 5293 1772 5344 ὲπ-

193 5380 417 5450 έτρεπε·
453 5383 546 5435 καὶ
573 5384 600 5436 6
627 5383 888 5453 Μωῦσῆς,
916 5383 981 5453 ἢν
1021 5385 1238 5454 κατεῖχε
1269 5382 1464 5454 ῥάϐδον
1496 5383 1653 5452 ἀφεὶς
1679 5383 1771 5435 ἐπὶ

193 5471 294 5541 τῆς
316 5471 439 5542 γῆς,
470 5474 551 5536 είς
582 5472 703 5541 ὄφιν
736 5472 905 5544 αὐτὴν
949 5472 1238 5542 μετέϐαλε·
1275 5473 1368 5526 καὶ
1409 5471 1570 5527 πάλιν
1604 5472 1772 5543 αὐτῆς

198 5562 498 5634 ἁψάμενος,
521 5566 601 5628 είς
627 5564 686 5618 τὸ
710 5566 936 5636 ἀρχαῖον
969 5564 1399 5636 ἀποκατέστησε.
1511 5569 1514 5572 ’

277 5745 320 5777 ⁸⁸
345 5742 520 5802 Exod.
557 5761 618 5801 ιι.
700 5744 741 5778 ¹¹
770 5743 943 5802 Exod.
991 5761 1072 5803 ιιι.
1151 5745 1192 5776 ¹¹
1220 5741 1394 5800 Exod.
1421 5760 1516 5802 vn.

1874 4737 2116 4791 nominis
2141 4733 2396 4789 audiendi
2429 4733 2624 4804 impar,
2665 4747 2796 4788 voce
2815 4732 3017 4786 amissa
3042 4732 3096 4784 in
3128 4740 3326 4784 terram
3351 4728 3446 4782 de-

1876 4830 2030 4891 cidit,
2056 4836 2110 4884 et
2156 4827 2424 4882 accedens
2480 4825 2715 4898 Moyses,
2741 4840 2866 4880 eum
2912 4823 3106 4884 erexit,
3143 4834 3448 4888 nomenque

1876 4919 2285 4977 sanctissimum
2347 4915 2550 4971 charta:
2590 4915 2910 4984 inscriptum
2967 4912 3143 4981 sigillo
3190 4909 3447 4978 obsigna-

1878 5014 1972 5077 vit,
2004 5021 2059 5067 et
2094 5027 2238 5066 unus
2267 5025 2330 5066 ex
2369 5010 2746 5064 sacerdotibus
2777 5005 3071 5078 Egyptiis,
3107 5018 3304 5058 nomen
3344 5002 3448 5056 hoc

1880 5105 2036 5175 parvi
2065 5103 2247 5160 facere
2275 5119 2464 5169 ausus,
2499 5102 2682 5159 statim
2709 5113 2931 5170 spasmo
2951 5097 3118 5152 vitam
3142 5093 3361 5164 abjecit.

1949 5286 2164 5340 Pharao
2190 5285 2404 5357 signum
2429 5299 2459 5338 a
2478 5281 2661 5354 Moyse
2689 5279 2966 5352 poscebat,
3000 5285 3054 5333 et
3099 5274 3310 5347 Moyses
3353 5273 3449 5328 ba-

1877 5379 2086 5443 culum,
2119 5394 2278 5450 quem
2309 5394 2422 5448 prze
2442 5377 2692 5432 manibus
2719 5374 2974 5438 habebat,
3005 5371 3056 5426 in
3083 5379 3281 5425 terram
3311 5380 3447 5423 con-

1873 5469 2103 5541 jectum,
2135 5472 2187 5525 in
2211 5479 2514 5541 serpentem
2548 5467 2900 5523 commutavit
2933 5465 2996 5532 “,
3048 5477 3210 5533 quem
3250 5461 3446 5516 iterum

1882 5577 2009 5618 cum
2042 5562 2332 5635 tetigisset,
2363 5560 2649 5632 pristinam
2682 5558 2760 5615 illi
2788 5557 3018 5615 formam
3049 5554 3307 5614 restituit.
