3866 6162
413 293 516 368 731

1279 305 1337 362 S.
1379 299 1824 358 EUSTATHIUS
1861 290 2351 352 ANTiOCliENUS
2386 287 2783 346 EPISCOPUS.

3543 282 3647 337 788

482 423 654 483 Porro
680 439 805 479 cum
863 437 1040 492 neque
1085 421 1192 477 hoc
1233 422 1448 477 cederet
1487 421 1554 475 ad
1587 419 1847 490 po’pulum
1896 415 2006 475 di-.

2151 410 2352 464 Ἰέούτου
2389 409 2446 462 δὲ
2503 407 2595 460 ἐπὶ
2635 404 2792 460 τοῦτο
2840 403 2914 476 μὴ
2957 399 3202 470 εἴξαντος
3242 399 3510 456 ἀπολῦσαι
3557 403 3650 453 τὸν

413 515 759 574 mittendum.
793 491 984 568 orante
1009 511 1194 582 Moyse
1206 509 1399 573 Deum,
1433 524 1662 580 magnus
1685 515 1842 562 terrae
1862 522 1979 561 mo-

2098 504 2224 567 ιαὺν,
2251 500 2548 572 εὐξαμένου
2575 497 2670 550 τοῦ
2704 495 2911 565 Μωῦσῆ
2960 494 3098 566 πρὸς
3120 493 3212 546 τὸν
3234 492 3388 554 Θεὸν,
3431 491 3650 561 σεισμὸς

417 614 506 661 tua
535 619 638 659 una
661 618 784 659 cum
810 601 1076 673 grandine
1105 600 1280 655 factus
1301 607 1386 654 est
1410 606 1466 653 ut
1483 598 1575 669 qui
1602 606 1757 652 terrae
1772 606 1979 651 motum

415 697 716 754 evitandoe
743 695 996 750 domibus
1019 708 1271 764 egressus
1301 693 1392 757 sit,
1429 707 1460 746 a
1495 692 1758 763 grandine
1787 689 1982 762 perde-

416 797 566 851 r-..-tur
590 808 606 856 ι
633 789 724 858 qui
756 802 949 841 rursus
967 784 1285 857 grandinem
1307 784 1651 848 declinando,
1700 783 1755 838 in
1789 782 1983 836 domos

416 881 723 953 aufugeret,
749 889 906 937 terra:
933 884 1081 933 motu
1116 885 1419 933 corrueret.

486 975 716 1041 Quando
739 981 918 1028 autem
956 986 1132 1042 neque
1153 972 1256 1026 hoc
1283 971 1423 1026 ﬂecti
1442 969 1638 1040 potuit,
1662 968 1853 1023 baculo
1877 965 1981 1021 Nili

418 1083 559 1136 aqua
582 1081 740 1131 caasa,
760 1073 926 1117 totam
947 1062 1058 1118 fere
1070 1063 1360 1134 Egyptum
1381 1062 1653 1116 inundans
1673 1060 1872 1113 ﬂuvius
1891 1074 1986 1129 pa~

416 1170 539 1214 rum
563 1154 739 1210 abfuit
764 1156 896 1226 quin
919 1153 1268 1217 immerserit,
1296 1153 1369 1206 ita
1397 1161 1456 1205 ut
1478 1153 1545 1205 ab
1566 1167 1630 1206 eo
1659 1161 1898 1219 tempore
1915 1149 1984 1204 ad

417 1247 519 1304 hoc
539 1263 712 1317 usque
745 1249 860 1317 ipse
892 1262 1022 1302 suos
1061 1246 1358 1300 descensus
1386 1245 1564 1298 iteret.
1598 1243 1785 1314 Itaque
1841 1242 1986 1296 Pha-

416 1355 512 1396 rao
565 1340 942 1396 sacerdotibus
975 1340 1247 1403 omnibus,
1297 1338 1390 1408 qui
1445 1337 1735 1408 Memphim
1780 1337 1985 1392 incole-

344 1456 346 1458 ν
417 1434 567 1500 bant,
610 1435 944 1498 convocatis,
969 1434 1024 1488 ni
1045 1433 1233 1488 eadem
1255 1448 1374 1502 quae
1400 1441 1454 1486 et
1479 1431 1691 1502 Moyses
1721 1431 1982 1484 miracula

417 1525 715 1588 efﬁcerent,
751 1532 980 1580 mortem
1014 1525 1140 1588 illis,
1177 1524 1512 1594 deorumque
1561 1522 1703 1578 fanis
1766 1523 1984 1577 ruinam

418 1620 656 1680 minatus
684 1625 788 1673 est.
825 1615 928 1683 Qui
951 1618 1287 1672 carminibus
1332 1616 1576 1686 magicis,
1615 1622 1676 1669 ut
1712 1615 1984 1677 solebant,

417 1708 684 1764 dracones
729 1717 786 1764 ut
819 1722 1097 1780 serperent
1138 1708 1402 1773 fecerunt,
1459 1707 1808 1777 ﬂuminisque
1840 1706 1988 1761 colo-

2081 596 2253 668 μέγας
2288 591 2424 666 μετὰ
2444 587 2684 661 χαλάζης
2709 583 3026 657 ἐνέσκηψεν,
3054 583 3130 646 ὡς
3164 582 3255 635 τὸν
3288 580 3556 650 φεύγοντα
3586 581 3650 634 ἐκ

2077 685 2186 742 τῶν
2216 683 2481 754 δωμάτων
2508 680 2599 732 τὸν
2631 676 2854 747 σεισμὸν
2883 674 2988 728 ὑπὸ
3021 673 3123 742 τῆς
3153 669 3394 743 χαλάζης
3420 668 3652 723 anan».

2080 779 2234 842 σθαι,
2270 777 2394 839 τοὺς
2417 776 2462 828 δ’
2492 769 2558 826 αὖ
2595 770 2755 824 πάλιν
2793 768 2891 839 τὴν
2929 765 3166 838 χάλαζαν
3199 763 3464 816 ἐκκλίνειν
3486 761 3654 815 σπεύο

2079 871 2271 932 δοντας
2299 867 2404 921 ὑπὸ
2435 864 2527 919 τοῦ
2564 861 2787 933 σεισμοῦ
2821 855 3301 926 καταφθείρεσθαι.

2161 963 2250 1025 Ὠς
2279 961 2336 1014 δὲ
2352 959 2447 1012 καὶ
2474 954 2739 1010 ἐπὶτοῦτο
2760 952 2971 1022 ἔμεινεν
2987 945 3358 1016 ἀδυσώπητος,

2080 1055 2142 1109 τὸ
2165 1051 2423 1107 Νειλώῖον
2451 1048 2596 1118 ὕδωρ
2628 1041 2883 1108 ἐπάταξε,
2913 1041 3008 1093 καὶ
3034 1039 3132 1107 τὴν
3169 1036 3440 1104 Αἴγυπτον
3475 1034 3656 1104 πλημο-

2086 1165 2157 1221 μυ
2167 1148 2334 1218 ρήσας
2349 1141 2650 1212 ὁποταμδς,
2684 1135 2880 1209 μικροῦ
2904 1135 3013 1187 δεῖν
3042 1133 3219 1185 πᾶσαν
3237 1128 3553 1191 ἐπέκλυσεν,
3578 1128 3656 1191 ὡς

2082 1219 2267 1294 ἐκτοτε
2297 1239 2424 1308 ἄχρι
2456 1234 2550 1288 τοῦ
2583 1232 2679 1288 νῦν
2707 1228 2974 1284 ποιεῖσθαι
3005 1225 3164 1280 αὑτὸν
3194 1223 3292 1294 τὴν
3333 1219 3651 1276 κατάϐασιν.

2096 1333 2153 1386 '0
2177 1330 2309 1400 γοῦν
2355 1326 2574 1398 Φαραὼ,
2613 1324 2739 1387 τοὺς
2767 1322 2906 1392 ὑπὲρ
2949 1319 3172 1389 Μέμφιν
3223 1318 3389 1386 ἱερεῖς
3419 1329 3658 1385 προσ-κάς

2083 1424 2401 1494 λεσάμενος,
2423 1417 2717 1489 ἠπείλησεν
2743 1413 2937 1476 αὐτούς
2955 1429 3014 1464 τε
3040 1410 3134 1464 καὶ
3165 1407 3373 1470 πάντας
3400 1407 3522 1468 τοὺς
3546 1403 3659 1457 τῶν

2085 1513 2314 1567 εἰδώλων
2345 1509 2663 1579 ἐξαφανίσαι
2700 1505 2918 1576 σηκοὺς,
2951 1503 3000 1555 εἰ
3033 1500 3106 1572 μὴ
3139 1498 3216 1570 τῷ
3244 1499 3449 1567 Μωῦσῇ
3483 1513 3664 1565 παρα-

2086 1604 2330 1676 πλησίως
2384 1599 2895 1673 τερατουργήσειαν.
2943 1595 3005 1648 Oi
3064 1593 3154 1655 δὲ,
3210 1593 3330 1654 ταῖς
3387 1587 3663 1650 εἰωθυίαις

2087 1697 2362 1768 γοητείαις
2395 1694 2749 1767 χρησάμενοι,
2780 1689 3080 1761 δράκοντας
3104 1684 3351 1755 ἐξέρπειν
3379 1680 3666 1750 ἐποίησαν,

417 1816 533 1856 rem
564 1808 863 1865 mutarunt,
896 1800 971 1854 ita
1008 1809 1067 1855 ut
1102 1801 1187 1856 his
1209 1801 1426 1856 inﬂatus
1450 1799 1685 1862 Pharao,
1732 1798 1987 1854 max-imis

2098 1786 2184 1840 καὶ
2215 1785 2305 1838 τὸν
2340 1782 2579 1854 ποταμὸν
2612 1781 2830 1852 δοκήσει
2859 1777 3230 1849 μετέχρωσαν,
3263 1773 3338 1836 ὼς
3365 1774 3429 1825 ἐκ
3467 1771 3665 1826 τούτου

419 1892 698 1962 suppliciis
725 1893 941 1949 Judaeos
965 1893 1227 1960 aﬂ‘ecerit;
1251 1901 1303 1948 et
1320 1892 1531 1964 Moyses
1557 1891 1752 1947 baculo
1774 1892 1987 1960 pulsata

417 1991 585 2046 terra,
618 1983 820 2036 alatum
858 1984 1059 2037 animal
1103 1983 1378 2054 produxit,
1419 1983 1563 2054 quod
1606 1982 1987 2054 ngyptiorum

417 2075 662 2130 insidens
691 2077 1012 2144 corporibus
1044 2077 1308 2147 operosis,
1339 2076 1690 2146 molestisque
1712 2074 1988 2129 ulceribus

417 2166 777 2237 defatigabat,
836 2168 910 2222 ita
954 2175 1014 2223 ut
1064 2167 1457 2226 medicamenta
1505 2168 1712 2231 nullam
1763 2171 1988 2237 possent

417 2257 612 2320 aﬂ‘crre
637 2260 944 2318 utilitatem.

487 2433 558 2489 Ut
589 2442 643 2490 et
673 2435 728 2489 in
762 2435 865 2489 hac
890 2435 1045 2507 plaga
1077 2434 1291 2491 Pharao
1323 2435 1613 2490 induratus
1648 2441 1732 2489 est
1766 2433 1830 2499 ¹³,
1862 2441 1988 2487 tan-

416 2521 539 2576 dem
589 2525 980 2594 primogenitos
1020 2526 1186 2580 totius
1240 2524 1462 2596 [Egypti
1518 2535 1690 2585 morte
1742 2525 1982 2579 delevit:

416 2631 586 2684 quare
611 2617 811 2687 ingenti
845 2618 990 2678 luctu
1016 2618 1252 2690 Egypto
1276 2627 1540 2688 occupata
1564 2634 1594 2673 e
1620 2626 1764 2672 terra
1797 2633 1988 2672 omnes

415 2700 628 2762 Pharao
649 2705 865 2764 Judaaos
889 2709 1092 2774 emisit,
1122 2711 1214 2780 qui
1246 2711 1470 2763 multam
1515 2710 1656 2763 viam
1690 2709 1984 2780 progressi,

419 2793 841 2868 ﬂuminibusque
881 2800 1093 2856 Arabiae
1119 2801 1384 2870 trajectis,
1424 2801 1585 2856 tertia
1613 2800 1700 2855 die
1751 2800 1807 2854 in
1839 2816 1989 2856 mare

418 2885 664 2945 Rubrum
704 2893 1052 2947 conveniunt.
1100 2890 1207 2947 Sed
1270 2891 1381 2947 Deo
1425 2909 1520 2946 cor
1569 2891 1874 2948 Pharaonis
1905 2892 1988 2946 in-

417 2977 667 3046 durante,
692 2997 887 3039 rursus
942 2983 1206 3054 Egyptii,
1269 2984 1667 3052 praeteritorum
1719 2985 1988 3039 malorum

419 3069 595 3136 obliti,
629 3088 752 3128 cum
785 3073 1068 3130 Pharaone
1091 3074 1362 3130 Israelitas
1411 3077 1882 3146 persequebantur
1921 3076 1985 3129 ".

2089 1877 2406 1948 τυφωθέντα
2448 1874 2540 1928 τὸν
2576 1871 2774 1944 Φαραὼ
2809 1869 3049 1942 τιμωρίᾳ
3085 1868 3316 1939 μεγίστῃ
3358 1865 3483 1927 τοὺς
3528 1864 3668 1915 Ἰου-

2087 1971 2270 2033 δαίους
2308 1967 2617 2022 ὑποϐαλεῖν.
2657 1963 2767 2018 Καὶ
2811 1964 2839 2014 6
2867 1960 3128 2029 Μωῦσῆς,
3154 1961 3219 2028 τῇ
3249 1956 3427 2028 ῥάϐδῳ
3461 1953 3670 2017 παίσας

2086 2062 2185 2134 τὴν
2210 2061 2332 2131 γῆν,
2357 2059 2557 2130 πτηνόν
2580 2075 2634 2112 τι
2657 2057 2792 2120 ζῶον
2815 2053 3110 2124 ἐξερπύσαι
3136 2049 3301 2120 αὐτὴν
3324 2045 3670 2119 παρεσκεύαρ

2090 2171 2200 2218 σεν,
2259 2154 2396 2223 ὅπερ
2437 2152 2550 2213 τοῖς
2596 2147 2841 2218 σώμασιν
2899 2144 3151 2215 ἐφιζάνον
3192 2141 3300 2195 τῶν
3349 2138 3670 2207 Αἰγυπτίων

2089 2245 2346 2308 ἐλκώσεις
2367 2242 2597 2314 ἀνιαρὰς
2619 2241 2802 2303 αὐτοῖς
2825 2237 3135 2309 παρείχετο,
3161 2235 3237 2298 ὡς
3268 2232 3535 2304 μηδεμίαν
3564 2229 3671 2300 τὴν

2092 2337 2340 2410 ἰατρικὴν
2371 2335 2594 2405 ποιῆσαι
2625 2332 2834 2396 τούτοις
2858 2328 3178 2399 ἐπικουρίαν
3207 2323 3486 2379 δύνασθαι.

2170 2431 2255 2493 Ὡς
2280 2430 2337 2482 δὲ
2386 2428 2479 2481 καὶ
2524 2425 2616 2478 ἐπὶ
2636 2423 2736 2494 τῆς
2790 2423 3051 2493 μάστιγος
3088 2417 3289 2487 ταύτης
3323 2410 3672 2484 ἐσκληρύνθη

2086 2522 2302 2597 Φαραὼ,
2328 2521 2630 2574 τελευταῖον
2661 2514 2874 2585 θανάτῳ
2903 2513 2969 2566 τὰ
3007 2511 3325 2584 πρωτότοκα
3363 2507 3462 2577 τῆς
3500 2501 3674 2572 Αἰγύ-

2089 2631 2222 2668 πτου
2253 2613 2433 2682 πάσης
2465 2606 2722 2662 ὑπέϐαλε.
2755 2605 2865 2659 Καὶ
2880 2603 3107 2665 πένθους
3135 2598 3401 2654 ἐπὶτοῦτο
3425 2597 3675 2668 ἀμέτρου

2088 2704 2484 2767 καταλαϐόντος
2511 2703 2612 2774 τὴν
2635 2700 2930 2769 Αἴγυπτον,
2959 2696 3064 2749 ἀπὸ
3090 2694 3190 2764 τῆς
3212 2691 3393 2764 χώρας
3414 2685 3676 2757 παγγενῆ

2090 2799 2296 2860 πάντας
2327 2798 2355 2850 6
2377 2793 2574 2867 Φαραὼ
2600 2795 2725 2856 τοὺς
2763 2789 3046 2852 Ἰουδαίους
3080 2784 3348 2855 ἐξέπεμψε
3372 2801 3386 2813 ·
3421 2781 3513 2835 καὶ
3535 2778 3679 2833 mlo

2087 2890 2185 2962 λὴν
2216 2882 2361 2942 οὗτοι
2393 2889 2510 2941 ὁδὸν
2549 2885 2914 2947 διανύσαντες,
2951 2881 3046 2934 καὶ
3082 2879 3209 2941 τοὺς
3263 2874 3516 2947 Ἀραϐίας
3547 2871 3678 2924 δια-

2089 2983 2280 3046 ϐάντες
2313 2981 2610 3052 ποταμοὺς,
2639 2979 2868 3051 τριταῖοι
2913 2975 3006 3028 ἐπὶ
3033 2973 3134 3045 τὴν
3166 2967 3428 3042 Ἐρυθρὰν
3465 2964 3677 3018 θάλασν

2093 3094 2191 3131 σαν
2225 3077 2604 3148 παρεγένοντο.
2631 3072 2738 3125 Τοῦ
2779 3071 2835 3123 δὲ
2863 3067 2998 3123 Θεοῦ
3036 3067 3134 3138 τὴν
3171 3063 3395 3134 καρδίαν
3428 3055 3681 3126 σκληρύ-

417 3180 605 3227 ναντος
637 3165 732 3218 τοῦ
777 3167 994 3238 Φαραὼ,
1027 3169 1186 3222 πάλιν
1214 3170 1263 3221 οἱ
1302 3169 1587 3238 Αἰγύπτιοι
1620 3170 2003 3243 ἐπιλησθέντες
2042 3172 2150 3226 τῶν
2202 3171 2581 3244 προλαϐόντων
2631 3166 2836 3230 κακῶν,
2875 3166 3001 3226 τοὺς
3056 3157 3396 3232 Ἰσραηλίτας
3442 3153 3563 3223 ἅμα
3599 3148 3684 3220 ’τῷ

414 3255 613 3327 Φαραὼ
654 3258 967 3318 ἐπεδίωκον.

491 3353 758 3409 Caeterum
788 3370 949 3410 nemo
971 3353 1308 3411 Pharaonem
1349 3355 1404 3413 in
1437 3372 1616 3411 rerum
1657 3357 1988 3428 agendarum

417 3452 694 3514 stuporem
719 3460 751 3499 a
776 3445 883 3500 Deo
929 3446 983 3499 vi
1010 3454 1258 3500 coactum
1313 3446 1514 3518 impelli
1549 3449 1855 3514 existimet;
1907 3455 1990 3504 et-

417 3533 562 3588 enim
587 3533 756 3589 Deum
783 3534 832 3590 is
864 3535 1144 3605 injustitia:
1172 3546 1415 3600 accusat,
1448 3539 1577 3592 dum
1595 3538 1760 3593 dicit:
1794 3537 1850 3592 Si
1875 3540 1992 3610 ipse

417 3638 503 3690 est
535 3629 625 3697 qui
659 3643 756 3687 cor
789 3628 1031 3691 indurat,
1062 3637 1123 3682 ut
1167 3629 1299 3698 quid
1347 3631 1601 3685 indurato
1664 3632 1992 3686 succenset?

421 3719 618 3775 Verum
652 3721 808 3786 sciat,
848 3721 949 3776 has
981 3722 1265 3792 plagarum
1321 3721 1574 3778 inducias
1626 3725 1870 3795 stuporis
1912 3725 1990 3778 illi

422 3829 644 3868 causam
685 3813 887 3881 fuisse;
918 3830 1040 3868 cum
1073 3815 1216 3868 enim
1247 3815 1301 3868 in
1333 3831 1455 3870 eum
1482 3817 1669 3887 plagas
1703 3816 1990 3880 inferebat,

421 3907 682 3976 populum
709 3906 979 3960 dimittere
1005 3907 1379 3976 promittebat;
1412 3924 1597 3963 verum
1632 3909 1723 3962 ubi
1777 3923 1808 3962 a
1862 3924 1994 3979 sup-

421 3998 601 4073 pliciis
632 3998 957 4061 abstinebat,
1002 3999 1091 4053 ille
1132 3999 1532 4067 indurabatur;
1571 4001 1673 4055 hoc
1719 4002 1888 4064 enim,
1939 4008 1994 4055 et

423 4089 602 4143 verbis
629 4090 763 4159 ipsis
795 4089 1075 4160 Scriptura
1099 4092 1257 4146 nobis
1307 4093 1571 4157 insinuat,
1615 4107 1740 4146 cum
1793 4094 1868 4146 ait
1898 4094 1941 4125 ⁸⁵
1975 4108 1990 4144 :

435 4179 626 4234 Videas
655 4192 829 4236 autem
864 4183 1102 4247 Pharao,
1130 4184 1267 4254 quod
1299 4184 1443 4253 facta
1497 4193 1632 4238 esset
1691 4185 1990 4252 respiratio,

425 4276 728 4343 aggravavit
751 4291 841 4328 cor
866 4292 1042 4339 suum,
1061 4284 1109 4329 et
1139 4257 1244 4329 oon
1272 4275 1472 4329 audivit
1501 4292 1611 4340 eos,
1637 4277 1771 4330 sicut
1792 4275 1993 4329 locutus

421 4377 500 4429 est
519 4368 803 4431 Dominus;
835 4377 887 4422 et
911 4368 954 4398 ⁸⁵
979 4368 1076 4422 :In
1103 4368 1198 4420 hoc
1220 4369 1390 4438 ipsum
1413 4369 1636 4424 excitavi
1659 4378 1725 4435 to,
1747 4377 1802 4421 ut
1831 4377 1997 4425 osten-

423 4460 548 4526 dam
575 4461 628 4518 in
662 4471 709 4520 te
735 4471 901 4522 totum
931 4462 1090 4516 robur
1122 4479 1314 4518 meum.

495 4641 628 4708 Quae
660 4641 788 4697 dum
821 4644 1002 4708 audis,
1032 4659 1162 4698 cave
1186 4642 1242 4698 id
1283 4643 1426 4696 malo
1483 4656 1648 4697 sensu
1699 4641 1990 4712 percipias,

2158 3350 2364 3423 Μηδεὶς
2410 3348 2469 3402 δὲ
2499 3344 2745 3414 ὑπολάϐῃ
2793 3343 2885 3395 τὸν
2921 3337 3120 3411 Φαραὼ
3148 3336 3254 3389 ὑπὸ
3296 3332 3391 3386 τοῦ
3419 3330 3556 3385 Θεοῦ
3595 3333 3684 3397 εἰς

2091 3443 2445 3516 ἀναισθησίαν
2492 3442 2600 3494 τῶν
2640 3436 3025 3510 πραττομένων
3061 3434 3255 3504 χωρεῖν
3287 3428 3681 3491 ἐκϐιάζεσθαι·

2091 3539 2302 3602 ἀδικίας
2327 3537 2440 3608 γὰρ
2473 3534 2603 3597 ἴσως
2633 3531 2726 3584 τοῦ
2757 3528 2891 3582 Θεοῦ
2913 3528 2941 3578 ὁ
2969 3525 3208 3586 τοιοῦτος
3237 3520 3685 3590 καταψηφίζεται

2092 3635 2344 3702 φάσκονθ’
2378 3631 2439 3682 Εἰ
2467 3626 2629 3688 αὐτὸς
2659 3620 2949 3693 σκληρύνει
2972 3619 3068 3690 τὴν
3093 3615 3339 3689 καρδίαν,
3369 3613 3420 3666 τί
3455 3613 3686 3684 μέμφε..

2089 3743 2180 3778 ται
2213 3722 2290 3793 τῷ
2336 3717 2788 3790 σκληρυνομένῳ;
2832 3710 2992 3765 Ἀλλά
3025 3708 3361 3779 γινωσκέτω,
3391 3706 3473 3758 ὅτι
3501 3705 3685 3778 ἀνοχὴ

2091 3816 2198 3879 τῶν
2249 3812 2526 3884 μαστίγων
2573 3808 2726 3862 αἰτία
2756 3807 2854 3877 τῆς
2895 3801 3204 3875 πωρώσεως
3235 3797 3384 3868 αὑτῴ
3428 3796 3682 3865 ἐγίνετοο

2093 3909 2253 3980 ἡνίκα
2288 3905 2398 3977 γὰρ
2433 3904 2638 3972 ἐπῆγεν
2687 3901 2772 3954 ἐπ’
2797 3897 2957 3952 αὑτὸν
3000 3895 3099 3958 τὰς
3147 3891 3381 3964 πληγὰς,
3414 3889 3687 3946 ἀπολύειν

2091 4001 2183 4054 τὸν
2214 3998 2341 4052 λαὸν
2371 3995 2734 4068 ἐπηγγείλατο
2756 4009 2772 4024 ·
2809 3991 2972 4062 ἡνίκα
3002 3989 3058 4040 δὲ
3089 3986 3239 4057 ἠφίει
3274 3984 3380 4037 τῶν
3418 3982 3686 4052 βασάνων

2093 4092 2274 4153 αὑτὸν,
2323 4087 2708 4159 ἐσκληρύνετοο
2741 4083 2896 4138 τοῦτο
2924 4079 3030 4152 γὰρ
3057 4080 3148 4131 ἐπὶ
3189 4076 3387 4140 λέξεως
3414 4073 3686 4144 σημαίνει

2093 4182 2188 4235 καὶ
2218 4182 2250 4250 ἡ
2273 4179 2463 4251 Γραφὴ
2489 4178 2744 4245 λέγουσα’
2778 4172 3030 4240 nsanos
3050 4169 3279 4240 Φαραὼ,
3304 4168 3394 4222 ὅτι
3425 4166 3689 4236 γέγονεν

2093 4272 2416 4342 ἀνάφυξις,
2456 4271 2708 4338 ἐϐάρυνε
2735 4271 2850 4336 τὴν
2895 4265 3150 4334 καρδίαν
3178 4261 3386 4326 αὐτοῦ,
3429 4258 3530 4312 καί
3564 4261 3688 4312 οὐκ

2093 4363 2460 4430 εὶσήκουσεν
2493 4360 2710 4424 αὐτῶν,
2753 4357 3018 4424 καθάπερ
3036 4355 3342 4421 ἐλάλησεν
3368 4354 3401 4405 ὁ
3430 4351 3685 4417 Κύριος-ο

2096 4458 2212 4521 καὶ,
2236 4459 2340 4522 Εἰς
2361 4455 2506 4508 αὐτὸ
2521 4451 2697 4507 τοῦτο
2721 4448 2998 4518 ἐξήγειρά
3017 4463 3112 4514 σε,
3139 4447 3300 4512 ὅπως
3320 4442 3690 4510 ἐνδείξωμαι

2102 4551 2176 4605 ἐν
2203 4550 2305 4603 σοὶ
2331 4548 2539 4605 πᾶσαν
2567 4545 2684 4613 τὴν
2706 4543 2966 4612 δύναμίν
2984 4559 3125 4611 μου.

2177 4641 2317 4694 Ἀλλ’
2347 4639 2558 4693 ἀκούων
2589 4639 2661 4708 μὴ
2695 4637 2992 4708 δυσφήμως
3029 4631 3326 4704 ὑπολάϐῃς,
3352 4628 3544 4696 λέγων·
3579 4628 3690 4679 Διά

424 4734 612 4793 dicens
644 4754 658 4790 :
689 4734 836 4802 Quas
865 4735 936 4790 ob
970 4750 1166 4790 causas
1188 4749 1283 4789 eos
1319 4735 1472 4804 punit
1523 4734 1676 4804 prius
1721 4734 1863 4796 illos,
1929 4741 1988 4786 ut

2098 4735 2143 4788 τί
2160 4735 2477 4804 τιμωρεῖται
2499 4731 2714 4793 αὐτοὺς,
2739 4726 3051 4797 ἀντιστῆναι
3075 4724 3221 4793 αὐτῷ
3244 4718 3688 4792 παρασκευάζων

424 4825 530 4880 sibi
564 4827 801 4890 obstent,
832 4825 1183 4895 praeparans?
1219 4840 1390 4894 quare
1420 4824 1701 4894 vapulant,
1738 4825 1782 4879 si
1809 4825 1877 4879 ab
1907 4823 1992 4878 in-

418 4918 633 4988 justitia
661 4919 802 4973 Deus
827 4920 1118 4974 abhorret?
1143 4918 1249 4972 Sed
1271 4917 1411 4973 scito
1436 4918 1692 4988 primum,
1711 4932 1830 4987 quae
1847 4915 1990 4986 apud

428 5011 764 5082 Scripturam
783 5013 1059 5068 adversari
1078 5013 1180 5068 sibi
1203 5011 1476 5076 videntur,
1499 5027 1608 5066 non
1622 5011 1987 5077 discursibus,

424 5105 520 5167 sed
551 5106 812 5176 exemplis
835 5105 1180 5161 dissolvenda
1206 5122 1353 5162 esse.

497 5196 964 5264 Quemadmodum
997 5200 1142 5253 enim
1171 5199 1502 5253 medicorum
1541 5195 1732 5267 optimi
1766 5196 1860 5266 qui
1891 5195 1994 5250 hu-

425 5307 591 5348 mano
632 5293 814 5362 generi
855 5293 1142 5348 commodo
1192 5291 1524 5361 utilitatique
1575 5305 1698 5346 esse
1753 5289 1997 5356 student,

427 5382 645 5440 decreto
671 5384 861 5437 ultimo
891 5385 1052 5438 morti
1081 5384 1339 5440 subactos
1366 5383 1797 5453 expostulantes,
1828 5398 1923 5439 eos
1944 5385 2000 5438 in

430 5476 672 5531 membra
699 5477 964 5544 incidunt,
1001 5487 1059 5531 ut
1083 5493 1178 5547 per
1210 5477 1372 5531 morti
1404 5477 1698 5540 obnoxios,
1749 5476 2000 5531 homines

430 5567 668 5628 fructum
699 5570 933 5642 aliquem
958 5577 1366 5640 consequantur
1399 5585 1412 5622 :
1464 5570 1545 5626 sic
1594 5568 1738 5626 Deus
1784 5581 1999 5624 omnem

2097 4826 2294 4891 αὐτόν;
2329 4824 2416 4876 διὰ
2443 4821 2494 4876 τί
2537 4822 2750 4884 τύπτει,
2797 4821 2844 4872 εἰ
2874 4819 2975 4870 οὑκ
3001 4817 3148 4869 ἐστιν
3197 4814 3378 4868 ἀδικία
3414 4810 3570 4882 παρὰ
3603 4811 3688 4880 τῷ

2094 4917 2248 4987 Θεῷ;
2283 4916 2443 4970 Ἀλλά
2465 4915 2778 4985 γινωσκέτω
2801 4911 3036 4983 πρῶτον,
3065 4911 3146 4963 ὅτι
3166 4907 3234 4961 τὰ
3256 4904 3514 4960 δοκοῦντα
3531 4899 3688 4957 εἶναι

2097 5009 2487 5079 ἀντιλεγόμενα
2541 5005 2692 5080 παρὰ
2721 5008 2788 5076 τῇ
2839 5005 3050 5076 Γραφῇ,
3091 5002 3152 5056 οὐ
3197 4999 3495 5070 λογισμοῖς,
3535 4996 3690 5050 ἀλλά

2096 5103 2500 5174 παραδείγμασι
2527 5100 2730 5154 λύεται.

2171 5199 2380 5268 Ὥσπερ
2401 5195 2507 5267 γὰρ
2530 5197 2578 5247 oi
2596 5195 2802 5264 ἄριστοι
2820 5190 2926 5243 τῶν
2951 5186 3167 5256 ἰατρῶν,
3195 5183 3468 5254 ὠφέλιμόν
3486 5198 3538 5234 τι
3556 5182 3690 5234 ἐπι-

2098 5289 2286 5358 νοῆσαι
2317 5290 2381 5358 τῇ
2426 5283 2739 5356 ἀνθρωπίνῃ
2773 5281 2932 5352 φύσει
2970 5278 3379 5342 σπουδάζοντες,
3423 5275 3547 5335 τοὺς
3577 5272 3684 5326 θα-

2100 5384 2290 5452 νατικῇ
2317 5378 2586 5446 ἀποφάσει
2639 5373 3040 5444 ὑποϐληθέντας
3067 5369 3420 5442 αἰτησάμενοι
3450 5364 3688 5434 ἀνατέμρ

2099 5490 2301 5534 νουσιν,
2328 5472 2413 5524 ἵνα
2441 5470 2526 5523 διὰ
2549 5468 2658 5521 τῶν
2692 5465 2960 5520 ὑποδίκων
2981 5462 3057 5533 τῷ
3082 5463 3294 5531 θανάτῳ
3317 5457 3600 5528 ὠφέλιμόν
3629 5473 3685 5510 τι

2100 5569 2212 5631 τοῖς
2241 5562 2544 5636 ἀνθρώποις
2577 5561 2900 5640 ἐφεύρωσιν·
2929 5558 3102 5622 οῦτως
3132 5559 3160 5610 6
3192 5557 3368 5611 πᾶσαν
3399 5551 3689 5624 ἀνθρωπι-

506 5749 550 5788 ¹³
581 5747 752 5812 Exod.
785 5765 882 5812 xu.
964 5749 1003 5786 ιδ
1029 5747 1201 5805 Exod.
1253 5766 1358 5808 xxv.
1438 5746 1678 5810 1|’Exod.
1713 5763 1829 5808 vin.
1907 5745 1950 5778 ¹⁶
1975 5742 2006 5804 l

2098 5743 2153 5805 ti.
2181 5760 2264 5806 ιι.
