3840 6164
229 245 354 303 τευ

1162 244 1436 303 SPURIA.
1475 273 1544 286 --
1579 243 1932 302 COMMENT.
1974 242 2042 299 IN
2081 241 2578 300 HEXAEMERON.

3381 248 3486 307 790

227 379 347 433 νην
380 360 567 430 σοφίαν
601 359 942 434 ὑπερϐαίνων
974 360 1106 426 Θεὸς
1133 363 1221 416 διὰ
1254 360 1350 415 τοῦ
1392 360 1607 416 ἀνίατον
1644 366 1799 434 ήμαρ

1924 361 2218 417 humanam
2287 361 2608 431 sapientiam
2677 377 2986 432 superans,
3037 379 3134 436 per
3195 381 3318 422 eum
3389 372 3482 440 qui

224 451 473 523 τηκότος
519 451 720 523 ⁴Ιιαραὼ
769 454 972 524 σημεῖα
1027 453 1236 524 μεγάλα
1279 454 1538 516 δείκνυσι,
1578 455 1670 508 τδν
1719 457 1799 527 μέπ

1918 454 2038 509 sine
2083 468 2180 522 spe
2225 453 2334 508 ulla
2370 453 2650 508 medicina:
2689 455 2937 524 peccavit
2963 455 3296 514 Pharaonem
3327 461 3480 532 signa

225 541 398 608 ἄξιον
447 543 715 614 τιμωρίας
747 541 1009 609 κολάζων,
1042 545 1170 608 τοὺς
1208 545 1265 599 δὲ
1311 546 1448 614 μετὰ
1493 546 1667 600 ταῦτα
1691 565 1816 616 γεν-

224 631 519 702 νωμένους
548 633 886 705 θεραπεύων,
930 634 1201 706 σωτηρίας
1239 636 1494 690 ὑπόθεσιν
1523 637 1621 709 τὴν
1651 636 1817 693 αὐτοῦ

223 724 515 795 τιμωρίαν
540 725 723 789 αὐτοῖς
745 727 1133 798 παρεχόμενος.

305 904 642 974 Συναγαγὼν
671 899 766 959 οὖν
803 906 985 960 πᾶσαν
1010 906 1113 980 τὴν
1142 906 1368 978 δύναμιν
1403 909 1432 960 6
1461 906 1680 978 Φαραὼ,
1717 909 1815 981 ἆρ-

231 1013 392 1066 ματα
438 998 535 1067 μὲν
577 996 844 1062 διακόσια,
913 998 1124 1052 ίππέων
1175 999 1233 1052 δὲ
1288 999 1551 1071 μυριάδας
1584 1008 1654 1067 κ’,
1689 1003 1815 1066 τοὺς

238 1087 591 1161 Ἰσραηλίτας
636 1090 875 1144 ἐδίωκεν.
911 1091 972 1144 Οἱ
1008 1090 1086 1154 δὲ,
1119 1092 1485 1164 διαιρεθείσης
1521 1093 1623 1164 τῆς
1655 1095 1812 1164 Ἐρυ-

225 1181 381 1252 θρᾶς
435 1181 709 1253 θαλάσσης
763 1181 868 1236 ὑπὸ
893 1182 1190 1248 Μωῦσέως,
1243 1185 1623 1255 προστάγματι
1675 1184 1809 1239 Θεοῦ

226 1273 592 1341 ἐπορεύοντοο
625 1273 720 1326 καὶ
759 1272 1044 1341 Αἰγύπτιοι
1093 1274 1321 1327 κατόπιν
1349 1276 1527 1328 αὐτῶν
1567 1274 1814 1328 ἐλαύνον-

226 1379 330 1427 τες
358 1362 864 1434 κατεποντώθησαν,
886 1365 953 1434 τῇ
987 1363 1168 1435 ῥάϐδῳ
1206 1365 1300 1419 τοῦ
1332 1367 1608 1430 Μωῦσέως
1636 1367 1811 1421 πατά-

227 1454 450 1521 ξαντος,
476 1456 570 1509 καὶ
589 1456 986 1524 συναγαγόντος
1005 1455 1074 1509 τὰ
1103 1455 1291 1511 ὕδατα.

304 1548 353 1599 Τ
356 1550 388 1617 ᾔ
422 1547 465 1600 δ’
491 1547 748 1618 ὑστεραίᾳ
769 1546 1056 1618 ὴμέρᾳ,τὰ
1086 1547 1224 1602 ὅπλα
1254 1548 1362 1603 τῶν
1393 1549 1703 1618 Αἰγυπτίων
1730 1552 1809 1624 τῷ

226 1636 431 1710 πλήθει
453 1640 558 1693 τῶν
593 1640 855 1713 Ἐϐραίων
878 1643 1218 1712 προσήνεγκε
1250 1642 1309 1696 τὸ
1339 1643 1480 1714 ὕδωρ
1503 1644 1806 1712 ὠθούμενον

1916 560 2114 616 magna
2172 545 2432 610 ostendit,
2498 559 2624 600 eum
2681 547 2776 616 qui
2833 549 3102 619 supplicio
3150 551 3347 621 dignus
3396 560 3482 610 est

1915 636 2224 706 castigans,
2273 643 2328 691 et
2389 651 2484 692 eos
2539 637 2632 706 qui
2684 637 2762 691 illi
2829 641 3121 695 succedent
3178 643 3368 701 fovens
3423 653 3479 702 et

1915 743 2138 795 sanans,
2191 729 2383 785 salutis
2436 730 2772 798 punitionem
2812 731 2958 788 illius
3006 734 3266 792 exhibens
3317 752 3477 809 argu-

1913 829 2176 876 mentum.

1984 913 2170 982 Itaque
2212 911 2428 969 Pharao
2452 914 2494 946 "
2543 917 2797 971 universo
2846 916 3087 974 exercitu
3132 930 3430 978 convocato
3455 964 3472 990 ,

1912 1003 2164 1059 curribus
2194 1004 2463 1068 ducentis,
2497 1007 2737 1076 equitatu
2769 1007 2835 1061 ad
2863 1009 3082 1078 triginta
3139 1013 3328 1080 millia,
3380 1030 3476 1070 su-

1912 1095 2232 1164 perveniens
2261 1095 2532 1152 lsraelitas
2562 1099 2909 1168 sequebatur,
2939 1102 3032 1171 qui
3070 1117 3218 1158 mare
3261 1103 3469 1174 Rubro,

1912 1183 1986 1236 ita
2014 1183 2240 1252 jubente
2271 1185 2400 1250 Deo,
2437 1187 2490 1240 in
2524 1187 2658 1243 duas
2682 1197 2863 1257 partes
2892 1190 3066 1246 diviso
3092 1209 3187 1263 per
3210 1193 3472 1268 Moysem,

1911 1275 2014 1329 iter
2038 1275 2330 1343 habebant,
2364 1285 2417 1332 et
2439 1276 2681 1349 Egyptii
2716 1295 2934 1335 aversos
2985 1299 3080 1338 eos
3128 1284 3468 1358 invadentes,

1909 1364 2153 1421 immersi
2176 1374 2323 1431 sunt,
2359 1369 2550 1423 baculo
2585 1369 2766 1440 Moyse
2792 1373 3147 1442 percutiente,
3198 1384 3252 1432 et
3301 1393 3469 1450 aquas

1909 1455 1964 1510 in
2005 1473 2172 1511 unum
2199 1467 2580 1530 congregante.

1979 1545 2206 1603 Postero
2229 1547 2317 1602 die
2329 1548 2703 1621 Egyptiorum
2723 1567 2870 1608 arma
2884 1554 2950 1610 ad
2965 1557 3362 1615 multitudinem
3372 1559 3469 1616 Ju-

1909 1639 2144 1694 daeorum
2164 1655 2358 1711 aquam
2377 1652 2537 1698 vento
2553 1644 2802 1715 pellente,
2822 1647 2996 1702 delata
3019 1657 3166 1704 sunt.
3181 1649 3245 1703 Et
3259 1649 3469 1723 Moyses

225 1732 341 1785 ὑπὸ
367 1732 460 1785 τοῦ
493 1711 814 1803 πνεύματος.
839 1711 948 1786 Καὶ
972 1735 1000 1786 6
1023 1733 1259 1804 Μωῦσῆς
1283 1711 1507 1798 εἰκάσας
1534 1737 1628 1790 καὶ⁵
1651 1711 1799 1790 τοῦτο

1909 1731 2012 1785 hoc
2037 1748 2253 1802 quoque
2273 1733 2458 1788 divina
2485 1711 2828 1792 Providentia
2850 1740 3143 1812 contigisse
3165 1751 3316 1799 ratus
3347 1711 3469 1802 illis

223 1827 294 1894 τῇ
333 1824 426 1878 τοῦ
457 1823 591 1878 Θεοῦ
623 1824 948 1895 γεγενῆσθαι
978 1827 1224 1896 προνοίᾳ,
1243 1825 1529 1880 ἐκέλευσεν
1555 1828 1692 1882 αὐτὰ
1713 1846 1809 1882 πο-

226 1916 512 1988 ρίσασθαι,
554 1918 704 1980 ὅπως
739 1917 813 1988 μὴ
854 1915 962 1972 εἷεν
1001 1918 1239 1972 ἄνοπλοι.
1278 1919 1650 1988 Ἀφικνοῦνται
1677 1921 1807 1990 γοῦν

221 2009 311 2072 είς
333 2008 432 2078 τὴν
455 2008 676 2080 ἔρημον.

298 2099 416 2154 Καὶ
441 2099 470 2151 ό
509 2098 832 2169 Ῥαγουῆλος
862 2099 957 2152 καὶ
1001 2099 1184 2171 Ἰοθὼρ
1212 2100 1495 2172 (διώνυμος
1514 2099 1621 2173 γὰρ
1644 2100 1804 2171 ἐτύγ-

222 2191 414 2263 χανεν)
435 2192 740 2260 ἀφικνεῖται
761 2191 897 2262 πρὸς
915 2191 1006 2245 τὸν
1019 2193 1277 2264 Μωῦσῆν,
1297 2193 1632 2264 ἐπαγόμενος
1660 2194 1806 2266 αὐτῷ

221 2283 324 2352 τὴν
337 2285 572 2351 γυναῖκα
595 2284 688 2336 καὶ
715 2280 1004 2345 τοὺςυὶούς
1023 2299 1037 2314 ·
1061 2282 1154 2336 καὶ
1173 2281 1357 2352 μαθὼν
1376 2284 1554 2336 πᾶσαν
1570 2285 1700 2356 παρ’
1713 2285 1808 2338 αύ-

221 2371 322 2426 τοῦ
370 2373 469 2443 τὴν
501 2374 622 2426 κατ’
667 2373 978 2441 Αἰγυπτίων
1021 2371 1115 2426 τοῦ
1161 2371 1294 2425 Θεοῦ
1344 2370 1802 2444 θαυματουργίαν,

221 2464 569 2536 κατεπλάγη,
603 2464 698 2517 καὶ
734 2463 949 2528 ἐδόξασε
981 2464 1072 2517 τὸν
1114 2463 1265 2517 Θεόν.
1296 2460 1404 2518 Ἦν
1438 2465 1495 2516 δὲ
1526 2459 1698 2531 οὗτος,
1729 2464 1804 2530 ὣς

223 2574 381 2625 φασι,
428 2557 519 2612 τοῦ
563 2557 812 2629 Ἀϐραὰμ
842 2558 1126 2626 ἀπόγονος,
1165 2555 1224 2623 ἐξ
1267 2558 1385 2622 ἐνὸς
1430 2558 1539 2611 τῶν
1570 2560 1635 2612 ἐκ
1664 2561 1804 2613 Χετ-

220 2650 424 2720 τόυρας
477 2650 843 2721 γεννηθέντων
869 2650 1018 2720 αύτῴ
1046 2650 1288 2720 τεχθείςο
1319 2652 1383 2704 ἐκ
1427 2651 1536 2722 γὰρ
1563 2651 1656 2705 τοῦ
1703 2653 1800 2706 Ἰε-

222 2741 325 2806 ζὰν
374 2742 588 2811 ἐγένετο
641 2742 831 2807 Δάδαν,
889 2743 1173 2813 Ῥαγουὴλ,
1221 2741 1405 2814 Ἰοθὼρ
1478 2745 1572 2798 καὶ
1613 2744 1797 2798 Ὀϐάϐ.

221 2831 425 2898 Δεξιῶς
455 2828 547 2885 οὖν
592 2831 754 2885 αὑτὸν
789 2831 1318 2902 φιλοφρονησάμενος
1368 2834 1396 2886 6
1424 2833 1684 2902 Μωῠσῆς,
1719 2835 1802 2896 είς

221 2927 351 2988 τοὺς
382 2925 614 2988 οἰκείους
642 2926 840 2988 τόπους
868 2925 1242 2996 προέπεμψεν.

292 3020 469 3084 Αὐτὸς
499 3019 556 3072 δὲ
584 3019 784 3082 πολλὰς
824 3019 960 3089 πρὸς
986 3019 1047 3071 τὸ
1076 3020 1343 3090 χρήσιμον
1378 3019 1491 3081 τοῖς
1533 3017 1801 3090 Ἑϐραίοις
1824 3042 1866 3101 C

221 3109 591 3182 νομοθετήσας
615 3111 644 3162 ό
675 3109 917 3179 Μωῦσῆς
944 3109 1283 3180 ἐτελεύτησε,
1321 3107 1520 3178 βιώσας
1549 3109 1642 3180 ἔτη
1677 3110 1760 3181 ρκ’
1778 3128 1792 3140 ·

218 3208 314 3260 καὶ
362 3202 562 3275 Ἰησοῦς
589 3203 618 3254 ὁ
649 3201 805 3272 Ναυῆ
835 3203 934 3274 τὴν
962 3201 1256 3271 ἡγεμονίαν
1283 3201 1447 3254 αὐτοῦ
1479 3201 1795 3272 διαδέχεται,

220 3296 316 3348 καί⁵
350 3294 534 3363 ἐξάγει
583 3295 680 3365 τῆς
713 3295 918 3365 ἐρήμου
943 3294 1032 3347 τὸν
1066 3293 1214 3360 λαὸν,
1241 3293 1336 3363 ἐτη
1365 3294 1416 3363 μ’
1449 3295 1505 3345 ἐν
1524 3294 1668 3364 αὐτῇ,
1682 3295 1797 3347 δια-

219 3386 508 3458 τρίψαντα,
549 3388 632 3455 ἐφ⁹
660 3382 729 3456 ἦς
755 3386 833 3438 ἔτι
860 3385 932 3439 τὰ
983 3385 1101 3455 [χνη
1128 3385 1227 3455 τῆς
1277 3389 1646 3457 κατοικήσεως
1689 3388 1798 3440 τῶν

233 3479 500 3532 Ἰουδαίων
529 3479 776 3542 σώζεται.
803 3480 864 3531 Οἱ
893 3478 1002 3550 γὰρ
1026 3480 1185 3550 χάριν
1216 3479 1458 3548 ἱστορίας
1479 3481 1592 3541 τοῖς
1611 3478 1796 3542 τόποις

219 3567 675 3638 ἐπιδημήσαντες,
708 3567 818 3620 τῶν
853 3567 1066 3636 σκηνῶν
1106 3567 1309 3630 τύπους
1341 3566 1420 3619 ἔτι
1476 3567 1795 3620 συνεστάναι

218 3659 533 3731 διηγοῦνται
576 3660 769 3730 μυρίου
833 3659 1071 3730 πλήθους
1110 3658 1461 3730 ὑπαρχούσας
1535 3657 1601 3729 [Γ.
1626 3659 1797 3731 ὑπαρ-

220 3750 548 3822 χουσῶν],τό
566 3766 628 3805 τε
688 3751 898 3804 Σιναῖον
925 3751 1050 3822 ὅρος
1079 3749 1416 3822 θεωρεῖσθαι,
1466 3751 1594 3822 παρ’
1619 3745 1662 3817 ᾧ
1693 3751 1795 3815 τὰς

222 3837 542 3910 νομοθεσίας
593 3843 623 3893 ό
656 3839 902 3910 Μωῦσῆς
949 3839 1161 3912 εἴληφε,
1204 3841 1300 3892 καὶ
1355 3838 1563 3892 ἕκαστα
1589 3837 1697 3891 τῶν
1737 3839 1796 3891 ἐν

224 3930 384 4001 μέρει
417 3929 936 4004 ἀναγεγραμμένων.

289 4021 560 4092 Ζητητέον
597 4021 674 4074 δέ·
696 4024 757 4075 Oi
800 4022 1036 4094 Ἑϐραῖοι
1069 4023 1126 4074 ἐν
1155 4024 1220 4093 τῇ
1252 4021 1511 4092 Αἰγύπτῳ
1537 4018 1795 4092 παρῴκη-

223 4128 322 4165 σαν
347 4112 441 4183 ἐτη
470 4114 624 4166 υ’καὶ
647 4113 711 4179 λ’,
738 4112 834 4166 καὶ
859 4113 980 4184 οὐχὶ
999 4119 1056 4165 ιε’
1087 4114 1180 4166 καὶ
1201 4113 1448 4166 διακόσια
1464 4114 1526 4182 ’ἠ
1567 4113 1663 4182 μὲν
1686 4111 1795 4182 γὰρ

219 4205 328 4258 τῶν
379 4205 585 4274 χρόνων
615 4205 814 4274 ἐφεξῆς
864 4204 1153 4275 ἀναγραφὴ
1202 4211 1295 4256 σιε’
1330 4205 1605 4275 σημαίνει,
1661 4203 1694 4273 ή
1735 4202 1792 4255 δὲ

222 4293 411 4364 Γραφὴ
446 4301 491 4346 υ¹
529 4295 622 4347 καὶ⁵
657 4294 720 4349 λ’.
761 4295 922 4362 Λέγει
957 4297 1086 4366 γὰρ,
1116 4295 1199 4347 ὃτι
1231 4293 1514 4362 πάροικον
1533 4294 1702 4347 ἔσται
1725 4290 1792 4345 τὸ

218 4384 461 4454 σπέρμα
485 4385 592 4440 τοῦ
620 4385 876 4455 Ἀϐραὰμ
898 4386 968 4439 ἐν
987 4385 1065 4455 τῇ
1085 4386 1373 4452 ἀλλοτρίᾳ
1391 4385 1496 4453 ἐτη
1520 4388 1633 4439 υλ’.

287 4478 514 4549 Πρῶτον
544 4479 640 4549 μὲν
667 4476 757 4532 οὖν
787 4480 944 4548 ἐπιτη
955 4479 1165 4549 ρητέον,
1188 4479 1270 4532 ὅτι
1296 4478 1396 4530 οὐκ
1423 4475 1576 4529 εἶπεν
1601 4477 1672 4529 ἐν
1695 4477 1792 4529 Αι-

220 4570 440 4638 τύπτῳ,
473 4570 587 4622 ἀλλ’
618 4571 686 4622 ἐν
746 4569 824 4638 τῇ
868 4570 1153 4636 ἀλλοτρίᾳ
1184 4570 1473 4636 πάροικον
1521 4568 1693 4623 ἕσται
1723 4566 1791 4620 τὸ

220 4659 456 4727 σπέρμα
502 4657 608 4711 τοῦ
663 4658 954 4727 Ἀϐραάμ’
981 4658 1239 4728 ἀλλοτρία
1282 4657 1340 4711 δὲ
1381 4657 1591 4728 ύπῆρχε
1635 4656 1727 4709 καὶ
1755 4657 1788 4724 ὴ

219 4750 499 4805 Χαναναία
545 4751 637 4822 γῆ,
680 4753 746 4822 ἢν
777 4749 1105 4822 παρῴκησεν
1137 4752 1166 4803 6
1207 4748 1412 4812 Ἰσαὰκ,
1441 4748 1664 4820 σπέρμα
1693 4746 1786 4800 τοῦ

231 4841 480 4914 ’Δϐραὰμ
534 4842 642 4914 πρὸ
683 4842 900 4896 πάντων
943 4841 1104 4905 αὐτὸς
1151 4840 1432 4910 τυγχάνων
1478 4838 1751 4910 ἐξαίρετον
1770 4853 1782 4867 ·

219 4934 333 4998 υίὸς
347 4933 455 5005 γὰρ
481 4929 570 5005 ἦν.
587 4934 755 5006 Δῆλον
775 4930 890 4998 οὖν,
907 4935 988 4988 ὅτι
1007 4933 1112 5006 πρὸ
1139 4932 1231 4987 τοῦ
1257 4931 1660 5003 κληρονομῆσαι
1679 4929 1786 4982 τῶν

219 5024 528 5093 ἀλλοφύλων
538 5025 638 5096 τὴν
652 5024 776 5097 γῆν,
788 5024 1034 5096 ὑπῆρχον
1050 5023 1301 5094 πάροικοι
1317 5022 1509 5092 μέχρις
1527 5019 1662 5073 ἐτῶν
1688 5019 1784 5084 υλ’,

218 5113 290 5179 ὥς
315 5132 421 5168 που
444 5117 536 5170 καὶ
563 5118 592 5170 ό
630 5116 947 5180 Ἀπόστολος
965 5115 1129 5184 λέγει·
1159 5113 1457 5181 Διαθήκην
1498 5127 1786 5180 προκεκυ-

212 5208 484 5278 ρωμένην
508 5209 626 5264 ὑπὸ
664 5208 810 5264 Θεοῦ
829 5208 978 5278 μετὰ
1004 5207 1107 5275 ἐτη
1130 5211 1243 5270 υλ’,
1271 5209 1357 5271 εὶς
1393 5204 1460 5258 τὸ
1490 5217 1788 5273 καρποφο-

217 5300 395 5367 ρῆσαι
449 5301 566 5370 τὴν
617 5301 1010 5370 ἐπαγγελίαν·
1060 5299 1154 5352 καὶ
1210 5298 1461 5368 ἐπιφέρει
1493 5314 1506 5326 ’
1577 5295 1660 5361 Τῷ
1717 5294 1785 5348 δὲ

229 5389 480 5461 Ἀϐραὰμ
507 5391 582 5445 δι’
606 5391 964 5461 ἐπαγγελίας
999 5389 1320 5458 ἐχαρίσατο
1365 5390 1396 5440 ὀ
1427 5388 1589 5452 Θεός.
1626 5385 1784 5446 Εἰκὸς

217 5476 324 5547 οὖν,
353 5485 438 5537 ὅτι
467 5483 528 5536 ἐν
561 5483 660 5555 μὲν
706 5485 773 5554 τῇ
807 5481 1086 5553 Χαναναία
1128 5488 1222 5534 σιε¹
1255 5479 1609 5552 παρῴκησαν,
1640 5480 1697 5532 ἐν
1727 5477 1784 5531 δὲ

285 5640 328 5674 ¹⁷
353 5638 528 5696 Exod.
562 5655 674 5695 xw.
753 5639 794 5672 ‘°
817 5638 991 5697 Exod.
1016 5655 1172 5697 xvm.
1250 5637 1292 5671 ”
1318 5636 1470 5692 Deut.
1497 5651 1609 5694 xw.
1701 5635 1745 5666 ¹⁶
1768 5630 1799 5688 6

1931 5649 2020 5689 XV.

1907 1837 1970 1877 ea
1997 1823 2098 1878 sibi
2127 1838 2443 1893 comparare
2463 1827 2758 1890 mandavit,
2783 1845 2853 1885 ne
2903 1830 3022 1886 sine
3058 1833 3224 1890 armis
3267 1833 3464 1890 forent.

1908 1911 2209 1970 Deveniunt
2236 1917 2452 1971 tandem
2477 1918 2532 1972 in
2567 1918 2840 1975 desertum
2873 1921 2938 1978 ⁸⁸.

1977 2087 2043 2142 Ει
2074 2089 2366 2162 Raguelus,
2409 2091 2525 2146 sive
2559 2091 2764 2160 lothor,
2801 2102 3032 2166 utraque
3083 2097 3229 2153 enim
3278 2100 3463 2171 appel-

1905 2179 2107 2236 latione
2139 2183 2576 2252 nuncupabatur,
2602 2188 2750 2242 venit
2781 2187 2848 2241 ad
2897 2187 3155 2260 Moysem.
3207 2191 3284 2246 illi
3331 2207 3467 2248 uxo-

1906 2284 2020 2326 rem
2053 2271 2300 2344 ﬁliosque
2325 2274 2582 2340 alierens;
2604 2277 2698 2346 qui
2725 2293 2847 2332 cum
2874 2285 3048 2332 totum
3082 2279 3173 2334 Dei
3203 2281 3468 2340 adversus

1906 2359 2194 2432 Egyptios
2231 2378 2370 2434 opus
2392 2365 2711 2422 admirabile
2733 2367 2996 2435 audisset,
3030 2371 3463 2441 obstupefactus,

1902 2455 2131 2526 gloriam
2160 2457 2309 2512 dedit
2342 2457 2470 2514 Deo.
2516 2460 2645 2514 Erat
2694 2475 2824 2536 vero
2861 2461 2970 2527 hic,
3030 2470 3088 2518 ut
3139 2463 3339 2532 ferunt,
3397 2482 3467 2522 ex

1902 2547 2178 2602 Abraham
2220 2551 2508 2615 oriundus,
2540 2567 2608 2607 ex
2651 2569 2759 2608 uno
2800 2553 3213 2626 ﬁliorum,quos
3263 2557 3353 2612 ille
3395 2573 3464 2613 ex

1902 2639 2168 2694 Chettura
2196 2642 2406 2707 habuit,
2436 2651 2628 2711 natus;
2655 2660 2721 2700 ex
2734 2643 2896 2700 Jezan
2909 2647 3052 2701 enim
3076 2658 3235 2706 natus
3257 2657 3340 2705 est
3355 2648 3464 2705 Da-

1901 2733 2028 2798 dan,
2058 2735 2282 2804 Raguel,
2313 2734 2494 2790 lothor
2523 2742 2577 2790 et
2603 2734 2774 2791 Obab.
2810 2735 2965 2791 Hunc
3011 2737 3242 2810 Moyses,
3267 2742 3344 2794 uti
3370 2757 3466 2812 par

1900 2832 2040 2890 erat,
2062 2825 2396 2895 perhumane
2420 2833 2700 2896 acceptum
2725 2826 2778 2881 in
2815 2828 3034 2900 propria
3063 2829 3182 2884 loca
3235 2830 3466 2887 dimisit.

1975 2995 2172 3053 Verum
2203 2997 2415 3069 Moyses
2451 2999 2517 3063 ιθ,
2550 3000 2735 3055 multis
2783 2999 2992 3071 legibus
3047 3002 3282 3059 maximo
3337 3019 3462 3060 cum

1897 3089 2267 3144 emolumento
2297 3087 2499 3144 Judaeis
2523 3089 2669 3155 latis,
2695 3098 2944 3145 mortuus
2970 3100 3071 3155 est,
3098 3094 3273 3150 aetatis
3296 3110 3466 3150 anno-

1897 3195 2019 3234 rum
2040 3195 2167 3248 cxx,
2208 3187 2262 3236 et
2287 3179 2447 3235 Jesus
2473 3179 2775 3236 ﬁliusNavc
2800 3183 3078 3254 copiarum
3111 3185 3306 3238 ductor
3339 3203 3466 3241 suco

1897 3271 2060 3337 cedit,
2095 3280 2148 3327 et
2179 3273 2434 3342 p0pulum
2462 3273 2515 3326 in
2549 3273 2894 3328 solitudinem
2919 3287 3093 3329 annos
3107 3275 3464 3347 quadraginta

1870 3371 2290 3418 'commoratum
2321 3363 2526 3430 eduxit,
2556 3363 2610 3416 in
2640 3379 2746 3433 qua
2776 3364 2954 3419 adhuc
2972 3363 3282 3418 Judaeorutn
3309 3366 3464 3420 babi-

1894 3453 2118 3507 tationis
2145 3454 2372 3522 vestigia
2429 3452 2637 3523 integra
2674 3461 2992 3506 cernuntur.
3034 3451 3137 3520 Qui
3187 3453 3330 3508 enim
3384 3457 3464 3511 vi-

1897 3546 2048 3600 sendi
2073 3560 2239 3600 causa
2268 3545 2334 3598 ad
2368 3545 2456 3598 illa
2475 3545 2590 3598 loca
2615 3544 2840 3615 profecti
2868 3552 3015 3610 sunt,
3050 3544 3228 3600 adhuc
3259 3545 3463 3618 formas

1897 3636 2249 3690 tentoriorum
2284 3633 2507 3690 inﬁnita:
2538 3635 2904 3690 multitudinis
2949 3636 3191 3706 conspici
3246 3651 3463 3691 asseve-

1894 3734 2039 3792 rant,
2069 3736 2123 3783 et
2143 3726 2388 3784 Sinaium
2436 3734 2673 3783 montem
2705 3729 2880 3783 adhuc
2903 3735 3067 3792 stare,
3096 3728 3151 3782 in
3181 3741 3290 3798 quo
3317 3729 3460 3799 leges

1895 3821 2108 3892 Moyses
2131 3820 2359 3890 accepit,
2417 3828 2471 3876 et
2528 3835 2866 3891 quaecunque
2921 3820 3196 3891 sigillatim
3241 3821 3460 3891 scriptis

1893 3915 2109 3987 prodita
2133 3925 2278 3970 sunt.

1964 4006 2325 4074 Quaerendum
2358 4012 2538 4059 tamen
2562 4011 2682 4059 est:
2707 4002 2919 4059 Hebraei
2949 4004 3003 4058 in
3033 4003 3268 4076 Egyptn
3300 4004 3460 4061 habiv

1893 4106 2080 4154 larunt
2109 4098 2266 4153 annis
2300 4112 2426 4152 cccc
2452 4105 2504 4151 et
2526 4112 2629 4148 xxx
2682 4102 2864 4150 etnon
2912 4095 3223 4166 quindecim
3261 4104 3315 4151 et
3356 4113 3457 4165 cc;

1893 4205 2019 4244 nam
2051 4195 2358 4257 temporum
2391 4185 2706 4241 continuata
2737 4185 3053 4255 descriptio,
3082 4202 3216 4240 ccxv
3258 4186 3457 4254 innuit,

1895 4282 1988 4336 sed
2021 4281 2300 4348 Scriptura
2329 4293 2566 4332 ccccxxx
2593 4294 2607 4342 ;
2641 4277 2716 4329 ait
2744 4292 2977 4346 namque
2999 4278 3043 4308 '°
3071 4295 3084 4331 :
3116 4276 3458 4347 Peregrinum

1822 4379 1867 4432 D
1897 4371 1996 4425 erit
2023 4387 2196 4424 semen
2233 4369 2461 4423 Abrahaz
2493 4369 2547 4422 in
2579 4377 2719 4422 terra
2747 4367 2921 4422 aliena
2959 4382 3124 4421 annos
3147 4383 3405 4423 ccccxxx.

1966 4462 2205 4516 Primum
2254 4463 2438 4530 itaque
2497 4459 2918 4521 observandum,
2968 4473 3076 4512 non
3123 4457 3352 4523 dixisse,
3405 4460 3460 4512 in

1895 4553 2146 4626 digypto,
2169 4555 2262 4609 sed
2283 4555 2336 4606 in
2369 4563 2511 4607 terra
2547 4554 2721 4605 aliena
2761 4551 3088 4622 peregrinum
3139 4551 3238 4604 erit
3286 4567 3461 4605 semen

1893 4648 2142 4702 Abrahae.
2201 4645 2392 4701 Aliena
2436 4655 2618 4700 autem
2673 4651 2793 4699 erat
2845 4651 2899 4699 et
2961 4651 3107 4697 terra
3160 4642 3458 4713 (jhanaam,

1892 4754 2056 4808 quam
2087 4737 2351 4792 habitavit
2374 4735 2545 4801 Isaac,
2569 4736 2663 4805 qui
2705 4750 2818 4805 prae
2840 4733 3095 4789 omnibus
3132 4735 3247 4804 ipse
3273 4750 3460 4789 semen

1891 4829 2124 4885 Abrahae
2151 4837 2267 4883 erat
2295 4829 2573 4883 eximium.
2605 4826 2735 4880 Erat
2776 4827 2977 4896 quippe
3029 4826 3192 4880 ﬁlius.
3235 4825 3464 4880 Manife—

1893 4931 2036 4976 stum
2068 4921 2250 4991 itaque
2287 4927 2392 4986 θεῖ,
2426 4936 2522 4976 603
2571 4926 2862 4988 antequam
2917 4926 3265 4974 externorum
3303 4927 3462 4974 terra:

1893 5012 2138 5069 heredes
2177 5011 2307 5067 facti
2358 5012 2612 5076 fuissent,
2653 5011 2970 5080 peregrinos
3023 5009 3239 5079 palasse
3286 5023 3460 5063 annos

1890 5125 2153 5173 ccccxxx,
2182 5105 2636 5178 quemadmodum
2656 5113 2710 5159 et
2727 5104 3020 5174 Apostolus
3045 5104 3121 5158 ait
3147 5102 3192 5133 “
3223 5121 3236 5158 :
3277 5101 3457 5156 Testa-

1891 5213 2122 5256 mentum
2147 5198 2656 5270 prwdelcrminatum
2683 5213 2714 5250 a
2736 5196 2842 5250 Deo
2867 5206 2983 5265 post
3006 5211 3171 5250 annos
3200 5210 3460 5261 ccccxxx,

1891 5301 1948 5344 ut
1982 5291 2324 5360 fructiﬁcaret
2354 5289 2668 5358 promissio;
2717 5297 2771 5342 et
2807 5289 3009 5354 subdit,
3060 5288 3329 5342 Abraham
3363 5305 3462 5341 au-

1891 5394 1994 5438 tem
2030 5399 2121 5451 per
2164 5383 2562 5450 promissionem
2610 5380 2756 5435 dedit
2814 5381 2973 5435 Deus.
3017 5379 3460 5440 Consentaneum

1890 5476 2074 5546 itaque
2101 5482 2207 5537 est,
2242 5489 2335 5529 eos
2370 5475 2424 5528 in
2451 5474 2758 5529 Chauanaea
2785 5472 3060 5530 habitasse
3082 5487 3256 5529 annos
3298 5487 3456 5537 cc“.

2127 5633 2170 5666 ¹¹
2207 5630 2327 5688 (ναι.
2361 5647 2438 5686 tu.
