3866 6162
408 294 505 352 791

1265 294 1324 352 S.
1363 285 1806 350 EUSTATIHUS
1845 287 2338 346 ANTIOCHENUS
2371 288 2775 346 EPISCOPUS.

3539 290 3648 346 793

403 422 459 472 et
491 413 546 468 in
575 409 811 484 Egypt!)
837 409 1022 467 itidem
1045 427 1202 477 σοιν,
1239 413 1330 483 qui
1368 413 1530 468 simul
1559 421 1687 469 sunt
1703 425 1961 468 ccccxxx.

2066 411 2131 480 τῇ
2163 408 2422 478 Αἰγύπτῳ
2441 407 2511 462 τά
2537 407 2678 462 αὑτὰ
2714 414 2832 471 σιε’,
2860 407 3002 477 ἅπερ
3029 403 3162 476 ὁμοῦ
3185 405 3390 473 γίνεται
3423 405 3517 477 έτη
3541 405 3644 461 υλ’.

471 505 740 562 Caeterum
767 503 999 559 ducente
1021 503 1149 560 Iesu
1169 506 1216 537 ¹¹
1240 505 1519 574 populum,
1563 511 1615 559 et
1639 517 1822 558 arcam
1855 502 1962 558 Te-

404 597 660 658 stamenti
689 611 786 667 per
824 594 1140 659 Iordanem,
1165 607 1318 664 aqua:
1340 594 1528 650 divisse
1553 603 1681 650 sunt
1711 597 1768 649 in
1802 609 1964 649 unam

403 688 831 752 concretionem,
860 687 1113 742 maximis
1141 687 1336 758 spatiis
1358 687 1608 741 dissitam
1635 703 1650 753 ;
1681 700 1810 758 pars
1841 703 1966 742 vero

403 784 596 848 altera,
641 797 762 855 quae
804 784 860 837 in
905 797 1056 837 mare
1101 783 1299 836 salium
1345 781 1663 846 effunditur,
1714 783 1769 836 in
1815 797 1968 838 mare

401 875 642 933 Arabum
680 877 830 946 lapsa
856 883 960 939 est,
997 875 1172 929 donec
1203 875 1426 929 omnino
1448 875 1666 940 defecit,
1694 884 1748 930 et
1774 892 1966 933 omnes

402 969 552 1024 sicco
581 968 716 1038 pede
747 967 1118 1038 praetergressi
1169 973 1316 1022 circa
1365 965 1619 1022 Hiericho
1665 977 1967 1024 castrame-

401 1058 498 1116 tati
522 1066 646 1113 sunt
665 1059 730 1111 ”.
768 1057 894 1112 Haec
920 1058 1171 1112 maximis
1202 1067 1352 1128 septa
1379 1061 1650 1115 moenibus
1685 1063 1967 1117 munieba-

398 1159 506 1208 tur.
542 1149 630 1205 Dei
657 1149 837 1219 jussu,
867 1164 984 1204 eam
1012 1165 1108 1218 per
1132 1149 1249 1205 dies
1282 1165 1373 1205 sex
1392 1151 1676 1208 obsidione
1703 1155 1962 1217 cinctam.

398 1241 628 1312 septima
657 1249 946 1312 antequam
986 1241 1102 1296 dies
1149 1241 1510 1306 illucesceret,
1544 1244 1784 1313 undique
1811 1247 1964 1300 inva-

399 1349 513 1391 sam
554 1334 697 1389 tubis
735 1334 1132 1404 elangentibus,
1174 1334 1536 1404 universeque
1577 1338 1778 1407 popqu
1827 1353 1966 1392 una-

395 1430 527 1486 nimi
557 1445 826 1486 consensu
861 1429 926 1484 ad
971 1428 1313 1484 clamandum
1343 1444 1372 1482 a
1404 1429 1781 1488 sacerdotibus
1811 1433 1962 1486 exci-

395 1531 530 1589 tato,
559 1533 612 1580 et
642 1539 800 1594 opem
848 1521 1078 1586 ferente,
1107 1521 1474 1590 diripuerunt,
1505 1532 1727 1592 repente
1768 1526 1964 1579 maeni-

395 1615 499 1674 bus
531 1603 809 1685 collapsls,
846 1621 1124 1682 totamque
1151 1612 1378 1667 Domino
1409 1622 1714 1671 sacrarunt.

465 1703 598 1761 Post
622 1707 669 1737 ’δ
695 1703 949 1760 Hiericho
987 1704 1192 1759 civitati
1215 1701 1313 1759 Vai
1347 1705 1698 1771 insidiantur,
1730 1721 1962 1776 eamque

2137 502 2424 570 Διάγοντος
2450 501 2507 554 δὲ
2537 499 2630 553 τοῦ
2665 499 2836 571 Ἰησοῦ
2865 500 2953 553 τὸν
2983 497 3108 552 λαὸν
3162 499 3255 551 καὶ
3282 497 3378 569 τὴν
3412 498 3649 553 κιϐωτὸν

2065 591 2462 663 τῆςΔιαθήκης
2487 590 2574 645 διὰ
2609 589 2703 644 τοῦ
2750 590 3035 661 Ἰορδάνου,
3067 590 3248 660 διέστη
3276 591 3343 643 τὰ
3378 589 3543 645 ὕδατα
3563 593 3647 654 είς

2067 690 2262 760 πῆγμα
2301 689 2358 741 ἓν
2392 687 2699 757 ἀφεστηκὸς
2743 685 2957 758 μακρὰν
2997 685 3230 756 σφόδρα⁸
3266 685 3325 738 τὸ
3367 685 3422 739 δὲ
3453 703 3646 739 θεατα-

2069 779 2251 833 ϐαἰνον
2284 781 2362 841 εἰς
2389 777 2486 848 τὴν
2519 776 2792 831 θάλασσαν
2822 776 2927 830 τῶν
2951 774 3090 832 ἁλῶν
3117 773 3332 846 Ἄραϐα
3352 776 3644 847 κατῆλθεν,

2066 871 2170 936 ἕως
2198 865 2258 926 οὗ
2288 875 2367 935 εἰς
2391 871 2542 934 τέλος
2574 870 2808 934 ἐξέλιπε,
2845 869 2939 923 καὶ
2972 868 3169 931 πάντες
3199 867 3289 920 ἐπὶ
3332 867 3500 938 ξηρᾶς
3531 867 3645 922 διέ-

2067 963 2272 1034 ϐησαν,
2309 964 2402 1019 καὶ
2438 961 2950 1032 στρατοπεδεύουσιν
2998 960 3092 1013 ἐπὶ
3133 959 3231 1030 τὴν
3271 959 3492 1030 Ἱεριχώ.
3528 958 3644 1014 Ἦν

2065 1052 2124 1106 δὲ
2170 1054 2308 1124 αὕτη
2361 1053 2634 1123 μεγίστοις
2693 1053 3028 1124 ὠχυρωμένη
3091 1052 3310 1121 τείχεσι.
3365 1051 3643 1106 Κυκλοῦσι

2065 1146 2196 1214 γοῦν
2225 1146 2392 1217 αὐτὴν
2422 1147 2513 1202 ἐπὶ
2542 1145 2752 1216 ἡμέρας
2793 1144 2872 1210 ἓξ,
2905 1144 3039 1197 Θεοῦ
3073 1142 3470 1216 προστάξαντος
3491 1159 3506 1174 ⁸
3540 1144 3646 1198 καὶ

2065 1238 2130 1306 τῇ
2161 1235 2356 1306 ἑϐδόμη
2381 1235 2575 1306 ὄρθρου
2603 1235 2894 1307 περιῆλθον
2916 1235 3084 1306 αὐτὴν
3109 1233 3334 1304 ἕϐδομον
3355 1233 3642 1299 κυκλόθεν,

2064 1329 2158 1383 καὶ
2200 1329 2250 1383 oi
2287 1329 2447 1398 ἱερεῖς
2489 1326 2882 1394 σαλπίγξαντες
2921 1332 3040 1390 ταῖς
3091 1324 3344 1393 σάλπιγξι
3383 1325 3471 1377 τὸν
3511 1323 3646 1378 λαὸν

2064 1418 2240 1471 πάντα
2274 1417 2534 1483 ἀλαλάξαι
2561 1417 2894 1490 ὁμοθυμαδὸν
2932 1419 3210 1490 διήγειραν
3229 1435 3242 1447 ·
3281 1419 3374 1471 καὶ
3407 1416 3647 1487 βοησάν-

2064 1527 2170 1562 των
2197 1508 2376 1563 αὑτῶν
2402 1549 2415 1572 ,
2459 1508 2796 1583 παραχρῆμα
2827 1508 2888 1561 τὸ
2924 1512 3099 1580 τεῖχος
3132 1507 3315 1570 ἔπεσε,
3354 1509 3447 1560 καὶ
3494 1506 3647 1559 ἑάλω

2066 1599 2100 1672 ή
2133 1597 2308 1660 πόλις,
2338 1597 2432 1652 καὶ⁸
2457 1599 2605 1650 πᾶσα
2631 1597 2708 1668 τῷ
2742 1598 2930 1668 Κυρίῳ
2959 1597 3200 1668 ὑπῆρξεν
3233 1597 3506 1666 ἀνάθημα.

2135 1692 2245 1745 Kal.
2278 1693 2415 1763 μετὰ
2447 1693 2545 1761 τὴν
2560 1689 2782 1762 -Ἱεριχὼ
2805 1689 3143 1762 ἐνεδρεύουσι
3174 1693 3271 1761 τὴν
3306 1690 3457 1742 πόλιν
3481 1689 3646 1755 Οὑαϊ,

395 1803 606 1867 captam
636 1797 760 1866 igne
785 1797 1161 1866 absumpsere,
1191 1806 1244 1853 et
1287 1813 1468 1868 regem
1514 1799 1662 1854 illius
1691 1800 1838 1869 ligno
1863 1815 1962 1870 ap-

2066 1784 2158 1838 καὶ
2179 1784 2432 1845 λαϐόντες
2451 1784 2621 1854 αὑτὴν
2644 1783 2970 1855 ἐνέπρησαν,
2996 1784 3089 1836 καὶ
3113 1783 3202 1836 τὸν
3230 1781 3448 1852 βασιλέα
3469 1781 3649 1850 αὐτῆς

393 1895 647 1960 pensum,
685 1887 758 1941 ita
787 1885 914 1947 Iesu
960 1891 1331 1961 praecipiente,
1371 1893 1520 1944 cruci
1561 1890 1864 1955 aﬂixerunt,
1909 1899 1963 1945 et

387 1980 676 2041 occidente
712 1985 845 2051 sole,
894 1985 947 2038 in
986 1985 1180 2038 vallem
1225 1997 1427 2054 corpus
1471 1983 1616 2041 illius
1661 1984 1962 2054 projectum

397 2089 589 2134 acervo
620 2075 857 2148 lapidum
888 2074 1206 2128 obruerunt.
1519 2079 1525 2082 ‘

466 2252 798 2316 Gabaonitte,
830 2252 922 2308 ubi
971 2251 1039 2309 ad
1080 2268 1175 2309 eos
1211 2251 1562 2308 Iudaicarum
1615 2252 1962 2308 obsidionum

393 2345 538 2406 fama
561 2344 738 2400 delata
785 2351 870 2400 est
905 2346 1080 2417 (erant
1107 2348 1249 2401 enim
1279 2357 1467 2399 eorum
1500 2343 1714 2398 finitimi
1754 2355 1808 2400 et
1836 2360 1963 2415 pro-

392 2436 630 2509 pinqui),
652 2437 920 2490 malitiose
951 2436 1222 2492 lsraelitas
1263 2437 1364 2491 hoc
1395 2443 1554 2507 pacto
1595 2438 1959 2492 eluserunt".

394 2527 475 2587 Ne
533 2531 676 2584 enim
728 2529 1172 2598 approximantes
1229 2529 1376 2582 circa
1432 2542 1620 2584 eorum
1687 2529 1962 2583 civitatem

398 2627 946 2684 castrametarentur,
977 2626 1277 2676 occurrunt
1317 2621 1452 2684 illis,
1496 2629 1646 2675 veste
1678 2627 1731 2674 et
1764 2621 1963 2677 calceis

392 2711 646 2768 discissis
680 2710 876 2774 induti,
911 2715 1070 2780 panis
1097 2711 1230 2765 sicci
1261 2711 1517 2780 carieque
1545 2710 1724 2775 obesi,
1771 2723 1964 2766 saccos

393 2811 656 2870 utrasque
693 2809 940 2856 vetustos
974 2811 1276 2870 portantes,
1297 2803 1661 2872 quidixerunt
1685 2821 1697 2857 :
1723 2821 1741 2854 ι
1765 2800 1964 2856 Nostra

391 2892 586 2947 oivitas
645 2892 806 2960 longe
845 2892 1036 2947 dissita
1061 2901 1174 2957 est;
1211 2907 1379 2962 panes
1400 2893 1544 2948 enim
1582 2893 1684 2948 hos
1712 2899 1962 2949 recentes

389 2983 550 3041 nobis
569 2983 897 3053 paravimus,
928 2985 1416 3053 vestimentumque
1431 2999 1538 3054 quo
1558 2985 1845 3050 volvimur,
1864 3000 1964 3038 nov

2066 1876 2159 1930 ἐπὶ
2206 1874 2361 1942 ξύλου
2405 1875 2813 1946 κρεμάσαντες,
2863 1873 3262 1946 προστάξαντος
3302 1874 3393 1926 τοῦ
3439 1871 3641 1940 Ἰησοῦ,

2064 1966 2432 2039 ἐσταύρωσαν.
2454 1968 2561 2020 Καὶ
2583 1966 2826 2030 δύνοντος
2845 1966 2938 2019 τοῦ
2967 1966 3116 2037 ἡλίου
3143 1965 3367 2037 ἔρριψαν
3391 1965 3452 2016 τὸ
3479 1964 3641 2033 σῶμα

2063 2059 2229 2114 αὐτοῦ
2273 2061 2354 2122 εἰς
2405 2060 2694 2131 φάραγγα,
2723 2059 2817 2112 καὶ
2873 2057 3033 2131 σωρῷ
3079 2057 3210 2110 αὑτὸ
3241 2056 3400 2109 λίθων
3431 2055 3646 2125 ἐπέχω-

2065 2168 2184 2209 σαν.
3165 2187 3216 2214 ν
3238 2197 3244 2203 .

2134 2245 2199 2298 Οἱ
2226 2244 2280 2296 δὲ
2301 2243 2656 2306 Γαϐαωνῖται,
2677 2239 2881 2294 τούτων
2916 2239 3016 2304 τὰς
3051 2239 3365 2312 πολιορκίας
3395 2237 3640 2309 πυθόμε-

2064 2352 2146 2388 νοι
2199 2334 2471 2405 (ὑπῆρχον
2504 2334 2614 2404 γὰρ
2651 2331 2829 2386 αὐτῶν
2864 2330 3289 2400 ἀστυγείτονες),
3315 2329 3641 2400 πανούργως

2062 2428 2188 2488 τοὺς
2244 2424 2575 2497 Ἰσραηλίτας
2635 2424 3105 2492 κατασοφίζονται.
3135 2418 3315 2475 Ἦσαν
3358 2422 3420 2492 (Ι.
3449 2421 3523 2482 ὡς
3547 2417 3640 2490 av]

2063 2517 2173 2589 γὰρ
2200 2517 2273 2588 μὴ
2304 2517 2608 2587 φθάσαντες
2662 2521 2728 2587 τῇ
2767 2517 2917 2570 πόλει
2951 2515 3127 2569 αὐτῶν
3179 2514 3642 2587 παρεμϐάλωσιν,

2063 2610 2369 2664 ὑπαντῶσιν
2397 2611 2581 2673 αὐτοῖς
2612 2609 2814 2681 ἐσθῆτα
2839 2611 2930 2662 καὶ
2959 2609 3281 2680 ὑποδήματα
3305 2605 3644 2676 διερρωγότα

2063 2702 2424 2772 ἠμφιεσμένοι
2446 2741 2460 2765 ,
2495 2705 2589 2756 καὶ
2623 2703 2858 2766 σάκκους
2896 2703 3074 2773 ἄρτων
3107 2700 3286 2772 ξηρῶν
3341 2699 3432 2753 καὶ
3464 2699 3646 2769 εὑρω-

2064 2793 2302 2849 τιώντων
2325 2835 2341 2860 ,
2376 2795 2470 2847 καὶ
2520 2796 2723 2858 ἀσκοὺς
2769 2795 3031 2858 παλαιοὺς
3075 2792 3460 2865 ἐπηχθισμένοι
3484 2831 3498 2854 ,
3534 2792 3648 2860 qa-

2065 2902 2286 2950 σκοντες
2315 2887 2497 2951 αὐτοῖς
2516 2903 2530 2918 ·
2559 2905 2578 2937 ι
2615 2888 2678 2940 Ἡ
2708 2887 2806 2957 μὲν
2831 2887 2984 2949 πόλις
3010 2887 3163 2958 ἡμῶν
3194 2885 3327 2938 πολὺ
3352 2885 3442 2953 ἀφ’
3467 2883 3636 2952 ἡμῶν

2063 2976 2314 3049 διέστηκε
2333 2995 2346 3008 ·
2377 2979 2503 3043 τοὺς
2536 2978 2643 3051 γάρ
2669 2978 2870 3050 ἄρτους
2889 2977 3110 3042 τούτους
3148 2977 3371 3049 νεαροὺς
3401 2973 3645 3044 ὲφωδιά-

392 3088 516 3130 vum
546 3081 685 3137 erat,
713 3088 840 3127 cum
887 3073 1184 3138 induimus,
1218 3075 1498 3144 calceique
1530 3077 1678 3139 novi,
1711 3091 1835 3130 cum
1865 3091 1961 3132 eos

2067 3069 2311 3141 σθημεν,
2367 3073 2461 3126 καὶ
2504 3073 2604 3143 τὴν
2655 3071 2860 3142 ἐσθῆτα
2912 3072 2980 3143 ἢν
3027 3069 3382 3142 περικείμεθα
3445 3067 3649 3138 καινὴν

390 3127 619 3238 pedibus
649 3127 1026 3238 adaptavimus
1055 3184 1069 3233 ;
1094 3127 1186 3222 sed
1218 3127 1545 3224 hwc'orjnn'ia—
1584 3127 1960 3240 longum—pro:-

2066 3127 2436 3234 ὴμιὲιέσμεθα,
2472 3127 2571 3218 καί
2597 3164 2664 3218 τὰ
2691 3127 3015 3234 ὑποδήματα
3048 3127 3145 3217 νέα
3182 3127 3294 3226 τοξ
3329 3161 3483 3214 ποσὶν
3532 3127 3651 3213 ὑπ.

389 3257 722 3328 ductumque
771 3259 875 3315 iter
922 3257 1159 3313 confecit
1218 3260 1540 3315 inveterata.
1597 3259 1733 3316 lnite
1793 3261 1961 3332 igitur

387 3347 674 3410 nobiscum
698 3364 908 3419 pacem,
935 3358 989 3406 et
1011 3352 1066 3405 in
1081 3351 1374 3407 amicitiam
1406 3349 1688 3422 fmdusque
1716 3359 1959 3407 vestrum

387 3457 490 3501 nos
526 3441 813 3502 admittite.
852 3461 870 3494 ι
893 3441 1342 3500 EtbeatusIesus
1363 3443 1725 3513 jurejurando
1767 3444 1958 3498 amici-

386 3534 517 3588 tiam
555 3549 679 3589 cum
729 3533 838 3588 illis
881 3533 1120 3589 habitam
1163 3535 1408 3589 stabiliit.
1453 3534 1741 3604 Deinceps,
1766 3545 1957 3589 eorum

386 3624 512 3682 dolo
560 3635 860 3696 comperto,
891 3627 960 3680 ab
1015 3627 1118 3691 eis,
1165 3642 1235 3682 ne
1269 3628 1658 3697 jusjurandum
1707 3627 1956 3692 violaret,

391 3715 675 3782 abstinuit,
706 3716 800 3772 sed
850 3716 993 3786 ligna
1020 3725 1073 3770 et
1108 3732 1304 3786 aquam
1351 3717 1718 3774 lsraelitarum
1758 3717 1958 3789 populo

383 3804 676 3872 advehere,
700 3821 800 3877 pro
826 3806 1217 3877 fraudejussit.

456 3981 564 4037 Sed
592 3981 954 4047 Adonibezec,
973 3997 1065 4037 rex
1084 3980 1442 4051 Hierusalem,
1466 3983 1807 4050 Gabaonitis,
1835 3993 1958 4041 tan-

385 4090 549 4145 quam
578 4073 688 4130 illis
721 4074 815 4145 qui
847 4073 914 4129 ad
943 4072 1218 4131 lsraelitas
1257 4076 1444 4132 hostes
1460 4077 1815 4142 defecissent,
1847 4078 1957 4133 ira-

383 4175 496 4231 tus,
546 4181 738 4221 omnes
789 4166 1050 4222 finitimos
1103 4184 1259 4239 reges
1303 4170 1408 4225 sibi
1444 4169 1650 4224 auxilio
1685 4170 1949 4241 jungens,

384 4255 566 4319 Elam
591 4273 774 4328 regem
804 4257 1080 4327 Chebron,
1105 4267 1159 4315 et
1189 4258 1418 4315 Phidom
1451 4276 1631 4331 regem
1660 4260 1951 4328 Ierimuth,

383 4357 437 4404 et
464 4347 630 4420 Sipha
668 4365 848 4420 regem
884 4349 1105 4418 Laehis,
1137 4366 1237 4405 nec
1271 4367 1382 4405 non
1411 4359 1464 4406 et
1490 4349 1603 4405 Dad
1634 4365 1814 4423 regem
1853 4353 1956 4407 Sa-

2057 3256 2324 3326 εϐάλομεν
2344 3273 2357 3286 ο
2388 3257 2480 3310 καὶ
2512 3255 2686 3310 ταῦτα
2714 3257 2890 3310 πάντα
2911 3257 2971 3310 τὸ
2993 3257 3166 3327 μῆκος
3191 3256 3289 3326 τῆς
3334 3251 3455 3306 ὁδοῦ
3502 3270 3651 3306 κατ-

2053 3348 2270 3423 έτριψε.
2295 3351 2390 3403 καὶ
2423 3350 2751 3407 ὲπαλαίωσε.
2779 3348 3037 3402 Διάθεσθε
3061 3343 3152 3400 οὖν
3189 3346 3325 3418 πρὸς
3375 3345 3521 3416 ἡμᾶς
3555 3346 3647 3398 εί-

2061 3442 2252 3512 ρήνην,
2285 3442 2377 3495 καὶ
2397 3441 2586 3511 φίλους
2617 3441 2773 3513 ἡμῶν
2795 3441 3188 3512 καταστήσατε.
3215 3459 3232 3490 ι
3266 3437 3376 3491 Kal.
3397 3440 3424 3490 ὁ
3451 3438 3649 3507 μακά-

2059 3549 2180 3604 ριος
2219 3534 2427 3606 Ἰησοῦς
2471 3535 2653 3605 ὅρκοις
2697 3534 2920 3605 εἰρήνην
2951 3532 3048 3602 τὴν
3091 3532 3228 3604 πρὸς
3272 3532 3468 3594 αὐτοὺς
3511 3533 3652 3583 ἑπι-

2061 3622 2322 3677 στώσατο.
2357 3623 2620 3693 ’Υστερον
2666 3623 2723 3676 δὲ
2776 3622 2873 3694 τὴν
2915 3623 3246 3694 πανουργίαν
3291 3621 3469 3675 αὐτῶν
3513 3623 3651 3674 ἑπιρ-

2058 3715 2240 3782 γνοὺς,
2263 3715 2518 3782 ὲιρείσατο
2549 3714 2646 3784 μὲν
2680 3714 2858 3766 αὐτῶν
2885 3714 2971 3767 διὰ
2995 3716 3086 3767 τὸν
3114 3714 3294 3785 ὅρκον,
3319 3711 3650 3783 ξυλοφορεῖν

2058 3805 2117 3859 δὲ
2151 3807 2244 3858 καὶ
2277 3806 2591 3878 ὑδροφορεῖν
2611 3807 2722 3870 τοῖς
2757 3805 3116 3878 Ἰσραηλίταις
3135 3807 3258 3860 ἀντὶ
3288 3805 3388 3876 τῆς
3414 3805 3648 3878 ἀπάτης

2059 3896 2416 3968 προσέταξεν.

2142 3986 2448 4058 Ὀργισθεὶς
2475 3987 2532 4041 δὲ
2567 3985 2916 4052 Ἀδωνιϐεζὲκ
2935 3987 2964 4039 ὁ
2989 3986 3239 4057 βασιλεὺς
3278 3985 3648 4059 Ἰερουσαλὴμ.

2057 4079 2152 4136 ἐπὶ
2176 4079 2236 4132 τὸ
2255 4078 2625 4150 αὐτομολῆσαι
2655 4081 2769 4143 τοῖς
2805 4078 3161 4150 Ἰσραηλίταις
3191 4080 3317 4142 τοὺς
3351 4079 3644 4132 Γαϐαωνί-

2057 4191 2174 4238 τας,
2207 4173 2528 4244 συμμάχους
2555 4175 2682 4237 τοὺς
2714 4173 3119 4244 πλησιοχώρους
3152 4173 3331 4226 λαϐὼν
3366 4172 3644 4243 βασιλεῖς,

2055 4267 2146 4319 τὸν
2179 4263 2360 4334 Αίλὰμ
2393 4263 2616 4333 βασιλέα
2649 4262 2873 4334 Χεϐρὼν
2892 4303 2906 4328 ,
2935 4263 3028 4318 καὶ
3073 4263 3164 4316 τὸν
3209 4260 3378 4315 Φιδὼν
3404 4262 3495 4315 τὸν
3527 4263 3643 4333 τῆς

2069 4355 2354 4428 Ἰεριμοὺδ,
2389 4354 2483 4408 καὶ
2515 4352 2654 4422 mea;
2685 4353 2779 4406 τὸν
2807 4353 3024 4424 Λαχεὶς,
3055 4352 3134 4406 ἔτι
3180 4353 3235 4407 δὲ
3273 4354 3368 4408 καὶ
3399 4353 3491 4407 τὸν
3520 4355 3648 4410 Δὰδ

381 4439 1342 4506 dollam,castrametatus,obsidione
1360 4443 1637 4512 premebat
1658 4442 1950 4500 Gabaon".

2066 4447 2154 4517 τῆς
2210 4443 2514 4515 Σοδολλὰμ,
2557 4444 3014 4514 ἐστρατοπέδευσε
3053 4445 3190 4516 πρὸς
3247 4445 3476 4510 αὐτοὺς,
3535 4449 3644 4502 καὶ

383 4529 696 4586 Gabaonitaa
722 4531 880 4587 malis
896 4533 1165 4603 Oppressi,
1183 4533 1390 4603 legatos
1411 4534 1632 4586 mittunt
1651 4532 1716 4586 ad
1740 4531 1948 4598 Iesum,

379 4624 472 4694 qui
504 4624 558 4680 in
591 4621 828 4694 Galgalis
858 4641 982 4679 cum
1021 4635 1187 4690 esset,
1231 4625 1348 4679 acie
1382 4637 1449 4679 ex
1488 4623 1718 4680 adverso
1745 4626 1950 4681 instru-

381 4723 491 4777 cta,
517 4725 842 4785 congressus
901 4726 987 4772 est
1046 4715 1324 4788 fugatique
1383 4717 1698 4787 alienigenae
1744 4720 1944 4788 partim

380 4804 560 4875 gladio
605 4805 932 4866 occubuere,
994 4805 1193 4875 partim
1253 4805 1535 4875 grandine.
1590 4803 1946 4875 Fugientibus

379 4895 523 4950 enim
551 4895 694 4950 Deus
726 4897 1044 4966 grandinem
1092 4896 1352 4961 immittit,
1380 4910 1502 4967 quae
1547 4896 1731 4968 plures
1763 4897 1947 4950 inimi-

379 5002 567 5044 corum
597 5002 760 5058 quam
805 4987 1006 5042 bellum
1048 4987 1362 5044 interemit:
1412 4997 1473 5043 ut
1498 4997 1678 5044 autem
1725 4990 1949 5045 omnino

377 5095 473 5134 eos
505 5079 707 5135 deleret
739 5077 919 5145 Iesus,
953 5078 1122 5135 Deum
1152 5080 1346 5145 oravit,
1375 5092 1434 5135 ut
1454 5080 1596 5135 diem
1628 5088 1825 5150 praeter
1853 5096 1950 5136 na-

375 5177 512 5230 turai
531 5170 774 5228 ordinem
797 5172 1139 5242 protraheret
1153 5187 1340 5228 versus
1367 5170 1611 5237 Gabaon,
1627 5171 1760 5226 solis
1783 5187 1947 5228 cursu

378 5264 663 5336 impedito,
699 5273 754 5320 et
785 5281 975 5321 versus
1021 5265 1215 5320 vallem
1254 5267 1466 5328 Arnon,
1505 5265 1683 5330 lunae;
1714 5274 1767 5320 et
1804 5263 1944 5320 Deus

377 5357 548 5414 solem
583 5373 614 5412 a
646 5373 813 5413 cursu
865 5358 1064 5423 arcuit,
1111 5366 1166 5412 et
1205 5359 1723 5429 lunam,quousque
1762 5359 1816 5413 in
1860 5359 1947 5414 die

378 5450 614 5522 integro,
649 5449 835 5506 hostes
857 5449 1130 5522 praedatus
1157 5461 1259 5505 est.
1311 5449 1565 5522 Quinque
1590 5459 1772 5505 autem
1809 5466 1944 5522 gen-

376 5542 512 5598 tium
536 5557 693 5612 reges
723 5541 884 5600 Iesus
929 5541 1075 5598 Nave
1122 5557 1247 5600 cum
1278 5543 1515 5618 abditos.
1547 5544 1847 5600 invenisset
1890 5543 1946 5598 in

2055 4537 2361 4610 ἐπολιόρκει
2391 4536 2486 4607 τὴν
2515 4535 2760 4591 Γαϐαών.
2795 4538 2857 4590 Ol
2892 4537 2949 4590 δὲ
2970 4536 3304 4589 Γαϐαωνῖται
3338 4535 3643 4607 συνεχόμεο

2055 4645 2135 4683 νοι
2167 4628 2556 4702 πρεσϐεύονται
2590 4628 2728 4699 πρὸς
2771 4626 2993 4698 Ἰησοῦν.
3046 4627 3102 4680 '0
3143 4627 3201 4680 δὲ
3245 4629 3302 4681 ὲν
3336 4627 3647 4693 Γαλγάλοις

2053 4720 2151 4784 ὢν,
2180 4719 2646 4792 ἀντιπαρετάξατο
2673 4719 2876 4782 αὐτοῖς,
2901 4719 2993 4772 καὶ
3025 4717 3300 4789 συμϐολῆς
3329 4718 3646 4790 γενομένης

2053 4811 2440 4884 ὲτροπώθησαν
2471 4812 2522 4864 οί
2582 4809 2903 4880 ἀλλόφυλοι·
2959 4811 3052 4863 καὶ¹
3104 4811 3155 4862 οἱ
3201 4811 3298 4881 μὲν
3353 4808 3494 4878 ξίφει
3554 4810 3647 4864 διο

2055 4903 2392 4974 εφθάρησαν,
2430 4905 2479 4956 οί
2509 4902 2569 4956 δὲ
2601 4901 2829 4973 χαλάζῃ.
2865 4904 3175 4970 Φευγόντων
3208 4901 3318 4974 γὰρ
3356 4901 3566 4965 αὐτῶν,
3611 4907 3646 4958 ὸ

2053 4995 2186 5058 Θεὸς
2218 4995 2458 5067 χάλαζαν
2503 4996 2688 5058 αὐτοῖς
2723 4993 3151 5065 κατώμϐρησεν,
3181 4994 3305 5064 ἥτις
3344 4993 3646 5060 πλείστους

2054 5088 2163 5142 τῶν
2191 5090 2446 5142 ἐναντίων
2482 5089 2681 5151 ἀνεῖλε,
2711 5088 2856 5158 ἥπερ
2881 5089 2909 5140 ὁ
2935 5086 3188 5157 πόλεμος.
3218 5088 3332 5140 Ἵνα
3355 5087 3410 5139 δὲ
3443 5088 3643 5144 τέλεον

2054 5180 2352 5255 ἐξαφανίσῃ
2376 5182 2570 5244 αὑτοὺς
2616 5179 2842 5252 Ἰησοῦς,
2875 5178 3079 5250 ηὔξατο
3095 5180 3173 5250 τῷ
3194 5179 3333 5250 Θεῷ,
3351 5181 3498 5244 ὅπως
3524 5183 3644 5255 τὴν

2051 5271 2264 5343 ἡμέραν
2288 5271 2438 5341 παρὰ
2471 5272 2629 5343 φύσιν
2666 5270 2882 5343 μηκύνῃ
2907 5273 3093 5335 αὑτοῖς
3131 5273 3332 5343 στήσας
3355 5272 3446 5325 τὸν
3474 5273 3643 5344 ἥλιον

2053 5362 2194 5417 κατά
2235 5362 2478 5427 Γαϐαὼν,
2513 5363 2607 5417 καὶ
2634 5364 2735 5431 τὴν
2771 5365 2997 5436 σελήνην
3029 5365 3170 5418 κατὰ
3208 5363 3472 5435 φάραγγα
3509 5366 3643 5438 Ἀρ-

2051 5453 2177 5509 νῶν.
2214 5454 2323 5507 Kal.
2369 5454 2594 5526 ἔστησεν
2623 5457 2650 5508 ὁ
2682 5454 2814 5519 Θεὸς
2856 5456 3042 5509 στάσει
3069 5457 3159 5508 τὸν
3190 5456 3340 5527 ἥλιον
3384 5456 3480 5510 καλ⁸
3523 5458 3640 5529 τὴν

2055 5546 2305 5618 σελήνην,
2340 5546 2445 5608 ἕως
2502 5541 2564 5602 οὗ
2615 5548 2952 5622 πανημέριον
3001 5549 3126 5612 τοὺς
3169 5548 3460 5620 πολεμίους
3485 5547 3637 5620 ἥλω.

451 5718 632 5776 "Jos.
659 5735 742 5777 ιιι.
812 5719 1003 5786 _"Jos.
1036 5738 1122 5801 νιι
1187 5723 1235 5793 3⁵
1260 5720 1376 5778 los.
1412 5739 1530 5779 vm.
1607 5724 1651 5758 "
1675 5721 1793 5777 las.
1837 5737 1912 5778 ix.

2066 5721 2271 5805 103.}.
