3840 6164
205 245 330 304 795
1145 251 1422 311 SPURIA.
1456 283 1527 296 --
1555 251 1920 313 COMMENT.
1968 251 2036 308 IN
2069 249 2567 310 IEXAEMERON.
3367 255 3472 310 794

200 367 362 432 Τοὺς
394 367 451 423 δὲ
502 369 662 422 πέντε
707 369 946 442 βασιλεῖς
996 371 1106 426 τῶν
1157 373 1327 428 ἐθνῶν
1373 373 1580 445 Ἰησοῦς
1629 373 1658 426 ὁ
1701 370 1788 425 τοῦ

1901 373 2183 444 spelunca,
2221 371 2449 441 supinos
2480 368 2629 432 humi
2667 368 2964 442 projectos.
2996 378 3050 426 et
3084 385 3113 425 a
3144 373 3342 442 populo
3376 389 3473 428 su-

201 460 375 530 Ναυῆ
429 463 834 533 κρυπτομένους
879 463 1087 536 εὑρὼν,
1139 467 1219 529 είς
1261 465 1520 537 σπήλαιον
1571 465 1788 528 ὑπτίους

1897 481 1996 535 per
2014 465 2158 520 collo
2193 465 2548 520 conculcatus
2583 464 2878 526 interemit,
2923 471 2975 518 et
3018 478 3206 518 eorum
3236 478 3470 532 corpora

201 551 309 604 ἐπὶ
343 551 443 621 τῆς
472 553 593 624 γῆς,
632 555 853 626 ῥιφῆναι
899 556 1096 620 αὐτοὺς
1141 557 1438 629 πρόσεταξε
1458 599 1474 624 ,
1508 559 1601 610 καὶ
1628 573 1788 611 κατιιι⁴

1898 555 2061 627 lignis
2093 569 2353 626 appensa,
2380 553 2600 608 tandem
2631 553 2686 608 in
2712 555 2972 623 spelunca
3004 553 3236 623 sepeliit,
3267 563 3320 608 et
3352 569 3473 606 om-

200 643 508 697 πατεῖσθαι
541 645 644 698 ὑπὸ
677 646 770 699 τοῦ
799 647 930 700 λαοῦ
970 650 1063 703 ἐπὶ
1106 650 1201 704 τοῦ
1229 651 1498 722 τραχήλου
1541 651 1788 721 ποιήσας.

1895 648 2058 704 nibus
2087 661 2276 701 eorum
2322 646 2637 700 civitatibus
2675 645 2927 716 expilatis
2966 657 3280 699 montanam
3323 659 3472 699 cam-

198 736 504 790 ἁπέκτεινε
522 754 535 767 ·
564 737 654 791 καὶ
689 738 760 792 τὰ
786 738 1014 810 σώματα
1040 742 1219 796 αὐτῶν
1244 745 1336 796 ἐπὶ
1369 742 1526 810 ξύλου
1560 743 1788 813 άναρτή·

1895 747 2242 809 pestremque
2270 739 2542 808 regionem
2579 738 2811 806 subegit.

201 844 340 893 σας,
375 828 600 900 ὕστερον
632 832 712 894 είς
737 832 799 884 τὸ
836 835 1100 904 σπήλαιον
1126 834 1264 890 αὐτὰ
1291 834 1588 909 κατώρυξε.
1617 834 1802 898 Πάσας
1824 821 1892 886 δὲ
1923 831 2022 895 τὰς
2055 830 2238 894 πόλεις
2267 830 2610 901 ἐκπορθήσας
2659 829 2860 895 αὐτῶν,
2926 831 3105 884 πᾶσαν
3129 828 3230 900 τὴν
3257 827 3472 901 ὀρεινὴν

200 919 310 972 καὶ
335 919 434 990 τὴν
461 921 679 992 πεδινὴν
708 921 962 990 ὑπέταξε.

296 1010 479 1084 Ἀσὼρ
509 1013 586 1076 δὲ,
613 1015 641 1067 ὁ
669 1012 919 1084 βασιλεὺς
960 1015 1151 1082 Ἰαϐὶν,
1187 1019 1508 1091 συμμάχους
1542 1018 1667 1083 τοὺς
1698 1017 1796 1072 πέ-

206 1100 300 1173 ριξ
335 1101 518 1156 λαϐὼν
575 1103 812 1174 βασιλεῖς
839 1148 852 1170 ,
895 1107 1091 1180 πολλὴν
1125 1113 1397 1182 συνήγαγε
1429 1111 1678 1182 δύναμιν,
1720 1110 1797 1174 ὡς

202 1190 433 1244 εἰκάσαι
465 1192 526 1244 τὸ
569 1193 776 1263 πλῆθος
806 1196 906 1265 τῆς
943 1199 1232 1268 στρατείας
1273 1199 1452 1252 αὐτῶν
1497 1202 1563 1270 τῇ
1609 1201 1798 1271 ἀναρι-

202 1280 414 1353 θμήτῳ
437 1282 535 1353 τῆς
562 1282 834 1355 Θαλάσσης
857 1285 1088 1358 ψάμμῳ,
1113 1289 1207 1340 καὶ
1224 1289 1688 1361 ὰντιπαρετάξατο
1716 1289 1794 1359 τῷ

217 1374 428 1446 Ἰησοῦ.
467 1375 524 1428 Ὀ
555 1375 612 1428 δὲ
641 1378 822 1441 αὐτοῖς
873 1379 1026 1448 ἄφνω
1077 1379 1352 1434 ἐπιπεσὼν
1389 1381 1595 1452 Ἰησοῦς
1633 1382 1794 1436 αὐτόν

199 1483 266 1520 τε
291 1469 392 1521 καὶ
414 1469 618 1532 πάντας
645 1472 771 1534 τοὺς
796 1472 1118 1542 συμμάχους
1139 1475 1441 1543 πανστρατὶ
1465 1474 1790 1542 κατέσφαξε,

201 1561 306 1614 καὶ
352 1563 479 1626 τοὺς
536 1563 736 1626 ἵππους
785 1563 962 1615 αὐτῶν
1006 1564 1432 1636 ὲνευροκόπησε,
1487 1566 1580 1618 καὶ
1615 1568 1793 1620 πᾶσαν

1971 1010 2142 1066 Porro
2175 1010 2316 1064 Asor
2352 1025 2445 1064 rex
2473 1008 2632 1064 Jabin
2654 1009 2722 1076 ’⁷,
2754 1025 2942 1065 omnes
2984 1025 3142 1080 reges
3172 1011 3384 1068 vicinos
3414 1013 3470 1068 in

1902 1104 2163 1157 auxilium
2184 1111 2405 1156 vocatos
2426 1106 2742 1156 immensam
2761 1103 3041 1172 copiarum
3061 1104 3471 1160 multitudinem

1899 1195 2096 1263 coegit,
2124 1194 2199 1248 ita
2244 1200 2305 1246 ut
2337 1193 2721 1246 innumerabili
2753 1207 2930 1246 arenae
2962 1195 3132 1249 maris
3160 1195 3357 1248 similis
3388 1197 3472 1248 vi-

1899 1285 2144 1349 deretur,
2179 1286 2380 1355 quibus
2410 1301 2468 1340 se
2494 1283 2654 1340 Jesus
2681 1286 2956 1354 opposuit.
2974 1286 3042 1340 At
3069 1287 3157 1340 hic
3175 1287 3472 1357 improviso

1899 1377 2232 1446 irrumpens,
2259 1377 2437 1446 ipsum
2482 1391 2782 1446 omnesque
2809 1377 2930 1446 ejus
2962 1377 3258 1432 auxiliares
3287 1379 3472 1448 copias

1898 1469 2270 1525 internecione
2307 1468 2524 1533 delevit,
2566 1479 2828 1539 artusque
2879 1485 3142 1538 equorum
3195 1470 3470 1539 abscidit,

1897 1571 1952 1617 et
1991 1579 2180 1618 eorum
2217 1570 2417 1616 terram
2452 1565 2762 1616 universam
2802 1561 3063 1617 lsraelitis
3096 1564 3330 1632 partitus
3363 1571 3468 1619 est.

202 1651 397 1705 αὐτῶν
443 1654 541 1724 τὴν
571 1655 675 1724 γῆν
719 1657 831 1718 τοῖς
876 1654 1232 1725 Ἰσραηλίταις
1274 1655 1539 1727 διένειμε·
1587 1660 1653 1727 τῇ
1699 1657 1788 1726 μὲν

1899 1656 1964 1711 Et
2010 1657 2177 1711 tribui
2235 1653 2426 1710 Ruben
2470 1654 2710 1708 sortibus
2752 1654 3018 1722 conjectis
3067 1653 3216 1708 dedit
3268 1663 3471 1709 terram

206 1743 357 1814 φυλῇ
388 1744 484 1796 τοῦ
523 1744 734 1798 Ῥουϐὶν
770 1745 866 1816 τὴν
895 1747 1002 1800 τῶν
1038 1749 1378 1819 Ἀμορραίων
1413 1750 1517 1820 γῆν
1546 1751 1792 1822 ἀπεκλή-

209 1851 360 1905 ρωσε
394 1837 488 1889 καὶ
515 1836 614 1908 τὴν
657 1839 950 1910 Ῥαφασὴν,
986 1839 1084 1910 τὴν
1119 1840 1176 1893 δὲ
1225 1839 1332 1893 Γὰδ
1369 1841 1466 1912 τὴν
1493 1843 1662 1912 αὐτὴν
1689 1843 1793 1913 γῆν

203 1927 320 1983 τῶν
365 1929 731 2001 ’Δμορραίων,
756 1933 849 1984 καὶ
881 1932 943 1984 τὸ
975 1933 1146 2003 ἥμισυ
1209 1934 1348 2005 φυλῇ
1385 1935 1653 2006 Μανασσῆ
1687 1937 1795 1989 ἀπ-

204 2018 423 2090 ένειμε,
461 2023 556 2073 καὶ
581 2025 649 2092 τῇ
687 2023 825 2094 φυλῇ
867 2025 1034 2077 ’ἰούδα
1065 2023 1163 2096 τὴν
1186 2025 1295 2079 τῶν
1352 2026 1612 2098 Ἑϐραίων
1638 2065 1652 2092 ,
1699 2027 1793 2080 καὶ

201 2109 510 2173 Χετταίων,
568 2114 661 2164 καί
701 2113 798 2186 τὴν
846 2114 1122 2187 Ἐνακείμ.
1162 2119 1364 2186 Ἤγουν
1411 2118 1578 2172 Ἰούδα
1628 2119 1789 2191 φυλὴ,

205 2203 506 2274 σύμμαχον
540 2205 779 2260 λαϐοῦσα
820 2209 920 2280 τὴν
951 2210 1121 2280 φυλὴν
1155 2209 1411 2281 Συμεὼν,
1445 2213 1571 2275 τοὺς
1605 2213 1791 2266 Χαναο

203 2299 398 2362 ναίους
427 2299 522 2352 καὶ
571 2301 896 2370 Φερεζαίους
935 2303 1234 2375 ἐπόρθησε,
1270 2305 1363 2357 καὶ
1405 2305 1674 2375 φεύγοντα
1700 2306 1791 2360 τὸν

214 2389 577 2455 Ἀδωνιϐεςὲκ
627 2394 1048 2464 χειρωσάμενοι,
1098 2397 1222 2461 τοὺς
1261 2398 1430 2460 πόδας
1472 2399 1637 2452 αὐτοῦ
1696 2399 1791 2452 καὶ

205 2480 305 2543 τὰς
339 2484 528 2553 χεῖρας
552 2486 1002 2556 ἠκρωτηρίασαν·
1028 2488 1119 2541 καὶ
1148 2490 1571 2561 κατοδυρόμενος
1598 2493 1787 2546 ἑαυτὸν

203 2571 309 2644 εφη
337 2591 350 2604 ο
379 2593 397 2624 ι
424 2575 623 2641 Καθὼς
645 2577 1048 2650 ὲποίησα,οὖτω
1067 2599 1155 2652 μοι
1180 2583 1208 2634 ὁ
1239 2583 1368 2647 Θεὸς
1382 2586 1782 2643 ἀνταπέδωκεν.

215 2663 622 2738 Ἐϐδομήκοντα
653 2669 761 2742 γὰρ
816 2671 1084 2740 βασιλεῖς,
1131 2673 1201 2726 τὰ
1263 2675 1408 2746 ἄκρα
1455 2677 1562 2729 τῶν
1607 2677 1784 2730 ποδῶν

203 2757 392 2810 αὐτῶν
425 2760 516 2811 καὶ
548 2759 656 2813 τῶν
695 2761 892 2833 χειρῶν
923 2763 1337 2833 ὲκκεκομμένοι,
1367 2766 1624 2820 ὑποκάτω
1646 2763 1783 2838 ἦσαν

202 2847 303 2918 τῆς
348 2849 630 2923 τραπέζης
687 2870 787 2923 μου
840 2854 908 2908 τὰ
963 2857 1305 2926 ἐμπίπτοντα
1357 2859 1730 2927 ὰναλέγοντες.
1762 2880 1780 2913 ι

205 2941 507 3012 Κομισθεὶς
526 2940 618 2996 οὖν
631 2947 709 3008 εἰς
726 2947 792 2998 Ἰε
803 2947 1034 3018 ρουσαλὴ
1043 2965 1081 3018 μ
1100 2949 1414 3020 παραυτίκα
1432 2951 1686 3006 ἀπέθανε,
1701 2953 1779 3024 Τῇ

1896 1747 2362 1808 Amorrhaaorum,
2394 1754 2449 1800 et
2480 1745 2795 1816 Raphasen,
2823 1753 2877 1798 et
2907 1743 3020 1798 Gad
3059 1744 3231 1814 ipsam
3267 1753 3470 1800 terram

1891 1839 2356 1902 Amorrhaeorum,
2389 1846 2443 1894 et
2470 1838 2751 1892 dimidium
2784 1836 2948 1891 tribui
2976 1837 3259 1905 Manassm,
3285 1845 3339 1892 et
3371 1840 3470 1892 tri-

1897 1933 1988 1987 bui
2017 1931 2173 1986 Iudae
2205 1931 2557 1986 Hebraeorum
2580 1941 2634 1985 et
2663 1931 3051 1993 Chettteorum,
3074 1941 3128 1986 et
3158 1930 3380 1984 Enaciin
3399 1933 3467 1987 ’⁸.

1897 2023 2002 2079 Sed
2033 2023 2186 2079 Judae
2220 2025 2420 2086 tribus,
2454 2024 2597 2078 tribu
2630 2021 2864 2094 Symeon
2905 2023 2961 2077 in
3001 2025 3264 2078 auxilium
3297 2024 3470 2078 advo-

1893 2123 2015 2170 cata
2038 2117 2104 2178 ³⁸,
2163 2116 2536 2180 Chananaeos,
2581 2123 2635 2169 et
2680 2115 3000 2170 Pberezaeos
3056 2117 3298 2186 praedata
3352 2123 3468 2183 est;

1893 2223 2130 2278 cumque
2177 2207 2452 2278 cepissent
2482 2208 2774 2277 fugientem
2824 2209 3187 2274 Adonibezec,
3227 2217 3467 2262 extrema

1893 2303 2090 2370 pedum
2135 2316 2198 2356 ac
2229 2317 2492 2356 manuum
2524 2301 2945 2365 obtruncarunt,
2987 2302 3081 2371 qui
3112 2301 3466 2371 semetipsum

1892 2394 2187 2464 deplorans
2233 2394 2412 2448 dixit:
2447 2411 2466 2444 ι
2503 2392 2969 2459 Quemadmodum
3019 2392 3144 2456 feci,
3200 2394 3275 2446 ita
3335 2392 3468 2446 mibi

1896 2487 2039 2541 Deus
2088 2487 2362 2541 retribuit.
2415 2485 2770 2556 Septuaginta
2819 2485 2965 2539 enim
3019 2500 3177 2554 reges
3223 2494 3468 2538 extrema

1895 2579 2125 2650 pedibus
2155 2594 2216 2634 ac
2253 2578 2504 2634 manibus
2535 2578 2731 2640 mutili,
2763 2577 2866 2631 sub
2895 2591 3083 2631 mensa
3111 2591 3228 2630 mea
3262 2591 3325 2630 ea
3347 2591 3470 2646 qua:

1895 2671 2164 2726 cadebant
2211 2673 2557 2742 colligebant.
2601 2689 2619 2722 ι
2659 2669 2759 2724 llic
2786 2673 2840 2724 in
2875 2669 3212 2724 Hierusalem
3256 2669 3468 2726 delatus

1895 2764 2077 2819 subito
2100 2765 2278 2834 periit.
2302 2764 2490 2819 Tribui
2516 2763 3224 2834 EphraimAmorrliaeorum
3249 2769 3302 2815 et
3327 2760 3468 2816 Phe-

1889 2871 2207 2918 rezzeorum,
2240 2867 2291 2912 et
2315 2856 2734 2921 Samaraeorum,
2775 2863 2829 2910 et
2856 2855 3095 2909 dimidia:
3122 2855 3262 2925 parti
3291 2855 3470 2910 tribus

1892 2948 2158 3005 Manassa
2189 2948 2555 3011 Gersa'orum,
2588 2957 2642 3004 et
2677 2948 3122 3002 Amorrliaaorum
3154 2947 3345 3002 tribuit
3372 2945 3463 3002 Je-

203 3031 417 3105 δὲφυλῇ
445 3036 681 3108 Ἐφραῖμ
714 3037 810 3109 τὴν
825 3039 932 3092 τῶν
959 3041 1319 3112 Ἀμορραίων,
1339 3045 1431 3098 καὶ
1459 3045 1787 3117 Φερεζαίων,

1893 3057 1988 3096 sus
2021 3061 2034 3096 :
2064 3041 2413 3096 Hebraeorum
2453 3055 2581 3095 vero
2610 3049 2665 3095 et
2707 3041 3171 3103 Amorrhaeorum,
3194 3048 3248 3094 et
3271 3037 3469 3094 Jebus-

205 3125 298 3177 καὶ
320 3125 652 3197 Σαμαραίων
673 3146 684 3157 ”
722 3130 816 3182 καὶ
865 3129 944 3200 τῷ
975 3132 1160 3202 ἡμίσει
1190 3135 1361 3205 φυλῆς
1392 3138 1658 3208 Μανασσῆ
1691 3138 1789 3210 τὴν

203 3215 311 3268 τῶν
327 3217 626 3287 Γερσαίων,
645 3222 738 3274 καὶ
765 3223 1102 3295 Ἀμορραίων
1119 3225 1224 3296 γῆν
1241 3227 1534 3298 ἀπένειμεν
1562 3230 1786 3300 Ἰησοῦς·

206 3307 302 3379 τὴν
340 3309 399 3362 δὲ
428 3310 537 3362 τῶν
581 3311 865 3384 Ἐϐραίων,
913 3317 1008 3368 καὶ
1050 3319 1410 3390 Ἀμορραίων,
1458 3321 1552 3373 καὶ
1594 3321 1790 3374 Ἰεϐου-

207 3398 378 3452 σαίων
424 3403 490 3472 τῇ
525 3401 617 3454 τοῦ
677 3404 932 3476 Βενιαμὶν
981 3407 1406 3480 ὲκληροδότησε·
1467 3414 1530 3482 τῇ
1586 3412 1643 3465 δὲ
1692 3413 1786 3466 τοῦ

204 3488 431 3562 Συμεὼν
470 3494 568 3565 τὴν
609 3496 719 3550 τῶν
757 3498 1020 3569 Ἐϐραίων
1053 3502 1146 3554 καὶ
1193 3503 1534 3572 Φερεζαίων·
1578 3504 1672 3557 καὶ
1716 3508 1785 3577 τῇ

204 3583 294 3634 τοῦ
327 3585 614 3638 Ζαϐουλὼν
642 3588 741 3660 τὴν
783 3590 890 3644 τῶν
930 3592 1270 3663 Φερεζαίων·
1301 3596 1398 3667 τὴν
1427 3597 1484 3649 δὲ
1522 3597 1631 3650 τῶν
1681 3599 1784 3651 Κι-

203 3671 369 3725 ναίων
412 3677 477 3744 τῇ
524 3675 870 3748 Νεφθαλείμο
931 3683 1023 3734 καὶ
1072 3685 1138 3752 τῇ
1194 3683 1333 3754 φυλῇ
1389 3684 1482 3738 τοῦ
1530 3685 1638 3739 Δάν
1685 3687 1786 3758 τὴν

218 3765 593 3836 Ἀμορραίων·
640 3772 706 3840 τῇ
751 3771 809 3824 δὲ
845 3773 984 3844 φυλῇ
1049 3775 1336 3847 Ἰσσάχαρ,
1387 3777 1482 3830 καὶ⁴
1534 3780 1598 3850 τῇ
1644 3779 1782 3851 φυλῇ

218 3856 386 3929 Ἀσὴρ
409 3859 510 3931 τὴν
544 3861 652 3914 τῶν
679 3863 1004 3936 Φερεζαίων.
1039 3867 1254 3939 Ταύτην
1290 3873 1468 3924 πᾶσαν
1503 3871 1785 3942 διανείμας

203 3946 298 4017 τὴν
355 3951 458 4018 γῆν
507 3952 712 4021 Ἰησοῦς
761 3961 802 4026 ρ’
845 3955 942 4009 καὶ
987 3964 1016 4010 ι’
1060 3957 1259 4028 βιώσας
1316 3961 1440 4032 ἐτη,
1493 3962 1780 4017 ἀπέθανεν.

217 4035 542 4112 Ἐλεαζάρου
574 4043 629 4095 δὲ
660 4044 754 4098 τοῦ
791 4046 908 4099 υἱοῦ
963 4047 1171 4120 Ἀαρὼν
1217 4051 1635 4124 τελευτήσαντος
1683 4053 1782 4125 τὴν

206 4126 614 4202 ἀρχιερωσύνην
644 4133 800 4197 Φινὲς
827 4137 856 4188 ό
885 4137 999 4200 υίὸς
1032 4138 1195 4190 αὑτοῦ
1226 4139 1509 4204 διεδέξατο.
1537 4141 1693 4195 Μετὰ
1725 4142 1782 4196 δὲ

206 4220 299 4291 τὴν
333 4222 588 4296 τελευτὴν
633 4227 806 4297 Ἰησοῦ
847 4230 1003 4300 Ναυῆ
1033 4232 1083 4283 oi
1124 4232 1480 4304 Ἰσραηλῖται,
1512 4233 1782 4288 ἀποστάν-

206 4325 294 4374 τες
332 4313 426 4366 τοῦ
457 4316 619 4380 Θεοῦ,
671 4321 736 4389 τῇ
783 4321 1052 4394 Ἀστάρτῃ
1111 4323 1441 4394 ἐλάτρευσαν
1490 4325 1583 4378 καὶ
1633 4341 1779 4397 παρ-

1891 3148 2125 3189 εκοι-ιιιιι
2169 3133 2333 3194 tribui
2373 3133 2885 3204 Benjamin;tribui
2930 3132 3165 3204 Symeon
3214 3131 3469 3186 Heber-

1888 3242 2034 3290 rum,
2066 3234 2120 3281 et
2143 3225 2579 3288 Pherezzeorum.
2604 3235 2658 3280 et
2687 3225 2851 3280 tribui
2877 3223 3471 3282 ZabulonPberezteo~

1888 3333 2033 3382 rum,
2065 3324 2118 3371 et
2148 3318 2310 3372 tribui
2340 3316 2684 3388 Nepbthalim
2713 3318 3047 3383 Cinazorum,
3071 3326 3125 3372 et
3156 3317 3322 3383 tribui
3351 3315 3468 3371 Dan

1885 3409 2354 3476 Amorrhaeorum,
2394 3419 2450 3465 et
2491 3410 2653 3464 tribui
2707 3408 2976 3474 lssachar,
3021 3416 3074 3464 et
3115 3408 3280 3464 tribui
3329 3409 3469 3463 Aser

1889 3499 2326 3555 Pherezmorum.
2378 3500 2532 3555 Hanc
2563 3501 2874 3555 universam
2913 3509 3112 3554 terram
3155 3513 3280 3552 cum
3327 3497 3468 3552 divi-

1886 3592 2052 3648 sisset
2067 3590 2248 3655 Jesus,
2279 3593 2452 3647 aetatis
2479 3607 2743 3646 annorum
2774 3599 2989 3646 centum
3012 3596 3067 3645 el.
3095 3590 3280 3644 decem
3302 3605 3332 3644 e
3354 3589 3466 3642 vita

1885 3685 2126 3742 decessit
2143 3687 2208 3740 ³⁰.
2247 3687 2311 3740 Et
2341 3687 2598 3742 Eleazaro
2629 3688 2740 3741 lilio
2766 3689 2946 3741 Aaron
2981 3695 3198 3742 mortuo
3229 3686 3282 3740 in
3315 3701 3467 3740 sum-

1888 3793 1976 3832 mo
2005 3779 2314 3840 sacerdotio
2352 3778 2556 3834 Pliines
2603 3780 2725 3849 ejus
2772 3781 2920 3835 ﬁlius
2963 3779 3250 3835 successit.
3293 3777 3464 3834 Caete-

1885 3883 2005 3922 rum
2043 3879 2167 3939 post
2200 3869 2330 3926 Jesu
2370 3871 2518 3925 Nave
2555 3871 2760 3926 obitum
2783 3870 2826 3902 ³³
2857 3869 3133 3932 Israelita,
3162 3885 3286 3924 cum
3313 3868 3466 3923 defe-

1885 3961 2090 4016 cissent
2121 3978 2150 4016 a
2181 3961 2311 4030 Deo,
2341 3963 2617 4018 Astartam
2649 3965 2888 4027 coluere,
2913 3971 2967 4018 et
2999 3962 3148 4018 dedit
3173 3963 3298 4018 illos
3317 3960 3463 4016 Deus

1878 4053 2131 4123 captivos
2177 4055 2526 4110 Chursathan
2575 4055 2836 4127 Syrorum
2875 4057 3009 4127 regi,
3047 4056 3142 4124 qui
3171 4071 3266 4112 eos
3293 4056 3463 4110 variis

1882 4146 2064 4202 modis
2085 4148 2384 4218 multisque
2427 4149 2718 4220 afﬂigebat,
2755 4151 2828 4204 ita
2860 4159 2919 4204 ut
2963 4165 3291 4221 magnOpere
3315 4151 3465 4206 cala-

1882 4238 2165 4294 mitatibus
2210 4239 2492 4310 defatigati
2530 4241 2822 4297 clamarint
2867 4239 2936 4294 ad
2985 4239 3154 4298 Deum
3179 4280 3194 4306 ,
3234 4239 3462 4310 datique

1881 4331 1992 4384 sint
2031 4331 2140 4385 illis
2171 4331 2408 4400 judices.

209 4399 406 4457 έδωκεν
461 4407 654 4472 αὐτοὺς
703 4409 1046 4484 ὑποχειρίους
1098 4415 1126 4467 ό
1173 4415 1305 4479 Θεὸς
1329 4416 1649 4490 Χουσαρθὰν
1704 4416 1782 4488 τῷ
1833 4418 2020 4492 Σύρων
2073 4423 2323 4494 βασιλεῖ,
2394 4426 2542 4488 ὅστις
2609 4426 2690 4490 είς
2741 4424 2940 4496 πολλὴν
2995 4424 3224 4496 συνοχὴν
3264 4423 3462 4484 αὐτοὺς

207 4495 554 4590 κατέστησεν,
607 4499 684 4563 ὡς
727 4499 822 4553 ἐπὶ
872 4502 1006 4558 πολὺ
1059 4505 1538 4579 καταπονηθέντας
1607 4508 1806 4572 αὐτοὺς
1861 4509 2056 4582 βοῆσαι
2106 4513 2246 4585 πρὸς
2321 4512 2412 4568 τὸν
2467 4513 2634 4582 Θεὸν,
2689 4516 2784 4570 καὶ
2833 4495 3054 4588 δοθῆναι
3103 4495 3284 4580 αὐτοῖς
3331 4531 3461 4590 κρι-

204 4586 319 4653 τάς.

304 4793 490 4851 I"los.
524 4813 602 4855 ιι.
680 4800 726 4834 ³⁸
746 4799 864 4860 Jos.
897 4818 1022 4860 ιιιι.
1099 4805 1144 4838 ’⁸
1165 4803 1294 4860 Iud.
1331 4821 1370 4862 ι.
1447 4806 1494 4841 ³⁸
1512 4804 1630 4863 los.
1666 4823 1816 4864 xxtv.

1895 4807 1938 4840 "
1971 4806 2104 4865 Jud.
2131 4824 2215 4864 ιιι.
