  <div class='ocr_page' id='page_1' title='image "/cluster/home/n/w/nwhite01/storage/ocr_20150623/18/nnc1.0046978550/405.png"; bbox 0 0 3840 6164; ppageno 0'>
   <div class='ocr_carea' id='block_1_1' title="bbox 422 259 2321 321">
    <p class='ocr_par' dir='ltr' id='par_1_1' title="bbox 422 259 2321 321">
     <span class='ocr_line' id='line_1_1' title="bbox 422 259 2321 321; baseline 0.002 -4"><span class='ocrx_word' id='word_1_1' title='bbox 422 261 529 320; x_wconf 80' lang='lat'><strong>795</strong></span> <span class='ocrx_word' id='word_1_2' title='bbox 1764 259 2011 318; x_wconf 81' lang='lat' dir='ltr'><strong>LEONIS</strong></span> <span class='ocrx_word' id='word_1_3' title='bbox 2044 263 2321 321; x_wconf 78' lang='lat' dir='ltr'><strong>ALLATII</strong></span> 
     </span>
    </p>
   </div>
   <div class='ocr_carea' id='block_1_2' title="bbox 427 430 3640 468">
    <p class='ocr_par' dir='ltr' id='par_1_2' title="bbox 427 430 3640 468">
     <span class='ocr_line' id='line_1_2' title="bbox 427 430 3640 468; baseline 0.001 -7"><span class='ocrx_word' id='word_1_4' title='bbox 427 430 3640 468; x_wconf 60' lang='lat' dir='ltr'><strong>mm</strong></span> 
     </span>
    </p>
   </div>
   <div class='ocr_carea' id='block_1_3' title="bbox 1375 485 2686 708">
    <p class='ocr_par' dir='ltr' id='par_1_3' title="bbox 1375 485 2686 708">
     <span class='ocr_line' id='line_1_3' title="bbox 1375 485 2686 708; baseline 0.002 -4"><span class='ocrx_word' id='word_1_5' title='bbox 1375 577 1943 707; x_wconf 88' lang='lat' dir='ltr'><strong>LEONIS</strong></span> <span class='ocrx_word' id='word_1_6' title='bbox 2033 485 2686 708; x_wconf 81' lang='lat' dir='ltr'><strong>ALLATI-I</strong></span> 
     </span>
    </p>
   </div>
   <div class='ocr_carea' id='block_1_4' title="bbox 1989 829 2058 877">
    <p class='ocr_par' dir='ltr' id='par_1_4' title="bbox 1989 829 2058 877">
     <span class='ocr_line' id='line_1_4' title="bbox 1989 829 2058 877; baseline 0 0"><span class='ocrx_word' id='word_1_7' title='bbox 1989 829 2058 877; x_wconf 70' lang='lat' dir='ltr'><strong>IN</strong></span> 
     </span>
    </p>
   </div>
   <div class='ocr_carea' id='block_1_5' title="bbox 626 984 3432 1112">
    <p class='ocr_par' dir='ltr' id='par_1_5' title="bbox 626 984 3432 1112">
     <span class='ocr_line' id='line_1_5' title="bbox 626 984 3432 1112; baseline 0.002 -10"><span class='ocrx_word' id='word_1_8' title='bbox 626 985 1408 1104; x_wconf 85' lang='lat' dir='ltr'><strong>EUSTATHII</strong></span> <span class='ocrx_word' id='word_1_9' title='bbox 1489 984 2380 1100; x_wconf 87' lang='lat' dir='ltr'><strong>ANTIOCHENI</strong></span> <span class='ocrx_word' id='word_1_10' title='bbox 2461 989 3432 1112; x_wconf 82' lang='lat' dir='ltr'><strong>HEXAEMERON</strong></span> 
     </span>
    </p>
   </div>
   <div class='ocr_carea' id='block_1_6' title="bbox 1245 1222 2814 1298">
    <p class='ocr_par' dir='ltr' id='par_1_6' title="bbox 1245 1222 2814 1298">
     <span class='ocr_line' id='line_1_6' title="bbox 1245 1222 2814 1298; baseline 0.006 -9"><span class='ocrx_word' id='word_1_11' title='bbox 1245 1224 1496 1290; x_wconf 79' lang='grc' dir='ltr'><strong>ΝΟΤΔΕ</strong></span> <span class='ocrx_word' id='word_1_12' title='bbox 1549 1222 2020 1288; x_wconf 85' lang='lat' dir='ltr'><strong>UBERIORES</strong></span> <span class='ocrx_word' id='word_1_13' title='bbox 2043 1223 2160 1285; x_wconf 89' lang='grc' dir='ltr'><strong>ΕΤ</strong></span> <span class='ocrx_word' id='word_1_14' title='bbox 2186 1225 2814 1298; x_wconf 80' lang='lat' dir='ltr'><strong>COLLECTANEA.</strong></span> 
     </span>
    </p>
   </div>
   <div class='ocr_carea' id='block_1_7' title="bbox 477 1464 3646 1542">
    <p class='ocr_par' dir='ltr' id='par_1_7' title="bbox 477 1464 3646 1542">
     <span class='ocr_line' id='line_1_7' title="bbox 477 1464 3646 1542; baseline 0.003 -16"><span class='ocrx_word' id='word_1_15' title='bbox 477 1472 596 1526; x_wconf 82' lang='lat' dir='ltr'><strong>Col.</strong></span> <span class='ocrx_word' id='word_1_16' title='bbox 619 1469 742 1534; x_wconf 83' lang='lat'><strong>707,</strong></span> <span class='ocrx_word' id='word_1_17' title='bbox 775 1470 828 1522; x_wconf 93' lang='lat' dir='ltr'><strong>in</strong></span> <span class='ocrx_word' id='word_1_18' title='bbox 869 1467 1116 1536; x_wconf 77' lang='lat' dir='ltr'><strong>inscript.</strong></span> <span class='ocrx_word' id='word_1_19' title='bbox 1168 1465 1526 1520; x_wconf 83' lang='grc' dir='ltr'><strong>Εὐσταθίου.</strong></span> <span class='ocrx_word' id='word_1_20' title='bbox 1579 1464 1655 1519; x_wconf 88' lang='lat' dir='ltr'><strong>De</strong></span> <span class='ocrx_word' id='word_1_21' title='bbox 1689 1465 1975 1521; x_wconf 87' lang='lat' dir='ltr'><strong>Eustathio</strong></span> <span class='ocrx_word' id='word_1_22' title='bbox 2006 1472 2052 1527; x_wconf 78' lang='grc' dir='ltr'>Α</span> <span class='ocrx_word' id='word_1_23' title='bbox 2079 1470 2281 1524; x_wconf 90' lang='lat' dir='ltr'><strong>tionem</strong></span> <span class='ocrx_word' id='word_1_24' title='bbox 2333 1479 2588 1542; x_wconf 78' lang='lat' dir='ltr'><strong>exponat,</strong></span> <span class='ocrx_word' id='word_1_25' title='bbox 2627 1474 2719 1529; x_wconf 91' lang='lat' dir='ltr'><strong>ubi</strong></span> <span class='ocrx_word' id='word_1_26' title='bbox 2773 1475 2915 1532; x_wconf 89' lang='lat' dir='ltr'><strong>hanc</strong></span> <span class='ocrx_word' id='word_1_27' title='bbox 2959 1492 3146 1533; x_wconf 89' lang='lat' dir='ltr'><strong>curam</strong></span> <span class='ocrx_word' id='word_1_28' title='bbox 3203 1477 3304 1534; x_wconf 87' lang='lat' dir='ltr'><strong>sibi</strong></span> <span class='ocrx_word' id='word_1_29' title='bbox 3342 1477 3512 1534; x_wconf 83' lang='lat' dir='ltr'><strong>fuisse</strong></span> <span class='ocrx_word' id='word_1_30' title='bbox 3550 1478 3646 1535; x_wconf 82' lang='lat' dir='ltr'><strong>de-</strong></span> 
     </span>
    </p>
   </div>
   <div class='ocr_carea' id='block_1_8' title="bbox 408 1558 1979 1629">
    <p class='ocr_par' dir='ltr' id='par_1_8' title="bbox 408 1558 1979 1629">
     <span class='ocr_line' id='line_1_8' title="bbox 408 1558 1979 1629; baseline -0.003 -12"><span class='ocrx_word' id='word_1_31' title='bbox 408 1563 772 1624; x_wconf 75' lang='lat' dir='ltr'><strong>Autiocheno,</strong></span> <span class='ocrx_word' id='word_1_32' title='bbox 792 1567 846 1614; x_wconf 94' lang='lat' dir='ltr'><strong>et</strong></span> <span class='ocrx_word' id='word_1_33' title='bbox 867 1560 985 1629; x_wconf 86' lang='lat' dir='ltr'><strong>ejus</strong></span> <span class='ocrx_word' id='word_1_34' title='bbox 1016 1558 1257 1628; x_wconf 87' lang='lat' dir='ltr'><strong>scriptis,</strong></span> <span class='ocrx_word' id='word_1_35' title='bbox 1273 1559 1424 1627; x_wconf 90' lang='lat' dir='ltr'><strong>plura</strong></span> <span class='ocrx_word' id='word_1_36' title='bbox 1445 1559 1498 1612; x_wconf 93' lang='lat' dir='ltr'><strong>in</strong></span> <span class='ocrx_word' id='word_1_37' title='bbox 1524 1559 1839 1628; x_wconf 66' lang='lat' dir='ltr'><strong>praefatione</strong></span> <span class='ocrx_word' id='word_1_38' title='bbox 1861 1575 1979 1613; x_wconf 90' lang='lat' dir='ltr'><strong>mea</strong></span> 
     </span>
    </p>
   </div>
   <div class='ocr_carea' id='block_1_9' title="bbox 409 1651 1982 1720">
    <p class='ocr_par' dir='ltr' id='par_1_9' title="bbox 409 1651 1982 1720">
     <span class='ocr_line' id='line_1_9' title="bbox 409 1651 1982 1720; baseline -0.004 -11"><span class='ocrx_word' id='word_1_39' title='bbox 409 1656 476 1708; x_wconf 81' lang='lat' dir='ltr'><strong>ad</strong></span> <span class='ocrx_word' id='word_1_40' title='bbox 514 1657 792 1709; x_wconf 90' lang='lat' dir='ltr'><strong>lectorem.</strong></span> <span class='ocrx_word' id='word_1_41' title='bbox 829 1653 928 1707; x_wconf 86' lang='lat' dir='ltr'><strong>Hic</strong></span> <span class='ocrx_word' id='word_1_42' title='bbox 955 1653 1062 1705; x_wconf 91' lang='lat' dir='ltr'><strong>duo</strong></span> <span class='ocrx_word' id='word_1_43' title='bbox 1088 1658 1322 1713; x_wconf 89' lang='lat' dir='ltr'><strong>tantum,</strong></span> <span class='ocrx_word' id='word_1_44' title='bbox 1360 1667 1479 1720; x_wconf 67' lang='lat' dir='ltr'><strong>qua:</strong></span> <span class='ocrx_word' id='word_1_45' title='bbox 1512 1652 1582 1704; x_wconf 90' lang='lat' dir='ltr'><strong>ibi</strong></span> <span class='ocrx_word' id='word_1_46' title='bbox 1617 1651 1870 1706; x_wconf 90' lang='lat' dir='ltr'><strong>consulto</strong></span> <span class='ocrx_word' id='word_1_47' title='bbox 1902 1651 1982 1706; x_wconf 88' lang='lat' dir='ltr'><strong>si-</strong></span> 
     </span>
    </p>
   </div>
   <div class='ocr_carea' id='block_1_10' title="bbox 411 1743 1980 1815">
    <p class='ocr_par' dir='ltr' id='par_1_10' title="bbox 411 1743 1980 1815">
     <span class='ocr_line' id='line_1_10' title="bbox 411 1743 1980 1815; baseline -0.001 -16"><span class='ocrx_word' id='word_1_48' title='bbox 411 1747 580 1801; x_wconf 70' lang='lat' dir='ltr'><strong>lt-ntio</strong></span> <span class='ocrx_word' id='word_1_49' title='bbox 615 1744 934 1815; x_wconf 63' lang='lat' dir='ltr'><strong>pratermisi</strong></span> <span class='ocrx_word' id='word_1_50' title='bbox 987 1745 1270 1797; x_wconf 89' lang='lat' dir='ltr'><strong>tractanda</strong></span> <span class='ocrx_word' id='word_1_51' title='bbox 1339 1744 1596 1812; x_wconf 87' lang='lat' dir='ltr'><strong>suscipio.</strong></span> <span class='ocrx_word' id='word_1_52' title='bbox 1636 1743 1700 1795; x_wconf 87' lang='lat' dir='ltr'><strong>Et</strong></span> <span class='ocrx_word' id='word_1_53' title='bbox 1746 1744 1980 1813; x_wconf 92' lang='lat' dir='ltr'><strong>primum</strong></span> 
     </span>
    </p>
   </div>
   <div class='ocr_carea' id='block_1_11' title="bbox 409 1833 1983 1901">
    <p class='ocr_par' dir='ltr' id='par_1_11' title="bbox 409 1833 1983 1901">
     <span class='ocr_line' id='line_1_11' title="bbox 409 1833 1983 1901; baseline -0.004 -7"><span class='ocrx_word' id='word_1_54' title='bbox 409 1839 515 1894; x_wconf 91' lang='lat' dir='ltr'><strong>erit</strong></span> <span class='ocrx_word' id='word_1_55' title='bbox 561 1837 858 1892; x_wconf 86' lang='lat' dir='ltr'><strong>discrimen</strong></span> <span class='ocrx_word' id='word_1_56' title='bbox 907 1837 1046 1890; x_wconf 89' lang='lat' dir='ltr'><strong>inter</strong></span> <span class='ocrx_word' id='word_1_57' title='bbox 1087 1835 1233 1888; x_wconf 91' lang='lat' dir='ltr'><strong>hunc</strong></span> <span class='ocrx_word' id='word_1_58' title='bbox 1259 1842 1505 1888; x_wconf 90' lang='lat' dir='ltr'><strong>nostrum</strong></span> <span class='ocrx_word' id='word_1_59' title='bbox 1533 1833 1895 1901; x_wconf 80' lang='lat' dir='ltr'><strong>Eustathium,</strong></span> <span class='ocrx_word' id='word_1_60' title='bbox 1927 1843 1983 1889; x_wconf 83' lang='lat' dir='ltr'><strong>et</strong></span> 
     </span>
    </p>
   </div>
   <div class='ocr_carea' id='block_1_12' title="bbox 410 1926 1978 1998">
    <p class='ocr_par' dir='ltr' id='par_1_12' title="bbox 410 1926 1978 1998">
     <span class='ocr_line' id='line_1_12' title="bbox 410 1926 1978 1998; baseline -0.003 -14"><span class='ocrx_word' id='word_1_61' title='bbox 410 1931 576 1984; x_wconf 90' lang='lat' dir='ltr'><strong>alium</strong></span> <span class='ocrx_word' id='word_1_62' title='bbox 615 1929 979 1993; x_wconf 87' lang='lat' dir='ltr'><strong>Eustathium,</strong></span> <span class='ocrx_word' id='word_1_63' title='bbox 1022 1929 1114 1998; x_wconf 85' lang='lat' dir='ltr'><strong>qui</strong></span> <span class='ocrx_word' id='word_1_64' title='bbox 1168 1926 1353 1980; x_wconf 85' lang='lat' dir='ltr'><strong>Basilii</strong></span> <span class='ocrx_word' id='word_1_65' title='bbox 1403 1926 1574 1996; x_wconf 82' lang='lat' dir='ltr'><strong>Magni</strong></span> <span class='ocrx_word' id='word_1_66' title='bbox 1615 1926 1978 1982; x_wconf 76' lang='lat' dir='ltr'><strong>Hexaemeron</strong></span> 
     </span>
    </p>
   </div>
   <div class='ocr_carea' id='block_1_13' title="bbox 411 2017 1982 2094">
    <p class='ocr_par' dir='ltr' id='par_1_13' title="bbox 411 2017 1982 2094">
     <span class='ocr_line' id='line_1_13' title="bbox 411 2017 1982 2094; baseline -0.003 -16"><span class='ocrx_word' id='word_1_67' title='bbox 411 2024 467 2078; x_wconf 91' lang='lat' dir='ltr'><strong>in</strong></span> <span class='ocrx_word' id='word_1_68' title='bbox 505 2024 746 2094; x_wconf 78' lang='lat' dir='ltr'><strong>linguam</strong></span> <span class='ocrx_word' id='word_1_69' title='bbox 773 2021 1019 2076; x_wconf 90' lang='lat' dir='ltr'><strong>Latinam</strong></span> <span class='ocrx_word' id='word_1_70' title='bbox 1053 2021 1342 2075; x_wconf 89' lang='lat' dir='ltr'><strong>convertit.</strong></span> <span class='ocrx_word' id='word_1_71' title='bbox 1367 2017 1700 2083; x_wconf 84' lang='lat' dir='ltr'><strong>Secundum,</strong></span> <span class='ocrx_word' id='word_1_72' title='bbox 1728 2019 1982 2074; x_wconf 91' lang='lat' dir='ltr'><strong>ostende-</strong></span> 
     </span>
    </p>
   </div>
   <div class='ocr_carea' id='block_1_14' title="bbox 410 2111 1979 2181">
    <p class='ocr_par' dir='ltr' id='par_1_14' title="bbox 410 2111 1979 2181">
     <span class='ocr_line' id='line_1_14' title="bbox 410 2111 1979 2181; baseline -0.003 -11"><span class='ocrx_word' id='word_1_73' title='bbox 410 2131 533 2170; x_wconf 81' lang='lat' dir='ltr'><strong>mus</strong></span> <span class='ocrx_word' id='word_1_74' title='bbox 587 2122 862 2169; x_wconf 88' lang='lat' dir='ltr'><strong>auctorem</strong></span> <span class='ocrx_word' id='word_1_75' title='bbox 916 2114 1062 2166; x_wconf 91' lang='lat' dir='ltr'><strong>hunc</strong></span> <span class='ocrx_word' id='word_1_76' title='bbox 1091 2121 1362 2177; x_wconf 88' lang='lat' dir='ltr'><strong>nostrum,</strong></span> <span class='ocrx_word' id='word_1_77' title='bbox 1386 2111 1636 2181; x_wconf 82' lang='lat' dir='ltr'><strong>quisquis</strong></span> <span class='ocrx_word' id='word_1_78' title='bbox 1677 2111 1766 2166; x_wconf 92' lang='lat' dir='ltr'><strong>ille</strong></span> <span class='ocrx_word' id='word_1_79' title='bbox 1799 2111 1979 2173; x_wconf 87' lang='lat' dir='ltr'><strong>fuerit,</strong></span> 
     </span>
    </p>
   </div>
   <div class='ocr_carea' id='block_1_15' title="bbox 416 2203 1982 2276">
    <p class='ocr_par' dir='ltr' id='par_1_15' title="bbox 416 2203 1982 2276">
     <span class='ocr_line' id='line_1_15' title="bbox 416 2203 1982 2276; baseline -0.002 -16"><span class='ocrx_word' id='word_1_80' title='bbox 416 2209 589 2262; x_wconf 85' lang='lat' dir='ltr'><strong>fuisse</strong></span> <span class='ocrx_word' id='word_1_81' title='bbox 638 2205 1083 2276; x_wconf 90' lang='lat' dir='ltr'><strong>antiquissimum</strong></span> <span class='ocrx_word' id='word_1_82' title='bbox 1138 2206 1242 2274; x_wconf 88' lang='lat' dir='ltr'><strong>ipsi</strong></span> <span class='ocrx_word' id='word_1_83' title='bbox 1307 2203 1589 2259; x_wconf 87' lang='lat' dir='ltr'><strong>Eustathio</strong></span> <span class='ocrx_word' id='word_1_84' title='bbox 1643 2203 1982 2257; x_wconf 81' lang='lat' dir='ltr'><strong>Antiocheno</strong></span> 
     </span>
    </p>
   </div>
   <div class='ocr_carea' id='block_1_16' title="bbox 407 2294 1983 2364">
    <p class='ocr_par' dir='ltr' id='par_1_16' title="bbox 407 2294 1983 2364">
     <span class='ocr_line' id='line_1_16' title="bbox 407 2294 1983 2364; baseline -0.003 -12"><span class='ocrx_word' id='word_1_85' title='bbox 407 2313 670 2352; x_wconf 66' lang='lat' dir='ltr'><strong>coaevum.</strong></span> <span class='ocrx_word' id='word_1_86' title='bbox 701 2296 765 2350; x_wconf 85' lang='lat' dir='ltr'><strong>Et</strong></span> <span class='ocrx_word' id='word_1_87' title='bbox 800 2312 934 2352; x_wconf 83' lang='lat' dir='ltr'><strong>sane</strong></span> <span class='ocrx_word' id='word_1_88' title='bbox 968 2296 1097 2350; x_wconf 92' lang='lat' dir='ltr'><strong>dum</strong></span> <span class='ocrx_word' id='word_1_89' title='bbox 1130 2297 1313 2350; x_wconf 91' lang='lat' dir='ltr'><strong>animo</strong></span> <span class='ocrx_word' id='word_1_90' title='bbox 1342 2311 1405 2350; x_wconf 91' lang='lat' dir='ltr'><strong>ea</strong></span> <span class='ocrx_word' id='word_1_91' title='bbox 1434 2311 1556 2364; x_wconf 65' lang='lat' dir='ltr'><strong>quae</strong></span> <span class='ocrx_word' id='word_1_92' title='bbox 1586 2295 1639 2348; x_wconf 94' lang='lat' dir='ltr'><strong>in</strong></span> <span class='ocrx_word' id='word_1_93' title='bbox 1673 2295 1776 2348; x_wconf 90' lang='lat' dir='ltr'><strong>hoc</strong></span> <span class='ocrx_word' id='word_1_94' title='bbox 1801 2294 1983 2349; x_wconf 91' lang='lat' dir='ltr'><strong>libello</strong></span> 
     </span>
    </p>
   </div>
   <div class='ocr_carea' id='block_1_17' title="bbox 405 2385 1981 2457">
    <p class='ocr_par' dir='ltr' id='par_1_17' title="bbox 405 2385 1981 2457">
     <span class='ocr_line' id='line_1_17' title="bbox 405 2385 1981 2457; baseline -0.002 -14"><span class='ocrx_word' id='word_1_95' title='bbox 405 2390 780 2450; x_wconf 90' lang='lat' dir='ltr'><strong>continentur,</strong></span> <span class='ocrx_word' id='word_1_96' title='bbox 817 2389 1100 2457; x_wconf 87' lang='lat' dir='ltr'><strong>agitarem,</strong></span> <span class='ocrx_word' id='word_1_97' title='bbox 1135 2386 1546 2456; x_wconf 89' lang='lat' dir='ltr'><strong>inveniremque</strong></span> <span class='ocrx_word' id='word_1_98' title='bbox 1575 2385 1762 2440; x_wconf 87' lang='lat' dir='ltr'><strong>Basilii</strong></span> <span class='ocrx_word' id='word_1_99' title='bbox 1801 2385 1981 2455; x_wconf 82' lang='lat' dir='ltr'><strong>Magni</strong></span> 
     </span>
    </p>
   </div>
   <div class='ocr_carea' id='block_1_18' title="bbox 406 2479 1982 2551">
    <p class='ocr_par' dir='ltr' id='par_1_18' title="bbox 406 2479 1982 2551">
     <span class='ocr_line' id='line_1_18' title="bbox 406 2479 1982 2551; baseline -0.004 -14"><span class='ocrx_word' id='word_1_100' title='bbox 406 2483 716 2544; x_wconf 86' lang='lat' dir='ltr'><strong>sententiis,</strong></span> <span class='ocrx_word' id='word_1_101' title='bbox 752 2482 1041 2551; x_wconf 81' lang='lat' dir='ltr'><strong>verbisque</strong></span> <span class='ocrx_word' id='word_1_102' title='bbox 1087 2496 1251 2550; x_wconf 88' lang='lat' dir='ltr'><strong>super</strong></span> <span class='ocrx_word' id='word_1_103' title='bbox 1278 2481 1468 2535; x_wconf 82' lang='lat' dir='ltr'><strong>eadem</strong></span> <span class='ocrx_word' id='word_1_104' title='bbox 1505 2480 1734 2533; x_wconf 88' lang='lat' dir='ltr'><strong>materia</strong></span> <span class='ocrx_word' id='word_1_105' title='bbox 1769 2479 1982 2534; x_wconf 85' lang='lat' dir='ltr'><strong>similli-</strong></span> 
     </span>
    </p>
   </div>
   <div class='ocr_carea' id='block_1_19' title="bbox 407 2573 1980 2650">
    <p class='ocr_par' dir='ltr' id='par_1_19' title="bbox 407 2573 1980 2650">
     <span class='ocr_line' id='line_1_19' title="bbox 407 2573 1980 2650; baseline -0.004 -17"><span class='ocrx_word' id='word_1_106' title='bbox 407 2596 495 2634; x_wconf 90' lang='lat' dir='ltr'><strong>ma</strong></span> <span class='ocrx_word' id='word_1_107' title='bbox 541 2596 663 2650; x_wconf 76' lang='lat' dir='ltr'><strong>quae</strong></span> <span class='ocrx_word' id='word_1_108' title='bbox 713 2579 802 2632; x_wconf 89' lang='lat' dir='ltr'><strong>hic</strong></span> <span class='ocrx_word' id='word_1_109' title='bbox 863 2579 1155 2639; x_wconf 87' lang='lat' dir='ltr'><strong>habentur,</strong></span> <span class='ocrx_word' id='word_1_110' title='bbox 1189 2577 1280 2631; x_wconf 93' lang='lat' dir='ltr'><strong>diu</strong></span> <span class='ocrx_word' id='word_1_111' title='bbox 1321 2591 1408 2630; x_wconf 92' lang='lat' dir='ltr'><strong>me</strong></span> <span class='ocrx_word' id='word_1_112' title='bbox 1439 2575 1598 2629; x_wconf 87' lang='lat' dir='ltr'><strong>torsit</strong></span> <span class='ocrx_word' id='word_1_113' title='bbox 1623 2574 1897 2644; x_wconf 89' lang='lat' dir='ltr'><strong>quomodo</strong></span> <span class='ocrx_word' id='word_1_114' title='bbox 1926 2573 1980 2627; x_wconf 87' lang='lat' dir='ltr'><strong>id</strong></span> 
     </span>
    </p>
   </div>
   <div class='ocr_carea' id='block_1_20' title="bbox 407 2666 1980 2743">
    <p class='ocr_par' dir='ltr' id='par_1_20' title="bbox 407 2666 1980 2743">
     <span class='ocr_line' id='line_1_20' title="bbox 407 2666 1980 2743; baseline -0.004 -16"><span class='ocrx_word' id='word_1_115' title='bbox 407 2673 524 2727; x_wconf 82' lang='lat' dir='ltr'><strong>ﬁeri</strong></span> <span class='ocrx_word' id='word_1_116' title='bbox 572 2673 770 2743; x_wconf 89' lang='lat' dir='ltr'><strong>potuit,</strong></span> <span class='ocrx_word' id='word_1_117' title='bbox 808 2679 867 2725; x_wconf 92' lang='lat' dir='ltr'><strong>ut</strong></span> <span class='ocrx_word' id='word_1_118' title='bbox 916 2671 1001 2724; x_wconf 90' lang='lat' dir='ltr'><strong>vel</strong></span> <span class='ocrx_word' id='word_1_119' title='bbox 1047 2670 1282 2725; x_wconf 85' lang='lat' dir='ltr'><strong>Basilius</strong></span> <span class='ocrx_word' id='word_1_120' title='bbox 1312 2669 1382 2722; x_wconf 89' lang='lat' dir='ltr'><strong>ab</strong></span> <span class='ocrx_word' id='word_1_121' title='bbox 1419 2667 1727 2732; x_wconf 87' lang='lat' dir='ltr'><strong>Eustathio,</strong></span> <span class='ocrx_word' id='word_1_122' title='bbox 1758 2667 1841 2720; x_wconf 91' lang='lat' dir='ltr'><strong>vel</strong></span> <span class='ocrx_word' id='word_1_123' title='bbox 1872 2666 1980 2720; x_wconf 88' lang='lat' dir='ltr'><strong>Eu-</strong></span> 
     </span>
    </p>
   </div>
   <div class='ocr_carea' id='block_1_21' title="bbox 407 2759 1982 2831">
    <p class='ocr_par' dir='ltr' id='par_1_21' title="bbox 407 2759 1982 2831">
     <span class='ocr_line' id='line_1_21' title="bbox 407 2759 1982 2831; baseline -0.006 -9"><span class='ocrx_word' id='word_1_124' title='bbox 407 2767 642 2822; x_wconf 74' lang='lat' dir='ltr'><strong>smthius</strong></span> <span class='ocrx_word' id='word_1_125' title='bbox 681 2781 710 2818; x_wconf 91' lang='lat' dir='ltr'><strong>a</strong></span> <span class='ocrx_word' id='word_1_126' title='bbox 742 2763 964 2827; x_wconf 89' lang='lat' dir='ltr'><strong>Basilio,</strong></span> <span class='ocrx_word' id='word_1_127' title='bbox 1001 2775 1230 2831; x_wconf 90' lang='lat' dir='ltr'><strong>uterque</strong></span> <span class='ocrx_word' id='word_1_128' title='bbox 1255 2769 1308 2815; x_wconf 87' lang='lat' dir='ltr'><strong>et</strong></span> <span class='ocrx_word' id='word_1_129' title='bbox 1340 2763 1392 2813; x_wconf 93' lang='lat' dir='ltr'><strong>in</strong></span> <span class='ocrx_word' id='word_1_130' title='bbox 1441 2760 1674 2814; x_wconf 90' lang='lat' dir='ltr'><strong>dicendo</strong></span> <span class='ocrx_word' id='word_1_131' title='bbox 1715 2759 1982 2829; x_wconf 88' lang='lat' dir='ltr'><strong>peritissi-</strong></span> 
     </span>
    </p>
   </div>
   <div class='ocr_carea' id='block_1_22' title="bbox 407 2851 1981 2922">
    <p class='ocr_par' dir='ltr' id='par_1_22' title="bbox 407 2851 1981 2922">
     <span class='ocr_line' id='line_1_22' title="bbox 407 2851 1981 2922; baseline -0.003 -12"><span class='ocrx_word' id='word_1_132' title='bbox 407 2873 551 2922; x_wconf 86' lang='lat' dir='ltr'><strong>mus,</strong></span> <span class='ocrx_word' id='word_1_133' title='bbox 575 2872 675 2910; x_wconf 92' lang='lat' dir='ltr'><strong>nec</strong></span> <span class='ocrx_word' id='word_1_134' title='bbox 709 2856 896 2909; x_wconf 69' lang='lat' dir='ltr'><strong>alienze</strong></span> <span class='ocrx_word' id='word_1_135' title='bbox 924 2855 1248 2910; x_wconf 83' lang='lat' dir='ltr'><strong>elocutionis</strong></span> <span class='ocrx_word' id='word_1_136' title='bbox 1282 2851 1528 2906; x_wconf 88' lang='lat' dir='ltr'><strong>subsidio</strong></span> <span class='ocrx_word' id='word_1_137' title='bbox 1565 2852 1833 2922; x_wconf 79' lang='lat' dir='ltr'><strong>indigens,</strong></span> <span class='ocrx_word' id='word_1_138' title='bbox 1859 2866 1981 2906; x_wconf 88' lang='lat' dir='ltr'><strong>eas-</strong></span> 
     </span>
    </p>
   </div>
   <div class='ocr_carea' id='block_1_23' title="bbox 405 2947 1978 3017">
    <p class='ocr_par' dir='ltr' id='par_1_23' title="bbox 405 2947 1978 3017">
     <span class='ocr_line' id='line_1_23' title="bbox 405 2947 1978 3017; baseline -0.001 -14"><span class='ocrx_word' id='word_1_139' title='bbox 405 2951 528 3004; x_wconf 91' lang='lat' dir='ltr'><strong>dem</strong></span> <span class='ocrx_word' id='word_1_140' title='bbox 591 2949 921 3012; x_wconf 84' lang='lat' dir='ltr'><strong>sententias,</strong></span> <span class='ocrx_word' id='word_1_141' title='bbox 968 2956 1022 3001; x_wconf 92' lang='lat' dir='ltr'><strong>et</strong></span> <span class='ocrx_word' id='word_1_142' title='bbox 1073 2947 1269 3009; x_wconf 86' lang='lat' dir='ltr'><strong>verba,</strong></span> <span class='ocrx_word' id='word_1_143' title='bbox 1329 2947 1643 3017; x_wconf 92' lang='lat' dir='ltr'><strong>luminaque</strong></span> <span class='ocrx_word' id='word_1_144' title='bbox 1711 2947 1978 3002; x_wconf 89' lang='lat' dir='ltr'><strong>orationis</strong></span> 
     </span>
    </p>
   </div>
   <div class='ocr_carea' id='block_1_24' title="bbox 407 3038 1977 3110">
    <p class='ocr_par' dir='ltr' id='par_1_24' title="bbox 407 3038 1977 3110">
     <span class='ocr_line' id='line_1_24' title="bbox 407 3038 1977 3110; baseline -0.001 -16"><span class='ocrx_word' id='word_1_145' title='bbox 407 3040 572 3096; x_wconf 86' lang='lat' dir='ltr'><strong>fuerit</strong></span> <span class='ocrx_word' id='word_1_146' title='bbox 604 3047 902 3094; x_wconf 89' lang='lat' dir='ltr'><strong>mutuatus.</strong></span> <span class='ocrx_word' id='word_1_147' title='bbox 929 3038 1242 3110; x_wconf 84' lang='lat' dir='ltr'><strong>Sigebertus</strong></span> <span class='ocrx_word' id='word_1_148' title='bbox 1269 3039 1362 3092; x_wconf 90' lang='lat' dir='ltr'><strong>lib.</strong></span> <span class='ocrx_word' id='word_1_149' title='bbox 1397 3039 1476 3093; x_wconf 90' lang='lat' dir='ltr'><strong>De</strong></span> <span class='ocrx_word' id='word_1_150' title='bbox 1508 3039 1808 3093; x_wconf 79' lang='lat' dir='ltr'><strong>illustribus</strong></span> <span class='ocrx_word' id='word_1_151' title='bbox 1841 3040 1977 3092; x_wconf 88' lang='lat' dir='ltr'><strong>scri-</strong></span> 
     </span>
    </p>
   </div>
   <div class='ocr_carea' id='block_1_25' title="bbox 405 3131 1982 3202">
    <p class='ocr_par' dir='ltr' id='par_1_25' title="bbox 405 3131 1982 3202">
     <span class='ocr_line' id='line_1_25' title="bbox 405 3131 1982 3202; baseline -0.001 -16"><span class='ocrx_word' id='word_1_152' title='bbox 405 3134 644 3202; x_wconf 79' lang='lat' dir='ltr'><strong>ptoribus</strong></span> <span class='ocrx_word' id='word_1_153' title='bbox 683 3133 1026 3187; x_wconf 84' lang='lat' dir='ltr'><strong>ecclesiaticis</strong></span> <span class='ocrx_word' id='word_1_154' title='bbox 1045 3173 1059 3196; x_wconf 92' lang='lat'><strong>,</strong></span> <span class='ocrx_word' id='word_1_155' title='bbox 1085 3144 1206 3198; x_wconf 84' lang='lat' dir='ltr'><strong>cap.</strong></span> <span class='ocrx_word' id='word_1_156' title='bbox 1232 3131 1323 3196; x_wconf 72' lang='lat' dir='ltr'><strong>2i,</strong></span> <span class='ocrx_word' id='word_1_157' title='bbox 1361 3132 1412 3184; x_wconf 87' lang='lat' dir='ltr'><strong>in</strong></span> <span class='ocrx_word' id='word_1_158' title='bbox 1449 3132 1548 3186; x_wconf 92' lang='lat' dir='ltr'><strong>hac</strong></span> <span class='ocrx_word' id='word_1_159' title='bbox 1577 3147 1635 3186; x_wconf 89' lang='lat' dir='ltr'><strong>re</strong></span> <span class='ocrx_word' id='word_1_160' title='bbox 1666 3132 1836 3200; x_wconf 87' lang='lat' dir='ltr'><strong>magis</strong></span> <span class='ocrx_word' id='word_1_161' title='bbox 1863 3131 1982 3184; x_wconf 88' lang='lat' dir='ltr'><strong>ani-</strong></span> 
     </span>
    </p>
   </div>
   <div class='ocr_carea' id='block_1_26' title="bbox 406 3224 1977 3289">
    <p class='ocr_par' dir='ltr' id='par_1_26' title="bbox 406 3224 1977 3289">
     <span class='ocr_line' id='line_1_26' title="bbox 406 3224 1977 3289; baseline -0.001 -9"><span class='ocrx_word' id='word_1_162' title='bbox 406 3243 552 3281; x_wconf 80' lang='lat' dir='ltr'><strong>mum</strong></span> <span class='ocrx_word' id='word_1_163' title='bbox 603 3227 828 3281; x_wconf 83' lang='lat' dir='ltr'><strong>dubium</strong></span> <span class='ocrx_word' id='word_1_164' title='bbox 885 3225 1137 3283; x_wconf 74' lang='lat' dir='ltr'><strong>faciebat.</strong></span> <span class='ocrx_word' id='word_1_165' title='bbox 1167 3225 1298 3278; x_wconf 91' lang='lat' dir='ltr'><strong>dum</strong></span> <span class='ocrx_word' id='word_1_166' title='bbox 1333 3225 1618 3289; x_wconf 88' lang='lat' dir='ltr'><strong>scriberet,</strong></span> <span class='ocrx_word' id='word_1_167' title='bbox 1659 3224 1977 3279; x_wconf 77' lang='lat' dir='ltr'><strong>Eustathius</strong></span> 
     </span>
    </p>
   </div>
   <div class='ocr_carea' id='block_1_27' title="bbox 407 3314 1980 3373">
    <p class='ocr_par' dir='ltr' id='par_1_27' title="bbox 407 3314 1980 3373">
     <span class='ocr_line' id='line_1_27' title="bbox 407 3314 1980 3373; baseline -0.001 -1"><span class='ocrx_word' id='word_1_168' title='bbox 407 3321 685 3373; x_wconf 73' lang='lat' dir='ltr'><strong>transtulit</strong></span> <span class='ocrx_word' id='word_1_169' title='bbox 718 3319 782 3372; x_wconf 85' lang='lat' dir='ltr'><strong>de</strong></span> <span class='ocrx_word' id='word_1_170' title='bbox 809 3318 990 3372; x_wconf 80' lang='lat' dir='ltr'><strong>Gra&#39;co</strong></span> <span class='ocrx_word' id='word_1_171' title='bbox 1013 3320 1066 3370; x_wconf 88' lang='lat' dir='ltr'><strong>in</strong></span> <span class='ocrx_word' id='word_1_172' title='bbox 1094 3315 1344 3370; x_wconf 87' lang='lat' dir='ltr'><strong>Latinum</strong></span> <span class='ocrx_word' id='word_1_173' title='bbox 1382 3314 1756 3371; x_wconf 77' lang='lat' dir='ltr'><strong>Hexaemeron</strong></span> <span class='ocrx_word' id='word_1_174' title='bbox 1784 3316 1980 3370; x_wconf 77' lang='lat' dir='ltr'><strong>Basilii</strong></span> 
     </span>
    </p>
   </div>
   <div class='ocr_carea' id='block_1_28' title="bbox 404 3403 1974 3476">
    <p class='ocr_par' dir='ltr' id='par_1_28' title="bbox 404 3403 1974 3476">
     <span class='ocr_line' id='line_1_28' title="bbox 404 3403 1974 3476; baseline -0.001 -11"><span class='ocrx_word' id='word_1_175' title='bbox 404 3413 773 3465; x_wconf 65' lang='lat' dir='ltr'><strong>Ca’sariensis.</strong></span> <span class='ocrx_word' id='word_1_176' title='bbox 799 3411 1011 3476; x_wconf 85' lang='lat' dir='ltr'><strong>Quibus</strong></span> <span class='ocrx_word' id='word_1_177' title='bbox 1043 3407 1377 3464; x_wconf 87' lang='lat' dir='ltr'><strong>Possevinus</strong></span> <span class='ocrx_word' id='word_1_178' title='bbox 1400 3406 1454 3460; x_wconf 89' lang='lat' dir='ltr'><strong>in</strong></span> <span class='ocrx_word' id='word_1_179' title='bbox 1473 3403 1753 3474; x_wconf 77' lang='lat' dir='ltr'><strong>Apparatu</strong></span> <span class='ocrx_word' id='word_1_180' title='bbox 1771 3409 1974 3464; x_wconf 73' lang='lat' dir='ltr'><strong>lueret:</strong></span> 
     </span>
    </p>
   </div>
   <div class='ocr_carea' id='block_1_29' title="bbox 405 3496 1978 3569">
    <p class='ocr_par' dir='ltr' id='par_1_29' title="bbox 405 3496 1978 3569">
     <span class='ocr_line' id='line_1_29' title="bbox 405 3496 1978 3569; baseline 0 -17"><span class='ocrx_word' id='word_1_181' title='bbox 405 3502 555 3567; x_wconf 80' lang='lat' dir='ltr'><strong>Quod</strong></span> <span class='ocrx_word' id='word_1_182' title='bbox 602 3518 721 3555; x_wconf 82' lang='lat' dir='ltr'><strong>vero</strong></span> <span class='ocrx_word' id='word_1_183' title='bbox 770 3499 1069 3568; x_wconf 87' lang='lat' dir='ltr'><strong>Sigebertus</strong></span> <span class='ocrx_word' id='word_1_184' title='bbox 1117 3499 1286 3569; x_wconf 79' lang='lat' dir='ltr'><strong>inquit</strong></span> <span class='ocrx_word' id='word_1_185' title='bbox 1359 3515 1414 3552; x_wconf 79' lang='lat' dir='ltr'><strong>in</strong></span> <span class='ocrx_word' id='word_1_186' title='bbox 1456 3496 1734 3568; x_wconf 87' lang='lat' dir='ltr'><strong>Catatogo,</strong></span> <span class='ocrx_word' id='word_1_187' title='bbox 1780 3497 1978 3552; x_wconf 89' lang='lat' dir='ltr'><strong>Eusta-</strong></span> 
     </span>
    </p>
   </div>
   <div class='ocr_carea' id='block_1_30' title="bbox 405 3590 1976 3648">
    <p class='ocr_par' dir='ltr' id='par_1_30' title="bbox 405 3590 1976 3648">
     <span class='ocr_line' id='line_1_30' title="bbox 405 3590 1976 3648; baseline -0.002 -1"><span class='ocrx_word' id='word_1_188' title='bbox 405 3595 571 3648; x_wconf 88' lang='lat' dir='ltr'><strong>thium</strong></span> <span class='ocrx_word' id='word_1_189' title='bbox 604 3596 658 3647; x_wconf 88' lang='lat' dir='ltr'><strong>in</strong></span> <span class='ocrx_word' id='word_1_190' title='bbox 697 3592 947 3646; x_wconf 88' lang='lat' dir='ltr'><strong>Latinum</strong></span> <span class='ocrx_word' id='word_1_191' title='bbox 989 3593 1330 3646; x_wconf 79' lang='lat' dir='ltr'><strong>transtulisse</strong></span> <span class='ocrx_word' id='word_1_192' title='bbox 1371 3590 1746 3647; x_wconf 84' lang='lat' dir='ltr'><strong>Hexaemeron</strong></span> <span class='ocrx_word' id='word_1_193' title='bbox 1785 3591 1976 3645; x_wconf 85' lang='lat' dir='ltr'><strong>Basilii</strong></span> 
     </span>
    </p>
   </div>
   <div class='ocr_carea' id='block_1_31' title="bbox 401 3679 1974 3752">
    <p class='ocr_par' dir='ltr' id='par_1_31' title="bbox 401 3679 1974 3752">
     <span class='ocr_line' id='line_1_31' title="bbox 401 3679 1974 3752; baseline -0.003 -13"><span class='ocrx_word' id='word_1_194' title='bbox 401 3684 766 3747; x_wconf 64' lang='lat' dir='ltr'><strong>Cesariensis,</strong></span> <span class='ocrx_word' id='word_1_195' title='bbox 803 3684 978 3737; x_wconf 89' lang='lat' dir='ltr'><strong>nescio</strong></span> <span class='ocrx_word' id='word_1_196' title='bbox 1012 3682 1076 3736; x_wconf 88' lang='lat' dir='ltr'><strong>de</strong></span> <span class='ocrx_word' id='word_1_197' title='bbox 1123 3699 1349 3752; x_wconf 89' lang='lat' dir='ltr'><strong>quonam</strong></span> <span class='ocrx_word' id='word_1_198' title='bbox 1385 3683 1547 3735; x_wconf 83' lang='lat' dir='ltr'><strong>dicat.</strong></span> <span class='ocrx_word' id='word_1_199' title='bbox 1586 3679 1974 3735; x_wconf 80' lang='lat' dir='ltr'><strong>Existimabam</strong></span> 
     </span>
    </p>
   </div>
   <div class='ocr_carea' id='block_1_32' title="bbox 403 3771 1976 3847">
    <p class='ocr_par' dir='ltr' id='par_1_32' title="bbox 403 3771 1976 3847">
     <span class='ocr_line' id='line_1_32' title="bbox 403 3771 1976 3847; baseline -0.004 -15"><span class='ocrx_word' id='word_1_200' title='bbox 403 3771 742 3847; x_wconf 73' lang='lat' dir='ltr'><strong>Sigebertum</strong></span> <span class='ocrx_word' id='word_1_201' title='bbox 762 3779 1176 3841; x_wconf 84' lang='lat' dir='ltr'><strong>ballucinatum,</strong></span> <span class='ocrx_word' id='word_1_202' title='bbox 1191 3782 1245 3830; x_wconf 89' lang='lat' dir='ltr'><strong>et</strong></span> <span class='ocrx_word' id='word_1_203' title='bbox 1266 3775 1607 3830; x_wconf 88' lang='lat' dir='ltr'><strong>Eustathium</strong></span> <span class='ocrx_word' id='word_1_204' title='bbox 1629 3775 1808 3844; x_wconf 82' lang='lat' dir='ltr'><strong>potius</strong></span> <span class='ocrx_word' id='word_1_205' title='bbox 1825 3789 1976 3829; x_wconf 89' lang='lat' dir='ltr'><strong>com-</strong></span> 
     </span>
    </p>
   </div>
   <div class='ocr_carea' id='block_1_33' title="bbox 403 3865 1970 3938">
    <p class='ocr_par' dir='ltr' id='par_1_33' title="bbox 403 3865 1970 3938">
     <span class='ocr_line' id='line_1_33' title="bbox 403 3865 1970 3938; baseline -0.001 -17"><span class='ocrx_word' id='word_1_206' title='bbox 403 3869 706 3937; x_wconf 86' lang='lat' dir='ltr'><strong>pilatorem,</strong></span> <span class='ocrx_word' id='word_1_207' title='bbox 726 3870 839 3923; x_wconf 86' lang='lat' dir='ltr'><strong>sive</strong></span> <span class='ocrx_word' id='word_1_208' title='bbox 856 3868 1264 3938; x_wconf 85' lang='lat' dir='ltr'><strong>epitomatorem</strong></span> <span class='ocrx_word' id='word_1_209' title='bbox 1285 3867 1468 3935; x_wconf 85' lang='lat' dir='ltr'><strong>operis</strong></span> <span class='ocrx_word' id='word_1_210' title='bbox 1495 3865 1750 3920; x_wconf 87' lang='lat' dir='ltr'><strong>Basiliani</strong></span> <span class='ocrx_word' id='word_1_211' title='bbox 1782 3865 1970 3927; x_wconf 87' lang='lat' dir='ltr'><strong>fuisse,</strong></span> 
     </span>
    </p>
   </div>
   <div class='ocr_carea' id='block_1_34' title="bbox 400 3957 1975 4028">
    <p class='ocr_par' dir='ltr' id='par_1_34' title="bbox 400 3957 1975 4028">
     <span class='ocr_line' id='line_1_34' title="bbox 400 3957 1975 4028; baseline -0.002 -15"><span class='ocrx_word' id='word_1_212' title='bbox 400 3974 510 4013; x_wconf 88' lang='lat' dir='ltr'><strong>non</strong></span> <span class='ocrx_word' id='word_1_213' title='bbox 541 3959 910 4028; x_wconf 88' lang='lat' dir='ltr'><strong>interpretem.</strong></span> <span class='ocrx_word' id='word_1_214' title='bbox 937 3959 1136 4013; x_wconf 83' lang='lat' dir='ltr'><strong>Verum</strong></span> <span class='ocrx_word' id='word_1_215' title='bbox 1171 3973 1200 4011; x_wconf 89' lang='lat' dir='ltr'><strong>a</strong></span> <span class='ocrx_word' id='word_1_216' title='bbox 1233 3958 1504 4012; x_wconf 88' lang='lat' dir='ltr'><strong>sententia</strong></span> <span class='ocrx_word' id='word_1_217' title='bbox 1532 3957 1813 4011; x_wconf 89' lang='lat' dir='ltr'><strong>detorsere</strong></span> <span class='ocrx_word' id='word_1_218' title='bbox 1839 3958 1975 4012; x_wconf 85' lang='lat' dir='ltr'><strong>Cas—</strong></span> 
     </span>
    </p>
   </div>
   <div class='ocr_carea' id='block_1_35' title="bbox 401 4049 1973 4118">
    <p class='ocr_par' dir='ltr' id='par_1_35' title="bbox 401 4049 1973 4118">
     <span class='ocr_line' id='line_1_35' title="bbox 401 4049 1973 4118; baseline -0.003 -11"><span class='ocrx_word' id='word_1_219' title='bbox 401 4051 655 4107; x_wconf 83' lang='lat' dir='ltr'><strong>siodorus</strong></span> <span class='ocrx_word' id='word_1_220' title='bbox 703 4051 798 4105; x_wconf 88' lang='lat' dir='ltr'><strong>lib.</strong></span> <span class='ocrx_word' id='word_1_221' title='bbox 851 4052 925 4106; x_wconf 89' lang='lat' dir='ltr'><strong>De</strong></span> <span class='ocrx_word' id='word_1_222' title='bbox 974 4052 1304 4105; x_wconf 84' lang='lat' dir='ltr'><strong>institutione</strong></span> <span class='ocrx_word' id='word_1_223' title='bbox 1334 4051 1634 4105; x_wconf 86' lang='lat' dir='ltr'><strong>divinarum</strong></span> <span class='ocrx_word' id='word_1_224' title='bbox 1665 4049 1973 4118; x_wconf 87' lang='lat' dir='ltr'><strong>Scriptura-</strong></span> 
     </span>
    </p>
   </div>
   <div class='ocr_carea' id='block_1_36' title="bbox 2080 1561 3645 1637">
    <p class='ocr_par' dir='ltr' id='par_1_36' title="bbox 2080 1561 3645 1637">
     <span class='ocr_line' id='line_1_36' title="bbox 2080 1561 3645 1637; baseline 0.008 -26"><span class='ocrx_word' id='word_1_225' title='bbox 2080 1561 2389 1614; x_wconf 86' lang='lat' dir='ltr'><strong>mandalam</strong></span> <span class='ocrx_word' id='word_1_226' title='bbox 2445 1564 2661 1626; x_wconf 86' lang='lat' dir='ltr'><strong>asserit,</strong></span> <span class='ocrx_word' id='word_1_227' title='bbox 2701 1573 2757 1618; x_wconf 90' lang='lat' dir='ltr'><strong>ut</strong></span> <span class='ocrx_word' id='word_1_228' title='bbox 2803 1582 2942 1637; x_wconf 91' lang='lat' dir='ltr'><strong>opus</strong></span> <span class='ocrx_word' id='word_1_229' title='bbox 2998 1568 3206 1623; x_wconf 87' lang='lat' dir='ltr'><strong>scilicet</strong></span> <span class='ocrx_word' id='word_1_230' title='bbox 3248 1571 3424 1624; x_wconf 89' lang='lat' dir='ltr'><strong>sancti</strong></span> <span class='ocrx_word' id='word_1_231' title='bbox 3456 1569 3645 1624; x_wconf 88' lang='lat' dir='ltr'><strong>Basilii</strong></span> 
     </span>
    </p>
   </div>
   <div class='ocr_carea' id='block_1_37' title="bbox 2079 1651 3649 1730">
    <p class='ocr_par' dir='ltr' id='par_1_37' title="bbox 2079 1651 3649 1730">
     <span class='ocr_line' id='line_1_37' title="bbox 2079 1651 3649 1730; baseline 0.01 -28"><span class='ocrx_word' id='word_1_232' title='bbox 2079 1651 2322 1721; x_wconf 89' lang='lat' dir='ltr'><strong>episcopi</strong></span> <span class='ocrx_word' id='word_1_233' title='bbox 2370 1652 2559 1709; x_wconf 57' lang='lat' dir='ltr'><strong>Graeco</strong></span> <span class='ocrx_word' id='word_1_234' title='bbox 2601 1672 2852 1713; x_wconf 89' lang='lat' dir='ltr'><strong>sermone</strong></span> <span class='ocrx_word' id='word_1_235' title='bbox 2879 1661 3248 1730; x_wconf 89' lang='lat' dir='ltr'><strong>conscriptum</strong></span> <span class='ocrx_word' id='word_1_236' title='bbox 3281 1664 3649 1719; x_wconf 87' lang='lat' dir='ltr'><strong>monumentis</strong></span> 
     </span>
    </p>
   </div>
   <div class='ocr_carea' id='block_1_38' title="bbox 2082 1742 3643 1822">
    <p class='ocr_par' dir='ltr' id='par_1_38' title="bbox 2082 1742 3643 1822">
     <span class='ocr_line' id='line_1_38' title="bbox 2082 1742 3643 1822; baseline 0.007 -26"><span class='ocrx_word' id='word_1_237' title='bbox 2082 1742 2276 1812; x_wconf 59' lang='lat' dir='ltr'><strong>linguai</strong></span> <span class='ocrx_word' id='word_1_238' title='bbox 2309 1743 2533 1802; x_wconf 87' lang='lat' dir='ltr'><strong>Latialis</strong></span> <span class='ocrx_word' id='word_1_239' title='bbox 2568 1747 2851 1812; x_wconf 91' lang='lat' dir='ltr'><strong>insereret,</strong></span> <span class='ocrx_word' id='word_1_240' title='bbox 2885 1764 2915 1804; x_wconf 90' lang='lat' dir='ltr'><strong>a</strong></span> <span class='ocrx_word' id='word_1_241' title='bbox 2950 1750 3253 1822; x_wconf 86' lang='lat' dir='ltr'><strong>Syncletica</strong></span> <span class='ocrx_word' id='word_1_242' title='bbox 3303 1753 3643 1817; x_wconf 89' lang='lat' dir='ltr'><strong>diaconissa,</strong></span> 
     </span>
    </p>
   </div>
   <div class='ocr_carea' id='block_1_39' title="bbox 2079 1837 3537 1910">
    <p class='ocr_par' dir='ltr' id='par_1_39' title="bbox 2079 1837 3537 1910">
     <span class='ocr_line' id='line_1_39' title="bbox 2079 1837 3537 1910; baseline 0.006 -19"><span class='ocrx_word' id='word_1_243' title='bbox 2079 1837 2166 1891; x_wconf 91' lang='lat' dir='ltr'><strong>cui</strong></span> <span class='ocrx_word' id='word_1_244' title='bbox 2191 1844 2245 1891; x_wconf 93' lang='lat' dir='ltr'><strong>et</strong></span> <span class='ocrx_word' id='word_1_245' title='bbox 2277 1840 2475 1908; x_wconf 88' lang='lat' dir='ltr'><strong>paruit,</strong></span> <span class='ocrx_word' id='word_1_246' title='bbox 2505 1848 2560 1895; x_wconf 91' lang='lat' dir='ltr'><strong>et</strong></span> <span class='ocrx_word' id='word_1_247' title='bbox 2591 1856 2807 1910; x_wconf 88' lang='lat' dir='ltr'><strong>operam</strong></span> <span class='ocrx_word' id='word_1_248' title='bbox 2839 1858 2990 1896; x_wconf 87' lang='lat' dir='ltr'><strong>suam</strong></span> <span class='ocrx_word' id='word_1_249' title='bbox 3018 1844 3246 1900; x_wconf 82' lang='lat' dir='ltr'><strong>fideliter</strong></span> <span class='ocrx_word' id='word_1_250' title='bbox 3271 1845 3537 1900; x_wconf 80' lang='lat' dir='ltr'><strong>exhibuit.</strong></span> 
     </span>
    </p>
   </div>
   <div class='ocr_carea' id='block_1_40' title="bbox 2151 1931 3645 2009">
    <p class='ocr_par' dir='ltr' id='par_1_40' title="bbox 2151 1931 3645 2009">
     <span class='ocr_line' id='line_1_40' title="bbox 2151 1931 3645 2009; baseline 0.005 -24"><span class='ocrx_word' id='word_1_251' title='bbox 2151 1931 2379 1999; x_wconf 85' lang='lat' dir='ltr'><strong>Quidam</strong></span> <span class='ocrx_word' id='word_1_252' title='bbox 2411 1934 2747 1992; x_wconf 85' lang='lat' dir='ltr'><strong>allirmarunt</strong></span> <span class='ocrx_word' id='word_1_253' title='bbox 2763 1936 2926 2006; x_wconf 85' lang='lat' dir='ltr'><strong>hujus</strong></span> <span class='ocrx_word' id='word_1_254' title='bbox 2951 1937 3272 2009; x_wconf 64' lang='lat' dir='ltr'><strong>Syncleticaa</strong></span> <span class='ocrx_word' id='word_1_255' title='bbox 3295 1938 3645 1999; x_wconf 67' lang='lat' dir='ltr'><strong>diaconissaa,</strong></span> 
     </span>
    </p>
   </div>
   <div class='ocr_carea' id='block_1_41' title="bbox 2080 2022 3649 2099">
    <p class='ocr_par' dir='ltr' id='par_1_41' title="bbox 2080 2022 3649 2099">
     <span class='ocr_line' id='line_1_41' title="bbox 2080 2022 3649 2099; baseline 0.005 -23"><span class='ocrx_word' id='word_1_256' title='bbox 2080 2022 2148 2076; x_wconf 87' lang='lat' dir='ltr'><strong>ad</strong></span> <span class='ocrx_word' id='word_1_257' title='bbox 2190 2039 2351 2093; x_wconf 93' lang='lat' dir='ltr'><strong>quam</strong></span> <span class='ocrx_word' id='word_1_258' title='bbox 2397 2023 2719 2082; x_wconf 88' lang='lat' dir='ltr'><strong>Eustathius</strong></span> <span class='ocrx_word' id='word_1_259' title='bbox 2749 2043 2906 2083; x_wconf 88' lang='lat' dir='ltr'><strong>suum</strong></span> <span class='ocrx_word' id='word_1_260' title='bbox 2936 2043 3074 2098; x_wconf 87' lang='lat' dir='ltr'><strong>opus</strong></span> <span class='ocrx_word' id='word_1_261' title='bbox 3102 2027 3304 2099; x_wconf 86' lang='lat' dir='ltr'><strong>dirigit.</strong></span> <span class='ocrx_word' id='word_1_262' title='bbox 3329 2028 3649 2084; x_wconf 86' lang='lat' dir='ltr'><strong>meminisse</strong></span> 
     </span>
    </p>
   </div>
   <div class='ocr_carea' id='block_1_42' title="bbox 2083 2113 3647 2190">
    <p class='ocr_par' dir='ltr' id='par_1_42' title="bbox 2083 2113 3647 2190">
     <span class='ocr_line' id='line_1_42' title="bbox 2083 2113 3647 2190; baseline 0.004 -22"><span class='ocrx_word' id='word_1_263' title='bbox 2083 2113 2387 2180; x_wconf 77' lang='lat' dir='ltr'><strong>Sedulium,</strong></span> <span class='ocrx_word' id='word_1_264' title='bbox 2431 2118 2728 2189; x_wconf 89' lang='lat' dir='ltr'><strong>multisque</strong></span> <span class='ocrx_word' id='word_1_265' title='bbox 2771 2134 2888 2174; x_wconf 88' lang='lat' dir='ltr'><strong>eam</strong></span> <span class='ocrx_word' id='word_1_266' title='bbox 2921 2129 3264 2190; x_wconf 87' lang='lat' dir='ltr'><strong>prosecutum</strong></span> <span class='ocrx_word' id='word_1_267' title='bbox 3308 2119 3566 2175; x_wconf 89' lang='lat' dir='ltr'><strong>laudibus</strong></span> <span class='ocrx_word' id='word_1_268' title='bbox 3596 2121 3647 2174; x_wconf 92' lang='lat' dir='ltr'><strong>in</strong></span> 
     </span>
    </p>
   </div>
   <div class='ocr_carea' id='block_1_43' title="bbox 2081 2208 3646 2279">
    <p class='ocr_par' dir='ltr' id='par_1_43' title="bbox 2081 2208 3646 2279">
     <span class='ocr_line' id='line_1_43' title="bbox 2081 2208 3646 2279; baseline 0.001 -19"><span class='ocrx_word' id='word_1_269' title='bbox 2081 2208 2399 2277; x_wconf 63' lang='lat' dir='ltr'><strong>praefatione</strong></span> <span class='ocrx_word' id='word_1_270' title='bbox 2441 2212 2622 2279; x_wconf 87' lang='lat' dir='ltr'><strong>operis</strong></span> <span class='ocrx_word' id='word_1_271' title='bbox 2676 2210 2975 2266; x_wconf 86' lang='lat' dir='ltr'><strong>Paschalis.</strong></span> <span class='ocrx_word' id='word_1_272' title='bbox 3023 2210 3153 2278; x_wconf 70' lang='lat' dir='ltr'><strong>Quae</strong></span> <span class='ocrx_word' id='word_1_273' title='bbox 3204 2210 3250 2267; x_wconf 90' lang='lat' dir='ltr'><strong>si</strong></span> <span class='ocrx_word' id='word_1_274' title='bbox 3316 2227 3445 2267; x_wconf 86' lang='lat' dir='ltr'><strong>vera</strong></span> <span class='ocrx_word' id='word_1_275' title='bbox 3498 2220 3646 2274; x_wconf 89' lang='lat' dir='ltr'><strong>sunt,</strong></span> 
     </span>
    </p>
   </div>
   <div class='ocr_carea' id='block_1_44' title="bbox 2081 2298 3648 2374">
    <p class='ocr_par' dir='ltr' id='par_1_44' title="bbox 2081 2298 3648 2374">
     <span class='ocr_line' id='line_1_44' title="bbox 2081 2298 3648 2374; baseline 0.004 -22"><span class='ocrx_word' id='word_1_276' title='bbox 2081 2298 2424 2356; x_wconf 86' lang='lat' dir='ltr'><strong>Eustathium</strong></span> <span class='ocrx_word' id='word_1_277' title='bbox 2467 2303 2816 2374; x_wconf 90' lang='lat' dir='ltr'><strong>interpretem</strong></span> <span class='ocrx_word' id='word_1_278' title='bbox 2865 2301 3086 2357; x_wconf 88' lang='lat' dir='ltr'><strong>Sedulio</strong></span> <span class='ocrx_word' id='word_1_279' title='bbox 3115 2318 3356 2358; x_wconf 64' lang='lat' dir='ltr'><strong>ceterum</strong></span> <span class='ocrx_word' id='word_1_280' title='bbox 3403 2310 3648 2372; x_wconf 88' lang='lat' dir='ltr'><strong>tempore</strong></span> 
     </span>
    </p>
   </div>
   <div class='ocr_carea' id='block_1_45' title="bbox 2081 2393 3647 2457">
    <p class='ocr_par' dir='ltr' id='par_1_45' title="bbox 2081 2393 3647 2457">
     <span class='ocr_line' id='line_1_45' title="bbox 2081 2393 3647 2457; baseline -0.001 -7"><span class='ocrx_word' id='word_1_281' title='bbox 2081 2395 2372 2452; x_wconf 85' lang='lat' dir='ltr'><strong>Theodosii</strong></span> <span class='ocrx_word' id='word_1_282' title='bbox 2405 2395 2654 2451; x_wconf 83' lang='lat' dir='ltr'><strong>ﬂoruisse</strong></span> <span class='ocrx_word' id='word_1_283' title='bbox 2698 2395 3010 2451; x_wconf 89' lang='lat' dir='ltr'><strong>necessario</strong></span> <span class='ocrx_word' id='word_1_284' title='bbox 3039 2393 3311 2449; x_wconf 91' lang='lat' dir='ltr'><strong>fatendum</strong></span> <span class='ocrx_word' id='word_1_285' title='bbox 3333 2402 3438 2457; x_wconf 87' lang='lat' dir='ltr'><strong>est,</strong></span> <span class='ocrx_word' id='word_1_286' title='bbox 3472 2394 3647 2449; x_wconf 88' lang='lat' dir='ltr'><strong>maxi-</strong></span> 
     </span>
    </p>
   </div>
   <div class='ocr_carea' id='block_1_46' title="bbox 2082 2488 3645 2561">
    <p class='ocr_par' dir='ltr' id='par_1_46' title="bbox 2082 2488 3645 2561">
     <span class='ocr_line' id='line_1_46' title="bbox 2082 2488 3645 2561; baseline -0.002 -17"><span class='ocrx_word' id='word_1_287' title='bbox 2082 2505 2279 2560; x_wconf 67' lang='lat' dir='ltr'><strong>meque</strong></span> <span class='ocrx_word' id='word_1_288' title='bbox 2334 2505 2430 2545; x_wconf 91' lang='lat' dir='ltr'><strong>eos</strong></span> <span class='ocrx_word' id='word_1_289' title='bbox 2483 2489 2662 2561; x_wconf 87' lang='lat' dir='ltr'><strong>decipi</strong></span> <span class='ocrx_word' id='word_1_290' title='bbox 2714 2490 2805 2561; x_wconf 93' lang='lat' dir='ltr'><strong>qui</strong></span> <span class='ocrx_word' id='word_1_291' title='bbox 2861 2488 3124 2544; x_wconf 84' lang='lat' dir='ltr'><strong>Junilium</strong></span> <span class='ocrx_word' id='word_1_292' title='bbox 3167 2504 3234 2543; x_wconf 91' lang='lat' dir='ltr'><strong>eo</strong></span> <span class='ocrx_word' id='word_1_293' title='bbox 3281 2489 3645 2559; x_wconf 89' lang='lat' dir='ltr'><strong>antiquiorem</strong></span> 
     </span>
    </p>
   </div>
   <div class='ocr_carea' id='block_1_47' title="bbox 2079 2579 3646 2650">
    <p class='ocr_par' dir='ltr' id='par_1_47' title="bbox 2079 2579 3646 2650">
     <span class='ocr_line' id='line_1_47' title="bbox 2079 2579 3646 2650; baseline -0.003 -13"><span class='ocrx_word' id='word_1_294' title='bbox 2079 2585 2441 2646; x_wconf 88' lang='lat' dir='ltr'><strong>constituunt,</strong></span> <span class='ocrx_word' id='word_1_295' title='bbox 2489 2597 2614 2636; x_wconf 92' lang='lat' dir='ltr'><strong>cum</strong></span> <span class='ocrx_word' id='word_1_296' title='bbox 2660 2579 2852 2637; x_wconf 80' lang='lat' dir='ltr'><strong>Jtmilii</strong></span> <span class='ocrx_word' id='word_1_297' title='bbox 2910 2587 2966 2636; x_wconf 86' lang='lat' dir='ltr'><strong>et</strong></span> <span class='ocrx_word' id='word_1_298' title='bbox 3022 2579 3227 2636; x_wconf 87' lang='lat' dir='ltr'><strong>Sedulii</strong></span> <span class='ocrx_word' id='word_1_299' title='bbox 3261 2588 3509 2650; x_wconf 89' lang='lat' dir='ltr'><strong>tempora</strong></span> <span class='ocrx_word' id='word_1_300' title='bbox 3541 2594 3646 2634; x_wconf 90' lang='lat' dir='ltr'><strong>non</strong></span> 
     </span>
    </p>
   </div>
   <div class='ocr_carea' id='block_1_48' title="bbox 2079 2672 2568 2727">
    <p class='ocr_par' dir='ltr' id='par_1_48' title="bbox 2079 2672 2568 2727">
     <span class='ocr_line' id='line_1_48' title="bbox 2079 2672 2568 2727; baseline -0.004 -1"><span class='ocrx_word' id='word_1_301' title='bbox 2079 2674 2309 2726; x_wconf 90' lang='lat' dir='ltr'><strong>multum</strong></span> <span class='ocrx_word' id='word_1_302' title='bbox 2342 2672 2568 2727; x_wconf 90' lang='lat' dir='ltr'><strong>distent.</strong></span> 
     </span>
    </p>
   </div>
   <div class='ocr_carea' id='block_1_49' title="bbox 2154 2762 3642 2831">
    <p class='ocr_par' dir='ltr' id='par_1_49' title="bbox 2154 2762 3642 2831">
     <span class='ocr_line' id='line_1_49' title="bbox 2154 2762 3642 2831; baseline -0.004 -12"><span class='ocrx_word' id='word_1_303' title='bbox 2154 2763 2260 2820; x_wconf 91' lang='lat' dir='ltr'><strong>Sed</strong></span> <span class='ocrx_word' id='word_1_304' title='bbox 2304 2766 2372 2820; x_wconf 85' lang='lat' dir='ltr'><strong>de</strong></span> <span class='ocrx_word' id='word_1_305' title='bbox 2410 2763 2748 2818; x_wconf 84' lang='lat' dir='ltr'><strong>Antiocheno</strong></span> <span class='ocrx_word' id='word_1_306' title='bbox 2775 2769 2997 2818; x_wconf 89' lang='lat' dir='ltr'><strong>auctore</strong></span> <span class='ocrx_word' id='word_1_307' title='bbox 3025 2762 3188 2831; x_wconf 85' lang='lat' dir='ltr'><strong>hujus</strong></span> <span class='ocrx_word' id='word_1_308' title='bbox 3218 2767 3508 2823; x_wconf 88' lang='lat' dir='ltr'><strong>tractatus,</strong></span> <span class='ocrx_word' id='word_1_309' title='bbox 3536 2773 3642 2830; x_wconf 88' lang='lat' dir='ltr'><strong>quo</strong></span> 
     </span>
    </p>
   </div>
   <div class='ocr_carea' id='block_1_50' title="bbox 2081 2855 3640 2929">
    <p class='ocr_par' dir='ltr' id='par_1_50' title="bbox 2081 2855 3640 2929">
     <span class='ocr_line' id='line_1_50' title="bbox 2081 2855 3640 2929; baseline -0.006 -14"><span class='ocrx_word' id='word_1_310' title='bbox 2081 2861 2290 2915; x_wconf 89' lang='lat' dir='ltr'><strong>scilicet</strong></span> <span class='ocrx_word' id='word_1_311' title='bbox 2339 2866 2580 2929; x_wconf 90' lang='lat' dir='ltr'><strong>tempore</strong></span> <span class='ocrx_word' id='word_1_312' title='bbox 2608 2858 2824 2921; x_wconf 79' lang='lat' dir='ltr'><strong>vixerit,</strong></span> <span class='ocrx_word' id='word_1_313' title='bbox 2858 2871 3163 2912; x_wconf 90' lang='lat' dir='ltr'><strong>sermonem</strong></span> <span class='ocrx_word' id='word_1_314' title='bbox 3191 2855 3500 2916; x_wconf 87' lang='lat' dir='ltr'><strong>instituere,</strong></span> <span class='ocrx_word' id='word_1_315' title='bbox 3521 2867 3640 2908; x_wconf 90' lang='lat' dir='ltr'><strong>cum</strong></span> 
     </span>
    </p>
   </div>
   <div class='ocr_carea' id='block_1_51' title="bbox 2079 2950 3638 3023">
    <p class='ocr_par' dir='ltr' id='par_1_51' title="bbox 2079 2950 3638 3023">
     <span class='ocr_line' id='line_1_51' title="bbox 2079 2950 3638 3023; baseline -0.008 -15"><span class='ocrx_word' id='word_1_316' title='bbox 2079 2958 2420 3023; x_wconf 91' lang='lat' dir='ltr'><strong>compertum</strong></span> <span class='ocrx_word' id='word_1_317' title='bbox 2452 2952 2524 3008; x_wconf 91' lang='lat' dir='ltr'><strong>sit</strong></span> <span class='ocrx_word' id='word_1_318' title='bbox 2549 2952 2600 3004; x_wconf 92' lang='lat' dir='ltr'><strong>in</strong></span> <span class='ocrx_word' id='word_1_319' title='bbox 2631 2950 2883 3013; x_wconf 85' lang='lat' dir='ltr'><strong>historia,</strong></span> <span class='ocrx_word' id='word_1_320' title='bbox 2920 2963 3098 3019; x_wconf 68' lang='lat' dir='ltr'><strong>Operae</strong></span> <span class='ocrx_word' id='word_1_321' title='bbox 3127 2950 3363 3018; x_wconf 89' lang='lat' dir='ltr'><strong>pretium</strong></span> <span class='ocrx_word' id='word_1_322' title='bbox 3405 2961 3514 3000; x_wconf 92' lang='lat' dir='ltr'><strong>non</strong></span> <span class='ocrx_word' id='word_1_323' title='bbox 3539 2951 3638 3000; x_wconf 90' lang='lat' dir='ltr'><strong>est.</strong></span> 
     </span>
    </p>
   </div>
   <div class='ocr_carea' id='block_1_52' title="bbox 2078 3036 3639 3117">
    <p class='ocr_par' dir='ltr' id='par_1_52' title="bbox 2078 3036 3639 3117">
     <span class='ocr_line' id='line_1_52' title="bbox 2078 3036 3639 3117; baseline -0.007 -16"><span class='ocrx_word' id='word_1_324' title='bbox 2078 3047 2469 3117; x_wconf 83' lang='lat' dir='ltr'><strong>Argumentum</strong></span> <span class='ocrx_word' id='word_1_325' title='bbox 2497 3051 2678 3099; x_wconf 84' lang='lat' dir='ltr'><strong>tamen</strong></span> <span class='ocrx_word' id='word_1_326' title='bbox 2707 3041 3172 3100; x_wconf 88' lang='lat' dir='ltr'><strong>evidentissimum</strong></span> <span class='ocrx_word' id='word_1_327' title='bbox 3208 3041 3353 3096; x_wconf 87' lang='lat' dir='ltr'><strong>illius</strong></span> <span class='ocrx_word' id='word_1_328' title='bbox 3381 3038 3561 3094; x_wconf 71' lang='lat' dir='ltr'><strong>aetatis</strong></span> <span class='ocrx_word' id='word_1_329' title='bbox 3590 3036 3639 3090; x_wconf 93' lang='lat' dir='ltr'><strong>in</strong></span> 
     </span>
    </p>
   </div>
   <div class='ocr_carea' id='block_1_53' title="bbox 2078 3125 3641 3206">
    <p class='ocr_par' dir='ltr' id='par_1_53' title="bbox 2078 3125 3641 3206">
     <span class='ocr_line' id='line_1_53' title="bbox 2078 3125 3641 3206; baseline -0.008 -15"><span class='ocrx_word' id='word_1_330' title='bbox 2078 3137 2183 3191; x_wconf 90' lang='lat' dir='ltr'><strong>hoc</strong></span> <span class='ocrx_word' id='word_1_331' title='bbox 2217 3137 2334 3206; x_wconf 90' lang='lat' dir='ltr'><strong>ipso</strong></span> <span class='ocrx_word' id='word_1_332' title='bbox 2359 3149 2520 3204; x_wconf 92' lang='lat' dir='ltr'><strong>opere</strong></span> <span class='ocrx_word' id='word_1_333' title='bbox 2552 3133 2816 3188; x_wconf 89' lang='lat' dir='ltr'><strong>habemus</strong></span> <span class='ocrx_word' id='word_1_334' title='bbox 2847 3146 2966 3201; x_wconf 90' lang='lat' dir='ltr'><strong>pag.</strong></span> <span class='ocrx_word' id='word_1_335' title='bbox 2997 3131 3086 3192; x_wconf 78' lang='grc'><strong>85.</strong></span> <span class='ocrx_word' id='word_1_336' title='bbox 3115 3129 3229 3194; x_wconf 92' lang='lat' dir='ltr'><strong>ubi,</strong></span> <span class='ocrx_word' id='word_1_337' title='bbox 3265 3143 3390 3184; x_wconf 92' lang='lat' dir='ltr'><strong>cum</strong></span> <span class='ocrx_word' id='word_1_338' title='bbox 3437 3126 3506 3181; x_wconf 90' lang='lat' dir='ltr'><strong>de</strong></span> <span class='ocrx_word' id='word_1_339' title='bbox 3543 3125 3641 3179; x_wconf 87' lang='lat' dir='ltr'><strong>line</strong></span> 
     </span>
    </p>
   </div>
   <div class='ocr_carea' id='block_1_54' title="bbox 2078 3219 3641 3294">
    <p class='ocr_par' dir='ltr' id='par_1_54' title="bbox 2078 3219 3641 3294">
     <span class='ocr_line' id='line_1_54' title="bbox 2078 3219 3641 3294; baseline -0.009 -10"><span class='ocrx_word' id='word_1_340' title='bbox 2078 3236 2132 3284; x_wconf 90' lang='lat' dir='ltr'><strong>et</strong></span> <span class='ocrx_word' id='word_1_341' title='bbox 2176 3225 2647 3282; x_wconf 86' lang='lat' dir='ltr'><strong>consummatione</strong></span> <span class='ocrx_word' id='word_1_342' title='bbox 2676 3224 2840 3294; x_wconf 87' lang='lat' dir='ltr'><strong>hujus</strong></span> <span class='ocrx_word' id='word_1_343' title='bbox 2880 3222 3066 3276; x_wconf 91' lang='lat' dir='ltr'><strong>mundi</strong></span> <span class='ocrx_word' id='word_1_344' title='bbox 3106 3221 3531 3291; x_wconf 81' lang='lat' dir='ltr'><strong>disputationem</strong></span> <span class='ocrx_word' id='word_1_345' title='bbox 3565 3219 3641 3271; x_wconf 85' lang='lat' dir='ltr'><strong>in-</strong></span> 
     </span>
    </p>
   </div>
   <div class='ocr_carea' id='block_1_55' title="bbox 2077 3312 3640 3390">
    <p class='ocr_par' dir='ltr' id='par_1_55' title="bbox 2077 3312 3640 3390">
     <span class='ocr_line' id='line_1_55' title="bbox 2077 3312 3640 3390; baseline -0.008 -12"><span class='ocrx_word' id='word_1_346' title='bbox 2077 3321 2365 3385; x_wconf 89' lang='lat' dir='ltr'><strong>stituisset,</strong></span> <span class='ocrx_word' id='word_1_347' title='bbox 2390 3335 2549 3390; x_wconf 90' lang='lat' dir='ltr'><strong>quem</strong></span> <span class='ocrx_word' id='word_1_348' title='bbox 2581 3326 2790 3374; x_wconf 91' lang='lat' dir='ltr'><strong>tantum</strong></span> <span class='ocrx_word' id='word_1_349' title='bbox 2824 3317 2890 3370; x_wconf 90' lang='lat' dir='ltr'><strong>ad</strong></span> <span class='ocrx_word' id='word_1_350' title='bbox 2923 3332 3187 3371; x_wconf 88' lang='lat' dir='ltr'><strong>annorum</strong></span> <span class='ocrx_word' id='word_1_351' title='bbox 3221 3330 3314 3369; x_wconf 91' lang='lat' dir='ltr'><strong>sex</strong></span> <span class='ocrx_word' id='word_1_352' title='bbox 3342 3314 3514 3368; x_wconf 88' lang='lat' dir='ltr'><strong>millia</strong></span> <span class='ocrx_word' id='word_1_353' title='bbox 3543 3312 3640 3367; x_wconf 82' lang='lat' dir='ltr'><strong>du-</strong></span> 
     </span>
    </p>
   </div>
   <div class='ocr_carea' id='block_1_56' title="bbox 2076 3409 3640 3471">
    <p class='ocr_par' dir='ltr' id='par_1_56' title="bbox 2076 3409 3640 3471">
     <span class='ocr_line' id='line_1_56' title="bbox 2076 3409 3640 3471; baseline -0.008 -4"><span class='ocrx_word' id='word_1_354' title='bbox 2076 3421 2324 3468; x_wconf 90' lang='lat' dir='ltr'><strong>raturum</strong></span> <span class='ocrx_word' id='word_1_355' title='bbox 2365 3409 2743 3471; x_wconf 89' lang='lat' dir='ltr'><strong>contendebat,</strong></span> <span class='ocrx_word' id='word_1_356' title='bbox 2775 3419 2828 3463; x_wconf 90' lang='lat' dir='ltr'><strong>et</strong></span> <span class='ocrx_word' id='word_1_357' title='bbox 2859 3417 3168 3462; x_wconf 84' lang='lat' dir='ltr'><strong>accuratam</strong></span> <span class='ocrx_word' id='word_1_358' title='bbox 3200 3420 3467 3458; x_wconf 90' lang='lat' dir='ltr'><strong>annorum</strong></span> <span class='ocrx_word' id='word_1_359' title='bbox 3507 3418 3640 3458; x_wconf 82' lang='lat' dir='ltr'><strong>enu-</strong></span> 
     </span>
    </p>
   </div>
   <div class='ocr_carea' id='block_1_57' title="bbox 2077 3491 3636 3570">
    <p class='ocr_par' dir='ltr' id='par_1_57' title="bbox 2077 3491 3636 3570">
     <span class='ocr_line' id='line_1_57' title="bbox 2077 3491 3636 3570; baseline -0.008 -14"><span class='ocrx_word' id='word_1_360' title='bbox 2077 3503 2430 3556; x_wconf 81' lang='lat' dir='ltr'><strong>merationem</strong></span> <span class='ocrx_word' id='word_1_361' title='bbox 2456 3507 2898 3570; x_wconf 91' lang='lat' dir='ltr'><strong>prosequeretur,</strong></span> <span class='ocrx_word' id='word_1_362' title='bbox 2931 3504 2990 3550; x_wconf 91' lang='lat' dir='ltr'><strong>ut</strong></span> <span class='ocrx_word' id='word_1_363' title='bbox 3019 3497 3109 3566; x_wconf 92' lang='lat' dir='ltr'><strong>qui</strong></span> <span class='ocrx_word' id='word_1_364' title='bbox 3137 3491 3636 3565; x_wconf 68' lang='lat' dir='ltr'><strong>prieterierat,quid</strong></span> 
     </span>
    </p>
   </div>
   <div class='ocr_carea' id='block_1_58' title="bbox 2077 3585 3634 3661">
    <p class='ocr_par' dir='ltr' id='par_1_58' title="bbox 2077 3585 3634 3661">
     <span class='ocr_line' id='line_1_58' title="bbox 2077 3585 3634 3661; baseline -0.007 -14"><span class='ocrx_word' id='word_1_365' title='bbox 2077 3593 2255 3648; x_wconf 84' lang='lat' dir='ltr'><strong>adhuc</strong></span> <span class='ocrx_word' id='word_1_366' title='bbox 2275 3591 2515 3646; x_wconf 89' lang='lat' dir='ltr'><strong>futurum</strong></span> <span class='ocrx_word' id='word_1_367' title='bbox 2539 3597 2722 3661; x_wconf 90' lang='lat' dir='ltr'><strong>posset</strong></span> <span class='ocrx_word' id='word_1_368' title='bbox 2736 3589 3035 3658; x_wconf 86' lang='lat' dir='ltr'><strong>exspectari</strong></span> <span class='ocrx_word' id='word_1_369' title='bbox 3060 3587 3256 3658; x_wconf 91' lang='lat' dir='ltr'><strong>legenti</strong></span> <span class='ocrx_word' id='word_1_370' title='bbox 3283 3585 3634 3656; x_wconf 81' lang='lat' dir='ltr'><strong>significaret,</strong></span> 
     </span>
    </p>
   </div>
   <div class='ocr_carea' id='block_1_59' title="bbox 2075 3677 3636 3756">
    <p class='ocr_par' dir='ltr' id='par_1_59' title="bbox 2075 3677 3636 3756">
     <span class='ocr_line' id='line_1_59' title="bbox 2075 3677 3636 3756; baseline -0.006 -17"><span class='ocrx_word' id='word_1_371' title='bbox 2075 3699 2235 3740; x_wconf 87' lang='lat' dir='ltr'><strong>suum</strong></span> <span class='ocrx_word' id='word_1_372' title='bbox 2266 3689 2576 3752; x_wconf 90' lang='lat' dir='ltr'><strong>computum</strong></span> <span class='ocrx_word' id='word_1_373' title='bbox 2601 3681 2666 3735; x_wconf 89' lang='lat' dir='ltr'><strong>ad</strong></span> <span class='ocrx_word' id='word_1_374' title='bbox 2706 3681 3040 3735; x_wconf 89' lang='lat' dir='ltr'><strong>tricesimum</strong></span> <span class='ocrx_word' id='word_1_375' title='bbox 3069 3695 3270 3734; x_wconf 90' lang='lat' dir='ltr'><strong>annum</strong></span> <span class='ocrx_word' id='word_1_376' title='bbox 3297 3677 3636 3756; x_wconf 83' lang='lat' dir='ltr'><strong>Constantini</strong></span> 
     </span>
    </p>
   </div>
   <div class='ocr_carea' id='block_1_60' title="bbox 2075 3769 3640 3847">
    <p class='ocr_par' dir='ltr' id='par_1_60' title="bbox 2075 3769 3640 3847">
     <span class='ocr_line' id='line_1_60' title="bbox 2075 3769 3640 3847; baseline -0.006 -16"><span class='ocrx_word' id='word_1_377' title='bbox 2075 3777 2205 3846; x_wconf 88' lang='lat' dir='ltr'><strong>imp.</strong></span> <span class='ocrx_word' id='word_1_378' title='bbox 2232 3775 2547 3847; x_wconf 87' lang='lat' dir='ltr'><strong>perductmn</strong></span> <span class='ocrx_word' id='word_1_379' title='bbox 2580 3773 2716 3836; x_wconf 84' lang='lat' dir='ltr'><strong>linit,</strong></span> <span class='ocrx_word' id='word_1_380' title='bbox 2741 3773 2878 3828; x_wconf 88' lang='lat' dir='ltr'><strong>alios</strong></span> <span class='ocrx_word' id='word_1_381' title='bbox 2906 3788 3080 3828; x_wconf 85' lang='lat' dir='ltr'><strong>annos</strong></span> <span class='ocrx_word' id='word_1_382' title='bbox 3098 3771 3534 3842; x_wconf 70' lang='lat' dir='ltr'><strong>praetermittens.</strong></span> <span class='ocrx_word' id='word_1_383' title='bbox 3563 3769 3640 3822; x_wconf 84' lang='lat' dir='ltr'><strong>Si-</strong></span> 
     </span>
    </p>
   </div>
   <div class='ocr_carea' id='block_1_61' title="bbox 2072 3865 3635 3938">
    <p class='ocr_par' dir='ltr' id='par_1_61' title="bbox 2072 3865 3635 3938">
     <span class='ocr_line' id='line_1_61' title="bbox 2072 3865 3635 3938; baseline -0.004 -17"><span class='ocrx_word' id='word_1_384' title='bbox 2072 3883 2236 3936; x_wconf 86' lang='lat' dir='ltr'><strong>gnum</strong></span> <span class='ocrx_word' id='word_1_385' title='bbox 2257 3882 2384 3938; x_wconf 90' lang='lat' dir='ltr'><strong>crgo</strong></span> <span class='ocrx_word' id='word_1_386' title='bbox 2409 3867 2536 3921; x_wconf 92' lang='lat' dir='ltr'><strong>dum</strong></span> <span class='ocrx_word' id='word_1_387' title='bbox 2560 3865 2674 3920; x_wconf 60' lang='lat' dir='ltr'><strong>haec</strong></span> <span class='ocrx_word' id='word_1_388' title='bbox 2692 3865 2779 3918; x_wconf 92' lang='lat' dir='ltr'><strong>hic</strong></span> <span class='ocrx_word' id='word_1_389' title='bbox 2803 3873 2993 3918; x_wconf 89' lang='lat' dir='ltr'><strong>auctor</strong></span> <span class='ocrx_word' id='word_1_390' title='bbox 3020 3865 3303 3928; x_wconf 91' lang='lat' dir='ltr'><strong>scriberet,</strong></span> <span class='ocrx_word' id='word_1_391' title='bbox 3319 3879 3496 3918; x_wconf 84' lang='lat' dir='ltr'><strong>annos</strong></span> <span class='ocrx_word' id='word_1_392' title='bbox 3517 3874 3635 3916; x_wconf 76' lang='lat' dir='ltr'><strong>tan-</strong></span> 
     </span>
    </p>
   </div>
   <div class='ocr_carea' id='block_1_62' title="bbox 2074 3955 3638 4027">
    <p class='ocr_par' dir='ltr' id='par_1_62' title="bbox 2074 3955 3638 4027">
     <span class='ocr_line' id='line_1_62' title="bbox 2074 3955 3638 4027; baseline -0.002 -15"><span class='ocrx_word' id='word_1_393' title='bbox 2074 3967 2186 4012; x_wconf 91' lang='lat' dir='ltr'><strong>tum</strong></span> <span class='ocrx_word' id='word_1_394' title='bbox 2207 3967 2517 4014; x_wconf 89' lang='lat' dir='ltr'><strong>numeratos</strong></span> <span class='ocrx_word' id='word_1_395' title='bbox 2541 3975 2639 4012; x_wconf 80' lang='lat' dir='ltr'><strong>nec</strong></span> <span class='ocrx_word' id='word_1_396' title='bbox 2658 3957 2843 4027; x_wconf 89' lang='lat' dir='ltr'><strong>plures</strong></span> <span class='ocrx_word' id='word_1_397' title='bbox 2865 3957 3031 4012; x_wconf 86' lang='lat' dir='ltr'><strong>fuisse</strong></span> <span class='ocrx_word' id='word_1_398' title='bbox 3043 3959 3280 4027; x_wconf 88' lang='lat' dir='ltr'><strong>elapsos,</strong></span> <span class='ocrx_word' id='word_1_399' title='bbox 3295 3971 3432 4025; x_wconf 94' lang='lat' dir='ltr'><strong>quos</strong></span> <span class='ocrx_word' id='word_1_400' title='bbox 3452 3955 3638 4024; x_wconf 86' lang='lat' dir='ltr'><strong>utique</strong></span> 
     </span>
    </p>
   </div>
   <div class='ocr_carea' id='block_1_63' title="bbox 2072 4043 3636 4118">
    <p class='ocr_par' dir='ltr' id='par_1_63' title="bbox 2072 4043 3636 4118">
     <span class='ocr_line' id='line_1_63' title="bbox 2072 4043 3636 4118; baseline -0.004 -13"><span class='ocrx_word' id='word_1_401' title='bbox 2072 4068 2181 4106; x_wconf 89' lang='lat' dir='ltr'><strong>non</strong></span> <span class='ocrx_word' id='word_1_402' title='bbox 2215 4052 2512 4118; x_wconf 90' lang='lat' dir='ltr'><strong>tacuisset;</strong></span> <span class='ocrx_word' id='word_1_403' title='bbox 2546 4049 2599 4105; x_wconf 93' lang='lat' dir='ltr'><strong>id</strong></span> <span class='ocrx_word' id='word_1_404' title='bbox 2631 4049 2775 4104; x_wconf 90' lang='lat' dir='ltr'><strong>enim</strong></span> <span class='ocrx_word' id='word_1_405' title='bbox 2806 4055 2924 4104; x_wconf 88' lang='lat' dir='ltr'><strong>erat</strong></span> <span class='ocrx_word' id='word_1_406' title='bbox 2950 4049 3096 4103; x_wconf 91' lang='lat' dir='ltr'><strong>illius</strong></span> <span class='ocrx_word' id='word_1_407' title='bbox 3126 4049 3459 4103; x_wconf 89' lang='lat' dir='ltr'><strong>institutum.</strong></span> <span class='ocrx_word' id='word_1_408' title='bbox 3485 4043 3636 4112; x_wconf 85' lang='lat' dir='ltr'><strong>Quod</strong></span> 
     </span>
    </p>
   </div>
   <div class='ocr_carea' id='block_1_64' title="bbox 401 4138 3634 4218">
    <p class='ocr_par' dir='ltr' id='par_1_64' title="bbox 401 4138 3634 4218">
     <span class='ocr_line' id='line_1_64' title="bbox 401 4138 3634 4218; baseline -0.001 -23"><span class='ocrx_word' id='word_1_409' title='bbox 401 4158 520 4195; x_wconf 87' lang='lat' dir='ltr'><strong>rum</strong></span> <span class='ocrx_word' id='word_1_410' title='bbox 547 4157 564 4194; x_wconf 89' lang='lat'><strong><em>:</em></strong></span> <span class='ocrx_word' id='word_1_411' title='bbox 595 4140 869 4205; x_wconf 85' lang='lat' dir='ltr'><strong>Geneseos,</strong></span> <span class='ocrx_word' id='word_1_412' title='bbox 924 4143 1122 4212; x_wconf 84' lang='lat' dir='ltr'><strong>inquit,</strong></span> <span class='ocrx_word' id='word_1_413' title='bbox 1176 4143 1436 4210; x_wconf 83' lang='lat' dir='ltr'><strong>principia</strong></span> <span class='ocrx_word' id='word_1_414' title='bbox 1465 4151 1680 4196; x_wconf 83' lang='lat' dir='ltr'><strong>sanctus</strong></span> <span class='ocrx_word' id='word_1_415' title='bbox 1732 4139 1970 4194; x_wconf 86' lang='lat' dir='ltr'><strong>Basilius</strong></span> <span class='ocrx_word' id='word_1_416' title='bbox 1999 4159 2040 4218; x_wconf 73' lang='grc' dir='ltr'><em>ε</em></span> <span class='ocrx_word' id='word_1_417' title='bbox 2073 4145 2204 4199; x_wconf 92' lang='lat' dir='ltr'><strong>mihi</strong></span> <span class='ocrx_word' id='word_1_418' title='bbox 2237 4146 2373 4200; x_wconf 89' lang='lat' dir='ltr'><strong>satis</strong></span> <span class='ocrx_word' id='word_1_419' title='bbox 2403 4159 2674 4214; x_wconf 88' lang='lat' dir='ltr'><strong>superque</strong></span> <span class='ocrx_word' id='word_1_420' title='bbox 2701 4152 2804 4208; x_wconf 92' lang='lat' dir='ltr'><strong>est,</strong></span> <span class='ocrx_word' id='word_1_421' title='bbox 2833 4143 2879 4197; x_wconf 91' lang='lat' dir='ltr'><strong>si</strong></span> <span class='ocrx_word' id='word_1_422' title='bbox 2908 4144 3120 4196; x_wconf 85' lang='lat' dir='ltr'><strong>vivente</strong></span> <span class='ocrx_word' id='word_1_423' title='bbox 3139 4138 3500 4196; x_wconf 87' lang='lat' dir='ltr'><strong>Constantino</strong></span> <span class='ocrx_word' id='word_1_424' title='bbox 3526 4138 3634 4191; x_wconf 64' lang='lat' dir='ltr'><strong>haec</strong></span> 
     </span>
    </p>
   </div>
   <div class='ocr_carea' id='block_1_65' title="bbox 399 4230 1966 4300">
    <p class='ocr_par' dir='ltr' id='par_1_65' title="bbox 399 4230 1966 4300">
     <span class='ocr_line' id='line_1_65' title="bbox 399 4230 1966 4300; baseline 0.001 -16"><span class='ocrx_word' id='word_1_425' title='bbox 399 4231 576 4284; x_wconf 81' lang='lat' dir='ltr'><strong>Attico</strong></span> <span class='ocrx_word' id='word_1_426' title='bbox 605 4247 838 4285; x_wconf 80' lang='lat' dir='ltr'><strong>sermone</strong></span> <span class='ocrx_word' id='word_1_427' title='bbox 873 4232 1145 4292; x_wconf 83' lang='lat' dir='ltr'><strong>lucidavit,</strong></span> <span class='ocrx_word' id='word_1_428' title='bbox 1176 4248 1327 4300; x_wconf 87' lang='lat' dir='ltr'><strong>quem</strong></span> <span class='ocrx_word' id='word_1_429' title='bbox 1364 4230 1678 4285; x_wconf 78' lang='lat' dir='ltr'><strong>Eustathius</strong></span> <span class='ocrx_word' id='word_1_430' title='bbox 1700 4232 1779 4285; x_wconf 81' lang='lat' dir='ltr'><strong>vir</strong></span> <span class='ocrx_word' id='word_1_431' title='bbox 1799 4231 1966 4285; x_wconf 88' lang='lat' dir='ltr'><strong>diser-</strong></span> 
     </span>
    </p>
   </div>
   <div class='ocr_carea' id='block_1_66' title="bbox 401 4320 1972 4392">
    <p class='ocr_par' dir='ltr' id='par_1_66' title="bbox 401 4320 1972 4392">
     <span class='ocr_line' id='line_1_66' title="bbox 401 4320 1972 4392; baseline 0.003 -20"><span class='ocrx_word' id='word_1_432' title='bbox 401 4321 634 4373; x_wconf 77' lang='lat' dir='ltr'><strong>tissimus</strong></span> <span class='ocrx_word' id='word_1_433' title='bbox 674 4322 750 4374; x_wconf 88' lang='lat' dir='ltr'><strong>ita</strong></span> <span class='ocrx_word' id='word_1_434' title='bbox 793 4321 1062 4375; x_wconf 85' lang='lat' dir='ltr'><strong>transtulit</strong></span> <span class='ocrx_word' id='word_1_435' title='bbox 1093 4323 1147 4375; x_wconf 89' lang='lat' dir='ltr'><strong>in</strong></span> <span class='ocrx_word' id='word_1_436' title='bbox 1176 4320 1446 4386; x_wconf 78' lang='lat' dir='ltr'><strong>Latinum,</strong></span> <span class='ocrx_word' id='word_1_437' title='bbox 1479 4332 1535 4374; x_wconf 91' lang='lat' dir='ltr'><strong>ut</strong></span> <span class='ocrx_word' id='word_1_438' title='bbox 1571 4323 1835 4392; x_wconf 82' lang='lat' dir='ltr'><strong>ingenium</strong></span> <span class='ocrx_word' id='word_1_439' title='bbox 1874 4323 1972 4376; x_wconf 84' lang='lat' dir='ltr'><strong>do-</strong></span> 
     </span>
    </p>
   </div>
   <div class='ocr_carea' id='block_1_67' title="bbox 396 4412 1967 4483">
    <p class='ocr_par' dir='ltr' id='par_1_67' title="bbox 396 4412 1967 4483">
     <span class='ocr_line' id='line_1_67' title="bbox 396 4412 1967 4483; baseline 0.002 -19"><span class='ocrx_word' id='word_1_440' title='bbox 396 4412 621 4464; x_wconf 82' lang='lat' dir='ltr'><strong>ctissimi</strong></span> <span class='ocrx_word' id='word_1_441' title='bbox 648 4414 746 4465; x_wconf 79' lang='lat' dir='ltr'><strong>uiri</strong></span> <span class='ocrx_word' id='word_1_442' title='bbox 777 4414 1041 4481; x_wconf 65' lang='lat' dir='ltr'><strong>facundia</strong></span> <span class='ocrx_word' id='word_1_443' title='bbox 1061 4431 1173 4468; x_wconf 75' lang='lat' dir='ltr'><strong>sua:</strong></span> <span class='ocrx_word' id='word_1_444' title='bbox 1195 4414 1390 4467; x_wconf 84' lang='lat' dir='ltr'><strong>viribus</strong></span> <span class='ocrx_word' id='word_1_445' title='bbox 1417 4414 1770 4483; x_wconf 80' lang='lat' dir='ltr'><strong>wquiparasse</strong></span> <span class='ocrx_word' id='word_1_446' title='bbox 1789 4414 1967 4467; x_wconf 62' lang='lat' dir='ltr'><strong>vidca-</strong></span> 
     </span>
    </p>
   </div>
   <div class='ocr_carea' id='block_1_68' title="bbox 396 4505 1967 4584">
    <p class='ocr_par' dir='ltr' id='par_1_68' title="bbox 396 4505 1967 4584">
     <span class='ocr_line' id='line_1_68' title="bbox 396 4505 1967 4584; baseline 0.002 -28"><span class='ocrx_word' id='word_1_447' title='bbox 396 4512 486 4556; x_wconf 90' lang='lat' dir='ltr'><strong>tur</strong></span> <span class='ocrx_word' id='word_1_448' title='bbox 508 4521 526 4557; x_wconf 93' lang='lat'><em>:</em></span> <span class='ocrx_word' id='word_1_449' title='bbox 551 4507 640 4573; x_wconf 87' lang='lat' dir='ltr'><strong>qui</strong></span> <span class='ocrx_word' id='word_1_450' title='bbox 668 4521 829 4574; x_wconf 87' lang='lat' dir='ltr'><strong>usque</strong></span> <span class='ocrx_word' id='word_1_451' title='bbox 851 4506 918 4559; x_wconf 85' lang='lat' dir='ltr'><strong>ad</strong></span> <span class='ocrx_word' id='word_1_452' title='bbox 948 4505 1179 4584; x_wconf 74' lang='lat' dir='ltr'><strong>hominis</strong></span> <span class='ocrx_word' id='word_1_453' title='bbox 1213 4506 1564 4562; x_wconf 80' lang='lat' dir='ltr'><strong>conditionem</strong></span> <span class='ocrx_word' id='word_1_454' title='bbox 1593 4522 1774 4562; x_wconf 80' lang='lat' dir='ltr'><strong>nouem</strong></span> <span class='ocrx_word' id='word_1_455' title='bbox 1805 4505 1967 4559; x_wconf 86' lang='lat' dir='ltr'><strong>libros</strong></span> 
     </span>
    </p>
   </div>
   <div class='ocr_carea' id='block_1_69' title="bbox 397 4597 1969 4670">
    <p class='ocr_par' dir='ltr' id='par_1_69' title="bbox 397 4597 1969 4670">
     <span class='ocr_line' id='line_1_69' title="bbox 397 4597 1969 4670; baseline 0.001 -20"><span class='ocrx_word' id='word_1_456' title='bbox 397 4597 612 4650; x_wconf 87' lang='lat' dir='ltr'><strong>tetendit</strong></span> <span class='ocrx_word' id='word_1_457' title='bbox 639 4614 658 4661; x_wconf 88' lang='lat'><em>;</em></span> <span class='ocrx_word' id='word_1_458' title='bbox 701 4606 756 4652; x_wconf 90' lang='lat' dir='ltr'><strong>et</strong></span> <span class='ocrx_word' id='word_1_459' title='bbox 781 4597 1020 4653; x_wconf 84' lang='lat' dir='ltr'><strong>Junilius</strong></span> <span class='ocrx_word' id='word_1_460' title='bbox 1066 4601 1359 4670; x_wconf 91' lang='lat' dir='ltr'><strong>episcopus</strong></span> <span class='ocrx_word' id='word_1_461' title='bbox 1386 4598 1702 4662; x_wconf 82' lang='lat' dir='ltr'><strong>Africanus,</strong></span> <span class='ocrx_word' id='word_1_462' title='bbox 1729 4599 1844 4652; x_wconf 89' lang='lat' dir='ltr'><strong>sive</strong></span> <span class='ocrx_word' id='word_1_463' title='bbox 1871 4613 1969 4667; x_wconf 87' lang='lat' dir='ltr'><strong>po-</strong></span> 
     </span>
    </p>
   </div>
   <div class='ocr_carea' id='block_1_70' title="bbox 395 4688 1968 4759">
    <p class='ocr_par' dir='ltr' id='par_1_70' title="bbox 395 4688 1968 4759">
     <span class='ocr_line' id='line_1_70' title="bbox 395 4688 1968 4759; baseline -0.001 -16"><span class='ocrx_word' id='word_1_464' title='bbox 395 4690 507 4745; x_wconf 89' lang='lat' dir='ltr'><strong>tius</strong></span> <span class='ocrx_word' id='word_1_465' title='bbox 561 4688 729 4754; x_wconf 84' lang='lat' dir='ltr'><strong>Beda,</strong></span> <span class='ocrx_word' id='word_1_466' title='bbox 774 4705 900 4744; x_wconf 88' lang='lat' dir='ltr'><strong>nam</strong></span> <span class='ocrx_word' id='word_1_467' title='bbox 942 4689 1180 4746; x_wconf 77' lang='lat' dir='ltr'><strong>Junilius</strong></span> <span class='ocrx_word' id='word_1_468' title='bbox 1224 4690 1352 4746; x_wconf 81' lang='lat' dir='ltr'><strong>Afer</strong></span> <span class='ocrx_word' id='word_1_469' title='bbox 1379 4690 1664 4745; x_wconf 88' lang='lat' dir='ltr'><strong>Eustathio</strong></span> <span class='ocrx_word' id='word_1_470' title='bbox 1690 4691 1968 4759; x_wconf 88' lang='lat' dir='ltr'><strong>antiquior</strong></span> 
     </span>
    </p>
   </div>
   <div class='ocr_carea' id='block_1_71' title="bbox 395 4776 1966 4852">
    <p class='ocr_par' dir='ltr' id='par_1_71' title="bbox 395 4776 1966 4852">
     <span class='ocr_line' id='line_1_71' title="bbox 395 4776 1966 4852; baseline 0.001 -17"><span class='ocrx_word' id='word_1_471' title='bbox 395 4776 568 4836; x_wconf 85' lang='lat' dir='ltr'><strong>fuisse</strong></span> <span class='ocrx_word' id='word_1_472' title='bbox 593 4782 914 4852; x_wconf 83' lang='lat' dir='ltr'><strong>quibusdam</strong></span> <span class='ocrx_word' id='word_1_473' title='bbox 948 4783 1098 4839; x_wconf 87' lang='lat' dir='ltr'><strong>visus</strong></span> <span class='ocrx_word' id='word_1_474' title='bbox 1127 4791 1234 4848; x_wconf 88' lang='lat' dir='ltr'><strong>est,</strong></span> <span class='ocrx_word' id='word_1_475' title='bbox 1266 4785 1319 4838; x_wconf 91' lang='lat' dir='ltr'><strong>in</strong></span> <span class='ocrx_word' id='word_1_476' title='bbox 1344 4783 1658 4852; x_wconf 65' lang='lat' dir='ltr'><strong>praefatione</strong></span> <span class='ocrx_word' id='word_1_477' title='bbox 1687 4781 1966 4838; x_wconf 86' lang='lat' dir='ltr'><strong>Commen-</strong></span> 
     </span>
    </p>
   </div>
   <div class='ocr_carea' id='block_1_72' title="bbox 394 4872 1965 4945">
    <p class='ocr_par' dir='ltr' id='par_1_72' title="bbox 394 4872 1965 4945">
     <span class='ocr_line' id='line_1_72' title="bbox 394 4872 1965 4945; baseline 0.003 -19"><span class='ocrx_word' id='word_1_478' title='bbox 394 4874 522 4926; x_wconf 84' lang='lat' dir='ltr'><strong>tarti</strong></span> <span class='ocrx_word' id='word_1_479' title='bbox 573 4875 626 4927; x_wconf 89' lang='lat' dir='ltr'><strong>in</strong></span> <span class='ocrx_word' id='word_1_480' title='bbox 675 4872 1274 4944; x_wconf 85' lang='lat' dir='ltr'><strong>Genes.:Deprincipio</strong></span> <span class='ocrx_word' id='word_1_481' title='bbox 1321 4875 1444 4930; x_wconf 84' lang='lat' dir='ltr'><strong>libri</strong></span> <span class='ocrx_word' id='word_1_482' title='bbox 1488 4875 1722 4938; x_wconf 80' lang='lat' dir='ltr'><strong>Genesis,</strong></span> <span class='ocrx_word' id='word_1_483' title='bbox 1772 4875 1828 4928; x_wconf 88' lang='lat' dir='ltr'><strong>in</strong></span> <span class='ocrx_word' id='word_1_484' title='bbox 1861 4891 1965 4945; x_wconf 88' lang='lat' dir='ltr'><strong>quo</strong></span> 
     </span>
    </p>
   </div>
   <div class='ocr_carea' id='block_1_73' title="bbox 394 4966 1965 5037">
    <p class='ocr_par' dir='ltr' id='par_1_73' title="bbox 394 4966 1965 5037">
     <span class='ocr_line' id='line_1_73' title="bbox 394 4966 1965 5037; baseline 0.003 -18"><span class='ocrx_word' id='word_1_485' title='bbox 394 4966 576 5019; x_wconf 87' lang='lat' dir='ltr'><strong>mundi</strong></span> <span class='ocrx_word' id='word_1_486' title='bbox 602 4967 756 5035; x_wconf 84' lang='lat' dir='ltr'><strong>hujus</strong></span> <span class='ocrx_word' id='word_1_487' title='bbox 789 4969 988 5022; x_wconf 87' lang='lat' dir='ltr'><strong>creatio</strong></span> <span class='ocrx_word' id='word_1_488' title='bbox 1017 4969 1278 5037; x_wconf 84' lang='lat' dir='ltr'><strong>descripta</strong></span> <span class='ocrx_word' id='word_1_489' title='bbox 1309 4978 1406 5033; x_wconf 84' lang='lat' dir='ltr'><strong>est,</strong></span> <span class='ocrx_word' id='word_1_490' title='bbox 1439 4970 1592 5022; x_wconf 86' lang='lat' dir='ltr'><strong>multi</strong></span> <span class='ocrx_word' id='word_1_491' title='bbox 1621 4969 1788 5022; x_wconf 87' lang='lat' dir='ltr'><strong>multa</strong></span> <span class='ocrx_word' id='word_1_492' title='bbox 1815 4969 1965 5023; x_wconf 82' lang='lat' dir='ltr'><strong>dixe-</strong></span> 
     </span>
    </p>
   </div>
   <div class='ocr_carea' id='block_1_74' title="bbox 392 5059 1959 5132">
    <p class='ocr_par' dir='ltr' id='par_1_74' title="bbox 392 5059 1959 5132">
     <span class='ocr_line' id='line_1_74' title="bbox 392 5059 1959 5132; baseline 0.004 -21"><span class='ocrx_word' id='word_1_493' title='bbox 392 5075 467 5120; x_wconf 86' lang='lat' dir='ltr'><strong>re,</strong></span> <span class='ocrx_word' id='word_1_494' title='bbox 484 5069 533 5112; x_wconf 90' lang='lat' dir='ltr'><strong>et</strong></span> <span class='ocrx_word' id='word_1_495' title='bbox 551 5059 718 5112; x_wconf 90' lang='lat' dir='ltr'><strong>multa</strong></span> <span class='ocrx_word' id='word_1_496' title='bbox 737 5062 961 5127; x_wconf 84' lang='lat' dir='ltr'><strong>posteris</strong></span> <span class='ocrx_word' id='word_1_497' title='bbox 985 5062 1177 5131; x_wconf 87' lang='lat' dir='ltr'><strong>ingenii</strong></span> <span class='ocrx_word' id='word_1_498' title='bbox 1205 5062 1288 5116; x_wconf 86' lang='lat' dir='ltr'><strong>sui</strong></span> <span class='ocrx_word' id='word_1_499' title='bbox 1320 5071 1656 5116; x_wconf 87' lang='lat' dir='ltr'><strong>monumenta</strong></span> <span class='ocrx_word' id='word_1_500' title='bbox 1686 5063 1959 5132; x_wconf 87' lang='lat' dir='ltr'><strong>reliquere.</strong></span> 
     </span>
    </p>
   </div>
   <div class='ocr_carea' id='block_1_75' title="bbox 392 5147 1963 5222">
    <p class='ocr_par' dir='ltr' id='par_1_75' title="bbox 392 5147 1963 5222">
     <span class='ocr_line' id='line_1_75' title="bbox 392 5147 1963 5222; baseline 0.002 -18"><span class='ocrx_word' id='word_1_501' title='bbox 392 5147 496 5204; x_wconf 89' lang='lat' dir='ltr'><strong>Sed</strong></span> <span class='ocrx_word' id='word_1_502' title='bbox 527 5151 807 5219; x_wconf 75' lang='lat' dir='ltr'><strong>prwcipue,</strong></span> <span class='ocrx_word' id='word_1_503' title='bbox 852 5161 1107 5222; x_wconf 88' lang='lat' dir='ltr'><strong>quantum</strong></span> <span class='ocrx_word' id='word_1_504' title='bbox 1158 5165 1339 5207; x_wconf 84' lang='lat' dir='ltr'><strong>nostra</strong></span> <span class='ocrx_word' id='word_1_505' title='bbox 1385 5154 1798 5222; x_wconf 84' lang='lat' dir='ltr'><strong>pusillanimitas</strong></span> <span class='ocrx_word' id='word_1_506' title='bbox 1849 5153 1963 5208; x_wconf 85' lang='lat' dir='ltr'><strong>edi-</strong></span> 
     </span>
    </p>
   </div>
   <div class='ocr_carea' id='block_1_76' title="bbox 387 5243 1960 5317">
    <p class='ocr_par' dir='ltr' id='par_1_76' title="bbox 387 5243 1960 5317">
     <span class='ocr_line' id='line_1_76' title="bbox 387 5243 1960 5317; baseline 0.006 -25"><span class='ocrx_word' id='word_1_507' title='bbox 387 5256 528 5293; x_wconf 82' lang='lat' dir='ltr'><strong>scere</strong></span> <span class='ocrx_word' id='word_1_508' title='bbox 565 5244 756 5309; x_wconf 82' lang='lat' dir='ltr'><strong>potuit,</strong></span> <span class='ocrx_word' id='word_1_509' title='bbox 800 5243 1037 5299; x_wconf 87' lang='lat' dir='ltr'><strong>Basilius</strong></span> <span class='ocrx_word' id='word_1_510' title='bbox 1064 5244 1430 5312; x_wconf 67' lang='lat' dir='ltr'><strong>Cmariensis,</strong></span> <span class='ocrx_word' id='word_1_511' title='bbox 1469 5263 1619 5317; x_wconf 87' lang='lat' dir='ltr'><strong>quem</strong></span> <span class='ocrx_word' id='word_1_512' title='bbox 1650 5246 1960 5301; x_wconf 85' lang='lat' dir='ltr'><strong>Eustathius</strong></span> 
     </span>
    </p>
   </div>
   <div class='ocr_carea' id='block_1_77' title="bbox 388 5332 1959 5404">
    <p class='ocr_par' dir='ltr' id='par_1_77' title="bbox 388 5332 1959 5404">
     <span class='ocr_line' id='line_1_77' title="bbox 388 5332 1959 5404; baseline 0.004 -22"><span class='ocrx_word' id='word_1_513' title='bbox 388 5332 646 5400; x_wconf 75' lang='lat' dir='ltr'><strong>interpres</strong></span> <span class='ocrx_word' id='word_1_514' title='bbox 691 5333 756 5388; x_wconf 87' lang='lat' dir='ltr'><strong>de</strong></span> <span class='ocrx_word' id='word_1_515' title='bbox 791 5333 974 5391; x_wconf 64' lang='lat' dir='ltr'><strong>Graeco</strong></span> <span class='ocrx_word' id='word_1_516' title='bbox 1015 5337 1136 5404; x_wconf 78' lang='lat' dir='ltr'><strong>fecit</strong></span> <span class='ocrx_word' id='word_1_517' title='bbox 1165 5355 1275 5392; x_wconf 83' lang='lat' dir='ltr'><strong>esse</strong></span> <span class='ocrx_word' id='word_1_518' title='bbox 1305 5337 1577 5392; x_wconf 89' lang='lat' dir='ltr'><strong>Latinum.</strong></span> <span class='ocrx_word' id='word_1_519' title='bbox 1615 5337 1959 5392; x_wconf 79' lang='lat' dir='ltr'><strong>Manifestum</strong></span> 
     </span>
    </p>
   </div>
   <div class='ocr_carea' id='block_1_78' title="bbox 387 5421 1960 5501">
    <p class='ocr_par' dir='ltr' id='par_1_78' title="bbox 387 5421 1960 5501">
     <span class='ocr_line' id='line_1_78' title="bbox 387 5421 1960 5501; baseline 0.005 -25"><span class='ocrx_word' id='word_1_520' title='bbox 387 5421 572 5492; x_wconf 78' lang='lat' dir='ltr'><strong>itaque</strong></span> <span class='ocrx_word' id='word_1_521' title='bbox 622 5427 968 5484; x_wconf 70' lang='lat' dir='ltr'><strong>Eustathium</strong></span> <span class='ocrx_word' id='word_1_522' title='bbox 1011 5429 1180 5494; x_wconf 92' lang='lat' dir='ltr'><strong>hunc,</strong></span> <span class='ocrx_word' id='word_1_523' title='bbox 1214 5431 1307 5501; x_wconf 92' lang='lat' dir='ltr'><strong>qui</strong></span> <span class='ocrx_word' id='word_1_524' title='bbox 1360 5433 1414 5485; x_wconf 93' lang='lat' dir='ltr'><strong>in</strong></span> <span class='ocrx_word' id='word_1_525' title='bbox 1459 5432 1718 5486; x_wconf 90' lang='lat' dir='ltr'><strong>vertendo</strong></span> <span class='ocrx_word' id='word_1_526' title='bbox 1756 5429 1960 5484; x_wconf 82' lang='lat' dir='ltr'><strong>Basilio</strong></span> 
     </span>
    </p>
   </div>
   <div class='ocr_carea' id='block_1_79' title="bbox 388 5513 1955 5589">
    <p class='ocr_par' dir='ltr' id='par_1_79' title="bbox 388 5513 1955 5589">
     <span class='ocr_line' id='line_1_79' title="bbox 388 5513 1955 5589; baseline 0.006 -22"><span class='ocrx_word' id='word_1_527' title='bbox 388 5513 629 5568; x_wconf 85' lang='lat' dir='ltr'><strong>laborem</strong></span> <span class='ocrx_word' id='word_1_528' title='bbox 659 5517 971 5589; x_wconf 91' lang='lat' dir='ltr'><strong>insumpsit,</strong></span> <span class='ocrx_word' id='word_1_529' title='bbox 992 5521 1158 5576; x_wconf 89' lang='lat' dir='ltr'><strong>alium</strong></span> <span class='ocrx_word' id='word_1_530' title='bbox 1188 5538 1310 5577; x_wconf 90' lang='lat' dir='ltr'><strong>esse</strong></span> <span class='ocrx_word' id='word_1_531' title='bbox 1335 5522 1404 5576; x_wconf 92' lang='lat' dir='ltr'><strong>ab</strong></span> <span class='ocrx_word' id='word_1_532' title='bbox 1427 5521 1712 5578; x_wconf 87' lang='lat' dir='ltr'><strong>Eustathio</strong></span> <span class='ocrx_word' id='word_1_533' title='bbox 1732 5523 1837 5576; x_wconf 91' lang='lat' dir='ltr'><strong>hoc</strong></span> <span class='ocrx_word' id='word_1_534' title='bbox 1859 5538 1955 5576; x_wconf 79' lang='lat' dir='ltr'><strong>no—</strong></span> 
     </span>
    </p>
   </div>
   <div class='ocr_carea' id='block_1_80' title="bbox 387 5611 1955 5682">
    <p class='ocr_par' dir='ltr' id='par_1_80' title="bbox 387 5611 1955 5682">
     <span class='ocr_line' id='line_1_80' title="bbox 387 5611 1955 5682; baseline 0.006 -24"><span class='ocrx_word' id='word_1_535' title='bbox 387 5616 522 5660; x_wconf 83' lang='lat' dir='ltr'><strong>stro.</strong></span> <span class='ocrx_word' id='word_1_536' title='bbox 556 5619 678 5660; x_wconf 90' lang='lat' dir='ltr'><strong>cum</strong></span> <span class='ocrx_word' id='word_1_537' title='bbox 705 5616 760 5664; x_wconf 82' lang='lat' dir='ltr'><strong>et</strong></span> <span class='ocrx_word' id='word_1_538' title='bbox 789 5611 937 5667; x_wconf 91' lang='lat' dir='ltr'><strong>illius</strong></span> <span class='ocrx_word' id='word_1_539' title='bbox 967 5613 1218 5668; x_wconf 88' lang='lat' dir='ltr'><strong>versibus</strong></span> <span class='ocrx_word' id='word_1_540' title='bbox 1249 5613 1390 5668; x_wconf 79' lang='lat' dir='ltr'><strong>edita</strong></span> <span class='ocrx_word' id='word_1_541' title='bbox 1433 5614 1522 5676; x_wconf 91' lang='lat' dir='ltr'><strong>sit,</strong></span> <span class='ocrx_word' id='word_1_542' title='bbox 1546 5620 1600 5668; x_wconf 86' lang='lat' dir='ltr'><strong>et</strong></span> <span class='ocrx_word' id='word_1_543' title='bbox 1641 5613 1866 5682; x_wconf 89' lang='lat' dir='ltr'><strong>ipsemet</strong></span> <span class='ocrx_word' id='word_1_544' title='bbox 1901 5613 1955 5667; x_wconf 93' lang='lat' dir='ltr'><strong>in</strong></span> 
     </span>
    </p>
   </div>
   <div class='ocr_carea' id='block_1_81' title="bbox 387 5693 1955 5773">
    <p class='ocr_par' dir='ltr' id='par_1_81' title="bbox 387 5693 1955 5773">
     <span class='ocr_line' id='line_1_81' title="bbox 387 5693 1955 5773; baseline 0.008 -28"><span class='ocrx_word' id='word_1_545' title='bbox 387 5693 704 5762; x_wconf 70' lang='lat' dir='ltr'><strong>prazfatione</strong></span> <span class='ocrx_word' id='word_1_546' title='bbox 746 5715 860 5755; x_wconf 68' lang='lat' dir='ltr'><strong>suae</strong></span> <span class='ocrx_word' id='word_1_547' title='bbox 911 5703 1178 5758; x_wconf 86' lang='lat' dir='ltr'><strong>versionis</strong></span> <span class='ocrx_word' id='word_1_548' title='bbox 1210 5718 1435 5773; x_wconf 83' lang='lat' dir='ltr'><strong>scopum</strong></span> <span class='ocrx_word' id='word_1_549' title='bbox 1480 5719 1661 5768; x_wconf 91' lang='lat' dir='ltr'><strong>suum,</strong></span> <span class='ocrx_word' id='word_1_550' title='bbox 1689 5713 1742 5759; x_wconf 91' lang='lat' dir='ltr'><strong>et</strong></span> <span class='ocrx_word' id='word_1_551' title='bbox 1780 5703 1955 5760; x_wconf 88' lang='lat' dir='ltr'><strong>inten-</strong></span> 
     </span>
    </p>
   </div>
   <div class='ocr_carea' id='block_1_82' title="bbox 2071 4231 3634 4308">
    <p class='ocr_par' dir='ltr' id='par_1_82' title="bbox 2071 4231 3634 4308">
     <span class='ocr_line' id='line_1_82' title="bbox 2071 4231 3634 4308; baseline -0.007 -15"><span class='ocrx_word' id='word_1_552' title='bbox 2071 4239 2468 4303; x_wconf 69' lang='lat' dir='ltr'><strong>scribeliantur,</strong></span> <span class='ocrx_word' id='word_1_553' title='bbox 2504 4238 2755 4308; x_wconf 85' lang='lat' dir='ltr'><strong>quamvis</strong></span> <span class='ocrx_word' id='word_1_554' title='bbox 2811 4244 3003 4291; x_wconf 90' lang='lat' dir='ltr'><strong>auctor</strong></span> <span class='ocrx_word' id='word_1_555' title='bbox 3057 4233 3150 4289; x_wconf 93' lang='lat' dir='ltr'><strong>diu</strong></span> <span class='ocrx_word' id='word_1_556' title='bbox 3195 4233 3361 4287; x_wconf 88' lang='lat' dir='ltr'><strong>vitam</strong></span> <span class='ocrx_word' id='word_1_557' title='bbox 3409 4231 3634 4286; x_wconf 89' lang='lat' dir='ltr'><strong>trahens</strong></span> 
     </span>
    </p>
   </div>
   <div class='ocr_carea' id='block_1_83' title="bbox 2069 4329 2784 4398">
    <p class='ocr_par' dir='ltr' id='par_1_83' title="bbox 2069 4329 2784 4398">
     <span class='ocr_line' id='line_1_83' title="bbox 2069 4329 2784 4398; baseline 0 -17"><span class='ocrx_word' id='word_1_558' title='bbox 2069 4337 2284 4398; x_wconf 91' lang='lat' dir='ltr'><strong>tempus</strong></span> <span class='ocrx_word' id='word_1_559' title='bbox 2309 4329 2438 4383; x_wconf 92' lang='lat' dir='ltr'><strong>illud</strong></span> <span class='ocrx_word' id='word_1_560' title='bbox 2467 4329 2784 4384; x_wconf 84' lang='lat' dir='ltr'><strong>excesserit.</strong></span> 
     </span>
    </p>
   </div>
   <div class='ocr_carea' id='block_1_84' title="bbox 2138 4414 3630 4491">
    <p class='ocr_par' dir='ltr' id='par_1_84' title="bbox 2138 4414 3630 4491">
     <span class='ocr_line' id='line_1_84' title="bbox 2138 4414 3630 4491; baseline -0.005 -16"><span class='ocrx_word' id='word_1_561' title='bbox 2138 4421 2275 4476; x_wconf 82' lang='lat' dir='ltr'><strong>Ibid.</strong></span> <span class='ocrx_word' id='word_1_562' title='bbox 2305 4425 2410 4489; x_wconf 82' lang='grc' dir='ltr'><strong>Εις</strong></span> <span class='ocrx_word' id='word_1_563' title='bbox 2432 4421 2544 4490; x_wconf 81' lang='grc' dir='ltr'><strong>τὴν</strong></span> <span class='ocrx_word' id='word_1_564' title='bbox 2559 4421 2938 4491; x_wconf 80' lang='grc' dir='ltr'><strong>Ἐξαήμερον.</strong></span> <span class='ocrx_word' id='word_1_565' title='bbox 2958 4417 3325 4474; x_wconf 82' lang='lat' dir='ltr'><strong>Hexaemeron</strong></span> <span class='ocrx_word' id='word_1_566' title='bbox 3348 4414 3524 4470; x_wconf 65' lang='lat' dir='ltr'><strong>Graeci</strong></span> <span class='ocrx_word' id='word_1_567' title='bbox 3544 4429 3630 4469; x_wconf 80' lang='lat' dir='ltr'><strong>vo-</strong></span> 
     </span>
    </p>
   </div>
   <div class='ocr_carea' id='block_1_85' title="bbox 2067 4507 3634 4586">
    <p class='ocr_par' dir='ltr' id='par_1_85' title="bbox 2067 4507 3634 4586">
     <span class='ocr_line' id='line_1_85' title="bbox 2067 4507 3634 4586; baseline -0.006 -15"><span class='ocrx_word' id='word_1_568' title='bbox 2067 4525 2284 4580; x_wconf 88' lang='lat' dir='ltr'><strong>carunt,</strong></span> <span class='ocrx_word' id='word_1_569' title='bbox 2332 4517 2569 4586; x_wconf 90' lang='lat' dir='ltr'><strong>spatium</strong></span> <span class='ocrx_word' id='word_1_570' title='bbox 2614 4515 2746 4570; x_wconf 93' lang='lat' dir='ltr'><strong>illud</strong></span> <span class='ocrx_word' id='word_1_571' title='bbox 2796 4531 2890 4570; x_wconf 88' lang='lat' dir='ltr'><strong>sex</strong></span> <span class='ocrx_word' id='word_1_572' title='bbox 2941 4513 3176 4574; x_wconf 88' lang='lat' dir='ltr'><strong>dierum,</strong></span> <span class='ocrx_word' id='word_1_573' title='bbox 3237 4527 3346 4580; x_wconf 92' lang='lat' dir='ltr'><strong>quo</strong></span> <span class='ocrx_word' id='word_1_574' title='bbox 3395 4507 3634 4563; x_wconf 85' lang='lat' dir='ltr'><strong>mundus</strong></span> 
     </span>
    </p>
   </div>
   <div class='ocr_carea' id='block_1_86' title="bbox 2067 4600 3634 4674">
    <p class='ocr_par' dir='ltr' id='par_1_86' title="bbox 2067 4600 3634 4674">
     <span class='ocr_line' id='line_1_86' title="bbox 2067 4600 3634 4674; baseline -0.007 -11"><span class='ocrx_word' id='word_1_575' title='bbox 2067 4608 2319 4664; x_wconf 90' lang='lat' dir='ltr'><strong>conditus</strong></span> <span class='ocrx_word' id='word_1_576' title='bbox 2376 4618 2431 4663; x_wconf 91' lang='lat' dir='ltr'><strong>et</strong></span> <span class='ocrx_word' id='word_1_577' title='bbox 2486 4607 2784 4663; x_wconf 89' lang='lat' dir='ltr'><strong>fabricatus</strong></span> <span class='ocrx_word' id='word_1_578' title='bbox 2835 4605 2972 4672; x_wconf 88' lang='lat' dir='ltr'><strong>fuit;</strong></span> <span class='ocrx_word' id='word_1_579' title='bbox 3003 4621 3112 4659; x_wconf 93' lang='lat' dir='ltr'><strong>non</strong></span> <span class='ocrx_word' id='word_1_580' title='bbox 3178 4602 3322 4674; x_wconf 91' lang='lat' dir='ltr'><strong>quod</strong></span> <span class='ocrx_word' id='word_1_581' title='bbox 3375 4600 3634 4670; x_wconf 88' lang='lat' dir='ltr'><strong>temporis</strong></span> 
     </span>
    </p>
   </div>
   <div class='ocr_carea' id='block_1_87' title="bbox 2066 4694 3629 4770">
    <p class='ocr_par' dir='ltr' id='par_1_87' title="bbox 2066 4694 3629 4770">
     <span class='ocr_line' id='line_1_87' title="bbox 2066 4694 3629 4770; baseline -0.006 -16"><span class='ocrx_word' id='word_1_582' title='bbox 2066 4701 2242 4770; x_wconf 89' lang='lat' dir='ltr'><strong>spatio</strong></span> <span class='ocrx_word' id='word_1_583' title='bbox 2268 4715 2406 4770; x_wconf 91' lang='lat' dir='ltr'><strong>opus</strong></span> <span class='ocrx_word' id='word_1_584' title='bbox 2436 4700 2687 4754; x_wconf 87' lang='lat' dir='ltr'><strong>habuerit</strong></span> <span class='ocrx_word' id='word_1_585' title='bbox 2711 4698 2981 4761; x_wconf 89' lang='lat' dir='ltr'><strong>conditor,</strong></span> <span class='ocrx_word' id='word_1_586' title='bbox 3003 4695 3145 4752; x_wconf 90' lang='lat' dir='ltr'><strong>Deus</strong></span> <span class='ocrx_word' id='word_1_587' title='bbox 3167 4695 3312 4750; x_wconf 91' lang='lat' dir='ltr'><strong>enim</strong></span> <span class='ocrx_word' id='word_1_588' title='bbox 3335 4708 3444 4748; x_wconf 94' lang='lat' dir='ltr'><strong>non</strong></span> <span class='ocrx_word' id='word_1_589' title='bbox 3472 4694 3629 4762; x_wconf 86' lang='lat' dir='ltr'><strong>jussu</strong></span> 
     </span>
    </p>
   </div>
   <div class='ocr_carea' id='block_1_88' title="bbox 2065 4786 3630 4864">
    <p class='ocr_par' dir='ltr' id='par_1_88' title="bbox 2065 4786 3630 4864">
     <span class='ocr_line' id='line_1_88' title="bbox 2065 4786 3630 4864; baseline -0.005 -18"><span class='ocrx_word' id='word_1_590' title='bbox 2065 4801 2296 4856; x_wconf 89' lang='lat' dir='ltr'><strong>tantum,</strong></span> <span class='ocrx_word' id='word_1_591' title='bbox 2328 4793 2423 4848; x_wconf 89' lang='lat' dir='ltr'><strong>sed</strong></span> <span class='ocrx_word' id='word_1_592' title='bbox 2450 4799 2504 4847; x_wconf 92' lang='lat' dir='ltr'><strong>et</strong></span> <span class='ocrx_word' id='word_1_593' title='bbox 2530 4792 2768 4864; x_wconf 88' lang='lat' dir='ltr'><strong>cogitatu</strong></span> <span class='ocrx_word' id='word_1_594' title='bbox 2791 4800 3067 4860; x_wconf 89' lang='lat' dir='ltr'><strong>operatur,</strong></span> <span class='ocrx_word' id='word_1_595' title='bbox 3088 4786 3180 4844; x_wconf 90' lang='lat' dir='ltr'><strong>sed</strong></span> <span class='ocrx_word' id='word_1_596' title='bbox 3212 4786 3471 4857; x_wconf 90' lang='lat' dir='ltr'><strong>quoniam</strong></span> <span class='ocrx_word' id='word_1_597' title='bbox 3495 4800 3630 4855; x_wconf 85' lang='lat' dir='ltr'><strong>epus</strong></span> 
     </span>
    </p>
   </div>
   <div class='ocr_carea' id='block_1_89' title="bbox 2063 4879 3631 4954">
    <p class='ocr_par' dir='ltr' id='par_1_89' title="bbox 2063 4879 3631 4954">
     <span class='ocr_line' id='line_1_89' title="bbox 2063 4879 3631 4954; baseline -0.007 -13"><span class='ocrx_word' id='word_1_598' title='bbox 2063 4892 2179 4941; x_wconf 88' lang='lat' dir='ltr'><strong>erat</strong></span> <span class='ocrx_word' id='word_1_599' title='bbox 2210 4901 2298 4941; x_wconf 86' lang='lat' dir='ltr'><strong>res</strong></span> <span class='ocrx_word' id='word_1_600' title='bbox 2342 4885 2517 4940; x_wconf 86' lang='lat' dir='ltr'><strong>creari</strong></span> <span class='ocrx_word' id='word_1_601' title='bbox 2560 4883 2794 4954; x_wconf 89' lang='lat' dir='ltr'><strong>quodam</strong></span> <span class='ocrx_word' id='word_1_602' title='bbox 2819 4881 3011 4937; x_wconf 90' lang='lat' dir='ltr'><strong>ordine</strong></span> <span class='ocrx_word' id='word_1_603' title='bbox 3043 4900 3057 4936; x_wconf 89' lang='lat'><strong>:</strong></span> <span class='ocrx_word' id='word_1_604' title='bbox 3091 4879 3268 4935; x_wconf 88' lang='lat' dir='ltr'><strong>ordini</strong></span> <span class='ocrx_word' id='word_1_605' title='bbox 3309 4889 3493 4934; x_wconf 89' lang='lat' dir='ltr'><strong>autem</strong></span> <span class='ocrx_word' id='word_1_606' title='bbox 3532 4893 3631 4932; x_wconf 86' lang='lat' dir='ltr'><strong>nu-</strong></span> 
     </span>
    </p>
   </div>
   <div class='ocr_carea' id='block_1_90' title="bbox 2061 4970 3630 5048">
    <p class='ocr_par' dir='ltr' id='par_1_90' title="bbox 2061 4970 3630 5048">
     <span class='ocr_line' id='line_1_90' title="bbox 2061 4970 3630 5048; baseline -0.006 -17"><span class='ocrx_word' id='word_1_607' title='bbox 2061 4993 2248 5034; x_wconf 89' lang='lat' dir='ltr'><strong>merus</strong></span> <span class='ocrx_word' id='word_1_608' title='bbox 2275 4986 2358 5032; x_wconf 86' lang='lat' dir='ltr'><strong>est</strong></span> <span class='ocrx_word' id='word_1_609' title='bbox 2383 4976 2655 5048; x_wconf 90' lang='lat' dir='ltr'><strong>proprius.</strong></span> <span class='ocrx_word' id='word_1_610' title='bbox 2688 4973 2844 5030; x_wconf 88' lang='lat' dir='ltr'><strong>Philo</strong></span> <span class='ocrx_word' id='word_1_611' title='bbox 2873 4972 3112 5037; x_wconf 71' lang='lat' dir='ltr'><strong>Iudaeus,</strong></span> <span class='ocrx_word' id='word_1_612' title='bbox 3153 4971 3230 5027; x_wconf 88' lang='lat' dir='ltr'><strong>De</strong></span> <span class='ocrx_word' id='word_1_613' title='bbox 3268 4971 3453 5025; x_wconf 87' lang='lat' dir='ltr'><strong>mundi</strong></span> <span class='ocrx_word' id='word_1_614' title='bbox 3477 4970 3630 5040; x_wconf 64' lang='lat' dir='ltr'><strong>opiﬁo</strong></span> 
     </span>
    </p>
   </div>
   <div class='ocr_carea' id='block_1_91' title="bbox 2061 5063 3626 5140">
    <p class='ocr_par' dir='ltr' id='par_1_91' title="bbox 2061 5063 3626 5140">
     <span class='ocr_line' id='line_1_91' title="bbox 2061 5063 3626 5140; baseline -0.004 -19"><span class='ocrx_word' id='word_1_615' title='bbox 2061 5070 2142 5122; x_wconf 81' lang='lat' dir='ltr'><strong>cio</strong></span> <span class='ocrx_word' id='word_1_616' title='bbox 2161 5084 2179 5120; x_wconf 91' lang='lat'><em>:</em></span> <span class='ocrx_word' id='word_1_617' title='bbox 2196 5068 2294 5134; x_wconf 82' lang='grc' dir='ltr'><strong>Ἓξ</strong></span> <span class='ocrx_word' id='word_1_618' title='bbox 2312 5069 2356 5122; x_wconf 80' lang='grc' dir='ltr'><strong>δ’</strong></span> <span class='ocrx_word' id='word_1_619' title='bbox 2379 5069 2610 5140; x_wconf 79' lang='grc' dir='ltr'><strong>ἡμέραις</strong></span> <span class='ocrx_word' id='word_1_620' title='bbox 2639 5064 3100 5139; x_wconf 75' lang='grc' dir='ltr'><strong>δημιουργηθῆναι</strong></span> <span class='ocrx_word' id='word_1_621' title='bbox 3125 5081 3256 5136; x_wconf 84' lang='grc' dir='ltr'><strong>φησι</strong></span> <span class='ocrx_word' id='word_1_622' title='bbox 3283 5063 3374 5117; x_wconf 77' lang='grc' dir='ltr'><strong>τὸν</strong></span> <span class='ocrx_word' id='word_1_623' title='bbox 3407 5064 3626 5133; x_wconf 83' lang='grc' dir='ltr'><strong>κόσμον,</strong></span> 
     </span>
    </p>
   </div>
   <div class='ocr_carea' id='block_1_92' title="bbox 2059 5153 3628 5233">
    <p class='ocr_par' dir='ltr' id='par_1_92' title="bbox 2059 5153 3628 5233">
     <span class='ocr_line' id='line_1_92' title="bbox 2059 5153 3628 5233; baseline -0.004 -21"><span class='ocrx_word' id='word_1_624' title='bbox 2059 5160 2158 5216; x_wconf 84' lang='grc' dir='ltr'>οὐκ</span> <span class='ocrx_word' id='word_1_625' title='bbox 2187 5160 2372 5231; x_wconf 77' lang='grc' dir='ltr'><strong>ἐπειδὴ</strong></span> <span class='ocrx_word' id='word_1_626' title='bbox 2408 5159 2713 5233; x_wconf 83' lang='grc' dir='ltr'>προσεδεῖτο</span> <span class='ocrx_word' id='word_1_627' title='bbox 2754 5158 2958 5229; x_wconf 83' lang='grc' dir='ltr'><strong>χρόνων</strong></span> <span class='ocrx_word' id='word_1_628' title='bbox 3002 5157 3210 5228; x_wconf 83' lang='grc' dir='ltr'><strong>μήκους</strong></span> <span class='ocrx_word' id='word_1_629' title='bbox 3235 5156 3263 5207; x_wconf 80' lang='grc' dir='ltr'>ὁ</span> <span class='ocrx_word' id='word_1_630' title='bbox 3295 5153 3488 5218; x_wconf 86' lang='grc' dir='ltr'>ποιῶν,</span> <span class='ocrx_word' id='word_1_631' title='bbox 3518 5154 3628 5223; x_wconf 71' lang='grc' dir='ltr'><strong>ἅμα</strong></span> 
     </span>
    </p>
   </div>
   <div class='ocr_carea' id='block_1_93' title="bbox 2061 5247 3628 5323">
    <p class='ocr_par' dir='ltr' id='par_1_93' title="bbox 2061 5247 3628 5323">
     <span class='ocr_line' id='line_1_93' title="bbox 2061 5247 3628 5323; baseline -0.003 -18"><span class='ocrx_word' id='word_1_632' title='bbox 2061 5252 2169 5323; x_wconf 80' lang='grc' dir='ltr'><strong>γὰρ</strong></span> <span class='ocrx_word' id='word_1_633' title='bbox 2199 5253 2328 5323; x_wconf 79' lang='grc' dir='ltr'>δρᾷν</span> <span class='ocrx_word' id='word_1_634' title='bbox 2361 5253 2504 5315; x_wconf 80' lang='grc' dir='ltr'><strong>εἰκὸς</strong></span> <span class='ocrx_word' id='word_1_635' title='bbox 2548 5251 2699 5313; x_wconf 85' lang='grc' dir='ltr'>Θεὸν,</span> <span class='ocrx_word' id='word_1_636' title='bbox 2740 5253 2799 5305; x_wconf 85' lang='grc' dir='ltr'><strong>οὑ</strong></span> <span class='ocrx_word' id='word_1_637' title='bbox 2847 5250 3250 5322; x_wconf 84' lang='grc' dir='ltr'>προστάττοντα</span> <span class='ocrx_word' id='word_1_638' title='bbox 3283 5249 3464 5321; x_wconf 78' lang='grc' dir='ltr'><strong>μόνον.</strong></span> <span class='ocrx_word' id='word_1_639' title='bbox 3499 5247 3628 5303; x_wconf 83' lang='grc' dir='ltr'>ἀλλὰ</span> 
     </span>
    </p>
   </div>
   <div class='ocr_carea' id='block_1_94' title="bbox 2059 5341 3627 5415">
    <p class='ocr_par' dir='ltr' id='par_1_94' title="bbox 2059 5341 3627 5415">
     <span class='ocr_line' id='line_1_94' title="bbox 2059 5341 3627 5415; baseline -0.002 -21"><span class='ocrx_word' id='word_1_640' title='bbox 2059 5342 2153 5395; x_wconf 76' lang='grc' dir='ltr'><strong>καὶ</strong></span> <span class='ocrx_word' id='word_1_641' title='bbox 2193 5341 2584 5412; x_wconf 80' lang='grc' dir='ltr'>διανοούμενον,</span> <span class='ocrx_word' id='word_1_642' title='bbox 2618 5341 2731 5395; x_wconf 82' lang='grc' dir='ltr'>ἀλλ’</span> <span class='ocrx_word' id='word_1_643' title='bbox 2780 5342 2966 5415; x_wconf 76' lang='grc' dir='ltr'><strong>ἐπειδὴ</strong></span> <span class='ocrx_word' id='word_1_644' title='bbox 3017 5344 3129 5405; x_wconf 83' lang='grc' dir='ltr'>τοῖς</span> <span class='ocrx_word' id='word_1_645' title='bbox 3171 5341 3482 5412; x_wconf 72' lang='grc' dir='ltr'><strong>γενομένοις</strong></span> <span class='ocrx_word' id='word_1_646' title='bbox 3526 5341 3627 5393; x_wconf 77' lang='grc' dir='ltr'><strong>ἔδει</strong></span> 
     </span>
    </p>
   </div>
   <div class='ocr_carea' id='block_1_95' title="bbox 2057 5431 3623 5505">
    <p class='ocr_par' dir='ltr' id='par_1_95' title="bbox 2057 5431 3623 5505">
     <span class='ocr_line' id='line_1_95' title="bbox 2057 5431 3623 5505; baseline -0.001 -19"><span class='ocrx_word' id='word_1_647' title='bbox 2057 5434 2282 5500; x_wconf 80' lang='grc' dir='ltr'><strong>τάξεως,</strong></span> <span class='ocrx_word' id='word_1_648' title='bbox 2316 5433 2465 5496; x_wconf 80' lang='grc' dir='ltr'><strong>τάξει</strong></span> <span class='ocrx_word' id='word_1_649' title='bbox 2505 5431 2563 5484; x_wconf 87' lang='grc' dir='ltr'><strong>δὲ</strong></span> <span class='ocrx_word' id='word_1_650' title='bbox 2591 5433 2820 5505; x_wconf 79' lang='grc' dir='ltr'><strong>ἀριθμὸς</strong></span> <span class='ocrx_word' id='word_1_651' title='bbox 2849 5435 3045 5487; x_wconf 80' lang='grc' dir='ltr'>οἰκεῖον</span> <span class='ocrx_word' id='word_1_652' title='bbox 3065 5473 3080 5496; x_wconf 87' lang='grc'><strong><em>,</em></strong></span> <span class='ocrx_word' id='word_1_653' title='bbox 3123 5439 3179 5488; x_wconf 92' lang='lat' dir='ltr'><strong>et</strong></span> <span class='ocrx_word' id='word_1_654' title='bbox 3217 5431 3495 5488; x_wconf 84' lang='lat' dir='ltr'><strong>senarium</strong></span> <span class='ocrx_word' id='word_1_655' title='bbox 3524 5446 3623 5484; x_wconf 84' lang='lat' dir='ltr'><strong>nu—</strong></span> 
     </span>
    </p>
   </div>
   <div class='ocr_carea' id='block_1_96' title="bbox 2063 5520 3624 5594">
    <p class='ocr_par' dir='ltr' id='par_1_96' title="bbox 2063 5520 3624 5594">
     <span class='ocr_line' id='line_1_96' title="bbox 2063 5520 3624 5594; baseline -0.003 -16"><span class='ocrx_word' id='word_1_656' title='bbox 2063 5540 2270 5578; x_wconf 89' lang='lat' dir='ltr'><strong>merum</strong></span> <span class='ocrx_word' id='word_1_657' title='bbox 2322 5524 2466 5578; x_wconf 90' lang='lat' dir='ltr'><strong>inter</strong></span> <span class='ocrx_word' id='word_1_658' title='bbox 2507 5523 2646 5579; x_wconf 89' lang='lat' dir='ltr'><strong>alios</strong></span> <span class='ocrx_word' id='word_1_659' title='bbox 2689 5525 2805 5594; x_wconf 89' lang='lat' dir='ltr'><strong>lege</strong></span> <span class='ocrx_word' id='word_1_660' title='bbox 2857 5533 3066 5580; x_wconf 61' lang='lat' dir='ltr'><strong>naturae</strong></span> <span class='ocrx_word' id='word_1_661' title='bbox 3120 5539 3244 5580; x_wconf 90' lang='lat' dir='ltr'><strong>esse</strong></span> <span class='ocrx_word' id='word_1_662' title='bbox 3287 5520 3624 5594; x_wconf 86' lang='lat' dir='ltr'><strong>generationi</strong></span> 
     </span>
    </p>
   </div>
   <div class='ocr_carea' id='block_1_97' title="bbox 2062 5614 3624 5686">
    <p class='ocr_par' dir='ltr' id='par_1_97' title="bbox 2062 5614 3624 5686">
     <span class='ocr_line' id='line_1_97' title="bbox 2062 5614 3624 5686; baseline -0.003 -18"><span class='ocrx_word' id='word_1_663' title='bbox 2062 5615 2402 5685; x_wconf 86' lang='lat' dir='ltr'><strong>aptissimum</strong></span> <span class='ocrx_word' id='word_1_664' title='bbox 2434 5616 2622 5670; x_wconf 88' lang='lat' dir='ltr'><strong>multis</strong></span> <span class='ocrx_word' id='word_1_665' title='bbox 2651 5617 2882 5686; x_wconf 73' lang='lat' dir='ltr'><strong>explitat</strong></span> <span class='ocrx_word' id='word_1_666' title='bbox 2925 5617 3146 5671; x_wconf 87' lang='lat' dir='ltr'><strong>ibidem.</strong></span> <span class='ocrx_word' id='word_1_667' title='bbox 3179 5614 3624 5682; x_wconf 79' lang='lat' dir='ltr'><strong>Quotiescunque</strong></span> 
     </span>
    </p>
   </div>
   <div class='ocr_carea' id='block_1_98' title="bbox 2061 5703 3622 5776">
    <p class='ocr_par' dir='ltr' id='par_1_98' title="bbox 2061 5703 3622 5776">
     <span class='ocr_line' id='line_1_98' title="bbox 2061 5703 3622 5776; baseline -0.001 -18"><span class='ocrx_word' id='word_1_668' title='bbox 2061 5703 2226 5774; x_wconf 87' lang='lat' dir='ltr'><strong>igitur</strong></span> <span class='ocrx_word' id='word_1_669' title='bbox 2250 5703 2520 5774; x_wconf 89' lang='lat' dir='ltr'><strong>quispiam</strong></span> <span class='ocrx_word' id='word_1_670' title='bbox 2552 5704 2618 5760; x_wconf 86' lang='lat' dir='ltr'><strong>ad</strong></span> <span class='ocrx_word' id='word_1_671' title='bbox 2645 5705 2952 5762; x_wconf 68' lang='lat' dir='ltr'><strong>enarranda</strong></span> <span class='ocrx_word' id='word_1_672' title='bbox 2981 5706 3071 5760; x_wconf 90' lang='lat' dir='ltr'><strong>illa</strong></span> <span class='ocrx_word' id='word_1_673' title='bbox 3099 5721 3218 5776; x_wconf 69' lang='lat' dir='ltr'><strong>quae</strong></span> <span class='ocrx_word' id='word_1_674' title='bbox 3242 5703 3299 5760; x_wconf 88' lang='lat' dir='ltr'><strong>in</strong></span> <span class='ocrx_word' id='word_1_675' title='bbox 3325 5703 3422 5759; x_wconf 91' lang='lat' dir='ltr'><strong>illo</strong></span> <span class='ocrx_word' id='word_1_676' title='bbox 3449 5703 3622 5775; x_wconf 80' lang='lat' dir='ltr'><strong>spatio</strong></span> 
     </span>
    </p>
   </div>
  </div>
