3840 6164
179 305 296 361 ’197
1187 305 1256 362 ΙΝ
1293 305 1664 363 EUSTATHII
1714 303 2186 362 HEXAEMERON
2224 304 2456 362 NOTE.
3343 303 3447 360 798

188 426 409 479 fuerunt
435 418 618 474 divina
642 419 898 478 facultate
925 423 1208 493 producta,
1237 425 1480 481 studium
1507 424 1759 480 confere-

1884 425 2072 495 [ρόνοις
2114 425 2363 496 ἀκμάσαι
2408 423 2550 477 κατά
2581 423 2792 491 Ἴναχον
2833 421 3121 494 εἰρήκασιν
3154 420 3342 494 ἄνδρες
3386 424 3447 475 ἐν

187 513 301 576 bat,
347 513 402 566 in
462 511 824 567 Hexaemeron
879 517 1120 571 scribere
1163 517 1470 578 dicebatur,
1521 531 1755 586 quorum

1884 513 2139 569 ιαιδεύσει
2167 513 2458 583 γνώριμοι,
2513 511 2768 582 Κλήμης,
2808 510 3154 583 Ἀφρικανὸς,
3184 510 3445 573 Τατιανδς

189 618 404 661 summa
454 611 572 660 toto
622 608 799 676 primo
853 605 1130 663 Geneseos
1163 609 1344 679 capite
1387 608 1754 673 concluditur,

189 697 351 762 cujus
381 711 445 750 ea
475 695 576 750 fuit
604 697 747 766 apud
780 713 971 754 omnes
1027 698 1341 762 dillicultas,
1373 707 1434 754 ut
1470 700 1627 755 mulli
1663 714 1760 770 ag-

117 841 126 854 ,
191 788 367 858 gressi
408 787 519 842 sint
565 787 698 842 illud
741 803 902 850 onus,
927 790 1108 845 nullus
1139 798 1320 844 tamen
1363 805 1460 859 pro
1500 790 1764 860 dignitate

193 878 566 948 compleverit,
593 879 728 934 adeo
753 879 934 933 omnia
972 889 1100 934 sunt
1115 878 1498 934 difﬁcultatum
1522 879 1764 935 tenebris

192 969 472 1022 obvoluta.
503 968 835 1040 TbeOphilus
861 971 1234 1025 Antiochenus
1268 971 1363 1024 lib.
1398 986 1460 1034 ιι,
1496 969 1565 1023 ad
1598 971 1766 1024 Auto-

196 1060 369 1130 lycum
399 1077 418 1114 :
445 1062 554 1132 Τῆς
609 1059 706 1131 μέν
746 1056 841 1115 οὖν
869 1059 1237 1130 Ἐξαημέρου
1268 1061 1442 1125 οὐδεὶς
1468 1060 1766 1134 ἀνθρώπων

192 1150 418 1216 δυνατὸς
438 1154 577 1206 κατὰ
606 1153 762 1218 ἀξίαν
793 1151 892 1224 τὴν
922 1151 1184 1225 ἐξήγησιν
1213 1153 1304 1206 καὶ
1331 1154 1430 1224 τὴν
1459 1154 1768 1223 οἰκονομίαν

193 1244 376 1296 πᾶσαν
407 1243 657 1308 ἐξειπεῖν,
689 1244 809 1297 ούδέ
833 1246 882 1298 εί
907 1245 1074 1317 μυρία
1104 1243 1346 1314 στόματα
1375 1243 1506 1313 ἔχοι,
1543 1244 1638 1297 καὶ
1673 1261 1772 1314 μυ-

197 1335 319 1407 ρίας
366 1335 634 1403 γλώσσας,
667 1336 779 1390 ἀλλ’
807 1337 927 1390 οὐδὲ
956 1338 1002 1388 εί
1035 1336 1246 1406 μυρίοις
1277 1335 1422 1388 ἔτεσι
1455 1333 1639 1406 βιώσοι
1686 1351 1771 1399 τις

193 1425 476 1497 ἐπιδημῶν
526 1429 586 1480 ἐν
621 1427 754 1497 τῷδε
786 1427 866 1498 τῷ
905 1427 1024 1499 βίῳ,
1055 1427 1175 1481 οὐδὲ
1205 1427 1376 1490 οὕτως
1407 1427 1558 1479 ἔσται
1592 1427 1772 1490 ἱκανὸς

193 1516 331 1586 πρὸς
355 1517 527 1570 ταῦτα
560 1518 724 1583 ἀξίως
747 1537 800 1572 τι
825 1523 1021 1582 εἰπεῖν,
1043 1520 1132 1573 διὰ
1157 1519 1221 1572 τδ
1253 1520 1590 1591 ὑπερϐάλλον
1621 1519 1775 1590 μέγε·

193 1607 288 1671 θος
315 1609 407 1661 καί
439 1609 531 1662 τὸν
583 1611 810 1664 πλοῦτον
841 1610 942 1682 τῆς
966 1611 1156 1679 σοφίας
1185 1610 1278 1664 τοῦ
1303 1610 1460 1674 Θεοῦ,
1488 1611 1586 1680 τῆς
1609 1609 1776 1679 οὔσης

194 1701 254 1757 ἐν
287 1701 456 1773 ταύτῃ
489 1704 553 1773 τῇ
582 1705 1048 1776 προγεγραμμένῃ
1088 1705 1439 1774 Ἑξαημέρῳο
1465 1704 1652 1759 πολλοί
1680 1705 1776 1775 μὲν

1856 605 1953 657 τοῦ
1988 603 2109 657 καθ’
2138 605 2286 674 ἡμᾶς
2307 602 2489 671 λόγου,
2525 599 2635 654 τῶν
2659 618 2719 653 τε
2753 601 2818 652 ἐκ
2839 599 3141 669 περιτομῆς
3156 599 3440 670 Ἰώσηπος,

1859 697 1956 749 καὶ
1993 695 2245 759 Ἰοῦστος,
2284 694 2428 756 ἰδίως
2459 692 2681 746 ἕκαστοι
2701 690 2798 762 τὴν
2819 689 3094 754 ἀπόδειξιν
3117 692 3181 742 ἐκ
3203 690 3445 752 παλαιᾶς

1861 787 2189 858 ὑποσχόντες
2237 787 2496 857 ἱστορίας.
2532 785 2740 853 Ἴναχον
2784 782 2840 834 δὲ
2863 780 2974 834 τῶν
3019 780 3261 835 Ἰλιακῶν
3295 781 3452 853 ἐστη-

1865 897 1965 934 σαν
2007 879 2357 941 ἑπτακοσίοις
2401 875 2746 948 πρεσϐεύειν.
2781 873 2985 926 Horum
3017 874 3306 928 verborum
3337 875 3450 942 pri-

1864 986 2009 1026 mam
2050 978 2256 1040 partem
2287 969 2471 1023 omisit
2513 967 2852 1028 Eustathius,
2878 963 3175 1020 secundam
3205 965 3290 1019 sui
3334 974 3452 1018 tra-

1866 1068 2048 1116 ctatus
2080 1059 2298 1114 initium
2333 1073 2457 1113 esse
2485 1056 2677 1116 voluit,
2703 1056 2933 1126 Κλήμης
2958 1053 3056 1125 μὲν
3088 1049 3202 1118 οὖν,
3233 1070 3342 1123 qua
3366 1052 3453 1110 vel

1867 1167 1979 1207 una
2029 1149 2317 1221 particula,
2362 1148 2465 1203 etsi
2517 1146 2788 1202 sententia
2847 1146 2902 1198 in
2961 1144 3192 1214 reliquis
3237 1145 3308 1199 sit
3347 1144 3452 1199 sibi

1869 1247 2133 1296 constans
2169 1251 2223 1294 et
2253 1237 2682 1298 absolutissima,
2714 1235 2954 1290 libellum
2995 1234 3142 1289 hunc
3181 1236 3454 1306 principio

1870 1331 2125 1384 mutilum
2169 1343 2293 1382 esse
2312 1326 2586 1382 dictitant.
2622 1324 2718 1380 Est
2756 1325 2926 1387 enim,
2971 1325 3244 1394 inquiunt,
3289 1325 3455 1379 colle-

1872 1427 2014 1482 ctiva
2058 1431 2114 1479 et
2166 1422 2494 1485 rationalis,
2549 1421 2974 1490 necessarioque
3009 1420 3112 1472 alia
3143 1434 3456 1489 praesuppo-

1874 1517 2060 1582 nit,ex
2081 1514 2280 1586 quibus
2295 1511 2648 1567 dictumillud
2676 1511 2907 1568 infertur
2940 1511 3221 1580 :adeoque
3254 1512 3361 1566 illis
3385 1511 3455 1566 ab

1876 1609 1966 1664 illa
1998 1607 2325 1678 principium
2354 1606 2619 1660 orationis
2646 1604 2848 1659 ducere
2875 1619 3087 1659 summa
3127 1606 3316 1674 religio
3347 1613 3452 1660 est.

1878 1698 2080 1754 Verum
2107 1699 2200 1769 qui
2226 1699 2522 1768 gratiarum
2545 1695 2848 1750 Atticarum
2879 1711 2988 1751 non
3013 1696 3262 1766 ignarus,
3291 1697 3454 1752 lasci-

193 1789 290 1846 οὗν
313 1792 418 1846 τῶν
450 1796 807 1866 συγγραφέων
840 1775 1200 1867 ἐμιμήσαντο,
1228 1798 1320 1852 καὶ
1348 1795 1620 1868 ἠθέλησαν
1647 1795 1777 1867 περὶ

1884 1794 2093 1847 vientcs
2149 1791 2437 1845 verborum
2480 1788 2753 1854 modulos,
2799 1804 3080 1858 novosque
3125 1790 3178 1842 in
3211 1791 3457 1845 oratione

194 1885 402 1937 τούτων
431 1885 682 1957 διήγησιν
723 1888 1074 1956 ποιήσασθαι,
1102 1891 1279 1942 καίτοι
1313 1888 1566 1952 λαϐόντες
1598 1888 1779 1942 ἐντεῦο

197 1976 292 2030 θεν
320 1977 420 2041 τὰς
452 1979 724 2050 ἀφορμὰς,
751 1980 868 2051 ῆτοι
903 1983 1032 2054 περὶ
1061 1982 1266 2054 κόσμου
1306 1983 1556 2046 κτίσεως,
1583 1981 1616 2052 ἢ
1654 1981 1782 2051 περὶ

199 2067 416 2136 φύσεως
447 2068 754 2140 ἀνθρώπου,
783 2072 878 2123 καὶ
903 2071 1021 2124 οὐδὲ
1047 2071 1110 2124 τὸ
1135 2072 1299 2142 τυχὸν
1340 2071 1587 2144 ἑναυσμα
1635 2072 1784 2138 ἄξιόν

196 2175 253 2211 τι
278 2157 380 2228 τῆς
421 2157 677 2228 ἀληθείας
715 2157 945 2224 ἐξεῖπον.
980 2161 1216 2232 ideoque
1265 2161 1469 2217 Iudaeis
1510 2163 1782 2232 prohibita

198 2249 324 2318 ejus
376 2250 536 2306 lectio
591 2261 718 2307 ante
762 2254 1098 2309 tricesimum
1152 2270 1379 2311 annum.
1420 2255 1785 2328 Hieronymus

200 2339 422 2412 Prolog.
475 2343 529 2398 in
580 2343 940 2408 Ezechielem,
978 2354 1035 2400 et
1081 2344 1394 2402 Ludovicus
1449 2346 1653 2403 Fidelis
1705 2347 1786 2401 De

201 2440 474 2486 structura
500 2434 704 2498 mundi,
729 2436 785 2490 in
816 2437 1058 2506 prologo,
1085 2436 1141 2489 in
1163 2452 1274 2506 quo
1302 2445 1357 2490 et
1387 2436 1782 2500 diﬂicultatem,

202 2529 259 2575 et.
291 2521 454 2590 hujus
487 2525 682 2594 capitis
708 2525 964 2596 ambages
996 2529 1068 2580 ita
1095 2527 1368 2597 expressit
1401 2542 1416 2580 :
1447 2526 1596 2580 Hanc
1619 2526 1787 2580 divini

210 2616 350 2668 eatis
404 2613 663 2680 Genesim,
729 2633 822 2672 seu
877 2619 1094 2689 hujusce
1138 2619 1466 2690 prwgrandis
1505 2619 1786 2674 mundana:

205 2706 371 2761 molis
432 2723 525 2762 sea:
566 2709 746 2763 diebus
797 2709 1114 2780 descriptam
1155 2721 1478 2766 structuram
1507 2711 1664 2765 veluti
1690 2711 1786 2765 sil-

203 2819 322 2856 vam
347 2801 632 2872 quamdam
655 2821 896 2874 opacam,
924 2806 1141 2860 densam
1188 2823 1249 2860 ac
1291 2807 1636 2869 tenebrosam,
1664 2806 1788 2860 hor-

204 2892 382 2946 ridam
411 2911 644 2957 accessu,
676 2897 941 2966 diﬁcilem
991 2898 1165 2962 aditu,
1207 2909 1258 2953 et
1295 2900 1468 2953 instar
1498 2899 1786 2970 labyrinthi

206 2983 518 3054 ambagibus
562 2987 791 3054 plenam,
817 2999 867 3042 et
911 2991 1076 3044 maris
1126 2991 1416 3045 vastissimi
1448 2991 1676 3059 scopulis
1701 3007 1785 3045 re-

205 3075 574 3143 fertissimam,
617 3096 816 3148 semper
852 3081 1114 3150 judicavi.
1147 3081 1378 3152 Ingenue
1430 3083 1622 3152 fateor,
1659 3099 1786 3136 can-

207 3165 334 3220 dide
384 3167 568 3231 lector,
603 3187 684 3224 me
729 3173 784 3224 in
825 3181 936 3226 tota
966 3171 1244 3241 Scriptura
1283 3191 1438 3228 sacra
1492 3175 1590 3228 hac
1634 3191 1789 3226 mun-

206 3258 368 3314 danae
411 3262 567 3316 molis
613 3261 964 3332 descriptione
1011 3265 1143 3320 nihil
1196 3268 1451 3321 invenisse
1501 3266 1787 3335 difﬁcilius,

208 3351 535 3420 abstrusius,
580 3365 736 3425 atque
786 3358 1064 3424 occultius,
1109 3360 1189 3413 ita
1218 3369 1277 3413 ut
1333 3361 1518 3412 mirari
1571 3375 1788 3422 cessem,

210 3445 506 3514 antiquitus
568 3459 691 3501 ante
753 3451 1076 3505 tricesimum
1123 3467 1322 3504 annum
1365 3450 1499 3505 hanc
1544 3450 1789 3504 Genesim

211 3535 380 3605 legere
436 3553 540 3590 non
598 3537 828 3595 licuisse.
860 3540 1026 3610 Cujus
1082 3543 1375 3612 ingressum
1429 3542 1688 3604 tetricum,
1727 3557 1791 3595 ac

210 3628 628 3694 prosecutionem
681 3637 789 3682 tam
833 3630 1082 3694 arduam,
1127 3640 1203 3684 tot
1240 3632 1499 3701 tantisque
1530 3631 1787 3699 vepribus,

213 3718 507 3782 cuniculis,
538 3721 824 3777 maeandris
855 3741 917 3776 ac
951 3723 1318 3793 difficultatum
1349 3726 1546 3779 acervis
1585 3733 1791 3778 scaten-

213 3817 314 3862 tem
358 3810 552 3874 inveni,
581 3821 638 3865 ut
673 3830 780 3867 una
807 3831 910 3868 non
933 3815 1109 3878 modo,
1147 3827 1303 3886 atque
1329 3816 1501 3870 altera
1534 3817 1660 3879 vice,
1700 3814 1790 3870 sed

214 3910 294 3954 ter
314 3907 601 3970 quaterque
626 3918 658 3954 a
681 3903 889 3958 calamo
929 3903 1242 3968 destiterim,
1274 3907 1348 3959 rei
1383 3908 1574 3960 veritus
1606 3906 1792 3959 ardui-

215 3999 400 4054 tatem,
432 4001 480 4044 et
510 3994 886 4062 emergentibus
913 3993 1254 4065 undequaque
1281 3997 1497 4050 obrutus
1525 3996 1788 4067 ambigui-

215 4082 439 4135 tatibus.
470 4083 577 4138 Nec
612 4085 905 4150 immerito,
935 4101 1058 4140 cum
1088 4083 1277 4142 Jobius
1303 4089 1604 4154 monachus
1647 4087 1789 4157 apud

214 4171 472 4227 Photium
494 4175 549 4228 in
571 4175 897 4229 Bibliotheca
917 4175 1098 4230 tradat
1125 4191 1264 4246 opus
1293 4177 1398 4232 hoc
1433 4194 1526 4234 sex
1555 4178 1788 4244 dierum,

214 4267 418 4336 quibus
449 4268 635 4322 mundi
668 4270 873 4324 creatio
902 4267 1140 4339 perfecta
1167 4277 1270 4331 est,
1296 4286 1392 4325 sua
1419 4270 1792 4342 magnitudine

215 4373 281 4412 ac
326 4358 731 4428 pulchritudine
788 4361 1066 4416 Creatoris
1104 4375 1225 4416 esse
1278 4363 1588 4432 imaginem,
1627 4371 1682 4416 et
1721 4361 1791 4416 ad

1880 1887 2026 1941 sales
2076 1898 2189 1940 non
2241 1885 2522 1944 abhorret,
2548 1882 2808 1936 fatebitur
2858 1880 2913 1935 id
2959 1881 3177 1950 quidem
3208 1882 3325 1936 sine
3349 1883 3457 1937 ulla

1880 1978 2325 2049 reprehensionis
2352 1986 2479 2031 nota
2511 1977 2624 2030 ﬁeri
2650 1991 2830 2046 posse,
2849 1975 3012 2044 idque
3040 1976 3311 2031 sermonis
3336 1990 3458 2030 esse

1881 2069 2212 2140 principium
2235 2085 2346 2123 non
2387 2069 2817 2124 incommodum.
2850 2067 2960 2122 Nec
2990 2067 3186 2122 desunt
3208 2069 3457 2138 exempla

1883 2162 2026 2231 apud
2055 2161 2378 2228 Himerium,
2423 2162 2741 2231 Gregorium
2769 2160 3169 2216 Nazianzenum
3203 2167 3260 2214 et
3297 2161 3456 2216 alios.

1882 2253 2054 2309 Porro
2073 2255 2404 2310 Clementem
2429 2255 2668 2326 Cyrillus
2697 2253 3100 2308 Alexandrinus
3124 2252 3288 2325 ἄνδρα
3313 2253 3460 2306 ἐλλό-

1881 2361 2043 2415 γιμον
2067 2344 2160 2399 καὶ
2188 2343 2509 2416 πολυῖστορα
2531 2354 2724 2413 vocat;
2753 2351 2810 2398 et
2835 2357 3026 2398 rursus
3057 2345 3224 2420 ἄνδρα
3252 2341 3462 2410 ἐλλόγι-

1886 2453 2007 2506 μον,
2041 2436 2133 2488 καὶ
2184 2435 2477 2507 φιλομαθῆ,
2513 2435 2606 2488 καὶ
2655 2436 3095 2506 ἀναγνωσμάτων
3137 2433 3460 2506 Ἑλληνικῶν

1884 2528 2485 2600 πολυπραγμονήσαντα
2515 2527 2678 2598 βάθος
2712 2527 2788 2590 ὡς
2823 2527 2992 2596 ὀλίγοι
3023 2529 3164 2597 τάχα
3204 2543 3305 2578 που
3355 2525 3464 2578 τῶν

1884 2621 1992 2693 πρὸ
2015 2620 2199 2676 αὑτοῦ.
2229 2619 2395 2674 Plura
2434 2619 2502 2674 de
2537 2618 2837 2684 Clemente,
2877 2627 2932 2674 et
2960 2619 3081 2690 ejus
3109 2618 3330 2688 scriptis
3357 2617 3466 2671 Eu-

1882 2713 2069 2770 sebius
2102 2711 2176 2766 De
2231 2712 2615 2781 pra’paratione
2646 2712 2964 2782 evangelica,
3018 2711 3113 2765 lib.
3156 2724 3237 2775 ll;
3276 2707 3465 2762 Eccle-

1883 2807 2038 2860 siast.
2074 2805 2286 2869 histor.,
2316 2805 2414 2859 lib.
2466 2821 2550 2868 ιιι,
2581 2820 2702 2875 cap.
2735 2806 2822 2869 ll,
2847 2813 2902 2859 et
2942 2805 3036 2860 lib.
3066 2821 3141 2866 vt,
3177 2820 3300 2874 cap.
3327 2805 3361 2859 5
3412 2812 3468 2858 et

1885 2912 2006 2968 cap.
2041 2898 2100 2952 ll
2124 2916 2138 2964 ;
2165 2896 2527 2969 Hieronymus
2571 2897 2625 2950 in
2654 2896 2908 2966 Catalogo
2941 2898 3125 2966 script.
3145 2896 3466 2962 ecclesiast.;

1885 2989 2249 3046 Cassiodorus
2291 2990 2385 3045 lib.
2439 3005 2455 3043 ι
2517 2987 2706 3046 Divin.
2745 2990 3184 3052 institutionum;
3231 2988 3463 3059 Epipha-

1889 3084 2016 3139 nius
2064 3083 2255 3138 haeresi
2309 3083 2400 3150 52,
2460 3083 2662 3138 Contra
2711 3080 3094 3145 Secundianos,
3153 3081 3248 3152 qui
3304 3082 3468 3136 refert

1892 3175 2159 3246 quosdam
2211 3175 2660 3240 Alexandrinum,
2691 3176 2829 3230 alios
2863 3174 3252 3230 Atheniensem
3300 3175 3469 3229 fuisse

1890 3269 2216 3332 tradidisse;
2267 3268 2499 3325 Photius
2549 3270 2604 3324 in
2646 3268 3010 3333 Bibliotheca;
3041 3268 3382 3339 Nicephorus
3412 3270 3465 3322 in

1893 3359 2037 3416 Hist.
2069 3360 2165 3416 lib.
2185 3376 2258 3423 Iv,
2285 3375 2406 3430 cap.
2431 3361 2522 3426 55,
2553 3369 2607 3416 et
2629 3360 2756 3426 alii;
2784 3358 3020 3432 Moysem
3050 3376 3177 3415 vero
3213 3361 3468 3416 omnibus

1889 3451 2113 3507 Gracia:
2141 3451 2479 3521 sapientibus
2509 3452 2872 3522 antiquiorem
2910 3459 2965 3508 et
3010 3451 3194 3507 Inachi
3225 3466 3467 3506 coaevum

1890 3543 2061 3600 fuisse
2118 3543 2458 3598 demonstrat
2503 3542 2643 3597 libro
2705 3558 2930 3598 suorum
2976 3543 3376 3610 Stromatumi‘,
3410 3545 3466 3599 iu

1889 3649 1999 3704 quo
2042 3641 2096 3690 et
2133 3633 2385 3688 Cassiani
2415 3632 2698 3702 cujusdam
2723 3635 3136 3706 Χρονογραφίας
3168 3634 3416 3688 meminit
3448 3651 3462 3688 :

1891 3740 2107 3781 necnon
2164 3733 2219 3780 et
2259 3724 2328 3779 de
2345 3723 2550 3780 Iudaeis
2575 3725 2948 3782 Aristobulum
2975 3726 3262 3796 quemdam
3292 3733 3346 3780 et
3373 3723 3472 3781 De-

1891 3817 2170 3880 metrium,
2199 3824 2254 3872 et
2277 3815 2632 3886 Eupolemum
2655 3817 2953 3887 scriptores
2994 3815 3258 3872 adversus
3278 3825 3468 3888 gentes

1890 3907 2194 3978 refert,qui
2235 3908 2290 3962 in
2329 3908 2738 3964 similitudinem
2762 3908 2989 3978 «ἰοειδρίιὶ
3036 3909 3464 3980 Ἀρχαιογονίας,

1891 3998 2094 4070 Moysis
2119 3996 2422 4054 etJudaicae
2441 3999 2619 4069 gentis
2641 3998 3021 4069 antiquitatem
3045 4008 3464 4056 asseverarunt:

1891 4089 1940 4145 is
1966 4089 2108 4144 inter
2137 4097 2333 4144 caetera
2349 4089 2513 4143 habet
2531 4107 2544 4142 :
2565 4090 2766 4142 Ἀπίων
2789 4088 2967 4142 τοίνυν
2997 4089 3026 4141 6
3057 4088 3463 4159 γραμματικὸς,

1889 4183 1921 4238 6
1945 4181 2320 4251 πλειστονίκης
2347 4180 2659 4251 ἐπικληθεὶς
2699 4183 2756 4233 ἐν
2791 4183 2856 4251 τῇ
2898 4180 3130 4252 τετάρτῃ
3153 4181 3263 4235 τῶν
3289 4183 3469 4248 Αὶτυο

1891 4273 2161 4333 πτιακῶν
2206 4273 2502 4344 ἱστοριῶν,
2559 4273 2736 4327 καίτοι
2794 4272 3279 4343 φιλαπχθημὲνως
3337 4271 3472 4344 πρὸς

1903 4367 2186 4440 Ἐϐραίους
2230 4367 2592 4438 διακείμενος,
2622 4365 2720 4422 ἆτε
2769 4366 3064 4435 Αἰγύπτιος
3104 4365 3164 4418 τὸ
3195 4365 3368 4433 γένος,
3395 4365 3471 4428 ὼς

216 4452 463 4520 mysterii
482 4449 769 4509 Trinitatis
799 4455 1164 4523 cognitionem
1191 4454 1426 4510 maxime
1458 4453 1784 4522 conducere,

1897 4459 1992 4512 καὶ
2026 4459 2168 4514 κατὰ
2209 4457 2476 4519 Ἰουδαίων
2518 4458 2776 4524 συντάξαι
2809 4456 3031 4528 βιϐλίον,
3073 4456 3340 4526 Ἀμὼσιος
3375 4455 3470 4509 τοῦ

213 4550 267 4594 et
302 4557 399 4610 per
439 4541 579 4596 hanc
622 4544 981 4609 materialem,
1015 4553 1176 4614 atque
1203 4547 1562 4616 compositam
1599 4547 1789 4618 cogni-

215 4635 448 4698 tionem,
497 4638 764 4708 simplicis
807 4645 968 4708 atque
1014 4640 1388 4711 incompositae
1418 4650 1629 4696 naturae
1656 4643 1790 4700 sub-

216 4724 542 4794 stantiaeque
604 4728 852 4781 notitiam
910 4729 1188 4792 advenire,
1220 4731 1381 4800 idque
1428 4746 1600 4788 sacra:
1645 4730 1794 4788 Scri-

220 4824 399 4886 ptura:
433 4819 762 4874 temimoniis
784 4820 1091 4876 conﬁrmat.
1130 4806 1281 4876 Multi
1319 4834 1498 4878 tamen
1529 4839 1637 4878 non
1671 4834 1794 4879 tan-

125 4946 136 4954 .
219 4916 338 4962 tum
383 4924 450 4963 ex
495 4912 899 4979 antiquioribus
920 4915 1256 4982 provinciam
1308 4915 1450 4971 hanc
1485 4917 1791 4983 subierunt,

217 5001 318 5056 sed
349 5017 413 5056 ex
455 5005 850 5060 recentioribus
875 5005 1152 5064 Vicentius
1188 5008 1556 5065 Belluacensis
1579 5010 1795 5080 episco-

216 5107 325 5161 pus
347 5094 529 5146 omnia
557 5095 762 5165 ingenti
784 5098 1078 5165 volumine,
1096 5100 1320 5168 triginta
1347 5101 1559 5158 duobus
1583 5106 1794 5172 magnis

219 5184 379 5238 libris
423 5183 624 5252 diviso,
660 5189 763 5244 sub
814 5189 1026 5259 Speculi
1070 5193 1336 5248 naturalis
1366 5195 1588 5250 nomine
1640 5209 1792 5250 com-

217 5275 414 5346 plexus
442 5285 546 5332 est.

291 5365 413 5424 Col.
457 5370 707 5434 708,]in.
744 5373 796 5426 ι.
847 5375 1100 5444 Κλήμης
1132 5377 1251 5446 μὲν
1275 5375 1409 5435 οὖν.
1435 5357 1708 5434 Eusebius
1740 5378 1796 5432 in

219 5456 508 5522 Chronico,
525 5463 762 5516 Μωῦσέα
786 5466 939 5532 γένος
954 5467 1202 5538 Ἐϐραίον
1228 5470 1519 5542 προφητῶν
1541 5470 1796 5524 ἁπάντων

218 5549 438 5620 πρῶτον
473 5552 616 5621 ἀμφὶ
639 5555 734 5607 τοῦ
767 5557 1019 5628 Σωτῆρος
1047 5559 1226 5630 ἡμῶν,
1262 5560 1406 5630 λέγω
1435 5560 1494 5613 δὲ
1524 5560 1618 5612 τοῦ
1660 5561 1795 5628 Χρι-

220 5640 372 5702 στοῦ,
406 5642 548 5712 ἀμφί
599 5661 658 5696 τε
714 5649 814 5717 τῆς
840 5647 948 5701 τῶν
985 5649 1154 5703 ἐθνῶν
1186 5651 1252 5704 δι’
1284 5651 1445 5704 αὑτὸν
1472 5649 1797 5719 θεογνωσίας

219 5735 504 5808 χρησμοὺς
538 5736 630 5790 καὶ
655 5736 810 5807 λόγια
841 5739 960 5814 θείᾳ
994 5742 1034 5794 Γ
1038 5745 1180 5817 ραφῇ
1219 5743 1653 5816 παραδεδωκότα,
1685 5743 1796 5804 τοῖς

1888 4551 2203 4620 Αἰγυπτίων
2230 4549 2494 4621 βασιλέως
2517 4548 2885 4620 μεμνημένος,
2906 4549 3000 4602 καὶ
3027 4548 3135 4602 τῶν
3163 4548 3282 4602 κατ’
3307 4547 3471 4600 αὑτὸν

1891 4642 2162 4716 πράξεων,
2183 4643 2432 4715 μάρτυρα
2445 4640 2835 4716 παρατίθεσθαι
2863 4639 3190 4709 Πτολεμαῖον
3213 4638 3304 4692 τὸν
3325 4639 3470 4692 Μεν-

1890 4735 2093 4807 δήσιον,
2145 4736 2240 4788 καὶ
2293 4734 2364 4788 τὰ
2405 4734 2507 4804 τῆς
2555 4732 2751 4798 λέξεως
2795 4731 2959 4785 αὐτοῦ
3013 4725 3114 4785 ὦδε
3157 4730 3290 4800 ἔχει·
3318 4731 3468 4782 Κατ-

1893 4823 2096 4893 έσκαψε
2125 4823 2181 4876 δὲ
2209 4823 2306 4893 τὴν
2341 4822 2592 4892 Ἀθυρίαν
2618 4823 2881 4892 Ἀμωσις,
2927 4821 3068 4874 κατὰ
3097 4820 3188 4873 τὸν
3230 4821 3471 4891 Ἀργεῖον

1893 4916 2183 4985 γενόμενος
2229 4918 2458 4985 Ἴναχον,
2503 4915 2578 4978 ὡς
2611 4916 2670 4968 ὲν
2717 4917 2828 4977 τοῖς
2874 4913 3084 4984 χρόνοις
3109 4911 3413 4984 ἀνέγραψεν
3441 4914 3471 4966 6

1893 5007 2190 5077 Μενδήσιος
2240 5007 2591 5076 Πτολεμαῖος.
2633 5006 2692 5058 Ὀ
2732 5005 2789 5057 δὲ
2834 5003 3164 5074 Πτολεμαῖος
3205 4999 3359 5068 οὗτος
3398 5005 3472 5057 ἰε-

1895 5100 2022 5172 ρεὺς
2051 5100 2148 5170 μὲν
2177 5094 2245 5169 ἦν
2262 5115 2276 5128 '
2301 5098 2399 5162 τὰς
2417 5099 2474 5152 δὲ
2501 5097 2610 5151 τῶν
2631 5097 2940 5166 Αἰγυπτίων
2962 5095 3224 5166 βασιλέων
3246 5095 3468 5166 πράξεις

1894 5191 1951 5244 ἐν
1966 5191 2140 5262 τρισὶν
2156 5190 2302 5254 ὅλαις
2317 5189 2605 5260 ἐκθέμενος
2622 5189 2847 5260 βίϐλοις,
2869 5187 3010 5241 κατὰ
3023 5187 3266 5258 Ἀμωσίν
3284 5204 3465 5259 φησιν,

1895 5281 2170 5351 Αἰγύπτου
2233 5281 2478 5352 βασιλέα,
2523 5281 2798 5343 Μωῦσέως
2844 5278 3145 5350 ἡγουμένου
3192 5278 3467 5348 γεγονέναι

1908 5373 2181 5437 Ἰουδαίοις
2202 5373 2301 5444 τὴν
2330 5372 2390 5438 ἐξ
2412 5373 2688 5441 Αἰγύπτου
2718 5371 2960 5443 πορείαν·
2991 5369 3052 5436 ἐξ
3083 5363 3158 5424 ὧν
3192 5370 3468 5424 συνῶπται

1897 5463 2040 5518 κατὰ
2073 5465 2283 5534 Ἴναχον
2327 5463 2636 5534 ἠκμακέναι
2673 5462 2764 5517 τὸν
2801 5461 3024 5518 Μωσέα.
3056 5460 3299 5516 Firmum
3349 5477 3470 5530 pro-

1899 5554 2042 5611 fecto
2067 5563 2446 5626 argumentum
2474 5556 2541 5610 ad
2574 5555 2938 5626 probandum,
2956 5560 3010 5609 et
3037 5568 3101 5609 ex
3133 5553 3252 5624 ipso
3281 5552 3468 5608 adver-

1897 5647 2044 5704 sario
2090 5647 2333 5703 ductum.
2379 5647 2598 5703 Amosis
2671 5655 2913 5718 tempore
2976 5645 3161 5702 Inachi
3218 5645 3466 5712 vivebat;

1900 5738 2112 5812 Moyses
2154 5749 2397 5812 tempore
2447 5739 2744 5797 Amosidis.
2775 5738 2909 5806 Quis
2945 5737 3052 5796 nisi
3096 5737 3323 5804 demens
3351 5735 3472 5794 lua-
