3840 6164
419 293 526 350 799

1773 289 2019 350 LEONIS
2047 289 2331 347 ALLATII’

418 411 581 464 chum
627 417 682 465 et
734 407 975 482 Moysem
1015 409 1211 468 iisdem
1249 412 1592 483 temporibus
1620 412 1874 469 ﬂoruisse
1904 429 2004 470 ne-
2029 421 2075 476 Α
2106 413 2160 465 in
2187 409 2452 473 Tacticis,
2489 407 2594 465 nisi
2628 406 2796 462 semel
2824 421 2948 461 cum
2978 404 3100 476 ejus
3127 405 3305 476 carpit
3331 407 3692 466 sententiam.

418 502 570 575 gub-it
595 503 619 555 ?

489 591 624 649 lbid.
659 595 765 649 Kal
806 597 1173 664 Ἀφρικανός.
1216 595 1292 650 De
1319 594 1600 660 Africano,
1639 598 1764 654 vide
1805 597 2002 654 Hiero-

418 701 665 762 nymum,
701 685 1047 750 Tritemium,
1112 688 1358 752 Suidam,
1387 689 1600 743 Sixtum
1629 689 1924 746 Senensem
1949 699 2002 746 et

419 779 588 834 alios:
609 779 773 832 multa
797 794 860 832 ac
883 781 1027 832 varia
1055 779 1256 848 ingenii
1278 782 1358 835 sui
1386 792 1736 836 monumenta
1762 785 2002 838 maximo

418 870 782 925 litteratorum
830 871 1116 926 commodo
1168 874 1431 943 reliquit;
1497 891 1730 944 quorum
1795 877 1998 944 passim

421 963 625 1014 mentio
654 962 792 1029 apud
825 970 1081 1016 auctores
1109 959 1328 1018 Graecos
1377 974 1430 1018 et
1468 961 1714 1017 Latinos.
1749 964 2001 1032 Legatio-

416 1064 540 1104 nem
573 1067 669 1121 pro
696 1054 1093 1108 instauratione
1129 1057 1280 1109 urbis
1310 1054 1566 1110 Emmaus
1598 1059 1860 1126 suscepit;
1881 1073 2002 1127 quae

415 1153 602 1212 postea
627 1142 903 1214 Nicolrolis
934 1148 1201 1215 appellata
1226 1159 1328 1208 est,
1356 1157 1409 1202 et
1433 1147 1688 1201 obtinuit.
1729 1148 1998 1203 Eusebius

411 1232 769 1298 inCIirom'co,
793 1237 1154 1309 Παλαιστίνης
1188 1239 1480 1303 Νικόπολις
1512 1243 1543 1312 ή
1582 1244 1843 1314 πρότερον
1877 1243 2003 1312 Ἐμ-

417 1330 585 1399 μαοὺς
618 1330 839 1401 ἐκτίσθη
886 1330 1059 1397 πόλις,
1097 1332 1493 1403 πρεσϐεύοντος
1537 1334 1678 1404 ὑπὲρ
1712 1335 1880 1404 αὐτῆς
1906 1333 1996 1387 καὶ

411 1423 809 1492 προῖσταμένου
879 1424 1095 1477 Ἰουλίου
1159 1423 1486 1494 Ἀφρικανοῦ
1538 1425 1706 1478 ταῦτα
1740 1427 1999 1494 Χρονικὰ

412 1515 844 1586 συγγράψαντος.
880 1515 994 1568 Sub
1029 1517 1354 1586 imperatore
1407 1516 1592 1571 Marco
1628 1518 1849 1572 Aurelio
1882 1520 1998 1572 An-

409 1608 622 1669 tonino,
655 1607 747 1676 qui
791 1605 1030 1660 Macrino
1067 1617 1431 1662 successerat.
1478 1607 1732 1678 Quinque
1765 1609 1832 1662 de
1857 1618 1995 1662 tem-

411 1695 638 1764 poribus
662 1696 934 1749 volumina
969 1697 1318 1766 conscripsit;
1359 1697 1547 1767 incipit
1571 1713 1602 1750 a
1634 1698 1819 1752 mundi
1844 1714 1995 1752 crea-

2103 501 2318 573 Optima
2352 501 2538 556 Dionis
2564 500 2835 556 sententia
2882 500 3130 554 oratione
3171 497 3467 561 Rhodiaca,
3512 497 3592 551 Τδ
3627 499 3692 556 δὲ

2103 596 2214 650 τῶν
2261 594 2500 666 ἀρίστων
2548 591 2760 664 ἀνδρῶν
2806 590 3269 654 ἐπιλανθάνεσθαι,
3325 591 3418 644 καὶ
3463 589 3530 643 τὰ
3579 590 3691 660 τῆς

2105 688 2308 760 ἀρετῆς
2351 683 2491 740 ἆθλα
2534 687 2854 755 ἀποστερεῖν
2904 685 3002 738 οὐκ
3055 685 3134 737 ἐνι
3167 685 3456 754 τυγχάνειν
3522 683 3685 736 οὔδει

2109 783 2235 852 μιᾶς
2268 777 2556 850 εὐπρεπῶς
2584 779 2927 848 προφάσεως,
2963 776 3089 828 ἀλλ’
3119 775 3428 846 ἀχαριστία,
3466 774 3683 844 φθόνος,

2106 871 2424 943 μικρολογία
2475 870 2646 923 ἅπασι
2689 871 2802 930 τοῖς
2853 868 3151 936 αἰσχίστοις
3210 866 3420 937 ἀνάγκη
3471 867 3683 936 προσή-

2102 982 2239 1018 κειν.
2276 963 2460 1033 Neque
2496 963 2676 1015 minus
2706 960 2793 1015 fur
2821 968 2924 1020 est,
2961 961 3050 1029 qui
3085 960 3224 1013 bona
3258 959 3485 1013 aliorum
3509 959 3685 1012 surri-

2103 1059 2201 1128 pit,
2234 1073 2396 1126 quam
2421 1057 2511 1125 qui
2544 1055 2742 1109 mentis
2775 1053 3128 1114 monimenta,
3158 1059 3212 1106 et
3242 1053 3470 1106 aliorum
3496 1051 3682 1106 studia

2103 1150 2423 1209 suffuratur,
2448 1155 2501 1199 et
2533 1157 2808 1199 auctorem
2846 1143 3065 1197 silentio
3094 1146 3350 1212 praeterit.
3391 1141 3465 1196 De
3493 1157 3605 1210 quo
3629 1143 3682 1197 si

2101 1242 2225 1312 quis
2270 1241 2425 1310 plura
2459 1236 2754 1298 desiderat,
2793 1235 2949 1289 adeat
2983 1241 3200 1289 nostros
3239 1235 3291 1288 in
3327 1233 3556 1304 Longini
3595 1233 3677 1289 De

2100 1331 2315 1386 sublimi
2381 1345 2567 1399 genere
2600 1327 2854 1380 orationis
2913 1326 3153 1379 libellum
3221 1323 3679 1379 Commentarios.

2097 1424 2496 1479 Chronicorum
2530 1419 2772 1472 Africani
2817 1416 3244 1486 ἀποσπασμάτια
3289 1415 3532 1484 quaedam
3566 1431 3681 1470 una

2099 1533 2222 1571 cum
2253 1513 2560 1569 Eusebiano
2593 1511 2849 1567 Chronico
2883 1509 3026 1564 edita
3067 1516 3196 1563 sunt
3229 1523 3257 1562 a
3284 1504 3520 1578 Josepho
3547 1505 3687 1562 Sca-

2097 1611 2287 1680 ligero.
2316 1607 2488 1660 Porro
2512 1605 2673 1658 verba
2699 1602 2962 1666 Africani,
2985 1601 3185 1670 quibus
3209 1599 3440 1670 Moysen:
3470 1601 3684 1654 lnacbo

2098 1689 2344 1757 coaevum
2381 1699 2594 1758 scribit.
2632 1697 2798 1752 habes
2823 1696 2962 1765 apud
2990 1694 3278 1749 Eusebium
3307 1695 3361 1747 in
3391 1692 3680 1762 Chronico,

411 1784 560 1839 tione
603 1784 743 1856 apud
780 1784 1036 1855 Moysem,
1074 1788 1431 1855 pervenitque
1465 1801 1638 1854 usque
1682 1787 1746 1838 ad
1789 1784 1991 1839 Christi
2030 1779 2070 1834 Β
2098 1797 2236 1850 libro
2301 1794 2490 1864 ρι-ῑοι-ί,
2552 1790 2664 1846 Nec
2729 1790 2861 1844 illud
2919 1789 3138 1842 silentio
3197 1789 3679 1857 praetereundum,

409 1875 725 1939 adventum,
764 1879 1044 1933 succincte
1079 1895 1296 1948 quoque
1327 1888 1477 1948 gesta
1511 1893 1540 1931 a
1585 1877 1787 1933 Christi
1835 1886 1993 1932 aetate

409 1986 584 2040 usque
615 1971 680 2024 ad
713 1970 937 2025 Macrini
965 1971 1308 2040 imperatoris
1337 1981 1582 2040 tempora
1615 1972 1987 2041 prosequitur,

410 2061 484 2113 ita
515 2069 695 2115 tamen
733 2072 786 2114 ut
821 2063 1028 2116 nullum
1077 2065 1444 2119 necessarium
1494 2066 1716 2134 cognitu
1750 2064 1986 2116 omittat.

410 2149 633 2206 Photius
678 2153 729 2206 in
754 2151 1046 2209 Bibliolh.:
1079 2154 1420 2225 Ἀνεγνώσθη
1467 2155 1794 2227 Ἀφρικανοῦ
1833 2156 1991 2207 loto-

408 2245 579 2314 ρικόν.
618 2240 785 2308 Οὗτός
818 2247 966 2298 ἐστιν
993 2249 1022 2300 ὁ
1054 2248 1147 2299 καὶ
1183 2250 1309 2313 τοὺς
1355 2248 1682 2318 λεγομένους
1717 2246 1988 2312 Κεστοὺς

403 2338 462 2390 ὲν
487 2336 664 2406 λόγοις
695 2338 959 2403 συντάξας
995 2339 1055 2391 ιδ’
1061 2382 1073 2393 .
1103 2340 1258 2392 Ἔστι
1288 2340 1343 2392 δὲ
1395 2340 1656 2408 σύντομος
1697 2339 1812 2408 μὲν,
1851 2339 1986 2391 ἀλλὰ

407 2429 571 2499 μηδὲν
611 2429 718 2481 τῶν
775 2431 1086 2498 ἀναγκαίων
1132 2432 1482 2502 ἱστορηθῆναι
1528 2431 1979 2502 παραλιμπάνων.

404 2521 664 2592 Ἀρχεται
705 2521 760 2574 δὲ
811 2522 919 2579 ἀπὸ
958 2523 1058 2594 τῆς
1109 2525 1407 2592 Μωσαῖκῆς
1459 2523 1838 2592 κοσμογονίας,
1889 2523 1983 2575 καὶ

399 2614 644 2667 κάτεισιν
674 2614 778 2676 ἕως
823 2615 922 2684 τῆς
961 2616 1197 2686 Χριστοῦ
1230 2616 1547 2686 παρουσίας.
1593 2616 1982 2686 Ἐπιτροχάδην

397 2706 453 2760 δὲ
481 2705 834 2777 διαλαμϐάνει
877 2707 968 2758 καὶ
1011 2706 1080 2759 τά
1121 2708 1227 2761 ἀπὸ
1266 2707 1500 2777 Χριστοῦ
1535 2707 1696 2777 μέχρι
1724 2707 1822 2776 τῆς
1859 2709 1982 2761 Μα-

399 2799 584 2869 κρίνου
617 2798 712 2851 τοῦ
754 2801 1039 2870 Ῥωμαίων
1074 2799 1336 2869 βασιλέως
1363 2798 1658 2868 βασιλείας,
1689 2800 1777 2852 ὅτε
1805 2799 1976 2871 αὐτῷ,

395 2888 473 2952 ὣς
531 2907 692 2960 φησι,
759 2889 852 2942 καὶ
901 2891 996 2960 ἥδε
1045 2893 1078 2961 ὴ
1130 2890 1420 2961 συγγραφὴ
1469 2891 1798 2944 συνετελεῖτο
1840 2892 1978 2944 ἐτῶν

394 2979 528 3035 οὖσα
561 2983 747 3052 ,εψκγ’.
785 2983 962 3054 Τεύχη
1009 2984 1064 3036 δὲ
1093 2983 1186 3036 τοῦ
1225 2983 1430 3053 βιϐλίου
1461 2984 1646 3038 πέντε.
1689 2984 1748 3038 in
1782 2986 1886 3051 bis,
1917 2993 1976 3039 ut

395 3073 616 3144 quidam
645 3075 886 3139 tradtmt,
906 3077 1086 3130 omnia
1111 3091 1422 3148 regnorum,
1455 3079 1756 3141 nationum,
1789 3093 1970 3131 rerum

395 3164 736 3235 publicarum
789 3165 942 3219 initia
990 3182 1020 3218 a
1055 3170 1233 3236 capite
1283 3169 1510 3238 repetita
1559 3167 1626 3220 ad
1675 3167 1834 3221 liuent
1879 3167 1973 3220 de-

391 3257 548 3310 duxit
594 3275 608 3310 :
651 3258 848 3313 deinde
905 3274 1001 3328 per
1058 3269 1206 3314 eerta
1253 3261 1577 3324 intervalla,
1646 3275 1783 3329 quas
1837 3260 1974 3330 δμά·

389 3345 488 3410 δας
522 3356 738 3407 vocant.
773 3363 836 3402 ea
888 3349 1030 3402 inter
1059 3363 1119 3403 se
1149 3351 1526 3418 comparavit;
1569 3360 1842 3419 postremo
1881 3363 1976 3402 eo-

394 3455 515 3493 rum
550 3440 782 3494 inilicem
813 3439 1033 3509 adjecit,
1069 3456 1228 3510 quem
1252 3440 1479 3494 Canona
1508 3441 1746 3502 vocavit,
1785 3442 1836 3494 in
1864 3455 1974 3509 quo

388 3541 515 3596 qtue
567 3527 689 3580 καθ’
737 3528 912 3598 ὁμάδα
959 3529 1013 3582 in
1070 3530 1450 3599 superioribus
1507 3531 1662 3584 libris
1713 3538 1972 3599 congesta

381 3625 570 3680 erant,
607 3634 701 3688 per
749 3634 925 3675 annos
974 3636 1267 3690 expansos,
1300 3638 1421 3691 qua:
1460 3621 1636 3676 Graeci
1687 3622 1834 3675 ἁπλᾶ
1877 3622 1972 3693 ἔτη

390 3720 733 3780 nuncupant,
767 3713 1015 3782 digessit,
1050 3728 1191 3783 quos
1238 3713 1372 3776 falli,
1421 3728 1555 3782 pace
1584 3722 1859 3768 tantorum
1892 3715 1975 3766 vi-

388 3815 577 3855 rorum
606 3802 859 3868 dixerim,
914 3805 1118 3858 nemini
1167 3805 1396 3859 dubium
1426 3820 1552 3860 esse
1582 3805 1777 3869 debet;
1825 3806 1972 3860 aliud

385 3895 535 3947 enim
558 3902 643 3947 est
670 3909 847 3949 canon
866 3897 919 3948 in
941 3897 1250 3962 Clll‘OlllClS,
1270 3905 1322 3950 et
1341 3898 1488 3951 aliud
1514 3897 1698 3961 iudex,
1727 3914 1826 3952 nec
1843 3899 1976 3969 ὁμά-

385 3983 478 4037 δαι
511 4000 588 4039 θίΒ
617 3994 744 4040 sunt
773 4002 911 4056 quas
942 3989 1044 4058 ipsi
1077 3989 1290 4053 dicunt,
1339 3991 1433 4043 sed
1466 3997 1676 4043 tantum
1713 3993 1972 4062 pleraque

388 4091 498 4130 non
529 4077 602 4131 ita
637 4079 970 4141 necessaria,
1007 4095 1105 4133 nec
1127 4095 1360 4150 quorum
1407 4089 1557 4134 certa
1593 4084 1854 4152 temporis
1884 4099 1974 4136 ra—

385 4169 466 4221 tio
512 4169 688 4239 potuit
739 4171 929 4226 haberi
983 4173 1089 4226 sub
1133 4174 1317 4242 aliqua
1347 4174 1489 4228 serie
1549 4182 1856 4243 temporum
1913 4177 1970 4229 in

386 4277 556 4316 unum
605 4273 886 4334 congesta,
918 4265 1096 4336 ὁμάδα
1143 4266 1323 4322 facere
1373 4267 1530 4323 facile
1585 4269 1966 4333 existimarint,

383 4355 850 4424 quemadmodum
878 4367 1007 4413 sunt
1050 4375 1172 4429 qua:
1204 4361 1256 4413 iu
1301 4359 1562 4415 Chronico
1613 4361 1968 4417 Eustathiano

2093 1889 2314 1960 quando
2343 1888 2410 1940 de
2443 1885 2687 1940 historiis
2724 1883 2791 1936 ab
2830 1880 3088 1934 Africano
3116 1881 3336 1948 seriptis
3359 1894 3677 1934 sermonem

2093 1979 2379 2040 habemus,
2403 1975 2664 2029 Jacobum
2687 1972 3153 2041 archiepiscopum
3179 1968 3541 2032 Genuensem,
3574 1969 3674 2024 lib.

2091 2070 2403 2123 Annuarum
2484 2065 2909 2127 solemnitatem,
2952 2071 3006 2118 et
3069 2061 3285 2116 Petrum
3345 2063 3673 2132 episcopum

2090 2159 2427 2230 Equilinum,
2486 2157 2581 2212 lib.
2635 2172 2688 2210 Ix
2758 2153 3006 2224 Catalogi
3051 2163 3374 2215 sanctorum,
3437 2153 3672 2212 referre.

2087 2253 2316 2306 Abdiam
2365 2251 2598 2320 primum
2636 2247 2928 2318 Babylonis
2956 2247 3295 2315 episcOpum,
3331 2254 3385 2299 et
3413 2245 3484 2298 ab
3527 2246 3675 2314 ipsis

2088 2343 2352 2413 apostolis
2400 2343 2734 2397 ordinatum.
2763 2341 2906 2392 vitas
2952 2338 3238 2392 duodecim
3293 2337 3671 2407 apostolorum

2087 2435 2401 2504 scripsisse,
2428 2447 2565 2501 quas
2597 2430 2889 2498 Eutropius
2909 2428 3092 2482 Ahdia:
3111 2428 3414 2498 discipulus
3429 2437 3674 2481 transtu-

2085 2525 2147 2579 lit
2179 2542 2243 2580 ex
2265 2524 2491 2578 Hebraeo
2525 2523 2578 2576 iu
2604 2518 3136 2582 Graecum,et.lulius
3153 2519 3442 2574 Africanus
3471 2520 3522 2574 in
3559 2519 3675 2574 La—

2085 2616 2260 2670 tinum
2298 2635 2310 2669 :
2343 2627 2397 2669 et
2432 2615 2534 2668 sub
2563 2613 2722 2667 titulo
2754 2612 2917 2679 hujus
2947 2611 3132 2665 Abdiaa
3165 2611 3348 2666 emissi
3384 2620 3510 2665 sunt
3557 2610 3672 2666 Ba-

2083 2707 2231 2762 sit'eaa
2262 2721 2428 2776 opera
2457 2703 2730 2773 Wolfangi
2763 2701 2909 2756 Lazii
2945 2705 3012 2756 ab
3039 2701 3279 2772 Oporino
3309 2704 3430 2758 libri
3469 2705 3670 2760 decem

2082 2796 2403 2850 certaminis
2420 2793 2729 2864 apostolici,
2745 2807 2884 2862 quos
2903 2799 2961 2844 ut
2990 2793 3091 2846 lide
3111 2793 3385 2863 indignos,
3402 2796 3673 2862 quemad-

2081 2890 2302 2942 modum
2324 2887 2491 2942 refert
2514 2887 2700 2942 Sixtus
2732 2884 2994 2939 Senensis
3011 2885 3065 2939 in
3082 2885 3426 2950 Bibliotheca,
3454 2887 3548 2940 lib.
3587 2903 3628 2940 ll
3652 2929 3667 2948 ,

2077 2981 2282 3036 Paulus
2329 2997 2467 3053 papa
2515 2979 2608 3044 IV,
2649 2980 2791 3034 inter
2834 2979 3038 3048 scripta
3100 2993 3131 3032 a
3195 2994 3255 3034 se
3285 2980 3537 3033 damnata
3573 2996 3672 3036 re-

2074 3074 2229 3143 jecit.

2146 3166 2280 3220 lbid.
2345 3166 2458 3219 Kal
2520 3165 2672 3234 πρὸς
2724 3169 2957 3234 τούτοις
3026 3165 3323 3230 Τατιανός.
3398 3161 3672 3219 Clemens

2076 3256 2481 3312 Alexandrinus
2529 3259 2622 3312 lib.
2661 3256 2898 3313 tSlrom.
2933 3269 2952 3309 :
2981 3258 3248 3329 Πρότερον
3283 3255 3339 3308 δὲ
3365 3256 3497 3325 ὅπερ
3523 3255 3675 3308 ἀκό-

2075 3329 2263 3403 λουθον
2295 3346 2362 3421 ἦν
2388 3352 2516 3420 περὶ
2539 3351 2647 3403 τῶν
2670 3352 2808 3405 κατὰ
2837 3351 3040 3406 Μωσὲα
3065 3349 3268 3422 χρόνων
3293 3348 3390 3418 ἤδη
3414 3347 3668 3412 λεκτέον,

2074 3442 2140 3495 δι’
2169 3437 2244 3494 ὧν
2287 3441 2628 3513 δειχθήσεται
2661 3441 3088 3512 ἀναμφηρίστως
3117 3441 3298 3508 πάσης
3339 3436 3524 3504 σοφίας
3555 3437 3673 3508 ἀρ-

2075 3533 2335 3604 χαιοτάτη
2369 3535 2401 3603 ἡ
2434 3532 2574 3586 κατὰ
2619 3533 2903 3604 Ἐϐραίους
2934 3529 3239 3599 φιλοσοφία.
3286 3528 3505 3598 Εἴρηται
3556 3529 3672 3597 μὲν

2074 3623 2165 3680 οὖν
2199 3628 2324 3698 περὶ
2349 3626 2552 3678 τούτων
2577 3625 2818 3696 ἀκριϐῶς
2858 3621 3105 3692 Τατιανῴ
3136 3624 3193 3674 ὲν
3229 3620 3306 3691 τῷ
3332 3618 3480 3686 πρὸς
3504 3619 3668 3673 Ἔλ-

2072 3723 2287 3786 ληνας
2328 3717 2542 3788 εἴρηται
2563 3717 2619 3770 δὲ
2652 3718 2744 3769 καὶ
2762 3715 3022 3784 Κασιανῴ
3037 3716 3095 3766 ὲν
3125 3711 3324 3784 πρώτῳ
3343 3709 3450 3762 τῶν
3483 3709 3670 3778 Ἐξη-

2073 3809 2364 3879 γητικῶγ·
2401 3812 2622 3863 άπαιτεί
2660 3809 2715 3861 δὲ
2759 3809 2908 3878 ὅμως
2939 3807 3000 3860 τὸ
3037 3807 3332 3876 ὑπόμνημα
3372 3804 3464 3855 καὶ
3499 3805 3670 3873 ἡμᾶς

2072 3904 2395 3973 ἐπιδραμεῖν
2413 3902 2481 3954 τὰ
2509 3901 2647 3954 κατὰ
2673 3901 2763 3954 τὸν
2790 3900 2954 3953 τόπον
2994 3898 3279 3970 εἰρημένα.
3311 3895 3666 3951 Sententiam

2071 3995 2140 4049 de
2169 4004 2329 4049 astate
2357 3994 2557 4065 Moysis
2578 3993 2840 4047 Tatianus
2873 3999 3168 4061 pertractat
3199 3990 3250 4042 in
3279 3988 3528 4042 Oratione
3553 3987 3636 4040 ad
3661 4023 3668 4028 -

2071 4103 2250 4142 versus
2279 4086 2486 4144 Gentes.
2521 4087 2587 4141 de
2621 4102 2727 4156 qua
2766 4085 3014 4140 inferius.
3066 4082 3140 4138 De
3165 4082 3411 4141 Tatiano.
3442 4090 3493 4134 et
3519 4080 3664 4148 ejus

2071 4177 2266 4233 haeresi
2311 4186 2365 4233 et
2403 4177 2622 4246 scriptis
2675 4179 2828 4245 plura
2860 4174 3221 4244 Hieronymus
3255 4172 3308 4225 in
3349 4169 3664 4240 Catalogo;

2071 4269 2329 4334 lrenmus,
2379 4269 2474 4323 lib.
2523 4284 2563 4328 ι,
2597 4282 2718 4334 cap.
2746 4267 2848 4333 51;
2902 4264 3191 4326 Eusebius,
3228 4264 3322 4318 lib.
3368 4277 3442 4325 νι,
3492 4260 3661 4318 Hist.

2069 4364 2278 4425 ποίεε,
2315 4377 2436 4430 cap.
2489 4360 2576 4422 16,
2636 4360 2726 4422 17,
2764 4359 2863 4424 19;
2919 4357 3256 4428 Epiphanius
3299 4357 3490 4410 haeres.
3537 4355 3661 4423 46;

381 4447 542 4502 titulo
587 4450 861 4520 σποράδην
909 4453 1272 4521 explicantur.
1319 4452 1593 4520 Quidquid
1641 4460 1823 4506 tamen
1875 4453 1967 4516 sit,
2000 4471 2046 4525 ι)
2078 4453 2402 4524 Rodiginus,
2456 4455 2548 4508 lib.
2590 4469 2671 4515 Ill,
2699 4467 2818 4521 cap.
2852 4452 2950 4516 10;
2984 4450 3300 4504 Chronicum
3325 4445 3664 4502 Alexandri-

373 4537 749 4592 certissimum
779 4547 864 4594 est
889 4539 1186 4594 Eusebium
1212 4544 1394 4596 omnia
1430 4543 1674 4596 Africani
1719 4544 1772 4596 in
1803 4559 1963 4598 suum

379 4625 698 4684 Chronicum
750 4635 1208 4703 transcripsisse,
1259 4635 1328 4688 ab
1373 4650 1548 4704 eoque
1596 4636 1782 4689 omnia
1830 4635 1966 4689 hau-

379 4720 541 4776 sisse.
562 4721 743 4788 Quare
762 4723 834 4777 bu
837 4722 930 4793 jus
945 4725 1315 4797 chronologici
1340 4729 1522 4797 operis
1541 4727 1825 4797 potissima
1847 4728 1965 4783 laus

378 4809 638 4867 Africano
667 4812 918 4879 debetur,
951 4817 1116 4885 cujus
1162 4825 1216 4873 et
1247 4819 1420 4885 labor,
1456 4834 1563 4872 non
1597 4818 1835 4873 Eusebio
1864 4820 1965 4873 tri-

377 4902 628 4970 buenda;
665 4921 842 4974 neque
873 4907 1170 4962 defuerunt
1209 4911 1304 4979 qui
1345 4910 1635 4965 Eusebium
1665 4911 1963 4980 reprehen-

377 4994 590 5060 derent,
625 4998 770 5068 quod
811 5006 963 5053 tanta
1012 5003 1312 5056 securitate
1357 5003 1593 5057 alienam
1628 5002 1957 5056 industriam

376 5089 485 5142 sibi
534 5088 858 5150 vindicaret.
892 5107 1072 5161 neque
1119 5094 1330 5147 crimen
1380 5091 1578 5163 ingrati
1615 5093 1782 5148 animi
1835 5094 1962 5146 horu

373 5181 570 5246 ruerit,
613 5197 738 5236 cum
769 5183 860 5237 vix
891 5185 1040 5240 illius
1067 5186 1402 5248 meminerit,
1434 5186 1538 5240 nisi
1575 5185 1629 5240 in
1663 5186 1731 5240 iis
1759 5187 1813 5239 in
1846 5185 1964 5255 qui-

375 5271 479 5326 bus
503 5273 570 5327 ab
597 5273 718 5343 ejus
753 5275 1023 5330 sententia
1053 5277 1307 5342 discedit,
1333 5277 1466 5346 quin
1499 5284 1553 5332 et
1581 5278 1790 5347 optimo
1823 5279 1962 5332 scri-

376 5362 520 5428 ptori
546 5361 793 5418 fraudem
826 5363 1046 5432 fecisse,
1079 5382 1203 5420 cum
1233 5368 1398 5422 verba
1438 5367 1686 5421 Africani
1718 5369 1962 5437 interpo-

378 5449 542 5505 lando
588 5454 842 5513 invertat.
885 5455 1138 5514 Solemne
1170 5460 1363 5513 vitium
1399 5461 1501 5513 hoc
1545 5461 1794 5530 pluribus
1836 5459 1958 5525 fuit,

379 5551 814 5618 magnorumque
861 5551 1106 5604 virorum
1161 5552 1373 5608 animos
1424 5554 1620 5624 tetigit,
1673 5552 1817 5607 inter
1862 5568 1960 5608 eos

379 5629 580 5690 Leonis
616 5637 962 5708 imperatoris
1001 5644 1093 5712 qui
1137 5640 1449 5700 Onosaudri
1493 5659 1710 5709 nomen,
1766 5660 1798 5698 a
1849 5661 1960 5711 quo

381 5723 610 5780 multum
661 5727 990 5798 profecerat,
1027 5733 1240 5804 ingrato
1267 5750 1483 5807 semper
1511 5737 1694 5792 obruit
1738 5737 1960 5793 silentio

2069 4564 2215 4609 num,
2247 4563 2367 4616 pag.
2401 4546 2505 4600 6l0
2530 4555 2584 4599 et
2612 4545 2750 4611 6l2;
2780 4543 3144 4613 Nicephorus,
3181 4545 3275 4598 lib.
3311 4558 3384 4604 Iv,
3414 4555 3538 4609 cap.
3573 4541 3615 4594 4
3641 4559 3659 4608 ;

2068 4637 2468 4698 Theodoretus.
2499 4637 2592 4692 lib.
2619 4636 3033 4702 I;l’hilastrius,
3062 4635 3422 4690 Damascenus
3447 4639 3500 4684 et
3522 4631 3657 4688 alii.

2067 4729 2223 4784 Hunc
2263 4731 2485 4800 quidam
2529 4735 2817 4799 vocarunt,
2867 4728 3047 4798 inepte
3093 4734 3296 4789 tamen,
3321 4723 3663 4777 Alexandri-

2064 4840 2230 4890 nunt;
2289 4824 2379 4876 alii
2422 4822 2742 4893 Assyrium;
2795 4820 2993 4891 Syrum
3047 4819 3218 4874 fuisse
3263 4819 3482 4872 tradunt
3524 4816 3663 4871 Cle-

2064 4930 2219 4968 mens
2245 4913 2648 4967 Alexandrinus
2678 4913 2773 4966 lib.
2813 4927 2871 4965 nl
2905 4910 3191 4972 Stromat.,
3223 4919 3276 4964 et
3305 4908 3658 4978 Epiphanius
3707 4940 3712 4944 ~

2063 5007 2153 5075 qui
2207 5007 2320 5059 haec
2367 5005 2566 5059 addit:
2607 5003 2860 5057 Scholam
2900 5019 3056 5056 suam
3125 5002 3294 5057 erexit
3344 5001 3411 5053 ah
3481 5001 3658 5055 initio

2064 5096 2118 5148 in
2152 5094 2536 5164 Mesopotamia
2571 5097 2716 5147 circa
2755 5107 2828 5145 xu
2871 5093 2982 5147 fere
3013 5107 3216 5146 annum
3262 5089 3521 5144 Antonini
3557 5089 3653 5147 Pii

2062 5187 2318 5249 Caesaris,
2349 5187 2640 5240 maximam
2659 5200 2788 5239 vero
2805 5194 3007 5254 partem
3036 5183 3566 5253 praedicationissua
3590 5184 3651 5238 in

2061 5279 2371 5342 Antiochia,
2419 5294 2538 5348 qua:
2583 5279 2648 5332 ad
2693 5277 2974 5348 Daphnem
3011 5280 3116 5332 sita
3155 5286 3262 5341 est,
3301 5277 3446 5339 fecit,
3481 5285 3538 5332 et
3587 5279 3652 5334 in

2059 5369 2288 5425 Cilicum
2321 5371 2584 5440 partibus,
2611 5371 2840 5423 multum
2873 5377 3052 5422 autem
3087 5377 3142 5422 et
3187 5369 3239 5422 in
3266 5366 3490 5429 Pisidia,
3520 5368 3653 5435 ubi,

2061 5472 2185 5510 cum
2219 5466 2467 5526 tempora
2503 5457 2706 5526 quibus
2737 5457 2870 5511 vixit
2904 5457 3176 5527 signiﬁcat
3208 5458 3312 5512 sub
3335 5457 3646 5518 Antonino.

2062 5565 2290 5606 necesse
2328 5558 2414 5604 est
2459 5550 2716 5604 mendum
2748 5565 2872 5604 esse
2902 5552 2955 5604 in
2999 5549 3294 5604 Philastrio
3321 5549 3482 5612 illud,
3509 5548 3652 5604 Post

2063 5643 2209 5698 Decii
2279 5646 2725 5711 persecutionem.
2796 5659 2897 5715 pro
2955 5658 3067 5714 quo
3135 5642 3275 5698 forte
3347 5643 3647 5712 legendum

2062 5738 2310 5803 Adriani,
2341 5751 2467 5794 nam
2507 5738 2611 5794 sub
2643 5737 2736 5793 illo
2768 5753 2991 5808 passum
3031 5735 3308 5794 Justinum
3342 5733 3646 5808 Martyrem
