3840 6164
171 288 277 348 8Ο1

1189 293 1258 349 ΙΝ
1296 293 1671 352 ΕυδΤΑτιιιι
1711 293 2186 351 HEXAEHERON
2223 294 2454 354 NOTjE.

170 405 334 462 testis
365 410 450 460 est
490 413 690 476 prater
730 405 869 461 alios
912 405 1270 478 Epiphanius.
1320 406 1508 479 Neque
1555 408 1756 464 mirum
1785 417 1834 474 Α
1859 407 2020 464 detur
2045 424 2192 475 esse,
2239 411 2286 466 si
2320 426 2494 481 pauca
2535 412 2605 468 de
2635 428 2704 470 eo
2742 412 3067 483 edisseram,
3101 423 3159 470 ut
3201 421 3438 474 maxima

169 499 349 554 videri
386 498 546 553 debet
581 513 748 552 unum
771 508 826 554 et
844 500 1097 555 eumdem
1126 509 1432 566 auctorem,
1462 503 1625 557 modo
1649 503 1753 558 As-

169 591 408 662 syrium,
450 590 612 646 modo
655 587 853 661 Syrum
885 596 1214 661 nuncupari.
1247 591 1385 646 Nam
1414 593 1641 664 Assyria
1698 599 1754 647 et

161 682 332 754 Syria
384 693 568 753 partes
616 681 761 738 Asia
815 683 952 738 adeo
986 685 1128 738 inter
1167 700 1226 740 se
1275 691 1406 740 sunt
1454 684 1649 739 vicina:
1692 690 1754 737 ut

170 789 319 845 saepe
357 774 788 840 confundantur,
832 777 976 830 unde.
1018 774 1346 841 Herodotus,
1394 777 1487 831 lib.
1532 793 1609 832 vn
1642 795 1655 831 :
1689 775 1752 830 Οἳ

170 866 280 918 ὑπὸ
315 863 582 935 Ἑλλήνων
617 865 900 920 ἐκαλέοντο
945 866 1147 936 Σύριοι,
1179 869 1284 921 ὑπὸ
1318 868 1426 922 τῶν
1465 867 1753 939 βαρϐάρων

183 955 460 1028 Ἀσσύριοι
493 957 822 1027 ἐκλήθησαν,
877 973 1040 1027 quem
1100 958 1280 1012 locum
1333 959 1515 1013 laudat
1564 958 1755 1013 Eusta-

168 1049 321 1104 thius
342 1050 396 1102 in
414 1048 724 1119 Dionysium
748 1065 768 1102 :
795 1050 916 1103 Ὅτι
945 1049 1000 1103 δὲ
1032 1049 1181 1103 ἄλλοι
1203 1049 1353 1122 παρὰ
1376 1052 1502 1113 τοὺς
1529 1050 1754 1122 Συρίους

166 1142 219 1194 oi
262 1141 557 1212 ’Δσσύριοι,
600 1141 752 1212 δηλοῖ
794 1143 888 1196 καὶ
931 1142 1180 1212 Ξενοφῶν
1223 1145 1280 1195 ὲν
1325 1146 1436 1206 τοῖς
1478 1144 1751 1209 Ἐλληνι-

167 1232 320 1299 κοῖς.
365 1233 648 1305 Ἡρόδοτος
671 1234 727 1288 δὲ
751 1234 898 1288 δοκεῖ
930 1235 1082 1303 ἄγειν
1109 1236 1308 1299 αὐτοὺς
1349 1237 1428 1299 εἰς
1465 1235 1662 1289 ταύτὸν
1694 1235 1754 1288 ὲν

167 1319 251 1392 οἷς
284 1344 472 1398 φησιν,
495 1329 578 1382 ὅτι
624 1327 918 1400 Ἀσσύριοι,
941 1339 1071 1391 etc.,
1097 1337 1150 1384 et
1176 1327 1426 1384 Justinus
1463 1328 1558 1382 lib.
1595 1342 1634 1390 I,
1659 1327 1751 1397 qui

165 1435 204 1474 ιι
249 1422 498 1476 barbaris
529 1420 762 1493 Assyrii,
792 1437 822 1475 a
866 1421 1072 1476 Graecis
1111 1421 1256 1492 Syri,
1300 1429 1355 1476 et
1397 1429 1456 1474 ut
1505 1421 1756 1476 scribunt

165 1511 375 1576 Acron,
420 1519 476 1567 et
519 1511 857 1583 Porphyrius
911 1529 1076 1583 super
1132 1512 1236 1568 0.1.
1293 1513 1362 1567 12
1412 1511 1654 1580 Horatii,
1698 1521 1754 1568 et

164 1604 490 1661 Ammianus
523 1603 872 1660 Marcellinus
903 1605 995 1658 lib.
1039 1620 1197 1668 nul,
1242 1603 1374 1669 Quis
1401 1621 1538 1658 nunc
1571 1604 1750 1674 Syria,

165 1698 301 1753 olim
323 1698 547 1768 Assyria
581 1697 887 1752 vocabatur.
918 1696 1163 1768 Hyginus
1195 1697 1372 1750 fabula
1404 1696 1535 1762 275,
1578 1694 1749 1751 Semi-

167 1793 336 1846 ramis
386 1763 623 1846 Dercetis
662 1791 777 1860 filia
823 1791 878 1844 in
926 1763 1088 1860 syria
1122 1789 1445 1860 Babylonem
1489 1790 1746 1843 condidit.
1783 1763 1826 1820 Β

166 1883 535 1954 Hieronymus
554 1881 706 1940 Isaia:
733 1899 822 1949 xx,
841 1882 984 1949 Quos
1001 1893 1193 1937 veteres
1208 1883 1479 1954 Assyrios,
1499 1899 1639 1935 nunc
1657 1899 1750 1937 nos

165 1994 412 2032 vacamus
436 1975 619 2048 Syros.
647 1975 976 2033 Transmisit
1001 1978 1090 2031 hic
1115 1977 1282 2030 multa
1301 1977 1609 2046 posteritati
1643 1992 1738 2031 vo-

165 2070 480 2133 lnmina,ex
502 2069 702 2142 quibus
737 2069 967 2141 insignis
999 2069 1185 2125 illeAd
1215 2078 1386 2138 gentes
1420 2069 1558 2122 liber
1590 2084 1752 2138 quem

164 2159 312 2230 apud
360 2161 558 2215 multos
620 2161 858 2214 maximo
896 2159 1074 2214 fuisse
1122 2161 1177 2213 in
1226 2159 1400 2230 pretio
1445 2169 1499 2213 et
1547 2159 1754 2212 honore

165 2253 542 2306 monumentis
585 2253 841 2306 traditum
877 2258 983 2313 est,
1035 2251 1090 2304 in
1121 2266 1231 2320 quo
1263 2251 1330 2306 de
1374 2250 1576 2322 Moysis
1617 2251 1755 2304 anti-

165 2343 379 2411 quitate
418 2343 586 2396 multa
621 2343 865 2398 disserit.
899 2341 1200 2396 Chronicon
1229 2341 1649 2396 Alexandrinum
1684 2356 1751 2395 ex

165 2430 390 2487 Eusebii
424 2433 501 2487 De
534 2433 657 2488 hist.
683 2433 977 2489 ecclesiast.
1010 2434 1085 2489 lib
1116 2449 1191 2500 tv,
1223 2448 1343 2503 cap.
1377 2433 1448 2487 27
1476 2449 1490 2485 :
1515 2433 1754 2486 Καταλέ-

165 2522 319 2575 λοιπε
359 2524 420 2578 se
455 2517 608 2588 οὗτος
654 2524 786 2578 πολύ
829 2543 882 2578 τι
922 2525 1124 2597 πλῆθος
1171 2526 1638 2596 συγγραμμάτων,
1677 2519 1752 2579 ὧν

167 2614 404 2683 μάλιστα
435 2617 588 2686 παρὰ
621 2617 832 2676 πολλοῖς
861 2617 1258 2688 μνημονεύεται
1275 2616 1557 2689 διαδόητος
1587 2617 1750 2671 αὑτοῦ

165 2707 321 2776 λόγος
346 2709 378 2760 ὁ
415 2710 898 2778 πρὸςἝλληνας,
936 2713 994 2763 ὲν
1016 2705 1060 2778 ᾧ
1081 2712 1174 2764 καὶ
1203 2709 1313 2763 τῶν
1335 2711 1596 2765 ἀνέκαθεν
1627 2711 1753 2783 χρό-

163 2815 272 2851 νων
326 2801 740 2872 μνημονεύσας,
785 2801 894 2855 τῶν
952 2804 1082 2872 παρ’
1137 2802 1394 2872 Ἕλλησιν
1444 2803 1748 2872 εὐδοκίμων

163 2890 421 2944 ἁπάντων
471 2892 676 2945 Μωσὲα
724 2908 784 2944 τε
828 2893 923 2944 καὶ
966 2893 1097 2956 τοὺς
1156 2891 1420 2964 Ἐὁραίων
1463 2895 1750 2964 προφήτας

163 2983 412 3053 ἀπέφηνε
458 2984 946 3056 προγενεστέρους’
976 2984 1035 3048 ὃς
1063 2984 1126 3054 δὴ
1163 2986 1257 3038 καὶ
1292 2985 1441 3038 δοκεῖ
1475 2985 1584 3038 τῶν
1614 3001 1747 3053 συγ-

161 3076 506 3147 γραμμάτων
536 3076 699 3132 αύτοῦ
733 3079 950 3132 πάντων
983 3077 1215 3132 καλλίων
1243 3095 1303 3130 τε
1333 3079 1424 3131 καὶ
1456 3077 1746 3150 ὠφελιμώ-

159 3182 322 3230 τατος
351 3167 638 3238 ὑπάρχειν.
666 3165 724 3220 lu
751 3182 817 3222 eo
843 3183 966 3221 cum
998 3176 1145 3222 retro
1173 3177 1295 3222 acta
1323 3176 1567 3238 tempora
1598 3185 1749 3222 com-

164 3267 546 3325 memorasset,
596 3261 853 3314 omnibus
891 3260 1035 3330 apud
1079 3258 1299 3315 Graecos
1338 3261 1594 3325 laudatis,
1629 3277 1753 3332 pro-

169 3349 422 3419 batisque
445 3350 540 3421 (ita
566 3351 711 3405 enim
735 3361 910 3417 verto,
940 3367 1048 3406 non
1080 3361 1140 3406 ut
1180 3352 1475 3424 interpres)
1506 3352 1746 3424 Moysem

163 3448 219 3494 et
260 3439 614 3495 Hebraeorum
642 3454 796 3497 vates
836 3443 1170 3499 vetustiores
1217 3445 1477 3500 ostendit.
1516 3445 1750 3516 Scripsit

166 3529 476 3586 Orationem
507 3534 577 3586 ad
617 3533 825 3600 Gentes,
877 3536 968 3606 qui
1001 3537 1141 3592 liber
1186 3538 1360 3607 ipsius
1390 3555 1454 3593 ex
1493 3540 1748 3594 omnibus

163 3638 303 3693 quos
345 3625 571 3696 scripsit
615 3628 773 3698 longe
825 3629 1228 3698 pulcherrimus
1274 3638 1379 3695 est,
1427 3631 1752 3693 et,utilissi—

57 3757 64 3768 .
162 3731 309 3783 mus,
345 3728 398 3772 et
431 3718 521 3772 hic
548 3717 685 3774 liber
709 3719 848 3774 idem
875 3730 928 3776 et
952 3738 1095 3778 unus
1126 3729 1230 3785 est,
1262 3738 1372 3776 non
1405 3723 1656 3776 diversus
1688 3730 1748 3775 ut

163 3809 494 3878 opinabatur
528 3808 886 3875 Possevinus,
922 3829 1046 3868 cum
1095 3813 1187 3867 illo
1211 3822 1446 3868 tractatu
1483 3815 1748 3870 adversus

163 3905 409 3967 eosdem,
429 3903 522 3973 qui
550 3903 698 3959 fiuit:
729 3904 914 3958 Ταῦτα
935 3905 1054 3975 μὲν,
1091 3898 1137 3958 ὧ
1164 3904 1357 3976 ἄνδρες
1389 3905 1669 3977 Ἕλληνες,
1719 3907 1750 3958 ὁ

163 3994 305 4047 κατὰ
334 3994 642 4067 βαρϐάρους
671 3996 974 4066 φιλοσοφῶν
1001 3998 1260 4062 Τατιανὺς
1293 3999 1577 4065 συνέταξα,
1620 4015 1746 4066 γεν-

163 4086 348 4155 νηθεὶς
383 4088 480 4157 μὲν
506 4090 563 4141 ἐν
584 4091 650 4160 τῇ
670 4089 779 4142 τῶν
818 4089 1117 4161 Ἀσσυρίων
1143 4092 1235 4161 γῇ,
1265 4089 1576 4153 παιδευθεὶς
1597 4089 1751 4161 πρῶ-

161 4195 253 4231 τον
285 4179 384 4250 μὲν
410 4179 482 4232 τὰ
510 4180 775 4252 ὑμέτερα,
807 4180 1035 4250 δεύτερα
1071 4181 1128 4234 δὲ
1161 4183 1317 4235 ἆτινα
1345 4181 1442 4234 νῦν
1481 4181 1747 4252 κρύπτειν

164 4270 315 4340 (fort.
355 4272 666 4345 κηρύττειν)
698 4273 1123 4345 ἐπαγγέλλομαι.
1160 4274 1448 4329 Γινώσκων
1484 4276 1540 4328 δὲ
1563 4275 1748 4330 λοιπὸν

159 4365 244 4428 τίς
267 4366 296 4417 ὁ
316 4364 470 4428 Θεὸς,
495 4368 588 4420 καὶ
615 4367 700 4430 τίς
723 4367 864 4421 κατὰ
889 4368 1052 4422 αὑτὸν
1085 4369 1319 4439 ποίησις,
1348 4369 1563 4439 ἕτοιμον
1587 4371 1750 4440 ἐμαυ-

1853 501 2166 567 diliicultas,
2197 519 2319 573 qua:
2365 505 2508 560 inter
2533 514 2788 563 auctores
2816 507 3041 561 maximi
3085 508 3326 566 nominis
3354 519 3441 566 est

1852 594 2098 649 tollatur.
2125 592 2183 648 In
2209 594 2545 650 Bibliotheca
2573 596 2790 652 Patrum
2815 598 2947 654 editi
2972 600 3279 656 suntlibelli
3304 600 3436 667 duo,

1853 703 1998 742 unus
2030 687 2412 754 inscriptione,
2443 686 2759 744 Sanctorum
2777 698 3008 759 quatuor
3026 688 3436 759 Evangeliorum

1852 782 2132 836 harmonia
2158 782 2386 838 Tatiano
2409 783 2772 838 Alexandrino
2809 792 3046 849 auctore;
3071 784 3230 848 alter,
3263 782 3438 836 Evan-

1851 871 2109 941 geliorum
2163 879 2392 940 quatuor
2434 872 2672 925 narratio
2723 873 3000 926 Ammonio
3048 870 3436 936 Alexandrino,

1852 969 1961 1016 etc.
1999 961 2352 1016 Harmoniam
2388 961 2578 1018 Victor
2614 963 2910 1034 Capuanus
2953 963 3287 1031 coniecturis
3313 965 3439 1035 qui-
3535 969 3546 980 '

1853 1055 2084 1110 busdam
2131 1055 2322 1109 tribuit
2383 1053 2632 1120 Tatiano,
2681 1064 2735 1111 et
2779 1071 2888 1109 non
2933 1055 3244 1122 Ammonio,
3272 1071 3436 1128 quem

1853 1147 2090 1200 maxime
2114 1146 2242 1211 labi,
2267 1147 2396 1200 etin
2430 1163 2487 1202 re
2516 1155 2702 1217 aperta
2729 1148 2982 1202 caecutire
3008 1149 3164 1218 plura
3190 1157 3320 1204 sunt
3346 1163 3438 1202 ar-

1853 1246 2134 1308 gumento,
2173 1245 2226 1292 et
2270 1237 2324 1292 in
2371 1238 2475 1295 hoc
2524 1255 2742 1294 errasse
2764 1237 3038 1294 Victorem
3083 1240 3434 1295 manifestum

1852 1337 1957 1396 est,
1984 1346 2090 1383 non
2125 1333 2250 1400 quia
2279 1346 2419 1400 opus
2474 1330 2552 1384 De
2576 1333 2863 1385 canonibus
2935 1332 3243 1401 evangelicis
3270 1332 3442 1388 ascri-

1854 1422 2024 1491 pserit
2057 1420 2309 1488 Tatiano,
2344 1423 2489 1492 quod
2523 1423 2658 1478 falso
2688 1424 2764 1477 illi
2800 1423 3032 1494 imputat
3075 1422 3434 1488 Possevinus.

1852 1529 2124 1583 nusquam
2157 1515 2289 1568 illud
2315 1514 2620 1570 aﬂirmante
2649 1514 2887 1581 Victore,
2933 1516 3042 1569 imo
3071 1516 3432 1580 contrarium,

1853 1605 1899 1658 si
1930 1613 2077 1659 recte
2107 1609 2270 1660 verba
2300 1605 2446 1661 illius
2469 1607 2886 1661 considereutur
2905 1623 2919 1670 ;
2939 1606 3021 1659 ait
3047 1607 3194 1660 enim
3231 1607 3284 1660 in
3303 1605 3439 1660 Prte-

1854 1694 2091 1748 fatione:
2118 1694 2252 1747 Dum
2285 1695 2508 1763 fortuito
2527 1697 2580 1748 in
2607 1712 2797 1749 manus
2834 1711 2976 1748 meas
3011 1692 3438 1747 incideretunum

1855 1801 1919 1838 ea:
1939 1796 2170 1856 quatuor
2199 1785 2539 1858 Evangelium
2571 1788 3004 1855 compositum,et
3036 1784 3247 1838 absente
3280 1785 3438 1839 titulo

1857 1895 1959 1932 non
1999 1879 2284 1933 invenirem
2319 1896 2504 1933 nomen
2545 1879 2806 1939 auctoris,
2846 1877 3128 1947 diligenter
3167 1875 3438 1946 inquirens

1853 1973 1944 2041 qui
1972 1981 2117 2041 gesta
2140 1972 2217 2025 vel
2239 1973 2384 2025 dicta
2414 1971 2629 2026 Domini
2669 1982 2714 2026 et
2739 1969 3039 2026 Saluatoris
3064 1970 3231 2024 nostri
3281 1985 3442 2022 evan-

1853 2062 2022 2133 gelica
2059 2063 2274 2118 lectione
2306 2064 2556 2122 discreta.
2607 2065 2662 2117 in
2697 2063 2933 2116 ordinem
2965 2079 3066 2133 quo
3107 2079 3162 2116 se
3193 2061 3438 2131 consequi

1854 2154 2186 2216 videbantur,
2221 2171 2324 2209 non
2365 2156 2583 2209 minimo
2628 2154 2792 2208 studii
2827 2155 3008 2208 labore
3038 2152 3314 2223 redegerit,
3353 2169 3438 2207 re-

1851 2247 1962 2314 peri
2000 2247 2340 2299 Ammonium
2369 2247 2648 2317 quemdam
2689 2245 3132 2310 Alexandrinum,
3155 2247 3244 2316 qui
3270 2260 3442 2300 carto-

1853 2352 1960 2390 rwtt
1988 2353 2196 2400 quoque
2253 2354 2540 2392 I-LVANGELII
2598 2353 2810 2392 resres
2845 2353 3145 2400 INVBNTOR,
3188 2335 3436 2392 Matthati

1853 2427 2142 2498 Evangelia
2183 2432 2508 2500 reliquorum
2537 2431 2697 2483 trium
2727 2440 2970 2498 excerpta
2987 2429 3254 2498 junxisse.
3287 2445 3350 2484 at:
3379 2429 3437 2482 in

1853 2537 2015 2574 unam
2063 2523 2253 2576 seriem
2293 2521 2641 2592 Evangelium
2685 2524 2950 2583 nexuisse,
2995 2530 3132 2575 sicut
3176 2520 3441 2576 Eusebius

1852 2615 2128 2682 episcopus
2179 2611 2452 2682 Carpiano
2497 2611 2711 2665 cuidam
2758 2613 2990 2666 scribens
3029 2615 3084 2664 in
3122 2611 3438 2679 praefatione

1852 2704 2102 2758 editionis
2123 2722 2256 2771 sure,
2289 2723 2392 2776 qua
2434 2721 2659 2758 canones
2700 2705 2977 2757 memorati
3020 2703 3293 2774 Evangelii
3321 2703 3436 2757 edi-

1852 2797 1952 2856 dit.
1991 2799 2284 2867 supradicti
2317 2799 2412 2853 viri
2445 2799 2687 2852 imitatus
2715 2796 2982 2860 studium,
3018 2796 3176 2866 refert
3206 2797 3258 2849 in
3295 2794 3435 2849 hunc

1853 2891 2065 2944 modum
2083 2907 2100 2944 :
2118 2892 2428 2946 Ammonius
2452 2891 2668 2962 quidam
2696 2889 3349 2954 Alexandrinus,multum
3377 2897 3438 2944 ut

1853 2977 2087 3033 arbitror
2120 2979 2318 3034 laboris
2351 2989 2401 3034 et
2438 2982 2605 3036 studii
2641 2983 2970 3050 impendens,
3012 2995 3173 3033 unum
3215 2994 3280 3032 ea:
3311 2995 3438 3048 qua-

1855 3083 1975 3124 tuor
2020 3070 2168 3125 nobis
2209 3072 2420 3142 reliquit
2449 3071 2797 3142 Evangelium
2826 3087 2933 3137 μειβ
2973 3071 3200 3126 historia
3235 3083 3438 3141 quoque

1850 3164 1965 3232 ejus
2000 3167 2250 3234 comperi,
2281 3177 2386 3220 etc.
2415 3163 2604 3220 Graeca
2646 3165 2868 3222 Eusebii
2910 3166 3080 3220 verba
3123 3163 3214 3218 illa
3260 3169 3434 3219 sunt:

1863 3253 2172 3326 ’Δμμιῦνιος
2215 3256 2314 3326 μὲν
2367 3259 2396 3309 ὁ
2433 3256 2835 3328 Ἀλεξανδρεὺς,
2875 3255 3096 3324 πολλὴν,
3143 3254 3220 3318 ὡς
3265 3252 3436 3316 εἰκὸς,

1851 3343 2166 3413 φιλοπονίαν
2191 3345 2284 3398 καὶ
2309 3344 2546 3416 σπουδὴν
2576 3344 2937 3416 εἰσαγηοχὼς,
2959 3344 3018 3398 τὸ
3042 3344 3129 3397 διὰ
3155 3343 3437 3414 τεσσάρων

1850 3439 1983 3510 ἡμῖν
2011 3439 2398 3493 καταλέλοιπεν
2448 3440 2802 3509 Εὐαγγέλιον,
2840 3437 2919 3509 τῷ
2967 3437 3108 3490 κατὰ
3158 3435 3437 3490 Ματθαίον

1847 3531 1948 3596 τὰς
1973 3530 2291 3602 ὁμοφώνους
2319 3532 2428 3585 τῶν
2457 3533 2658 3586 λοιπῶν
2700 3528 3103 3598 εύαγγελιστῶν
3132 3526 3438 3599 περικοπὰς

1849 3623 2141 3694 παραθεὶς,
2171 3623 2247 3688 ὡς
2279 3624 2337 3690 ἐξ
2369 3625 2615 3696 ἀνάγκης
2657 3623 2931 3694 συμὸἧναι
2973 3623 3064 3676 τὸν
3088 3621 3189 3691 τῆς
3213 3619 3440 3674 ἀκολου-

1850 3715 1972 3780 θίας
2007 3717 2195 3788 εἱρμὸν
2227 3716 2336 3769 τῶν
2360 3716 2527 3788 τριῶν
2549 3715 2914 3786 διαφθαρῆναι
2939 3715 3061 3768 ὅσον
3086 3713 3179 3766 ἐπὶ
3204 3710 3281 3782 τῷ
3309 3709 3437 3779 ὕφει

1847 3809 1947 3878 τῆς
1977 3807 2358 3877 ἀναγνώσεως,
2396 3817 2450 3863 et
2483 3807 2716 3863 inferius
2755 3807 2897 3862 idem
2943 3804 3150 3867 Victor,
3179 3803 3433 3857 Arbitror

1847 3904 1987 3955 enim
2015 3912 2288 3969 propterea
2314 3919 2417 3956 non
2445 3902 2736 3967 Ammonii,
2778 3899 2869 3954 sed
2911 3899 3068 3967 hujus
3099 3913 3212 3952 esse
3253 3896 3439 3951 editio-

1850 4011 1970 4048 nem
2001 3997 2279 4048 memorati
2325 3996 2630 4058 voluminis,
2670 3993 2810 4064 quod
2846 3993 3156 4047 Ammonius
3191 3987 3436 4043 Matthwi

1848 4084 2022 4153 fertur
2054 4086 2332 4148 relationi,
2369 4086 2808 4156 evangelistarum
2866 4085 3187 4154 reliquorum
3219 4081 3438 4135 relatio-

1849 4193 1974 4230 num
2011 4178 2266 4231 discretos
2299 4179 2613 4232 annexuisse
2639 4194 2924 4231 sermones.
2965 4176 3069 4230 Hic
3110 4192 3228 4229 vero
3267 4173 3439 4228 sancti

1850 4268 2009 4326 Lucae
2047 4271 2311 4340 principia
2358 4283 2659 4340 assumpta,
2706 4273 3032 4342 reliquorum
3082 4271 3242 4322 trium
3292 4267 3438 4320 dicta

1850 4363 2183 4432 conjunxerit
2210 4374 2267 4416 ut
2280 4363 2404 4432 jure
2433 4363 2631 4433 ambigi
2655 4365 2820 4433 possit
2851 4373 3030 4415 utrum
3054 4360 3341 4420 Ammonii,
3365 4375 3438 4412 an

159 4455 254 4508 τὸν
301 4457 436 4527 ἡμῖν
479 4457 614 4527 πρὸς
648 4459 749 4528 τὴν
801 4458 1087 4529 ἀνάκρισιν
1141 4459 1249 4510 τῶν
1299 4458 1584 4529 δογμάτων
1613 4476 1751 4530 παρ-

1858 4453 2071 4508 Tatiani
2115 4456 2344 4509 inventio
2403 4456 2640 4524 ejusdem
2681 4457 2852 4524 operis
2909 4454 3093 4509 debeat
3156 4451 3434 4507 wstimari.

164 4547 378 4618 ἕοτημι,
449 4549 714 4620 μενούσης
761 4566 849 4618 μοι
889 4549 1031 4602 κατὰ
1061 4548 1193 4602 Θεὸν
1220 4549 1497 4613 πολιτείας
1534 4548 1756 4621 ἀνεξαρ-

161 4639 347 4708 νήτου.
387 4635 622 4707 Scripsit
650 4647 704 4693 et
733 4638 882 4692 aliud
922 4654 1062 4709 opus
1085 4639 1226 4708 quod
1284 4638 1620 4700 DiatessarOtt
1660 4655 1755 4709 ap-

162 4730 410 4799 pellavit,
442 4743 506 4785 ex
539 4739 777 4799 quatuor
821 4729 1182 4802 Evangelistis
1210 4731 1500 4785 collectum
1530 4746 1544 4795 ;
1577 4731 1644 4786 de
1689 4745 1755 4785 eo

163 4821 277 4875 haec
321 4822 484 4876 habet
508 4823 804 4877 Chronicon
840 4823 1256 4876 Alexandrinum
1287 4839 1351 4877 ex
1383 4821 1618 4877 Eusebio
1651 4839 1664 4876 :
1694 4822 1751 4875 Ὀ

165 4914 422 4983 μέντοιγε
473 4914 737 4986 πρότερος
777 4915 955 4968 αὐτῶν
1002 4914 1266 4977 Τατιανὸς
1313 4914 1606 4982 συνάφειάν
1633 4931 1755 4967 τινα

163 5005 260 5059 καὶ
294 5006 641 5077 συναγωγὴν,
668 5009 767 5061 οὐκ
792 5005 886 5060 οἶδ’
906 5010 1074 5072 ὅπως,
1098 5007 1205 5061 τῶν
1231 5006 1576 5076 Εὑαγγελίων
1599 5023 1757 5077 ποιη-

165 5099 425 5167 σάμενος⁹
463 5098 525 5150 τὸ
563 5100 665 5153 Διὰ
703 5098 1016 5165 τεσσάρων
1060 5099 1219 5152 τοῦτο
1247 5099 1696 5170 προσωνόμασεν,
1726 5101 1755 5152 6

163 5191 318 5262 παρά
347 5205 490 5242 τισιν
527 5193 695 5244 εἰσέτι
737 5193 831 5246 καὶ
869 5192 966 5246 νῦν
1019 5191 1265 5262 φέρεται.
1302 5196 1434 5257 Quae
1466 5193 1543 5246 ita
1588 5193 1753 5247 verti-

163 5297 289 5337 mus
353 5299 367 5336 :
439 5281 730 5338 Enimvero
783 5284 870 5339 his
923 5283 1202 5353 antiquior
1250 5282 1516 5338 Tatianus
1566 5285 1754 5340 nescio

163 5390 271 5444 qua
317 5374 743 5444 Evangeliorum
773 5377 1122 5440 cobwrentia,
1173 5384 1229 5431 ct
1279 5378 1601 5432 collectione
1630 5394 1754 5448 per-

165 5468 330 5528 fecta,
357 5478 546 5530 quam,
565 5473 814 5526 etc.,non
833 5468 1192 5537 confusionem
1221 5479 1271 5523 et
1301 5468 1656 5540 Synagogam,
1693 5477 1753 5523 ut

163 5575 285 5628 ejus
317 5559 718 5630 interpres,sed
751 5576 875 5614 cum
915 5566 1120 5617 mentio
1150 5562 1223 5617 sit
1250 5561 1318 5616 de
1347 5563 1485 5616 libro
1516 5563 1616 5616 hoc
1646 5561 1754 5614 Ta-

164 5651 302 5705 tiani
340 5669 500 5721 quem
533 5653 935 5724 Διατεσσάρων,
979 5669 1087 5708 non
1120 5663 1178 5707 ut
1224 5654 1392 5709 refert
1429 5652 1614 5708 Victor
1647 5653 1752 5708 Ca-

169 5759 408 5814 puanus,
453 5744 730 5817 Diapente,
779 5745 1081 5818 inscripsit,
1112 5762 1222 5804 non
1257 5747 1354 5804 abs
1383 5762 1442 5803 re
1491 5745 1625 5802 mihi
1657 5747 1752 5804 vi-

1855 4547 2050 4600 Nullus
2081 4562 2144 4601 ex
2191 4548 2280 4602 his
2325 4546 2569 4602 Victoris
2620 4564 2776 4602 error
2829 4546 3278 4616 deprehenditur,
3311 4560 3437 4599 cum

1854 4654 1994 4708 opus
2020 4639 2094 4692 De
2140 4639 2434 4694 canonibus
2477 4641 2810 4708 apostolicis,
2843 4639 2988 4711 quod
3033 4639 3203 4694 fuisse
3256 4639 3438 4691 diver-

1855 4747 1976 4786 sum
2007 4733 2076 4785 ab
2105 4748 2271 4802 opere
2305 4743 2360 4788 et
2391 4731 2688 4788 Harmonia
2737 4734 2984 4801 ejusdem
3028 4731 3439 4802 Evangeliorum

1858 4839 2083 4878 necesse
2115 4823 2236 4885 fuit,
2267 4841 2375 4878 non
2407 4833 2562 4895 putat
2587 4841 2710 4880 esse
2737 4823 2959 4878 Tatiani
2997 4823 3094 4880 sed
3139 4823 3438 4878 Ammonii.

1857 4913 1963 4969 Sed
1993 4932 2149 4969 error
2180 4917 2328 4972 illius
2369 4925 2453 4971 est
2482 4933 2644 4987 quem
2683 4933 2791 4971 non
2825 4925 2910 4972 est
2941 4916 3206 4971 odoratus
3244 4914 3440 4970 Posse-

1853 5006 2036 5069 viuus,
2069 5007 2323 5074 quamvis
2373 5007 2511 5061 alios
2560 5007 2811 5062 habuerit
2865 5013 2992 5060 ante
3037 5014 3313 5067 auctores,
3343 5002 3437 5074 qui

1855 5093 2008 5147 illum
2031 5095 2370 5156 adnotarint,
2406 5095 2554 5164 quod
2595 5095 2948 5150 Harmoniam
2999 5093 3430 5165 Evangeliorum,

1856 5203 1978 5256 quae
2001 5199 2118 5242 erat
2159 5188 2464 5257 legitimum
2509 5204 2650 5258 opus
2683 5189 2984 5250 Ammonii,
3017 5187 3252 5243 Tal-iano
3299 5187 3439 5243 falso

1854 5279 2196 5349 ascripserit.
2252 5279 2538 5334 Cousimili
2591 5279 2832 5336 Victoris
2883 5296 3071 5335 errore
3123 5279 3257 5350 lapsi
3309 5285 3438 5335 sunt

1854 5371 2153 5440 Gregorius
2185 5370 2395 5426 Ederus
2432 5373 2526 5428 lib.
2563 5388 2622 5426 ιιι
2679 5371 3018 5428 (Economiw
3035 5372 3355 5440 Bibliorum,
3385 5380 3436 5429 et

1856 5473 2044 5526 Sistus
2069 5471 2332 5527 Senensis
2357 5472 2451 5526 lib.
2483 5487 2537 5526 tv
2584 5471 2926 5527 Bibliotheca
2955 5474 3009 5527 in
3035 5473 3333 5528 Ammouio
3379 5481 3436 5528 et

1854 5561 2104 5618 Tatiauo.
2158 5563 2461 5618 Reddimus
2505 5565 2692 5634 itaque
2735 5566 2974 5635 genuino
3007 5565 3219 5635 parenti
3275 5579 3436 5620 suum

1853 5653 2045 5718 fetum,
2077 5663 2131 5709 et
2155 5655 2382 5709 mutatis
2416 5655 2471 5708 in
2498 5655 2856 5725 inscriptione
2902 5656 3241 5720 nominibus,
3282 5655 3436 5710 libel-

1853 5748 1965 5804 lum
1995 5748 2112 5803 sive
2137 5745 2558 5816 Evangeliorum
2598 5748 3078 5815 concordantiam,
3115 5755 3172 5805 et
3209 5747 3418 5804 Hormo
