3840 6164
407 267 516 327 803

1754 259 2004 318 LEONIS
2039 257 2173 314 ALL
2181 255 2320 313 AT]!

3552 256 3665 311 801

403 389 568 452 niam,
595 400 717 457 qua:
742 385 846 442 sub
873 385 1088 440 Tatiani
1120 386 1341 440 nomine
1373 382 1782 446 circumfertur,
1809 392 1864 437 et
1894 383 1980 436 in-
2009 387 2054 442 Α
2086 379 2296 443 sebius,
2320 377 2524 434 Eecles.
2556 379 2681 435 hist.
2713 380 2808 436 lib.
2829 395 2912 443 nr,
2943 394 3065 450 cap.
3093 379 3160 447 9;
3195 379 3587 450 Hieronymus,
3606 381 3664 434 in

402 483 554 552 cipit,
585 480 851 546 Quoniam
873 479 1083 550 quidem
1107 479 1261 531 multi
1299 478 1478 531 conati
1517 486 1661 538 sunt,
1695 491 1859 546 quam
1893 473 1980 528 Vi-

405 580 526 625 ctor
554 570 805 634 Tatiano,
850 577 904 624 et
946 584 1071 623 cum
1101 584 1166 623 eo
1196 569 1381 638 plures
1417 569 1510 622 alii
1559 567 1823 631 referunt,
1849 567 1980 620 Am-

407 663 594 716 monio
641 662 1012 718 Alexandrino
1042 663 1120 715 uti
1167 662 1467 731 genuinum
1515 661 1684 716 fetum
1728 660 1978 716 restitui-

407 770 550 817 mus,
568 754 793 809 alteram
837 768 988 820 vero,
1029 769 1149 823 qua:
1192 754 1409 823 praefert
1440 769 1641 808 nomen
1681 752 1977 817 Ammonii,

406 844 640 898 Tatiano
671 845 738 899 de
757 860 865 914 quo
892 845 1050 899 nobis
1080 852 1164 900 est
1194 861 1396 909 sermo,
1428 853 1482 900 et
1502 845 1714 916 incipit,
1753 845 1812 898 In
1833 847 1984 914 prin-

409 935 543 1002 cipio
576 945 692 989 erat
719 934 960 990 Verbum.
994 933 1209 989 Etenim
1263 952 1384 1005 quae
1419 934 1712 1000 Eusebius,
1756 937 1980 992 Chroni-

406 1043 526 1081 cum
570 1028 1014 1096 Alexandrinum,
1058 1027 1468 1095 Theodoretus,
1516 1030 1584 1086 de
1633 1031 1982 1087 Diatessaron

409 1120 624 1175 Tatiani
650 1121 937 1191 prodidere
954 1122 1082 1177 huic
1099 1125 1454 1178 conveniunt.
1483 1123 1774 1191 Eusebius,
1802 1125 1899 1181 lib.
1933 1137 1988 1177 tv

411 1212 554 1267 Hist.
589 1213 800 1280 eccles.,
831 1229 954 1284 cap.
986 1214 1077 1277 27,
1111 1215 1186 1269 ita
1222 1216 1454 1272 scribit:
1490 1217 1749 1273 Tatianus
1777 1218 1868 1272 ille
1893 1218 1983 1289 qui

407 1312 522 1357 erat
544 1305 748 1372 primus
780 1321 961 1359 eorum
979 1315 1184 1370 auctor,
1215 1315 1266 1361 et
1297 1309 1538 1378 princeps
1565 1309 1982 1379 conjunctionem

408 1396 715 1467 quamdam,
743 1398 906 1452 etiam
955 1399 1317 1453 collectionem
1364 1399 1770 1471 Evangeliorum
1811 1403 1984 1456 nescio

409 1483 671 1552 quomodo
716 1488 1028 1554 composuit,
1063 1488 1299 1558 illudque
1323 1505 1452 1558 opus
1493 1491 1597 1545 Διὰ
1627 1491 1943 1561 τεσσάρων
1967 1533 1983 1559 ,

410 1573 466 1626 id
493 1583 594 1638 est,
637 1573 810 1628 Unum
834 1575 1176 1647 Evangelium
1202 1595 1266 1633 ea:
1291 1591 1521 1650 quatuor
1549 1582 1826 1636 collectum
1852 1600 1990 1637 nun-

408 1669 638 1737 cupavit,
672 1668 811 1737 quod
851 1670 1012 1723 etiam
1065 1671 1237 1725 adhuc
1270 1675 1624 1742 quorumdam
1669 1676 1893 1730 habetur
1930 1679 1985 1732 in

2090 469 2185 524 lib.
2212 469 2290 524 De
2317 471 2666 540 scriptoribus
2709 471 2915 535 eccles.,
2946 482 3000 528 et
3027 469 3267 540 Epistola
3295 469 3664 544 adllagnum,

2087 569 2359 616 oratorem
2380 561 2708 626 Romanum;
2734 561 3089 626 Sozomenus,
3113 563 3206 617 lib.
3234 579 3271 626 ι,
3293 577 3412 632 cap.
3436 563 3488 628 i;
3516 561 3667 615 Eva-

2091 656 2262 725 grius,
2300 655 2395 710 lib.
2424 673 2476 720 v,
2506 671 2628 726 cap.
2660 655 2760 722 24;
2786 655 3029 721 Photius,
3062 657 3117 710 in
3139 654 3507 714 Bibliotheca;
3535 651 3668 708 Sui-

2090 747 2212 810 das,
2243 747 2361 816 ipse
2389 747 2458 802 de
2488 763 2546 803 se
2563 748 2810 818 pluribus
2829 748 2882 802 in
2911 748 3082 813 locis;
3111 744 3383 817 Josephus
3413 745 3670 816 Scaliger

2089 836 2142 890 in
2167 835 2472 907 Prolegom.
2499 841 2555 893 in
2589 840 2682 893 lib.
2716 839 2794 893 De
2809 839 3170 893 emendatione
3203 849 3520 904 temporum,
3575 839 3666 892 vi-

2089 945 2211 984 rum
2237 930 2385 984 hunc
2417 946 2763 1000 summopere
2810 931 3014 995 laudat,
3054 931 3443 1000 historicisque
3477 929 3668 984 omni-

2089 1021 2194 1077 bus
2231 1020 2436 1076 Graacis
2503 1032 2559 1076 et
2594 1021 2803 1078 Latinis
2844 1024 3144 1094 anteponit.
3178 1022 3668 1092 Diligentissimus,

2087 1111 2285 1180 inquit,
2316 1112 2411 1164 καὶ
2449 1111 2903 1183 φιλαληθέστατος
2937 1115 3174 1167 omnium
3207 1116 3531 1184 scriptorum
3565 1112 3672 1168 Jo-

2091 1204 2301 1271 sephus,
2338 1204 2402 1258 de
2439 1221 2540 1274 quo
2571 1221 2666 1259 nos
2706 1205 2960 1260 audacter
2989 1207 3234 1272 dicimus,
3267 1224 3370 1261 non
3399 1207 3583 1261 solum
3612 1207 3672 1260 in

2091 1294 2244 1350 rebus
2267 1295 2538 1362 Judaicis,
2563 1297 2653 1352 sed
2673 1300 2834 1352 etiam
2855 1299 2912 1352 in
2937 1301 3164 1354 externis
3189 1301 3352 1354 tutius
3382 1299 3466 1352 illi
3492 1298 3667 1364 credi,

2095 1403 2256 1458 quam
2291 1388 2536 1442 omnibus
2583 1388 2782 1444 Graecis
2846 1399 2896 1445 et
2936 1389 3144 1446 Latinis
3181 1408 3200 1446 :
3234 1393 3411 1463 itaque
3454 1392 3670 1446 desinat

2093 1480 2282 1533 mirari
2312 1479 2498 1534 doctus
2531 1481 2610 1536 vir
2633 1523 2647 1544 ,
2681 1498 2772 1536 cur
2803 1491 2878 1536 tot
2922 1483 3120 1537 eruditi
3143 1493 3191 1538 et
3221 1501 3314 1538 nos
3341 1501 3550 1554 quoque
3578 1485 3672 1553 qui

2094 1585 2199 1622 non
2231 1571 2286 1624 in
2331 1571 2440 1626 illis
2481 1573 2728 1636 eruditis,
2766 1574 2855 1628 sed
2899 1574 3055 1645 hujus
3103 1568 3385 1644 scriptoris
3441 1574 3678 1628 lectione

2094 1661 2353 1730 peregrini
2381 1679 2484 1716 non
2527 1681 2732 1727 sumus,
2767 1675 2973 1719 tantum
3006 1666 3091 1719 illi
3134 1665 3459 1735 deferamus,
3509 1682 3672 1734 cujus

408 1759 677 1813 manibus,
717 1761 796 1814 Εχ
831 1759 1066 1819 Eusebio
1105 1764 1284 1819 locum
1317 1766 1462 1821 hunc
1485 1774 1656 1821 totum
1692 1769 1986 1840 descripsit
2017 1748 2058 1802 Β
2094 1751 2224 1818 fides
2251 1760 2302 1806 et
2330 1751 2560 1807 eruditio
2605 1755 2662 1808 in
2687 1755 2928 1810 omnibus
2973 1756 3161 1811 elucet.
3207 1756 3429 1812 Gaudeo
3471 1757 3673 1812 laudes

409 1848 730 1906 Chronicum
765 1853 1176 1910 Alexandrinum
1215 1866 1269 1912 et
1305 1858 1665 1930 Nicephorus,
1690 1861 1832 1917 Hist.
1857 1863 1984 1918 eccl.

409 1941 447 1995 l.
486 1958 558 2000 tv.
591 1957 641 1996 c.
678 1944 732 2009 4,
765 1945 820 1999 in
850 1962 960 2017 quo
1006 1964 1139 2004 sane
1177 1949 1331 2017 illud,
1365 1949 1558 2006 Nescio
1581 1953 1859 2022 quomodo,
1886 1956 1989 2008 οὐκ

407 2029 504 2087 οἷδ’
534 2035 703 2101 ὅπως,
743 2039 1200 2096 considerandum
1231 2051 1352 2110 est;
1381 2043 1532 2100 fraus
1568 2045 1711 2100 enim
1757 2047 1843 2101 vel
1889 2047 1988 2101 do-

411 2126 496 2183 lus
557 2127 795 2185 haeretici
857 2133 1096 2188 auctoris
1161 2134 1418 2191 indecore
1467 2143 1523 2191 et
1580 2151 1720 2201 non,
1765 2145 1824 2192 ut
1890 2152 1991 2208 par

409 2225 561 2286 erat,
615 2234 753 2289 Opus
800 2222 934 2277 illud
979 2224 1366 2281 concinnantis
1420 2227 1582 2282 nobis
1625 2228 1985 2298 significatur,

410 2310 557 2379 quod
605 2309 985 2370 Theodoretus
1038 2317 1215 2384 palam
1259 2320 1502 2388 exponit,
1547 2320 1642 2375 lib.
1695 2335 1711 2374 t
1783 2320 1984 2377 eret.

412 2401 606 2470 fabul.,
639 2404 724 2461 his
753 2406 933 2462 verbis
969 2408 1259 2465 :Tatianus
1292 2414 1584 2481 composuit
1622 2415 1780 2468 etiam
1813 2413 1989 2469 Evan-

410 2496 607 2566 gelium
635 2499 777 2568 quod
824 2500 1022 2554 dicitur
1057 2504 1161 2556 Διά
1203 2503 1535 2574 τεσσάρων,
1577 2508 1868 2576 amputatis
1909 2524 1993 2579 ge-

412 2589 668 2658 nealogiis
703 2599 752 2644 et
801 2591 946 2657 aliis,
993 2609 1315 2666 quaecunque
1366 2597 1647 2652 ostendunt
1703 2599 1988 2654 Dominum

413 2691 599 2736 natum
637 2699 750 2737 esse
785 2700 850 2738 ea:
899 2685 1068 2741 David
1096 2689 1386 2743 secundum
1428 2708 1658 2748 carnem.
1699 2692 1778 2747 Eo
1815 2703 1990 2748 autem

413 2775 500 2826 usi
523 2786 666 2838 sunt,
700 2791 802 2828 non
825 2776 864 2829 ii
892 2777 993 2830 soli
1025 2781 1114 2847 qui
1143 2795 1264 2834 sunt
1291 2782 1438 2836 illius
1454 2793 1631 2846 sectae,
1655 2786 1744 2837 sed
1767 2784 1806 2836 ii
1830 2785 1991 2837 etiam

413 2867 505 2936 qui
533 2865 782 2937 dogmata
802 2872 1092 2938 apostolica
1110 2885 1400 2943 sequuntur
1417 2877 1811 2945 compositionis
1835 2877 1991 2946 frau-

416 2957 535 3011 dem
580 2976 684 3012 non
719 2973 1107 3030 cognoscentes,
1149 2965 1240 3019 sed
1286 2968 1580 3036 simplicius
1626 2984 1686 3022 eo
1737 2977 1990 3039 tanquam

419 3050 555 3106 libro
603 3055 970 3122 compendiosa
1008 3065 1228 3114 utentes.
1264 3057 1376 3129 Ego
1402 3076 1604 3130 quoque
1643 3061 1814 3115 inveni
1844 3061 1992 3130 plus-

416 3161 574 3215 quam
598 3144 851 3201 ducentos
881 3147 1184 3217 hujusmodi
1207 3149 1391 3214 libros,
1419 3153 1586 3222 quiin
1611 3151 1805 3207 honore
1829 3154 1989 3208 habe-

419 3237 612 3291 bantur
649 3239 704 3293 in
742 3241 940 3296 nostris
977 3240 1250 3308 Ecclesiis,
1290 3260 1420 3314 quos
1451 3260 1570 3297 cum
1615 3259 1791 3299 omnes
1830 3244 1991 3299 simul

418 3333 718 3402 coegissem,
768 3332 1008 3402 deposui,
1036 3345 1087 3390 et
1118 3337 1232 3390 loco
1279 3352 1461 3391 eorum
1511 3338 1718 3406 reposui
1765 3350 1994 3409 quatuor

417 3425 859 3494 evangelistarum
882 3427 1189 3497 Evangelia.
1215 3427 1322 3484 Sed
1353 3430 1408 3483 in
1437 3429 1540 3484 hoc
1563 3430 1805 3486 secundo
1829 3444 1994 3499 opere

419 3523 606 3585 aperte
635 3516 841 3572 recisas
866 3517 1213 3590 genealogias
1235 3534 1426 3574 omnes
1448 3518 1687 3585 Domini,
1715 3535 1834 3590 quae
1867 3535 1992 3575 eum

419 3619 486 3660 ex
540 3605 708 3661 David
737 3610 1038 3664 secundum
1081 3626 1299 3665 carnem
1335 3612 1577 3681 genitum
1614 3612 1994 3667 demonstrant

420 3701 790 3769 comperimus
838 3709 892 3756 et
932 3703 1039 3757 alia
1085 3705 1270 3758 omnia
1326 3704 1648 3760 detruncata
1676 3748 1690 3772 ,
1740 3715 1794 3762 et
1851 3721 1994 3761 nova

422 3789 597 3843 forma
626 3802 1010 3865 structuraque
1036 3797 1301 3851 orationis
1323 3812 1606 3861 conversa,
1639 3813 1748 3852 non
1778 3799 1906 3854 item
1937 3800 1994 3853 in

422 3883 620 3954 primo,
647 3888 700 3938 in
727 3901 834 3954 quo
863 3887 1045 3941 omnia
1076 3897 1308 3957 quatuor
1339 3890 1797 3959 evangelistarum
1824 3889 1991 3956 dicta,

422 3975 573 4028 nullo
607 3974 718 4029 fere
748 3978 1115 4045 pratermisso
1159 3979 1224 4033 ad
1264 3979 1490 4033 verbum
1534 3980 1811 4051 descripta
1839 3997 1996 4051 repe~

424 4067 657 4120 riuntur.
690 4066 892 4123 Deinde
932 4071 1166 4139 primum
1210 4086 1349 4139 opus
1379 4087 1503 4126 cum
1544 4073 1702 4127 titulo
1734 4088 1843 4142 quo
1889 4071 1997 4127 cir-

421 4158 745 4224 cumfertur,
768 4159 1064 4216 Harmonia
1094 4163 1323 4227 scilicet,
1355 4180 1422 4219 ex
1455 4165 1733 4234 expressis
1762 4163 1998 4234 Evange-

424 4251 620 4304 liorum
654 4252 836 4307 verbis
864 4253 1252 4308 concinnatum
1289 4256 1420 4309 illud
1464 4271 1587 4310 esse
1633 4254 1998 4326 deprehendi—

422 4349 514 4395 tur
540 4341 813 4395 Ammonii
855 4341 1232 4407 Alexandrini,
1266 4346 1409 4415 quod
1439 4345 1732 4399 Zacharias
1758 4344 1996 4416 Chryso-

423 4432 700 4503 politanus
725 4435 1016 4504 episcopus
1045 4443 1171 4490 ante
1193 4438 1523 4507 quingentos
1555 4453 1727 4493 annos
1752 4438 1996 4493 illustra-
2026 4446 2073 4502 ι)

425 4525 503 4578 vit
543 4529 988 4591 commentariis,
1035 4545 1175 4599 quos
1219 4547 1284 4584 ex
1329 4532 1621 4586 sententiis
1675 4539 1994 4586 sanctorum

423 4613 646 4669 Patrum
673 4617 729 4670 in
758 4633 921 4671 unam
945 4626 1194 4674 catenam
1211 4621 1482 4675 contextis
1510 4619 1742 4690 pulchro
1763 4621 1998 4676 artificio

424 4707 720 4776 coaptavit.
755 4706 1025 4763 Praeterea
1071 4711 1198 4779 quis
1227 4712 1401 4766 nescit
1445 4709 1737 4766 Tatianum
1797 4711 1996 4783 Syrum

427 4797 510 4851 vel
541 4798 850 4870 Assyrium,
890 4814 999 4854 non
1036 4809 1218 4856 autem
1266 4801 1717 4869 Alexandrinum,
1775 4803 2001 4858 Ammo-

427 4891 578 4943 nium
607 4904 738 4943 vero
766 4890 1191 4944 Alemndrinum
1229 4889 1440 4946 fuisse?
1473 4891 1848 4946 Restituamus
1869 4907 2002 4961 ergo

427 4980 619 5034 titulos
668 4980 853 5044 libris,
899 4981 1070 5035 libros
1123 4981 1465 5052 parentibus,
1513 4989 1573 5035 ut
1623 4983 2001 5052 unusquisque

430 5086 562 5125 suos
617 5069 762 5126 fetus
823 5077 1119 5142 agnoscat,
1175 5071 1648 5140 inscribamusque
1698 5073 1752 5126 in
1799 5073 1998 5141 primo,

433 5159 754 5223 Sanctorum
783 5171 1012 5230 quatuor
1037 5159 1438 5229 Evangeliorum
1470 5159 1766 5216 Harmonia
1793 5166 2004 5216 Ammo-

433 5250 522 5302 nio
548 5248 909 5304 Alexandrino
944 5261 1186 5313 auctore;
1215 5251 1268 5303 in
1309 5250 1573 5317 secundo,
1597 5249 2004 5320 Evangeliorum

435 5338 784 5393 Diatessaron
816 5340 1043 5394 Tatiano
1079 5341 1299 5411 Assyrio
1329 5352 1562 5395 auctore.
1605 5341 1662 5396 Si
1693 5343 1816 5411 quis
1847 5344 2005 5412 plura

437 5429 711 5482 desiderat
742 5431 898 5485 adeat
937 5431 1207 5488 Caesarem
1232 5433 1551 5498 Baronium,
1577 5442 1726 5488 tomo
1767 5435 1812 5489 ll
1831 5474 1846 5496 ,
1875 5452 2002 5489 ann.

438 5519 564 5582 174,
590 5519 680 5571 ubi
711 5531 963 5578 accurate
989 5527 1220 5594 plurima
1244 5526 1312 5579 de
1332 5541 1398 5580 eo
1410 5541 1573 5595 opere
1601 5527 2002 5581 animadvertit.

507 5609 625 5662 Col.
658 5609 782 5675 708,
805 5613 900 5665 lin.
919 5615 974 5669 ‘2.
1015 5616 1137 5669 Τῶν
1161 5616 1230 5668 δὲ
1247 5618 1314 5669 ἐκ
1347 5617 1668 5687 περιτομῆς
1705 5617 2003 5685 Ἰώσηπος.

435 5697 512 5754 De
535 5696 771 5767 Josepho
796 5701 1078 5772 historico,
1109 5707 1228 5777 ejus
1245 5707 1356 5762 vita
1385 5717 1440 5764 et
1469 5710 1690 5778 scriptis
1710 5709 1865 5778 plura
1899 5708 2007 5764 Ειι·

2092 1841 2260 1899 hasce
2296 1841 2536 1915 Josepho
2577 1846 2894 1903 decantatas
2927 1847 3186 1903 audacter
3225 1849 3401 1904 dictas
3437 1864 3570 1904 esse
3601 1848 3674 1903 ab

2086 1937 2206 2005 ipso
2244 1937 2408 1991 etiam
2447 1935 2734 1992 laudatore
2773 1939 3058 2009 cognosci.
3090 1938 3227 2005 Quis
3272 1954 3430 2010 a-quo
3477 1939 3674 1993 animo

2083 2021 2250 2078 ferret
2279 2023 2578 2088 hominem,
2619 2025 2713 2095 qui
2748 2027 2956 2080 nesciat
2998 2025 3101 2081 sibi
3143 2026 3435 2094 imperare,
3473 2039 3546 2077 ne
3585 2023 3673 2076 di-

2089 2121 2179 2168 cat
2200 2114 2344 2184 quod
2382 2123 2577 2170 contra
2613 2131 2830 2187 aequum
2863 2132 3024 2172 omne
3047 2132 3170 2172 esse
3209 2117 3453 2170 fatetur:
3492 2115 3672 2170 auda-

2089 2204 2228 2259 citer
2254 2206 2495 2272 dicitur,
2536 2224 2666 2279 ergo
2711 2225 2898 2264 verum
2950 2224 3059 2262 non
3103 2217 3206 2272 est,
3232 2222 3362 2278 ergo
3393 2206 3489 2278 qui
3531 2206 3673 2262 dicit

2090 2293 2380 2366 decipitur,
2415 2299 2462 2354 si
2502 2299 2780 2355 Aristoteli
2835 2300 3112 2356 credimus
3152 2299 3446 2355 Moralium
3483 2297 3671 2352 Eude-

2091 2388 2320 2441 miorum
2349 2389 2441 2445 lib.
2471 2407 2554 2454 Ill,
2583 2407 2703 2461 cap.
2737 2392 2802 2459 '5;
2838 2408 2927 2448 res
2973 2393 3115 2447 enim
3147 2393 3302 2448 aliter
3331 2406 3396 2446 ac
3427 2399 3563 2447 sunt
3588 2393 3672 2446 vi-

2091 2477 2309 2535 dentur.
2353 2481 2541 2536 Tutius
2579 2483 2663 2536 illi
2710 2485 2854 2537 credi
2895 2500 3054 2553 quam
3088 2484 3326 2540 omnibus
3371 2481 3578 2538 Gra'cis
3620 2493 3672 2538 et

2092 2567 2325 2639 Latinis,
2354 2589 2633 2644 nunquam
2683 2575 3082 2630 existimassem
3139 2576 3417 2630 hominem
3452 2576 3531 2630 ita
3572 2590 3670 2630 au-

2092 2664 2284 2720 dacter
2310 2665 2494 2721 dicere
2525 2682 2705 2737 posse,
2735 2677 2790 2722 et
2817 2667 3108 2722 humanam
3137 2667 3450 2732 historiam,
3471 2667 3543 2722 ab
3571 2669 3672 2723 ho-

2097 2758 2248 2813 mine
2277 2768 2331 2813 et
2369 2757 2618 2815 fortassis
2659 2760 2898 2830 pessimo
2939 2761 3305 2832 conscriptam
3343 2760 3550 2816 divinae
3579 2777 3671 2816 sa-

2095 2862 2309 2918 craeque
2339 2848 2600 2918 praeferri.
2627 2848 2820 2905 Tutius
2836 2850 3014 2906 credis
3041 2849 3276 2919 Josepho
3294 2863 3462 2918 quam
3493 2848 3674 2902 Evan-

2095 2940 2278 3010 μιίοῖ
2339 2942 2514 2999 tutius
2565 2942 2794 3006 homini,
2830 2957 2991 3013 quam
3041 2942 3184 2998 Deo?
3220 2940 3381 2998 Dices
3430 2941 3530 2997 sed
3583 2956 3674 2994 au-

2097 3033 2286 3089 dacter
2331 3034 2512 3099 dices,
2566 3036 2712 3104 quod
2759 3037 2924 3091 etiam
2975 3039 3127 3106 prius
3178 3034 3364 3089 animo
3406 3032 3673 3087 audacter

2097 3133 2421 3196 conceptum
2448 3127 2706 3183 audacter
2728 3135 2782 3181 et
2808 3128 3034 3190 evomis,
3072 3140 3227 3182 sacra
3257 3125 3405 3180 omni
3442 3123 3672 3179 historia

2097 3217 2351 3270 tutiorem
2381 3231 2506 3271 esse
2547 3215 2789 3287 Josephi,
2819 3216 2904 3272 vis
2933 3215 3111 3271 dicam
3140 3231 3252 3270 uno
3285 3214 3494 3269 verbo?
3533 3214 3581 3271 si
3617 3221 3674 3266 ut

2093 3324 2258 3365 verus
2289 3316 2375 3364 est
2413 3309 2468 3363 in
2497 3309 2725 3365 historia
2755 3309 3046 3379 Josephus,
3072 3310 3147 3363 ita
3175 3315 3230 3363 et
3250 3318 3305 3362 tu
3332 3308 3387 3362 iu
3413 3306 3675 3362 emenda-

2095 3401 2243 3454 tione
2294 3408 2620 3470 temporum,
2668 3408 2828 3455 ruent
2879 3409 3144 3470 tempora.
3206 3399 3404 3452 Multos
3448 3396 3675 3468 Josephi

2098 3507 2316 3547 errores
2347 3493 2403 3545 in
2431 3492 2680 3556 historia,
2717 3500 2771 3547 et
2799 3492 3254 3546 hallucinationes
3300 3489 3672 3560 prudentissi-

2098 3599 2185 3638 me
2207 3585 2384 3655 magni
2415 3585 2517 3638 viri
2535 3585 2918 3645 observarunt,
2942 3591 2996 3638 et
3017 3590 3392 3645 correxerunt,
3419 3581 3569 3636 inter
3581 3596 3674 3636 eos

2098 3673 2282 3729 Caesar
2323 3674 2623 3738 Baronius,
2667 3675 2722 3728 in
2757 3674 3080 3739 Annalibus;
3121 3669 3397 3738 Pererius,
3435 3672 3492 3725 in
3520 3669 3672 3734 Gem,-

2100 3766 2440 3838 Hegesippus
2485 3775 2538 3821 et
2574 3766 2690 3821 alii.
2733 3764 2800 3820 Et
2851 3781 2985 3821 sane
3051 3765 3269 3819 etiamsi
3311 3764 3674 3818 concederem

2099 3857 2397 3930 Josephum
2425 3858 2879 3930 φιλαληθέστατον
2917 3857 2973 3912 ἱιι
3004 3857 3194 3921 rebus,
3224 3871 3364 3926 quas
3391 3859 3512 3926 ipse
3535 3855 3676 3910 vide-

2102 3952 2196 4016 rit,
2225 3966 2504 4022 nunquam
2531 3959 2717 4006 tamen
2765 3951 2961 4006 adduci
3007 3965 3232 4020 possum
3265 3956 3324 4003 ut
3353 3947 3582 4004 credam
3621 3948 3674 4002 in

2100 4053 2252 4100 tanta
2283 4046 2618 4099 obscuritate
2647 4043 3001 4114 scriptorum,
3045 4044 3311 4097 varietate
3341 4049 3672 4110 temporum,

2103 4138 2420 4192 diversitate
2446 4137 2864 4202 sententiarum,
2908 4151 3177 4190 annorum
3226 4136 3368 4190 serie
3388 4135 3674 4189 veritatem

2103 4231 2159 4285 in
2207 4230 2462 4285 omnibus
2510 4229 2876 4301 κατορθῶσαι,
2941 4228 3156 4284 etiamsi
3220 4227 3675 4297 diligentissimus

2109 4320 2290 4375 fuerit.
2329 4318 2464 4374 lllud
2489 4327 2753 4388 praeterea
2797 4316 2990 4370 addam
3029 4314 3174 4384 quod
3204 4315 3316 4383 jam
3352 4314 3485 4366 olim
3515 4311 3678 4366 Joan-

2107 4425 2207 4464 nes
2239 4407 2404 4463 Picus
2433 4408 2665 4476 epistola
2708 4403 2942 4476 quadam
2971 4403 3038 4458 ad
3067 4405 3312 4473 ignotum
3342 4403 3584 4456 amicum
3613 4400 3678 4456 de

2103 4498 2345 4566 Josepho
2399 4495 2882 4551 animadverterat.
2931 4491 3084 4559 Quod
3136 4491 3267 4560 petis
3321 4488 3387 4544 de
3426 4487 3673 4559 Josepho.

2103 4590 2243 4644 scias
2273 4589 2480 4656 justum
2510 4584 2795 4655 Josephum
2841 4585 2979 4648 apud
3017 4581 3267 4635 Hebrwos
3291 4597 3393 4634 non
3438 4579 3675 4651 reperiri,

2105 4681 2194 4736 sed
2233 4678 2770 4748 Josephiaepitomen,
2811 4675 2867 4728 id
2894 4685 2993 4739 est,
3023 4673 3340 4728 breviarium
3381 4660 3675 4742 quoddam,

2105 4773 2162 4826 in
2185 4788 2285 4841 quo
2319 4780 2370 4825 et
2397 4770 2568 4824 multa
2603 4779 2724 4824 sunt
2756 4767 3136 4828 commentitia,
3163 4776 3213 4819 et
3243 4781 3359 4835 qua:
3407 4765 3474 4818 de
3504 4765 3677 4818 decem

2109 4863 2349 4916 tribubus
2379 4861 2453 4915 ibi
2485 4862 2750 4930 leguntur,
2781 4874 2898 4930 qute
2923 4856 3438 4928 postBabylonicam
3469 4856 3681 4925 captiti-

2111 4969 2273 5012 tatem
2325 4954 2651 5025 postliminio
2685 4969 2786 5006 non
2823 4951 3114 5014 redierunt,
3157 4967 3220 5004 ea
3257 4965 3370 5004 esse
3415 4952 3583 5003 notha
3630 4957 3680 5002 et

2110 5047 2436 5111 aduhcrina,
2481 5060 2546 5098 ea:
2581 5043 2818 5098 Hebraeis
2857 5042 2987 5095 mihi
3032 5040 3211 5112 plures
3266 5038 3499 5108 confessi
3539 5049 3679 5101 sunt,

2109 5146 2425 5209 quapropter
2455 5137 2668 5190 illorum
2697 5133 2926 5202 Josepho
2949 5133 3100 5186 nulla
3132 5131 3346 5184 omnino
3374 5130 3509 5198 fides
3534 5131 3681 5183 adhi-

2112 5231 2298 5285 benda.
2332 5229 2397 5283 In
2421 5227 2648 5297 Josepho
2683 5224 2864 5281 erco
2891 5225 3001 5279 scio
3033 5238 3145 5278 esse
3182 5221 3451 5293 quwdam,
3481 5237 3599 5290 quae
3623 5222 3680 5274 de

2114 5322 2325 5378 Christo
2355 5330 2406 5376 et
2435 5319 2613 5390 ﬁdem,
2643 5328 2692 5372 et
2723 5317 3068 5386 honoriﬁcam
3100 5314 3302 5384 faciant
3346 5314 3677 5373 mentionem.

2114 5417 2202 5470 sed
2240 5413 2420 5468 eadem
2452 5427 2564 5465 esse
2595 5411 2803 5480 penitus
2835 5425 2953 5462 cum
2983 5407 3086 5468 Itis,
3118 5422 3236 5476 qua:
3275 5406 3329 5458 in
3363 5402 3574 5457 Latinis
3599 5419 3680 5456 co-

2116 5507 2319 5561 dicibus
2352 5505 2596 5575 leguntur
2626 5519 2730 5556 non
2777 5515 3065 5555 assererem
3099 5499 3203 5551 nisi
3241 5499 3518 5565 exemplar
3545 5495 3686 5548 Grat-

2117 5614 2258 5661 cum,
2287 5595 2437 5664 cujus
2467 5594 2550 5646 hic
2588 5593 2716 5646 mihi
2746 5591 2896 5645 nulla
2926 5599 3004 5644 est
3027 5589 3200 5658 copia,
3229 5603 3408 5641 recens
3446 5587 3686 5656 legerem.

2189 5689 2324 5745 Ibid.
2355 5686 2463 5742 Kal
2509 5685 2801 5752 Ἰοῦστος.
2843 5682 3022 5755 Hujus
3070 5688 3350 5754 parentes,
3396 5677 3688 5746 πολιτείαν,
