3840 6164
160 281 272 337 805

1201 280 1269 337 IN
1297 279 1672 336 EUSTATHII
1713 279 2182 336 HEXAEMEHON
2225 280 2461 338 NOTAE.

3315 288 3425 342 806

159 401 474 467 historiam,
508 410 562 456 et
604 401 804 472 stylum
844 402 1116 474 expressit
1160 403 1394 459 Photius
1445 402 1500 456 in
1547 401 1740 456 Biblio-
1778 407 1824 462 Α
1854 402 2042 458 sebius
2075 403 2146 458 de
2182 405 2484 472 semetipso
2513 404 2568 458 in
2612 403 2840 474 prologo
2898 403 3154 460 Historia:
3181 405 3435 460 ecclesia-

161 490 332 544 tlteca.
363 490 576 560 Oppido
599 489 959 553 Tiberiensis,
986 497 1211 560 parente
1228 489 1382 544 Pisto
1416 488 1637 543 homine
1657 502 1746 542 ne-

159 581 458 651 quissimo,
510 582 558 638 si
605 580 845 652 Josepho
893 583 1197 647 credimus,
1249 597 1450 653 genere
1498 578 1744 643 Iudaeus,

159 677 485 746 auspicatus
524 682 609 730 est
638 675 924 730 historiam
955 690 986 728 a
1023 669 1232 746 Moyse;
1268 672 1634 744 perduxitque
1676 671 1746 727 ad

159 766 371 820 exitum
412 781 586 837 usque
616 766 873 838 Agrippae
905 767 1124 837 septimi
1157 781 1189 821 e
1234 764 1441 820 familia
1487 763 1742 826 Herodis,

159 866 216 913 et
265 856 622 912 Judaicorum
676 873 865 928 regum
924 857 1228 927 postremi;
1279 858 1456 928 stylus
1509 857 1748 912 maxime

160 950 446 1014 concisus,
469 957 524 1004 et
565 951 822 1021 pleraque
848 951 1022 1005 relatu
1051 966 1174 1006 eum
1209 951 1404 1020 primis
1436 949 1746 1004 necessaria

161 1041 530 1108 prietermisit.
553 1041 750 1097 Adesis
775 1039 1166 1112 Hieronymum
1196 1043 1249 1095 in
1281 1041 1558 1111 Catalogo,
1586 1039 1746 1096 lose-

162 1131 330 1200 phum
355 1131 409 1185 in
447 1130 567 1185 Vita
584 1147 706 1194 sua,
733 1130 978 1187 Suidam.
1013 1132 1324 1202 Stephanus
1345 1134 1472 1187 item
1502 1133 1569 1187 de
1598 1132 1748 1187 urbi-

165 1224 270 1278 bus
303 1222 420 1276 hazc
447 1222 514 1277 de
539 1238 605 1278 eo
631 1243 644 1278 :
683 1223 777 1277 Ἐκ
792 1222 993 1294 ταύτης
1009 1223 1128 1296 [τῆς
1157 1223 1496 1297 Τιϐερίαδος]
1527 1220 1596 1295 ἦν
1620 1224 1748 1278 Ἰοῦ-

162 1332 290 1378 στος
317 1314 347 1366 ὁ
369 1314 460 1366 τὸν
476 1314 764 1369 Ἰουδαϊκὸν
789 1315 1023 1387 πόλεμον
1043 1317 1134 1368 τὸν
1173 1316 1316 1369 κατὰ
1340 1316 1745 1370 Οὐεσπασιανοῦ

163 1407 477 1476 ιστορήσας.
517 1404 719 1460 Verum
743 1421 854 1461 non
888 1414 1104 1469 tantum
1135 1406 1202 1462 de
1227 1405 1385 1463 Justo
1414 1407 1540 1472 hoc,
1575 1408 1668 1463 sed
1695 1417 1748 1462 et

162 1498 232 1554 de
272 1497 512 1568 Josepho
540 1496 753 1565 Judaao,
806 1497 1064 1566 Tatiano,
1103 1499 1387 1564 Africano,
1440 1497 1746 1563 Clemente,

161 1589 424 1650 Eusebio.
481 1605 699 1646 necnon
732 1599 798 1646 'et
839 1592 966 1647 aliis
1001 1591 1384 1661 scriptoribus,
1421 1606 1654 1660 quorum
1690 1592 1746 1646 in

160 1681 270 1736 hoc
304 1687 546 1736 tractatu
577 1679 638 1734 fit
663 1683 893 1747 mentio,
922 1689 976 1738 et
1000 1697 1190 1736 eorum
1233 1682 1457 1752 scriptis
1485 1681 1662 1738 fusius
1690 1682 1746 1737 in

1845 497 2012 558 δείδω,
2049 495 2188 566 Ἤδη
2217 495 2315 566 μὲν
2352 492 2447 549 οὖν
2475 496 2682 548 τούτων
2725 497 2819 548 καὶ
2848 495 3112 568 πρότερον
3135 499 3192 549 ὲν
3216 490 3298 559 οἷς
3325 497 3434 548 διε-

1843 585 2188 656 τυπωσάμην
2231 589 2509 658 χρονικοῖς
2549 587 2767 640 κανόσιν
2799 587 3068 658 ἐπιτομὴν
3096 586 3435 656 κατεστησά-

1848 695 1974 749 μην·
1993 679 2376 750 πληρεστάτην
2401 679 2447 732 δ’
2466 677 2558 732 οὖν
2579 680 2729 750 ὅμως
2749 679 2927 733 αὐτῶν
2947 680 3040 732 ἐπὶ
3054 679 3145 732 τοῦ
3167 679 3434 751 παρόντος

1843 768 2108 841 ὡρμήθην
2137 769 2238 842 τὴν
2261 771 2536 842 ἀφήγησιν
2587 771 2940 842 ποιήσασθαι.
2967 770 3162 824 Mirum
3193 785 3325 826 sane
3349 774 3436 823 est

1844 869 1908 916 ut
1933 860 2205 932 Josephus
2237 861 2482 934 Scaliger
2511 863 2567 916 in
2622 863 2819 918 horum
2861 863 3157 919 verborum
3239 876 3429 931 perce-

1845 954 2032 1026 ptione
2058 956 2330 1019 ctecutiat,
2349 966 2404 1011 et
2435 955 2667 1010 aliorum
2704 957 2951 1010 omnium
3002 969 3207 1011 censor
3238 954 3294 1008 in
3338 951 3431 1008 bis

1845 1043 2174 1098 clarissimis
2205 1045 2386 1100 verbis
2421 1046 2663 1117 indigeat
2702 1062 2972 1115 censore;
2999 1049 3075 1102 ait
3097 1060 3333 1117 namque
3371 1046 3428 1101 in

1847 1133 2420 1189 animadversionibus
2465 1140 2532 1188 ad
2584 1135 2918 1201 Eusebium,
2973 1151 3097 1190 cum
3151 1135 3220 1190 de
3280 1134 3428 1189 illius

1846 1225 2029 1294 operis
2079 1225 2239 1278 titulo
2293 1233 2514 1292 tractat,
2575 1225 2832 1282 Eusebius
2873 1227 3123 1296 prooemio
3171 1223 3431 1279 Historiae

1845 1316 2219 1370 ecclesiastica:
2245 1317 2576 1386 simpliciter,
2609 1334 2671 1371 ac
2694 1319 2749 1372 in
2784 1331 2965 1386 genere
2985 1315 3225 1388 Χρονικὰ
3247 1316 3429 1385 appel-

1849 1411 1958 1476 lat,
2025 1427 2308 1482 eorumque
2371 1429 2484 1467 sese
2531 1413 2792 1480 epilomen
2848 1412 3220 1481 conscripsisse
3274 1409 3428 1463 dicit.

1845 1503 2124 1573 Nusquam
2149 1502 2264 1557 haec
2291 1503 2560 1558 sententia
2588 1505 2642 1557 in
2678 1501 2899 1557 Eusebii
2927 1502 3128 1566 verbis,
3157 1515 3429 1570 nusquam

1845 1594 2247 1648 Chronicorum
2284 1593 2553 1662 Epitome.
2587 1591 2692 1648 Sed
2723 1592 2792 1648 de
2817 1601 3001 1647 mente
3029 1591 3253 1646 Eusebii
3287 1588 3430 1644 infe-

1848 1685 1986 1740 rius.
2018 1684 2230 1752 Quibus
2265 1684 2487 1740 Eusebii
2517 1685 2719 1749 verbis,
2769 1700 2894 1739 cum
2926 1699 3036 1738 non
3078 1683 3429 1736 animadver-

161 1783 357 1830 nostra
415 1773 484 1829 de
552 1775 914 1845 scriptoribus
981 1748 1369 1830 ecclesiasticis
1420 1773 1745 1829 Bibliotheca
1775 1748 1818 1803 Β
1847 1778 2007 1832 tisset
2040 1748 2261 1837 Suidas,
2297 1776 2402 1832 sibi
2435 1776 2672 1845 aliisque
2705 1775 2978 1845 pluribus,
3013 1773 3153 1826 forte
3177 1772 3342 1827 etiam
3372 1777 3429 1825 et

163 1882 332 1937 quam
372 1867 698 1936 jamdudum
742 1882 1022 1936 paramus.
1066 1866 1169 1921 Hic
1202 1882 1266 1922 ea
1313 1874 1530 1920 tantum
1573 1868 1749 1939 tetigi-

165 1974 293 2013 mus
320 1974 444 2029 qua:
471 1959 542 2014 ad
579 1974 695 2014 rem
730 1958 912 2013 facere
943 1958 1288 2014 videbantur.

234 2051 356 2106 Col.
392 2051 518 2116 708,
552 2051 652 2106 lin.
701 2050 754 2105 6.
793 2049 915 2105 Τῶν
956 2050 1022 2103 δὲ
1071 2050 1257 2120 ἁγίων
1292 2067 1404 2116 τις.
1452 2048 1746 2104 Eusebium

164 2160 291 2200 esse
329 2145 468 2199 nulli
499 2145 748 2209 dubium,
790 2160 953 2215 quem
987 2145 1156 2198 tacito
1208 2143 1432 2198 nomine
1479 2143 1745 2214 praeterit,

165 2233 334 2303 idque
370 2233 498 2288 odio
526 2243 580 2290 et
629 2234 909 2289 simultate
933 2234 1170 2304 quadam
1201 2232 1445 2289 olfensus
1490 2233 1748 2288 consulto

165 2325 301 2395 agit.
333 2323 510 2379 Homo
537 2326 854 2396 apostolica;
903 2326 1154 2381 veritatis
1195 2332 1469 2395 rectaeque
1499 2324 1625 2380 ﬁdei
1659 2339 1748 2380 se-

164 2425 364 2484 ctator,
387 2425 624 2472 tutorem
649 2434 715 2473 ac
744 2418 1016 2473 vindicem
1041 2417 1261 2472 Arianae
1301 2418 1598 2482 haereseos,
1637 2417 1750 2470 vul-

165 2518 352 2579 gatum
380 2517 437 2564 et
478 2517 672 2564 notum
711 2511 966 2566 omnibus
998 2509 1221 2566 Eusebii
1267 2511 1586 2581 negotium:
1622 2509 1749 2563 illu-

165 2602 300 2657 stris
350 2602 405 2656 in
439 2602 542 2657 fide
561 2603 940 2658 conservanda
972 2601 1244 2657 Eustatltii
1281 2602 1562 2673 provincia
1583 2618 1750 2672 syno-

165 2695 272 2750 dus
301 2695 396 2749 illa
441 2693 658 2749 Nicaena
688 2695 715 2748 1
783 2705 839 2750 et
874 2695 931 2758 2,
963 2695 1219 2764 dictaque
1248 2704 1491 2750 veterum
1523 2695 1751 2752 histori-

167 2800 363 2840 corum
409 2786 743 2841 conlirmant
791 2786 924 2856 ipsa:
974 2784 1193 2840 Eusebii
1248 2786 1598 2856 scriptiones.
1650 2785 1749 2840 Pio

171 2887 475 2947 sanctoque
497 2877 679 2932 animo
703 2877 772 2931 ad
797 2876 1214 2946 concipiendum
1246 2876 1428 2930 odium
1453 2891 1618 2931 causa
1636 2877 1750 2932 haec

173 2969 298 3039 plus
314 2969 480 3024 etiam
507 2969 664 3036 satis.
697 2967 875 3038 Hujus
903 2970 1068 3023 etiam
1094 2967 1309 3022 dissidii
1343 2968 1604 3038 Origenes
1633 2969 1751 3038 ipse

174 3076 346 3117 causa
381 3063 553 3115 altera
584 3069 641 3116 et
695 3061 1012 3131 singularis.
1047 3059 1320 3114 Eusebius
1357 3069 1508 3116 totus
1558 3068 1643 3114 est
1692 3061 1748 3113 in

170 3151 408 3223 Origene
457 3153 831 3219 defendendo;
881 3168 1043 3208 suum
1110 3151 1352 3207 studium
1418 3161 1473 3206 et
1525 3167 1746 3222 operam

171 3241 444 3313 impendit
473 3248 527 3296 in
557 3243 811 3308 historia;
845 3243 1014 3295 etiam
1038 3242 1427 3311 Apologeticos
1459 3254 1490 3292 a
1522 3255 1582 3294 se
1611 3239 1750 3294 scri—

171 3307 317 3402 pios,
355 3341 416 3387 ut
449 3335 529 3389 eis
561 3333 724 3388 addat
755 3341 809 3389 et
842 3333 1012 3386 robur
1072 3307 1126 3386 et
1155 3307 1368 3400 pondus
1399 3331 1750 3386 sanctissimo

168 3423 456 3495 Pamphilo
510 3424 736 3496 martyri
794 3424 1042 3479 ascribit.
1093 3421 1308 3493 Susque
1360 3423 1535 3492 deque
1587 3430 1752 3478 ruant

170 3518 378 3583 omnia,
407 3524 622 3572 tantum
657 3517 734 3570 illi
763 3517 918 3572 solus
957 3523 1207 3571 servetur
1243 3515 1536 3570 incolumis
1566 3513 1752 3586 Orige-

172 3623 292 3674 nes,
318 3609 388 3663 ab
423 3609 870 3664 accusationibus
933 3614 986 3663 et
1011 3623 1043 3662 a
1070 3607 1286 3663 delictis
1325 3606 1480 3661 liber.
1515 3605 1749 3662 Tantum

171 3701 474 3764 hominem,
508 3708 562 3754 et
595 3707 803 3753 tantum
833 3701 997 3754 heroa
1021 3701 1076 3752 in
1100 3698 1341 3754 Ecclesia
1368 3697 1578 3767 (quidni
1602 3698 1748 3752 enim

172 3791 419 3847 dubitem
455 3792 538 3846 sic
583 3790 875 3859 Origenem
907 3791 1203 3860 appellare,
1239 3789 1536 3843 multorum
1569 3797 1622 3842 et
1659 3803 1749 3843 vc-

169 3885 632 3950 tustissimorum,
672 3898 973 3953 eorumque
1024 3883 1500 3938 sanctissimorum
1524 3881 1748 3936 Patrum

173 3977 494 4033 testimonio
546 3975 741 4047 fultus)
775 3991 806 4030 a
835 3975 1130 4031 calumniis
1180 3975 1517 4030 vindicatum
1558 3975 1750 4030 defen-

173 4072 304 4127 dere
333 4073 486 4141 pium
523 4079 626 4134 est,
652 4069 921 4139 amicique
951 4069 1136 4131 animi,
1163 4069 1258 4124 sed
1304 4069 1357 4122 in
1381 4068 1629 4125 criminis
1657 4069 1751 4124 de-

172 4164 464 4229 fensione,
523 4171 578 4218 et
617 4163 905 4232 dignitatis
967 4161 1402 4230 propugnatione
1461 4161 1750 4214 veritatem

170 4257 483 4319 obvertere,
509 4261 563 4310 et
603 4255 803 4308 malum
841 4251 984 4306 malo
1012 4251 1230 4305 trudere
1273 4249 1467 4320 pejori,
1515 4249 1750 4306 Eusebio

168 4353 410 4409 tantum,
452 4353 508 4400 et
557 4345 707 4400 illius
748 4343 939 4397 farinae
991 4341 1305 4396 hominibus
1359 4342 1746 4397 concedamus.

1849 1867 2126 1937 Scaligero
2157 1867 2308 1920 varia
2339 1866 2747 1921 commentandi
2777 1873 2970 1920 auctor
2997 1864 3132 1931 fuit;
3161 1861 3430 1934 χρονικῶν

1846 1959 2088 2012 κανόνων
2117 1957 2469 2028 παντοδαπῆς
2517 1957 2779 2028 ἱστορίας,
2816 1957 2911 2009 καὶ
2939 1955 3144 2008 τούτων
3175 1955 3428 2024 ὲπιτομή.

1919 2049 2098 2107 Unum
2133 2067 2272 2120 opus
2301 2050 2603 2121 perfectum
2643 2050 3070 2119 absolutumque
3120 2048 3172 2101 in
3205 2048 3314 2101 duo
3343 2061 3433 2102 se-

1843 2141 2096 2212 junctum
2143 2143 2354 2204 divisit,
2389 2157 2624 2212 quorum
2659 2143 2891 2197 alterum
2941 2147 3087 2194 esset
3136 2138 3432 2194 Chronicon

1849 2238 1957 2291 late
1987 2243 2201 2306 patens,
2234 2236 2465 2289 alterum
2496 2235 2687 2289 eadem
2713 2250 2835 2304 quae
2867 2241 2923 2288 et
2950 2231 3213 2302 primum,
3233 2229 3432 2283 decur-

1849 2337 1958 2383 tata
1984 2336 2188 2391 tamrn,
2207 2333 2261 2381 et
2290 2327 2342 2380 in
2370 2327 2645 2396 epitomen
2667 2326 2888 2381 redacta
2912 2319 3429 2378 contineretJoam

1847 2438 1946 2478 nes
1979 2421 2264 2476 Curterius
2299 2421 2354 2474 in
2389 2421 2621 2492 epistola
2649 2436 2812 2491 quam
2849 2419 3078 2490 praefixit
3109 2416 3430 2487 fragmentis

1848 2513 2069 2570 Eusebii
2115 2513 2170 2567 in
2214 2513 2454 2568 editione
2502 2513 2769 2568 librorum
2830 2511 2970 2565 Hist.
3019 2509 3427 2572 ecclesiasticw,

1849 2605 2048 2662 asserit
2091 2604 2265 2658 solam
2311 2604 2587 2674 epitomen
2634 2605 2795 2658 nobis
2835 2619 3148 2673 superesse,
3186 2614 3431 2658 canones

1851 2705 2030 2752 autem
2083 2696 2378 2751 chronicos
2417 2696 2712 2759 excidisse,
2745 2708 3068 2765 argumento
3108 2701 3328 2765 sumpto
3356 2707 3428 2747 ex

1849 2793 1959 2847 illis
1992 2789 2314 2861 fragmentis
2349 2805 2470 2860 quae
2491 2790 2730 2845 citantur
2754 2790 2822 2844 ab
2851 2789 3141 2844 Anastasio
3170 2790 3432 2857 episcopo

1848 2882 2101 2950 Nicaano,
2153 2880 2270 2935 Lib.
2313 2888 2497 2948 quaest.
2540 2879 2596 2932 in
2631 2877 2691 2934 S.
2717 2875 3052 2946 Scripturam
3101 2896 3166 2934 ex-
3198 2880 3425 2936 Eusebio

1849 2977 1906 3030 in
1925 2976 2220 3044 chronicis,
2273 2986 2394 3040 quae
2421 2977 2601 3023 tamen
2628 2984 2737 3023 non
2772 2968 3046 3022 habentur
3076 2969 3130 3022 in
3160 2967 3430 3024 Eusebia-

1850 3066 1937 3120 nis
1976 3063 2266 3118 Chronicis
2298 3078 2418 3130 quae
2466 3060 2953 3116 circumferuntur.
2999 3059 3138 3114 Huic
3183 3061 3429 3130 opinioni

1851 3155 2065 3210 videtur
2089 3151 2652 3228 favereTrithemius,
2678 3151 2832 3214 dum,
2849 3152 2945 3206 lib.
2981 3151 3060 3206 De
3085 3154 3428 3221 scriptoribus

1849 3245 2221 3300 ecclesiasticis
2257 3243 2477 3298 Eusebii
2507 3258 2674 3314 opera
2726 3258 3080 3308 enumerans,
3132 3255 3292 3299 vocat
3323 3247 3430 3300 hoc

1848 3338 2026 3407 ipsum
2073 3353 2212 3406 opus
2251 3334 2470 3390 Eusebii
2515 3353 2625 3391 non
2677 3333 2998 3398 Chronicon,
3037 3336 3130 3390 sed
3154 3335 3432 3405 Epitomen

1847 3430 2123 3488 Chronica:
2152 3444 2172 3484 :
2204 3430 2284 3485 sic
2321 3429 2467 3483 enim
2505 3429 2615 3488 ille,
2663 3426 2933 3497 Epitomes
2978 3426 3253 3480 Chronica:
3299 3424 3432 3478 liber

1848 3535 1984 3576 unus
2018 3536 2136 3572 cum
2162 3518 2258 3572 hoc
2289 3518 2446 3570 initio
2471 3527 2494 3568 .'
2514 3515 2749 3585 Moysem
2784 3518 2951 3586 gentis
2985 3513 3285 3567 Ilebraicte.
3324 3512 3432 3567 Alii

1847 3613 2233 3666 existimarunt
2253 3607 2577 3662 Chronicum
2599 3605 2746 3674 quod
2781 3613 2957 3659 exstat
2984 3620 3092 3659 non
3135 3620 3256 3660 esse
3283 3604 3428 3656 illam

1849 3704 1916 3757 ab
1948 3701 2185 3757 Eusebio
2214 3699 2522 3754 confectam
2554 3696 2864 3768 Epitomen,
2897 3711 2995 3750 nec
3032 3696 3427 3766 Hieronymum

1849 3797 1996 3850 illam
2025 3793 2254 3849 vertisse
2289 3811 2302 3846 :
2340 3791 2434 3846 sed
2465 3806 2590 3846 esse
2627 3805 2819 3843 verum
2851 3786 3162 3843 Chronicon
3190 3786 3435 3842 historiae

1850 3887 2052 3941 faetum
2101 3885 2169 3940 ab
2213 3883 2468 3948 Eusebio,
2506 3892 2562 3937 et
2600 3882 2926 3936 translatum
2980 3880 3048 3933 ab
3074 3878 3431 3949 Hieronymo,

1849 3981 1975 4036 licet
2007 3980 2061 4034 in
2082 3979 2243 4033 aliam
2278 3977 2505 4031 formam
2552 3975 2835 4030 redactum
2882 3982 2936 4028 et
2963 3973 3291 4026 mutilatum.
3323 3968 3436 4024 Ln-

1849 4071 2077 4127 dovicus
2114 4065 2278 4120 Vives
2323 4065 2377 4119 in
2410 4065 2646 4134 August.
2679 4063 2774 4117 lib.
2820 4077 2976 4126 xvm,
3016 4060 3090 4114 De
3133 4062 3275 4114 cirit.
3313 4059 3430 4124 Dei,

1849 4177 1973 4230 cap.
2007 4160 2061 4224 8,
2106 4168 2158 4214 et
2187 4158 2469 4212 Arnoldus
2514 4155 2794 4211 Pontacus
2837 4154 3083 4209 sentiunt
3136 4162 3434 4222 utrumque

1849 4262 2067 4308 exstare
2108 4259 2162 4306 et
2206 4250 2530 4314 Chronicon,
2575 4256 2630 4302 et
2678 4246 2973 4316 Epitomen.
3017 4255 3072 4302 et
3100 4247 3204 4302 hoc
3250 4248 3451 4317 ipsum.

1852 4359 1974 4398 esse
2017 4341 2151 4397 illud
2193 4357 2332 4411 opus
2378 4340 2524 4410 quod
2565 4339 2836 4394 habemus
2880 4353 2992 4409 prce
3039 4338 3324 4401 manibus,
3378 4345 3434 4391 et

171 4435 346 4506 Egre
374 4436 478 4492 fert
505 4436 609 4490 hoc
637 4437 909 4505 ingenuus
937 4433 1210 4488 Eustathii
1234 4433 1636 4503 candor,etpro
1658 4449 1753 4488 ve—
1787 4457 1828 4510 ι)
1855 4435 2000 4504 quod
2029 4442 2258 4488 vocatur
2288 4448 2318 4486 a
2351 4431 2686 4502 llicronymo
2715 4439 2770 4484 et
2795 4431 2920 4484 aliis
2965 4428 3182 4483 Eusebii
3211 4427 3435 4482 Chroni-

175 4535 367 4597 ritate,
397 4531 545 4602 quod
569 4531 744 4598 aiunt,
771 4532 952 4601 γυμνῇ
983 4528 1191 4599 κεφαλῇ
1225 4545 1348 4581 cum
1383 4529 1618 4598 Origene
1640 4544 1757 4584 cer-

177 4634 367 4680 tamen
389 4625 530 4678 init:
564 4623 850 4694 palamque
887 4631 940 4676 et
977 4636 1130 4683 voce,
1178 4627 1234 4674 et
1273 4620 1496 4690 scriptis
1537 4635 1755 4677 errores

173 4719 328 4774 illius
378 4717 682 4786 impugnat,
719 4722 773 4770 et
813 4723 1055 4783 apertam
1086 4713 1338 4767 veritatis
1387 4711 1602 4776 faciem,
1646 4728 1756 4766 non

179 4810 510 4879 ambagibus
555 4815 615 4862 et
660 4807 802 4863 dolis
849 4813 1160 4876 suspectam
1210 4805 1550 4860 amatoribus
1598 4820 1760 4874 expo-

173 4907 280 4969 nit,
312 4899 1014 4970 volentibusquejudicium
1032 4897 1346 4952 committit.
1381 4895 1760 4965 ldeoquequo-

170 5013 298 5052 rum
341 4996 548 5066 scripta
579 4994 684 5050 sibi
723 4993 972 5054 molesta,
1018 4998 1072 5046 et
1102 4990 1325 5044 nomina
1361 4990 1550 5042 odiosa
1581 4987 1753 5042 ducit.

167 5091 252 5146 Ne
273 5099 458 5144 tamen
474 5089 698 5143 omnino
715 5086 872 5141 fama:
892 5086 1179 5141 detrahere
1199 5084 1475 5138 videretur
1492 5081 1759 5139 illius.co-

169 5192 451 5252 natusque
479 5196 588 5236 non
619 5183 912 5241 aestimare,
937 5180 1040 5233 hoc
1069 5193 1192 5232 eum
1223 5176 1423 5246 elogio,
1452 5173 1560 5226 τῶν
1585 5173 1756 5241 ἁγίων

167 5291 281 5337 τις,
315 5288 426 5342 quo
458 5281 514 5327 et
541 5255 1046 5341 perniciosissimos
1084 5266 1338 5322 homines
1379 5270 1638 5333 exceptos
1680 5263 1758 5316 le.-

169 5367 381 5437 gimus,
417 5364 718 5420 decoravit.

242 5457 380 5513 Ibid.
426 5455 880 5527 Ἀκριόεστάτην
906 5455 1028 5508 τῶν
1049 5454 1303 5522 χρόνων.
1323 5447 1590 5517 Georgius
1615 5446 1758 5517 Syn-

171 5554 375 5617 cellus,
415 5553 477 5605 '0
505 5553 692 5624 μέντοι
711 5547 992 5612 Εὐσέϐιος,
1018 5547 1220 5616 καίπερ
1281 5542 1666 5616 πραγματείαν
1694 5540 1754 5593 οὺ

168 5647 273 5717 τὴν
298 5645 571 5716 τυχοῦσαν
611 5642 1002 5713 συλλεξάμενος
1060 5638 1383 5710 φιλοπόνως,
1416 5636 1514 5689 καὶ
1550 5633 1756 5705 τᾳύδην

167 5741 270 5816 τὴν
287 5739 481 5795 ἑαυτοῦ
499 5737 756 5812 χρονικὴν
776 5733 1096 5808 συγγραφὴν
1111 5729 1540 5802 κατασεμνύνας.
1562 5726 1626 5782 Et
1645 5725 1757 5782 Eu-
1807 5797 1813 5804 _

1855 4543 1972 4579 con.
2000 4524 2207 4580 Horum
2245 4524 2425 4577 varias
2454 4522 2696 4576 rationes
2721 4529 2774 4574 et
2803 4520 3199 4589 explicationes
3233 4520 3279 4574 si
3307 4522 3433 4588 quis

1856 4618 2154 4681 desiderat,
2182 4617 2326 4686 legat
2355 4615 2683 4684 Apparatum
2700 4611 2924 4668 Pontaci
2944 4612 2997 4666 in
3031 4620 3192 4668 notas
3229 4611 3294 4665 ad
3319 4611 3432 4664 Eu-

1858 4711 1994 4766 sebii
2029 4709 2344 4765 Chronicon.
2365 4707 2438 4760 lbi
2464 4708 2631 4769 enim,
2658 4705 2787 4759 dum
2821 4705 2919 4759 has
2943 4719 3080 4773 quas
3111 4704 3433 4774 scripsimus

1857 4801 2147 4872 Opiniones
2183 4799 2404 4861 refellit,
2448 4811 2602 4852 suam
2639 4796 2856 4865 probat,
2898 4802 2953 4848 et
2993 4803 3054 4850 ut
3100 4795 3219 4864 ipse
3244 4795 3434 4850 existi-

1858 4898 1972 4944 mat
2002 4889 2358 4944 validissimis
2397 4885 2702 4941 rationibus
2719 4886 3044 4940 conlirmare
3074 4885 3293 4950 nititur,
3325 4901 3433 4939 non

1859 4982 2004 5053 quod
2054 4983 2157 5038 sibi
2199 4986 2583 5053 proposuerat,
2621 4979 2720 5032 sed
2750 4978 2900 5032 aliud
2934 4987 3133 5047 praeter
3175 4993 3327 5047 spem
3381 4991 3436 5032 et

1857 5074 2324 5144 exspectationem
2358 5071 2728 5135 demonstrat;
2766 5070 2842 5122 ait
2871 5081 3136 5137 namque:
3178 5067 3435 5123 Eusebius

1858 5172 1997 5224 enim
2015 5169 2294 5239 distinguit
2319 5166 2482 5220 libros
2501 5165 2756 5222 Historia
2771 5165 3160 5220 ecclesiastica:
3210 5180 3240 5216 a
3270 5161 3439 5218 Chro-

1853 5264 2006 5326 nico,
2054 5261 2194 5332 quod
2224 5261 2279 5314 in
2322 5261 2434 5314 illis
2477 5260 2706 5330 plenius,
2741 5259 2797 5312 in
2831 5258 2926 5312 hoc
2967 5257 3196 5320 brevius,
3228 5257 3283 5310 in
3327 5256 3440 5311 illis

1860 5355 2200 5426 singillatim,
2232 5354 2287 5406 in
2312 5353 2407 5406 hoc
2431 5353 2758 5414 summatim,
2789 5359 2838 5404 et
2867 5361 2922 5402 ut
2939 5352 3050 5419 ipse
3069 5351 3317 5419 loquitur.
3347 5363 3441 5418 per

1857 5449 2136 5515 epitomen,
2166 5431 2230 5499 et“
2245 5446 2324 5498 ita
2349 5443 2636 5499 Chronicos
2665 5459 2892 5497 canones
2924 5452 2973 5496 et
3006 5443 3262 5510 epitomen
3299 5440 3438 5493 idem

1859 5553 1988 5606 opus
2015 5552 2129 5590 esse
2162 5533 2311 5588 docet
2343 5534 2810 5602 manifestissime;
2845 5548 2968 5601 quae
2993 5547 3118 5586 eum
3141 5546 3270 5587 vera
3300 5530 3435 5594 sint,

1858 5645 1970 5684 non
2005 5636 2188 5683 tamen
2223 5629 2566 5698 propositum
2599 5627 2749 5686 illius
2793 5627 3068 5696 probant:
3101 5625 3248 5679 aliud
3289 5624 3436 5678 enim

1857 5733 1944 5784 est
1998 5739 2109 5781 una
2150 5739 2275 5780 cum
2329 5722 2611 5779 Ludovico
2654 5721 2820 5779 Vives
2867 5723 3095 5787 sentire,
3142 5727 3438 5790 utrumque
