3840 6164
425 275 531 331 807

1773 265 2023 321 LEOle
2062 266 2336 326 ALLATII

3583 268 3685 324 808

425 388 644 447 Eusebii
664 404 826 460 opus,
861 395 917 444 et
939 386 1240 444 Chronicon
1279 395 1334 440 et
1365 383 1645 454 Epitomen
1681 394 1918 446 exstare,
1954 390 2008 437 et
2037 391 2083 446 Α
2111 403 2242 442 suas
2275 396 2458 454 notas,
2485 387 2798 457 multosque
2813 385 2943 441 dum
2971 386 3111 442 alios
3126 386 3430 457 corrigunt,
3461 386 3542 440 vel
3559 402 3686 440 exa-

427 482 573 537 aliud
631 481 930 537 Eusebium
973 482 1147 535 libros
1187 493 1302 534 sua:
1343 477 1608 532 Historia:
1650 492 1682 530 a
1741 474 2008 530 Chronico

426 573 765 636 distinxisse,
811 581 866 628 et
913 573 968 626 in
1016 572 1109 624 illa
1164 570 1381 640 plenius
1456 578 1510 623 et
1557 567 1903 637 singillatim,
1954 567 2011 620 in

428 665 691 720 Chronico
713 664 935 719 brevius
954 671 1008 718 et
1037 663 1350 718 summatim
1367 701 1382 725 ,
1413 677 1502 716 res
1530 668 1738 730 gestas,
1763 668 1818 714 et
1843 673 2014 712 anno-

429 769 552 809 rum
581 756 780 810 seriem
814 768 1124 808 enarrasse.
1161 751 1475 806 Ridiculum
1507 753 1636 806 item
1685 759 1833 806 esset
1860 765 2014 805 asse~

433 845 738 914 rere,quod
761 844 982 914 quidam
1003 843 1408 905 existimarunt,
1436 845 1510 896 ita
1533 857 1675 911 opus
1707 842 1810 896 hoc
1842 839 2012 895 Claro-

430 936 583 990 nicon
608 938 663 990 in
690 937 827 991 duas
861 944 1044 1004 partes
1088 934 1410 1004 digessisse,
1443 944 1500 988 ut
1529 935 1584 988 in
1609 935 1779 1004 priori
1825 941 2013 988 essent

431 1031 569 1084 certi
598 1042 840 1082 canones
877 1041 970 1081 seu
1003 1026 1230 1080 ordines
1269 1035 1365 1080 aut
1398 1027 1688 1088 columnae,
1721 1027 1773 1079 in
1811 1026 2011 1096 quibus

433 1119 570 1185 nihil
609 1116 756 1171 aliud
796 1117 1150 1179 cernebatur,
1188 1131 1352 1185 quam
1388 1131 1586 1170 nomen
1618 1115 1784 1183 regis,
1824 1123 1877 1168 et
1909 1130 2012 1167 nu-

433 1209 568 1262 meri
588 1221 854 1261 annorum
881 1207 1086 1276 ipsius;
1109 1205 1163 1259 in
1187 1205 1480 1274 posteriori
1505 1205 1924 1260 continerentur
1945 1220 2013 1259 ea

430 1302 635 1364 omnia,
659 1315 781 1369 qua:
809 1298 875 1353 ad
903 1298 1190 1353 historiam
1218 1297 1574 1366 pertinerent,
1609 1313 1837 1367 quaeque
1865 1312 2012 1352 nunc

431 1391 684 1447 diversas
715 1391 815 1444 bas
842 1391 1128 1444 columnas
1159 1399 1448 1459 occupant.
1497 1387 1628 1443 Rem
1669 1390 1833 1458 igitur
1872 1390 2012 1444 hanc

432 1483 622 1537 multis
644 1481 1054 1536 dillicultatibus
1096 1481 1458 1544 obstructam,
1499 1481 1585 1535 vel
1617 1496 1684 1534 ex
1731 1481 1845 1535 sola
1887 1496 2012 1534 ver-

432 1572 626 1628 borum
663 1571 879 1627 Eusebii
909 1573 1376 1642 interpretatione,
1411 1572 1784 1641 planissimam
1815 1570 2014 1627 elﬁcie-

433 1680 580 1728 mus,
611 1667 658 1719 si
699 1679 819 1734 quae
846 1663 960 1733 jam
1003 1664 1248 1734 praedicti
1289 1673 1543 1718 auctores
1574 1664 1627 1717 in
1663 1663 1898 1718 Eusebio
1927 1665 2013 1719 di-

435 1750 648 1808 vidunt.
677 1757 731 1804 et
771 1751 847 1804 uti
887 1751 1026 1806 duos
1063 1759 1332 1806 tractatus
1371 1766 1610 1821 agnoscu

435 1760 648 1808 vrdttnt.
677 1760 731 1804 et
771 1760 847 1804 uti
887 1760 1026 1806 duos
1063 1760 1332 1806 tractatus
1371 1766 1610 1821 agnoscu
1699 1793 1713 1816 ,
1752 1768 1920 1807 unum
1955 1761 2010 1807 et

433 1838 686 1893 eumdem
718 1854 840 1894 esse
870 1840 1258 1895 existimarint.
1293 1839 1508 1894 Etenim
1533 1760 1801 1904 Eu‘ius
1830 1856 2010 1896 rerum

437 1930 837 2000 praeteritarum
869 1931 1257 2000 peritissimus,
1287 1931 1342 1984 in
1374 1929 1620 1984 Historia
1656 1932 2013 1988 ecclesiastica

436 2035 620 2075 rerum
654 2022 838 2077 varios
869 2033 1100 2078 eventus
1139 2023 1369 2092 prolixe,
1403 2030 1458 2076 et
1493 2029 1552 2076 ut
1584 2022 1852 2077 historico
1887 2039 2011 2077 mu-

413 2112 555 2174 .ncri
597 2113 966 2175 incumbebat,
990 2113 1287 2179 enarravit,
1333 2113 1469 2168 nulli
1515 2113 1833 2178 verborum,
1877 2113 2011 2167 nulli

436 2215 666 2269 parcens
689 2203 1086 2256 sententiarum
1113 2211 1424 2257 structurae.
1455 2201 1578 2257 Haec
1601 2203 1785 2257 omnia
1813 2210 1872 2258 ut
1895 2219 2014 2258 me-

437 2291 546 2346 lius
579 2292 794 2356 lectori,
826 2291 1152 2363 faciliusque
1193 2301 1420 2364 possent
1454 2309 1770 2358 occurrere,
1821 2308 2015 2363 super-

436 2380 562 2435 lluis
616 2382 882 2436 detractis
923 2384 1220 2454 minusque
1271 2386 1602 2439 necessariis
1655 2385 2011 2449 detruncatis,

438 2483 726 2544 antequam
747 2474 1041 2532 Historiam
1056 2475 1454 2540 conscriberet,
1485 2477 1649 2531 veluti
1681 2478 1736 2531 in
1771 2479 2015 2546 epitome

438 2569 496 2621 in
539 2583 640 2623 suo
675 2566 931 2622 Chronico
960 2568 1284 2638 digesserat.
1322 2563 1440 2620 Hoc
1486 2567 1633 2621 enim
1686 2568 1849 2620 verba
1895 2566 2014 2634 ipsa

443 2657 659 2713 Eusebii
683 2660 842 2713 nobis
871 2659 1127 2722 innuunt,
1155 2674 1276 2729 qua:
1314 2660 1457 2714 male
1487 2659 1846 2728 interpretum
1878 2659 2014 2712 vitio

437 2764 688 2824 excerpta
724 2755 856 2810 viris
895 2754 1288 2811 eruditissimis
1346 2769 1558 2824 magna:
1593 2754 1745 2810 fuere
1791 2753 2016 2808 dilIicul-

439 2848 558 2900 tati.
609 2845 888 2900 Sententia
931 2846 1135 2917 quippe
1181 2846 1403 2900 illorum
1450 2847 1743 2900 verborum
1793 2854 1940 2899 recte
1981 2859 2014 2898 a

438 2936 652 2990 Rullino
692 2951 953 3005 expressa
986 2951 1049 2990 ea
1077 2942 1202 2992 est:
1239 2935 1494 3002 Quamvis
1515 2934 1636 3005 jam
1680 2935 1744 2987 de
1782 2935 1863 2988 his
1883 2936 2012 3004 ipsis

439 3028 695 3083 nonnulla
719 3028 879 3082 etiam
903 3029 957 3081 in
988 3026 1266 3082 Cltronicis
1302 3025 1378 3095 (id
1409 3034 1509 3089 est,
1537 3027 1590 3078 in
1611 3041 1668 3078 eo
1703 3040 1855 3093 opere
1874 3025 2012 3095 quod

438 3119 504 3173 de
537 3127 825 3187 temporum
855 3119 1062 3172 ratione
1087 3116 1516 3186 conscripsimus)
1548 3116 1769 3168 breviter
1803 3118 2010 3169 succin-

439 3220 615 3282 cteque
633 3210 1050 3278 perstrinxerim,
1072 3211 1277 3277 plenius
1308 3217 1482 3260 tamen
1514 3209 1566 3260 in
1587 3208 1837 3276 prwsenti
1859 3222 2010 3276 opere

439 3303 766 3374 singulorum
789 3301 1148 3356 narrationem
1170 3302 1373 3369 aperire
1397 3298 1733 3353 tentabimus.
1763 3298 2012 3369 Epitome

440 3395 624 3464 itaque
651 3408 814 3464 quam
837 3393 924 3447 hic
951 3393 1136 3447 laudat
1157 3391 1450 3458 Eusebius,
1485 3408 1595 3446 non
1623 3400 1706 3446 est
1729 3393 1814 3446 sui
1843 3390 2012 3446 Chro-

441 3483 549 3537 nici
573 3484 829 3554 epitnme,
857 3496 916 3534 ut
951 3479 1062 3534 lere
1099 3495 1291 3534 omnes
1332 3479 1542 3550 opinati
1586 3485 1716 3533 sunt
1746 3477 1816 3531 ad
1865 3477 2010 3532 hunc

439 3573 605 3638 diem,
634 3574 729 3628 sed
752 3582 836 3628 est
862 3573 1098 3642 epitome
1128 3586 1332 3633 rerum,
1362 3587 1496 3640 quas
1527 3571 1761 3640 plenius,
1797 3576 1851 3623 et
1885 3584 2010 3638 pro-

441 3664 622 3717 lixiori
656 3665 943 3719 verborum
972 3670 1026 3717 et
1052 3662 1447 3718 sententiarum
1491 3662 1698 3716 ambitu
1732 3667 1786 3716 in
1824 3660 2008 3715 Histo-

442 3757 526 3810 ria
551 3754 728 3809 fuerat
757 3760 1102 3824 prosecutus.
1139 3751 1330 3824 Neque
1374 3750 1598 3808 Suidam
1630 3753 1678 3809 si
1727 3753 2010 3808 minimam

439 3847 730 3900 verborum
761 3847 956 3901 seriem
991 3846 1253 3911 invertas,
1296 3845 1364 3899 ab
1392 3845 1493 3899 hac
1521 3858 1708 3900 nosua
1739 3849 2010 3901 sententia

441 3937 708 3992 dissidere
753 3941 835 3994 vel
885 3939 1204 3994 discordare
1251 3939 1598 4009 comperies;
1633 3939 1710 3992 ait
1747 3941 1892 3994 enim
1943 3938 2011 3994 de

442 4028 756 4094 Eusebio,et
768 4031 888 4099 ejus
902 4033 1120 4104 scriptis
1139 4054 1151 4089 :
1184 4030 1734 4101 Ἐκκλησιαστικῆς
1747 4033 2012 4103 ἱστορίας

443 4120 593 4190 λόγοι
618 4119 670 4186 ι’,
707 4118 984 4189 Χρονικῶν
1057 4122 1295 4175 κανόνων
1341 4124 1689 4195 παντοδαπῆς
1748 4125 2010 4196 ἱστορίας,

446 4217 540 4268 καὶ
570 4213 771 4269 τούτων
793 4210 1139 4284 ὲπιτομή.Τυ
1159 4213 1232 4267 ita
1251 4212 1441 4285 legito:
1474 4211 2022 4281 Ἐκκλησιαστικῆς

444 4294 710 4362 ἱστορίας
723 4299 868 4369 λόγοι
902 4300 952 4364 ι’,
982 4303 1076 4354 καὶ
1107 4303 1310 4357 τούτων
1339 4305 1572 4376 ἐπιτομὴ
1599 4306 1878 4378 Χρονικῶν
1911 4323 2012 4362 κα-

1699 1793 1713 1816 ,
1752 1768 1920 1807 unum
1955 1761 2010 1807 et
2041 1752 2082 1807 Β

2110 480 2303 547 gitant,
2332 495 2561 550 peccare
2593 487 2648 535 et
2679 478 2979 534 foedissime
3009 478 3407 549 deprehensum
3427 486 3548 542 est;
3577 477 3689 530 Ηο-

2110 572 2277 626 mines
2310 588 2516 635 sumus,
2562 572 2745 628 aiebat
2791 573 2903 634 ille.
2939 588 3043 626 non
3077 573 3177 626 dii.
3221 571 3354 626 Illud
3390 579 3576 626 tamen
3607 581 3689 626 est

2109 664 2292 731 aliqua
2326 664 2770 719 consideratione
2811 679 2921 718 non
2975 664 3302 734 indignum:
3330 679 3460 717 num
3493 664 3690 719 videli-

2109 763 2196 809 cet
2242 755 2510 812 Eusebius
2543 757 2744 826 dignus
2773 772 2870 811 sua
2906 757 3064 812 laude
3087 757 3179 820 sit,
3210 757 3339 810 dum
3379 766 3570 826 spreta
3614 766 3693 810 tot

2111 845 2445 914 scriptorum
2491 843 2804 901 Judzeorum
2851 856 2906 902 et
2953 846 3392 902 Christianorum
3430 850 3499 902 de
3529 857 3694 904 aetate

2111 936 2315 1008 Moysis
2347 940 2639 1004 sententia,
2663 940 2728 992 ad
2755 954 2891 992 nova
2925 940 3171 1010 quaedam
3191 951 3403 1010 reperta
3429 941 3689 996 recurrit.

2112 1030 2257 1086 Sane
2279 1032 2591 1086 veneranda
2625 1031 2949 1101 antiquitas,
2980 1040 3036 1086 et
3065 1033 3371 1102 sapientum
3399 1032 3692 1086 hominum

2110 1123 2396 1178 sententiae
2432 1124 2611 1193 dignae
2663 1131 2812 1186 sunt,
2850 1139 2989 1194 quas
3021 1133 3075 1179 et
3108 1125 3467 1184 admiremur.
3498 1134 3558 1179 et
3597 1124 3693 1178 ho-

2109 1229 2390 1276 noremus,
2409 1223 2464 1269 et
2499 1226 2652 1270 extra
2669 1229 2764 1269 eas
2783 1215 2965 1284 vagari
2993 1215 3156 1270 nimis
3185 1217 3558 1286 periculosum
3586 1222 3691 1271 est.

2110 1306 2292 1374 Quare
2321 1306 2588 1378 Georgius
2620 1307 2911 1379 Syncellus
2941 1309 3138 1362 mirum
3171 1309 3224 1362 in
3257 1309 3480 1363 modum
3519 1307 3692 1363 Euse-

2111 1399 2182 1454 bii
2213 1400 2506 1454 consilium
2525 1401 2765 1470 exagitat
2798 1400 2884 1456 his
2908 1401 3092 1456 verbis
3128 1421 3140 1456 :
3172 1399 3294 1454 Ὀτι
3323 1401 3424 1472 μὲν
3461 1397 3559 1455 οὖν
3587 1403 3688 1456 αὒ-

2110 1492 2203 1555 τὺς
2250 1490 2426 1562 ἑαυτῷ
2475 1493 2575 1562 τὴν
2628 1493 2859 1546 ἀτοπίαν
2905 1492 2998 1546 τοῦ
3050 1488 3208 1560 λόγου
3259 1494 3692 1567 μεμαρτύρηκεν

2111 1581 2393 1645 Εὐσέϐιος,
2412 1584 2574 1653 ἀρκεῖ
2604 1583 2740 1652 πρὸς
2764 1584 3089 1655 κατανόησιν
3117 1587 3230 1648 τοῖς
3258 1602 3318 1654 γε
3337 1587 3524 1648 ποσῶς
3558 1604 3690 1656 μετ-

2111 1674 2370 1745 εσχηκόσι
2429 1673 2785 1738 παιδεύσεως,
2829 1675 2996 1747 ἄλλης
3048 1693 3108 1728 τε
3151 1676 3245 1730 καὶ
3294 1677 3395 1749 τῆς
3441 1679 3502 1731 ὲν
3549 1679 3692 1731 ἱστο-

2114 1765 2256 1836 ρίαις
2285 1765 2540 1829 παλαιαῖς
2589 1767 3044 1838 όμολογουμένης.
3086 1769 3182 1821 Ἓν
3220 1767 3328 1838 γὰρ
3364 1769 3520 1840 αὑτῷ
3553 1769 3692 1841 πρὸς

2112 1856 2421 1926 ἀνατροπὴν
2473 1853 2583 1908 τῶν
2637 1855 3138 1926 συγγεγραμμένων
3184 1856 3343 1926 ἢρκει
3385 1856 3572 1916 τοῦτο,
3601 1858 3693 1909 καὶ

2115 1947 2274 2016 μόνον
2289 1947 2348 2000 τὸ
2374 1949 2495 2010 ταῖς
2517 1947 2804 2008 τοσαύταις
2824 1947 3155 2018 τηλικούτων
3183 1947 3361 2013 δόξαις
3374 1947 3593 2019 ἀνδρῶν
3613 1965 3695 2017 φιο
3781 1989 3796 2002 ,

2112 2037 2354 2106 λοσόφων
2409 2039 2739 2104 ἁντιπεσεῖν,
2791 2039 3106 2111 ἀμάρτυρον
3134 2055 3193 2091 τε
3225 2039 3325 2109 τὴν
3369 2039 3500 2110 παρ’
3521 2039 3692 2093 αὑτοῦ

2113 2131 2566 2200 παρεισαγαγεῖν.
2601 2130 2682 2184 Τὰ
2713 2129 2822 2200 γὰρ
2855 2132 2974 2194 ταῖς
3000 2130 3109 2183 τῶν
3138 2130 3369 2194 πολλῶν,
3403 2130 3612 2200 μᾶλλον
3637 2131 3695 2185 δὲ

2110 2221 2220 2274 τῶν
2248 2222 2461 2282 πάντων
2478 2221 2658 2287 δόξαις
2678 2222 3106 2292 ἀντεισαγόμενα
3125 2221 3279 2293 μόλις
3295 2221 3381 2287 ἂν,
3417 2223 3514 2274 καὶ
3555 2223 3695 2291 μετὰ

2113 2310 2316 2380 πολλῆς
2343 2311 2721 2382 προσδεχθεῖεν
2748 2311 2816 2364 ἂν
2848 2310 3174 2375 ἀποδείξεως
3202 2311 3353 2383 παρὰ
3381 2313 3497 2375 τοῖς
3527 2307 3591 2366 εὖ
3621 2315 3696 2366 εἰ⁴

2111 2398 2226 2452 δόσι
2257 2399 2430 2452 ταῦτα
2463 2400 2688 2470 κρίνειν.
2713 2397 2986 2468 Josephus
3019 2397 3261 2469 Scaliger
3286 2399 3598 2454 Eusebium
3627 2401 3696 2454 ab

2114 2493 2217 2546 hac
2269 2490 2489 2562 Georgii
2537 2493 2977 2561 expostulatione
3031 2493 3290 2548 vindicat.
3355 2491 3504 2546 Nam
3555 2493 3693 2562 quod

2114 2587 2346 2638 omnium
2376 2601 2628 2638 consensu
2665 2594 2924 2652 receptum
2939 2593 3037 2649 est,
3064 2594 3114 2638 et
3144 2596 3372 2650 tempore
3393 2585 3582 2654 ﬁdem,
3608 2594 3694 2638 at-

2113 2694 2212 2748 que
2243 2679 2614 2730 auctoritatem
2647 2679 2860 2742 meruit,
2901 2694 3006 2730 non
3037 2678 3272 2746 sequitur
3293 2679 3599 2732 necessario
3615 2693 3695 2731 re-

2113 2783 2232 2820 rum
2285 2785 2415 2823 esse.
2479 2767 2627 2822 Bona
2683 2770 2846 2833 ratio,
2899 2769 3088 2824 nescio
3121 2784 3191 2822 an
3229 2784 3266 2838 pa
3299 2779 3457 2824 recta
3487 2776 3690 2824 mente.

2115 2861 2325 2916 Nollem
2359 2860 2698 2933 Scaligerum
2731 2862 2837 2918 hoc
2885 2863 3117 2918 nomine
3144 2872 3394 2916 veterum
3427 2877 3444 2907 δ
3465 2860 3694 2917 Patrum

2115 2952 2506 3021 catholicaeque
2554 2951 2811 3007 Ecclesiae
2839 2967 2869 3006 a
2899 2967 3002 3007 suo
3051 2951 3279 3007 exordio
3336 2953 3690 3008 continuam

2038 3085 2082 3144 Β
2117 3046 2422 3100 sententias
2462 3046 2898 3115 auctoritateque
2931 3045 3141 3098 lirmata
3173 3043 3432 3113 dogmata
3496 3044 3690 3113 rejice-

2114 3151 2174 3191 re
2194 3177 2211 3202 ,
2259 3136 2591 3191 intrudendo
2621 3151 2760 3189 nova
2789 3154 2802 3190 :
2835 3135 2964 3206 quia
2991 3151 3094 3188 non
3126 3135 3366 3204 sequitur
3389 3136 3688 3189 necessaria

2115 3244 2238 3282 uera
2261 3245 2395 3283 esse.
2421 3227 2787 3284 Novatoribus
2803 3227 2947 3283 lavet
2968 3227 3086 3298 ipse
3107 3235 3357 3282 novatur.
3381 3224 3540 3281 Sciat
3555 3243 3687 3314 nova

2115 3321 2300 3376 omnia
2336 3331 2590 3392 suspecta
2627 3337 2770 3376 esse.

2188 3415 2350 3477 lbid.,
2386 3414 2482 3468 lin.
2509 3415 2561 3469 9.
2590 3411 2882 3481 Χρονικοῦ
2909 3415 3189 3478 κανόνος.
3217 3410 3575 3474 ΕιΈυςθδίο,
3604 3408 3687 3464 Ἐν

2115 3504 2172 3558 δὲ
2196 3505 2276 3576 τῷ
2305 3494 2532 3575 παρόντι
2563 3505 2656 3558 ἐπὶ
2679 3504 2741 3558 τὸ
2766 3503 2898 3559 αὐτὸ
2931 3505 3056 3568 τοὺς
3085 3503 3308 3575 χρόνους
3340 3502 3684 3572 συναγαγὼν,

2115 3597 2507 3669 ἀντιπαραθεὶς
2534 3598 2598 3650 ὲκ
2629 3596 2971 3669 παραλλήλου
3007 3593 3098 3649 τὸν
3126 3595 3254 3666 παρ’
3270 3595 3489 3666 ἑκάστῳ
3551 3595 3685 3647 ἔθνει

2114 3687 2224 3742 τῶν
2247 3688 2384 3741 ἐτῶν
2415 3688 2665 3759 ἀριθμὸν,
2697 3707 2728 3758 χ
2737 3687 2947 3759 ρονικοῦ
2974 3687 3197 3750 κανόνος
3221 3686 3479 3750 σύνταξιν
3505 3688 3688 3756 ἐποιηο

2119 3778 2318 3850 σάμην.
2342 3777 2492 3850 Opus
2517 3779 2618 3832 hoc
2657 3778 2876 3832 Eusebii
2903 3777 3072 3832 variis
3105 3777 3295 3840 titulis,
3327 3791 3425 3831 seu
3457 3776 3687 3829 nomini-

2116 3867 2220 3921 bus
2274 3868 2596 3938 insignitur;
2643 3867 2976 3938 quibusdam
3011 3866 3155 3920 enim
3185 3865 3388 3920 dicitur
3421 3863 3686 3919 Chronica

2117 3959 2173 4012 in
2209 3959 2473 4030 singulari
2518 3959 2801 4021 feminino,
2835 3958 2957 4012 aliis
2980 3955 3276 4018 Chronica»,
3304 3957 3430 4011 aliis
3460 3954 3687 4010 Chroni-

2115 4066 2254 4111 cum,
2286 4052 2409 4106 aliis
2444 4049 2715 4113 Chronici,
2748 4051 2872 4104 aliis
2903 4050 3188 4111 Chronica,
3224 4047 3347 4102 aliis
3383 4045 3680 4102 Chronico-

2115 4158 2235 4195 rum
2267 4143 2410 4204 libri,
2443 4143 2567 4197 aliis
2598 4142 2825 4196 historia
2867 4139 3150 4201 Chronica,
3195 4137 3441 4191 Historia
3487 4148 3685 4204 tempo-

2117 4250 2253 4299 rum,
2288 4233 2532 4288 Historia
2563 4233 2968 4299 Cltronicorum,
3004 4233 3259 4294 Annales,
3290 4230 3452 4285 Liber
3489 4240 3685 4298 tempe.

2115 4342 2257 4390 rum,
2326 4325 2707 4382 Chronicorum
2766 4325 3043 4381 Canonum
3090 4324 3368 4392 multiplex
3426 4323 3686 4385 historia,

445 4388 610 4443 νόνων
652 4390 1001 4461 παντοδαπῆς
1041 4391 1326 4463 ἱστορίαςς
1365 4409 1561 4465 nempe
1609 4395 2010 4453 Eeclesiastica:

2116 4416 2414 4473 Chronicon
2463 4416 2778 4471 omnimodre
2830 4417 3088 4471 historian
3145 4415 3345 4471 Verum
3389 4424 3452 4468 ut
3483 4417 3687 4470 clarius

444 4478 687 4535 historia:
711 4479 834 4534 libri
860 4480 1053 4544 decem.
1071 4493 1121 4535 et
1146 4483 1329 4536 horum
1356 4483 1602 4553 Epitome
1631 4485 2011 4542 Chronicorum

445 4588 705 4626 canonum
737 4572 1052 4626 omnimodae
1081 4573 1339 4638 historiae,
1366 4581 1525 4646 quasi
1575 4577 1802 4644 diceret,
1834 4580 2014 4635 Cano-

445 4679 546 4718 nes
576 4663 905 4718 omnimoda:
933 4663 1182 4719 historiae
1217 4664 1484 4720 librorum
1529 4665 2011 4732 decem,llistorite

446 4753 820 4809 ecclesiastica:
896 4762 1027 4809 sunt
1098 4757 1356 4826 epitome.
1419 4757 1761 4830 Conscripsit
1826 4762 2012 4831 itaque

443 4842 738 4898 Chronicon
789 4843 1059 4900 Eusebius
1108 4847 1256 4916 quod
1301 4859 1385 4904 est
1413 4851 1578 4904 veluti
1624 4854 2007 4921 compendium

443 4949 626 4988 rerum
663 4949 692 4987 a
724 4950 783 4990 se
817 4937 1147 5006 scriptarum
1181 4940 1236 4992 in
1271 4939 1514 4994 Historia
1547 4943 1924 5010 ecclesiastica,
1956 4957 2010 5000 et

441 5041 548 5081 non
580 5026 910 5092 Cln'onicon,
939 5037 994 5084 et
1029 5030 1426 5102 Compendium
1455 5035 1699 5093 chronici
1719 5077 1734 5104 ,
1765 5047 1824 5094 ut
1853 5041 2009 5094 multi

443 5128 642 5173 temere
674 5121 883 5189 Opinati
917 5129 1068 5178 sunt.
1227 5125 1230 5128 ’

512 5210 630 5266 Col.
669 5210 792 5276 708,
830 5213 926 5267 lin.
954 5214 1003 5268 7.
1049 5216 1178 5281 Τοῖς
1195 5220 1437 5288 χρόνοις
1478 5222 1710 5292 Ἰνάχου
1733 5225 1840 5279 τὸν
1866 5226 2004 5296 μέν.

439 5292 731 5351 Eusebium
758 5299 811 5352 in
837 5316 937 5354 suo
961 5301 1220 5360 Chronico
1254 5309 1308 5362 in
1339 5312 1527 5366 multis
1557 5329 1679 5368 esse
1711 5292 2011 5370 hallucina-

439 5393 552 5439 tum
587 5391 788 5457 reperit
815 5391 1090 5463 Josl‘phus
1123 5396 1390 5471 Scaliger,
1440 5411 1495 5458 et
1528 5406 1641 5470 alii,
1677 5416 1730 5461 et
1764 5418 1891 5464 ante
1915 5427 2010 5468 eos

439 5476 704 5550 Georgius
740 5482 1050 5554 Syncellus.
1108 5490 1220 5546 Nec
1255 5495 1455 5552 mirum
1508 5507 1593 5552 est
1639 5499 1916 5556 hominem
1954 5505 2010 5559 in

440 5576 590 5664 tanta
625 5587 807 5628 rerum
833 5579 1196 5644 obscuritate,
1230 5600 1292 5638 ac
1324 5587 1667 5657 ignoratione
1715 5595 2010 5664 aliquando

441 5657 653 5727 lapsum
685 5666 872 5726 fuisse.
907 5671 1118 5730 Habent
1151 5686 1205 5733 et
1231 5680 1425 5752 reliqui
1466 5699 1660 5742 omnes
1708 5657 2008 5762 scriptores

2113 4509 2296 4563 omnia
2355 4509 2469 4563 ham
2517 4510 2887 4572 innotescant,
2944 4524 3014 4564 ne
3053 4509 3221 4562 variis
3253 4508 3431 4563 titulis
3455 4523 3549 4565 res
3583 4524 3689 4564 una

2111 4601 2413 4670 eademque
2433 4602 2780 4668 obscuretur,
2803 4617 2980 4670 operae
3005 4603 3237 4672 pretium
3263 4603 3369 4658 erit
3383 4603 3685 4671 explicare,

2111 4693 2365 4762 quisnam
2423 4692 2706 4747 fuerithic
2748 4691 2970 4747 Eusebii
3021 4701 3310 4753 tractatus,
3353 4703 3407 4747 et
3458 4693 3515 4746 in
3573 4709 3688 4762 qua:

2111 4784 2354 4838 membra
2378 4784 2608 4850 divisus,
2639 4793 2693 4840 et
2727 4786 2853 4854 quis
2884 4786 3192 4855 praecipuus
3223 4785 3552 4854 primusque
3572 4786 3686 4852 ejus

2111 4889 2332 4942 scapus.
2402 4873 2580 4929 Unum
2661 4875 2846 4944 itaque
2904 4876 3202 4944 perfectum
3261 4874 3686 4944 absolutumque

2111 4966 2215 5020 fuit
2242 4965 2460 5021 Eusebii
2493 4964 2806 5024 Chronicon.
2829 4965 3000 5032 Quod,
3033 4974 3092 5020 ut
3123 4965 3479 5020 Marcellinus
3504 4982 3684 5021 comes

2110 5058 2167 5111 in
2203 5058 2521 5127 prmfatiune
2547 5061 2632 5113 sui
2662 5057 2910 5112 Chronici
2946 5059 3166 5120 asserit,
3203 5075 3235 5110 a
3269 5058 3456 5111 mundi
3481 5059 3684 5128 fabrica

2109 5165 2273 5217 usque
2325 5149 2393 5202 ad
2451 5146 2856 5202 Constantinum
2913 5150 3201 5218 principem
3261 5147 3528 5202 Eusebius
3573 5148 3684 5204 Cc-

2109 5243 2363 5295 sariensis
2386 5242 2543 5311 hujus
2570 5242 2754 5296 swculi
2777 5242 3052 5310 originem,
3087 5253 3341 5311 tempora.
3377 5258 3573 5304 annos,
3609 5258 3684 5295 re-

2110 5349 2235 5402 gna,
2268 5336 2582 5404 virtutesque
2612 5335 2938 5396 mortalium,
2976 5344 3023 5386 et
3053 5335 3323 5387 variarum
3369 5335 3575 5386 artium
3606 5349 3684 5386 re-

2110 5434 2366 5490 pertores.
2395 5426 2727 5494 omniumque
2753 5441 2878 5494 pene
2917 5427 3304 5492 provinciarum
3349 5437 3682 5478 monumenta

2113 5511 2296 5565 (ἕνωεο
2321 5513 2482 5566 edidit
2511 5518 2670 5585 slglo,
2709 5529 2984 5588 nosterque
3018 5517 3373 5588 Hieronymus
3409 5518 3680 5571 transtulit

2111 5605 2162 5657 in
2188 5602 2460 5666 Latinum,
2489 5617 2537 5659 et
2570 5624 2731 5676 usque
2756 5610 2809 5661 in
2847 5609 3116 5662 Valentem
3146 5610 3412 5664 Cwsarem
3447 5609 3679 5665 Romano

2113 5694 2304 5764 adjecit
2361 5694 2590 5763 eloquio.
2644 5698 2820 5768 Igitur
2863 5708 3077 5770 uterque
3116 5699 3272 5770 hujus
3299 5702 3476 5769 aperis
3504 5711 3679 5756 auctor
