3840 6164
182 327 290 383 809

1206 319 1288 374 1N
1312 314 1682 374 susum“
1717 279 2185 368 HEXAEMEBON
2225 308 2449 365 norm.

3289 302 3395 364 810

182 454 534 496 vuuuxxvm
570 449 827 492 annorum
867 436 1004 490 hunc
1036 435 1287 490 mundum
1313 445 1435 488 tunc
1466 435 1580 503 fore
1605 435 1739 487 miro
1769 443 1816 498 Α
1839 440 1895 486 et
1916 429 1994 484 rei
2021 425 2459 483 demonstranda:
2485 424 2830 496 propositum
2854 422 3033 493 potius
3062 421 3115 477 id
3139 437 3405 493 exposco-

181 532 501 602 computarit
547 531 771 601 ingenio.
831 529 1004 598 Hujus
1078 529 1394 583 excellentis
1451 535 1506 582 et
1572 526 1738 580 unius

182 627 368 698 operis
409 632 592 695 partes
628 624 764 678 duas
792 630 981 678 auctor
1018 621 1182 677 fecit:
1223 622 1457 692 priorem
1502 620 1745 683 Κανόνας

183 711 534 782 παντοδαπῆς
581 711 816 782 ἱστορίας
842 727 855 741 ο
907 712 1280 780 posteriorem,
1311 710 1522 762 Κανόνα
1563 727 1744 781 χρονι-

184 802 282 856 κόν
311 799 683 872 inscripsit.ln
712 802 947 871 priorem
976 804 1217 854 omnium
1250 802 1513 871 gentium,
1551 816 1747 872 regno-

183 910 331 957 rum,
367 894 667 957 civitatum,
716 893 1008 956 cunabula,
1071 893 1330 962 origines,
1392 893 1745 962 antiquitates

186 986 492 1040 contulerat
519 1002 534 1042 ι
560 984 617 1037 in
643 983 935 1039 secundam
956 984 1131 1038 solum
1157 987 1348 1037 seriem
1368 999 1744 1050 numerorum,

187 1092 287 1132 seu
308 1090 574 1129 annorum
610 1075 1018 1144 imperatorum,
1047 1080 1100 1127 et
1125 1073 1387 1126 nonnulla
1413 1073 1537 1127 alia.
1562 1071 1747 1127 Prima

188 1184 319 1241 pars
364 1168 628 1239 prolixior
685 1182 752 1220 ex
799 1165 968 1219 variis
1031 1164 1346 1218 auctoribus
1401 1164 1744 1232 concinnata,

187 1259 350 1330 quasi
397 1258 612 1320 dill‘usa,
657 1264 712 1310 et
754 1271 890 1325 pene
948 1256 1254 1308 communis
1291 1253 1357 1307 ad
1395 1269 1749 1324 quascunque

187 1352 324 1405 alias
356 1351 594 1404 rationes
624 1355 928 1416 temporum
957 1347 1114 1401 nobis
1149 1346 1495 1416 pr0ponitur.
1539 1345 1749 1400 Secun-

187 1444 261 1498 da
293 1443 534 1497 strictior
559 1448 612 1495 et
639 1440 882 1510 pressior
926 1440 1028 1494 soli
1057 1439 1506 1494 demonstrationi
1536 1438 1742 1503 dedita,

187 1550 367 1589 annos
404 1547 698 1602 eorumque
753 1531 952 1587 seriem
1002 1547 1097 1600 per
1145 1531 1342 1601 strigas
1395 1539 1450 1585 et
1509 1530 1750 1600 virgulas

187 1623 535 1690 manifestat;
568 1624 738 1678 multa
779 1638 900 1692 qua:
953 1622 1010 1676 in
1049 1622 1218 1692 priori
1272 1630 1424 1692 parte
1480 1622 1743 1687 confusa,

188 1717 250 1774 in
329 1717 566 1772 secunda
630 1715 886 1772 distincta
965 1721 1266 1768 cernuntur
1321 1733 1335 1768 :
1408 1714 1464 1768 in
1537 1712 1752 1767 Canone

1843 523 1975 577 bant
2005 528 2063 574 ut
2087 521 2156 574 ab
2198 520 2390 583 Adam,
2419 518 2504 573 vel
2537 517 2584 572 si
2635 532 2666 570 a
2713 516 2933 586 regibus
2971 529 3002 568 a
3053 514 3202 579 Belo,
3236 515 3318 569 vel
3365 526 3404 571 a

1847 615 2103 678 Saturno,
2130 613 2215 668 vel
2238 611 2362 666 aliis
2385 609 2791 679 antiquioribus
2830 608 3043 662 initium
3073 607 3287 663 dicendi
3322 606 3406 662 fa-

1844 716 2011 764 ceret.
2057 707 2179 778 lpse
2221 720 2351 761 vero
2412 719 2443 758 a
2476 703 2615 757 Nino
2644 719 2741 759 seu
2797 702 3069 756 Abraham
3102 701 3404 758 exorditur.

1844 799 2113 854 Caeterum
2145 797 2402 862 Eusebio,
2435 797 2686 866 aliisque,
2729 794 2822 864 qui
2851 809 2950 864 pro
2981 793 3323 862 antiquitate,
3351 801 3406 847 et

1845 892 2087 947 veritatis
2118 891 2384 961 religione
2417 905 2540 943 cum
2567 889 2819 959 gentibus
2847 887 3152 950 certabant,
3181 900 3408 941 necesse

1845 992 1993 1050 erat,
2025 992 2086 1037 ut
2117 999 2184 1038 ex
2236 983 2399 1038 rebus
2429 981 2569 1051 apud
2611 981 2733 1035 illos
2762 980 2928 1042 notis,
2993 978 3236 1047 nullique
3269 992 3406 1031 con—

1847 1076 2108 1131 troversis
2129 1076 2328 1145 scripta
2344 1080 2744 1143 componerent.
2767 1071 3006 1126 Etlmicis
3031 1079 3208 1124 autem
3230 1070 3408 1124 histo-

1848 1169 2177 1240 riograpbis,
2231 1176 2340 1222 tam
2392 1167 2592 1222 Graecis
2647 1180 2808 1234 quam
2870 1162 3077 1217 Latinis
3119 1174 3410 1215 commune

1849 1261 1972 1326 fuit,
2007 1269 2064 1316 ut
2093 1269 2323 1316 testatur
2352 1259 2556 1314 Paulus
2590 1257 2836 1320 Orosius,
2869 1264 2930 1310 ut
2970 1255 3192 1309 annales
3220 1253 3408 1308 suos'a

1849 1353 1989 1408 Nino
2014 1353 2335 1423 inciperent,
2359 1367 2482 1406 cum
2507 1350 2689 1404 omnia
2722 1356 2846 1402 ante
2865 1361 2988 1402 eum
3021 1345 3234 1416 penitus
3257 1344 3412 1413 igno-

1851 1452 2054 1506 rarent,
2085 1459 2184 1498 nec
2215 1443 2469 1513 gentilem
2510 1441 2677 1495 ullam
2713 1440 2972 1493 haberent
3005 1437 3306 1490 historiam.
3345 1434 3412 1488 Et

1851 1535 1970 1604 ipse
2005 1533 2269 1588 Eusebius
2303 1533 2357 1587 in
2398 1530 2712 1602 prwfatione
2746 1548 2758 1581 :
2794 1528 2881 1580 ‘Ev
2908 1521 2987 1589 οἷς
3037 1526 3184 1578 οὐδὲν
3219 1524 3408 1593 ἐπίση-

1857 1646 1952 1699 μον
1985 1625 2204 1696 γεγονὸς
2241 1627 2530 1697 ἱστορεῖται
2571 1623 2699 1694 παρ’
2721 1621 2995 1692 Ἕλλησιν.
3021 1619 3158 1672 Hinc
3197 1617 3414 1671 Tertul-

1854 1718 2034 1771 lianus
2082 1717 2176 1770 lib.
2231 1716 2309 1770 De
2349 1714 2567 1784 pallio:
2621 1713 2774 1782 Piget
2825 1711 3002 1764 tristia
3054 1725 3155 1762 non
3215 1707 3410 1768 minus,

188 1810 339 1864 enim
405 1808 646 1863 chronica
724 1805 1107 1862 consideratur
1171 1815 1255 1878 et.
1292 1805 1463 1860 series
1528 1813 1582 1860 et
1657 1819 1740 1858 re-
1781 1806 1822 1860 Β
1849 1826 2007 1878 quam
2043 1825 2319 1877 regnorum
2361 1810 2492 1861 vices
2530 1821 2811 1860 recensere.
2849 1804 3063 1870 Quoties
3090 1811 3138 1856 et
3169 1801 3273 1854 ista
3303 1815 3419 1852 mu-

187 1910 314 1956 ctus
375 1901 510 1955 ordo
581 1915 930 1954 numerorum
1012 1913 1108 1953 seu
1173 1913 1482 1960 annorum,
1541 1912 1753 1952 necnon

187 1992 507 2050 eorumdem
542 1991 812 2061 oppositio
845 1991 1183 2046 diversorum
1231 1989 1502 2044 ordinum.
1555 1989 1750 2042 Arnal-

187 2085 296 2138 dus
331 2083 603 2138 Pontacus
653 2091 804 2153 putat
846 2081 1098 2137 Canoncs
1155 2082 1445 2135 chronicos
1479 2081 1556 2134 nil
1604 2079 1750 2133 aliud

188 2191 336 2238 esse,
367 2190 526 2245 quam
559 2176 769 2228 tabulas
794 2175 1026 2242 aliquas,
1067 2172 1120 2225 id
1151 2179 1254 2235 est,
1317 2172 1532 2224 diversa
1576 2169 1752 2238 spatia

188 2265 440 2319 dimensa
475 2264 632 2320 lineis
662 2280 725 2318 ac
749 2265 1047 2325 laterculis,
1099 2278 1218 2331 qum
1242 2261 1527 2315 continent
1562 2274 1752 2312 nume-

188 2371 288 2409 ros
316 2356 419 2409 sibi
458 2356 734 2425 Oppositos
768 2369 833 2407 ex
881 2353 1132 2417 adverso,
1193 2352 1393 2420 quibus
1443 2351 1753 2404 indicantur

185 2455 441 2514 tempora
472 2461 566 2499 seu
593 2445 721 2497 anni
758 2444 1098 2497 diversorum
1132 2457 1319 2512 regum
1356 2441 1584 2494 invicem
1621 2455 1754 2493 con-

187 2545 498 2596 currentes,
529 2550 624 2589 seu
666 2533 1083 2595 concordantes,
1136 2539 1189 2584 et
1215 2548 1280 2584 ex
1326 2545 1556 2600 quorum
1587 2529 1754 2582 colla-

186 2628 364 2689 tione,
391 2642 484 2682 seu
511 2624 932 2694 computatione,
956 2623 1227 2693 colligitur
1246 2623 1526 2685 canonica,
1548 2636 1642 2675 seu
1667 2633 1755 2674 re-

188 2721 401 2792 gularis
429 2726 482 2773 et
511 2726 660 2772 certa
687 2728 989 2786 temporum
1029 2715 1360 2784 supputatio,
1392 2721 1446 2768 et
1481 2713 1752 2768 collectio.

188 2809 429 2880 Idquuc
458 2811 607 2876 unio,
653 2826 746 2864 seu
780 2806 1072 2862 concordia
1120 2813 1353 2874 quatuor
1399 2805 1758 2875 evangelista-

190 2918 342 2966 rum,
381 2917 501 2972 quae
538 2903 604 2954 ab
641 2886 873 2953 Eusebio
912 2896 1262 2958 describitur,
1314 2911 1409 2965 per
1445 2894 1755 2964 hujusmodi

191 2994 375 3050 lineas
426 3003 604 3048 rectas
653 3001 706 3046 et
753 2999 1119 3052 transversas,
1171 3003 1292 3058 qua:
1323 2989 1756 3056 complectuntur

193 3093 381 3140 certos
423 3093 477 3138 et
509 3085 752 3138 diversos
785 3097 1042 3135 numeros
1065 3081 1296 3134 invicem
1324 3078 1427 3133 sibi
1451 3081 1752 3148 oppositos,

192 3177 399 3248 quibus
461 3174 770 3228 indicantur
823 3173 1038 3226 diversa
1090 3171 1268 3240 capita
1323 3169 1377 3222 in
1416 3171 1611 3239 quibus
1649 3170 1756 3238 ipsi

191 3267 544 3336 evangelista:
571 3265 923 3326 conveniunt,
972 3263 1208 3318 Canones
1243 3261 1522 3332 evangelici
1563 3261 1756 3315 dicun-

190 3369 309 3416 tur.
341 3360 448 3415 Sed
475 3359 605 3429 quid
632 3359 810 3413 verbis
838 3371 1136 3426 opus,cnm
1164 3355 1250 3408 hic
1278 3355 1390 3424 ipse
1420 3353 1756 3417 Eustathius,

193 3453 453 3523 quisnam
500 3450 660 3504 fuerit
693 3447 982 3504 Chronicus
1012 3463 1179 3499 canon
1212 3445 1429 3500 Eusebii
1459 3445 1761 3499 clarissime

193 3545 474 3616 explicet?
501 3541 763 3613 Χρονικσοῦ
797 3542 904 3613 γὰρ
939 3540 1160 3615 καανόνος
1190 3537 1438 3602 σύνταξιν
1473 3538 1760 3608 ἐπινοήσας

195 3639 264 3691 ἐκ
294 3635 634 3707 παραλλήλου
664 3633 1062 3705 ἀντιπαρέθηκε
1094 3632 1182 3684 τὸν
1214 3632 1339 3701 παρ’
1372 3631 1584 3698 ἑκάστῳ
1621 3628 1762 3681 ἔθνει

191 3727 606 3782 δυναστεύοντα.
639 3725 891 3781 Omnium
928 3725 1129 3794 optime
1153 3723 1205 3776 id
1229 3723 1468 3776 declarat
1493 3721 1762 3775 Eusebius

193 3819 252 3872 in
283 3816 549 3886 prooemio
573 3815 825 3870 secundae
847 3814 1037 3883 partis,
1070 3814 1124 3865 in
1155 3827 1262 3881 quo
1283 3811 1413 3879 quid
1440 3811 1611 3879 prima
1638 3825 1762 3879 pars

203 3925 234 3963 a
281 3907 524 3963 secunda
554 3905 765 3960 differat
791 3905 940 3958 hisce
961 3904 1182 3972 exponit
1214 3901 1382 3969 εἙγὼ
1407 3901 1463 3954 δὲ
1485 3900 1612 3972 περὶ
1633 3899 1764 3952 πολ‹

195 3991 294 4052 λοῦ
316 3997 406 4051 τὸν
433 3997 602 4066 ἀληθῆ
637 3997 790 4064 λόγον
819 3995 1143 4068 τιμώμενος,
1189 3995 1282 4048 καὶ
1311 3995 1370 4047 τὸ
1404 3994 1626 4065 ἀκριϐὲς
1653 3994 1766 4046 ἁνι-

196 4091 424 4164 χνεῦσαι
456 4091 544 4143 διὰ
565 4092 796 4162 σπουδῆς
825 4092 1157 4163 προύθέμην.
1187 4091 1376 4143 Ἔνθεν
1399 4091 1681 4162 ὁρμηθεὶς,
1709 4093 1764 4142 ἐν

200 4184 305 4254 μὲν
339 4184 406 4252 τῇ
437 4183 539 4252 πρὸ
571 4183 772 4254 ταύτης
795 4182 1041 4249 συντάξει
1072 4182 1200 4246 ὕλας
1229 4183 1529 4254 ἐκπορίζων
1550 4181 1766 4252 ἐμαυτῷ

199 4272 409 4345 χρόνων
446 4271 763 4341 ἀναγραφὰς
797 4272 1182 4343 συνελεξάμην,
1208 4271 1462 4334 παντοίας
1499 4271 1767 4341 βασιλείας

197 4367 311 4419 ’τῶν
324 4363 621 4429 Χαλδαίων,
641 4363 957 4437 Ἀσσυρίων,
971 4365 1188 4435 Μήδων,
1209 4364 1449 4435 Περσῶν,
1465 4364 1668 4427 Λυδῶν,
1684 4365 1769 4416 'E-

1855 1903 2096 1964 laverint,
2121 1900 2228 1965 iam
2257 1899 2375 1953 inde
2427 1917 2460 1952 a
2504 1897 2645 1951 Nino
2683 1896 2794 1950 Beli
2840 1896 3082 1965 progenie
3098 1893 3118 1945 .'
3165 1894 3214 1946 si
3241 1901 3418 1944 tamen

1855 1991 1908 2046 Ν
1914 1994 2028 2046 inus
2055 1993 2287 2062 regnavit
2315 1991 2537 2060 primus,
2578 1997 2635 2040 ut
2665 1994 2908 2040 autumat
2938 1986 3263 2054 superiorum
3290 1999 3418 2052 pro-

1856 2085 2073 2153 {anitas,
2114 2084 2372 2150 fermeque
2412 2080 2550 2150 apud
2595 2096 2682 2133 vos
2732 2079 2878 2131 ultra
2929 2078 3098 2147 stylus
3159 2092 3261 2130 non
3294 2091 3418 2143 pro-

1854 2175 2104 2245 greditur.
2132 2175 2196 2228 Et
2218 2175 2471 2228 Albertus
2503 2175 2670 2228 abbas
2698 2171 2980 2226 Stadensis
3015 2169 3068 2222 in
3105 2167 3363 2223 Chronico
3395 2180 3416 2220 :

1855 2265 1894 2316 Α
1925 2266 2093 2330 primo
2133 2274 2346 2332 parente
2396 2265 2666 2316 hominum
2710 2278 2869 2332 usque
2899 2260 2966 2313 ad
3012 2258 3214 2314 Ninum
3242 2257 3417 2311 nullos

1856 2365 2001 2409 actus
2040 2373 2212 2409 rerum
2236 2355 2562 2409 mundalium
2592 2352 3000 2424 historiographi
3021 2352 3242 2422 posteris
3271 2359 3416 2404 attu-

1859 2449 2050 2503 lerunt.
2082 2447 2307 2518 Ideoque
2338 2447 2401 2501 ab
2440 2449 2554 2515 ipso
2597 2457 2883 2514 creperum,
2913 2446 3037 2516 quia
3074 2446 3183 2514 ipse
3215 2445 3417 2511 primus

1856 2541 2031 2594 aliena
2063 2540 2310 2594 invadens
2343 2540 2556 2593 minime
2582 2540 2692 2593 suis
2723 2539 2956 2592 terminis
2989 2545 3102 2590 crat
3122 2543 3414 2589 contentus.

1857 2631 1971 2686 Ilac
1996 2634 2179 2701 itaque
2223 2632 2431 2686 ratione
2465 2630 2618 2684 ducti
2665 2645 2876 2694 omnes,
2909 2638 2961 2683 et
2996 2629 3110 2697 ipse
3147 2625 3417 2682 Eusebius

1858 2736 1889 2775 a
1924 2721 2062 2776 Nino
2092 2721 2324 2776 orditur.
2357 2720 2492 2775 Vide
2548 2721 2846 2785 Iustinum,
2917 2718 3235 2783 Diodorum,
3281 2717 3420 2773 Oro-

1859 2815 2021 2874 sium,
2041 2813 2430 2868 Cassiodorum
2458 2820 2510 2867 et
2535 2812 2692 2867 alios.

1930 2906 2047 2962 Col.
2082 2905 2203 2968 708,
2235 2906 2331 2959 lin.
2362 2905 2447 2959 II.
2493 2903 2802 2973 Συνήγαγε
2828 2901 2896 2954 δὲ
2927 2903 3201 2971 χρόνους.
3243 2898 3423 2955 Verba

1862 3005 1989 3054 sunt
2023 2997 2239 3052 Eusebii
2278 2997 2334 3050 in
2375 2996 2641 3065 prooemio
2686 2995 2771 3050 sui
2801 2992 3049 3049 Chronici
3086 2994 3337 3057 canonis,
3367 3000 3424 3047 et

1863 3105 1893 3143 a
1924 3089 2082 3144 nobis
2133 3090 2384 3158 superius
2423 3088 2670 3142 recitata.
2729 3086 2808 3140 Ex
2855 3087 3053 3156 quibus
3099 3086 3283 3156 regnis
3314 3084 3422 3140 duo

1859 3180 2176 3235 exciderunt
2207 3180 2262 3233 in
2293 3177 2534 3242 Canone,
2566 3177 2918 3233 Chaldaicum
2944 3185 2999 3232 et
3024 3177 3420 3233 Thessalicum.

1863 3270 1968 3326 Sed
1994 3271 2371 3325 Chaldaeorum
2394 3284 2621 3340 regnum
2652 3271 2862 3324 salvum
2886 3269 3064 3324 adhuc
3087 3279 3335 3339 superest
3365 3270 3422 3324 in

1860 3363 2107 3432 reliquiis
2135 3360 2338 3416 Graecis
2361 3360 2557 3429 prioris
2584 3360 2731 3426 libri,
2751 3358 3137 3415 Thessalorum
3170 3360 3423 3414 neutrubi

1860 3462 2058 3508 exstat.

1932 3543 2092 3607 Ibid.,
2128 3543 2225 3596 lin.
2270 3541 2356 3598 16.
2418 3541 2529 3597 Καὶ
2567 3541 2790 3595 τούτων·
2834 3541 2975 3608 τοὺς
3027 3543 3300 3610 χρόνους.
3348 3541 3429 3597 Ita

1863 3645 1992 3708 puto
2032 3636 2414 3706 supplendum,
2466 3636 2576 3688 Καὶ
2603 3634 2806 3687 τούτων
2837 3637 2962 3699 τοὺς
2997 3636 3220 3707 χρόνους
3249 3637 3340 3689 ἐπὶ
3365 3637 3429 3690 τὸ

1861 3729 1993 3782 αὐτὸ
2053 3727 2407 3799 συναθροίσας
2468 3727 2695 3780 ἑκάστου
2759 3727 2943 3791 ἔθνους
2998 3728 3106 3782 τῶν
3167 3728 3428 3798 βασιλέων

1864 3821 2235 3886 ωνεξελέξατο
2254 3819 2493 3891 χρόνους,
2525 3827 2617 3873 aut
2649 3819 2778 3889 quid
2812 3819 3008 3874 simile.

1933 3912 2094 3975 Ibid.,
2124 3913 2217 3966 lin.
2245 3911 2335 3966 20.
2367 3912 2528 3966 Κατὰ
2569 3912 2679 3981 γὰρ
2717 3910 2833 3979 τὴν
2859 3911 3198 3981 Σεμίραμιν.
3261 3911 3433 3968 Euse-

1863 4005 1987 4060 bius
2020 4023 2033 4058 ;
2062 4003 2208 4074 Πλὴν
2250 4002 2386 4056 ἀλλὰ
2431 4004 2524 4056 καὶ
2560 4002 2731 4066 οὕτως
2780 4001 2922 4056 κατὰ
2978 4003 3075 4072 μέν
3107 4004 3337 4074 Ἴναχον,
3370 4003 3429 4056 ὃν

1866 4093 2081 4166 πρῶτον
2131 4093 2388 4164 ’Έλληνες
2444 4094 2678 4163 Ἀργους
2739 4089 3049 4161 βασιλεῦσαί
3104 4109 3264 4160 φασι,
3338 4093 3429 4146 τὸν

1878 4187 2140 4259 Ἐϐραίων
2169 4187 2485 4257 προπάτορα
2517 4184 2731 4256 Ἰσραὴλ
2759 4183 3045 4255 γενόμενον
3076 4182 3251 4256 εὖρον,
3287 4185 3344 4252 ἐξ
3367 4177 3431 4238 οὗ

1865 4277 1927 4329 τὸ
1942 4274 2313 4345 δωδεκάφυλον
2347 4275 2438 4328 τοῦ
2467 4275 2734 4328 Ἰουδαίων
2763 4274 2948 4337 ἔθνους
2977 4274 3076 4342 τῆς
3098 4273 3192 4326 τοῦ
3219 4272 3435 4344 Ἰσραὴλ

1871 4368 2182 4436 ἐπωνυμίας
2209 4365 2431 4437 ἠξιώθη.
2450 4367 2592 4420 κατὰ
2622 4366 2678 4419 δέ
2702 4367 3002 4437 Σεμίραμιν
3038 4365 3129 4418 τὸν
3162 4365 3430 4436 Ἀϐραὰμ,

201 4457 1110 4532 ϐραίων,Αίγυπτίων,Ἀθηναίων,
1129 4456 1407 4526 ’Δρ-ίείων,
1437 4456 1764 4518 Σικυωνίων,
1797 4474 1842 4528 D
1871 4457 2135 4510 Χαλδαῖον
2171 4456 2267 4527 μὲν
2308 4455 2368 4509 τὸ
2400 4456 2574 4524 γένος,
2592 4455 2764 4518 ἄλλως
2794 4473 2857 4524 γε
2890 4456 3055 4526 ἄνδρα
3086 4455 3434 4525 θεοφιλῆ,καὶ

198 4550 662 4620 Λακεδαιμονίων,
719 4548 1034 4620 Κορινθίων,
1085 4546 1386 4613 Θετταλῶν,
1424 4549 1765 4613 Μακεδόνων,

198 4641 468 4706 Λατίνων,
483 4635 562 4704 οἷς
578 4641 798 4712 ὕστερον
815 4642 1032 4710 γέγονεν
1045 4643 1269 4714 ἐπίκλην
1291 4644 1459 4714 ὄνομα
1481 4644 1736 4713 Ῥωμαῖοι
1750 4659 1763 4672 °

199 4733 340 4802 ὁμοῦ
359 4733 598 4800 γίνονται
631 4739 687 4785 ιε’
707 4750 719 4762 ·
753 4735 809 4785 ἐν
837 4734 893 4786 δέ
925 4733 1001 4804 τῷ
1025 4735 1269 4804 παρόντι,
1292 4737 1382 4786 ἐπὶ
1413 4735 1473 4786 τὸ
1495 4735 1624 4787 αὐτὸ
1646 4734 1769 4797 τοὺς

201 4822 432 4894 χρόνους
459 4821 796 4892 συναγαγὼν,
815 4825 907 4877 καὶ
932 4825 1316 4895 ἀντιπαραθεὶς
1342 4827 1404 4877 ἐκ
1428 4825 1769 4895 παραλλήλου

201 4913 296 4964 τὸν
327 4915 457 4983 παρ’
475 4913 689 4983 ἑκάστῳ
739 4913 878 4967 ἔθνει
911 4914 1017 4966 τῶν
1057 4903 1192 4967 ἐτῶν
1226 4915 1475 4985 ἀριθμὸν,
1521 4913 1771 4985 χρονικοῦ

204 5005 433 5068 κανόνος
465 5004 713 5071 σύνταξιν
750 5006 1114 5077 ἐποιησάμην.
1147 5005 1226 5059 En
1259 5006 1418 5059 unius
1440 5007 1619 5074 operis
1652 5020 1764 5074 per-

205 5095 335 5151 fecti
370 5111 435 5150 ex
465 5097 583 5166 ipso
614 5105 837 5152 auctore
866 5098 974 5152 duo
1002 5097 1242 5151 membra
1273 5097 1551 5158 distincta,
1582 5104 1634 5150 et
1660 5112 1774 5150 am-

208 5190 404 5242 borum
437 5204 685 5259 scopum,
736 5198 899 5258 atque
930 5191 1294 5259 pronositum,
1344 5190 1544 5258 quibus
1573 5188 1775 5258 optime

205 5280 370 5335 nobis
391 5283 516 5348 quis
546 5282 618 5335 sit
644 5283 907 5352 Χρονικὸς
933 5280 1110 5334 κανών
1143 5281 1456 5336 innotescit.

277 5371 397 5426 Col.
435 5372 559 5433 708,
603 5373 697 5426 lin.
737 5373 822 5427 i0.
869 5374 961 5426 Ἐκ
1005 5373 1402 5442 παραλλήλου
1458 5371 1774 5440 ἀντιπαρέ-

205 5464 370 5530 θηκε.
429 5462 642 5532 Optime
675 5473 858 5518 noster
903 5463 1224 5519 Eustathius
1277 5464 1461 5519 verbis
1516 5465 1690 5526 hisce,
1743 5479 1777 5520 a

206 5568 449 5622 quonam
471 5555 554 5608 vel
581 5555 722 5610 unde
750 5555 835 5609 sui
866 5554 1122 5609 Chronici
1152 5556 1376 5610 canonis
1406 5556 1617 5609 initium
1658 5556 1775 5609 fue-

206 5647 278 5698 rit
313 5646 632 5716 auspicatus
664 5649 906 5717 exponit,
942 5647 1195 5702 videlicet
1241 5650 1304 5700 ἐκ
1347 5648 1446 5718 τῆς
1473 5649 1774 5718 ἀντιπαρα-

211 5735 434 5801 οέσεωςο
469 5737 640 5790 series
673 5737 814 5790 enim
862 5743 1192 5805 temporum,
1233 5737 1444 5792 ratione
1481 5751 1770 5802 annorum,

535 5831 804 5906 Panos.
842 5827 956 5890 Gn.
1000 5824 1226 5890 XVIII.

1867 4549 2080 4622 πρῶτον
2108 4549 2215 4602 τῶν
2260 4551 2387 4620 παρ’
2428 4549 2696 4620 Ἑϐραίοις
2739 4547 3027 4619 προφητῶν
3076 4544 3212 4601 εἶναι
3268 4566 3433 4603 πεπι-

1871 4637 2178 4709 στευμὲνον.
2216 4637 2278 4691 Ει
2300 4636 2536 4692 Joannes
2560 4636 2930 4690 Antiochenus
2954 4638 3010 4690 in
3027 4636 3392 4706 Archaaologia
3411 4653 3433 4692 :

1871 4730 1994 4783 ’Ότι
2043 4729 2184 4782 κατὰ
2215 4730 2348 4792 τοὺς
2380 4727 2630 4801 Ἀϐραὰμ
2669 4729 2888 4799 χρόνους
2931 4729 3112 4794 Νίνος,
3154 4729 3248 4782 καὶ
3272 4730 3436 4801 Σεμί-

1873 4839 2038 4893 ραμις
2068 4820 2395 4874 ἐϐασίλευον.

1941 4909 2100 4974 lbid.,
2128 4912 2224 4966 lin.
2247 4911 2336 4966 25.
2389 4909 2649 4979 Μωῦσῆς
2677 4909 2746 4963 δὲ
2777 4910 2928 4965 κατὰ
2957 4913 3246 4978 Κέκροπα.
3270 4914 3439 4971 Euse-

1871 5004 2031 5059 bius:
2069 5003 2280 5056 Τούτων
2313 5003 2421 5074 γὰρ
2463 5004 2717 5057 ἁπάντων
2753 5003 2852 5074 τὴν
2888 5004 3124 5077 ἱστορίαν
3167 5007 3440 5078 νεωτέραν

1871 5097 1972 5166 τῆς
2007 5097 2291 5168 Κέκροπος
2345 5096 2561 5166 ἡλικίας
2607 5097 2792 5160 παῖδες
2841 5097 3104 5168 Ἑλλήνων
3133 5098 3442 5172 παραδεδώ-

1872 5202 2020 5240 κασι.
2052 5188 2287 5241 Μωῦσέα
2325 5187 2382 5240 δὲ
2419 5190 2451 5259 ἡ
2498 5187 2748 5258 παροῦσα
2791 5188 3035 5254 ἐξέτασις
3075 5189 3182 5244 τῶν
3233 5190 3441 5264 χρόνων

1872 5280 2124 5348 γενέσθαι
2162 5280 2302 5334 κατὰ
2334 5281 2595 5354 Κέκροπα
2640 5281 2729 5334 τὸν
2757 5281 2938 5353 διφυῆ,
2974 5283 3032 5337 ὃν
3067 5283 3279 5353 πρῶτόν
3310 5301 3443 5353 φασι

1872 5372 1971 5441 τῆς
1999 5372 2245 5443 Ἀττικῆς
2294 5372 2627 5442 βασιλεῦσαι,
2665 5374 2942 5446 συνίστησι
2997 5374 3102 5445 πρὸ
3135 5375 3240 5429 τῶν
3286 5376 3445 5429 Ἰλια-

1874 5463 1983 5516 κῶν
2015 5463 2156 5533 ἀμφὶ
2220 5469 2294 5515 τν¹
2348 5462 2464 5534 ἔτη.
2522 5463 2599 5517 Ex
2653 5466 2854 5534 quibus
2901 5465 3198 5534 supplenda
3248 5466 3446 5521 lacuna

1875 5557 1932 5608 in
1974 5563 2164 5610 nostro
2209 5553 2493 5610 Eustathio
2530 5573 2543 5609 :
2576 5558 2673 5610 ‘Ov
2729 5557 2833 5628 πρὸ
2865 5555 2971 5609 τῶν
3015 5557 3256 5612 ’Ῑλιακων
3300 5558 3449 5611 ἔτεσι

1875 5647 2204 5719 τριακοσίοις
2256 5648 2595 5716 πεντήκοντα
2654 5646 3072 5717 παραδεδώκασι
3136 5648 3450 5718 βασιλεῦσαι

1876 5738 2090 5809 πρῶτον
2122 5730 2221 5808 τῆς
2251 5739 2498 5802 Ἀττικῆς
2537 5737 2806 5807 Ἑλλήνων
2847 5738 3053 5803 παῖδες.
3109 5741 3217 5795 lmo
3247 5749 3451 5795 utrum-

3088 5833 3167 5892 26
