3866 6162
417 336 512 391 8H

1752 333 2000 391 LEONIS
2027 332 2304 389 ALLATII

3548 326 3663 387 8'11

417 472 524 530 que
563 458 942 531 corrigamus:
999 457 1199 513 misere
1240 458 1387 514 enim
1437 458 1494 513 in
1524 455 1781 523 Eusebio,
1813 473 1844 512 a
1867 473 1978 529 quo
2004 465 2051 522 Α
2080 458 2335 529 placent;
2369 456 2502 527 quid
2552 452 3101 524 mirumidisplicuit
3142 457 3298 505 antea
3340 457 3395 505 et
3442 448 3665 506 divino-

416 558 625 617 noster,
660 565 771 606 non
796 558 1005 613 tantum
1033 551 1091 606 in
1118 551 1301 616 editis,
1350 551 1446 606 sed
1487 550 1541 605 in
1571 550 1828 606 omnibus
1868 551 1983 607 fere

415 644 801 714 manuscriptis
831 644 1067 714 positum
1089 651 1175 698 est
1203 649 1278 697 τν¹
1297 656 1445 707 CCCL,
1467 658 1567 714 pro
1587 657 1856 711 cccuxv;
1885 644 1981 699 sed

415 738 701 811 castigatio
724 734 1001 793 hacinita
1042 739 1428 808 supputatione
1466 737 1734 792 firmatur.
1764 736 1898 791 Nam
1932 738 1980 792 si

410 843 564 884 anno
602 843 799 883 ccccu
850 828 920 883 ab
944 828 1218 883 Abraham
1256 828 1312 882 in
1358 843 1518 898 quem
1570 828 1761 882 incidit
1804 842 1980 884 annus

414 928 560 972 xxxv
613 917 832 989 Hoysis,
884 923 938 971 et
1001 916 1213 986 primus
1262 916 1546 988 Cecropis,
1600 917 1980 988 aggregaveris

412 1022 669 1073 cccuxv,
711 1007 952 1078 reperies
977 1021 1152 1063 annos
1195 1021 1492 1072 ncocxxxv,
1527 1022 1637 1078 quo
1680 1006 1977 1078 Trojanum

411 1099 644 1171 contigit
667 1098 963 1163 excidium,
990 1106 1045 1154 et
1078 1099 1167 1155 hic
1191 1115 1313 1170 qua:
1337 1099 1533 1155 scribit
1559 1098 1829 1156 Eusebius
1860 1098 1979 1170 ipse

324 1256 327 1259 Α
410 1190 558 1247 circa
589 1206 793 1247 annum
833 1191 902 1245 ab
929 1190 1204 1247 Abraham
1240 1204 1537 1246 ncccxxxv.
1568 1191 1725 1257 Quod
1755 1201 1813 1246 ut
1844 1190 1978 1245 laci-

406 1281 517 1338 lius
559 1282 780 1339 credam
820 1281 947 1337 l‘acit
980 1282 1223 1338 Africani
1273 1284 1573 1339 auctoritas
1609 1283 1663 1337 in
1694 1281 1973 1350 Chronico,

407 1375 499 1430 ubi
529 1375 606 1430 ait
633 1395 647 1432 :
698 1376 829 1430 Ἀπὸ
858 1376 1147 1447 Κέκροπος
1186 1377 1280 1430 ἐπὶ
1309 1375 1409 1447 τὴν
1440 1375 1597 1429 Ἰλίου
1626 1375 1826 1429 ἅλωσιν
1853 1392 1977 1428 συν-

406 1465 628 1535 ἀγονται
663 1466 843 1540 μικρῷ
873 1468 1065 1521 δέοντα
1101 1466 1195 1537 ἔτη
1230 1473 1296 1521 υ’.

473 1559 590 1616 Col.
624 1560 747 1624 708,
765 1560 860 1615 lin.
890 1559 980 1616 24.
999 1559 1095 1626 Ὠς
1113 1555 1264 1613 εἶναι
1289 1556 1409 1612 τῶν
1440 1556 1574 1627 παρ’
1595 1559 1874 1626 Ἕλλησι.
1898 1555 1974 1610 Ex

402 1648 672 1707 Eusebio:
698 1650 934 1704 Μωῦσέα
965 1650 1042 1716 δὲ,
1075 1648 1381 1721 φιλαλήθως
1417 1652 1611 1713 εἰπεῖν,
1632 1649 1836 1702 τούτων
1875 1649 1974 1720 μὲν

2080 566 2202 605 rum
2246 549 2522 604 hominum
2570 561 2694 602 acre
2743 546 3191 615 inculpatumque
3244 541 3557 611 judicium;
3606 551 3666 599 et

2080 642 2245 714 quod,
2281 642 2485 696 utinam
2518 640 2663 695 bono
2692 653 2793 694 suo
2827 637 3022 691 falsum
3042 636 3147 692 sit!
3178 650 3322 691 verae
3349 634 3664 691 catholica.

2080 750 2186 805 que
2228 734 2511 799 veritatis;
2546 731 2640 788 sed
2693 731 2760 785 ad
2800 731 2922 800 ejus
2951 730 3094 785 sicut
3139 736 3193 784 et
3235 736 3553 784 caeterorum
3601 728 3663 783 in

2079 827 2371 883 Homerum
2396 834 2630 881 conatus
2668 832 2723 880 et
2759 824 3019 883 rationes.
3053 822 3106 876 in
3149 820 3383 877 Homero
3411 826 3602 875 nostro
3626 832 3660 873 a

2078 919 2366 975 calumniis
2394 917 2694 984 vindicato,
2725 923 2784 970 ut
2814 915 3017 971 veritas
3058 929 3239 970 causae
3287 913 3532 984 exposcit
3564 926 3657 967 re-

2078 1010 2426 1083 spondemus.
2459 1008 2534 1065 De
2572 1007 2791 1063 Homeri
2836 1017 2890 1062 et
2919 1004 3139 1061 Hesiodi
3170 1005 3509 1076 temporibus
3535 1005 3659 1060 haec

2076 1102 2238 1158 habet
2273 1100 2512 1157 Joannes
2557 1098 2951 1164 Antiochenus,
2985 1084 3039 1152 iu
3067 1096 3430 1168 Archtcologia
3466 1112 3487 1151 :
3513 1096 3657 1152 Φασί

2075 1210 2218 1257 τινες
2248 1193 2493 1263 Ὅμηρον
2530 1192 2624 1245 καὶ
2655 1189 2894 1243 Ἡσίοδον
2913 1188 3076 1242 Δαόὶδ
3099 1189 3441 1260 συνακμάσαι
3464 1228 3481 1253 ,
3515 1189 3565 1241 oi
3595 1188 3656 1242 δὲ

2074 1286 2241 1358 ὀλίγῳ
2281 1286 2564 1358 πρότερον,
2601 1285 2649 1337 oi
2670 1284 2727 1337 δὲ
2761 1283 2899 1355 μετὰ
2935 1282 3105 1336 ταῦτα
3140 1282 3408 1352 γενέσθαι.

2144 1378 2305 1443 lbid.,
2339 1377 2438 1432 lin.
2472 1377 2571 1430 '27.
2600 1377 2730 1429 Ἔτι
2765 1391 2831 1429 τε
2859 1375 3170 1443 Χείρωνος.
3202 1372 3471 1445 Iosephus
3511 1372 3655 1432 Sca-

2073 1472 2208 1543 liger
2233 1468 2610 1525 Animadvers.
2649 1466 2705 1522 in
2734 1466 2955 1523 Eusebii
2987 1466 3325 1531 Chronicum,
3360 1468 3560 1522 acriter
3590 1466 3655 1521 in

2072 1563 2460 1636 Hieronymum
2504 1560 2800 1624 invehitur,
2856 1560 3153 1629 multisque
3200 1575 3324 1613 eum
3374 1559 3651 1630 exagitat,

2072 1657 2214 1728 quod
2247 1656 2417 1710 multa
2455 1655 2511 1709 in
2540 1653 2632 1708 illa
2666 1651 3112 1722 interpretatione
3161 1650 3472 1706 necessaria
3507 1651 3657 1706 omi-

402 1741 684 1814 νεώτερον,
716 1740 827 1795 τῶν
870 1741 927 1794 δὲ
967 1742 1096 1813 παρ’
1135 1740 1390 1810 Ἕλλησιν
1440 1740 1963 1811 ἀρχαιολογουμένων

2071 1748 2224 1813 serit,
2275 1749 2433 1819 plura
2473 1746 2542 1801 de
2587 1760 2688 1802 suo
2721 1743 3010 1812 addiderit,
3041 1743 3098 1798 in
3129 1744 3318 1799 multis
3341 1744 3504 1798 etiam
3533 1758 3652 1798 non

402 1834 791 1908 πρεσϐύτατον,
820 1835 1056 1905 Ὀμήρου
1084 1831 1247 1902 λέγω,
1265 1833 1359 1886 καὶ
1384 1833 1650 1896 Ἡσιόδου,
1676 1832 1769 1886 καὶ
1792 1831 1963 1885 αὐτῶν

2071 1843 2143 1897 sit
2174 1839 2395 1897 Eusebii
2442 1826 2678 1895 mentem
2725 1844 3012 1894 assecutus
3049 1855 3065 1892 :
3105 1835 3188 1892 sic
3232 1835 3399 1891 etiam
3437 1834 3542 1889 hoc
3590 1835 3653 1889 in

398 1927 508 1982 τῶν
550 1927 846 2000 Τρωῖκῶν,
893 1926 989 1980 καὶ
1044 1925 1124 1980 ἔτι
1179 1925 1516 1997 Διοσκούρων
1540 1967 1555 1992 ,
1608 1926 1967 1997 Ἀσκληπιοῦ,

2070 1930 2191 1984 loco
2236 1928 2305 1984 de
2352 1927 2576 1983 Chirone
2613 1928 2688 1982 ait
2719 1941 2920 1982 nomen
2975 1926 3079 1980 hoc
3130 1925 3195 1980 de
3240 1942 3338 1980 suo
3379 1924 3653 1980 addidisse

398 2017 673 2084 Διονύσου,
691 2017 886 2090 ἡρώων
910 2033 971 2070 τε
998 2017 1234 2079 πάντων,
1250 2017 1452 2090 Ἐρμοῦ
1490 2034 1551 2070 τε
1575 2017 1669 2070 καὶ
1706 2017 1963 2071 Ἀπόλλω⁴

2069 2023 2466 2091 Hieronymum,
2499 2036 2662 2088 neque
2685 2036 2776 2090 per
2814 2020 2992 2075 omnia
3025 2019 3258 2074 auctoris
3303 2019 3387 2073 sui
3412 2019 3653 2089 vestigiis

398 2127 506 2174 νος,
545 2109 654 2163 τῶν
694 2127 752 2163 τε
793 2108 992 2163 λοιπῶν
1038 2111 1167 2181 παρ’
1193 2109 1415 2179 Ἕλλησι
1452 2109 1608 2170 θεῶν,
1656 2108 1970 2181 μυστηρίων

394 2218 478 2264 τε.
515 2203 609 2257 xui.
650 2202 900 2268 τελετῶν,
924 2202 1044 2264 Διός
1085 2219 1146 2255 τε
1189 2201 1352 2255 αὑτοῦ
1403 2199 1651 2273 πράξεων
1689 2201 1798 2254 τῶν
1840 2202 1968 2272 παρ’

396 2292 620 2366 Ἕλλησι
644 2293 1167 2366 ’μνημονευομένων.
1215 2293 1281 2347 Ει
1319 2292 1584 2349 inferius:
1617 2294 1829 2348 Γίνεται
1861 2292 1968 2366 γὰρ

397 2387 537 2459 μετὰ
565 2387 826 2460 Κέκροπα
849 2389 878 2440 ὁ
905 2386 1044 2441 κατὰ
1069 2388 1412 2441 Δευκαλίωνα
1442 2386 1845 2458 κατακλυσμὸς,
1872 2386 1969 2439 καὶ

392 2479 428 2551 ὴ
459 2479 552 2532 ἐπὶ
579 2479 869 2543 Φαέθοντος
893 2479 1221 2551 ἐκπύρωσις,
1257 2479 1587 2551 Ἐριχθονίου
1629 2495 1690 2531 τε
1734 2478 1964 2547 γένεσις,

392 2573 487 2625 καὶ
516 2573 549 2643 ή
581 2571 685 2624 ὑπὸ
710 2572 981 2644 Δαρδάνου
1015 2572 1114 2642 τῆς
1157 2572 1450 2644 Δαρδανίας
1493 2570 1687 2633 κτίσις,
1723 2570 1782 2623 ὃν
1829 2571 1967 2642 πρῶ-

389 2678 483 2718 τον
522 2664 686 2734 φησιν
711 2663 856 2735 ’Όμη
867 2680 979 2735 ρος,

465 2791 481 2807 .
561 2793 574 2807 .
653 2792 666 2805 .
747 2793 761 2808 .
842 2754 1045 2807 Τέκετο
1071 2751 1503 2822 νεφεληγερέτα
1525 2752 1703 2818 Ζεύς⁹

390 2844 574 2916 Κόρης
597 2860 655 2898 τε
681 2845 923 2917 ἁρπαγὴ,
952 2847 1045 2898 καὶ
1086 2846 1371 2916 Δήμητρος
1400 2844 1692 2914 μυστήρια,
1726 2851 1829 2898 etc.
1860 2842 1965 2909 Qui

389 2937 545 2993 locus
574 2935 792 2993 Eusebii
829 2954 896 2995 ex
932 2940 1035 2994 hoc
1084 2945 1275 2994 nostro
1306 2937 1593 2992 Eustathio
1636 2937 1966 3009 Hieronymo

389 3029 529 3085 duce
572 3030 907 3101 supplendus
967 3038 1090 3096 est,
1145 3029 1471 3102 Ἐριχθονίου
1536 3046 1596 3082 τε
1634 3029 1846 3098 γένεσις
1905 3029 1964 3096 ἐξ

2069 2115 2345 2169 institisse.
2377 2113 2539 2168 Aliud
2574 2123 2653 2168 est
2684 2112 2957 2169 infensum
2997 2128 3120 2168 esse
3150 2112 3355 2167 nomini
3388 2112 3649 2180 alicujus,

2070 2202 2216 2255 aliud
2238 2201 2520 2257 veritatem
2545 2216 2666 2271 quae
2696 2204 2751 2256 in
2785 2202 3004 2271 scriptis
3033 2210 3117 2256 est
3147 2202 3440 2274 indagare;
3474 2203 3654 2257 multa

2069 2309 2302 2365 namque
2358 2294 2496 2350 forte
2542 2297 2598 2350 in
2634 2295 2823 2352 codice
2854 2311 3016 2365 quem
3065 2295 3429 2367 Hieronymus
3474 2296 3657 2350 inter-

2068 2388 2388 2458 pretabatur
2435 2387 2595 2443 aliter
2638 2388 2743 2459 legi
2793 2394 3065 2458 poterant,
3107 2402 3228 2458 quae
3270 2388 3388 2457 ipse
3434 2386 3651 2443 Latinis

2066 2479 2233 2544 dedit,
2287 2478 2393 2534 etsi
2435 2478 2597 2533 modo
2627 2478 2684 2533 in
2733 2486 2883 2533 textu
2922 2493 3084 2549 quem
3121 2493 3232 2548 prae
3260 2477 3512 2533 manibus
3545 2477 3653 2532 hac

2066 2571 2260 2627 bemus
2305 2570 2392 2626 vel
2434 2585 2714 2641 superare,
2743 2569 2825 2624 vel
2854 2568 3085 2625 deficere
3111 2577 3446 2635 cernuntur;
3480 2568 3652 2639 idque

2066 2679 2132 2718 ex
2175 2664 2279 2718 hoc
2331 2663 2554 2718 nomine
2597 2660 2854 2717 Chironis
2891 2668 3059 2731 patet,
3102 2660 3247 2732 quod
3294 2661 3341 2715 si
3388 2662 3443 2715 in
3489 2669 3651 2716 textu

2066 2754 2374 2811 Eusebiano
2404 2771 2514 2810 non
2541 2753 2754 2818 fuisset,
2785 2768 3065 2825 nunquam
3097 2752 3411 2810 Eustathius
3442 2754 3499 2809 in
3524 2754 3651 2810 suis

2066 2838 2288 2917 scriptis
2326 2848 2622 2902 retulisset.
2665 2845 2758 2901 Sic
2802 2846 3037 2902 dicimus
3077 2853 3132 2901 et
3167 2846 3224 2901 in
3272 2845 3413 2902 aliis.
3469 2847 3541 2901 At
3587 2846 3647 2901 in

2066 2941 2252 2996 multis
2285 2941 2486 2995 erravit
2518 2940 2901 3012 Hieronymus,
2946 2954 3048 2995 nec
3098 2939 3274 2996 ﬁdelis
3322 2940 3652 3009 interpretis

2067 3046 2311 3097 munere,
2342 3031 2420 3085 uti
2451 3046 2550 3101 par
2578 3039 2716 3096 erat,
2749 3030 2971 3086 functus
3014 3036 3119 3086 est.
3166 3030 3352 3085 Dicam
3397 3028 3651 3101 Scaliger

399 3120 690 3191 Ἡφαίστου
743 3123 837 3176 καὶ
880 3122 1021 3193 Γῆς,
1055 3136 1176 3193 qua!
1219 3121 1601 3179 desiderantur
1646 3123 1703 3178 in
1749 3122 1959 3180 Graeco.

2066 3121 2211 3190 quod
2269 3122 2466 3176 sentio.
2515 3120 2708 3175 Errata
2764 3121 3304 3192 praeclarissimorum
3357 3120 3649 3174 hominum

391 3210 532 3266 Idem
564 3210 830 3268 Eusebius
859 3212 915 3267 in
946 3213 1049 3268 hoc
1076 3212 1266 3269 eodem
1291 3211 1553 3269 Chronico
1575 3224 1726 3284 parte
1745 3217 1954 3286 prima:

384 3305 543 3359 Πᾶσα
589 3306 718 3376 παρ’
759 3304 984 3376 Ἕλλησι
1034 3303 1422 3376 θαυμαζομένη
1472 3305 1670 3377 πρᾶξις
1707 3307 1814 3360 ἀπὸ
1853 3308 1961 3362 τῶν

397 3392 601 3466 Ἰνάχου
653 3395 859 3466 χρόνων
879 3435 894 3461 ,
938 3395 1032 3449 καὶ⁵
1071 3395 1364 3467 Φορωνέως
1406 3397 1487 3459 εἰς
1524 3396 1615 3450 τὸν
1667 3398 1960 3467 μετέπειτα

384 3486 628 3558 φέρεται.
671 3487 762 3540 Διὸ
787 3487 880 3540 καὶ
916 3486 1138 3541 Πλάτων
1170 3488 1228 3540 ὲν
1258 3487 1466 3557 Τιμαίῳ
1502 3486 1579 3558 τῷ
1604 3487 1834 3560 διαλόγῳ
1866 3490 1958 3542 τοῦ

381 3576 672 3648 Φορωνέως
714 3577 1080 3649 ἐπιμέμνηται
1120 3577 1347 3649 χρόνων,
1387 3577 1462 3642 ὡς
1510 3578 1649 3632 πάνυ
1694 3581 1957 3647 παλαιῶν,

383 3668 480 3723 καὶ
500 3667 724 3739 Νιόϐης,
748 3669 842 3722 καὶ
869 3667 963 3721 τοῦ
994 3667 1114 3721 κατ’
1150 3667 1375 3738 Ὠγύγου
1410 3669 1765 3741 ἀρχαιοτάτου
1791 3689 1960 3726 κατα-

383 3759 647 3831 κλυσμοῦ,
669 3760 745 3823 ὡς
774 3759 1013 3830 λέγεται.

452 3850 614 3917 ΠΜ..
633 3853 726 3910 lin.
744 3852 832 3908 es.
851 3853 1098 3923 Ὀμήρου
1123 3839 1317 3924 λέγων
1335 3855 1432 3909 καί
1459 3855 1752 3911 Ἡσιόδου.
1775 3855 1850 3912 De
1871 3857 1958 3913 his

382 3951 439 3999 et
476 3944 600 4000 aliis
638 3945 954 3999 auctoribus
993 3945 1061 3999 ab
1105 3942 1391 4001 Eustathio
1423 3949 1861 4005 commemoratis
1900 3950 1960 4004 in

383 4043 573 4091 nostra
625 4036 693 4091 de
741 4037 1098 4105 scriptoribus
1144 4037 1390 4108 profanis
1439 4038 1766 4095 Bibliotheca
1788 4042 1958 4113 plura

382 4122 650 4180 dicemus.
675 4124 794 4179 Nun
827 4126 972 4181 enim
1013 4125 1229 4181 videtur
1256 4129 1540 4198 praesentis
1570 4129 1770 4200 negotii
1801 4129 1959 4200 plura

383 4214 452 4271 de
476 4214 584 4272 illis
614 4215 841 4278 referre,
875 4217 1331 4285 quemadmodum
1363 4225 1418 4273 et
1448 4219 1517 4275 de
1544 4219 1666 4276 aliis
1696 4220 1959 4276 fabulosis

382 4320 617 4378 quorum
666 4306 754 4361 hic
799 4307 857 4360 lit
903 4308 1127 4364 mentio.
1156 4307 1300 4380 Lege
1338 4311 1385 4365 si
1433 4311 1608 4380 placet
1666 4312 1959 4381 Apollodo-

381 4413 527 4468 rum,
558 4398 918 4466 Phornutum,
963 4400 1286 4465 Palefatum,
1322 4402 1589 4473 Hyginum
1621 4411 1956 4475 ceterosque

2066 3222 2366 3283 stuporem,
2402 3228 2511 3268 non
2542 3220 2912 3283 contemptum
2934 3219 3317 3275 commovent;
3345 3213 3427 3267 sic
3456 3212 3511 3266 in
3554 3227 3652 3268 ro-

2059 3303 2223 3359 busto
2250 3304 2470 3360 homine
2501 3305 2720 3376 gravior
2746 3304 2994 3369 morbus,
3024 3311 3078 3359 et
3104 3318 3252 3359 mors
3275 3303 3495 3374 inopina
3524 3319 3651 3360 me-

2061 3402 2176 3449 tum
2206 3395 2421 3462 incutit,
2456 3395 2708 3451 humanae
2743 3396 3057 3467 fragilitatis
3099 3412 3209 3451 non
3245 3398 3427 3453 minus
3456 3397 3650 3453 valen-

2061 3495 2163 3552 tes,
2193 3488 2287 3544 sed
2318 3499 2372 3544 et
2395 3489 2812 3544 robustissimos
2837 3487 3096 3545 admonet
3123 3496 3176 3543 et
3209 3488 3483 3545 cautiores
3511 3490 3649 3545 red-

2028 3583 2155 3637 .dit.
2181 3580 2285 3648 Qui
2322 3583 2583 3636 Catonem
2622 3581 2834 3636 ebrium
2864 3579 3165 3646 -viderunt,
3217 3595 3326 3636 non
3373 3582 3647 3651 riserunt,

2060 3672 2156 3728 sed
2194 3662 2548 3728 erubuer'unt.
2603 3669 2836 3743 Ideoque
2881 3673 3086 3744 optime
3130 3672 3361 3739 dictum,
3404 3688 3519 3728 non
3572 3674 3650 3730 ab

2057 3764 2167 3820 illis
2190 3762 2472 3829 Catonem,
2504 3763 2600 3818 sed
2634 3764 2758 3820 illos
2785 3778 2817 3818 a
2849 3762 3057 3820 Catone
3095 3764 3485 3834 deprehensos.
3521 3764 3641 3822 Nec

2058 3858 2239 3912 minus
2277 3870 2431 3925 atque
2478 3853 2686 3911 Seneca
2727 3855 2821 3911 lib.
2874 3854 2953 3910 De
3007 3856 3389 3926 tranquillitate
3441 3857 3633 3920 animi.

2058 3963 2179 4017 cap.
2215 3947 2283 4002 15
2304 3968 2315 4003 :
2337 3946 2528 4002 Catoni
2552 3946 2776 4001 ebrietas
2806 3946 3011 4014 obiecta
3037 3957 3133 4004 est.
3163 3949 3232 4001 At
3264 3947 3477 4017 [acilius
3507 3949 3636 4019 efﬁ-

2059 4041 2155 4095 ciet
2187 4040 2423 4110 quisquis
2462 4038 2707 4108 objecerit
2764 4038 2861 4093 hoc
2907 4041 3106 4094 crimen
3153 4040 3448 4107 honestum,
3475 4056 3640 4110 quam

2059 4141 2260 4200 turpem
2298 4131 2570 4185 Catonem.
2601 4129 2971 4186 Humanitatis
3013 4138 3096 4186 est
3131 4128 3405 4183 hominem
3442 4127 3512 4183 de
3549 4144 3643 4184 re-

2059 4223 2297 4294 publica,
2326 4223 2394 4278 de
2428 4223 2643 4283 litteris,
2685 4221 2753 4277 de
2793 4222 3060 4288 historia,
3093 4220 3161 4276 de
3207 4220 3461 4277 omnibus
3495 4220 3644 4277 bene

2057 4314 2334 4378 meritum,
2366 4321 2421 4369 et
2463 4313 2736 4384 praecipue
2777 4312 3185 4384 Hieronymum,
3217 4312 3264 4367 si
3291 4311 3513 4382 quando
3541 4313 3645 4369 de-

2060 4405 2193 4469 ficit,
2224 4406 2494 4461 venerari.
2539 4404 2648 4460 Sed
2694 4405 3004 4460 machinam
3054 4405 3314 4475 aperiam.
3345 4403 3639 4461 Existimat

382 4490 691 4548 fabularum
742 4493 1059 4565 scriptores.
1103 4493 1222 4549 Non
1267 4497 1472 4565 patitur
1519 4504 1696 4551 tamen
1738 4495 1956 4552 Homeri
1988 4508 2032 4563 ι)
2063 4493 2324 4567 Scaliger,
2363 4504 2425 4551 ut
2462 4504 2516 4553 et
2558 4496 2652 4551 alii
2682 4496 2864 4560 multi,
2900 4496 2948 4552 si
2983 4496 3462 4566 interpretationes
3506 4496 3640 4555 Hie-

380 4584 617 4655 dignitas
655 4584 730 4639 ita
757 4586 904 4641 sicce
935 4585 1237 4656 prieteriri;
1271 4602 1441 4656 quare
1470 4603 1589 4657 qua:
1618 4587 1685 4642 de
1711 4602 1776 4642 eo
1813 4587 1955 4644 scri-

381 4678 488 4746 ptis
524 4675 748 4731 tradidit
780 4675 1023 4733 Velleius
1054 4677 1143 4731 hic
1169 4678 1531 4732 trauscribam
1554 4676 1955 4733 :Clarissimum

379 4766 566 4823 deinde
602 4766 823 4822 Homeri
856 4768 1037 4821 illuxit
1087 4767 1356 4838 ingenium
1381 4768 1491 4822 sine
1512 4768 1747 4838 exemplo
1782 4771 1957 4824 maxi-

379 4876 523 4913 mum
554 4874 574 4913 :
602 4860 692 4929 qui
743 4858 1100 4929 magnitudine
1132 4874 1343 4927 operum
1363 4898 1378 4922 ,
1424 4868 1474 4912 et
1520 4858 1725 4929 fulgore
1758 4860 1956 4914 carmi-

378 4968 505 5006 num
533 4951 678 5006 solus
705 4951 961 5020 appellari
985 4961 1140 5020 poeta
1184 4954 1396 5007 meruit.
1433 4949 1502 5005 In
1529 4967 1629 5023 quo
1661 4952 1758 5006 hoc
1789 4954 1957 5007 maxi-

377 5061 523 5099 mum
550 5053 649 5108 est,
680 5043 818 5115 quod
845 5059 1006 5114 neque
1050 5053 1169 5098 ante
1192 5044 1368 5107 illum,
1405 5060 1555 5114 quem
1600 5044 1688 5099 ille
1714 5045 1948 5099 imitare-

380 5142 487 5201 tur,
516 5150 678 5206 neque
716 5146 835 5203 post
869 5134 1046 5200 illum,
1077 5136 1170 5204 qui
1196 5152 1315 5190 eum
1339 5136 1539 5190 imitari
1568 5136 1732 5204 possit
1773 5136 1954 5190 inven-

380 5233 463 5280 tus
493 5233 607 5284 est:
635 5241 796 5296 neque
815 5242 1125 5298 quemquam
1155 5226 1343 5293 alium,
1376 5227 1526 5297 cujus
1554 5228 1725 5297 operis
1751 5229 1951 5296 primus

378 5327 566 5370 auctor
610 5315 789 5385 fuerit,
833 5317 890 5369 in
923 5331 984 5370 eo
1020 5316 1479 5386 perfectissimum,
1525 5329 1717 5384 prtcter
1758 5315 1953 5372 Home-

377 5424 497 5462 rum
528 5417 578 5462 et
606 5409 975 5463 Archilochum
1012 5409 1344 5476 reperiemus.
1380 5408 1482 5463 Hic
1515 5411 1719 5480 longius
1758 5428 1791 5465 a
1823 5422 1956 5465 tem-

373 5500 587 5567 poribus
619 5499 742 5554 belli
784 5500 924 5571 quod
963 5501 1273 5568 composuit,
1326 5500 1521 5564 Troici,
1548 5518 1705 5570 quant
1736 5501 1951 5564 quidam

373 5596 576 5655 remur,
611 5592 822 5662 abfuit;
861 5609 984 5647 nam
1030 5593 1210 5662 ferme,
1249 5600 1354 5649 etc.
1392 5593 1466 5649 De
1514 5594 1634 5664 cjus
1675 5601 1851 5660 mtatc,
1897 5601 1952 5649 et

374 5682 661 5737 excellenti
698 5692 894 5738 natura
920 5683 1214 5753 divinaque
1239 5723 1255 5748 ,
1289 5684 1413 5740 vide
1456 5683 1597 5739 Justi
1633 5682 1803 5754 Lipsii
1832 5685 1951 5738 ani-

377 5769 784 5829 madversiones
832 5770 1054 5828 ibidem.
1108 5770 1232 5827 Haec
1287 5769 1432 5828 iulio
1490 5773 1770 5845 Scaligero
1834 5788 1947 5830 non

2057 4588 2272 4660 ronymi
2322 4589 2645 4659 exagitanda
2686 4587 2959 4650 refellant,
3003 4587 3152 4643 illius
3194 4588 3296 4642 viri
3335 4591 3639 4644 auctoritas

2056 4688 2164 4735 tem
2196 4680 2464 4743 minuere,
2496 4687 2550 4735 et
2585 4682 2638 4733 in
2673 4678 2793 4749 ejus
2822 4678 3167 4734 versiouibus
3212 4678 3369 4734 ﬁdem
3414 4677 3641 4735 deside—

2056 4784 2220 4824 rare:
2253 4784 2422 4839 quare
2444 4776 2631 4838 postea
2675 4767 3005 4824 concludant
3042 4775 3097 4825 et
3141 4769 3414 4840 vulgatam
3463 4782 3641 4826 saera

2057 4860 2353 4931 Scripturae
2404 4861 2694 4916 editionem
2741 4875 2852 4915 non
2891 4876 3014 4917 esse
3083 4861 3233 4917 illius
3273 4860 3531 4933 ponderis
3582 4870 3639 4919 et

2055 4949 2371 5022 dignitatis,
2424 4958 2585 5021 prout
2634 4951 2782 5005 illam
2814 4951 2975 5007 habet
3020 4951 3289 5006 catholica
3347 4948 3635 5019 Ecclesia;

2053 5058 2224 5111 quare
2262 5057 2432 5098 novas
2471 5042 2575 5112 ipsi
2616 5043 2912 5098 moliantur
2946 5043 3444 5113 interpretationes,
3476 5059 3640 5100 vera-

2053 5149 2158 5205 que
2186 5134 2438 5204 dogmata
2470 5133 2583 5204 jam
2612 5133 2708 5188 diu
2741 5134 3061 5201 confirmata
3090 5149 3155 5189 ea
3191 5135 3544 5202 conturbent,
3578 5146 3639 5191 ut

2054 5240 2191 5280 nova
2220 5239 2319 5281 sua
2349 5223 2776 5294 simplicioribus
2806 5226 3211 5281 communicent
3235 5245 3249 5281 :
3285 5226 3378 5282 sed
3407 5227 3636 5282 stabunt

2052 5315 2242 5383 quales
2295 5315 2485 5384 quales
2543 5323 2671 5371 sunt
2729 5314 3042 5388 Hieronymi
3106 5317 3635 5388 interpretationes;

2054 5405 2310 5476 Scaligeri
2342 5407 2389 5462 si
2416 5423 2536 5477 quae
2563 5414 2691 5463 sunt
2731 5408 2983 5479 perbella:
3005 5418 3060 5465 et
3086 5410 3386 5482 elegantes,
3409 5420 3465 5467 et
3492 5413 3636 5466 alio-

2053 5512 2172 5551 rum
2207 5499 2468 5553 similium
2499 5497 2717 5554 cadent.

2120 5589 2238 5646 Col.
2286 5591 2406 5658 709,
2450 5592 2547 5646 lin.
2588 5591 2639 5646 3.
2694 5587 2881 5658 Οὗτος
2909 5592 3139 5646 τοίνυν.
3188 5590 3443 5648 Justinus
3485 5592 3631 5647 hlaro

2050 5695 2136 5754 tyr
2190 5682 2564 5737 Cohortatione
2608 5682 2677 5737 ad
2713 5680 2924 5737 Gracos
2954 5722 2970 5748 ,
3032 5682 3098 5737 dc
3143 5682 3336 5738 eodem
3385 5683 3626 5754 Moyse:

2051 5773 2255 5844 Τούτῳσ
2278 5773 2490 5844 πρῶτον
2540 5775 2569 5827 ὁ
2620 5773 2770 5839 Θεὸς.
2822 5773 2915 5827 καὶ
2964 5771 3063 5845 τὴν
3112 5771 3314 5829 ἄνωθεν
3363 5773 3460 5830 ἐπὶ
3500 5771 3630 5837 τοὺς
