3840 6164
716 244 727 276 l

156 368 266 429 813

1148 359 1217 415 ΙΝ
1255 355 1628 414 EUSTATHII
1670 353 2142 412 HEXAEMERON
2179 357 2411 414 ΝΟΤίΕ.

3292 370 3402 430 ειι

158 488 345 558 ἁγίους
367 485 563 556 ἄνδρας
603 482 752 537 θείαν
788 481 883 536 καὶ
917 481 1255 551 προφητικὴν
1287 477 1590 549 τηνικαῦτα
1629 491 1726 530 κα-

1830 475 2136 531 cellentiam
2189 476 2393 549 Moysis
2440 478 2840 536 demonstrant.
2892 478 2970 537 De
3018 481 3222 557 Moysis
3265 503 3401 546 vero

155 582 374 637 τιοῦσαν
404 579 705 651 παρέσχετο
740 575 966 648 δωρεὰν,
998 576 1091 630 καὶ
1139 574 1353 646 πρῶτον
1392 573 1495 642 τῆς
1546 570 1728 625 θεοσε-

157 674 307 738 ϐείας
331 672 486 745 ήμῶν
511 669 824 726 διδάσκαλον
852 667 1102 738 γενέσθαι
1139 665 1546 739 παρεσκεύασεν
1568 682 1581 694 ·
1611 659 1729 718 εἶτα

158 766 275 837 μετ’
304 762 470 817 αὐτὸν
491 762 618 824 τοὺς
642 760 859 822 λοιποὺς
897 760 1196 828 προφήτας,
1234 756 1372 819 τοὺς.
1403 756 1497 809 καὶ
1531 753 1729 818 αὐτοὺς

153 854 252 925 τῆς
276 852 446 922 αὐτῆς
476 849 625 919 αὐτῷ
652 848 912 919 τυχόντας
950 847 1178 918 δωρεᾶς,
1211 846 1305 899 καὶ
1330 844 1400 898 τὰ
1435 843 1574 898 αὑτά
1602 842 1730 913 περὶ

153 937 263 993 τῶν
290 935 467 991 αὐτῶν
494 934 807 1001 διδάξαντας
831 933 1000 1003 ἡμᾶς.
1033 931 1125 985 Sic
1172 931 1299 985 item
1339 929 1575 985 Basilius
1613 926 1730 980 Ma-

152 1044 295 1100 gnus
324 1045 357 1083 a
381 1027 584 1100 Moysis
624 1026 936 1082 laudatione
960 1040 1087 1081 suas
1112 1025 1169 1080 in
1198 1023 1558 1079 Hexaemeron
1582 1020 1732 1087 ordi,

152 1131 245 1178 tur
275 1121 709 1192 explanationes.

219 1215 339 1271 Col.
369 1213 488 1279 709,
514 1213 608 1267 lin.
631 1213 683 1268 5.
710 1211 829 1281 Τὴν
847 1212 957 1283 γὰρ
975 1212 1095 1267 τῶν
1112 1214 1470 1283 Αἰγυπτίων.
1495 1213 1730 1270 Basilius

148 1304 342 1360 homil.
393 1305 420 1359 1
476 1304 529 1357 in
584 1301 838 1357 Hexaem.
882 1318 901 1355 :
939 1304 1033 1356 Ὃν
1079 1304 1486 1372 είσεποιήσαντο
1539 1304 1637 1375 μὲν
1694 1307 1728 1376 ή

150 1395 397 1467 θυγάτηρ
436 1394 531 1448 τοῦ
568 1392 795 1465 Φαραὼ,
834 1391 1090 1463 ἐξέθρεψε
1124 1392 1180 1446 δὲ
1222 1392 1548 1463 βασιλικῶς,
1604 1396 1730 1460 τοὺς

152 1490 351 1556 σοφοὺς
380 1486 490 1540 τῶν
534 1486 847 1555 Αἰγυπτίων
893 1485 1242 1549 διδασκάλους
1278 1486 1426 1557 αὐτῷ
1458 1488 1557 1558 τῆς
1604 1505 1731 1541 παι-

147 1581 386 1644 δεύσεως
433 1582 789 1653 ὲπιστήσασα,
836 1579 1092 1636 Pluribus
1149 1579 1266 1634 hac
1315 1581 1502 1635 eadem
1559 1581 1657 1636 lib.
1709 1594 1728 1635 ι

147 1675 351 1729 Strom.
380 1673 633 1729 Clemens
685 1672 1106 1737 Alexandrinus,
1158 1683 1212 1728 et
1258 1689 1510 1744 quaenam
1568 1674 1732 1730 fuerit

146 1766 529 1837 Egyptiorum
575 1764 850 1830 doctrina,
891 1764 1128 1821 laudatis
1176 1764 1406 1820 Philone
1445 1773 1501 1819 et
1539 1764 1721 1836 Eupo-

1829 569 2167 638 parentibus,
2189 586 2408 640 genere,
2435 572 2630 641 patria,
2656 573 2801 629 infra
2832 575 3039 648 aliquid
3061 593 3128 633 ex
3154 590 3401 639 veterum

1827 660 2047 729 scriptis
2086 661 2468 720 delibabimus.

1897 750 2055 815 lbid.,
2088 753 2185 807 lin.
2234 754 2283 808 7.
2336 756 2451 810 'I‘a‘
2496 758 2684 813 αὑτοῦ
2730 757 3031 827 δηλονότι.
3085 759 3212 817 Hac
3253 763 3401 820 enim

1828 858 1952 899 cum
2007 846 2381 901 occultissima
2413 860 2620 914 essent,
2660 860 2716 905 et
2752 866 2968 907 omnem
3023 852 3277 911 humana
3313 857 3402 911 in-

1828 934 2139 1005 telligentia
2162 945 2378 1007 captum
2412 940 2759 1008 excederent,
2804 958 2913 997 non
2952 952 3164 1012 poterat
3194 963 3405 1018 cogno-

1828 1041 1982 1081 scere
2007 1028 2111 1083 nisi
2138 1029 2341 1085 lumine
2367 1032 2684 1101 prophetico
2722 1034 3049 1092 illustratus.
3081 1037 3199 1093 Non
3229 1038 3407 1099 defuit

1826 1124 2010 1173 tamen
2046 1127 2100 1174 et
2139 1121 2374 1176 humana
2415 1123 2705 1190 industria,
2747 1134 2802 1181 et
2853 1128 3024 1184 solers
3057 1131 3402 1202 prudensque

1828 1213 1966 1265 tanti
1998 1212 2096 1265 viri
2128 1214 2461 1279 consilium;
2503 1217 2702 1271 etenim
2735 1234 2857 1289 qua
2896 1221 3195 1291 scripserat
3225 1226 3404 1292 potuit

1827 1317 1860 1356 a
1886 1303 2013 1358 liliis
2046 1304 2132 1357 vel
2177 1306 2467 1374 nepotibus
2503 1305 2723 1378 Josephi
2765 1313 3087 1381 patriarcha
3129 1319 3400 1385 excipere,

1828 1408 1950 1447 cum
1997 1395 2138 1450 inter
2183 1394 2407 1467 Josepbi
2456 1408 2684 1455 mortem
2723 1410 2779 1458 et
2813 1412 2995 1459 ortum
3029 1405 3229 1478 Moysis
3273 1409 3405 1464 anni

1826 1501 1935 1540 non
1982 1488 2166 1557 plures
2208 1499 2442 1558 quatuor
2494 1500 2549 1545 ct
2596 1495 2875 1564 sexaginta
2920 1498 3408 1558 interfuerintJo-

1826 1577 2028 1646 sephus
2079 1578 2267 1634 habuit
2312 1596 2343 1634 a
2390 1590 2546 1651 patre
2600 1599 2701 1641 suo
2746 1583 2972 1649 Jacobo,
3036 1586 3405 1647 JacobuS‘ab

1800 1669 2034 1737 .lsaaco,
2066 1673 2283 1732 lsaacus
2332 1677 2401 1731 ab
2448 1679 2743 1743 Abraham,
2783 1682 3056 1736 Abraham
3102 1698 3133 1738 a
3174 1683 3299 1740 Sem
3348 1693 3406 1741 et

1825 1761 1960 1829 Noe,
2004 1764 2119 1821 Noe
2163 1768 2232 1821 ab
2274 1782 2378 1823 avo
2420 1784 2520 1825 suo
2562 1769 2914 1828 Mathusalem
2951 1775 3043 1843 qui
3084 1776 3247 1830 simul
3277 1791 3406 1832 cum

146 1835 310 1925 lenio,
353 1858 607 1928 explicat,
653 1872 837 1927 quem,
889 1857 936 1912 si
994 1857 1149 1921 libet,
1185 1857 1311 1923 adi;
1354 1866 1409 1914 et
1448 1860 1533 1914 his
1579 1835 1994 1914 anti-BAdam
2045 1859 2308 1916 ducentos
2362 1869 2418 1917 et
2471 1862 2826 1935 quadraginta
2876 1835 2989 1923 tres
3037 1882 3213 1923 annos
3246 1870 3402 1933 vixit.

145 1949 308 2021 quior
352 1947 1030 2004 Justinus~Cohortatione
1073 1950 1141 2003 ad
1192 1958 1366 2019 gentes
1397 1964 1415 2003 :
1448 1952 1584 2022 Παρ’
1617 1945 1720 2016 οἷς,

146 2040 420 2113 Egyptiis
448 2041 680 2106 scilicet,
713 2041 813 2094 οὐκ
854 2039 1048 2112 ἐτέχθη
1103 2041 1345 2111 Μωῦσῆς
1379 2041 1558 2112 μόνον,
1587 2040 1722 2095 ἀλλὰ

143 2132 242 2187 καὶ
294 2130 477 2202 πάσης
538 2131 636 2203 τῆς
692 2131 1002 2199 Αἰγυπτίων
1050 2130 1381 2195 παιδεύσεως
1435 2134 1722 2203 μετασχεῖν

141 2222 353 2295 ἠξιώθη
401 2222 492 2278 διὰ
535 2222 599 2279 τὸ
639 2223 743 2276 ὑπὸ
782 2223 1049 2295 θυγατρὸς
1093 2224 1354 2295 βασιλέως
1406 2226 1484 2287 είς
1534 2224 1723 2287 παιδὸς

142 2314 455 2387 ᾠκειῶσθαι
499 2313 702 2388 χώραν,
736 2316 831 2370 καὶ
877 2314 967 2369 διὰ
1011 2315 1108 2387 τὴν
1152 2316 1551 2388 προειρημένην
1588 2315 1724 2387 πρό-

144 2423 312 2476 φασιν
356 2406 555 2476 πολλῆς
594 2405 857 2478 ἠξιῶσθαι
907 2408 1161 2478 σπουδῆς,
1206 2409 1282 2472 ώς
1333 2407 1630 2479 ἱστοροῦσιν
1672 2409 1721 2460 οἱ

144 2499 447 2569 σοφώτατοι
471 2498 579 2553 τῶν
619 2500 1064 2572 ἱστοριογράφων,
1095 2502 1144 2553 οἱ
1179 2500 1387 2554 καὶτὸν
1419 2499 1531 2571 βίον
1556 2498 1721 2554 αὐτοῦ

140 2592 246 2646 καῖ’
264 2591 365 2655 τὰς
397 2591 645 2662 πράξεις,
675 2593 769 2646 καὶ
797 2577 979 2646 τὸτοῦ
1012 2594 1201 2662 γένους
1237 2593 1451 2664 ἀξίωμα
1487 2593 1726 2665 ἀναγρά-

142 2679 352 2751 ψασθαι
386 2681 756 2752 προελόμενοι,
782 2681 955 2735 Φίλων
999 2699 1060 2734 τε
1102 2683 1195 2736 καὶ
1234 2682 1511 2752 Ἰώσηπος.
1544 2683 1727 2738 Philo-

143 2774 237 2831 nis
259 2774 416 2830 locus
440 2783 525 2829 est
557 2775 595 2828 l.
631 2791 646 2828 ι
678 2774 757 2828 De
780 2776 887 2829 vita
918 2774 1140 2845 Hoysis,
1167 2791 1290 2845 pag.
1317 2776 1463 2843 MO;
1501 2774 1725 2846 Josephi

141 2864 185 2919 1.
216 2880 258 2919 ll
285 2865 550 2920 Arcliwol.
585 2865 827 2931 Judaic.,
856 2883 910 2926 c.
938 2868 972 2923 5
1002 2888 1016 2922 :
1043 2876 1097 2923 et
1129 2868 1267 2938 Aug.
1300 2869 1337 2922 l.
1381 2883 1517 2922 xvm
1544 2868 1621 2922 De
1649 2869 1727 2922 ci-

136 2960 238 3021 ρει.
276 2958 396 3022 Dei,
421 2974 473 3014 c.
504 2958 572 3014 '57
600 2976 616 3014 :
656 2959 846 3015 Verum
870 2960 1008 3031 quod
1046 2960 1318 3029 fatendum
1347 2969 1446 3025 est,
1477 2977 1579 3015 non
1615 2961 1729 3029 qui-

145 3051 268 3107 dem
295 3053 353 3106 in
389 3049 618 3117 Gracia,
661 3052 750 3106 sed
798 3053 855 3106 in
899 3052 1143 3106 barbaris
1190 3052 1451 3123 gentibus,
1485 3054 1624 3106 sicut
1670 3053 1726 3106 in

1821 1964 1981 2019 quem
2016 1964 2390 2020 sapenumero
2431 1961 2486 2008 et
2532 1955 2667 2010 vidit
2718 1965 3062 2024 prasentem,
3087 1966 3143 2013 et
3177 1960 3408 2029 loquen-

1823 2056 1930 2108 tem
1978 2043 2218 2106 audivit,
2269 2044 2612 2116 plurimaque
2665 2047 2734 2102 ab
2771 2062 2836 2104 eo
2883 2049 2952 2105 de
2993 2051 3160 2106 rebus
3204 2051 3406 2110 divinis

1822 2133 2050 2189 edoctus
2083 2142 2186 2189 est.
2228 2133 2412 2190 Potuit
2447 2152 2578 2207 ergo
2612 2137 2827 2210 Moyses
2880 2140 2994 2195 hac
3024 2143 3276 2210 quamvis
3316 2143 3406 2198 di-

1820 2225 1948 2278 vina
1983 2225 2219 2279 humana
2249 2228 2461 2281 ratione
2494 2231 2793 2299 percipere,
2817 2239 2871 2285 et
2903 2231 3279 2302 :Egyptiorum
3315 2233 3409 2290 do-

1823 2315 1997 2369 ctrina
2028 2316 2309 2385 explorata
2346 2317 2637 2373 verissima
2680 2326 2735 2373 et
2783 2318 3092 2375 certissima
3135 2320 3259 2377 aliis
3289 2328 3406 2377 tra-

1823 2408 1972 2463 dere.

1893 2498 2054 2564 lbid.,
2083 2498 2180 2555 lin.
2237 2498 2324 2553 10.
2370 2498 2481 2553 Καὶ
2525 2499 2744 2554 πολλοὶ
2791 2498 2908 2554 τῶν
2953 2501 3088 2571 παρ’
3119 2504 3404 2573 Ἕλλησι.

1828 2588 2023 2644 Eadem
2043 2590 2251 2645 ratione
2277 2598 2331 2645 et
2351 2587 2684 2659 Theophilus
2709 2590 2777 2645 ad
2798 2593 3113 2662 Autolycum
3134 2595 3171 2649 l.
3197 2608 3258 2660 ιι,
3279 2595 3407 2665 phi-

1827 2680 2183 2751 losophorum
2235 2696 2301 2737 ac
2355 2690 2635 2752 poetarum
2685 2698 2850 2752 super
2896 2699 3078 2739 rerum
3126 2687 3409 2744 creatione

1827 2774 2023 2842 placita
2052 2789 2230 2828 meras
2277 2788 2399 2830 esse
2448 2790 2641 2844 nugas,
2689 2784 2851 2844 atque
2891 2777 3237 2845 garrulitates
3272 2776 3409 2835 fato-

1824 2873 1935 2928 tur,
1972 2866 2029 2920 in
2066 2866 2266 2935 quibus
2304 2882 2481 2936 neque
2525 2865 2850 2936 particulam
2889 2868 3133 2923 veritatis
3179 2883 3408 2926 cernere

1824 2959 1949 3029 quis
1979 2965 2174 3027 potest,
2220 2957 2383 3029 idque
2410 2959 2661 3014 venenati
2708 2972 2773 3012 ac
2810 2959 3080 3015 mortiferi
3123 2960 3407 3030 pharmaci

1826 3052 2071 3121 exemplo
2102 3050 2407 3105 confirmat.
2443 3053 2598 3105 Δοκεῖ
2623 3048 2677 3104 δὲ
2706 3050 2772 3105 τὰ
2801 3051 2907 3105 ὑπὸ
2941 3052 3051 3105 τῶν
3079 3051 3403 3123 φιλοσόφων,

147 3143 406 3216 Egypto,
416 3144 535 3214 jam
552 3145 728 3213 fuerat
759 3155 880 3200 ante
908 3144 1144 3217 Moysen:
1175 3146 1431 3199 nonnulla
1457 3145 1722 3211 doctrina,

1830 3141 1860 3213 ἢ
1889 3142 2266 3215 συγγραφέων,
2298 3142 2392 3196 καὶ
2429 3141 2665 3212 ποιητῶν
2695 3142 2961 3214 εἰρημένα
2991 3142 3278 3209 ἀξιόπιστα
3306 3143 3406 3215 μὲν

148 3252 270 3306 qua
299 3234 517 3291 illorum
553 3238 813 3306 sapientia
859 3236 1155 3301 diceretur;
1172 3238 1408 3306 alioquin
1447 3253 1551 3291 non
1585 3237 1723 3291 scri-

147 3336 298 3398 ptum
339 3336 476 3383 esset
508 3328 737 3383 inlibris
779 3330 976 3382 sanctis
1007 3327 1243 3398 Moysen:
1272 3330 1538 3382 eruditum
1563 3329 1727 3397 fuisse

149 3424 297 3487 omni
335 3424 592 3492 sapientia
616 3422 1011 3493 Egypliorum,
1045 3431 1168 3474 tunc
1205 3423 1381 3491 utique
1417 3420 1626 3490 quando
1655 3420 1727 3474 ibi

149 3525 308 3571 natus
340 3524 439 3579 est,
466 3524 516 3569 et
546 3530 580 3567 a
621 3514 737 3583 ﬁlia
777 3512 1077 3567 Pharaonis
1110 3512 1414 3580 adoptatus,
1445 3522 1599 3583 atque
1636 3529 1729 3567 nu-

151 3608 311 3663 tritus
333 3608 492 3662 etiam
520 3606 809 3661 liberaliter
830 3604 1083 3659 educatus
1128 3613 1226 3661 est.
1259 3606 1338 3659 Ex
1377 3605 1577 3675 quibus
1601 3620 1727 3660 ver-

151 3701 256 3767 bis,
281 3700 427 3756 sicut
453 3700 617 3756 etiam
641 3705 696 3755 et
733 3714 796 3754 ex
829 3698 898 3753 iis
926 3713 1048 3768 qua
1079 3712 1245 3767 supra
1274 3712 1372 3768 pro
1403 3698 1728 3767 antiquitate

150 3792 360 3864 Moysis
387 3793 553 3847 allata
580 3801 726 3856 sunt,
760 3792 1083 3848 manifestus
1128 3807 1282 3847 error
1327 3789 1575 3846 Philonis
1606 3793 1726 3846 loco

147 3887 263 3957 jam
292 3887 461 3952 dicto,
480 3887 574 3958 qui
607 3889 675 3941 ad
700 3886 1054 3942 erudiendum
1089 3884 1328 3955 Moysem
1364 3896 1725 3955 praceptores

152 3996 266 4035 non
317 3988 528 4035 tantum
574 3995 608 4035 e
642 3977 982 4049 prafecturis
1036 3974 1254 4048 Egypti
1297 3978 1580 4046 proximis,
1631 3977 1726 4032 sed

149 4073 318 4128 etiam
363 4073 575 4142 magnis
620 4071 858 4141 pramiis
911 4086 943 4126 e
983 4069 1189 4125 Gracia
1236 4069 1405 4125 fuisse
1430 4070 1725 4124 invitatos:

148 4163 471 4225 Διδάσκαλοι
494 4163 540 4217 δ’
568 4162 728 4227 εὐθὺς
755 4159 1045 4233 ἀλλαχόθεν
1074 4160 1221 4215 ἄλλοι
1247 4161 1519 4231 παρῆσαν,
1550 4162 1598 4213 οί
1631 4160 1728 4231 μὲν

149 4255 261 4310 ἀπὺ
286 4255 399 4311 τῶν
428 4254 832 4327 πλησιοχώρων,
865 4256 957 4308 καὶ
980 4253 1086 4306 τῶν
1106 4254 1226 4307 κατ’
1252 4253 1522 4320 Αἴγυπτον
1550 4251 1729 4323 νομῶν

149 4348 588 4415 αὐτοκέλευστοι,
607 4350 657 4402 οί
693 4348 738 4402 δ’
775 4347 883 4402 ἀπὸ
921 4348 1022 4417 τῆς
1056 4346 1299 4410 Ἑλλάδος
1338 4347 1431 4400 ἐπὶ
1467 4330 1730 4416 μεγάλαις

147 4442 383 4513 δωρεαῖς
440 4440 932 4512 μεταπεμφθέντες.
980 4438 1046 4493 Ει
1093 4439 1320 4493 inferius
1359 4456 1373 4492 :
1442 4437 1727 4510 Ἀριθμοὺς

1825 3229 1986 3298 εἶναι,
2021 3232 2174 3305 παρά
2206 3232 2267 3286 τὸ
2297 3232 2494 3304 φράσει
2523 3232 2984 3286 κεκαλλωπίσθαι·
3023 3235 3202 3305 μωρὸς
3225 3236 3281 3290 δὲ
3310 3234 3407 3289 καὶ

1828 3323 1982 3385 κενὸς
2013 3326 2042 3377 ὁ
2079 3320 2233 3391 λόγος
2261 3322 2437 3376 αὐτῶν
2466 3324 2740 3378 δείκνυται
2759 3340 2773 3354 ⁸
2817 3325 2901 3377 ὅτι
2943 3324 3109 3395 πολλή
3150 3325 3248 3396 μὲν
3278 3325 3407 3397 πλη-

1827 3415 1924 3479 θὺς
1947 3415 2047 3485 τῆς
2086 3414 2351 3485 φλυαρίας
2384 3414 2561 3467 αὐτῶν
2605 3417 2744 3478 ἐστι,
2773 3415 2834 3469 τὸ
2862 3414 3020 3486 τυχὸν
3058 3415 3115 3469 δὲ
3142 3416 3244 3486 τῆς
3273 3417 3408 3489 άλη-

1827 3505 1974 3569 Θείας
2001 3509 2057 3559 ὲν
2094 3508 2273 3570 αὐτοῖς
2307 3508 2403 3576 οὐχ
2440 3506 2774 3578 εὑρίσκεται.
2823 3509 2932 3561 Καὶ
2952 3508 3060 3580 γὰρ
3089 3509 3143 3561 εἴ
3174 3526 3228 3562 τι
3259 3509 3408 3563 δοκεῖ

1827 3598 2022 3670 ἀληθὲς
2049 3599 2114 3651 δι’
2145 3599 2322 3652 αὐτῶν
2366 3599 2807 3670 ὲκπεφωνῆσθαι,
2840 3600 3141 3672 σύγκρασιν
3185 3602 3296 3672 ἔχει
3333 3605 3404 3674 τῇ

1827 3690 2024 3763 πλάνῃ.
2059 3690 2322 3764 Καθάπερ
2351 3690 2461 3762 γὰρ
2498 3692 2790 3764 φάρμακόν
2826 3709 2875 3747 τι
2924 3692 3247 3765 δηλητήριον
3279 3710 3407 3762 συγ-

1827 3780 2026 3852 κραθὲν
2068 3781 2263 3852 μέλιτι,
2298 3781 2330 3853 ἢ
2366 3783 2512 3853 οἴνῳ,
2553 3783 2585 3855 ἢ
2638 3785 2810 3856 ἑτέρῳ
2843 3785 2970 3846 τινὶ,
3018 3784 3078 3838 τὸ
3111 3787 3219 3840 πᾶν
3262 3786 3408 3839 ποιεῖ

1830 3873 2088 3947 βλαϐερὸν
2125 3874 2220 3929 καὶ
2246 3876 2536 3947 ἄχρηστον,
2565 3875 2707 3930 οὕτω
2750 3876 2845 3931 καὶ
2889 3879 2921 3947 ή
2951 3879 3010 3931 ἐν
3039 3878 3221 3941 αὐτοῖς
3249 3877 3408 3932 πολυ-

1773 3995 1789 4011 κ
1825 3968 1979 4038 λογία
2007 3970 2318 4047 εὑρίσκεται
2347 3970 2727 4041 ματαιοπ6νια,
2749 3971 2843 4024 καὶ
2870 3970 3038 4042 βλάϐη
3069 3971 3270 4042 μᾶλλον
3291 3973 3407 4036 τοῖς

1828 4061 2166 4132 πειθομένοις
2193 4062 2350 4133 αὐτῇ.
2384 4061 2752 4118 Diﬂ‘erentiam
2792 4064 2942 4130 item,
2969 4079 3091 4134 qua
3136 4071 3220 4120 est
3264 4063 3408 4118 inter

1828 4155 2208 4225 philosophum
2247 4156 2524 4210 ethnicum
2572 4157 2724 4211 omni
2770 4158 2957 4212 divino
3002 4157 3208 4212 lumine
3236 4157 3410 4213 desti-

1828 4254 2028 4310 tutum,
2076 4254 2131 4303 et
2179 4248 2563 4317 philosophum
2614 4249 2735 4304 ﬁdei
2772 4247 3142 4304 fundamentis
3184 4248 3404 4313 fultum,

1827 4340 1991 4394 etiam
2026 4341 2081 4395 in
2112 4339 2404 4395 Moralibus
2439 4342 2844 4411 elegantissime
2887 4344 3159 4413 expressit
3192 4341 3408 4398 Probus

1826 4430 2484 4502 Constantinopolitanus,
2518 4432 2692 4500 Epist.
2726 4433 2796 4487 ad
2830 4433 3128 4498 Armenios,
3163 4434 3231 4489 de
3259 4433 3363 4490 fide
3385 4452 3406 4491 :

153 4532 252 4604 μὲν
278 4528 375 4587 οὖν
407 4533 503 4586 καὶ⁴
529 4528 900 4603 γεωμετρίαν,
948 4532 1048 4602 τήν
1089 4546 1148 4583 τε
1180 4528 1468 4600 ῥυθμικὴν,
1499 4529 1591 4581 καὶ
1627 4528 1726 4597 ἀρ·
1755 4529 1800 4584 D
1827 4525 2108 4596 Διαφόρως
2127 4526 2184 4578 δὲ
2209 4526 2475 4598 ὡρίσαντο
2508 4527 2637 4598 περὶ
2657 4527 2860 4599 ταύτης
2899 4527 2956 4581 οἵ
2986 4544 3045 4580 τε
3069 4527 3176 4580 ὑπὸ
3197 4528 3408 4598 πλάνης

154 4625 407 4697 μονικῆν,
439 4625 535 4679 καὶ
577 4624 837 4696 μετρικὴν
873 4618 1125 4693 θεωρίαν,
1171 4621 1266 4674 καὶ
1319 4618 1580 4689 μουσικὴν
1624 4617 1725 4689 τὴν

150 4717 450 4789 σύμπασαν
475 4716 565 4770 διά
597 4733 658 4770 τε
687 4717 934 4789 χρήσεως
981 4713 1244 4786 ὀργάνων,
1276 4711 1372 4767 καὶ
1410 4710 1581 4780 λόγων
1617 4709 1746 4793 τῶν⁸

149 4810 211 4863 ὲν
260 4808 384 4871 ταῖς
419 4807 659 4878 τέχναις,
704 4808 796 4860 καὶ
840 4804 1089 4870 διεξόδοις
1134 4802 1524 4874 τοπικωτέραις
1559 4801 1725 4869 Δίγυ-

152 4898 327 4952 πτίων
350 4900 399 4951 οἱ
427 4896 592 4966 λόγιοι
623 4897 943 4966 παρέδοσαν,
975 4887 1069 4949 καὶ
1100 4893 1322 4965 προσέτι
1350 4891 1446 4963 τὴν
1473 4890 1560 4944 διὰ
1592 4907 1726 4960 σύμ·

153 4991 328 5046 δόλων
355 4989 688 5060 φιλοσοφίαν,
704 4988 772 5059 ἦν
799 4990 856 5041 ὲν
884 4990 995 5051 τοῖς
1020 4985 1329 5057 λεγομένοις
1360 4984 1521 5055 ἱεροῖς
1547 4983 1727 5052 γράμ-

158 5097 324 5152 μασιν
357 5078 770 5141 ἐπιδείκνυνται,
802 5078 895 5131 καὶ
943 5075 1031 5130 διὰ
1070 5075 1170 5145 τῆς
1212 5073 1320 5126 τῶν
1356 5072 1507 5137 ζώων
1535 5070 1727 5124 ἀποδο-

154 5166 281 5237 χῆς,
327 5165 365 5220 ἃ
412 5167 506 5220 καὶ
547 5164 684 5219 θεῶν
729 5167 912 5236 τιμαῖς
960 5163 1312 5235 γεραίρουσι·
1343 5162 1440 5233 τὴν
1483 5162 1528 5214 δ’
1560 5160 1725 5231 ἀλλην

150 5258 441 5325 ἐγκύκλιον
466 5257 711 5312 παιδείαν
737 5257 991 5329 Ἕλληνες
1017 5257 1289 5311 ἐδίδασκον
1306 5274 1318 5287 ·
1359 5258 1407 5309 οί
1434 5255 1491 5310 δὲ
1516 5256 1580 5308 ἐκ
1617 5254 1725 5309 τῶν

156 5347 546 5421 πλησιοχώρων
590 5349 663 5403 τά
708 5366 766 5404 τε
798 5348 1056 5422 Ἀσσύρια
1101 5349 1403 5421 γράμματα
1426 5387 1440 5409 ,
1487 5348 1582 5401 καὶ⁵
1626 5347 1725 5420 τὴν

151 5437 264 5492 τῶν
318 5438 584 5511 οὐρανίων
640 5439 946 5510 Χαλδαῖκὴν
997 5441 1324 5512 ἐπιστήμην.
1379 5438 1538 5494 Nulla
1599 5448 1726 5494 ante

154 5529 396 5604 Moysen]
427 5532 483 5587 in
513 5531 722 5589 Gracia
752 5534 1020 5599 doctrina,
1051 5535 1214 5589 nulla
1248 5535 1567 5605 disciplinae,
1604 5547 1727 5598 qua

151 5624 199 5679 si
226 5621 479 5690 fuissent,
507 5626 697 5697 utique
726 5626 935 5698 Moyses
959 5642 1069 5680 non
1098 5628 1352 5683 omnibus
1384 5624 1605 5681 Gracia
1636 5632 1729 5679 Sa-

154 5716 434 5785 pientibus
459 5718 730 5789 antiquior
755 5736 770 5785 ;
799 5719 991 5789 sicque
1027 5726 1249 5773 ruerent
1285 5719 1466 5773 omnia
1491 5717 1724 5772 chrono-

152 5810 487 5881 graphorum
515 5821 852 5884 argumenta,
881 5812 1081 5871 auibus
1125 5812 1501 5869 antiuuitatem
1549 5804 1603 5866 et
1630 5826 1725 5866 ex-

1830 4618 2120 4688 ἀγχόμενοι
2148 4618 2406 4688 ’Έλληνες
2437 4659 2452 4685 ,
2477 4620 2573 4673 καὶ
2612 4619 2672 4671 τὸ
2700 4618 2924 4690 ἀκριϐὲς
2955 4618 3057 4690 τῆς
3082 4619 3408 4691 διακρίσεως

1831 4711 1936 4764 ὑπὸ
1972 4712 2072 4782 τῆς
2105 4711 2235 4782 περὶ
2272 4711 2333 4765 τὸ
2377 4711 2532 4765 Θεῖον
2576 4709 2795 4778 ἀγνοίας
2825 4709 3285 4782 ἐπισκοπούμενοι,
3310 4709 3406 4765 καὶ

1829 4804 1878 4856 οἱ
1910 4802 1996 4856 διὰ
2023 4801 2256 4866 πίστεως
2283 4804 2407 4866 τοὺς
2435 4802 2742 4872 ὀφθαλμοὺς
2766 4802 2865 4872 τῆς
2906 4803 3140 4866 διανοίας
3169 4819 3407 4872 πεφωτι-

1832 4893 2017 4965 σμένοι
2065 4893 2418 4963 Χριστιανοὶ,
2458 4894 2552 4946 καὶ
2590 4891 2728 4963 πρὸς
2772 4892 2864 4947 τὸν
2910 4892 3009 4963 τῆς
3061 4891 3405 4963 δικαιοσύνης

1828 4984 1979 5054 ἥλιον
2009 4983 2220 5056 τρανῶς
2246 4983 2334 5040 διὰ
2360 4985 2459 5054 τῆς
2499 4983 2788 5053 ὁμολογίας
2810 4981 3072 5046 ἀτενίζειν
3094 4982 3401 5054 δυνάμενοι.

1831 5080 1894 5132 Οἱ
1929 5078 2026 5147 μὲν
2054 5077 2164 5150 γὰρ
2190 5081 2303 5142 τοῖς
2330 5076 2551 5140 οἰκείοις
2593 5076 2870 5146 λογισμοῖς
2909 5074 3095 5146 ὥσπερ
3125 5076 3183 5129 ὲν
3221 5076 3404 5131 σκότει

1831 5169 2273 5239 προσπταίοντες.
2306 5168 2402 5223 καὶ
2433 5166 2864 5237 ἀνηγεμόνευτον
2890 5164 3104 5235 ἔχοντες
3140 5164 3246 5220 ὑπὸ
3279 5182 3409 5238 προ-

1830 5259 2041 5330 λήψεως
2067 5258 2157 5312 τὸν
2194 5258 2317 5313 νοῦν
2339 5258 2651 5327 ἐπισφαλῶς
2677 5256 2918 5311 ὁδεύουσι
2955 5259 3066 5321 τοῖς
3101 5256 3402 5328 λογισμοῖς,

1835 5349 2001 5423 μόνην
2030 5351 2088 5402 ὲν
2118 5344 2197 5414 οἷς
2228 5348 2609 5420 δογματίζουσι
2647 5348 3005 5420 ψηλαφῶντες
3040 5348 3139 5419 τήν
3174 5349 3404 5422 ῥέουσαν

1832 5444 1924 5499 καὶ
1950 5443 2176 5498 ἄστατον
2204 5443 2311 5497 τῶν
2337 5443 2628 5516 ὁρωμένων
2652 5442 2842 5513 φύσιν·
2871 5443 2935 5496 τὸ
2960 5443 3017 5497 δὲ
3045 5443 3145 5513 τῆς
3168 5442 3405 5514 ἀληθοῦς

1832 5536 2062 5609 θεωρίας
2091 5536 2260 5607 ὄμμα,
2303 5535 2335 5607 ἦ
2368 5533 2807 5606 ἀμϐλυώττοντες
2838 5536 2943 5589 ὑπὸ
2980 5536 3188 5606 χρόνου,
3226 5538 3259 5609 ἢ
3299 5555 3406 5611 πη-

1832 5627 2093 5699 ρωθέντες
2127 5626 2231 5679 ὑπὸ
2286 5625 2515 5696 πλάνης,
2545 5625 2849 5680 ἀπώλεσαν.
2890 5626 3136 5697 Legenda
3177 5630 3404 5684 omnino

1830 5729 1914 5776 est
1945 5719 2278 5789 lepidissima
2326 5716 2829 5788 facundissimaque
2873 5718 3108 5776 Hermia
3158 5722 3406 5790 philoso-

1833 5811 1926 5885 phi
1958 5800 2404 5880 philosophorum
2437 5810 2722 5884 gentilium
2760 5810 2964 5879 irrisio,
2995 5811 3050 5868 in
3089 5827 3194 5883 qua
3233 5812 3406 5868 multa
