3866 6162
432 349 537 404 815

1761 340 1938 397 LEON
1945 339 2006 392 IS
2045 336 2322 392 ALLATII

3567 335 3672 395 816

433 470 673 524 enarrat,
717 465 775 512 ut
822 458 1264 514 contrarietatem
1319 472 1439 527 qua
1487 457 1542 510 in
1573 471 1762 512 eorum
1807 456 2013 527 opinio-
2040 458 2086 514 Α
2111 453 2355 520 Pererio,
2384 456 2431 512 si
2481 455 2763 512 sententia
2791 454 3017 511 Joannis
3043 453 3156 508 Pici
3190 454 3263 507 ita
3296 453 3594 509 elaborata
3619 446 3675 508 ει

434 556 708 612 nibus'est
737 551 1048 622 patefaciat,
1087 560 1139 606 et
1174 549 1583 618 inquisitionem
1629 563 1810 603 rerum
1847 563 2007 618 quam

435 641 742 709 suscipiunt
790 639 845 692 in
891 637 1162 692 infinitum
1201 637 1422 706 vagari,
1466 644 1520 692 et
1568 637 1718 691 nullo
1779 637 2011 691 termino

433 732 1035 800 contineri,‘eorumque
1052 729 1219 784 ﬁnem
1245 743 1366 784 esse
1390 728 1819 798 inexplicabilem
1849 736 2010 799 atque

433 824 701 884 inutilem,
737 822 936 892 quippe
967 822 1109 890 quod
1158 821 1304 874 nulla
1338 836 1396 875 re
1424 821 1680 884 evidenti,
1717 829 1770 875 et
1801 821 2012 875 ratione

433 915 720 986 perspicua
751 913 1125 967 confirmetur.
1159 911 1263 977 Qui
1305 927 1414 966 non
1443 919 1650 966 tantum
1681 928 1860 966 rerum
1900 921 2012 967 sta-

437 1019 548 1062 tum
580 1007 908 1075 modumque
948 1020 1056 1058 non
1089 1013 1480 1073 cognoverunt,
1513 1004 1607 1059 sed
1652 1005 1888 1058 maxima
1929 1005 2013 1058 in-

434 1100 592 1154 scitia
635 1099 906 1166 stultaque
953 1097 1116 1150 animi
1149 1096 1493 1151 contentione
1525 1095 1804 1151 veritatem
1839 1097 2012 1166 ipsam

433 1205 749 1262 oppugnare
797 1204 1008 1244 summa
1055 1203 1158 1258 0pc
1203 1189 1385 1242 conati
1437 1195 1622 1252 sunt,~
1657 1188 2010 1258 Porphyrius,

432 1281 699 1346 Proclus,
747 1279 1056 1350 Eunapius,
1091 1279 1363 1344 Zosimus,
1410 1281 1760 1350 sexcentique
1805 1281 1895 1333 alii
1944 1279 2013 1335 de

434 1374 634 1445 quibus
665 1375 718 1427 in
753 1372 980 1427 historia
1012 1387 1291 1427 sermones
1318 1371 1536 1442 prolixi.

431 1492 440 1499 -
507 1467 624 1520 Cot.
647 1463 769 1528 709,
794 1465 892 1518 lin.
921 1462 1008 1517 12.
1043 1461 1118 1517 Τὰ
1142 1462 1252 1532 γὰρ
1286 1463 1355 1528 ἐξ
1381 1463 1780 1532 ἀνθρωπίνης.
1806 1460 2012 1517 Tamen

435 1557 874 1630 quandocunque
909 1555 1359 1625 philosophorum
1391 1556 1590 1625 placita
1625 1563 1786 1624 atque
1807 1555 2014 1608 doctri-

433 1663 519 1704 na
547 1663 576 1701 a
606 1648 834 1702 veritate
866 1661 976 1700 non
1005 1647 1279 1713 vacillant,
1303 1648 1394 1702 ubi
1429 1649 1568 1702 ratio
1599 1663 1787 1703 eorum
1821 1647 2014 1702 mani—

435 1743 576 1798 festa
616 1749 720 1805 est,
767 1748 1086 1810 certumque
1139 1742 1592 1811 eXperimentum,
1652 1755 1775 1795 cum
1839 1741 2011 1796 sacris

435 1833 635 1888 litteris
669 1832 892 1886 minime
916 1832 1206 1887 contraria
1237 1833 1366 1897 sint,
1414 1848 1523 1887 non
1571 1841 1656 1887 est
1699 1848 1799 1887 cur
1829 1834 1897 1888 ab
1930 1835 2009 1889 eis

437 1923 829 1977 abhorreamus
873 1937 888 1972 :
938 1922 1140 1977 veritas
1173 1923 1318 1977 enim
1369 1937 1652 1979 sacrarum
1704 1924 2008 1978 litterarum

435 2030 706 2086 nusquam
737 2014 990 2070 humanis
1016 2014 1321 2070 rationibus
1351 2021 1405 2070 et
1457 2017 1843 2085 experimentis
1881 2031 2011 2070 con-

435 2109 604 2162 traria
635 2114 739 2162 est.
790 2105 930 2159 Tuta
959 2112 1045 2161 est
1070 2121 1234 2177 super
1264 2107 1366 2161 hoc
1389 2106 1679 2176 Augustini
1721 2109 2008 2172 sententia,

437 2202 532 2258 lib.
558 2217 575 2254 I
602 2203 656 2254 in
685 2199 867 2256 Cenes.
904 2201 971 2255 ad
994 2201 1178 2265 litter.,
1217 2215 1337 2270 cap.
1364 2200 1425 2253 21
1469 2223 1481 2255 :
1521 2200 1633 2254 Hoc
1659 2201 2014 2255 indubitanter

440 2292 716 2347 tenendum
746 2302 843 2359 est,
875 2301 932 2346 ut
963 2291 1215 2363 quidquid
1242 2294 1501 2360 sapientes
1535 2293 1696 2363 hujus
1744 2297 1925 2349 mundi
1949 2297 2013 2351 de

437 2393 635 2439 natura
660 2400 835 2438 rerum
863 2386 1115 2439 veraciter
1136 2383 1497 2439 demonstrare
1519 2389 1803 2455 potuerint,
1836 2399 1981 2443 osten
1997 2420 2012 2431 -

439 2477 630 2531 damus
663 2477 858 2530 nostris
883 2477 1067 2530 litteris
1096 2493 1199 2530 non
1225 2493 1335 2530 esse
1364 2481 1687 2532 contrarium
1713 2484 1733 2544 ζ
1763 2481 2012 2551 quidquid

441 2578 616 2622 autem
639 2569 723 2622 illi
751 2570 805 2621 in
838 2569 948 2622 suis
986 2567 1336 2622 voluminibus
1369 2572 1697 2624 contrarium
1736 2574 1902 2626 sacris
1927 2574 2015 2625 lit-

441 2661 566 2715 teris
593 2660 797 2726 docent,
815 2661 928 2714 sine
954 2660 1068 2714 ulla
1094 2660 1418 2714 dubitatione
1435 2663 1708 2716 credamus
1735 2663 1788 2716 id
1817 2664 2014 2732 falsum

439 2767 574 2816 esse,
613 2761 661 2805 et
701 2767 906 2821 quoquo
951 2750 1102 2806 modo
1135 2767 1410 2821 possumus
1443 2755 1602 2806 etiam
1628 2755 1960 2809 ostendamus
1993 2773 2013 2810 :

441 2851 597 2912 atque
642 2842 718 2894 ita
743 2850 1004 2894 teneamus
1033 2841 1189 2909 ﬁdem
1212 2841 1426 2896 Domini
1449 2845 1638 2906 nostri,
1671 2845 1726 2896 in
1764 2861 1865 2914 quo
1890 2839 2013 2899 sunt

443 2933 738 2988 absconditi
767 2949 943 2987 omnes
976 2934 1207 2988 thesauri
1241 2937 1530 3004 sapic‘ntitc,
1573 2948 1630 2991 ut
1669 2955 1828 3009 neque
1860 2923 2027 3009 [alste'

440 3023 782 3092 philosophia:
829 3024 1148 3094 loquacitate
1203 3026 1517 3081 seducamur
1547 3045 1707 3098 neque
1751 3033 2015 3087 simulata:

2111 548 2392 616 explicata
2419 547 2706 602 dissonant
2751 563 2782 602 a
2817 546 3101 601 sententiis
3135 544 3356 616 Moysis,
3383 553 3676 616 textosque

2110 638 2258 692 illius
2288 638 2636 694 discordant?
2670 639 2715 695 si
2751 638 3089 704 discordant,
3123 653 3243 707 qua
3283 645 3368 692 est
3414 637 3532 691 hac
3562 637 3677 693 dis-

2111 731 2428 786 cordantia?
2461 730 2716 794 fateatur,
2775 728 2970 784 deinde
3002 727 3419 783 animadvertat.
3487 726 3547 783 Si
3589 728 3677 784 in-

2109 825 2319 878 harent
2353 824 2634 880 sententia
2659 822 2880 894 Moysis,
2909 829 2964 877 et
3001 821 3181 877 verbis
3207 828 3334 877 sunt
3363 833 3675 874 accommo«

2111 916 2274 982 data,
2311 924 2365 971 et
2411 922 2744 986 congruunt,
2788 929 2889 970 nec
2920 929 2950 968 a
2981 911 3263 968 Catholica
3296 912 3545 975 veritate,
3575 924 3676 964 nec

2113 1016 2424 1063 sanctorum
2457 1007 2678 1061 Patrum
2710 1007 2873 1061 dictis
2902 1006 3217 1065 abhorrent,
3264 1002 3460 1073 utquid
3493 1002 3678 1074 culpat

2113 1098 2486 1170 inculpatum?
2536 1097 2881 1153 Tentandum
2913 1105 2998 1153 est
3049 1097 3256 1167 aliquid
3302 1094 3560 1150 maximis
3588 1092 3677 1148 in-

2110 1191 2307 1262 geniis,
2337 1207 2457 1260 qua
2489 1188 2641 1244 frena
2676 1191 2788 1261 pati
2819 1191 3074 1245 nesciunt
3105 1232 3120 1255 ,
3147 1189 3394 1242 laxanda
3427 1193 3559 1240 sunt
3587 1183 3676 1241 in-

2109 1284 2254 1355 genii
2277 1284 2440 1347 vires,
2465 1298 2566 1338 nec
2609 1285 3000 1354 angustissimo
3027 1283 3378 1352 antiquorum
3421 1294 3556 1352 gyro
3585 1294 3681 1334 co-

2111 1390 2231 1429 rum
2274 1375 2506 1444 impetus
2538 1373 2890 1446 refringendi.
2945 1373 3070 1429 Hac
3106 1374 3267 1428 sicuti
3301 1370 3486 1434 laudo,
3520 1370 3604 1424 sic
3625 1375 3681 1423 et

2111 1465 2358 1535 Cajetani
2421 1467 2746 1520 sententiam
2795 1465 2951 1519 initio
2986 1462 3513 1519 Commentariorum
3549 1473 3680 1514 suo-

2111 1571 2231 1610 rum
2283 1557 2337 1608 in
2397 1553 2639 1608 Genesim
2713 1553 3012 1617 accusavi;
3057 1568 3121 1608 ea
3173 1560 3355 1606 autem
3409 1560 3496 1605 est
3556 1567 3571 1604 :
3621 1545 3682 1603 Si

2111 1645 2318 1716 quando
2357 1646 2643 1699 occurrerit
2703 1645 2895 1715 aliquis
2948 1660 3129 1697 sensus
3181 1642 3345 1696 textui
3392 1655 3680 1703 consonus,

2111 1738 2347 1808 quamvis
2377 1754 2410 1791 a
2443 1744 2670 1791 torrente
2715 1735 2988 1789 doctorum
3019 1736 3244 1800 alienus,
3275 1733 3436 1787 lector
3469 1748 3685 1801 aquam

2111 1846 2165 1882 se
2200 1829 2430 1899 prabeat
2463 1845 2748 1894 censorem,
2775 1828 3052 1898 nullusque
3072 1825 3374 1888 detestetur,
3397 1824 3538 1893 quod
3567 1822 3683 1875 dis-

2111 1931 2258 1976 sonet
2291 1939 2322 1975 a
2343 1923 2530 1990 priscis
2562 1921 2886 1975 doctoribus.
2927 1919 3053 1973 Non
3092 1920 3229 1972 enim
3255 1916 3496 1986 alligavit
3537 1913 3686 1969 Deus

2110 2017 2486 2085 expositionem
2508 2015 2795 2082 Scriptura:
2815 2016 3109 2082 priscorum
3126 2010 3396 2064 doctorum
3419 2007 3685 2072 sensibus,

2113 2110 2346 2179 alioquin
2377 2125 2491 2178 spes
2526 2108 2674 2163 nobis
2711 2108 2981 2161 tolleretur
3004 2105 3292 2173 exponendi
3323 2102 3684 2169 Scriptorum,

2114 2202 2216 2253 nisi
2264 2200 2649 2268 transferendo,
2697 2209 2753 2252 ut
2787 2201 2958 2261 aiunt,
2990 2198 3050 2250 de
3083 2194 3215 2250 libro
3247 2195 3300 2248 in
3323 2192 3684 2263 quinternum.

2115 2290 2346 2346 Textum
2380 2300 2563 2345 autem
2597 2290 2866 2346 Eustathii
2911 2287 3156 2343 Gracum
3183 2287 3258 2340 ita
3291 2285 3527 2340 restituo
3562 2301 3575 2335 :
3606 2282 3687 2333 Τὰ

2113 2385 2223 2455 γὰρ
2249 2385 2306 2450 ἐξ
2343 2383 2684 2455 ἀνθρωπίνης
2719 2382 2955 2445 διανοίας
2995 2379 3395 2451 περιφερόμενα
3439 2376 3687 2445 δόγματα

2089 2477 2298 2552 ’ἀσαφῆ
2327 2478 2582 2547 τυγχάνει
2611 2477 2706 2530 καὶ
2734 2476 3126 2546 ἀνερμάτιστα.
3177 2473 3431 2527 Consona
3460 2469 3686 2522 tandem

2116 2578 2245 2624 sunt
2279 2571 2441 2625 verba
2475 2568 2662 2624 Basilii
2718 2568 2773 2621 in
2805 2566 3179 2637 pliilOSOphos,
3213 2564 3359 2618 hom.
3396 2564 3418 2615 1
3457 2581 3470 2615 :
3505 2559 3687 2613 Πολλὰ

2115 2661 2244 2732 περὶ
2271 2659 2485 2730 φύσεως
2519 2657 3042 2731 ἐπραγματεύσαντο
3080 2659 3128 2708 οἱ
3155 2656 3262 2709 τῶν
3292 2655 3565 2724 Ἑλλήνων
3597 2669 3688 2706 σο-

2116 2753 2225 2820 φοὶ,
2251 2753 2345 2805 καὶ
2379 2751 2496 2803 οὐδὲ
2530 2746 2610 2814 εἷς
2639 2751 2768 2822 παρ’
2793 2750 2974 2811 αὐτοῖς
2999 2747 3153 2815 λόγος
3175 2745 3403 2815 ἔστηκεν
3433 2743 3690 2814 ἀκίνητος

2116 2847 2208 2899 καὶ
2235 2846 2550 2910 ἀσάλευτος,
2567 2846 2653 2898 ἀεὶ
2677 2843 2770 2898 τοῦ
2797 2844 3050 2915 δευτέρου
3078 2844 3168 2898 τὸν
3189 2843 3294 2914 πρὸ
3325 2839 3489 2894 αὐτοῦ
3521 2855 3691 2893 κατα-

2115 2936 2400 3000 ϐάλλοντος
2426 2955 2440 2968 ο
2464 2936 2604 2989 ὥστε
2633 2938 2763 3008 ἡμῖν
2806 2935 2969 3006 μηδὲν
2999 2933 3156 3004 ἔργον
3188 2929 3325 2984 εἶναι
3352 2929 3423 2983 τὰ
3463 2928 3692 2983 ἐκείνων

2117 3031 2389 3102 ἐλέγχεινο
2429 3028 2656 3101 ἀρκοῦσι
2697 3029 2803 3099 γὰρ
2851 3027 3098 3098 ἀλλήλοις
3151 3026 3286 3097 πρὸς
3333 3023 3435 3095 τὴν
3482 3022 3691 3075 οἰκείαν

442 3117 713 3186 religionis
746 3119 1116 3186 superstitione
1141 3128 1450 3175 terreamur.
1480 3119 1546 3173 Et
1580 3130 1639 3175 ut
1675 3124 1728 3177 in
1766 3139 1824 3177 re
1851 3125 2014 3180 nimis

2117 3125 2448 3195 ἀνατροπὴν.
2483 3123 2546 3175 Et
2582 3125 2727 3178 hom.
2771 3122 2804 3176 5
2835 3138 2848 3174 :
2877 3121 2988 3175 Καὶ
3018 3120 3070 3172 τί
3098 3121 3178 3174 δεῖ
3216 3120 3514 3190 πράγματα
3548 3118 3690 3188 ἔχειν

444 3210 643 3281 agitata
670 3217 723 3265 et
747 3219 1117 3276 controversa,
1147 3209 1322 3265 dicam
1351 3211 1493 3281 quod
1521 3215 1753 3268 sentiam
1789 3216 1955 3271 libere
1997 3233 2013 3269 :

446 3302 674 3374 Semper
707 3302 829 3358 illos
859 3302 1217 3357 stultissimos
1251 3303 1581 3367 existimavi,
1636 3305 1729 3374 qui
1786 3305 1860 3359 ita
1892 3313 2021 3360 sunt

445 3396 805 3467 philosophia
849 3402 904 3450 et
927 3394 1251 3449 cultioribus
1286 3395 1481 3450 litteris
1505 3394 1723 3459 infensi,
1749 3404 1806 3450 ut
1832 3413 1900 3452 ne
1925 3414 2022 3453 au-

443 3490 615 3544 ditum
649 3488 866 3560 quidem
893 3504 1080 3544 earum
1112 3489 1448 3558 permittant.
1477 3490 1594 3543 Alia
1616 3491 1795 3544 omnia
1823 3492 2021 3548 abillis

444 3582 668 3640 habent.
704 3579 1108 3650 Scripturaque
1145 3580 1310 3633 verba
1340 3581 1413 3634 ita
1455 3581 1780 3652 detorquent
1824 3592 1883 3636 ut
1910 3600 2021 3640 non

448 3673 598 3729 illius
629 3673 980 3736 sententiam,
1007 3671 1101 3726 sed
1130 3672 1260 3741 quid
1290 3672 1464 3727 exteri
1500 3675 1773 3728 senserint
1801 3677 2020 3732 curiose

445 3764 785 3834 perquiraut,
818 3770 871 3817 et
895 3763 968 3816 ita
1001 3764 1217 3817 illorum
1246 3766 1528 3820 sententia
1552 3765 1890 3837 Scripturam
1921 3783 2016 3824 ae-

447 3855 820 3911 commodant.
856 3854 950 3910 Na
978 3871 1192 3926 semper
1214 3858 1290 3911 uti
1321 3859 1777 3927 prudentissimos
1802 3860 2017 3915 laudavi

447 3963 544 4004 eos
573 3949 666 4018 qui
691 3948 934 4003 rationes
964 3948 1232 4004 humanas
1280 3966 1517 4020 veraque
1547 3954 1919 4022 experimenta
1945 3956 2019 4009 ita

447 4039 744 4110 explicant,
769 4048 830 4093 ut
865 4039 1007 4093 idem
1041 4054 1164 4094 cum
1192 4040 1393 4096 divinis
1438 4042 1639 4098 litteris
1673 4048 1874 4102 sentire
1903 4049 2018 4102 cla~

447 4132 669 4187 rissime
697 4131 1094 4195 demonstrent,
1129 4141 1183 4186 et
1214 4141 1448 4188 mentem
1491 4135 1703 4191 illorum
1734 4154 1857 4193 cum
1890 4155 2018 4196 vero

451 4224 752 4294 Scriptura
799 4239 966 4278 sensu
1015 4238 1315 4295 congruere
1358 4225 1732 4285 elliracissime
1762 4232 2014 4300 probant.

449 4312 710 4380 Quamvis
756 4314 902 4368 enim
941 4315 1138 4370 divina
1191 4317 1384 4373 littera
1416 4320 1564 4373 nullo
1607 4320 1880 4391 indigeant
1921 4338 2018 4377 ex»

449 4412 610 4459 terno
637 4406 902 4474 subsidio,
940 4408 1033 4462 sed
1060 4416 1272 4463 suomet
1305 4409 1489 4464 divino
1517 4413 1710 4481 spiritu
1750 4413 1900 4468 fulta
1926 4430 2016 4470 ve-

2121 3217 2267 3288 ἡμᾶς
2307 3215 2367 3268 τὸ
2409 3214 2599 3284 ψευδὲς
2648 3213 2825 3267 αὐτῶν
2873 3211 3266 3282 διελέγχοντας,
3315 3206 3396 3274 οἷς
3447 3211 3692 3279 ἐξαρκεῖ.

2119 3308 2218 3371 τὰς
2235 3305 2415 3360 αὐτῶν
2438 3306 2660 3358 ἐκείνων
2683 3303 2893 3374 βίϐλους
2915 3303 3170 3371 ἀλλήλαις
3197 3299 3692 3370 ἀντιπαραθέντας,

2120 3401 2177 3453 ὲν
2193 3399 2391 3471 ἡσυχίᾳ
2415 3398 2581 3468 πολλῇ
2603 3395 2799 3459 Θεατὰς
2819 3395 2996 3450 αὐτῶν
3011 3395 3102 3447 τοῦ
3131 3393 3364 3463 πολέμου
3384 3392 3692 3464 καθῆσθαις

2120 3490 2256 3546 Οὔτε
2308 3491 2416 3562 γὰρ
2459 3488 2676 3561 ἀριθμῷ
2721 3489 2992 3551 ἐλάττους,
3045 3486 3166 3541 οὔτε
3217 3484 3489 3555 ἀξιώματι
3535 3487 3694 3555 ὑφει-

2123 3585 2292 3656 μένοι,
2317 3583 2628 3654 πολυφωνίᾳ
2648 3582 2704 3635 δὲ
2728 3582 2820 3636 καὶ
2841 3580 2989 3652 παρὰ
3015 3581 3150 3634 πολὺ
3178 3579 3524 3650 διαφέροντες
3555 3580 3696 3651 πρὸς

2117 3673 2178 3726 τὸ
2208 3671 2446 3726 ἐναντίον
2479 3671 2662 3733 αὐτοῖς
2697 3667 3169 3722 ἀντικαθίστανται
3199 3665 3375 3734 λόγον.

2190 3767 2350 3830 lbid.,
2380 3765 2476 3819 lin.
2525 3763 2609 3818 19.
2670 3763 2988 3828 Ἐποίησεν
3016 3763 3050 3813 ὁ
3083 3761 3224 3824 Θεὸς
3264 3759 3371 3812 τὸν
3408 3758 3692 3826 οὐρανόν.

2119 3860 2277 3916 Circa
2324 3858 2488 3929 hujus
2544 3857 2650 3911 loci
2704 3853 3099 3926 expositionem
3138 3867 3170 3906 a
3209 3850 3556 3920 quibusdam-
3583 3851 3696 3904 Au-

2119 3953 2372 4024 gustinus
2426 3949 2743 4020 Eugubinus
2800 3947 2993 4002 acerbe
3049 3943 3339 4000 admodum
3390 3943 3694 4013 reprehen-

2118 4043 2287 4110 ditur,
2319 4051 2374 4098 et
2416 4043 2536 4111 eius
2568 4040 2840 4111 expositio
2871 4039 3036 4094 veluti
3077 4037 3213 4092 falsa
3243 4046 3297 4091 et
3330 4037 3693 4107 perabsurda,

2119 4148 2170 4193 et
2213 4154 2242 4192 a
2287 4136 2595 4192 Christiana
2645 4134 2934 4204 disciplina
2983 4133 3285 4188 abhorrens
3329 4147 3439 4186 non
3485 4133 3693 4195 solum,

2119 4230 2214 4285 sed
2243 4237 2502 4296 tanquam
2540 4241 2855 4296 perversum
2894 4235 2948 4279 et
2989 4224 3215 4293 impium
3270 4223 3467 4293 dogma
3498 4224 3698 4293 explo-

2119 4323 2288 4378 ditur.
2321 4319 2421 4375 Hic
2459 4333 2694 4388 namque
2721 4318 2778 4371 in
2817 4332 2914 4372 sua
2947 4315 3293 4384 Cosmopteia,
3321 4324 3374 4370 et
3407 4322 3575 4369 tract.
3616 4312 3700 4369 De

2120 4415 2324 4468 naturis
2370 4411 2710 4479 incorporeis,
2743 4409 2933 4463 scribit
2977 4409 3174 4462 calum
3221 4414 3538 4476 enlpyreum
3571 4421 3698 4463 esse

448 4496 666 4552 ritatem
703 4496 838 4568 nulli
895 4496 1113 4552 dubiam
1158 4500 1412 4554 omnibus
1464 4501 1817 4557 manifestam
1858 4521 2016 4561 :non
2047 4488 2401 4572 unidpiam
2451 4510 2712 4553 aternum
2757 4505 2812 4551 et
2875 4497 3199 4560 increatum,
3246 4495 3351 4549 hoc
3405 4503 3511 4561 est,
3567 4512 3700 4553 esse

449 4595 536 4642 est
565 4595 742 4643 tamen
774 4589 843 4643 ab
869 4603 1055 4642 earum
1088 4589 1371 4658 majestate
1389 4598 1445 4645 et
1467 4592 1730 4662 dignitate
1779 4595 2019 4652 alienum

447 4687 503 4734 et
543 4679 882 4743 indecorum,
925 4681 970 4735 si
1024 4681 1169 4735 illius
1204 4682 1446 4737 veritatis
1498 4691 1706 4738 tantam
1747 4701 1867 4741 esse
1909 4689 2018 4742 vim

447 4786 847 4842 cognoscamus
873 4774 946 4827 ita
993 4781 1050 4828 ut
1077 4783 1131 4828 et
1164 4773 1286 4828 aliis
1316 4775 1448 4829 satis
1480 4784 1672 4845 patens
1702 4778 1866 4833 fuerit
1899 4795 2017 4834 ma-

453 4862 728 4920 nifestata.
751 4863 1029 4919 Immerito
1058 4865 1240 4934 itaque
1261 4865 1316 4918 in
1346 4865 1553 4932 Genes.,
1573 4870 1668 4923 lib.
1697 4885 1734 4933 ι,
1767 4869 2019 4927 Pererius

450 4954 800 5024 reprehendit
857 4954 1120 5010 Joannem
1173 4955 1362 5010 Picum
1418 4958 1876 5028 Mirandulanum,
1926 4966 2019 5034 qui

451 5061 618 5116 super
646 5055 810 5116 caput
865 5049 1097 5117 primum
1141 5049 1415 5106 Geneseos
1450 5051 1770 5120 Heptaplum
1799 5071 2022 5127 compo-

453 5145 660 5204 suerat,
692 5146 747 5193 et
774 5147 981 5209 septem
1017 5155 1184 5196 novas
1231 5141 1622 5211 expositiones,
1655 5145 2021 5218 doctrinaque

455 5229 654 5300 Moysis
686 5230 752 5284 de
808 5231 1066 5298 operibus
1100 5247 1191 5285 sex
1248 5231 1460 5288 dierum
1495 5249 1525 5287 a
1574 5235 1726 5289 nullo
1777 5239 2018 5306 priorum

453 5321 782 5391 scriptorum
820 5330 1075 5386 tentatas,
1114 5337 1144 5375 a
1175 5337 1235 5378 se
1277 5333 1459 5379 autem
1516 5327 1693 5395 primo
1731 5329 2017 5399 cogitatas,

453 5411 724 5474 iuventas,
751 5413 1078 5479 elaboratas,
1115 5417 1493 5486 perfectasque
1525 5420 1902 5489 pertractavit,
1955 5422 2022 5475 li-

454 5502 720 5572 brumque
753 5503 902 5558 illum
940 5519 1128 5573 parum
1168 5505 1232 5560 ad
1253 5506 1557 5562 doctrinam
1590 5507 1792 5580 Moysis
1818 5509 2020 5563 intelli-

452 5593 683 5665 gendum
735 5595 1058 5651 conducere.
1112 5597 1441 5663 Quasissem
1493 5601 1679 5670 utique
1723 5601 1953 5656 libenter
1986 5617 2017 5656 a

533 5773 554 5809 ⁸
585 5771 737 5830 Psal.
773 5790 887 5843 cur,
921 5777 976 5834 2.
1053 5781 1072 5811 ³
1101 5778 1131 5833 1
1169 5779 1301 5835 Tim.
1322 5798 1393 5848 vi,
1422 5782 1505 5839 l6.
1580 5780 1780 5838 ’Joan.
1816 5781 2021 5849 xvn,5.

2123 4593 2319 4656 lucem,
2367 4601 2419 4646 et
2467 4589 2768 4644 claritatem
2809 4589 3097 4658 quamdam
3145 4595 3454 4642 manantem
3496 4603 3567 4643 ex
3601 4590 3700 4663 Dei

2122 4683 2378 4745 essentia,
2426 4681 2480 4734 in
2522 4695 2628 4749 qua
2671 4679 2814 4734 Deus
2855 4689 2959 4744 est,
3001 4687 3055 4733 et
3090 4679 3158 4732 ad
3196 4679 3356 4748 cujus
3399 4681 3701 4750 participa-

2123 4777 2325 4830 tionem
2377 4781 2540 4843 atque
2592 4771 2906 4827 froitionem
2951 4778 3062 4824 tam
3115 4771 3244 4825 boni
3290 4770 3471 4840 angeli
3525 4786 3700 4840 quam

2120 4869 2223 4924 viri
2262 4868 2394 4938 justi
2433 4866 2815 4921 admittuntur.
2869 4863 2995 4918 llac
3039 4862 3186 4918 enim
3217 4870 3322 4925 est,
3362 4863 3570 4934 inquit,
3605 4864 3703 4918 illa

2122 4968 2323 5016 aterna
2349 4960 2440 5014 lux
2469 4967 2524 5013 et
2554 4957 2779 5013 claritas
2814 4956 2928 5017 Dei,
2963 4971 3084 5025 qua
3126 4955 3182 5009 in
3213 4954 3493 5024 Scriptura
3529 4958 3704 5012 toties

2120 5053 2282 5124 justis
2326 5050 2639 5107 hominibus
2675 5064 2773 5119 pro
2823 5045 3073 5101 mercede
3123 5045 3369 5098 laborum
3419 5045 3705 5114 promitti-

2122 5153 2244 5200 tur:
2280 5145 2346 5200 dc
2366 5160 2472 5215 qua
2500 5141 2908 5214 intelligendum
2941 5147 3093 5210 putat
3131 5136 3262 5191 illud
3290 5139 3437 5206 quod
3470 5139 3538 5193 de
3587 5138 3706 5194 Deo

2123 5239 2447 5310 inpsal.cm
2492 5235 2640 5292 canit
2664 5234 2854 5298 David,
2888 5232 3128 5286 Amictus
3151 5232 3344 5286 lumine
3366 5233 3504 5285 sicut
3539 5237 3704 5288 vesti-

2123 5341 2293 5386 mento
2328 5333 2344 5362 ⁸
2371 5350 2386 5396 ;
2416 5337 2470 5385 et
2500 5329 2631 5383 illud
2660 5325 2850 5380 Pauli:
2873 5325 2978 5391 Qui
3003 5325 3167 5377 lucem
3213 5323 3420 5378 habitat
3455 5327 3707 5383 inasm-

2123 5423 2322 5479 sibilem
2350 5424 2404 5490 ¹;
2435 5429 2487 5476 et
2514 5420 2642 5474 illud
2677 5419 2890 5473 Domini
2925 5417 3066 5487 apud
3100 5416 3401 5472 Joannem:
3437 5415 3709 5486 Clariﬁca

2125 5529 2235 5578 me,
2299 5521 2354 5565 tu
2413 5511 2610 5577 Pater,
2664 5509 2909 5562 claritate
2958 5522 3116 5576 quam
3167 5505 3328 5560 habui
3383 5507 3705 5576 priusquam

2126 5606 2349 5662 mundus
2394 5605 2563 5675 ﬁeret,
2613 5601 2752 5671 apud
2796 5611 2844 5656 te
2876 5598 3196 5671 ’.Ejusdem
3233 5598 3376 5654 lucis
3416 5602 3705 5670 specimen
