3866 6162
222 283 329 341 817

1207 279 1275 334 IN
1314 278 1686 335 EUSTATHII
1728 276 2199 334 HEXAEMERON
2232 275 2464 334 NO'LE.

3355 273 3458 330 818

218 397 497 472 quoddam
548 387 733 451 datum
787 403 872 450 est
921 394 978 450 in
1031 393 1516 465 transﬂguratione
1569 391 1786 446 Domini
1815 399 1861 454 Α
1890 390 2134 446 Platonis
2180 392 2328 447 varie
2364 389 2620 460 explicat,
2656 401 2711 445 et
2755 391 2994 445 rationes
3035 389 3207 461 aperit
3239 389 3464 448 Prol-lus

221 489 418 553 nostri,
433 498 486 543 et
500 488 555 542 in
573 487 709 541 rubo
729 486 950 557 Moysis,
964 495 1018 542 et
1043 487 1095 540 in
1119 486 1238 556 ejus
1253 486 1403 540 vultu
1418 500 1484 539 ex
1500 484 1789 554 colloquio,

223 590 278 636 et
313 578 707 635 consuetudine
745 593 868 632 cum
911 577 1017 634 Deo
1053 577 1238 632 habita
1285 592 1450 647 supra
1493 576 1791 631 humanum

221 670 476 726 obtutum
529 669 942 739 resplendente;
993 675 1046 723 et
1094 669 1234 725 hanc
1282 683 1436 725 suam
1481 669 1792 739 opinionem

221 760 512 815 confirmat
553 759 866 814 testimonio
917 758 1105 814 Basilii
1163 759 1361 829 Magni.
1407 759 1498 830 qui
1560 759 1706 813 hom.
1757 759 1794 812 2

217 865 384 918 super
432 847 672 904 Genesim
719 850 885 904 tradit
916 851 1104 905 eadem
1148 851 1332 905 omnia
1378 851 1570 906 iisdem
1612 851 1794 906 verbis

227 957 353 1012 quae
389 948 443 997 et
487 948 675 997 noster
711 940 1032 997 Eustathius
1067 957 1190 1011 pag.
1226 941 1315 997 50.
1346 939 1498 996 Hanc
1527 941 1794 1012 Eugubini

224 1033 552 1089 sententiam
581 1033 630 1089 si
652 1034 774 1104 quis
800 1033 928 1088 velit
955 1033 1267 1099 defendere,
1287 1035 1437 1088 omni
1466 1034 1582 1104 ipse
1614 1033 1796 1089 defen-

225 1126 383 1179 sione
423 1123 679 1195 indignus
725 1123 852 1179 erit.
887 1123 1097 1178 Caelum
1143 1139 1456 1196 empyreum
1501 1122 1644 1179 Deus
1684 1139 1795 1178 non

224 1221 334 1280 est,
363 1215 637 1286 quomodo
671 1230 800 1286 ergo
829 1222 1116 1279 aeternum,
1152 1217 1426 1286 quomodo
1457 1216 1795 1273 increatum?

225 1303 346 1358 Lux
397 1304 512 1359 haec
560 1313 744 1358 manat
793 1318 861 1359 ex
906 1303 1002 1359 Dei
1046 1304 1306 1367 essentia,
1344 1302 1616 1373 quomodo
1667 1316 1797 1372 ergo

226 1396 428 1450 caelum
471 1396 828 1467 empyreum?
872 1396 1022 1472 et.si
1057 1396 1256 1451 caelum
1301 1409 1618 1466 empyreum
1653 1393 1796 1448 Deus

224 1495 335 1552 est,
371 1487 643 1557 quomodo
674 1485 956 1557 Scriptura
986 1502 1096 1543 non
1125 1487 1328 1543 insanit
1366 1485 1434 1541 de
1463 1488 1557 1542 illo
1584 1486 1794 1551 dicens,

227 1582 298 1637 In
329 1582 585 1651 principio
624 1583 816 1636 creavit
855 1580 994 1636 Deus
1023 1581 1208 1636 caelum
1237 1581 1260 1613 ⁸
1281 1581 1304 1635 ?
1328 1596 1608 1652 nunquam
1649 1580 1798 1635 dice-

229 1688 350 1728 rem
380 1688 494 1729 rem
523 1673 766 1744 ejusdem
796 1687 918 1726 cum
942 1671 1051 1728 Deo
1073 1673 1324 1728 essentiae
1345 1688 1452 1726 non
1469 1688 1590 1726 esse
1606 1670 1792 1725 Deum.

225 1763 351 1819 Lux
395 1779 524 1835 ergo
563 1763 677 1818 haec
717 1771 832 1830 tua,
859 1771 912 1818 et
953 1764 1150 1819 caelum
1180 1780 1490 1836 empyreum
1527 1764 1670 1819 Deus
1699 1772 1802 1832 est,
1837 1754 1878 1809 Β

224 1864 285 1911 et
327 1866 563 1921 creator,
590 1864 644 1912 et
670 1871 889 1911 rursum
919 1855 1199 1912 diversum
1243 1871 1271 1910 a
1311 1855 1419 1911 Deo
1449 1866 1502 1911 et
1531 1863 1801 1910 creatura.

225 1946 416 2018 Neque
463 1949 728 2005 sententia
781 1947 1052 2003 Eustathii
1099 1955 1152 2002 et
1207 1947 1413 2015 Basilii,
1458 1964 1596 2019 quos
1639 1950 1804 2003 etiam

224 2039 446 2094 videtur
473 2047 695 2095 secutus
724 2038 1104 2094 Theodoretus
1135 2040 1190 2092 in
1227 2039 1488 2104 Genesim,
1525 2048 1578 2095 et
1609 2039 1809 2095 Metho-

226 2131 396 2196 dius,
435 2131 550 2188 sive
595 2129 920 2186 Timotheus
963 2133 1250 2204 presbyter
1287 2131 1807 2204 llierosolymitanus

226 2224 477 2278 oratione
506 2224 560 2276 in
592 2225 983 2292 Hypapantem,
1019 2224 1166 2278 illius
1183 2225 1509 2278 sententiam
1549 2227 1804 2294 probant,

227 2327 336 2369 nec
386 2313 600 2384 pondus
651 2313 882 2381 addunt,
938 2330 1039 2370 nec
1096 2315 1430 2371 ﬁrmitatem.
1491 2313 1700 2370 Etenim
1751 2313 1807 2370 hi

229 2401 425 2459 Patres
468 2404 643 2459 lucem
683 2405 828 2459 illam
890 2406 954 2477 et}
980 2407 1282 2462 claritatem
1314 2423 1481 2480 quam.
1511 2408 1808 2462 increatam

225 2500 502 2558 statuunt,
553 2493 825 2550 diversam
872 2495 940 2549 ab
989 2510 1053 2550 ea
1097 2512 1219 2566 quae
1263 2512 1368 2550 una
1401 2513 1522 2550 cum
1561 2497 1720 2561 cmlo,
1754 2504 1810 2550 et

227 2594 406 2648 terra,
440 2593 493 2640 et
529 2585 717 2640 eadem
756 2587 968 2642 ratione
1009 2603 1118 2656 qua
1163 2588 1362 2644 omium
1390 2595 1446 2642 et
1492 2595 1637 2642 terra
1677 2603 1808 2657 pro-

230 2678 400 2733 ducta
445 2685 552 2742 est,
618 2680 866 2749 quamvis
927 2680 1094 2735 nullis
1153 2680 1430 2746 tenebris,
1483 2681 1620 2735 nulli
1682 2695 1809 2734 cor-

230 2769 496 2839 ruptioni,
533 2770 671 2824 nulli
717 2771 947 2840 tempori
985 2770 1222 2826 obnoxia
1257 2770 1346 2835 sit,
1394 2785 1503 2826 non
1542 2770 1810 2825 allirmant

227 2874 359 2915 esse
400 2862 598 2915 ccelum
643 2876 978 2932 empyreum,
1026 2877 1127 2916 nec
1170 2863 1366 2916 caelum
1411 2862 1545 2916 illud
1589 2863 1657 2918 de
1701 2879 1810 2933 quo

232 2951 475 3016 dicitur,
507 2951 572 3006 In
612 2952 864 3022 principio
899 2953 1097 3006 creauit
1124 2951 1264 3006 Deus
1299 2952 1483 3006 caelum
1511 2962 1560 3006 et
1591 2962 1805 3007 terram.

236 3042 349 3098 Sed
402 3043 470 3098 de
515 3043 617 3099 hac
669 3043 894 3098 Patrum
953 3044 1224 3099 sententia
1283 3044 1414 3114 quid
1463 3045 1808 3100 sentiendum

236 3135 333 3202 ait,
369 3142 424 3190 et
448 3150 518 3191 an
557 3136 628 3192 sit
671 3137 814 3191 inter
854 3135 1251 3202 memorabilia,
1288 3143 1342 3187 et
1379 3135 1652 3205 paradoxa
1682 3137 1811 3206 reji-

237 3228 460 3294 cienda,
496 3229 552 3283 in
591 3223 847 3299 prasen‘ti
871 3244 980 3283 non
1005 3229 1195 3298 judico
1226 3247 1238 3280 :
1273 3227 1500 3284 inferius
1527 3232 1672 3284 enim
1703 3247 1813 3286 una

236 3334 367 3374 cum
394 3319 680 3374 Eustathio
706 3336 828 3391 pag.
858 3320 955 3384 60,
981 3320 1224 3374 dicemus
1267 3321 1468 3389 aliqua,
1502 3331 1813 3377 reverenter

235 3419 445 3465 tamen.
469 3409 712 3467 Veneror
733 3428 967 3483 namque
994 3413 1134 3467 dicta
1150 3412 1372 3467 Patrum
1396 3413 1808 3478 catholicorum,

237 3507 298 3555 et
323 3515 513 3555 verum
545 3501 744 3565 dicam,
781 3501 970 3556 adoro.

317 3594 436 3650 Col.
456 3593 578 3658 709,
597 3594 694 3649 lin.
711 3593 800 3648 20.
833 3594 894 3647 Ὀ
910 3594 1144 3662 στήσας
1159 3596 1266 3649 τὸν
1285 3596 1563 3664 οὐρανόν.
1581 3594 1814 3650 Basilius

241 3689 392 3742 hom.
445 3686 468 3740 l
521 3687 578 3740 in
632 3685 992 3741 Hexaemeron
1023 3688 1169 3740 :Kat
1229 3689 1356 3758 περὶ
1398 3687 1492 3741 τοῦ
1541 3689 1815 3760 σχήματος

240 3781 301 3834 δὲ
333 3779 494 3834 ἱκανὰ
531 3781 662 3850 ἡμῖν
695 3779 762 3833 τὰ
799 3781 928 3851 παρ’
975 3781 1138 3834 αὑτοῦ
1168 3782 1416 3844 εἰπόντος
1456 3785 1514 3835 ἐν
1542 3782 1816 3853 δοξολογίᾳ

241 3870 403 3937 Θεοῦ,
443 3871 505 3924 ὐ
553 3867 792 3937 στήσας
820 3869 928 3924 τὸν
963 3871 1222 3940 οὐρανὸν
1251 3871 1393 3925 ὡσεὶ
1418 3871 1707 3941 καμάραν.
1737 3872 1818 3925 Τὰ

245 3963 389 4018 αὐτὰ
415 3964 473 4017 δὲ
504 3964 676 4017 ταῦτα
707 3966 798 4018 καὶ
828 3966 954 4034 περὶ
974 3966 1071 4036 τῆς
1097 3966 1200 4036 γῆς
1238 3965 1672 4036 συμϐουλεύομεν
1693 3966 1818 4020 ἐαυ-

243 4059 378 4121 τοῖς,
413 4057 488 4127 μὴ
521 4057 994 4129 πολυπραγμονεῖν
1025 4059 1194 4129 αὐτῆς
1221 4059 1318 4130 τὴν
1345 4059 1529 4112 οὐσίαν
1547 4059 1670 4129 ἥτις
1689 4060 1817 4112 ποτὲ

244 4150 417 4201 ἐστιν.
454 4145 531 4202 De
579 4146 752 4217 ﬁgura
789 4148 916 4202 οωὶί
953 4148 1096 4218 apud
1137 4157 1351 4204 veteres
1389 4150 1684 4203 maximum
1718 4149 1820 4204 fuit

245 4237 572 4301 dissidium;
605 4253 794 4292 eorum
839 4239 1034 4308 placita
1078 4247 1275 4308 praeter
1317 4241 1454 4296 alios
1484 4240 1652 4295 refert
1690 4239 1820 4294 Plu-

243 4329 496 4392 tarchus,
521 4330 616 4383 lib.
640 4345 676 4384 ιι
701 4329 772 4384 De
787 4331 966 4400 placit.
985 4331 1702 4401 philosoph.;Theodoretus,
1721 4333 1814 4386 lib.

247 4422 330 4475 De
359 4421 628 4516 naturaet
672 4423 905 4489 mundo;
949 4424 1290 4490 Aristoteles,
1319 4426 1414 4480 lib.
1463 4441 1501 4480 ιι
1539 4425 1615 4480 De
1668 4427 1816 4490 celo,
1851 4461 1895 4516 Β

248 4529 369 4583 cap.
403 4515 470 4579 4;
503 4514 846 4580 Ptolemaeus,
881 4517 977 4573 lib.
1024 4534 1061 4582 ι,
1101 4533 1152 4572 c.
1188 4518 1222 4571 5
1252 4516 1507 4572 editionis
1548 4532 1714 4587 mag.,
1765 4524 1819 4570 et

249 4606 374 4674 ejus
397 4617 791 4662 commentator
817 4608 1002 4664 Theon
1040 4609 1472 4675 Alexandrinus;
1505 4608 1818 4664 Cleomedcs

251 4697 310 4751 in
341 4695 562 4752 Meteor.
592 4699 685 4754 lib.
711 4715 749 4764 ι,
775 4709 831 4755 et
858 4701 946 4754 alii
978 4701 1165 4755 multis
1189 4701 1494 4756 rationibus
1526 4708 1578 4756 et
1604 4703 1819 4772 experi-

251 4789 456 4844 mentis
488 4791 814 4860 sphazricum
846 4807 968 4847 esse
993 4793 1247 4862 probant.
1279 4791 1430 4847 Plato
1461 4809 1526 4847 ea
1564 4793 1631 4848 de
1660 4809 1719 4849 re
1745 4794 1819 4847 ita

252 4879 475 4949 scripsit
512 4882 566 4934 in
599 4881 794 4935 Timwo
820 4896 838 4933 :
866 4881 955 4952 Τῷ
982 4881 1090 4953 γὰρ
1129 4881 1197 4934 τὰ
1223 4881 1399 4935 πάντα
1439 4883 1497 4934 ὲν
1535 4883 1682 4952 αὐτῷ
1708 4883 1822 4947 ζῶα

250 4971 524 5044 περιέχειν
550 4973 792 5042 μέλλοντι
825 4973 949 5044 (diu)
993 4973 1199 5044 πρέπον
1232 4973 1296 5026 ἂν
1323 4973 1408 5044 εἴη
1434 4976 1616 5044 σχῆμα
1641 4975 1703 5027 τὸ
1728 4992 1823 5027 πε⁹

258 5061 532 5132 ριειληφὸς
565 5065 621 5116 ὲν
673 5063 821 5135 αὐτῷ
855 5065 1029 5118 πάντα
1074 5066 1243 5119 ὁπόσα
1280 5066 1557 5135 σχήματα’
1601 5065 1681 5117 διὸ
1729 5067 1822 5119 καὶ

253 5152 592 5222 σφαιροειδὲς
628 5155 692 5206 ὲκ
724 5155 888 5225 μέσου
929 5157 1104 5226 πάντη
1137 5156 1273 5228 πρὸς
1305 5157 1400 5219 τὰς,
1431 5156 1685 5219 τελευτὰς
1715 5157 1826 5209 ἴσον

257 5246 462 5315 ἀπέχον
485 5247 806 5319 κυκλοτερὲς
837 5247 967 5302 αὐτὸ
999 5249 1350 5320 ὲτορνεύσατο
1378 5249 1594 5302 πάντων
1635 5249 1829 5303 τελειό-

256 5352 439 5401 τατον,
473 5337 784 5406 ὁμοιότατόν
811 5355 871 5390 τε
897 5339 1026 5391 αὐτὸ
1051 5337 1226 5408 ἑαυτῷ
1262 5339 1575 5409 σχημάτων,
1602 5340 1826 5410 νομίσας

260 5429 441 5500 μυρίῳ
468 5428 682 5483 κάλλιον
707 5431 891 5501 ὅμοιον
935 5430 1186 5500 ἀνομοίου
1204 5448 1216 5460 ·
1246 5428 1386 5484 λεῖον
1411 5430 1466 5483 δὲ
1505 5430 1688 5501 κύκλῳ
1718 5431 1826 5483 πᾶν

255 5521 457 5588 ἔξωθεν
485 5521 615 5574 αὐτὸ
647 5521 1016 5593 ἀπηκριὸοὖτο
1042 5523 1250 5576 πολλῶν
1272 5524 1450 5595 χάριν.
1495 5522 1618 5578 Haec
1664 5523 1826 5578 verba

332 5675 355 5710 ⁸
395 5677 523 5738 Gen.
563 5695 616 5747 I,
664 5680 713 5733 l.
789 5681 808 5709 '
857 5679 1025 5732 Eccle.
1069 5695 1120 5743 l,
1161 5679 1215 5744 5,
1254 5681 1305 5732 li.

1891 482 2245 540 Commentar.
2264 485 2319 538 in
2338 483 2681 550 Timaeum,et
2697 481 3055 541 Ciceroetiam
3071 498 3110 537 ιι
3129 481 3204 536 De
3214 491 3326 537 nat.
3343 483 3467 538 deo-

1892 592 2030 638 rum,
2048 577 2208 643 Quid,
2224 575 2423 646 inquit,
2441 574 2712 643 pulchrius
2725 589 2786 628 ea
2803 574 2997 645 ﬁgura,
3019 589 3135 644 quae
3155 572 3270 628 sola
3289 589 3466 628 omnes

1897 674 2035 727 alias
2053 672 2252 742 ﬁguras
2274 669 2543 734 complexa
2563 669 3041 737 continet,qua’que
3061 666 3190 720 nihil
3208 667 3471 736 asperita-

1897 767 1965 820 tis
1979 763 2188 827 habere,
2212 761 2342 816 nihil
2365 760 2669 829 offensionis
2703 757 3040 828 potest,nihil
3057 758 3282 812 incisum
3309 773 3472 828 angu-

1898 859 1985 923 lis,
2012 856 2143 910 nihil
2160 852 2510 922 anfractibus,
2531 851 2664 904 nihil
2687 851 2940 914 eminens,
2964 848 3097 903 nihil
3123 849 3468 904 lacunosum?

1894 949 2188 1005 Alcinoria:
2234 945 2640 1000 lntroductione
2676 943 2732 996 in
2765 941 3010 996 Platonis
3044 941 3466 1012 philosophiam,

1895 1042 2006 1112 Σχῆ
2015 1058 2088 1111 μα
2107 1039 2152 1093 δ’
2168 1037 2315 1108 αὐτῷ
2329 1035 2620 1107 περιέθηκε
2632 1034 2693 1088 τὸ
2704 1032 3057 1104 σφαιροειδὲς,
3073 1032 3473 1102 εὐμορφότατον

1899 1149 2001 1203 σχη
2010 1131 2212 1202 μάτων,
2231 1129 2324 1183 καὶ
2340 1127 2554 1198 πολυχω
2561 1124 2781 1198 ρότατον
2792 1123 2887 1178 καὶ
2896 1123 3324 1194 εὐκινητότατον.
3342 1122 3474 1189 Qun

1897 1239 2008 1279 non
2043 1236 2347 1293 repugnare
2387 1217 2593 1274 divinis
2638 1216 2856 1280 litteris,
2888 1215 3022 1285 quin
3070 1215 3199 1271 inde
3235 1229 3344 1268 non
3375 1215 3474 1268 ob-

1900 1331 2059 1372 scure
2087 1313 2294 1384 colligi,
2344 1309 2660 1367 confirmari
2703 1317 2883 1379 potest
2913 1322 2981 1363 ex
3015 1307 3125 1362 illis
3156 1305 3338 1361 verbis
3368 1306 3473 1359 ini-

1899 1408 1976 1462 tio
2007 1405 2408 1460 Ecclesiastes:
2441 1401 2537 1458 Sol
2570 1401 2782 1464 occidit,
2812 1411 2862 1456 et
2903 1402 2956 1454 in
2999 1399 3171 1453 locum
3209 1413 3362 1452 suum
3391 1414 3473 1452 re-

1901 1498 2140 1561 uertitur,
2161 1495 2332 1566 ibique
2355 1511 2632 1548 renascens
2658 1503 2814 1564 gyrat
2841 1507 2931 1560 per
2977 1489 3253 1546 meridiem
3279 1498 3328 1544 et
3374 1489 3472 1559 ﬂe-

1901 1591 2062 1644 ctitur
2107 1588 2176 1642 ad
2209 1587 2546 1658 aquilonem:
2580 1587 2814 1639 lustrans
2861 1585 3104 1640 universa
3150 1584 3206 1637 in
3252 1582 3476 1636 circuitu

1903 1681 2068 1752 pergit
2091 1681 2332 1749 spiritus,
2364 1687 2412 1734 et
2435 1680 2490 1732 in
2517 1677 2743 1732 circulos
2774 1691 2896 1731 suos
2923 1676 3200 1730 revertitur
3226 1676 3269 1730 ⁵.
3301 1672 3478 1739 Quare

1905 1773 2266 1845 Hieronymus
2311 1774 2382 1828 in.
2408 1771 2610 1826 Comm.
2643 1785 2764 1840 cap.
2793 1786 2825 1823 v
2868 1767 3041 1838 Epist.
3092 1766 3160 1822 ad
3225 1765 3476 1835 Ephesios

1907 1865 2146 1936 graviter
2182 1879 2277 1919 eos
2309 1864 2576 1932 increpat,
2609 1862 2703 1931 qui
2749 1845 2946 1915 emtum
2974 1875 3082 1914 non
3112 1858 3351 1927 undique
3386 1871 3477 1910 ro-

1907 1956 2158 2019 tundum,
2185 1953 2281 2012 sed
2301 1952 2529 2008 fornicis
2561 1952 2722 2006 modo
2749 1957 3036 2005 curvatum
3061 1947 3288 2003 faciunt.
3322 1946 3478 2014 Quod

1907 2051 2130 2104 omnino
2159 2054 2366 2103 certum
2391 2053 2476 2101 est
2493 2061 2617 2101 cum
2639 2059 2750 2099 non
2771 2042 3079 2098 rationibus
3106 2049 3321 2096 tantum
3347 2054 3480 2094 con-

1909 2142 2182 2202 vincatur,
2225 2139 2320 2194 sed
2365 2137 2739 2206 experimento
2783 2137 2946 2190 etiam
3003 2143 3341 2202 compertum
3384 2134 3477 2196 sit,

1909 2230 2106 2300 duplex
2155 2229 2262 2284 hoc
2302 2227 2741 2297 hemisphaerium
2778 2241 2921 2288 esse,
2963 2233 3017 2280 et
3059 2224 3346 2296 antipodas
3383 2223 3482 2277 ad-

1908 2337 2065 2378 versa
2095 2321 2255 2376 nobis
2302 2319 2534 2391 vestigia
2566 2332 2834 2390 premere,
2887 2319 2954 2372 de
2988 2316 3190 2386 quibus
3227 2314 3479 2372 Manilius

1910 2427 1965 2482 in
1997 2428 2298 2481 Astronom.
2316 2442 2336 2479 :

1983 2517 2093 2572 Nec
2117 2518 2288 2571 minor
2318 2525 2392 2570 est
2423 2516 2528 2569 illis
2563 2515 2808 2578 mundus,
2837 2531 2927 2568 nec
2955 2513 3150 2567 lumine
3177 2512 3325 2582 pejor
3351 2527 3370 2576 ;

1983 2587 2095 2643 Nec
2119 2603 2395 2641 numerosa
2424 2587 2595 2640 minus
2623 2585 2912 2640 nascuntur
2939 2585 3116 2638 sidera
3145 2585 3196 2636 in
3236 2581 3357 2636 or-be
3389 2596 3410 2636 :

1910 2698 1964 2744 et
2005 2689 2093 2744 alii
2126 2703 2358 2759 quorum
2387 2686 2627 2740 rationes
2663 2687 2808 2756 leges
2849 2684 2904 2737 in
2944 2682 3081 2737 locis
3106 2695 3137 2734 a
3161 2679 3482 2734 nobis-lau-

1911 2781 2073 2836 datis.
2101 2779 2226 2833 ch
2261 2795 2482 2849 namque
2511 2779 2704 2848 ﬁgura,
2727 2785 2789 2831 ut
2810 2773 3111 2828 aitPlinius
3137 2772 3230 2825 lib.
3254 2786 3313 2835 ιι,
3350 2785 3402 2825 c.
3423 2772 3481 2836 2,

1912 2875 2153 2928 omnibus
2183 2873 2294 2926 suis
2324 2871 2562 2940 partibus
2591 2869 2751 2936 tergit
2786 2869 2841 2920 in
2872 2883 3002 2929 sese,
3043 2881 3105 2917 ac
3124 2863 3225 2918 sibi
3246 2864 3362 2930 ipsa
3402 2870 3485 2916 to-

1911 2965 2134 3020 leranda
2182 2974 2280 3029 est,
2322 2980 2475 3034 seque
2529 2961 2772 3028 includit,
2815 2969 2876 3014 et.
2921 2959 3171 3022 continet,
3211 2955 3484 3009 nullarum

1913 3075 2062 3130 egens
2094 3057 2482 3127 compaginum.
2536 3053 2646 3108 Nec
2689 3054 2846 3124 ﬁnem
2885 3061 2978 3105 aut
3014 3050 3333 3120 principium
3358 3046 3483 3103 ullis

1913 3153 2023 3205 suis
2039 3149 2280 3219 partibus
2319 3149 2568 3211 sentiens,
2600 3163 2690 3200 nec
2718 3147 2844 3215 quia
2867 3143 2936 3197 ad
2966 3152 3186 3204 motum,
3218 3158 3318 3212 quo
3356 3139 3482 3194 sub-

1912 3241 2032 3296 inde
2058 3243 2186 3296 verti
2237 3241 2440 3300 debeat,
2463 3247 2520 3292 ut
2551 3253 2674 3292 mox
2711 3237 3002 3305 apparebit,
3042 3235 3167 3288 talis
3205 3231 3486 3301 aptissima

1911 3342 2010 3396 est,
2043 3333 2134 3387 sed
2163 3331 2435 3387 oculorum
2474 3345 2675 3399 quoque
2701 3326 3008 3395 probatione
3029 3322 3168 3395 quod
3204 3337 3482 3386 convexus,

1913 3425 2218 3495 mediusque
2264 3438 2570 3494 quacunque
2617 3428 2882 3481 cernatur,
2920 3434 3040 3470 cum
3082 3417 3136 3470 id
3175 3416 3406 3469 accidere
3428 3417 3487 3468 in

1915 3519 2026 3573 alia
2075 3535 2180 3571 non
2231 3516 2398 3581 possit
2431 3515 2624 3584 ﬁgura.
2669 3509 2734 3564 Et
2781 3509 3102 3565 Theodorus
3151 3507 3487 3562 Prodromus

1914 3607 2122 3677 Dialog.
2159 3605 2226 3661 tle
2258 3607 2420 3660 amic.
2455 3605 2640 3658 exsule
2673 3621 2686 3657 :
2721 3602 2794 3654 Ἢ
2825 3600 2906 3664 τίς
2942 3599 3032 3652 τὸν
3057 3599 3220 3670 εὐρὺν
3262 3597 3488 3668 οὐρανὸν

1915 3698 2011 3750 καὶ
2049 3697 2142 3751 τὸν
2176 3695 2347 3766 μέγαν
2394 3694 2679 3764 ἄκαμπτον
2724 3691 2854 3744 ὄντα
2899 3690 2958 3744 τὸ
2998 3692 3126 3759 πρὶν
3162 3686 3486 3758 εὐθυωρίαν,

1916 3791 2060 3861 ἀρχῇ
2095 3786 2359 3841 πυθέσθαι
2389 3785 2481 3839 τοῦ
2527 3785 2706 3852 λόγοις
2727 3783 2821 3836 τοῦ
2850 3782 3090 3854 φαμένου
3131 3778 3375 3850 ἔκαμψεν
3409 3781 3490 3843 είς

1914 3879 2013 3948 τὴν
2047 3880 2281 3948 σφαῖραν
2320 3877 2368 3928 el
2395 3875 2469 3945 μὴ
2498 3873 2676 3943 φιλία;
2713 3868 2825 3927 οἷον
2854 3872 2962 3942 γὰρ
2991 3874 3163 3926 εἰπεῖν
3202 3871 3280 3934 ὡς
3319 3868 3489 3923 καλοῦ

1917 3970 2013 4022 καὶ
2041 3969 2270 4038 κοσμίου
2309 3967 2449 4038 ὲρῶν
2491 3966 2684 4020 ἑαυτοῦ
2718 3966 2854 4038 πρὸς
2897 3963 3095 4018 κύκλον
3123 3963 3489 4034 συνεστράφη,

1919 4057 2108 4110 ἑαυτὸν
2159 4055 2307 4126 αὐτῷ
2360 4055 2549 4124 φιλιῶν
2629 4053 2962 4124 πανταχόθεν
3030 4054 3124 4110 καὶ
3178 4053 3491 4106 παντάπασι

1921 4146 2407 4218 συμπερισφίγγων
2441 4147 2600 4217 μέρη.
2631 4145 2688 4198 ln
2712 4145 2854 4200 hanc
2883 4144 3208 4198 sententiam
3240 4143 3342 4212 legi
3368 4158 3493 4211 pos-

1921 4246 2050 4293 sunt
2084 4246 2137 4293 et
2167 4253 2288 4307 quae
2316 4238 2478 4292 habet
2505 4238 2756 4292 Clemens
2798 4235 3098 4297 Romanus,
3126 4234 3222 4288 lib.
3246 4248 3342 4287 vni
3391 4232 3494 4286 Re-

1922 4331 2117 4401 cognit.
2147 4328 2349 4384 Verum
2400 4330 2640 4398 antiquis
2680 4325 2938 4382 Patri-bus
2981 4328 3153 4380 mirus
3183 4326 3236 4380 in
3262 4325 3364 4378 hoc
3392 4323 3494 4378 fuit

1923 4439 2249 4486 consensus,
2293 4423 2490 4477 cmlum
2535 4422 2747 4476 scilicet
2776 4435 2884 4474 non
2923 4435 3047 4474 esse
3077 4418 3367 4474 rotundum
3397 4416 3493 4472 sed

1925 4516 2102 4570 instar
2118 4513 2366 4576 fornicis,
2389 4521 2447 4566 ut
2473 4513 2738 4567 habemus
2762 4511 2851 4564 hic
2871 4525 2936 4564 ex
2966 4516 3154 4564 nostro
3185 4506 3494 4570 Eustathio.

1925 4605 2160 4670 Basilio,
2218 4604 2610 4676 Chrysostomo
2672 4603 2819 4656 hom.
2887 4601 2953 4654 Η
3017 4608 3070 4654 et
3130 4599 3196 4652 l7
3252 4598 3322 4652 ad
3381 4597 3492 4652 lle-

1927 4696 2116 4760 brazos,
2157 4695 2485 4766 Augustino,
2516 4695 2550 4750 Ι.
2584 4707 2624 4748 ιι
2674 4692 2751 4746 De
2788 4690 2974 4747 Cenes.
3013 4689 3082 4744 ad
3113 4691 3366 4752 litteram,
3398 4689 3492 4758 qui

1926 4797 1980 4845 et
2014 4791 2143 4844 alibi
2180 4791 2254 4842 ait
2283 4804 2343 4842 se
2375 4787 2643 4849 dubitare,
2678 4787 2762 4839 An
2787 4797 2928 4840 terra
2971 4784 3097 4839 cazlo
3135 4783 3360 4854 undique
3397 4782 3496 4836 cir-

1926 4880 2167 4949 cumfuso
2194 4880 2541 4934 contineatur.
2571 4877 2828 4946 Ejusdem
2855 4876 3140 4931 sententia:
3172 4874 3275 4928 fuit
3303 4881 3495 4928 auctor

1924 4972 2050 5027 libri
2099 4971 2538 5026 Christianorum
2581 4969 2902 5036 nuncupati,
2957 4977 3017 5021 ut
3061 4967 3228 5021 refert
3270 4964 3496 5020 Photius

1922 5063 1978 5115 in
2012 5060 2263 5115 Biblioth.
2297 5061 2451 5114 :"Ott
2483 5061 2511 5111 ὁ
2538 5058 2873 5131 οὐρανὺςοὺκ
2889 5057 3002 5110 ἐστι
3038 5055 3345 5128 σφαιρικὸς,
3375 5052 3496 5107 οὐδὲ

1923 5157 1956 5224 ἡ
1985 5155 2077 5225 γῆ,
2113 5152 2227 5206 ἀλλ’
2251 5155 2281 5206 ὁ
2315 5152 2416 5224 μὲν
2444 5151 2577 5204 ὡσεὶ
2607 5151 2856 5222 καμάρα,
2889 5150 2982 5220 ἡδὲ
3007 5149 3368 5220 ἑτερομήκης,
3402 5144 3496 5199 καὶ

1923 5245 2244 5318 κεκόλληται
2285 5245 2355 5300 τὰ
2383 5245 2596 5316 πέρατα
2619 5242 2712 5296 τοῦ
2751 5242 2978 5315 οὐρανοῦ
3012 5241 3148 5312 πρὸς
3176 5241 3243 5294 τὰ
3283 5238 3497 5310 πέρατα

1922 5341 2021 5411 τῆς
2041 5340 2164 5409 γῆς.
2198 5337 2518 5394 Theodorus
2543 5338 2668 5392 item
2697 5336 2993 5406 episc0pus
3045 5331 3333 5388 Tarsensis
3365 5332 3399 5383 ι.
3433 5345 3494 5384 m

1922 5429 2125 5486 Contra
2174 5430 2342 5484 fatum
2379 5430 2564 5484 multis
2604 5428 2709 5482 hoc
2747 5425 2890 5481 idem
2937 5425 3207 5495 capitibus
3245 5421 3498 5493 essequi-

1924 5531 2034 5591 tur,
2059 5531 2118 5577 ut
2150 5523 2380 5579 habetur
2410 5522 2551 5593 apud
2582 5521 2829 5579 Photinm
2853 5540 2864 5574 :
2885 5520 2970 5574 Ἐν
2997 5519 3054 5574 δὶ
3075 5517 3152 5588 τῷ
3180 5517 3348 5588 τρίτῳ
3378 5533 3499 5574 net:-
