3866 6162
3558 260 3665 323 830

1761 284 2010 345 LEONIS
2044 281 2323 339 ALLATII
3558 281 3647 335 ωε

429 427 589 502 ρᾶται
622 413 719 494 μὲν
744 419 832 475 διά
855 436 915 472 τε
943 415 1037 471 τοῦ
1077 423 1163 470 κε’
1195 415 1347 469 κάτω
1374 412 1467 467 καὶ
1499 411 1594 465 τοῦ
1631 407 1737 481 κβ’,
1763 409 1859 462 καὶ
1887 406 1986 480 μὴν

2093 402 2310 459 Elenchi
2326 406 2510 456 contra
2524 400 2709 454 turres.
2731 412 2750 451 :
2769 392 3059 464 Γεγονέναι
3082 390 3161 454 δὲ,
3181 388 3251 444 τὰ
3277 389 3453 502 ἄστρα
3472 386 3541 440 ὲκ
3563 386 3636 456 τῆ

424 517 522 572 καὶ
552 514 647 569 τοῦ
690 508 875 586 τρίτου
907 511 1001 566 καὶ
1034 506 1303 572 εἰκοστοῦ,
1344 506 1437 559 καὶ
1473 511 1521 557 κ’
1558 503 1654 557 καὶ
1680 502 1723 556 δ’
1754 502 1997 571 ἐλέγχειν

424 610 549 673 τοὺς
577 609 670 662 τὸν
706 604 934 677 οὐρανὸν
968 601 1254 672 σφαιρικὸν
1295 596 1731 668 ὑποτιθεμένους.
1763 594 1838 648 Οὐ
1873 592 1999 665 μέν·

421 716 571 768 τοιγε
597 697 684 751 διὰ
724 697 831 751 τῶν
866 696 1017 766 ἰσχὺν
1057 693 1287 763 ἐχόντων
1328 693 1376 743 οἱ
1415 689 1622 759 ἔλεγχοι
1656 687 1887 758 πρόεισι.
1923 684 1997 738 Τὸ

424 790 710 863 σφαιρικὸν
723 789 780 842 δὲ
812 789 870 841 οὐ
903 786 1143 857 βούλεται
1171 784 1469 854 συγχωρεῖν
1492 780 1569 849 τῷ
1602 778 1831 851 οὐρανῷ·
1864 778 1995 847 διότι

421 862 633 953 νομίζει
663 880 760 953 τὴν
806 878 1145 950 εἱμαρμένην
1174 877 1238 929 ὲκ
1272 876 1368 946 τῆς
1406 874 1656 946 τοιαύτης
1682 862 1999 939 εἰσάγεσθαι

423 972 643 1036 θέσεως.
681 969 945 1037 Quamvis
997 968 1159 1037 hujus
1191 966 1461 1021 rationem
1505 965 1580 1018 uti
1621 963 1833 1017 minimi
1877 976 1996 1016 mo-

419 1063 588 1118 menti
616 1060 831 1117 refellat
858 1061 997 1115 idem
1027 1059 1259 1113 Photius
1280 1056 1477 1111 ibidem
1510 1074 1525 1110 :
1558 1054 1749 1109 Καίτοι
1770 1052 1994 1125 οὐδεμία

417 1154 576 1208 τοῦτο
608 1153 877 1218 ἀπόδειξις
906 1151 1244 1216 ἐκϐιάζεται9
1276 1151 1336 1203 οὐ
1380 1149 1508 1221 γὰρ,
1542 1146 1595 1201 εἴ
1622 1164 1685 1216 γε
1712 1145 1995 1217 σφαιρικὸς

419 1247 451 1298 ὁ
476 1245 722 1315 οὐρανὸς,
763 1246 857 1298 καὶ¹
885 1245 945 1297 τὸ
972 1245 1071 1314 τῆς
1112 1241 1455 1312 εϊμαρμένης
1506 1238 1563 1306 ἐξ
1592 1238 1834 1309 ἀνάγκης
1870 1253 1995 1290 συν-

424 1333 657 1389 ίσταται.
694 1332 1011 1388 Lactantius
1036 1332 1072 1384 Ι.
1106 1347 1139 1383 v
1174 1330 1350 1391 Diviu.
1391 1330 1542 1392 inst.,
1582 1342 1634 1382 c.
1659 1327 1751 1391 24,
1783 1324 1993 1381 deridet

417 1440 514 1482 eos
538 1427 633 1497 qui
662 1426 860 1481 cadum
918 1422 1238 1490 rotundum,
1270 1432 1324 1478 et
1353 1421 1411 1476 in
1456 1435 1647 1476 omnes
1676 1428 1862 1490 partes
1894 1419 1992 1474 de-

414 1531 614 1573 vexum
664 1516 1036 1571 crediderunt.
1071 1514 1374 1584 Procopius
1420 1528 1541 1569 eam
1589 1511 1873 1573 mordicus
1918 1510 1993 1564 ita

414 1609 661 1666 defendit
691 1608 897 1667 Comm.
929 1608 984 1662 in
1010 1606 1165 1674 Gem,
1199 1615 1262 1662 ut
1290 1621 1480 1662 eorum
1510 1604 1864 1665 sententiam,
1897 1602 1991 1671 qui

414 1701 616 1757 cmlum
650 1699 950 1770 prmdicant
978 1699 1297 1764 rotundum,
1330 1713 1361 1751 a
1405 1696 1675 1751 catholica
1705 1694 1992 1765 disciplina

2095 496 2184 551 διὰ
2208 494 2271 550 τὸ
2291 493 2389 566 τὴν
2414 492 2613 564 ἰκμάδα
2641 491 2708 549 ὲκ
2742 486 2942 558 ταύτης
2971 482 3302 548 ἐνίστασθαι,
3339 476 3410 552 ἧς
3444 480 3668 549 ἀραιου-

2101 589 2266 661 μένης
2290 586 2352 641 τὸ
2377 585 2489 657 πῦρ
2518 583 2793 655 γίνεσθαν
2824 582 2888 634 ὲκ
2923 578 2981 633 δὲ
3011 576 3106 631 τοῦ
3140 573 3309 645 πυρὸς
3341 568 3668 661 μετεωριζο-

2100 660 2261 753 μένου
2298 680 2423 742 τοὺς
2454 677 2687 749 ἀστέρας
2720 669 3088 728 συνίστασθαι.
3118 662 3270 722 Εἶναι
3304 664 3360 717 δὲ
3394 663 3490 719 καὶ
3529 660 3669 730 γεώ-

2094 774 2207 837 δεις
2237 771 2426 843 φύσεις
2454 771 2511 824 ὲν
2554 767 2633 840 τῷ
2659 767 2807 836 τόπῳ
2829 763 2937 818 τῶν
2965 761 3208 831 ἀστέρων
3245 753 3667 828 σνμφερομένας

2095 866 2342 928 ἐκείνοις.
2371 861 2524 929 Hanc
2544 858 2815 917 Eustatbii
2842 853 3168 913 sententiam
3198 859 3383 906 tuetur
3405 856 3463 905 et
3486 847 3669 919 Olym-

2094 956 2356 1029 piodorus
2381 955 2436 1009 in
2451 951 2553 1007 Job
2568 966 2733 1021 super
2756 948 2865 1004 illis
2891 946 3074 1003 verbis
3093 958 3218 1014 cap.
3239 955 3474 1006 xuvm,
3489 938 3667 1006 ρεπυ-

2095 1064 2211 1102 sum
2242 1056 2417 1102 autem
2444 1053 2523 1100 est
2565 1045 2698 1097 sicut
2735 1050 2889 1095 teme
2925 1039 3059 1093 cinis
3090 1038 3132 1091 ⁸.
3160 1033 3408 1089 Notanda
3433 1030 3670 1096 Joannis,

2092 1136 2475 1208 Cbrysostomi
2515 1134 2807 1200 sententia,
2854 1133 2975 1187 Ὅτι
3031 1130 3145 1202 μὲν,
3174 1126 3430 1198 καμάρας
3481 1120 3668 1177 εἰκόνα

2092 1227 2367 1298 διασώζει,
2397 1226 2583 1298 ίσμεψ
2603 1225 2688 1288 τίς
2724 1224 2783 1281 δέ
2825 1226 2941 1278 ὲστι
2969 1222 3068 1295 τὴν
3086 1221 3295 1287 οὐσίαν,
3336 1218 3666 1289 ἀγνοοῦμεν.

2095 1316 2494 1377 Stolidissimus
2522 1317 2860 1375 Mobametus
2894 1312 3123 1367 afﬁrmat
3153 1325 3332 1366 aerem
3358 1308 3569 1363 factum
3599 1322 3670 1377 ex

2092 1410 2265 1474 fumo,
2299 1409 2509 1465 fumum
2548 1425 2616 1465 ex
2658 1422 2861 1479 vapore
2908 1412 3004 1484 aut
3052 1402 3396 1461 exhalatione
3428 1400 3666 1456 marina.

2091 1498 2335 1555 Primum
2363 1501 2562 1554 coelum
2598 1514 2665 1554 ex
2694 1512 2834 1566 aqua
2856 1494 3017 1559 viridi
3048 1500 3324 1556 constare,
3359 1488 3669 1547 secundum

2091 1605 2158 1646 ex
2188 1606 2331 1661 aqua
2374 1591 2543 1655 clara,
2574 1588 2799 1644 tertium
2835 1602 2904 1642 ex
2950 1584 3263 1654 smaragdo,
3295 1589 3558 1652 quartum
3600 1593 3671 1633 ex

2093 1697 2247 1747 auro,
2291 1683 2543 1753 quintum
2582 1696 2652 1736 ex
2679 1678 2994 1751 hiacyntbo,
3025 1687 3239 1731 sextum
3265 1690 3332 1731 ex
3367 1672 3555 1728 tabula
3582 1670 3673 1723 lu-

410 1802 571 1849 vocet
603 1794 872 1857 alienam;
903 1793 979 1847 ait
1017 1793 1160 1847 enim
1190 1811 1204 1848 :
1239 1790 1511 1846 Assertio.
1531 1788 1827 1843 dicentium
1879 1799 1986 1841 cm.-

2091 1775 2235 1839 cida,
2262 1776 2553 1844 septimum
2583 1788 2652 1829 ex
2697 1772 2950 1828 claritate
2976 1770 3141 1841 ignis,
3170 1774 3227 1823 et
3268 1766 3335 1822 de
3369 1780 3480 1820 uno
3521 1763 3671 1819 calo

410 1887 524 1943 lum
567 1901 690 1942 esse
721 1886 905 1957 ﬁgura:
951 1885 1250 1955 sphaericae,
1288 1890 1342 1939 et
1384 1882 1641 1938 circulari
1669 1886 1819 1934 metu
1854 1892 1987 1932 con-

408 1978 571 2043 verti,
606 1993 716 2033 non
748 1977 1044 2031 concordat
1087 1976 1401 2033 orthodoxae
1437 1972 1678 2038 veritati,
1721 1971 1813 2026 sed
1854 1985 1987 2024 con-

408 2067 631 2121 tradicit
675 2066 868 2138 Moysi,
915 2067 1214 2137 prepbetis,
1261 2064 1450 2128 Paulo,
1497 2071 1551 2118 et
1598 2062 1843 2125 Christo,
1891 2059 1986 2130 qui

406 2158 554 2217 hanc
583 2160 894 2230 opinionem
926 2160 1130 2229 ubique
1174 2159 1230 2212 in
1259 2157 1461 2211 divinis
1494 2154 1792 2225 Scripturis
1824 2152 1986 2208 refel-

407 2242 546 2306 lunt.
602 2243 863 2300 docentes
900 2245 1125 2305 cmlum,
1165 2257 1343 2313 neque
1372 2242 1580 2296 circulo
1614 2239 1779 2307 ,ferri,
1809 2252 1987 2307 neque

407 2332 733 2404 spbzericam
778 2334 1011 2388 formam
1047 2333 1271 2395 habere,
1298 2330 1394 2387 sed
1432 2329 1714 2385 immobile
1756 2343 1986 2400 prorsus

408 2440 554 2482 esse.
585 2428 765 2496 Atque
784 2426 929 2481 idem
959 2426 1064 2483 hoc
1093 2425 1289 2495 repetit
1324 2421 1488 2487 infra,
1512 2437 1634 2492 cap.
1666 2420 1717 2486 7,
1752 2427 1807 2476 et
1834 2419 1987 2475 vide-

407 2527 500 2574 tur
525 2526 809 2582 mutuatus
837 2534 867 2574 a
895 2517 1311 2589 Cbrysostomo,
1345 2531 1375 2571 a
1406 2531 1515 2585 quo
1533 2516 1675 2570 item
1721 2528 1821 2569 sua
1850 2512 1988 2567 hau-

406 2620 602 2667 serunt
650 2609 1089 2681 TbeOphylactus
1137 2594 1627 2663 et'Theodoretus.
1687 2604 1824 2660 Vide
1874 2604 1986 2658 Da-

405 2715 727 2757 mascenum
762 2701 860 2757 lib.
897 2716 933 2755 ιι
979 2699 1134 2756 Fidei
1185 2698 1418 2765 art/10d"
1459 2714 1580 2768 cap.
1614 2698 1668 2753 6.
1709 2697 1788 2751 lta
1824 2697 1986 2752 indu-

405 2795 675 2851 cebantur
709 2803 767 2848 ut
801 2793 1115 2858 crederent,
1157 2792 1471 2847 testimonio
1500 2792 1647 2846 ducti
1683 2790 1985 2860 Scriptum

407 2887 550 2957 psal.
581 2901 698 2951 Clll,
734 2884 1033 2940 Extendeus
1081 2884 1265 2944 coelum
1284 2884 1422 2938 sicut
1445 2882 1630 2952 pellem
1654 2882 1694 2945 °,
1726 2888 1781 2936 et
1810 2880 1981 2946 Isaiae,

406 2974 681 3047 Expendit
704 2978 858 3031 αιτιοι
884 2978 1023 3030 sicut
1054 2975 1416 3029 habitaculum
1460 2973 1528 3028 ad
1562 2972 1909 3029 habitandum
1938 2974 1980 3027 ".

477 3067 738 3131 (301.709,
760 3070 855 3123 lin.
877 3068 1179 3124 15.Αὺτοῦ
1195 3066 1446 3133 λεπτὴν.
1469 3066 1698 3121 Basilius
1713 3065 1985 3121 homJiu

2093 1868 2162 1925 ad
2196 1867 2341 1922 aliud
2382 1881 2505 1922 esse
2533 1863 2847 1937 distantiam
2876 1860 3089 1917 itineris
3102 1859 3525 1929 quingentorum
3568 1869 3672 1908 an-

2092 1974 2310 2014 norum.
2332 1956 2466 2026 Quis
2483 1972 2589 2012 non
2602 1956 2831 2015 miretur
2854 1952 3092 2008 hominis
3115 1949 3416 2021 ingenium,
3451 1946 3671 2002 in.bis-

2092 2061 2263 2116 ceque
2307 2045 2684 2108 describendis
2712 2041 3071 2115 patientiam?
3107 2048 3166 2095 ut
3195 2039 3448 2094 oculatus
3469 2046 3555 2093 est
3577 2037 3670 2093 vir

2092 2140 2237 2196 iste!
2270 2148 2331 2194 ut
2374 2139 2545 2194 multa
2574 2138 2755 2194 videt!
2801 2138 3012 2193 Abeant
3039 2149 3168 2205 ergo
3200 2131 3572 2188 mathematici
3610 2136 3670 2187 et

2092 2238 2385 2303 geometra:
2427 2246 2550 2286 cum
2596 2231 2713 2285 suis
2754 2228 3030 2285 mensuris
3083 2234 3139 2282 et
3186 2225 3451 2280 numeris.
3498 2222 3671 2279 Solus

2090 2323 2229 2379 vidit
2251 2323 2568 2377 distantiam
2615 2336 2778 2392 quam
2808 2335 2919 2378 non
2955 2320 3152 2391 reliqui
3180 2332 3371 2374 omnes
3410 2315 3669 2372 homines

2092 2432 2196 2474 nec
2229 2424 2422 2471 auctor
2449 2417 2566 2487 ipse
2595 2422 2829 2470 naturae.

2162 2508 2324 2575 lbid.,
2373 2509 2470 2564 lin.
2513 2508 2604 2562 25.
2650 2506 2768 2575 Τὴν
2799 2505 2869 2559 δὲ
2897 2503 3013 2575 γῆν
3039 2503 3278 2574 φάσκει.
3306 2500 3542 2556 Basilius
3570 2506 3665 2554 ta-

2091 2619 2218 2661 men
2260 2604 2338 2657 ait
2376 2603 2525 2656 bom.
2565 2601 2618 2665 1,
2658 2607 2820 2655 terrae
2849 2597 3203 2652 fundamenta
3242 2602 3451 2648 natura:
3483 2590 3669 2646 homi-

2092 2710 2223 2750 num
2254 2707 2377 2749 esse
2405 2691 2703 2762 incognita,
2729 2697 2783 2745 et
2810 2690 2991 2744 locum
3021 2684 3217 2749 Palmi,
3252 2697 3413 2753 quem
3447 2683 3536 2735 hic
3563 2679 3667 2736 ad.

2091 2787 2242 2843 ducit
2272 2784 2614 2847 Eustathius,
2645 2781 2897 2852 explicat.
2922 2778 2995 2831 Τὸ
3028 2775 3303 2848 γὰρ,Ἐπὶ
3333 2771 3670 2828 θαλασσιῖηο

2091 2878 2485 2948 ὲθεμελίωσεν
2523 2873 2737 2942 αὐτὴν,
2782 2873 2834 2926 τί
2878 2871 3029 2941 δηλοῖ
3060 2869 3093 2939 ἢ
3124 2867 3184 2922 τὺ
3214 2865 3472 2920 πάντοθεν
3500 2880 3668 2935 περι-

2091 2967 2353 3038 κεχύσθαι
2373 2968 2438 3037 τῇ
2472 2967 2542 3035 γῇ
2575 2964 2674 3034 τὴν
2701 2962 2794 3015 τοῦ
2826 2960 3017 3023 ὓδατος
3041 2958 3239 3029 φύσινς
3274 2955 3399 3019 Πῶς
3417 2948 3528 3017 οὖν,
3568 2956 3668 3024 ῥυ-

2089 3061 2181 3115 τὸν
2213 3059 2456 3130 ὑπάρχον
2497 3057 2558 3109 τὸ
2596 3055 2761 3125 ὕδωρ,
2807 3052 2903 3113 καὶ
2947 3050 3041 3104 ἐπὶ
3076 3048 3137 3102 τὸ
3178 3047 3380 3119 πρανὲς
3417 3043 3671 3113 πεφυκὸς

405 3160 663 3217 Hexaem.
683 3177 706 3215 :.
718 3161 875 3214 Ἀλλά
890 3177 956 3213 πε
965 3161 1018 3231 pl
1034 3160 1128 3231 μὲν
1143 3161 1242 3226 τῆς
1252 3159 1435 3222 οὐσίας
1446 3155 1539 3211 τοῦ
1555 3156 1780 3229 οὐρανοῦ
1792 3155 1990 3229 ἀρκού-
2016 3142 2062 3204 C
2092 3152 2472 3215 καταπίπτειν,
2502 3146 2650 3219 μένει
2667 3142 2918 3215 ἀπεωρού
2926 3159 3105 3214 μενον,
3126 3139 3220 3195 καὶ
3239 3135 3472 3207 οὐδαμοῦ
3491 3136 3673 3207 ἀπορε

410 3253 548 3327 μεθα
562 3256 675 3317 τοῖς
691 3253 839 3324 παρὰ
852 3252 945 3305 τοῦ
975 3252 1192 3304 Ἡσαΐου
1217 3251 1336 3321 είρη
1346 3232 1542 3320 μένοις,
1558 3248 1615 3313 ὃς
1630 3251 1685 3302 ὲν
1705 3249 1989 3313 ἰδιωτικοῖς

407 3346 645 3417 ῥήμασιν
677 3344 866 3415 ἱκανὴν
897 3346 1030 3415 ἡμῖν
1053 3342 1153 3412 τῆς
1185 3342 1402 3411 φύσεως
1427 3341 1588 3396 αὑτοῦ
1616 3342 1717 3413 τὴν
1748 3341 1985 3396 διάνοιαν

404 3437 752 3508 ἐνεποίησεν,
805 3436 1005 3493 εἰπών’
1061 3436 1125 3488 '0
1182 3432 1519 3501 στερεώσας
1565 3433 1673 3487 τὸν
1729 3432 1989 3500 οἰφανὸν

403 3528 549 3582 ὡσεὶ
582 3529 840 3592 καπνὸν,
878 3527 1125 3581 τουτέστι
1163 3525 1365 3597 λεπτὴν
1410 3524 1597 3594 φύσιν·
1654 3524 1748 3578 καὶ
1770 3525 1830 3576 οὐ
1864 3541 1986 3577 στε-

409 3619 559 3692 ρεὰν,
605 3620 726 3673 οὐδὲ
789 3623 1017 3690 παχεῖαν
1052 3621 1111 3682 ἐς
1142 3618 1242 3690 τὴν
1295 3616 1390 3672 τοῦ
1438 3615 1668 3688 οὐρανοῦ
1726 3617 1984 3670 σύστασιν

404 3711 693 3776 οὑσιώσας.
723 3713 799 3767 Ex
830 3714 989 3780 cujus
1018 3712 1203 3767 verbis
1235 3712 1415 3766 locum
1443 3710 1587 3765 hunc
1609 3710 1684 3763 ita
1714 3708 1985 3765 restituo:

404 3805 516 3875 Τὴν
534 3804 591 3857 δὲ
615 3805 804 3859 οὐσίαν
834 3804 1019 3871 αὐτοῦ,
1045 3805 1130 3859 vel
1168 3803 1265 3875 τὴν
1296 3803 1492 3872 φύσιν;
1531 3802 1586 3856 in
1629 3800 1832 3871 quibus
1857 3800 1983 3852 illu-

405 3905 572 3952 strem
605 3898 751 3951 illam
797 3897 1228 3953 controversiam
1277 3896 1625 3957 determinat,
1660 3893 1793 3949 cmli
1834 3892 1986 3949 vide-

400 3984 532 4041 licet
572 3988 935 4045 substantiam
967 4002 1074 4041 non
1104 4001 1226 4042 esse
1259 3987 1498 4049 mistam,
1530 3987 1625 4041 sed
1653 3984 1979 4054 simplicem,

406 4076 475 4133 de
501 4094 608 4147 qua
635 4081 803 4134 multa
854 4079 1013 4135 nobis
1056 4086 1111 4133 et
1140 4077 1391 4133 Plotinus
1437 4076 1515 4130 De
1542 4076 1757 4140 mundo,
1791 4085 1846 4132 et
1890 4075 1982 4129 alii
2016 4088 2019 4105 ί

407 4168 774 4225 tradiderunt.
801 4168 1031 4235 Quidam
1055 4169 1200 4224 enim
1240 4170 1440 4224 cmlum
1473 4169 1716 4237 ejusdem
1740 4183 1863 4224 esse
1893 4182 1984 4233 na-

405 4269 546 4316 tura:
594 4276 722 4321 cum
772 4262 1054 4316 elementis
1108 4262 1358 4315 arbitrati
1405 4269 1552 4323 sunt,
1609 4259 1756 4328 quod
1815 4258 1983 4313 refert

404 4347 783 4407 Theodoretus
816 4350 889 4406 De
920 4354 1145 4408 materia
1173 4362 1223 4414 et
1253 4351 1470 4415 mundo,
1499 4359 1552 4405 et
1581 4349 1734 4407 Philo
1763 4348 1982 4403 Iudaeus

402 4438 484 4499 De
514 4457 718 4504 somno,
756 4449 811 4497 et
849 4422 1200 4497 Plutarchus.
1237 4440 1340 4494 Alii
1383 4441 1554 4510 ignea:
1582 4456 1705 4498 esse
1747 4449 1976 4503 naturaa,

402 4534 565 4602 cujus
598 4533 875 4605 opinionis
906 4542 1163 4593 auctores
1207 4531 1372 4587 tradit
1405 4531 1694 4602 IEgyptios
1723 4532 1979 4597 Albertus

405 4625 632 4696 Magnus
678 4635 834 4683 tract.
882 4627 907 4680 1
945 4626 1027 4681 De.
1071 4627 1221 4690 coelo,
1266 4641 1386 4694 cap.
1426 4625 1480 4678 4.
1541 4622 1788 4687 Platonis
1831 4626 1981 4681 circa

401 4716 508 4772 hoc
538 4719 850 4787 opinionem
892 4718 1139 4773 habesin
1187 4717 1442 4781 Alcinoo;
1478 4715 1753 4770 Macrobio
1800 4717 1892 4771 lib.
1927 4717 1981 4769 in

403 4808 586 4867 Somn.
641 4809 911 4877 Scipiou.;
947 4812 1272 4879 Augustino.
1313 4825 1412 4863 vm
1468 4807 1546 4862 De
1601 4809 1810 4867 ciuitate
1860 4807 1979 4872 Dei,

402 4915 523 4973 (ap.
550 4904 650 4969 il;
685 4901 983 4972 Pliilopono
1028 4900 1093 4954 ad
1119 4917 1169 4955 vi
1206 4908 1259 4956 et
1284 4916 1381 4954 xm
1407 4897 1606 4953 Procli.
1636 4897 1741 4952 Sed
1776 4898 1844 4953 de
1882 4899 1985 4951 hoc

403 4995 561 5064 plura
591 4992 821 5048 inferius
863 5001 1052 5053 noster
1082 4991 1402 5051 Eustathius
1444 5006 1512 5045 ex
1546 4991 1748 5060 quibus
1778 4990 1979 5044 ccelum

402 5093 720 5141 concretum
744 5086 815 5143 sit
839 5086 962 5141 aliis
995 5084 1383 5142 declarandum
1432 5084 1767 5154 relinquens,
1796 5081 1979 5137 verbis

400 5176 557 5235 Isaiae
592 5178 714 5249 ejus
762 5186 1017 5244 naturam
1063 5186 1303 5243 tenuem,
1349 5191 1459 5247 non
1507 5175 1758 5235 solidam,
1801 5188 1978 5242 neque

401 5284 647 5325 crassam
670 5285 796 5326 esse
816 5271 1003 5333 tradit,
1032 5285 1223 5325 eorum
1249 5269 1567 5340 Opinionem
1598 5267 1851 5324 refellens
1882 5266 1974 5336 qui

401 5360 604 5414 coelum
670 5362 906 5417 solidum
949 5361 1117 5418 veluti
1181 5362 1503 5433 crystallum
1557 5360 1872 5431 ponebant,
1920 5364 1977 5424 et

402 5465 593 5505 eorum
628 5452 722 5524 qui
749 5460 1011 5516 terreum,
1034 5469 1384 5525 gravemque,
1414 5459 1468 5506 et
1497 5450 1852 5510 Anaximenis
1881 5449 1976 5519 qui

403 5539 542 5598 illud
573 5560 606 5600 e
650 5555 796 5601 terra
841 5544 1228 5611 fabricaverat,
1261 5545 1331 5600 de
1375 5560 1485 5615 quo
1528 5544 1792 5615 Origenes
1832 5541 1976 5597 lib.t

477 5703 500 5736 ⁸
537 5701 691 5761 Psal.
726 5718 853 5772 mu,
885 5705 944 5764 2.
1012 5701 1038 5757 ι
1079 5703 1191 5761 Isa.
1225 5720 1327 5774 XL,
1366 5703 1455 5760 22.

1532 5705 1554 5739 ⁸
1589 5702 1692 5760 Job
1722 5717 1951 5771 xxxvm,
1987 5701 2073 5760 38.

2091 3245 2245 3317 ῥέονς
2270 3243 2343 3295 Σὺ
2371 3241 2429 3295 δὲ
2455 3239 2517 3293 οὐ
2541 3237 2765 3307 λογίζει,
2791 3236 2873 3289 ὅτι
2891 3235 2988 3305 τὴν
3010 3232 3200 3303 αὐτὴν,
3220 3231 3314 3285 καὶ
3336 3228 3413 3282 ἔτι
3435 3227 3672 3283 πλείονα

2087 3332 2318 3405 ἀπορίαν
2356 3330 2434 3402 τῷ
2465 3329 2607 3398 λόγῳ
2646 3326 2874 3398 παρέχει
2905 3327 2937 3395 ὴ
2967 3323 3039 3393 γῆ
3072 3321 3192 3381 καθ’
3226 3318 3420 3390 ἑαυτὴν
3446 3335 3674 3389 κρεμα-

2091 3425 2226 3497 μένη
2264 3421 2538 3495 βαρυτέρα
2562 3420 2660 3491 τὴν
2696 3418 2856 3487 φύσιν
2884 3413 3040 3469 οὖσα.
3078 3413 3438 3473 Exlernorum
3470 3417 3673 3465 tamen

2087 3518 2533 3589 philosophorum
2570 3514 2755 3583 opinio
2783 3519 2869 3567 est
2895 3508 3066 3580 magis
3092 3513 3312 3576 recepta
3342 3502 3673 3559 :Fundasse

2086 3608 2256 3664 Deum
2295 3617 2498 3663 terram
2544 3606 2599 3659 in
2646 3603 2890 3675 sphaerae,
2935 3614 3055 3670 quae
3106 3596 3368 3652 mundum
3415 3592 3673 3664 undique

2086 3701 2484 3771 complectitur,
2533 3705 2745 3765 centro,
2803 3694 3004 3765 quippe
3052 3707 3174 3762 qua:
3232 3699 3451 3759 propter
3492 3700 3672 3741 suum

2084 3791 2448 3863 aequilibrium
2491 3805 2558 3846 ex
2603 3787 2752 3843 omni
2800 3794 2956 3856 parte
3015 3780 3349 3843 tantumdem
3403 3777 3580 3833 distat
3634 3791 3673 3833 ι

2084 3886 2248 3951 coelo,
2283 3890 2342 3938 ut
2378 3883 2451 3939 ob
2490 3882 2543 3937 id
2574 3883 2753 3953 ipsum
2785 3887 2840 3934 et
2868 3877 3078 3947 lirmam
3109 3874 3294 3931 sedem
3330 3870 3665 3935 obtinuerit,

2083 3986 2138 4034 et
2172 3978 2396 4031 immota
2424 3976 2653 4038 nitatur,
2687 3980 2742 4027 et
2767 3971 2927 4025 lixam
2954 3968 3027 4024 sit
3053 3976 3212 4021 nacta
3239 3963 3409 4019 basim
3432 3978 3449 4027 ;
3470 3968 3523 4016 et
3548 3959 3670 4017 hoc

2085 4087 2126 4127 ιι
2173 4070 2244 4125 De
2271 4072 2398 4124 ccelo
2430 4084 2556 4139 cap.
2605 4068 2672 4121 M
2722 4060 3076 4121 validissimis
3123 4056 3426 4113 rationibus
3458 4053 3677 4127 prohat

2082 4163 2427 4227 Aristoteles,
2462 4168 2518 4215 et
2567 4174 2700 4215 sane
2743 4152 3126 4227 despicaciori,
3161 4161 3217 4205 et
3245 4146 3504 4213 deteriori
3536 4146 3665 4202 ele-

2083 4264 2288 4320 mento,
2316 4253 2537 4308 infimus
2569 4252 2722 4307 locus
2743 4249 3059 4312 debebatur,
3083 4253 3241 4300 terra:
3262 4242 3673 4305 elementorum

2083 4347 2407 4410 deterrimae,
2438 4345 2593 4399 locus
2616 4344 2710 4414 qui
2736 4341 2970 4406 maxime
3000 4353 3028 4391 a
3058 4336 3200 4391 caelo
3222 4335 3387 4389 distat
3407 4329 3665 4388 intimus.

2082 4437 2342 4497 Centrum
2376 4437 2565 4492 mundi
2600 4436 2838 4505 maxime
2869 4448 2899 4487 a
2933 4432 3074 4487 coelo
3109 4430 3298 4491 distat,
3334 4426 3568 4495 ideoque
3600 4425 3674 4494 in

2083 4547 2150 4587 eo
2181 4541 2297 4586 erat
2329 4527 2648 4584 collocanda
2686 4541 2786 4581 sua
2829 4531 3049 4587 natura,
3090 4521 3239 4576 unde
3273 4528 3420 4573 terra
3458 4532 3663 4587 aquas,

2081 4637 2192 4677 non
2232 4637 2263 4676 e
2303 4620 2585 4676 contrario
2623 4626 2825 4673 terram
2861 4630 3015 4687 aqua:
3061 4618 3389 4669 sustentant.
3431 4608 3506 4661 En
3550 4624 3666 4663 no-

2082 4732 2207 4773 vam
2245 4714 2542 4770 Nebulonis
2581 4710 2995 4784 physiologiam.
3030 4706 3225 4769 Terra,
3266 4706 3342 4759 ait
3378 4703 3667 4759 Mohame-

2085 4817 2194 4872 tus,
2237 4808 2539 4863 sustinetur
2562 4820 2593 4858 a
2627 4818 2822 4873 magno
2850 4802 2985 4856 bove
3017 4798 3176 4868 cujus
3211 4805 3375 4867 caput
3405 4797 3668 4850 extendi-

2085 4908 2177 4954 tur
2199 4901 2251 4953 in
2274 4900 2563 4961 orientem,
2593 4896 2765 4951 cauda
2798 4896 2852 4948 in
2875 4893 3240 4953 occidentem,
3262 4897 3497 4959 quatuor
3522 4903 3666 4941 vero

2083 4992 2250 5064 pedes
2301 4991 2612 5045 innituntur
2657 4987 2822 5058 lapidi
2870 4981 3225 5039 candido.'ln
3260 4981 3443 5049 capite
3474 4977 3663 5050 .habet

2083 5084 2439 5155 quadraginta
2466 5096 2696 5143 cornua,
2728 5093 2960 5149 quorum
2990 5089 3158 5131 unum
3188 5074 3259 5129 ab
3288 5074 3457 5127 altero
3484 5069 3664 5124 distat

2080 5177 2291 5232 itinere-
2321 5176 2469 5230 mille
2514 5188 2805 5228 annorum.
2856 5170 3061 5224 Subtus
3113 5167 3346 5238 lapidem
3395 5177 3525 5217 vero
3568 5168 3663 5217 est

2082 5284 2243 5325 mons
2285 5267 2571 5325 infernalis
2623 5266 2805 5320 dictus
2859 5263 3018 5325 Zoth,
3068 5276 3229 5332 quem
3281 5252 3662 5312 conscendam

2082 5370 2354 5433 coguntur
2385 5368 2720 5429 peccatores,
2749 5365 2803 5413 et
2832 5356 2922 5411 ubi
2958 5356 3096 5409 bene
3129 5359 3390 5408 oneratus
3424 5356 3510 5401 “st
3542 5345 3663 5399 col-

2082 5451 2333 5513 labascit,
2356 5465 2559 5519 eosque
2589 5449 2906 5503 submersos
2932 5446 2985 5499 in
3010 5442 3284 5499 infernum
3306 5435 3620 5510 praecipitat
3640 5453 3659 5490 :

2084 5541 2187 5597 sub
2216 5540 2320 5596 hoc
2352 5550 2535 5597 monte
2561 5548 2706 5596 terra
2735 5544 2821 5595 cst
2850 5547 2906 5594 et
2940 5544 3128 5608 postea
3164 5545 3337 5598 mare,
3372 5535 3427 5585 et
3456 5536 3661 5591 rursus
