3866 6162
277 245 384 302 821

1273 247 1342 302 ΙΝ
1380 248 1752 304 EUSTATHII
1790 245 2260 302 HEXAEMERON
2297 244 2528 302 NOTAE.

277 369 430 416 terra
461 360 715 431 aliudque
746 377 898 416 mare
933 378 1104 432 usque
1142 365 1207 419 ad
1249 371 1454 434 septem
1486 374 1750 420 terrarum
1786 374 1828 420 el

1940 363 2040 433 τῆς
2067 362 2347 425 εὐσεϐείας
2383 361 2667 432 χαρακτὴρ
2700 358 2928 423 ὲνιζάνει
2957 355 3134 411 αὐτῶν
3158 358 3266 420 τοῖς
3294 357 3501 428 ήθεσιν,

278 452 514 506 marium
547 466 853 504 numerum.
889 449 1084 506 Ultima
1127 468 1254 508 vero
1297 461 1563 509 terrarum
1601 464 1685 510 est
1721 455 1840 510 alba

280 551 340 596 ut
370 542 475 607 lac,
512 541 691 596 mollis
711 549 769 595 ut
788 556 1002 608 crocus,
1036 543 1202 598 odora
1229 553 1286 598 ut
1318 545 1595 612 moschus,
1619 554 1673 600 et
1696 547 1842 600 clara

276 638 342 687 ut
371 631 522 697 luna,
553 631 694 688 infra
737 647 858 688 eam
904 649 1136 705 magnus
1179 636 1343 706 piscis
1381 637 1540 706 cujus
1583 645 1744 708 caput
1786 639 1841 692 in

274 727 568 790 orientem,
596 726 767 781 cauda
792 741 985 782 versus
1020 727 1356 783 occidentem
1394 730 1710 800 porrigitur,
1744 747 1842 786 su—

275 829 378 884 per
415 815 573 884 cujus
609 816 774 871 dorso
807 816 1105 871 fundantur
1131 833 1192 871 ac
1227 818 1410 887 jaceat
1439 827 1617 882 terra,
1648 821 1837 883 maria,

276 919 394 970 aer,
431 921 603 975 usque
633 906 701 960 ad
737 907 898 961 ﬁnem
929 906 1139 961 mundi.
1171 906 1377 962 Subtus
1415 909 1615 978 piscem
1649 920 1840 964 ventus

275 1005 384 1063 est,
411 998 504 1067 qui
535 1013 660 1052 eum
693 999 949 1064 sustinet,
985 999 1181 1055 subtus
1218 1000 1362 1055 hunc
1388 1001 1616 1066 tonitru,
1648 1017 1840 1057 rursus

274 1091 383 1145 sub
426 1090 529 1145 hoc
573 1105 722 1145 mare
764 1091 1080 1154 obscurum,
1132 1093 1474 1162 postmodum
1521 1094 1728 1159 laudes,
1772 1093 1840 1147 ab

275 1179 432 1235 hisce
474 1180 668 1250 gloria,
721 1181 978 1250 deinceps
1021 1181 1275 1250 thronus,
1326 1197 1450 1254 post
1493 1201 1617 1240 eum
1656 1185 1839 1239 tabula

272 1271 445 1342 picta,
475 1278 530 1326 et
558 1287 758 1341 penna.
786 1282 840 1327 et
869 1272 1094 1330 inferius
1119 1290 1315 1346 magna
1338 1274 1429 1331 Dei
1458 1277 1675 1331 nomina
1709 1296 1721 1331 :
1746 1276 1839 1332 sed

271 1365 422 1437 piget
452 1365 801 1434 ineptiarum,
830 1382 1064 1438 quarum
1093 1368 1278 1423 nullus
1305 1369 1498 1424 modus
1522 1369 1664 1441 apud
1695 1370 1840 1423 hunc

273 1463 618 1526 nugatorem.
703 1480 708 1484 σ

349 1543 608 1601 Col.709.
643 1547 737 1602 litt.
770 1548 857 1602 9.6.
886 1550 994 1604 Kal
1025 1550 1090 1604 τὸ
1126 1549 1250 1616 πῶς
1285 1551 1356 1604 οὐ
1387 1549 1482 1605 δεῖ
1521 1554 1696 1606 πολύ.
1734 1552 1838 1608 Ubi

272 1651 518 1706 namque
537 1636 670 1694 ﬁdes
701 1639 1000 1696 humanum
1023 1642 1356 1699 intellectum
1375 1640 1766 1709 informaverit,
1784 1652 1839 1699 et

1943 452 2313 525 ἀναζωπυρῶν
2337 453 2397 506 τὸ
2424 455 2487 505 ὲκ
2516 453 2612 522 τῆς
2639 451 2890 520 τοιαύτης
2918 448 3202 518 συνηθείας
3224 449 3504 521 συνειλημ-

1946 546 2102 617 μένον
2130 542 2279 616 ἦθος,
2304 545 2398 598 καὶ
2423 545 2542 596 κατ’
2567 542 2744 610 ὀλίγον
2770 544 2848 605 είς
2877 541 2976 613 τὴν
3005 540 3094 594 τοῦ
3121 540 3284 594 καλοῦ
3306 543 3501 607 αὐτοὺς

1942 637 2118 709 ὄρεξιν
2149 636 2376 708 ὁδηγῶν.
2413 636 2505 698 El;
2537 635 2764 687 πλεῖστα
2798 633 2854 686 δὲ
2883 632 3085 703 ταύτης
3116 632 3219 686 ὑπὸ
3249 633 3354 686 τῶν
3384 635 3503 687 ἐπι-

1941 729 2249 799 γενομένων
2286 727 2655 798 μερισθείσης,
2687 725 2940 796 ζητήσεις
2966 726 3296 795 συνέστησαν
3323 725 3503 778 πλείο-

1941 836 2050 882 νες,
2076 818 2324 888 καθάπερ
2349 819 2406 869 ὲν
2438 820 2548 879 τοῖς
2578 818 2886 886 ἐριστικοῖς,
2927 815 3018 882 ἀφ’
3059 808 3134 867 ὧν
3159 814 3500 885 ὲντρεχεστέ-

1943 926 2069 978 ρους
2115 907 2212 979 μὲν
2256 907 2446 970 ἄλλους
2478 906 2677 977 ἑτέρων
2716 903 2933 976 μᾶλλον,
2963 905 3056 957 καὶ
3089 903 3502 974 ξητικωτέρους,

1941 1000 2016 1062 ὡς
2044 997 2108 1052 ἄν
2136 1015 2219 1061 τις
2244 996 2408 1060 εἴποι,
2441 996 2721 1066 γεγονέναι
2756 995 3087 1066 συμϐέϐηκε,
3123 993 3217 1047 καί
3238 1011 3378 1056 τινες
3399 993 3501 1065 ἤδη

1941 1092 2033 1144 καὶ
2061 1089 2324 1161 αἱρέσεων
2353 1087 2716 1160 προῦστησαν,
2761 1088 2853 1157 ἀφ’
2895 1082 2968 1140 ὧν
3013 1087 3046 1156 ή
3093 1086 3232 1140 κατὰ
3272 1086 3332 1138 τὸ
3371 1081 3502 1156 ἦθος

1941 1180 2130 1250 ἄδηλος
2163 1178 2468 1250 κατασκευὴ
2497 1179 2820 1248 ἐμαραίνετο
2840 1194 2852 1206 ·
2882 1178 2976 1248 τῆς
3015 1178 3111 1247 μὲν
3140 1176 3279 1228 κατά
3308 1176 3398 1230 τὸν
3415 1175 3504 1228 λό-

1939 1285 2032 1338 γον
2069 1269 2350 1340 ἀκριϐείας
2393 1268 2492 1320 οὐκ
2541 1265 2941 1336 ἐφικνουμένων
2983 1263 3202 1326 τούτων,
3244 1265 3356 1316 ὅσοι
3393 1263 3505 1316 τῶν

1939 1361 2199 1432 αἱρέσεων
2251 1359 2499 1430 ἡγεῖσθαι
2544 1359 2746 1426 ἠξίουν,
2774 1356 2868 1409 τοῦ
2915 1356 2970 1408 δὲ
3020 1354 3211 1408 πολλοῦ
3268 1353 3504 1425 πλήθους

1941 1450 2455 1522 στασιαστικώτερον
2502 1451 2637 1521 πρὸς
2687 1449 2816 1504 αὐτὸ
2873 1447 3223 1511 διατεθέντος,
3285 1447 3505 1510 κανόνος

1938 1545 1995 1598 δὲ
2019 1545 2227 1608 οὐδενὸς
2263 1544 2527 1606 εἰπόντος,
2571 1542 2690 1595 οὐδὲ
2724 1540 2919 1612 νόμων,
2956 1540 3047 1608 ἀφ’
3079 1532 3153 1592 ὧν
3191 1539 3298 1591 τῶν
3337 1536 3502 1609 ζητή-

1942 1654 2077 1692 σεων
2104 1635 2424 1708 πορίσασθαι
2452 1634 2622 1688 λύσιν.
2655 1632 2919 1702 Καθάπερ
2947 1632 3003 1684 δὲ
3042 1632 3098 1684 ἐν
3129 1633 3238 1694 τοῖς
3268 1629 3443 1692 ἄλλοις
3469 1631 3503 1700 ἡ

270 1730 518 1786 rationes
551 1732 802 1788 humanae.
831 1742 884 1788 et
903 1735 1273 1804 experimenta
1302 1735 1468 1790 veluti
1497 1735 1701 1790 nullius
1725 1751 1828 1792 mo-

1941 1725 2237 1798 φιλοτιμία,
2269 1726 2347 1788 είς
2375 1721 2678 1795 ὑπερϐολὰς
2707 1721 3066 1786 ἐκπίπτουσα,
3097 1719 3196 1772 οὐκ
3229 1718 3372 1771 ἐστιν
3405 1719 3502 1771 ὅτι

274 1822 449 1876 menti
470 1824 624 1889 rejici
649 1824 865 1885 debent,
895 1827 949 1880 in
978 1840 1085 1896 qua
1117 1826 1264 1880 nulla
1293 1826 1498 1896 opinio,
1528 1827 1676 1880 nulla
1699 1828 1840 1881 veri-

269 1911 594 1976 similitudo,
621 1915 766 1967 nulla
792 1913 1022 1978 fallacia,
1049 1915 1196 1969 nulla
1216 1915 1506 1981 haesitatio,
1530 1917 1676 1970 nulla
1697 1919 1838 1972 inest

271 2001 566 2068 dubitatio,
605 2007 700 2061 sed
742 2006 797 2060 in
825 2007 1155 2062 obscuritate
1181 2009 1420 2080 patentia
1448 2009 1650 2071 omnia,
1676 2018 1837 2079 atque

270 2102 464 2162 aperta
507 2094 862 2166 intelligendo
902 2097 1130 2152 ﬁrmiter
1168 2106 1354 2166 tenet;
1381 2105 1434 2153 et
1458 2113 1578 2168 quae
1613 2113 1718 2153 non
1753 2100 1832 2153 vi-

269 2188 386 2253 det,
414 2191 493 2244 uti
526 2191 830 2246 certissima
863 2193 1036 2247 credit
1061 2193 1410 2248 Christianus
1439 2201 1492 2249 et
1519 2193 1627 2248 illis
1649 2208 1838 2248 assen-

266 2280 424 2333 titur.
461 2277 623 2337 Fides
654 2281 1037 2354 haec'qualibet
1083 2283 1548 2338 demonstratione
1588 2283 1836 2353 superior

261 2376 376 2433 est,
406 2371 650 2440 qualibet
675 2372 1002 2428 certitudine
1031 2373 1250 2439 certior,
1277 2373 1517 2443 qualibet
1545 2372 1834 2442 disciplina

264 2462 560 2515 excelsior.
613 2463 792 2528 Quare
836 2462 1077 2518 Joannes
1124 2463 1289 2519 Picus
1335 2463 1734 2533 sapientissime
1776 2464 1833 2517 in

261 2553 710 2609 conclusionibus
741 2554 1073 2610 aﬁirmabat:
1105 2553 1273 2610 Sicuti
1301 2555 1450 2624 ﬁdes,
1476 2571 1591 2624 quae
1618 2565 1694 2609 est
1724 2571 1834 2609 cre-

262 2642 490 2708 dulitas,
522 2655 599 2699 est
627 2645 771 2715 infra
806 2647 1112 2710 scientiam;
1143 2647 1219 2700 ita
1255 2645 1406 2714 ﬁdes,
1447 2663 1563 2717 qua)
1601 2657 1680 2701 est
1720 2663 1832 2705 rere

260 2726 419 2797 ﬁdes,
450 2739 527 2783 est
553 2730 1134 2800 supersubstantialiler
1169 2747 1328 2800 supra
1362 2732 1637 2786 scientiam
1659 2742 1707 2786 et
1736 2734 1832 2786 in—

263 2817 531 2872 tellectum
567 2836 660 2873 nos
695 2820 810 2888 Deo,
835 2820 1137 2881 immediate
1173 2821 1506 2892 canjungens.
1536 2821 1713 2877 Furor
1749 2831 1833 2879 cst

260 2910 464 2965 divina:
499 2913 753 2982 potentiae
787 2929 951 2982 opera
985 2915 1058 2968 ita
1088 2915 1341 2980 scrutari,
1373 2922 1434 2968 ut
1461 2925 1647 2972 noster
1680 2917 1831 2971 intel-

259 3003 438 3059 lectus
477 3004 547 3060 sit
587 3005 706 3074 ejus
738 3021 1029 3072 mensura;
1068 3006 1219 3062 furor
1248 3016 1331 3064 est
1358 3008 1596 3062 humana
1624 3016 1825 3074 mente,

259 3094 451 3150 divina
482 3095 593 3161 illa,
630 3105 684 3152 et
717 3113 837 3168 quae
870 3100 1110 3154 mundus
1150 3115 1260 3154 non
1294 3101 1442 3170 capit
1475 3102 1731 3171 agitasse,
1775 3109 1830 3156 et

262 3187 475 3240 incerta
515 3188 728 3242 modica
755 3188 1044 3260 fragilique
1073 3191 1388 3260 conjectura
1419 3191 1710 3257 immensa,
1739 3206 1828 3247 sa-

257 3293 378 3338 cra,
408 3287 631 3343 aeterna,
664 3281 1092 3350 admirandaque
1123 3281 1402 3353 indagare.

332 3369 494 3434 lbid.,
522 3371 618 3425 lin.
644 3372 734 3426 27.
776 3373 847 3426 Τὸ
873 3373 980 3443 γὰρ
1007 3373 1244 3428 ἁπλοῦν
1272 3374 1382 3442 τῆς
1411 3375 1687 3440 πίστεως.
1721 3373 1825 3428 Ba-

262 3464 423 3521 silius
450 3465 596 3520 hom.
627 3466 679 3530 ‘l,
712 3467 775 3519 Εί
800 3466 855 3522 δὲ
888 3467 984 3537 μὴ,
1019 3466 1153 3520 ἀλλὰ
1181 3467 1242 3520 τό
1277 3485 1339 3536 γε
1377 3467 1578 3522 ἁπλοῦν
1609 3469 1708 3538 τῆς
1736 3469 1825 3521 πί-

260 3569 435 3617 στεως
481 3555 822 3627 ἰσχυρότερον
865 3556 1004 3609 ἔστω
1047 3556 1155 3610 τῶν
1202 3557 1430 3626 λογικῶν
1483 3558 1821 3624 ἀποδείξεων.

258 3645 696 3701 Christianorum
723 3648 1123 3720 philosophiam
1147 3649 1448 3720 simplicem
1474 3657 1528 3705 et
1549 3650 1668 3720 ejus
1690 3665 1824 3704 cau-

259 3752 381 3795 sam
429 3738 831 3794 eruditissimus
883 3749 936 3795 et
983 3741 1472 3812 φιλοσοφικώτατος
1523 3741 1825 3796 Alexander

257 3827 576 3900 Lycopolita
631 3829 814 3883 libello
869 3844 996 3884 vere
1043 3845 1211 3885 aureo
1256 3838 1446 3885 contra
1497 3830 1824 3888 Manichaeos

257 3919 636 3976 disertissimis
674 3921 857 3976 verbis
901 3922 1156 3992 explicat,
1218 3938 1378 3993 quem
1413 3922 1525 3992 jam
1569 3939 1828 3994 paramus.

258 4011 640 4066 commoditati
689 4012 921 4082 publica:
966 4013 1257 4068 edendum.
1312 4014 1442 4083 Ejus
1483 4015 1649 4070 verba
1695 4033 1819 4072 cum

256 4117 369 4158 non
403 4103 512 4158 sint
551 4103 696 4172 quod
737 4118 839 4179 ego
883 4104 1050 4158 sciam
1086 4105 1152 4158 ad
1195 4104 1335 4159 hanc
1375 4105 1516 4160 diem
1546 4107 1690 4160 edita
1720 4124 1821 4163 nec

256 4193 464 4261 Graece,
489 4209 590 4250 nec
621 4192 830 4259 Latine,
867 4211 974 4250 non
1009 4195 1277 4266 gravabor
1318 4197 1406 4251 hic
1443 4197 1627 4253 Graeca
1654 4213 1822 4269 appo-

255 4303 411 4351 nere,
440 4295 499 4341 ut
540 4287 664 4358 quis
697 4289 766 4343 sit
804 4295 1013 4354 auctor,
1052 4290 1428 4360 unusquisque
1459 4299 1718 4361 tanquam
1752 4309 1818 4349 ex

1938 1819 1997 1873 οὐ
2023 1817 2360 1888 λυμαίνεται,
2392 1815 2532 1869 οὕτω
2557 1815 2612 1868 δὲ
2640 1814 2736 1867 καὶ
2761 1813 2852 1866 ἐπὶ
2882 1812 3106 1874 τούτων,
3134 1813 3198 1882 τῇ
3228 1811 3504 1880 καινότητι

1936 1908 2043 1961 τῶν
2075 1906 2241 1973 δοξῶν
2292 1907 2546 1978 ἑκάτερος
2591 1905 2682 1958 τὸν
2726 1903 2831 1976 πρὸ
2872 1902 3034 1956 αὑτοῦ
3075 1901 3502 1974 ὑπερϐάλλεσθαι

1940 1999 2272 2065 σπουδάζων,
2306 1999 2384 2062 είς
2423 1998 2680 2068 ἀνήνυτον
2719 1997 2949 2066 πρᾶγμα
2981 1995 3078 2064 τὴν
3108 1993 3273 2064 αὐτὴν
3300 1993 3503 2063 ταύτην

1936 2091 2304 2163 ὲμϐεϐλήκασι
2338 2089 2672 2159 φιλοσοφίαν⁵
2709 2087 2895 2157 ὥσπερ
2930 2088 2958 2139 ὁ
2997 2086 3286 2156 λεγόμενος
3333 2087 3506 2138 Μανι-

1935 2187 2107 2255 χαῖος,
2141 2185 2199 2248 ὃς
2230 2185 2445 2254 Πέρσης
2473 2181 2571 2254 μέν
2601 2181 2684 2244 τίς
2714 2183 2826 2234 ἐστι
2858 2179 2917 2233 τὸ
2941 2179 3114 2247 γένος,
3148 2177 3288 2231 κατά
3312 2195 3376 2244 γε
3405 2177 3502 2249 τὴν

1934 2275 2074 2348 ἐμὴν
2107 2276 2282 2340 δόξαν,
2313 2275 2520 2336 πάντας
2553 2269 2875 2344 ὑπερϐαλὼν
2905 2271 2966 2323 τὸ
2998 2269 3274 2340 θαυμάσια
3301 2269 3500 2337 λέγειν.

1933 2367 2045 2420 Καὶ
2076 2368 2134 2420 ού
2174 2366 2338 2420 πάλαι
2373 2365 2471 2436 μὲν
2509 2362 2902 2432 ὲπεπόλασενή
2941 2359 3130 2412 τούτου
3164 2357 3498 2429 καινοτομία.

1934 2459 2156 2532 Πρῶτός
2181 2459 2246 2527 γέ
2270 2475 2350 2522 τις
2379 2457 2564 2519 Πάπος
2589 2451 2844 2524 τοῦνομα,
2880 2458 2985 2506 etc.

2005 2551 2166 2614 lbid.,
2227 2551 2326 2605 lin.
2385 2549 2476 2603 28.
2541 2547 2847 2614 Ἀνέφικτα
2892 2540 3024 2612 γάρ.
3084 2539 3502 2608 Elegantissime

1933 2645 2283 2716 prosequitur
2316 2641 2638 2698 sententiam
2682 2639 2824 2692 hanc
2867 2632 3131 2704 Georgius
3173 2631 3391 2686 Pisidas
3423 2629 3500 2684 De

1934 2737 2114 2792 mundi
2149 2735 2356 2805 ορίρεἰο
2396 2750 2491 2803 per
2517 2741 2710 2793 totum,
2742 2743 2906 2798 quem
2939 2727 3081 2780 vide.

2002 2825 2162 2889 lbid.,
2201 2825 2294 2878 lin.
2341 2823 2428 2876 53.
2474 2820 2582 2876 Kal
2631 2818 2697 2872 τὸ
2739 2817 2886 2888 φῶς.
2944 2817 3058 2871 lloc
3109 2816 3288 2869 lumen
3330 2811 3499 2866 fuisse

1931 2919 2204 2988 quoddam
2235 2917 2567 2970 luminosum
2608 2927 2703 2982 per
2741 2918 2911 2967 totam
2955 2907 3145 2963 mundi
3188 2906 3498 2960 machinam

1930 3008 2186 3065 diﬂ‘usum
2224 3008 2459 3064 Basilius
2507 3005 2654 3060 hom.
2705 3005 2740 3057 ϐ
2780 3004 2832 3055 in
2882 3000 3139 3054 llexaem.
3200 2995 3498 3066 Gregorius

1931 3100 2308 3156 Nazianzenus
2332 3102 2386 3153 in
2420 3115 2607 3154 novam
2634 3097 2988 3160 Dominicam,
3020 3092 3113 3162 qui
3147 3105 3254 3161 qua
3287 3092 3499 3143 ratione

1930 3194 2157 3264 intelligi
2207 3193 2402 3249 debeat
2447 3191 2684 3262 explicat
2731 3188 2967 3243 Nicetas.
3014 3184 3158 3239 Idem
3201 3187 3499 3237 tenuerunt

1929 3286 2017 3340 alii
2037 3283 2230 3351 Graeci,
2255 3283 2630 3338 Theodoretus
2655 3287 2844 3350 quast.
2877 3277 2941 3331 M
2961 3283 3015 3330 et
3045 3273 3110 3328 l6
3128 3292 3141 3339 ;
3161 3272 3495 3332 Athanasius

1927 3386 2124 3449 quaest.
2150 3378 2237 3444 7,4;
2269 3375 2596 3431 Anastasius
2628 3373 2994 3427 Antiochenus
3022 3369 3076 3420 in
3112 3364 3366 3420 Hexaem.
3398 3365 3490 3417 lib.

1928 3486 2011 3536 iv;
2042 3468 2372 3538 ProcOpius,
2409 3468 2464 3520 in
2503 3465 2772 3535 Genesim;
2810 3461 3198 3521 Damascenus,
3227 3457 3320 3510 lib.
3355 3471 3394 3512 ιι
3421 3455 3496 3510 De

1925 3559 2033 3626 [ide
2073 3559 2306 3623 orthod.,
2354 3549 2474 3628 cap:
2516 3558 2582 3623 7;
2616 3556 2878 3627 Didymus
2921 3566 2974 3610 et
3021 3554 3392 3624 Apollinarius
3438 3553 3493 3606 in

1925 3650 2150 3715 Catena,
2189 3649 2333 3720 quod
2380 3658 2564 3720 postea
2603 3657 2798 3718 quarto
2829 3647 2916 3701 die
2949 3647 3180 3700 inditum
3216 3653 3299 3700 est
3329 3644 3491 3704 lumi-

1925 3741 2150 3796 naribus
2177 3741 2322 3796 εαξη.
2359 3740 2461 3794 Sed
2499 3738 2565 3793 de
2594 3739 2696 3792 hoc
2722 3737 2982 3792 nonnulla
3015 3735 3266 3790 inferius.

1995 3832 2132 3886 lbid.
2188 3833 2296 3886 Kal
2346 3831 2542 3884 πάντα
2592 3830 2776 3898 ὀξείᾳ..
2847 3828 3083 3883 Basilius
3152 3830 3298 3882 hom.
3353 3828 3388 3880 2
3438 3827 3492 3880 in

1925 3922 2177 3979 Hexaem.
2212 3940 2229 3977 :
2263 3924 2349 3976 Ἐν
2385 3924 2441 3976 δὲ
2471 3922 2547 3992 τῷ
2577 3922 2764 3976 πλάτει
2797 3921 2970 3975 πάντα
2995 3919 3062 3980 τὰ
3104 3919 3240 3990 μέρη
3269 3917 3360 3971 τοῦ
3402 3919 3492 3971 κό-

1925 4034 2082 4087 σμου,
2105 4017 2289 4088 βόρειά
2313 4033 2392 4079 τε,
2426 4017 2518 4069 καὶ
2548 4016 2716 4080 νότια,
2742 4016 2835 4069 καὶ
2864 4013 2992 4085 ἑῷα,
3028 4014 3120 4068 καὶ
3149 4013 3214 4066 τὰ
3236 4013 3490 4085 ἑσπέρια,

1922 4110 1979 4166 ἐν
2007 4107 2154 4178 ὀξείᾳ
2180 4106 2371 4178 καιροῦ
2399 4109 2536 4177 ῥοπῇ
2566 4103 2924 4174 κατεφὼτιζε,
2952 4103 3110 4172 cujus
3135 4105 3297 4157 etiam
3331 4117 3492 4156 usum

1921 4205 1976 4252 et
2022 4198 2291 4252 rationem
2347 4197 2544 4263 reddit,
2611 4213 2773 4268 quam
2821 4199 2868 4253 si
2913 4197 3043 4252 libet
3104 4197 3286 4266 legito.
3355 4193 3492 4248 Mira

1922 4287 2071 4342 illius
2115 4287 2408 4357 praeconia,
2449 4295 2503 4342 et
2547 4289 2834 4358 plusquam
2868 4287 3090 4358 triginta
3123 4285 3486 4356 proprietates

255 4371 676 4447 ungue'leonem
715 4379 888 4446 possit
921 4379 1221 4445 conjicere:
1273 4380 1336 4432 ’Π
1363 4381 1700 4452 Χριστιανῶν
1728 4399 1816 4451 ιρις
1848 4398 1893 4453 D
1923 4379 2090 4434 refert
2132 4379 2426 4452 Dionysius
2472 4380 2794 4452 Areopagita
2855 4382 3033 4450 capite
3078 4381 3112 4433 4
3157 4379 3231 4432 De
3294 4378 3487 4431 divinis

255 4469 479 4538 λοσοφία
513 4469 654 4539 ἁπλῆ
689 4469 950 4524 καλεῖται’
998 4471 1134 4543 αὑτὴ
1178 4472 1234 4525 δὲ
1274 4473 1364 4525 ἐπὶ
1389 4473 1489 4544 τὴν
1527 4473 1618 4526 τοῦ
1659 4474 1818 4546 ἤθους

255 4559 598 4630 κατασκευὴν
633 4559 730 4630 τὴν
762 4560 1018 4631 πλείστην
1043 4561 1358 4633 ἐπιμέλειαν
1393 4566 1622 4616 ποιεῖται
1653 4566 1819 4617 αίνιτ-

253 4649 454 4722 τομένη
482 4651 611 4722 περὶ
644 4651 751 4704 τῶν
781 4653 1182 4724 ἀκριϐεστέρων
1211 4653 1384 4722 λόγων
1407 4656 1532 4726 περὶ
1553 4655 1708 4723 Θεοῦ,
1744 4650 1818 4710 ὧν

252 4741 314 4795 τὸ
354 4743 644 4812 κεφάλαιον
677 4743 776 4812 τῆς
817 4746 943 4814 περὶ
991 4745 1164 4799 ταῦτα
1212 4747 1446 4815 σπουδῆς
1489 4748 1711 4813 εἰκότως
1751 4748 1818 4802 ἂν

253 4835 489 4898 ἅπαντες
518 4835 883 4900 ἀποδέξαιντο.
923 4837 1090 4890 Ἔνθα
1133 4839 1194 4891 τὸ
1227 4841 1506 4908 ποιητικὸν
1539 4840 1708 4894 αἴτιον
1740 4859 1818 4894 τι-

255 4925 520 4997 μιώτατον
566 4928 821 4991 τίθενται,
881 4930 974 4984 καὶ
1019 4931 1418 5002 πρεσϐύτατον,
1466 4932 1559 4985 καὶ
1604 4933 1817 4987 πάντων

250 5021 423 5074 αἴτιον
449 5021 554 5074 τῶν
585 5021 774 5076 ὅντων.
817 5023 968 5076 Ἐπεὶ
1013 5025 1106 5078 καὶ
1147 5026 1258 5087 τοῖς
1292 5023 1498 5094 ἠθικοῖς
1534 5023 1604 5078 τὰ
1641 5025 1816 5097 ἐργω-

250 5113 477 5185 δέστερα
519 5114 968 5186 παραλείποντες,
1014 5110 1124 5168 οἷόν
1157 5117 1240 5179 τίς
1269 5134 1328 5169 τε
1369 5119 1401 5188 ή
1431 5116 1594 5188 ἠθικὴ
1625 5119 1814 5190 ἀρετὴ,

250 5202 345 5255 καὶ
373 5201 584 5273 λογικὴ,
617 5204 712 5256 καὶ
749 5205 848 5257 ὅσα
892 5205 1109 5272 λέγεται
1146 5206 1275 5278 περὶ
1309 5206 1454 5269 ἠθῶν
1487 5209 1579 5260 καὶ
1606 5209 1813 5275 παθῶν,

247 5293 377 5365 περὶ
408 5295 500 5346 τὸν
528 5294 845 5349 ὑποθετικὸν
873 5296 1205 5367 διατρίϐουσι
1233 5297 1413 5352 τόπον·
1453 5303 1690 5370 στοιχεῖα
1715 5303 1815 5370 μὲν

247 5384 384 5457 πρὸς
409 5386 644 5456 ἑκάστης
668 5388 865 5458 ἀρετῆς
891 5388 1155 5459 ἀνάληψιν
1181 5390 1278 5442 οὐκ
1298 5387 1657 5454 ἀποδιδόντες,
1679 5409 1816 5460 παρ-

246 5476 564 5547 αγγέλματα
602 5479 658 5532 δὲ
697 5481 991 5553 παχύτερα,
1024 5483 1098 5546 ὼς
1121 5481 1434 5552 ἐτύγχανεν,
1465 5484 1814 5555 ἐπισωρεύον-

243 5584 354 5631 τες,
399 5562 475 5622 ὧν
521 5572 549 5622 ὁ
592 5572 757 5636 πολὺς
801 5572 968 5644 δῆμος
1009 5573 1238 5637 ἀκούων,
1281 5573 1356 5636 ὡς
1393 5575 1456 5626 ἐκ
1488 5575 1584 5645 τῆς
1618 5574 1811 5644 πείρας

244 5661 358 5720 ἐστὶ
404 5661 614 5733 μαθεῖν,
672 5665 872 5738 σφόδρα
911 5665 1214 5720 ἐπιδίδωσιν
1250 5667 1328 5729 εἰς
1367 5665 1684 5733 ἐπιείκειαν,
1716 5667 1809 5721 καὶ

1919 4473 2144 4535 ηοηιίη..
2194 4480 2249 4527 et
2307 4487 2427 4544 cap.
2479 4473 2545 4528 15
2589 4473 2665 4526 De
2713 4471 2907 4526 caelesti
2973 4471 3288 4525 hierarchia.
3341 4469 3490 4524 Nihil

1919 4566 2064 4620 enim
2101 4565 2168 4619 ad
2214 4565 2402 4619 mundi
2447 4565 2698 4619 decorem
2733 4573 2786 4618 et
2815 4571 3066 4618 ornatum
3098 4563 3310 4632 aptius;
3343 4562 3488 4618 unde

1889 4655 2075 4729 'Ilugo
2119 4657 2186 4712 de
2233 4655 2434 4711 Sancto
2467 4655 2704 4721 Victore,
2741 4655 2880 4720 Quid
2911 4655 3178 4725 pulchrius
3197 4655 3346 4709 luce?
3369 4671 3486 4725 qua:

1917 4768 2034 4804 cum
2078 4751 2134 4804 in
2171 4767 2225 4804 se
2251 4750 2475 4804 colorem
2507 4767 2607 4802 non
2633 4748 2806 4812 habet,
2835 4749 3068 4803 onmium
3105 4757 3275 4801 tamen
3314 4762 3500 4803 rerum.

1918 4844 2116 4897 colores
2141 4844 2255 4911 ipsa
2284 4841 2668 4913 quodammodo
2699 4842 2920 4895 colorat.
2957 4840 3082 4896 llaec
3112 4841 3239 4894 item
3275 4855 3397 4894 cum
3425 4840 3487 4896 in

1917 4950 2107 4990 omnes
2157 4942 2342 5005 partes
2394 4949 2452 4988 se
2499 4931 2669 4988 eﬁ'use
2720 4933 3110 4998 communicat,
3151 4933 3484 5002 prmcipuum

1917 5026 2120 5081 dicitur
2172 5025 2621 5088 instrumentum,
2672 5039 2781 5094 quo
2833 5025 3077 5078 cmlestia
3131 5037 3360 5092 corpora
3398 5023 3512 5084 in-_.

1916 5116 2084 5170 ﬂuant
2126 5117 2180 5170 in
2219 5115 2501 5177 inferiora,
2539 5131 2712 5185 coque
2761 5114 2990 5170 vehente
3038 5114 3104 5167 ad
3146 5130 3247 5169 nos
3281 5129 3310 5167 a
3341 5114 3516 5168 cmlo.

1917 5209 2258 5278 perveniunt.
2295 5206 2451 5272 Quod
2488 5207 2763 5260 Avicenna
2803 5223 3020 5277 quoque
3052 5207 3207 5271 dixit,
3240 5206 3335 5260 lib.
3367 5203 3482 5259 Me-

1917 5307 2069 5363 teon,
2105 5299 2287 5352 lumen
2326 5313 2529 5352 vocans
2562 5298 2873 5352 vehiculum
2923 5299 3183 5352 virtutum
3234 5300 3488 5353 omnium

1915 5391 2240 5452 cmlestium,
2272 5398 2326 5444 et
2354 5388 2611 5444 Albertus
2651 5390 2876 5461 Magnus
2920 5391 3011 5446 lib.
3047 5390 3120 5444 De
3149 5408 3298 5454 som.
3325 5401 3372 5445 et
3397 5409 3480 5445 ωε

1911 5482 2004 5551 git.
2028 5481 2334 5536 conﬁrmat.
2366 5482 2546 5548 Quare
2574 5481 2635 5534 D.
2665 5482 2989 5538 Ambrosius
3025 5482 3119 5536 lib.
3152 5499 3166 5535 I
3197 5481 3475 5547 Hexaem.,

1913 5590 2034 5644 cap.
2068 5573 2124 5638 9,
2148 5574 2390 5645 scripsit,
2422 5575 2586 5629 unius
2619 5582 2869 5629 naturam
2902 5590 3010 5631 non
3040 5575 3331 5640 immerito,
3366 5590 3476 5630 non

1911 5668 1967 5722 in
2011 5681 2286 5734 mensura,
2337 5681 2445 5722 non
2497 5668 2554 5728 in
2587 5667 2831 5739 pondere
2868 5683 3008 5734 esse,
3043 5673 3102 5720 ut
3132 5683 3218 5723 res
3248 5675 3482 5729 caeteras
