3840 6164
113 296 230 356 325

1115 301 1183 356 ΙΝ
1213 300 1590 359 EUSTATHII
1627 305 2106 362 HEXAEMERON
2146 305 2377 362 NOTE.

3263 306 3370 365 836

110 415 271 470 enim
301 413 523 468 luminis
564 412 863 477 carentiam
906 412 1116 476 creavit
1153 415 1321 487 Deus.
1358 415 1485 482 Haec
1517 429 1699 474 tamen

1822 422 1921 474 >ίου
1967 424 2325 492 γενησόμενον
2375 421 2692 492 ὑπερόριον,
2749 421 2949 492 μηδένα
2989 421 3045 475 δὲ
3094 421 3184 476 τὸν
3229 422 3372 494 μετά

109 506 310 576 Opinio
356 505 581 560 minime
625 504 904 574 probanda
957 505 1196 574 videtur,
1245 510 1332 564 vel
1375 525 1443 564 ex
1487 526 1551 565 eo
1586 513 1702 572 solo

111 595 269 666 quod
304 595 535 665 angelis,
577 593 668 664 qui
701 604 828 648 sunt
868 595 992 664 puri
1022 597 1251 666 spiritus
1286 600 1437 666 nullo
1476 614 1703 669 corpore

111 685 410 746 obstricti,
470 681 755 738 materiale
803 682 1132 754 principium
1187 688 1412 753 tribuat,
1469 689 1703 758 indeque

107 791 213 832 eos
229 790 524 843 corporeos
554 776 965 846 materialesque
992 778 1209 832 efﬁciat.
1233 777 1405 844 Λᾶόν,
1439 779 1569 834 hinc
1595 797 1703 835 non

113 865 287 917 simul
320 879 445 917 cum
481 864 621 918 cmlo
672 871 725 918 et
759 871 906 918 terra
938 866 1115 935 angeli
1164 867 1420 936 producti
1453 868 1703 925 referun-

112 967 230 1020 tur,
267 957 362 1012 sed
391 965 512 1026 post
545 957 666 1014 (ταιιί
695 966 746 1011 et
770 964 930 1012 terra:
956 958 1312 1015 creationem.

186 1049 311 1104 Col.
345 1049 467 1115 709,
501 1049 596 1102 lin.
628 1049 716 1102 58.
762 1048 1019 1112 Ἕξωθεν
1047 1049 1115 1102 δὲ
1148 1050 1252 1104 τοῦ
1277 1051 1560 1119 οὐρανοῦ.
1590 1053 1705 1106 Me-

113 1142 350 1196 thodius
383 1141 666 1211 presbyter
701 1139 1254 1212 Hierosolymitanus,
1303 1153 1442 1198 orat.
1492 1145 1547 1196 in
1590 1142 1705 1213 Hy-

112 1242 429 1302 papantem,
462 1233 580 1288 sive
625 1230 949 1286 Timotheus
994 1233 1097 1286 sub
1135 1232 1292 1301 cujus
1325 1233 1544 1286 nomine
1592 1233 1703 1287 Ιιξεο

113 1328 300 1380 oratio
341 1326 634 1397 praeteritis
686 1326 847 1380 annis
890 1327 1047 1380 initio
1095 1327 1285 1380 mutila
1333 1342 1533 1381 excusa
1598 1335 1703 1395 est,

112 1433 283 1488 quam
308 1417 571 1487 integram
589 1417 811 1486 suisque
834 1418 1080 1486 partibus
1109 1418 1415 1473 absolutam
1439 1418 1558 1482 tibi,
1589 1418 1706 1473 lec—

114 1517 224 1571 tor,
264 1522 376 1561 una
410 1522 534 1561 cum
572 1507 696 1563 aliis
727 1507 1129 1563 Methodiorum
1155 1508 1458 1578 opusculis,
1479 1516 1533 1563 et
1561 1507 1707 1578 frag-

113 1601 344 1662 mentis,
362 1599 472 1655 Deo
487 1600 669 1664 dante,
692 1616 854 1671 quam
871 1601 1109 1671 primum
1126 1600 1379 1656 dabimus
1421 1619 1434 1655 :
1458 1600 1506 1656 is
1523 1600 1707 1672 itaque

113 1693 186 1747 de
203 1693 315 1746 hoc
334 1691 524 1746 eodem
545 1692 752 1746 lumine
769 1706 1078 1750 sermonem
1097 1707 1265 1762 agens
1283 1691 1357 1745 ita
1375 1691 1660 1746 exorditur
1691 1711 1702 1745 :

1801 512 1974 566 ταῦτα
2023 513 2326 584 ἀνθρώπων
2365 511 2625 584 μέλλοντα
2673 514 2834 567 πάλιν
2880 515 3116 584 οἰκήσειν
3169 515 3366 580 αὑτόν;

1803 605 1866 656 Et
1898 604 2004 673 γὰρ
2035 605 2264 669 ἕκαστος
2307 603 2541 658 καὶτῶν
2584 604 2820 668 εὐσεϐῶς
2868 605 3224 674 βεϐιωκότων,
3275 605 3372 659 καὶ

1803 693 1909 746 τῶν
1937 693 2208 757 δυσσεϐῶς
2243 693 2733 764 πολιτευσαμένων,
2774 693 2910 764 μετὰ
2935 693 2996 746 τὸ
3029 694 3242 747 στάδιον
3273 692 3373 748 τοῦ

1805 785 2068 856 παρόντος
2096 785 2210 855 βίου
2246 786 2381 858 πρὸς
2418 787 2480 838 τὸ
2511 785 2584 856 μὴ
2631 785 2688 838 ὃν
2720 785 3031 852 ἀναλύεται,
3071 787 3164 838 καὶ
3197 785 3370 850 οὐδεὶς

1803 878 1902 930 οὑκ
1927 877 2007 930 ἔτι
2038 878 2300 948 διαμένει,
2331 878 2472 932 ὥστε
2505 879 2597 932 καλ⁸
2631 879 2955 949 παράδεισον
2995 878 3372 949 κληρονομεῖν,

1803 971 2022 1040 καὶτῆς
2061 971 2118 1023 ὲν
2159 969 2304 1040 αὑτῷ
2335 971 2544 1041 τρυφῆς
2588 968 2880 1022 ἀπολαύειν
2927 970 3077 1040 ἱερᾶς
3101 985 3113 998 ·
3150 967 3266 1030 πῶς
3310 968 3373 1020 οὑ

1809 1060 1984 1130 μάτην
2035 1059 2198 1113 αὑτὸν
2242 1057 2564 1129 γεγενῆσθαι
2621 1060 2654 1128 ή
2705 1057 2922 1128 τοιαύτη
2971 1057 3238 1127 ἀγνώμων
3280 1057 3376 1110 καὶ

1804 1151 2066 1222 δυσσεϐὴς
2087 1150 2353 1221 ὑπόληψις
2385 1150 2672 1219 ἀποφανεῖ,
2704 1151 2797 1202 καὶ
2826 1150 2914 1204 διὰ
2933 1149 3034 1219 τῆς
3065 1150 3144 1213 είς
3173 1151 3377 1202 ἐκεῖνον

1807 1243 2014 1317 ὕϐρεως
2029 1244 2118 1296 τὸν
2144 1243 2319 1296 κοινὸν
2333 1241 2602 1313 ἐξυϐρίσει
2617 1241 2971 1313 δημιουργὸν,
2991 1243 3178 1294 ἐκεῖνα
3196 1239 3373 1311 πράτ-

1804 1355 1920 1391 τειν
1958 1337 2300 1409 κατηγορῶν,
2337 1336 2373 1390 ἆ
2409 1338 2542 1409 μηδὲ
2584 1337 2801 1408 μέτριος
2846 1337 2911 1390 ἄν
2931 1353 3014 1399 τις
3033 1334 3380 1406 διαπράξοιτο

1805 1429 1944 1500 ἀνήρ
1973 1445 1988 1493 ;
2028 1427 2132 1483 Sed
2151 1429 2470 1484 Eustathius
2487 1444 2694 1499 magna:
2713 1427 2970 1482 Ecclesiae
2987 1427 3270 1496 presbyter
3289 1439 3380 1478 eo-

1807 1518 1931 1574 dem
1952 1517 2145 1572 Photio
2165 1517 2430 1574 referente
2445 1533 2544 1588 pro
2561 1517 2785 1572 veritate
2801 1524 3016 1586 sumpta
3035 1515 3382 1570 contentione

1808 1610 2079 1680 probavit,
2109 1610 2231 1664 Ὅτι
2257 1614 2394 1680 μετά
2421 1609 2519 1680 τὴν
2549 1608 2868 1678 ἀπαλλαγὴν
2897 1607 2992 1660 τοῦ
3018 1607 3268 1677 σώματος
3286 1605 3385 1659 αὑ-

1808 1701 1936 1756 τίκα
1979 1702 2296 1772 εύεργοῦσιν
2341 1703 2396 1754 αἱ
2429 1699 2537 1754 τῶν
2580 1701 2754 1769 ἁγίων
2779 1699 2968 1768 ψυχαί.
3019 1698 3092 1750 Οὐ
3127 1729 3131 1734 -
3145 1697 3303 1768 μόνον
3326 1696 3384 1749 δὲ

113 1784 298 1848 Μόνος
311 1783 476 1837 ὲνάνθ
487 1782 897 1854 ρώποιςτέλειος
915 1783 1010 1838 ἄνθ
1021 1800 1198 1854 ρωπος
1214 1786 1242 1837 ὁ
1258 1783 1354 1855 τῆς
1369 1783 1709 1853 δικαιοσύνης
1738 1785 1782 1840 Β
1809 1793 1916 1848 τῶν
1944 1794 2135 1862 ἁγίων,
2169 1793 2304 1846 ἀλλὰ
2335 1793 2428 1846 καὶ
2448 1790 2636 1855 ἁπλῶς
2656 1792 2798 1845 κατά
2829 1791 2926 1860 τὴν
2949 1789 3153 1842 οἰκείαν
3179 1789 3386 1860 ἑκάστῃ

113 1878 250 1948 περὶ
299 1877 496 1930 πολλοῦ
527 1877 806 1948 τιθέμενος
859 1877 1066 1947 κτῆμα.
1116 1876 1408 1947 ’Δείφωτον
1443 1877 1552 1950 γὰρ
1597 1881 1710 1942 τοῖς

112 1966 575 2038 δικαιοπραγοῦσι
622 1969 683 2021 τὸ
713 1969 816 2039 τῆς
851 1967 1199 2040 δικαιοσύνης
1234 1970 1422 2041 κτῆμα
1466 1971 1608 2025 κατά
1651 1972 1712 2024 τὸ

77 2059 332 2128 .φάσκον
382 2058 524 2112 θεῖον
579 2060 773 2131 ῥητόν
824 2057 955 2126 Φῶς
993 2058 1249 2126 δικαίοις
1309 2060 1408 2115 διὰ
1464 2065 1708 2128 παντός.

111 2150 278 2203 Ποῖον
311 2149 462 2219 φῶς;
498 2151 572 2204 υὺ
605 2151 666 2204 τὸ
700 2151 856 2206 νυκτὶ
888 2151 1309 2221 διαμαχόμενον,
1342 2153 1437 2206 καὶ
1456 2154 1713 2224 ἡλιακαῖς

111 2245 302 2297 ἀκτῖσι
362 2243 640 2297 διπλάσιον
708 2244 1133 2316 εὑρισκόμενον,
1190 2243 1286 2297 καὶ
1333 2243 1422 2322 ,τῷ
1487 2247 1712 2316 παρόντι

111 2335 276 2390 αἰῶνι
324 2335 401 2399 ὼς
443 2336 762 2407 προσκαίρῳ
795 2336 1233 2408 συντριϐόμενον.
1281 2335 1412 2402 Φῶς
1465 2336 1714 2404 δικαίοις

113 2429 217 2483 διὰ
251 2429 496 2494 παντός.
535 2430 693 2482 Ποῖον
733 2429 882 2498 φῶς;
933 2430 1006 2482 Τὸ
1045 2429 1304 2484 ἐπέκεινα
1334 2432 1441 2484 τῶν
1470 2432 1712 2502 οὐρανῶν

114 2521 496 2591 αὑλιζόμενον,
526 2523 620 2575 καὶ
657 2521 719 2574 τὸ
742 2520 1048 2591 δεσποτικῷ
1079 2520 1253 2592 θρόνῳ
1287 2525 1711 2594 παριστάμενον.

117 2616 303 2684 Ὅπερ
351 2617 378 2667 ὁ
421 2613 626 2678 δίκαιος
661 2613 910 2684 Ἀϐραὰμ
942 2615 1201 2683 ἐννοήσας
1241 2615 1365 2677 τοὺς
1398 2615 1546 2686 αὑτῷ
1586 2633 1713 2686 προ-

115 2705 448 2776 δεχομένους
494 2707 882 2777 προσδέχεται,
927 2707 1055 2770 τοὺς
1094 2706 1151 2760 δὲ
1195 2709 1269 2781 μὴ
1320 2707 1594 2771 τοιούτους
1637 2707 1716 2778 τῷ

116 2797 359 2865 ἀφεγγεῖ
382 2798 480 2868 τῆς
511 2797 722 2861 δικαίας
764 2797 1062 2870 καταδίκης
1102 2802 1287 2873 χωρίῳ
1328 2799 1714 2872 παραπέμπει.

117 2888 222 2941 Διά
248 2887 412 2941 τοῦτο
461 2889 729 2962 κέκραγεν
759 2891 788 2942 ὁ
838 2890 1057 2962 κράζων
1087 2909 1100 2923 ⁸
1162 2893 1290 2960 Φῶς
1317 2891 1567 2958 δικαίοις
1621 2889 1719 2944 διὰ

119 2983 376 3051 παντός.
432 2981 560 3048 Φῶς
591 2982 658 3035 δὲ
691 2980 927 3036 ἀσεϐῶν
963 2985 1308 3042 σϐέννυται.

191 3073 363 3137 Ibid.,
390 3075 483 3127 lin.
517 3075 606 3129 4i.
626 3078 730 3141 Εἰς
754 3075 785 3129 ὃ
815 3076 910 3129 καί
934 3075 1720 3148 οἱκανῑῶςῖβιώσαντες.Ειέο

122 3166 319 3222 statim
352 3177 478 3236 post
505 3166 668 3236 hujus
698 3169 822 3224 vita:
849 3170 1146 3224 terminum
1174 3178 1491 3224 sanctorum
1522 3171 1716 3225 animae

120 3259 182 3315 in
240 3260 586 3328 sempiterna?
630 3260 769 3316 lucis
809 3261 1114 3316 claritatem
1147 3262 1358 3326 delatae,
1403 3262 1576 3332 gloria
1611 3262 1717 3317 sibi

123 3349 318 3406 debita
365 3349 722 3419 perfruuntur
760 3350 1128 3422 felicitateque
1176 3351 1443 3408 immensa
1491 3353 1716 3422 potiun-

126 3452 244 3497 tur.
283 3440 400 3496 Hoc
432 3443 579 3498 enim
625 3452 868 3515 tempore
899 3443 994 3514 qui
1042 3445 1181 3498 bene
1224 3453 1522 3514 sancteque
1549 3446 1717 3500 vitam

126 3535 416 3589 duxerunt
447 3535 516 3588 ab
545 3548 608 3588 ea
639 3535 897 3589 illustrati
947 3535 1263 3605 quiescunt,
1315 3550 1414 3589 nec
1450 3534 1598 3588 aliud
1625 3551 1720 3589 ex-

128 3634 414 3697 spectant.
451 3626 605 3691 Quod
631 3625 1081 3682 manifestissime
1115 3626 1393 3695 colligitur
1423 3642 1490 3680 ex
1537 3626 1719 3681 verbis

127 3715 201 3770 ad
237 3731 361 3787 qua:
386 3715 764 3769 confirmanda
801 3731 909 3770 non
953 3723 1039 3770 est
1071 3729 1210 3784 opus
1245 3713 1718 3784 hic,reliquorum

126 3807 362 3860 Patrum
415 3806 719 3862 sententias
783 3807 1050 3862 intexere.
1105 3806 1484 3863 Theodoretus
1525 3808 1620 3863 lib.
1665 3823 1721 3861 ιι

130 3900 215 3956 De
251 3899 430 3967 aﬂ'ect.
466 3897 662 3962 Greca,
697 3899 754 3954 in
786 3899 913 3964 fine,
961 3900 1060 3954 Ἐν
1091 3899 1170 3966 τῷ
1193 3901 1400 3970 κόσμῳ
1431 3903 1563 3971 γὰρ,
1590 3901 1718 3972 ἔφη,

130 3992 352 4059 θλίψιν
380 3990 567 4060 ἔχετε,
598 3991 698 4045 καὶ
735 3991 1018 4061 μακάριοί
1045 3993 1210 4057 ἐστε,
1234 3992 1380 4048 ὅταν
1421 3993 1722 4047 ὀνειδίσω-

131 4105 246 4144 σιν
268 4087 448 4157 ὑμᾶς,
485 4089 583 4142 καί
613 4088 890 4154 διώξωσι,
926 4089 1027 4143 καὶ
1067 4092 1282 4144 εἴπωσι
1307 4090 1430 4146 πᾶν
1454 4093 1724 4159 πονηρὸν

122 4181 301 4250 ῥῆμα
346 4182 474 4234 καθ’
495 4180 664 4250 ὑμῶν
687 4181 897 4235 ἕνεκεν
920 4183 1085 4251 ἐμοῦ.
1115 4183 1381 4251 Χαίρετε,
1413 4183 1511 4237 καὶ
1539 4185 1724 4254 ἀγαλ-

131 4269 376 4331 λιᾶσθε,
394 4270 482 4324 ὅτι
508 4275 541 4324 ό
550 4270 770 4341 μισθὸς
783 4272 948 4342 ὑμῶν
967 4272 1161 4337 πολὺς
1183 4275 1251 4327 ἐν
1274 4274 1400 4340 τοῖς
1423 4274 1718 4342 οἰερανοῖς.

131 4363 251 4417 Καὶ
293 4363 422 4426 τοὺς
452 4364 548 4432 μὲν
578 4363 772 4425 πόνους
808 4363 902 4416 καὶ
946 4363 1222 4427 κινδύνους
1252 4364 1526 4428 ὑπέδειξεν
1563 4364 1632 4418 τά
1665 4364 1723 4417 δὲ

1811 1885 2032 1952 ἀξίωσιν
2077 1887 2226 1942 πᾶσα
2256 1885 2569 1956 ἀνθρωπίνη
2600 1885 2765 1956 ψυχή.
2802 1883 2974 1952 Cujus
3006 1882 3094 1936 hic
3127 1882 3289 1936 verba
3318 1881 3387 1934 lio

1812 1977 2136 2033 hentissime
2175 1977 2624 2040 transcriberem,
2674 1977 2720 2030 si
2753 1975 2920 2029 libelli
2963 1975 3119 2045 capia
3163 1973 3302 2028 foret
3327 1981 3390 2027 ut

1811 2085 2001 2126 eorum
2043 2070 2408 2139 pervicaciam
2468 2070 2908 2138 comprimerem.
2963 2069 3056 2138 qui
3097 2068 3151 2121 in
3204 2077 3390 2138 aperta

1813 2169 1868 2216 et
1895 2177 1956 2216 re
1999 2161 2286 2217 manifesta
2338 2162 2408 2216 ita
2439 2162 2758 2223 caecutiunt,
2794 2172 2853 2214 ut
2878 2169 2932 2215 et
2979 2159 3102 2214 aliis
3130 2160 3388 2214 tenebras

1815 2251 2098 2309 oﬂundere
2132 2253 2480 2322 impudenter
2512 2252 2782 2306 nitantur.
2814 2250 2949 2317 Quis
2968 2252 3111 2306 enim
3133 2257 3387 2320 portenta

1814 2346 1962 2402 circa
1997 2344 2100 2398 hoc
2134 2344 2500 2414 pessimorum
2528 2343 2807 2398 hominum
2841 2342 2984 2398 ferre
3015 2343 3241 2412 posset?
3271 2343 3390 2396 Ma-

1816 2436 1994 2492 lorum
2019 2435 2229 2490 scilicet
2265 2434 2477 2490 animas
2505 2435 2561 2489 in
2591 2433 2870 2489 daemonas
2893 2435 3159 2496 converti,
3190 2433 3247 2486 in
3275 2432 3391 2488 leo—

1815 2543 1936 2594 nes,
1970 2527 2149 2597 lupos,
2188 2526 2432 2596 aliasque
2464 2526 2693 2590 bestias,
2729 2526 2871 2581 sicut
2904 2535 2956 2581 et
2979 2526 3256 2594 justorum
3288 2523 3393 2578 mi-

1821 2635 1998 2692 grare.
2061 2618 2419 2684 Paradisum,
2479 2634 2882 2688 supernamque
2937 2617 3276 2673 Hierusalem
3334 2617 3393 2672 in

1819 2713 1980 2768 tertio
2009 2711 2150 2767 coelo
2184 2711 2346 2766 sitam
2381 2726 2523 2778 esse,
2558 2712 2692 2780 quin
2732 2727 2908 2781 neque
2940 2711 2993 2764 in
3027 2711 3188 2774 caelo,
3216 2725 3395 2780 neque

1818 2803 1876 2859 in
1905 2805 2088 2860 terris.
2127 2802 2234 2858 Sed
2279 2803 2476 2858 horum
2511 2803 2687 2873 magis
2717 2809 3025 2858 accuratam
3068 2801 3394 2871 explicatio-

1819 2910 1944 2949 nem
1971 2896 2026 2949 in
2057 2901 2294 2949 tractatu
2343 2907 2504 2963 quem
2542 2891 2610 2947 de
2648 2878 2970 2947 differentiis
3002 2889 3316 2945 Graecorum
3341 2899 3398 2944 et

1820 2985 2142 3042 Latinorum
2189 2986 2512 3052 scribimus,
2565 2985 2867 3040 trademus.
2924 2982 3080 3038 Nunc
3136 2985 3243 3040 ista
3285 2982 3398 3039 sint

1825 3081 1980 3137 satis.
2007 3089 2011 3098 ‘
2614 3147 2620 3159 1

1896 3173 2059 3236 Ibid.,
2089 3173 2186 3227 lin.
2231 3171 2320 3226 4‘2.
2362 3171 2620 3235 Νοήσεις
2662 3169 2727 3222 δὲ
2765 3170 2978 3224 τούτου
3021 3167 3136 3237 τὴν
3165 3170 3398 3221 οἰκονο-

1813 3266 1980 3335 μίαν.
2013 3264 2249 3318 Basilius
2283 3265 2430 3318 hom.
2465 3263 2500 3316 2
2553 3265 2607 3316 in
2645 3262 2898 3315 Ilexaem.
2923 3276 2939 3312 :
2969 3262 3178 3330 Νόησον
3223 3259 3279 3312 δέ
3311 3275 3399 3328 μοι

1819 3359 1928 3412 ἀπὸ
1966 3355 2408 3428 παραδείγματος
2437 3354 2702 3427 ἐναργοῦς
2735 3354 2796 3406 τὸ
2824 3354 3136 3422 λεγόμενον,
3172 3355 3230 3404 ὲν
3269 3368 3398 3403 στα-

1821 3449 1962 3520 θηρᾷ
1994 3447 2313 3518 μεσημϐρίᾳ
2348 3447 2553 3517 σκηνήν
2591 3462 2711 3497 τινα
2738 3445 2802 3496 ὲκ
2836 3443 3046 3511 πυκνῆς
3079 3441 3174 3493 καὶ
3209 3456 3402 3507 στεγα-

1819 3543 1916 3612 νῆς
1959 3540 2090 3609 ὑλης
2140 3538 2318 3610 ἑαυτῷ
2366 3540 2812 3609 παραστήσαντα,
2844 3534 2940 3588 καὶ
2978 3535 3034 3588 ἐν
3079 3533 3254 3604 σκότῳ
3305 3532 3402 3586 αὑ-

1820 3633 2077 3704 τοσχεδίῳ
2113 3632 2303 3711 ἑαυτὸν
2337 3628 2752 3700 καθειργοῦντα.

1891 3727 2052 3791 Ibid.,
2076 3727 2172 3780 lin.
2200 3728 2286 3782 49.
2312 3726 2475 3779 Οὕτω
2490 3724 2760 3778 τοιοῦτον
2787 3720 3227 3775 ἀνυπόστατον.
3253 3717 3405 3774 Basi-

1822 3817 1928 3872 lius
1948 3818 2183 3886 explicat
2198 3817 2346 3872 hom.
2369 3816 2405 3868 2
2433 3834 2445 3868 :
2466 3814 2712 3884 Λέγομεν
2732 3812 2910 3866 τοίνυν
2927 3809 3186 3863 καὶτοῦτο
3201 3809 3260 3862 τὸ
3288 3809 3406 3862 σκό-

1820 3925 1912 3970 τος
1947 3906 2021 3978 μὴ
2071 3905 2214 3962 κατὰ
2242 3905 2430 3959 οὑσίαν
2478 3903 2865 3975 ὑφεστηκέναι,
2901 3903 3012 3955 καὶ
3058 3901 3231 3963 πάθος
3264 3895 3406 3954 εἶναι

1822 4002 1949 4073 περὶ
1979 3999 2068 4054 τὸν
2097 3999 2233 4070 ἀέρα
2268 3999 2522 4070 στερήσει
2540 3997 2715 4067 φωτὸς
2737 3995 3137 4066 ὲπιγινόμενον.
3164 3993 3230 4047 Ει
3261 3994 3406 4048 infe-

1823 4092 1941 4147 rius
1979 4090 2276 4148 ιΤοιοῦτον
2320 4085 2413 4142 οὖν
2468 4091 2690 4143 κάκεῖνο
2739 4086 2799 4139 τὸ
2856 4085 3046 4149 σκότος
3089 4085 3290 4138 ὑπόθου
3343 4085 3406 4138 οὐ

1823 4181 2248 4255 προηγουμένως
2304 4179 2627 4252 ὑφεστηκὸς,
2673 4179 2788 4233 ἀλλ’
2825 4177 3264 4248 ὲπακολουθῆσαν
3302 4175 3411 4229 ἐτέ-

1826 4294 1958 4349 ροις.
1981 4275 2048 4328 Ει
2077 4257 2190 4330 haec
2209 4276 2355 4332 dicta
2386 4266 2514 4331 sunt
2541 4280 2731 4328 contra
2760 4287 2935 4342 nugas
2950 4269 3405 4333 Manichmorum,

1825 4373 2188 4428 asserentium
2236 4367 2496 4423 tenebras
2542 4381 2664 4422 esse
2713 4364 3007 4436 quamdam
3043 4361 3407 4418 substantiam

135 4452 374 4525 βραϐεῖα
408 4452 653 4515 καὶτοὺς
683 4451 980 4520 στεφάνους
1005 4450 1150 4521 ’μετὰ
1193 4453 1252 4505 τὸ
1292 4451 1388 4505 τοῦ
1423 4451 1536 4522 βίου
1570 4450 1718 4514 τέλος

1825 4472 2106 4524 aeternam.
2149 4469 2202 4518 et
2254 4459 2584 4531 principium
2628 4473 2814 4512 rerum
2861 4469 2972 4509 non
3028 4454 3209 4506 minus
3243 4465 3408 4521 quam

131 4543 445 4598 ἀποδώσειν
488 4543 736 4613 ὑπέχετο.
771 4542 876 4597 Sed
909 4543 992 4597 his
1026 4543 1235 4597 diutius
1270 4542 1550 4596 immorari
1578 4548 1725 4596 esset

135 4637 244 4692 soli
279 4636 463 4690 lumen
490 4635 691 4690 addere
727 4653 741 4690 :
779 4635 896 4690 haec
927 4643 1108 4689 tamen
1146 4650 1236 4689 res
1265 4650 1295 4688 a
1322 4634 1573 4704 pluribus
1593 4648 1726 4687 con-

136 4739 394 4783 troversa
421 4728 613 4782 habuit
659 4743 790 4783 suos
829 4727 1149 4783 defensores
1184 4737 1236 4781 et
1269 4731 1722 4795 propugnatores.

135 4820 396 4876 Andreas
421 4819 776 4876 Caesariensis
809 4820 862 4872 in
889 4818 1284 4888 Apocalypsim,
1316 4831 1480 4873 serm.
1511 4815 1600 4879 15,
1632 4829 1725 4869 ca-

136 4915 248 4986 pit.
283 4912 386 4976 45;
415 4922 467 4967 et
499 4928 663 4968 serm.
702 4910 754 4976 6,
782 4927 904 4981 cap.
938 4911 1040 4978 i7;
1074 4918 1128 4966 et
1159 4925 1326 4965 serm.
1364 4910 1453 4972 ll,
1477 4923 1599 4977 cap.
1635 4907 1726 4969 ⁸55,

137 5004 483 5060 existimavit
527 5004 800 5073 justorum
845 5003 1059 5056 animas
1092 5002 1336 5057 nondum
1370 5001 1555 5071 gloriae
1588 4999 1730 5053 divi-

139 5111 232 5150 nae
261 5094 554 5163 participes
575 5093 739 5163 hujus
761 5093 950 5147 mundi
975 5092 1506 5147 consummationem
1538 5105 1732 5159 exspe-

140 5195 320 5241 ctare.
354 5185 413 5241 S.
437 5184 700 5256 Eulogius
734 5186 788 5239 in
827 5186 1084 5255 paradiso
1111 5185 1353 5240 terrestri
1385 5199 1478 5238 eas
1495 5182 1728 5249 deferri;

142 5280 359 5334 frustra
403 5279 546 5333 enim
581 5279 776 5333 hortus
823 5277 916 5333 ille
955 5261 1277 5333 deliciarum
1314 5284 1532 5330 creatus
1563 5282 1729 5337 esset,

140 5369 254 5422 nisi
285 5369 398 5436 jam
434 5374 746 5421 sanctorum
780 5368 1086 5421 animorum
1116 5373 1263 5421 esset
1301 5365 1728 5434 receptaculum.

143 5459 286 5536 Ejus
322 5458 488 5512 verba
515 5458 703 5514 'refert
743 5457 974 5514 Pliotius
1019 5459 1074 5512 in
1109 5457 1360 5511 Biblioth.
1394 5456 1494 5511 :Ti
1541 5456 1598 5509 δὲ
1622 5456 1734 5524 {ml

144 5551 247 5604 τὸν
300 5551 445 5604 κατά
494 5549 756 5613 ἀνατολὰς
813 5551 1141 5621 παράδεισον
1208 5547 1472 5617 ἐφύτευσε
1530 5547 1621 5600 τὸν
1675 5548 1732 5599 ἐν

160 5641 351 5712 Ἐδὲμ,
395 5641 455 5693 ὲν
489 5634 534 5709 ᾧ
580 5640 673 5694 τὸν
705 5640 1014 5712 ἄνθρωπον,
1045 5641 1103 5694 ὃν
1152 5639 1404 5705 ἔπλασεν,
1457 5637 1629 5702 ἔθετο,
1685 5641 1733 5692 εἰ

153 5735 362 5812 ἐκεῖνον
412 5733 510 5803 μὲν
553 5732 714 5796 εὐθὺς
754 5732 1168 5806 παραϐήσεσθαι
1204 5732 1339 5802 ᾔδει,
1377 5730 1596 5785 καὶτοῦ
1625 5749 1732 5802 χω-

1826 4559 2023 4614 lucem.
2060 4556 2368 4612 Alexander
2397 4553 2709 4625 Lycopolita
2741 4558 2926 4604 contra
2947 4545 3272 4600 Manichwos
3291 4559 3310 4596 :
3335 4541 3410 4595 Τὸ

1826 4650 1884 4705 δὲ
1909 4649 2288 4722 λαμπρὸν,κα“ι
2307 4647 2370 4701 τὸ
2405 4646 2540 4716 φῶς,
2557 4645 2651 4697 καὶ
2683 4643 2743 4697 τὸ
2766 4643 2898 4705 ἀνω,
2916 4640 3092 4694 πάντα
3109 4637 3282 4692 ταῦτα
3313 4635 3410 4687 σὺν

1826 4740 1904 4811 τῷ
1918 4740 2037 4810 Θεῷ
2057 4737 2214 4793 εἶναι·
2238 4739 2298 4790 τὸ
2317 4736 2556 4809 ἀμυδρὸν
2575 4735 2632 4788 δὲ
2660 4732 2754 4787 καὶ
2769 4734 2828 4786 τὸ
2852 4733 3060 4794 σκότος,
3074 4727 3241 4782 καὶτὸ
3261 4726 3410 4780 κάτω

1831 4833 1928 4885 σὺν
1953 4835 2018 4903 τῇ
2039 4830 2161 4904 ὑλῃ.
2187 4821 2258 4883 Et
2275 4829 2470 4882 iterum
2494 4845 2507 4880 :
2528 4825 2638 4896 Τῆς
2668 4819 2760 4878 οὖν
2790 4823 2920 4894 ὑλης
2943 4818 3011 4895 ἧς
3037 4818 3409 4890 ἀπεκρίθησαν

1827 4923 1980 4993 ἥλιος
2012 4925 2103 4976 καί
2135 4921 2332 4991 σελήνη
2367 4920 2428 4973 τὸ
2463 4918 2630 4990 μέρος
2663 4915 2820 4979 ἐκτός
2848 4914 2942 4968 τοῦ
2974 4913 3180 4981 κόσμου
3212 4909 3412 4979 ἀπελη-

1830 5013 2047 5078 λάσθαι,
2083 5014 2177 5066 καὶ
2218 5009 2357 5066 εἶναι
2387 5013 2564 5064 ἐκεῖνο
2597 5007 2710 5079 πῦρ
2735 5005 3026 5059 καυστικὺν
3063 5003 3182 5074 μὲν,
3216 5000 3415 5055 σκοτῶ-

1830 5106 1919 5169 δες
1943 5104 1999 5158 δὲ
2030 5104 2124 5158 καὶ
2153 5103 2392 5173 ἀφεγγὲς
2422 5102 2577 5156 νυκτὶ
2601 5098 2946 5172 προσόμοιον.
2971 5093 3107 5149 Vide
3124 5093 3410 5164 Didymum

1833 5207 2017 5254 contra
2046 5196 2103 5250 Μ
2108 5196 2392 5261 αηὶεὴιεοε,
2422 5202 2477 5251 et
2500 5194 2658 5250 alios.

1904 5289 2066 5360 Ibid.,
2110 5290 2207 5344 lin.
2255 5288 2343 5344 52.
2383 5285 2839 5357 ’Ἀναχεομένου
2888 5283 3000 5354 τὰρ
3042 5281 3150 5336 τοῦ
3195 5282 3410 5351 φωτός.

1833 5381 2069 5437 Basilius
2109 5381 2259 5436 hom.
2285 5380 2322 5434 2
2354 5397 2367 5433 :
2403 5379 2537 5433 Τότε
2569 5378 2626 5432 δὲ
2654 5378 2713 5431 οὐ
2744 5375 2887 5430 κατά
2915 5376 3129 5446 κίνησιν
3162 5371 3413 5445 ἡλιακὴν,

1833 5473 1948 5526 ἀλλ’
1974 5471 2335 5543 ἀναχεομένου
2360 5470 2454 5524 τοῦ
2477 5469 2696 5545 πρώτου
2726 5468 2902 5540 φωτὸς
2928 5466 3161 5531 ἐκείνου,
3192 5466 3288 5520 καὶ
3314 5464 3418 5520 πά-

1833 5564 1915 5618 λιν
1971 5564 2393 5636 συστελλομένου
2441 5563 2584 5617 κατά
2632 5562 2694 5616 τὸ
2741 5561 2954 5634 ὁρισθὲν
3016 5561 3212 5632 μέτρον
3266 5557 3419 5629 παρά

1835 5656 1969 5710 Θεοῦ
2009 5655 2192 5728 ἡμέρα
2228 5655 2463 5724 ἐγένετο,
2505 5655 2600 5708 καὶ
2639 5653 2736 5720 νὺξ
2765 5651 3044 5725 ἀντεπῄει.
3095 5652 3274 5719 Quare
3303 5664 3415 5704 non

1838 5747 2110 5805 immerito
2144 5747 2296 5802 illum
2327 5745 2469 5803 diem
2501 5745 2792 5803 Africanus
2819 5745 3028 5802 vocavit
3062 5743 3256 5815 νοητὴν
3280 5740 3416 5811 ήμέ-
