3840 6164
489 242 594 298 827

1822 260 2073 319 LEONIS
2096 261 2369 319 ALLATII

492 379 613 436 ραν.
665 361 932 436 Georgius
990 365 1313 439 Syncellus:
1362 371 1474 441 Τὴν
1512 372 1735 445 πρώτην
1788 376 1998 448 ἡμέραν

2140 428 2146 437 .
2178 381 2287 432 Ὃν
2306 378 2432 446 τοῖς
2457 379 2528 433 ἐν
2565 379 2646 450 τῇ
2670 384 3049 454 παντοστετῆ
3087 383 3534 454 δημιουργήσας
3583 390 3730 443 σ’τέ-

503 456 827 528 Ἀφρικανὸς
845 458 1041 531 νοητὴν
1063 459 1232 529 λέγει,
1258 461 1345 516 διὰ
1373 463 1435 517 τὸ
1459 464 1673 535 πρῶτον
1699 466 2066 541 διοργανισθῆο

489 565 576 603 ναι
603 547 740 613 τέως
765 549 828 604 τὸ
862 551 1264 622 πρωτόκτιστον
1294 554 1409 624 φῶς
1445 558 1540 611 καὶ
1565 558 1885 629 κεχυμένον.

557 638 722 707 lbid.,
762 640 860 696 lin.
898 641 987 698 54.
1038 645 1206 700 Ὅθεν
1259 647 1357 701 καὶ
1402 649 1472 702 ἐν
1515 648 1589 717 τῇ
1634 651 2059 720 συμμετρήσει.

484 730 723 789 Basilius
751 733 899 790 hom.
933 735 989 803 2,
1029 737 1226 791 Οὐκέτι
1273 741 1715 812 προσηγόρευσεν
1747 743 1929 815 ἡμέρα
1970 745 2063 798 καὶ

486 823 603 893 νὺξ,
645 826 786 881 ἀλλᾶ
829 826 909 898 τῷ
940 829 1321 900 έπικρατοῦντι
1350 832 1447 904 τὴν
1481 836 1660 888 πᾶσαν
1689 838 2061 908 προσηγορίαν

482 918 769 990 ἀπένειμε.
830 920 1047 993 Ταύτην
1078 922 1146 977 ἂν
1182 924 1276 978 καὶ
1310 927 1368 979 ὲν
1400 926 1547 998 πάσῃ
1577 927 1767 1000 Γραφῇ
1805 928 1904 1000 τὴν
1934 946 2059 983 συν-

482 1010 671 1082 ήθειαν
690 1011 873 1085 εὕροις
900 1015 960 1068 ἐν
985 1018 1051 1086 τῇ
1068 1015 1161 1069 τοῦ
1183 1018 1375 1089 χρόνω
1394 1021 1651 1091 μετρήσει
1665 1022 1877 1093 ἡμέρας
1905 1021 2059 1094 ἀριθ-

482 1101 777 1172 μουμένας,
827 1104 948 1174 οὐχὶ
994 1105 1052 1160 δὲ
1100 1110 1194 1162 καὶ
1244 1108 1446 1174 νύκτας
1477 1111 1616 1182 μετά
1658 1112 1767 1167 τῶν
1813 1113 2053 1186 ἡμερῶν,

479 1192 649 1264 quue
681 1196 852 1252 variis
880 1198 1078 1254 divinae
1100 1198 1401 1272 Scriptum
1427 1206 1759 1263 testimoniis
1791 1208 2054 1263 ostendit.

475 1282 749 1343 Nomades
791 1289 958 1344 etiam
989 1291 1094 1362 ipsi
1127 1291 1390 1365 Libycum
1443 1312 1617 1366 genus
1650 1297 1706 1352 in
1748 1306 2054 1368 temporum

474 1373 919 1437 dinumeratione
947 1398 1059 1438 non
1086 1383 1301 1450 diebus,
1333 1396 1395 1441 ut
1426 1387 1727 1459 Scriptura,
1758 1391 1850 1445 sed
1879 1392 2056 1446 nocti-

473 1461 579 1521 bus
609 1474 858 1526 utuntur.
888 1469 1147 1530 Nicolaus
1184 1474 1552 1533 Damascenus
1574 1480 1714 1548 apud
1742 1479 2009 1542 Stabunt
2033 1498 2052 1535 :

474 1552 538 1607 οι
565 1555 794 1626 νομάδες
823 1557 932 1612 τῶν
967 1560 1181 1616 Λιὸύων
1209 1564 1271 1617 οὐ
1304 1569 1425 1631 ταῖς
1470 1568 1724 1639 ἡμέραις,
1772 1570 1907 1624 ἀλλὰ
1932 1575 2052 1635 ταῖς

472 1644 622 1709 νυξὶν
652 1649 815 1702 αὐτὸν
847 1652 1142 1723 ἀριθμοῦσι
1193 1656 1284 1710 τὸν
1324 1658 1534 1729 χρόνον.
1581 1659 1637 1714 ld
1675 1661 1819 1717 idem
1858 1662 2049 1718 obser—

2178 521 2466 595 Ὠνόμαονε
2497 522 2797 595 στερέωμα
2822 524 2965 591 Θεὸς
2990 528 3024 579 ό
3056 523 3455 595 καλλιτέχνης
3488 459 3655 530 ὶγην.

2162 593 2329 660 Παρὰ
2344 593 2458 661 τὴν
2482 595 2722 664 πρώτην
2735 594 3037 663 ἆναστρον
3056 595 3265 665 ἑτέραν
3280 593 3423 652 ὄντα
3436 597 3726 670 σφαῖραν.

2234 726 2392 792 lbid.,
2426 730 2523 786 lin.
2549 730 2604 786 8.
2624 729 2734 785 Καὶ
2760 730 2929 799 χρεία
2956 729 3277 793 ἰδιάζουσα.
3312 732 3389 790 De
3408 750 3513 790 usu
3542 735 3731 791 ﬁrma-

2160 819 2329 873 menti
2350 820 2507 889 plura
2535 823 2590 876 in
2617 822 3037 891 astrologorum,
3058 823 3624 898 philosophorumque
3656 829 3728 881 li-

2160 909 2294 965 bris.
2326 912 2634 970 Ludovicus
2651 913 2872 978 Fidelis,
2901 916 2996 970 lib.
3030 933 3115 981 In,
3150 933 3271 987 cap.
3295 917 3353 981 2,
3382 919 3479 983 ait,
3527 928 3588 979 ut
3624 921 3729 976 ho-

2158 997 2293 1052 mini
2321 997 2465 1056 Deus
2498 1002 2764 1072 plantavit
2812 1005 3123 1074 paradisum
3154 1015 3485 1072 terrestrem,
3526 1010 3585 1063 in
3614 1027 3727 1081 quo

2160 1088 2393 1146 feliciter
2419 1103 2538 1148 erat
2566 1111 2689 1149 cum
2718 1103 2831 1149 tota
2865 1097 3188 1167 posteritate
3209 1099 3455 1156 victurus
3494 1101 3671 1163 Adam
3710 1121 3726 1155 :

2158 1182 2240 1236 sic
2265 1183 2474 1254 angelis
2501 1184 2661 1240 hodie
2686 1186 2867 1242 locum
2894 1203 3007 1243 suae
3039 1187 3283 1243 felicitati
3300 1192 3727 1251 convenientem

2157 1272 2287 1328 fecit
2312 1274 2458 1333 Deus
2486 1276 2887 1335 ﬁrmamentum
2911 1300 2924 1336 :
2945 1281 3049 1335 hoc
3071 1282 3192 1352 ipso
3212 1283 3405 1353 agendi
3424 1283 3591 1338 modo
3617 1285 3729 1340 loci

2155 1366 2450 1437 designans
2487 1360 2870 1426 excellentiam
2900 1389 2915 1437 ;
2950 1388 3062 1427 non
3099 1374 3245 1429 enim
3286 1382 3510 1445 propter
3536 1376 3727 1442 bruta,

2154 1458 2239 1511 vel
2277 1458 2579 1515 animantia
2607 1465 2814 1533 qumvis
2848 1465 3029 1519 locum
3062 1466 3370 1535 quempiam
3408 1466 3615 1523 fecisse
3646 1469 3729 1523 le-

2153 1548 2318 1619 gitur,
2347 1550 2442 1607 sed
2480 1552 2617 1609 solis
2650 1554 2964 1611 hominibus
2995 1564 3051 1611 et
3095 1558 3337 1628 angelis;
3387 1565 3446 1612 et
3486 1559 3731 1629 perinde

2153 1650 2318 1711 atque
2346 1642 2508 1699 homo
2532 1645 2603 1700 ob
2626 1654 2909 1716 peccatum
2931 1657 3195 1721 perpetuo
3223 1651 3378 1707 exsul
3404 1650 3588 1707 factus
3617 1660 3726 1711 est.

471 1751 632 1794 vasse
662 1738 982 1811 Britannos,
1016 1754 1072 1799 et
1096 1745 1301 1809 Gallos,
1339 1750 1595 1822 illiusque
1630 1768 1856 1810 causam
1887 1754 2052 1810 refert
2082 1746 2127 1806 Β
2154 1739 2209 1787 ει
2238 1749 2266 1789 ³
2289 1735 2543 1805 Paullus"
2579 1739 2875 1808 νοίυβίπίε
2898 1742 3177 1806 “elusus:
3220 1741 3367 1798 haud
3413 1758 3581 1799 secus
3628 1759 3731 1799 ³¹¹⁹

472 1827 777 1889 Gulielmus
813 1834 1125 1894 Camdenus
1164 1842 1219 1894 in
1252 1841 1558 1898 Britannia.

486 1958 491 1961 -
537 1918 657 1976 Col.
678 1922 802 1988 712,
846 1925 942 1980 lin.
974 1928 1025 1982 1.
1059 1929 1112 1982 Ὀ
1142 1931 1288 1998 Θεὸς
1312 1932 1380 1987 τὸ
1405 1935 1730 2005 στερέωμα.
1759 1936 2050 1994 Zoroaster

470 2017 525 2066 et
536 2010 854 2072 Damascius
869 2020 1145 2076 variorum
1161 2022 1625 2083 ﬁrmamentorum
1641 2030 1800 2086 orbes
1820 2040 2043 2101 ponunt,

468 2114 525 2164 et
551 2122 742 2164 eorum
774 2114 1012 2182 primum
1047 2131 1389 2189 empyreum,
1423 2128 1536 2178 tres
1566 2134 1860 2194 sequentes
1879 2125 2043 2180 atthe-

467 2213 616 2265 reos,
652 2208 708 2256 et
739 2209 853 2259 tres
893 2205 1119 2263 ultimos
1151 2211 1462 2268 materiales
1494 2224 1834 2286 nuncupant.
1859 2216 2044 2274 Ludo-

463 2291 620 2349 vicus
663 2293 865 2353 Fidelis
894 2297 974 2353 De
1003 2301 1188 2355 ntundi
1235 2312 1527 2372 structura,
1557 2309 1656 2365 lib.
1688 2326 1772 2375 ιιι,
1810 2327 1861 2367 c.
1902 2315 1954 2379 1,
1986 2314 2044 2369 in

462 2387 826 2456 explicatione
874 2391 1070 2448 horum
1114 2397 1402 2454 verborum
1435 2401 1631 2471 duplex
1678 2418 1803 2460 esse
1839 2405 1915 2460 ait
1946 2405 2043 2459 ﬁr-

464 2489 834 2546 mamentum,
889 2500 1060 2541 unum
1106 2490 1255 2559 quod
1301 2493 1537 2562 primum
1573 2498 1776 2553 mobile
1821 2508 2038 2567 vocant,

460 2569 610 2640 quod
658 2588 760 2628 suo
811 2582 963 2631 motu
1009 2581 1296 2639 universos
1341 2599 1650 2643 commovet
1691 2589 1874 2666 orbes,
1925 2600 1981 2646 et
2009 2606 2042 2648 a

461 2662 616 2718 nullo
654 2677 925 2736 movetur,
966 2672 1216 2728 omnium
1257 2676 1475 2732 orbium
1512 2662 1817 2737 caelestium
1851 2698 2042 2755 supre-

459 2772 633 2827 mum,
666 2762 813 2831 quod
844 2779 947 2820 suo
989 2768 1199 2825 ambitu
1227 2771 1472 2842 reliquos
1501 2776 1605 2831 sub
1633 2792 1693 2833 se
1721 2780 2041 2850 complecti-

458 2857 552 2905 tur
586 2853 785 2923 orbes,"
819 2861 967 2928 quod
1009 2877 1326 2936 empyreum
1367 2871 1662 2939 appellant,
1702 2889 1799 2930 seu
1844 2876 2037 2932 beato-

458 2956 582 2997 rum
629 2945 815 3003 sedem
847 2970 861 3005 :
893 2956 1151 3022 quoniam
1201 2959 1295 3029 qui
1335 2960 1391 3016 in
1443 2978 1510 3019 eo
1556 2966 1797 3023 resident
1835 2970 2036 3028 divinis

457 3034 724 3092 continuo
754 3053 1062 3141 exuruntur
1113 3049 1444 3119 ardoribus;
1476 3064 1530 3111 et
1572 3057 1625 3114 id
1672 3062 1892 3131 quidem
1940 3080 2105 3150 perc

457 3130 898 3186 antonomasiam
945 3145 1202 3194 vocatum
1253 3143 1453 3199 ctelum
1492 3148 1639 3213 caeli,
1685 3130 1784 3206 seu
1835 3130 2034 3210 caelum

455 3217 746 3317 .c'telorum,
774 3221 890 3278 sive
915 3227 1038 3281 caeli
1073 3231 1361 3300 cmlorum,
1404 3238 1604 3292 coelum
1631 3255 1868 3313 namque
1890 3247 2036 3317 apud

453 3302 715 3364 Hebraeos
763 3325 996 3370 numero
1044 3326 1197 3375 caret
1238 3321 1524 3395 singulari,
1564 3329 1711 3386 unde
1751 3302 1893 3403 apud
1926 3302 2034 3392 leos

452 3396 581 3453 cali
629 3412 1020 3473 nonnunquam
1055 3424 1155 3478 pro
1178 3412 1338 3480 caelo,
1372 3417 1700 3489 quandoque
1741 3396 1842 3491 pro
1878 3426 2033 3483 cmlis

453 3497 771 3547 sumuntur.
813 3494 1025 3552 Dicitur
1050 3512 1230 3559 autem
1252 3506 1655 3566 firmamentum
1688 3514 1758 3569 ob
1788 3516 2033 3588 singula-

450 3596 570 3639 rem
613 3585 700 3641 sui
748 3587 921 3658 ipsius
954 3589 1288 3663 ﬁrmitatem,
1323 3601 1469 3670 quod
1519 3618 1618 3659 sua
1660 3614 1859 3663 natura
1883 3585 2033 3666 wron—

451 3681 608 3734 stans
655 3679 749 3746 sit,
797 3690 963 3754 atque
1003 3700 1221 3757 semper
1256 3690 1495 3760 ﬁrmum,
1545 3696 1613 3752 de
1640 3714 1749 3769 quo
1778 3717 1925 3757 nunc
1971 3704 2030 3759 ﬁt

448 3769 677 3825 mentio.
728 3771 976 3830 Alterum
1005 3785 1091 3831 est
1120 3777 1522 3839 ﬁrmamentum
1558 3790 1705 3858 quod
1747 3802 1927 3848 movet
1954 3797 2030 3850 si-

449 3857 566 3913 mul
592 3866 650 3916 et
693 3872 967 3931 movetur,
1020 3866 1076 3921 in
1122 3884 1231 3939 quo
1281 3857 1581 3931 luminaria
1612 3887 1812 3948 quarto
1856 3883 1946 3938 die
1995 3899 2028 3939 a

445 3949 638 4022 Moyse
656 3952 970 4012 referuntur
999 3960 1284 4029 producta.
1315 3963 1420 4021 Sed
1450 3968 1563 4023 haec
1578 3972 1764 4040 opinio
1794 3973 1862 4030 de
1886 3991 2028 4033 verte

446 4041 807 4115 philosophiae
852 4050 1151 4123 principiis
1179 4055 1488 4117 abhorrens
1546 4064 1625 4117 uti
1663 4063 1800 4123 falsa
1842 4068 2028 4139 rejici-

445 4139 561 4200 tur,
595 4136 693 4192 sed
718 4141 1112 4209 experimentis
1142 4143 1279 4215 ipsis
1306 4151 1585 4207 contraria
1607 4162 1712 4212 est.

512 4223 679 4297 lbid.,
692 4226 792 4285 lin.
835 4231 889 4287 5.
922 4233 1033 4288 Kal
1057 4235 1285 4306 εἴρηται
1311 4240 1458 4307 τοῖς.
1507 4242 1741 4303 Basilius
1768 4247 1916 4306 hom.
1951 4251 2021 4309 3:

440 4319 675 4393 Εἴρηται
696 4323 811 4416 ,μὲν
841 4320 935 4380 οὗν
965 4320 1079 4383 τίσι
1110 4329 1220 4385 τῶν
1236 4333 1343 4405 πρὸ
1373 4334 1532 4407 ήμῶν
1555 4338 1629 4411 μὴ
1657 4340 1911 4416 δευτέρου
1932 4347 2024 4399 οὐ-

2154 1825 2261 1895 geli
2294 1828 2421 1882 mali
2451 1842 2482 1882 a
2514 1831 2858 1885 ﬁrmamento
2914 1833 3147 1904 sejuncti
3196 1843 3347 1892 sunt.
3382 1834 3526 1891 illuc
3576 1852 3727 1891 nun-

2151 1930 2313 1986 quam
2352 1919 2648 1974 reversuri.

2215 2007 2375 2074 Ibid.,
2396 2011 2493 2064 lin.
2516 2012 2600 2066 10.
2620 2013 3018 2083 Στερεωτέρας
3040 2016 3341 2086 ὑπάρχων.
3361 2016 3724 2073 Firmameuti

2147 2116 2349 2172 corpus
2399 2104 2657 2169 solidum,
2689 2118 2741 2162 et
2770 2106 2985 2162 ﬁrmum
3020 2108 3191 2166 fuisse
3224 2121 3469 2165 creatum
3522 2123 3724 2166 omnes

2145 2193 2492 2263 existimant;
2551 2196 2727 2266 placet
2771 2199 3098 2270 Augustino,
3141 2202 3236 2256 lib.
3276 2218 3337 2266 ll,
3374 2200 3451 2257 De
3481 2201 3618 2257 Cen.
3650 2218 3720 2256 na

2147 2282 2400 2352 litteram,
2432 2302 2484 2341 c.
2516 2287 2603 2350 l0,
2636 2289 2710 2343 ita
2750 2291 2933 2346 vocari
2965 2302 3189 2364 propter
3231 2293 3573 2359 ﬁrmitatem,
3622 2306 3719 2350 aut

2143 2384 2368 2447 propter
2396 2378 2952 2450 intransgressihilem
3028 2384 3322 2438 terminum
3364 2385 3716 2455 superiorum

2142 2474 2198 2524 et
2228 2468 2549 2528 inferiorum
2575 2486 2863 2544 aquarum.
2902 2474 3055 2529 Philo
3101 2474 3182 2529 De
3233 2475 3419 2529 mundi
3471 2474 3711 2545 opiﬁcio,

2142 2557 2217 2613 ita
2248 2560 2324 2614 ait
2365 2563 2696 2632 appellatum
2730 2572 2788 2620 ut
2817 2580 2936 2621 rem
2963 2581 3307 2637 corpoream,
3342 2582 3468 2622 cum
3503 2581 3710 2636 corpus

2141 2654 2466 2711 naturaliter
2486 2655 2700 2712 ﬁrmum
2730 2659 3075 2731 solidumque
3096 2661 3169 2717 sit
3197 2660 3374 2716 trinas
3405 2659 3712 2716 dimensio-

2139 2759 2239 2801 nes
2273 2746 2500 2804 habens.
2559 2749 2761 2804 Ἐποίει
2788 2750 2877 2805 τὸν
2906 2751 3134 2824 οὐρανὸν
3182 2754 3212 2805 ὁ
3243 2752 3613 2823 Δημιουργδς,
3655 2749 3715 2805 ὃν

2140 2838 2356 2910 ἐτύμως
2403 2842 2691 2915 στερέωμα
2737 2845 3198 2916 προσηγόρευκεν,
3249 2844 3347 2897 ἆτε
3400 2843 3713 2914 σωματικὸν

2138 2929 2291 2985 ὄντα.
2330 2932 2403 2986 Τὸ
2432 2934 2540 3004 γὰρ
2565 2933 2725 3006 σῶμα
2753 2935 2913 3004 φύσει
2944 2935 3183 3007 στερεὸν,
3212 2936 3406 3006 ὅτιπερ
3425 2937 3521 2991 καὶ
3549 2936 3711 3007 τριχῆ

2137 3021 2421 3078 διαστατόν
2450 3043 2464 3056 ·
2500 3028 2723 3099 στερεοῦ
2747 3029 2804 3082 δὲ
2829 3028 2924 3083 καὶ
2957 3027 3206 3099 σώματος
3233 3028 3412 3082 ἔννοιά
3430 3045 3517 3092 τις
3545 3029 3711 3100 ἑτέρα

2138 3116 2277 3189 πλὴν
2303 3118 2365 3170 τὸ
2398 3120 2571 3190 πάντη
2600 3120 2903 3191 διεστηκός.
2931 3119 3174 3177 Joannes
3230 3121 3474 3177 Zonares
3526 3121 3713 3176 Anna-

2138 3209 2267 3263 lium
2296 3218 2430 3265 tom.
2464 3212 2482 3265 l
2508 3231 2521 3266 ι
2547 3212 2844 3283 Στερέωμα
2886 3213 2945 3266 δὲ
2993 3212 3218 3285 ἐκλήθη,
3245 3214 3328 3267 ὅτι
3363 3212 3624 3280 στεγανὸν
3652 3212 3716 3267 τὸ

2137 3299 2298 3372 σῶμα
2314 3302 2524 3369 τούτου,
2546 3304 2642 3358 καὶ
2685 3305 2746 3358 οὐ
2774 3305 2976 3376 λεπτὴν
3023 3305 3142 3358 οὐδὲ
3186 3305 3389 3377 ἀραιὰν
3417 3304 3515 3377 τὴν
3545 3304 3711 3374 φύσιν

2133 3393 2268 3465 ἔχει,
2302 3395 2444 3449 κατὰ
2464 3395 2533 3449 τὰ
2562 3395 2752 3459 ὕδατα,
2781 3397 2840 3462 ἐξ
2867 3390 2942 3450 ὧν
2977 3396 3075 3468 τὴν
3099 3397 3360 3451 σύστασιν
3387 3396 3652 3468 ἔσχηκεν,
3683 3394 3711 3449 δ

2133 3488 2473 3561 καὶούρανὸς
2518 3474 2835 3561 ὠνοράσθη.
2884 3487 3216 3546 Ambrosius
3267 3489 3611 3545 Catharinus
3656 3491 3710 3542 in

2135 3578 2376 3635 Genesim
2409 3589 2565 3649 putat
2596 3599 2722 3639 esse
2749 3591 3001 3638 octavam
3045 3582 3338 3652 sphaeram,
3363 3583 3511 3654 quod
3557 3583 3618 3637 in
3647 3595 3709 3638 ea

2132 3672 2304 3727 stellae
2344 3688 2537 3728 omnes
2570 3673 2879 3730 inerrantes
2933 3674 3055 3729 ﬁxas
3095 3673 3374 3744 firmaeque
3413 3674 3550 3739 sint,
3603 3687 3707 3728 nec

2130 3764 2301 3820 variis
2348 3766 2586 3820 motibus
2617 3767 2975 3839 divagentur;
3012 3770 3174 3825 aliam
3221 3768 3388 3837 hujus
3419 3766 3576 3821 vocis
3604 3780 3704 3819 ex-

2130 3858 2457 3927 positionem
2488 3860 2652 3916 habet
2677 3863 2819 3933 apud
2838 3863 3190 3920 Benedictum
3213 3861 3526 3926 Pererium,
3542 3857 3704 3916 Com-

2128 3956 2355 4004 mentar.
2386 3952 2442 4003 in
2488 3949 2673 4007 Cenes.
2729 3954 2825 4008 lib.
2858 3970 2899 4008 ι.
2951 3954 3011 4009 In
3048 3955 3197 4010 illius
3237 3962 3422 4008 tamen
3471 3953 3706 4007 materia

2126 4040 2445 4110 exponenda
2482 4043 2711 4101 minime
2738 4048 3093 4103 conveniunt.
3127 4045 3510 4102 Theodoretus
3555 4060 3701 4116 quac

2126 4132 2293 4189 stion.
2330 4133 2393 4189 11
2419 4135 2475 4189 in
2508 4133 3055 4209 Genes.iPropterea,
3110 4138 3311 4208 inquit,
3362 4137 3702 4209 appellatum

2124 4222 2547 4294 ﬁrmamentum,
2573 4229 2718 4298 quod
2748 4242 2814 4284 ex
2854 4244 3019 4300 aqua,
3065 4244 3188 4300 quae
3217 4230 3373 4299 prius
3391 4235 3512 4284 erat
3533 4226 3700 4292 fluxa,

2123 4322 2176 4369 et
2209 4314 2509 4386 liquabilis,
2540 4320 3023 4389 vehementissime
3067 4320 3321 4390 spissata,
3368 4318 3699 4375 fortissime-

441 4412 606 4516 ρανοῦ
638 4415 852 4484 γένεσιν
874 4416 1014 4475 εἶναι
1034 4422 1258 4498 ταύτην,
1281 4427 1397 4483 ἀλλ’
1415 4407 1744 4505 ἑπεξῆγησιν
1772 4407 1864 4491 τοῦ
1890 4456 2018 4512 προ-

2140 4421 2230 4476 lue
2245 4407 2499 4463 indurata
2514 4418 2831 4466 concretum
2853 4411 3033 4467 fuerit.
3049 4411 3195 4467 Idem
3231 4410 3399 4465 tradit
3424 4409 3700 4481 Iosephus

437 4504 621 4599 τέρου,
641 4507 731 4565 διὰ
752 4511 815 4565 τὸ
838 4515 957 4567 ἐκεῖ
982 4515 1083 4586 μὲν
1105 4519 1166 4570 έν
1200 4520 1481 4595 κεφαλαίῳ
1508 4499 1907 4599 παραδεδόσθαι
1923 4499 2016 4587 οὐ·

2146 4499 2220 4555 ib.
2249 4500 2553 4574 tAntiquil.
2583 4502 2826 4570 Ιιιιιαίση
2871 4520 2995 4575 cap.
3034 4507 3058 4559 1
3086 4523 3101 4572 ;
3150 4503 3498 4568 Gennadius,
3530 4503 3698 4561 Seve-

441 4598 605 4669 ρανοῦ
635 4603 732 4656 καὶ
762 4606 867 4677 γῆς
898 4608 1136 4679 ποίησιν,
1170 4612 1403 4669 ἐνταῦθα
1436 4617 1495 4671 δὲ
1538 4598 2014 4693 ἐπεξεργαστικὼ-

433 4704 595 4788 τερον
650 4693 742 4748 τὸν
777 4697 1000 4767 τρόπον,
1034 4700 1225 4757 καθ’δν
1252 4704 1480 4761 ἕκαστον
1507 4710 1718 4780 γέγονε,
1747 4714 1845 4787 τὴν
1873 4716 2016 4788 Γρα-

434 4780 543 4853 φὴν
571 4785 703 4855 ἡμῖν
736 4788 1123 4861 παραδιδόναι;
1178 4811 1244 4850 ex
1285 4798 1490 4855 quibus
1530 4806 1730 4872 poterit
1785 4780 2018 4867 mutilus

433 4873 524 4930 hic
548 4875 706 4935 locus
728 4882 950 4953 corrigi.

503 4962 667 5035 lbid.,
695 4969 795 5027 lin.
832 4972 883 5025 7.
927 4974 1126 5044 Ἡμεῖς
1145 4976 1214 5032 δέ
1239 4996 1454 5050 φαμεν.
1496 4985 1731 5043 Basilius
1753 4989 1901 5046 hom.
1935 4992 2006 5048 ὄπ

441 5058 726 5154 Ἦρῗεῐςᾲδέ
777 5082 957 5137 φαμεν
1008 5070 1110 5134 ὅτι,
1173 5073 1362 5146 ἐπειδὴ
1412 5078 1583 5150 ὄνομα
1635 5081 1843 5154 ἕτερον,
1893 5087 1989 5141 καὶ

428 5150 588 5243 χρεία
617 5152 896 5220 ῑδιάζουσα
918 5158 1014 5211 τοῦ
1051 5160 1306 5235 δευτέρου
1344 5166 1577 5239 οὐρανοῦ
1624 5150 2003 5243 παραδέδοται,

426 5242 615 5316 ἕτερός
642 5248 763 5300 ἐστι
791 5249 945 5322 παρὰ
976 5251 1070 5307 τὸν
1105 5255 1164 5308 ὲν
1200 5256 1343 5330 ἀρχῇ
1407 5242 1777 5335 πεποιημένον
1829 5262 2002 5335 οὗτος,

428 5337 800 5411 στερεωτέρας
819 5339 1055 5412 φύσεως,
1088 5346 1180 5401 καὶ
1211 5348 1400 5420 χρείαν
1432 5353 1708 5426 ἐξαίρετον
1730 5357 1811 5429 τῷ
1842 5364 2005 5415 παντὶ

429 5428 822 5500 παρεχόμενος.
873 5432 1019 5490 Idem
1069 5437 1238 5493 sentit
1283 5439 1683 5503 Constantinus
1725 5428 2003 5509 Manasses

428 5516 486 5571 in
514 5518 814 5579 Annalibus
840 5540 860 5580 :

562 5631 631 5723 δέ
642 5635 948 5723 βλεςράραπν
970 5643 1323 5723 λέίμψαντος
1343 5649 1567 5723 ἡμέρας
1590 5651 1697 5720 τῆς
1719 5652 2000 5723 δευτέρας

429 5701 541 5758 Τὸν
569 5701 962 5772 οιίρανὸβῖτὸν
991 5701 1269 5783 δεύτερον
1297 5701 1995 5795 ἓέραῗρῶσείῖτινσόρᾎςῖ

2119 4594 2310 4651 rianus
2331 4603 2525 4651 catena
2548 4597 2602 4652 in
2620 4598 2766 4653 hunc
2784 4600 2989 4664 locum,
3010 4598 3211 4669 quibus
3233 4599 3513 4654 consentit
3528 4598 3694 4663 Beda;

2117 4693 2172 4741 et
2194 4687 2483 4744 conﬁrmat
2510 4691 2690 4748 verbis
2714 4691 2861 4747 Petri
2886 4695 3330 4749 commemoratis
3357 4708 3389 4747 a
3414 4692 3696 4750 Clemente

2116 4774 2211 4833 lib.
2234 4796 2272 4834 Il
2296 4779 2567 4853 Rccogm't.
2605 4782 2762 4856 Hugo
2802 4783 2999 4841 Adnot.
3030 4787 3086 4840 in
3120 4784 3333 4851 Cenem,
3359 4787 3535 4857 capit.
3568 4786 3694 4852 6,et

2115 4873 2468 4933 alii.Basilius
2484 4877 2623 4932 hanc
2639 4878 2965 4934 sententiam
2981 4879 3269 4943 deridet,et
3281 4881 3495 4950 puerile
3510 4888 3688 4941 vocat,

2113 4968 2312 5023 calum
2341 4969 2597 5024 arbitrari
2630 4969 2802 5026 fuisse
2830 4987 2898 5026 ex
2928 4986 3069 5042 aqua
3102 4980 3398 5040 concreta;
3424 4981 3482 5028 et
3505 4982 3694 5030 censet

2112 5061 2512 5117 ﬁrmamentum
2548 5078 2614 5118 ex
2653 5066 2803 5121 tenui
2832 5063 3070 5136 quadam
3109 5064 3340 5121 materia
3377 5065 3570 5135 qualis
3609 5073 3691 5121 est

2111 5166 2291 5219 aerea,
2325 5153 2680 5209 vehementer
2717 5162 2903 5212 tamen
2966 5156 3195 5212 densata
3248 5164 3305 5210 et
3353 5156 3687 5227 constipata,

2109 5242 2283 5300 fuisse
2299 5244 2618 5315 conﬂatum,
2649 5263 2814 5318 quem
2843 5249 3096 5319 sequitur
3120 5248 3474 5305 Ambrosius.

2175 5360 2336 5425 lbid.,
2373 5361 2473 5417 lin.
2518 5362 2607 5419 11.
2635 5363 2746 5418 Καὶ
2781 5362 3149 5433 διεχώρησεν
3170 5367 3202 5420 ὀ
3222 5365 3392 5431 Θεός.
3423 5362 3683 5430 Quanam

2108 5449 2218 5506 sint
2251 5450 2331 5505 ha:
2358 5467 2514 5523 aqute
2539 5469 2661 5523 quae
2694 5463 2823 5509 sunt
2849 5469 3016 5524 supra
3037 5454 3441 5509 ﬁrmamentum
3475 5453 3574 5508 diu
3604 5456 3683 5507 est

2105 5540 2391 5613 quaesitum
2437 5554 2492 5601 et
2539 5546 2900 5618 disputatum.
2934 5547 3193 5604 Alhertus
3231 5546 3465 5618 Magnus
3492 5546 3550 5612 2,
3599 5546 3681 5601 di-

2105 5637 2294 5692 stinct.
2317 5638 2404 5703 14,
2431 5639 2650 5695 articul.
2682 5640 2748 5707 l;
2782 5639 3112 5711 Egidiusin
3141 5639 3397 5695 Heraean.
3433 5656 3565 5711 cap.
3592 5637 3681 5698 υἱ

2103 5729 2437 5787 Catharinus
2467 5740 2519 5791 ct
2563 5733 2653 5788 alii
2689 5732 3030 5809 Scripturam
3065 5734 3137 5790 ita
3168 5732 3469 5808 explicant,
3501 5739 3563 5788 ut
3592 5745 3681 5787 no-
