3840 6164
131 301 242 359 829

1128 297 1196 352 IN
1238 297 1614 354 EUSTATHII
1651 300 2128 360 HEXAEMERON
2166 303 2398 361 NOTAE.

3201 292 3383 361 .830

131 419 282 477 mine
320 414 645 469 firmamenti
683 415 1019 485 intelligatur
1061 416 1260 470 caelum
1289 417 1563 472 stellatum
1609 434 1705 474 su-
1737 423 1784 479 Α
1811 421 1940 486 lius,
1976 423 2124 477 hom.
2153 423 2187 477 5
2229 424 2285 476 in
2319 421 2611 485 "eadem;
2645 420 2979 492 Epiphanius
3012 422 3066 476 in
3112 423 3281 492 Epist.
3315 421 3385 477 ad

133 523 236 580 pra
262 505 410 578 quod
434 506 791 576 perhibentur
809 521 932 562 esse
955 522 1130 577 aquae,
1155 509 1209 562 id
1231 517 1316 564 est
1338 524 1516 564 nouus
1546 521 1599 564 et
1615 511 1708 565 de-

134 602 314 656 cimus
358 600 510 655 orbis
552 615 707 669 aqua:
761 599 1176 654 similitudinem
1230 601 1555 669 referentes,
1614 603 1707 673 qui

137 693 384 762 undique
415 691 738 746 translucidi
771 700 922 755 sunt,
961 707 1061 746 nec
1099 692 1266 747 ullam
1303 693 1358 747 in
1399 709 1458 748 se
1497 695 1707 750 stellam

134 785 370 852 habent;
415 785 502 840 vel
555 785 631 839 ita
691 793 749 840 ut
802 799 900 855 per
949 785 1354 840 firmamentum
1389 787 1711 858 designetur

138 890 255 941 aer,
291 890 464 946 aquas
490 890 618 930 vero
648 890 742 930 eas
779 875 986 939 vocari,
1023 891 1144 945 quae
1177 876 1413 946 pluendo
1450 877 1710 932 decidunt

139 967 196 1022 in
217 977 445 1031 terram,
484 968 716 1038 illasque
745 969 814 1022 ab
836 968 938 1031 his,
974 984 1095 1038 qure
1125 983 1294 1039 supra
1327 977 1532 1024 terram
1558 977 1708 1035 sunt,

141 1057 386 1126 separari
414 1057 575 1119 caelo,
614 1059 714 1110 hoc
769 1064 854 1112 est
886 1073 1031 1112 aere.
1066 1057 1130 1112 Et
1170 1059 1272 1114 hoc
1313 1059 1566 1114 videntur
1597 1075 1713 1113 am-

141 1151 306 1219 plecti
339 1150 684 1220 Augustinus
719 1149 812 1204 lib.
846 1164 886 1202 ιι
921 1147 993 1202 De
1023 1149 1210 1204 Genesi
1242 1151 1311 1203 ad
1338 1153 1468 1218 Iitt.,
1495 1167 1616 1222 cap.
1643 1152 1711 1222 ἇς

142 1238 508 1311 Hieronymus
537 1241 689 1309 epist.
711 1240 798 1304 85,
825 1239 893 1292 ad
918 1239 1208 1306 Oceanum,
1236 1242 1506 1297 refellitur
1531 1251 1713 1300 tamen

142 1346 173 1385 a
205 1331 507 1387 Francisco
541 1331 757 1388 Valesio
784 1333 861 1387 De
890 1351 1046 1388 sacra
1079 1335 1431 1404 philosophia.
1458 1337 1622 1406 capit.
1661 1339 1713 1392 1.

141 1423 428 1494 Origenes,
465 1431 525 1478 ut
566 1424 733 1480 refert
768 1425 1106 1496 Epiphanius
1132 1426 1304 1497 Epist.
1339 1428 1408 1482 ad
1453 1428 1716 1484 Joannem

141 1515 711 1587 Hierosolymitanum,
740 1525 794 1572 et
815 1516 1179 1590 Hieronymus
1201 1521 1352 1588 epist.
1375 1520 1443 1574 ad
1469 1518 1719 1574 Pamma-

141 1607 338 1674 chium,
389 1607 526 1662 dixit
552 1623 742 1678 aquas,
768 1624 890 1679 qua:
931 1625 1097 1680 super
1132 1609 1526 1666 ﬁrmamentum
1563 1621 1714 1677 sunt,

141 1714 254 1753 non
311 1714 436 1755 esse
486 1714 679 1770 aquas,
712 1701 806 1756 sed
837 1717 960 1758 esse
1006 1704 1229 1773 angelos
1257 1713 1512 1769 sanctos;
1545 1719 1718 1774 aquas

142 1807 273 1848 vero
304 1807 426 1863 quae
449 1793 552 1849 sth
583 1793 922 1849 ﬁrmamento
948 1803 1076 1850 sunt
1106 1811 1228 1851 esse
1249 1795 1521 1852 daemones
1547 1798 1719 1853 malos
1754 1771 1793 1825 Β

142 1898 174 1940 c
205 1885 348 1938 cmlo
401 1885 603 1955 lapsos.
657 1887 718 1940 In
757 1886 898 1941 hanc
927 1888 1256 1942 sententiam
1294 1903 1458 1957 quam
1485 1889 1719 1958 Epipha-

144 1976 270 2030 nius
295 1983 348 2030 et
372 1974 735 2049 Hieronymus
793 1979 1146 2042 damnarunt,
1183 1978 1420 2035 Basilius
1475 1980 1622 2036 hom.
1663 1981 1718 2044 5,

145 2067 200 2120 in
245 2065 525 2133 Hexaem.,
569 2084 865 2138 suppresso
893 2068 1144 2141 Origenis
1175 2069 1418 2132 nomine,
1446 2069 1561 2123 haec
1596 2085 1723 2140 pro-

145 2156 260 2211 dit:
288 2158 449 2229 Ἡμῖν
475 2159 532 2213 δὲ
563 2162 658 2214 καὶ
683 2161 818 2231 πρὸς
838 2162 964 2225 τοὺς
1001 2163 1109 2215 ἀπὸ
1135 2161 1576 2232 τῆςἙκκλησίας
1609 2161 1723 2214 ἐστι

145 2263 230 2311 τις
278 2248 436 2316 λόγος
486 2251 614 2321 περί
662 2250 770 2303 τῶν
809 2251 1192 2322 διακριθέντων
1234 2253 1460 2316 ὑδάτων,
1503 2254 1551 2306 οἳ
1594 2269 1726 2324 προ-

147 2341 309 2410 φάσει
341 2342 629 2413 ἀναγωγῆς
657 2345 750 2396 καὶ
777 2344 1061 2414 νοημάτων
1087 2343 1434 2416 ὑψηλοτέρων
1461 2345 1541 2408 εἰς
1565 2345 1727 2417 άλλη-

147 2430 339 2501 γορίας
370 2433 696 2503 κατέφυγον,
747 2434 1002 2506 δυνάμεις
1048 2434 1300 2504 λέγοντες
1351 2437 1726 2508 πνευματικὰς

149 2525 242 2593 καὶ¹
281 2526 605 2596 ἀσωμάτους
641 2528 915 2598 τροπικῶς
966 2531 1031 2582 ὲκ
1077 2527 1186 2582 τῶν
1216 2528 1424 2583 ὑδάτων
1471 2530 1728 2601 σημαίνε-

151 2615 274 2668 σθαι
291 2632 306 2646 °
341 2618 434 2669 xui.
467 2619 579 2672 ἄνω
615 2617 714 2688 μὲν
738 2619 830 2672 ἐπὶ
849 2619 941 2672 τοῦ
965 2617 1342 2690 στερεώματος
1367 2619 1728 2691 μεμενηκέναι

149 2703 249 2769 τὰς
285 2707 622 2776 κρείττονας,
649 2709 798 2762 κάτω
840 2709 897 2762 δὲ
925 2712 1038 2774 τοῖς
1073 2711 1368 2782 περιγείοις
1400 2713 1493 2764 καὶ
1526 2711 1728 2776 ὑλικοῖς

148 2797 337 2861 τόποις
358 2804 791 2870 προσαπομεῖναι
813 2799 910 2864 τὰς
928 2801 1190 2870 πονηράς.
1211 2801 1310 2856 Διὰ
1332 2802 1491 2856 τοῦτο
1514 2802 1570 2855 δέ
1598 2819 1730 2871 φασι

151 2888 248 2941 καὶ
293 2887 365 2940 τὰ
412 2889 596 2942 ἐπάνω
627 2888 732 2955 τῶν
761 2889 1006 2961 οὐρανῶν
1047 2891 1216 2945 ὑδατα
1262 2893 1430 2946 αἰνεῖν
1457 2891 1546 2944 τὸν
1576 2891 1727 2957 Θεὸν,

147 2978 400 3031 τουτέστι
434 2979 533 3041 τὰς
565 2979 774 3048 ἀγαθὰς
804 2981 1060 3050 δυνάμεις
1082 2980 1236 3046 ἀξίας
1264 2980 1427 3043 οὑσας
1446 2979 1533 3034 διὰ
1559 2978 1730 3034 καθα-

1808 511 2066 567 Joannem
2089 514 2634 584 Ilierosolymitanum
2655 530 2674 579 ,°
2695 515 3142 584 Chrysostomus,
3162 515 3308 570 hom.
3327 515 3385 584 4,

1807 612 1860 659 et
1887 605 1942 656 in
1972 604 2113 672 psat.
2137 619 2374 672 cuvm;
2415 605 2654 676 Cyrillus
2691 602 3242 674 Hierosolymitanus,
3281 603 3388 664 Ca-

1811 695 1941 750 tech.
1975 696 2044 764 9;
2097 693 2472 751 Theodoretus
2520 697 2574 750 in
2623 694 2774 760 Gem,
2824 703 3017 766 quaest.
3051 695 3146 762 il;
3190 694 3389 750 Proco-

1809 789 1934 859 pius
1963 790 2020 842 in
2049 787 2260 852 Genes.,
2287 803 2407 858 cap.
2444 789 2469 842 1
2495 806 2508 854 ;
2541 787 2867 858 Hippolytus
2897 795 2950 842 et
2982 786 3309 842 Severianus
3332 789 3386 842 in

1810 890 2024 945 catena,
2079 879 2401 950 Euthymius
2446 881 2501 932 in
2538 879 2675 946 psal.
2707 893 2831 943 cm;
2883 877 3124 932 Hilarius
3175 879 3227 929 in
3247 877 3384 944 psal.

1811 986 2043 1036 cxxxvi;
2096 971 2442 1032 Ambrosius,
2470 970 2563 1024 lib.
2617 985 2655 1023 ιι
2694 968 2976 1033 Ilexaem.,
3012 984 3132 1037 cap.
3179 967 3214 1021 5
3243 973 3296 1022 et
3325 968 3390 1033 ις

1815 1059 2176 1130 Hieronymus
2208 1058 2378 1129 Epist.
2415 1059 2484 1113 ad
2519 1059 2818 1122 Oceanum;
2843 1059 3098 1127 August.,
3127 1057 3218 1110 lib.
3247 1073 3283 1110 ll
3318 1056 3396 1113 De

1815 1151 1945 1208 Gen.
2001 1152 2070 1206 ad
2131 1153 2260 1217 litt.,
2305 1167 2425 1222 cap.
2480 1152 2534 1214 5,
2592 1158 2647 1206 et
2686 1151 2779 1204 lib.
2817 1166 2869 1203 xi
2909 1149 2987 1202 De
3031 1147 3239 1202 civitate
3273 1147 3392 1211 Dei,

1815 1261 1937 1324 cap.
1964 1245 2177 1312 ultimo,
2211 1255 2264 1301 et
2295 1246 2351 1298 in
2370 1243 2508 1314 psal.
2538 1258 2670 1309 cm;
2727 1241 3054 1296 Dracontius
3098 1240 3392 1312 Ilispanus,

1817 1339 2022 1394 Marius
2059 1339 2249 1394 Victor
2274 1339 2349 1394 De
2377 1353 2528 1406 opere
2559 1353 2651 1390 sea:
2680 1334 2918 1398 dierum;
2943 1333 3248 1404 Drepanius
3272 1331 3397 1388 Flo-

1818 1449 1943 1496 rus,
1995 1433 2052 1486 in
2113 1430 2333 1502 Hymno
2395 1428 2562 1483 trium
2618 1440 2949 1497 puerorum;
3009 1423 3395 1485 Cassiodorus,

1819 1523 2048 1595 Haymo,
2075 1522 2281 1586 Brimo,
2304 1530 2358 1576 et
2381 1522 2469 1574 alii
2503 1534 2644 1590 quos
2669 1518 2856 1572 laudat
2885 1516 3150 1571 Martinus
3182 1516 3398 1570 Delrius

1819 1612 1872 1665 in
1905 1625 2026 1679 cap.
2069 1624 2084 1661 ι
2125 1606 2322 1662 Cenes.
2368 1606 2749 1678 Ἀμαθὲστατα
2787 1604 2952 1674 igitur
2989 1601 3248 1656 Calvinus
3277 1599 3398 1655 bla-

1817 1711 1958 1759 terat
2000 1705 2141 1758 hanc
2188 1703 2514 1758 sententiam
2568 1717 2711 1768 esse,
2743 1708 2799 1757 et
2837 1715 2868 1752 a
2911 1713 3077 1754 sensu
3123 1695 3399 1752 communi

1820 1796 2073 1857 alienam,
2103 1809 2224 1848 cum
2257 1807 2286 1845 a
2310 1803 2386 1847 tot
2416 1791 2693 1856 Patribus,
2726 1792 2902 1861 iisque
2937 1787 3295 1853 doctissimis,
3329 1786 3402 1842 sit

1821 1905 1932 1944 uno
1976 1902 2070 1941 ore
2112 1895 2367 1957 recepta;
2398 1892 2452 1940 et
2482 1901 2712 1956 prorsus
2742 1883 3141 1946 incredibilem,
3164 1895 3287 1934 cum
3315 1893 3402 1934 sa—

1822 1994 1916 2034 cra
1942 1978 2226 2048 Scriptura
2252 1979 2302 2032 id
2335 1977 2700 2048 apertissimis
2728 1976 3001 2041 verbis,et
3026 1972 3155 2026 alibi
3186 1973 3402 2033 innuat,

1821 2073 1972 2142 cujus
2021 2072 2194 2140 major
2226 2080 2304 2125 est
2361 2070 2677 2132 auctoritas,
2741 2083 2807 2122 ex
2867 2065 3197 2136 Augustino,
3244 2079 3404 2133 quam

1824 2165 1992 2228 omnis
2021 2164 2213 2233 ingenii
2232 2164 2448 2215 humani
2463 2161 2754 2228 capacitas.
2772 2159 2838 2211 Et
2858 2154 3311 2228 quemadmodum
3347 2153 3404 2208 in

1825 2256 1910 2311 his
1943 2254 2088 2309 fatue
2104 2255 2320 2317 delirat,
2344 2255 2419 2307 ita
2443 2262 2498 2308 et
2521 2252 2655 2307 ﬁdes
2677 2251 2796 2320 ejus
2820 2257 3134 2314 accusatur,
3159 2255 3213 2303 et
3234 2245 3403 2302 veluti

1824 2349 2112 2423 impostor,
2183 2347 2526 2416 mendaxque
2584 2343 2878 2404 refellitur,
2933 2355 3059 2395 cum
3115 2337 3406 2394 manifesto

1824 2441 2090 2496 mentitur
2136 2441 2406 2502 scribens,
2438 2437 2754 2493 Catholicos
2777 2435 2914 2490 velle
2951 2448 3052 2504 pro
3080 2432 3184 2486 fide
3217 2441 3407 2486 tenen-

1827 2533 1978 2597 dum,
2030 2533 2128 2587 has
2192 2546 2364 2601 aquas
2421 2545 2584 2599 supra
2634 2527 2805 2584 cmlos
2844 2541 3000 2580 veras
3048 2538 3219 2594 aquas
3259 2536 3404 2585 esse,

1829 2637 1954 2678 cum
1984 2621 2141 2675 aliam
2191 2620 2518 2677 sententiam
2551 2634 2672 2690 quae
2704 2632 2830 2672 cum
2871 2616 2976 2670 ista
3011 2613 3235 2667 minime
3272 2625 3408 2665 con-

1830 2716 1998 2778 venit,
2025 2713 2291 2768 Catholici
2332 2714 2458 2777 viri,
2486 2712 2844 2780 maximaque
2871 2704 3195 2762 eruditionis
3220 2701 3411 2772 vulga—

1831 2807 1942 2860 rint
1972 2806 2208 2876 publice,
2252 2813 2308 2860 et
2357 2805 2534 2875 palam
2569 2801 2728 2856 tutati
2770 2801 2896 2854 sint.
2936 2795 3323 2852 llarreticorum
3359 2793 3410 2846 is

1831 2913 1950 2952 mos
1986 2907 2090 2964 est,
2129 2904 2184 2950 et
2215 2895 2507 2956 dementia,
2540 2899 2598 2944 ut
2647 2904 2769 2959 quae
2793 2887 2998 2941 dixeris
3041 2889 3322 2947 a’ccusent,
3355 2887 3410 2934 at

1831 2990 2083 3046 refellent
2129 2987 2345 3042 etiamsi
2401 2984 2688 3040 verissima
2733 2983 2863 3043 sint,
2904 2994 3024 3049 quae
3065 2993 3172 3032 non
3204 2973 3410 3028 dixeris

152 3071 358 3142 ρότητα
399 3071 495 3124 τοῦ
541 3072 869 3142 ἡγεμονικοῦ
898 3071 987 3124 τὸν
1016 3072 1299 3142 πρέποντα
1337 3072 1365 3125 ὑ
1377 3089 1506 3143 μνον
1540 3073 1728 3126 ἀποδι-

1834 3085 2138 3152 imponant,
2161 3088 2221 3134 ut
2253 3080 2473 3143 iterum,
2505 3085 2559 3132 et
2591 3073 2966 3130 accusationis
3014 3079 3069 3126 et
3116 3067 3411 3138 reprehen-

149 3164 302 3222 δόναι
333 3165 410 3236 τῷ
443 3165 687 3218 κτίσαντι
704 3181 718 3195 ⁴
752 3164 822 3218 τὰ
844 3165 902 3218 δὲ
923 3165 1180 3219 ὑποκάτω
1200 3165 1309 3220 τῶν
1335 3166 1577 3236 οὐρανῶν
1607 3167 1730 3220 ὑδα-

148 3272 225 3314 τα
250 3257 598 3328 πνευματικὰ
618 3251 756 3310 εἶναι
779 3260 878 3327 τῆς
907 3256 1170 3328 πονηρίας
1201 3255 1309 3310 ἀπὸ
1341 3256 1434 3309 τοῦ
1465 3256 1604 3310 κατὰ
1633 3255 1732 3326 φύ-

151 3367 240 3406 σιν
265 3350 433 3420 ὕψους
453 3351 532 3413 εἰς
554 3351 614 3402 τὸ
642 3351 740 3420 τῆς
764 3349 962 3413 κακίας
989 3349 1149 3418 βάθος
1176 3350 1572 3413 καταπεσόντα,
1589 3350 1731 3420 ἆπερ

150 3441 232 3507 ὡς
262 3442 554 3514 ταραχώδη
584 3441 733 3508 ὄντα,
756 3441 849 3495 καί
899 3440 1278 3508 στασιαστικὰ,
1302 3443 1396 3494 καὶ
1429 3444 1541 3504 τοῖς
1571 3439 1732 3512 θορύ-

151 3537 273 3599 6οις
301 3534 410 3587 τῶν
442 3532 629 3586 παθῶν
672 3531 1068 3603 κυμαινὸμενα,
1094 3531 1365 3585 θάλασσαν
1396 3531 1733 3602 ὠνομάσθαι,

151 3625 247 3680 διὰ
276 3625 339 3677 τὸ
379 3622 680 3694 μετάϐητον
719 3623 811 3674 καὶ
837 3621 1068 3676 ἄστατον
1100 3621 1208 3674 τῶν
1241 3621 1382 3675 κατὰ
1415 3623 1730 3694 προαίρεσιν

153 3717 494 3787 κινημάτων.
527 3715 666 3777 Τοὺς
707 3714 771 3785 δὴ
813 3713 1086 3778 τοιούτους
1113 3714 1305 3782 λόγους
1333 3715 1408 3777 ὡς
1441 3714 1732 3785 ὀνειράτων

155 3808 501 3879 συγκρίσεις,
531 3807 625 3860 καὶ
649 3804 912 3877 γραώδεις
949 3805 1150 3877 μύθους
1177 3796 1653 3876 ἁποπεμψάμενόι,
1674 3805 1735 3858 τὸ

155 3899 305 3971 ὕδωρ
332 3898 475 3970 ὕδωρ
502 3899 802 3969 νοήσωμεν,
831 3897 925 3954 καὶ
957 3897 1055 3969 τὴν
1078 3897 1350 3968 διάκρισιν
1382 3896 1478 3968 τὴν
1511 3896 1615 3951 ὑπὸ
1639 3895 1733 3958 τοῦ

156 3989 539 4061 στερεώματος
569 3989 880 4059 γενομένην.
898 3987 1040 4041 κατὰ
1060 3987 1159 4059 τὴν
1189 3987 1540 4042 ἀποδοθεῖσαν
1557 3987 1736 4040 αἰτίαν

155 4082 459 4153 δεξώμεθα.
489 4081 743 4137 Valesius
770 4081 890 4135 loco
916 4080 1030 4150 jam
1056 4080 1206 4134 dicto
1230 4081 1324 4146 ait,
1352 4080 1549 4134 coelum
1581 4079 1734 4144 illud,

159 4175 312 4244 quod
377 4173 604 4244 plurimi.
642 4173 784 4229 hanc
847 4172 917 4226 ob
967 4187 1188 4228 causam
1239 4181 1436 4226 vocant
1471 4171 1738 4242 crystalli-

162 4281 324 4329 num,
349 4279 580 4334 aqueum
610 4280 730 4321 esse
763 4280 904 4335 aqua
931 4265 1166 4334 quadam
1193 4264 1402 4319 caelesti
1440 4277 1561 4332 quae
1587 4262 1739 4332 puri-

162 4365 281 4414 tate
311 4372 504 4427 aquam
531 4358 752 4425 referat,
775 4374 887 4413 non
919 4365 1100 4412 tamen
1129 4356 1348 4428 frigore,
1369 4363 1462 4409 aut
1489 4355 1734 4416 humore,

1833 3170 2006 3226 sionis
2045 3184 2235 3223 ansam
2268 3167 2558 3237 arripiant.

1900 3261 2016 3318 Col.
2067 3260 2189 3323 7l2,
2225 3260 2322 3313 lin.
2355 3258 2445 3314 14.
2473 3259 2654 3311 Ὥστε
2685 3253 2786 3310 καί
2823 3252 3023 3308 ἐπάνω
3059 3247 3230 3306 εἶναι.
3269 3249 3414 3305 Con-

1833 3353 2110 3409 stantinus
2144 3348 2424 3404 Manasses
2457 3347 2509 3400 in
2539 3344 2736 3399 Annal.
2759 3357 2778 3396 :

1839 3481 1974 3533 Τότε
2000 3477 2097 3532 καὶ
2124 3476 2238 3542 τὴν
2265 3473 2518 3540 παντόχι
2543 3489 2643 3542 ζον
2676 3470 2873 3542 φύσιν.
2892 3468 3007 3534 τὴν
3034 3466 3288 3542 dryadas-

1833 3552 1943 3604 Καὶ
1957 3549 2062 3613 τὰς
2078 3537 2390 3610 ἀϐύσσους
2405 3537 2638 3604 διελὼν,
2661 3537 3000 3613 καὶτούτων
3015 3538 3131 3613 μὲν
3155 3537 3413 3604 ἀρίστην

1834 3620 1992 3689 Πρὸς
2030 3608 2589 3689 ὕψος-ἀνεννόητον
2616 3611 2854 3689 κούφως
2879 3608 3239 3689 μετεωρίσεις

1841 3677 2120 3744 These-:21
2151 3677 2264 3757 αιῆς
2294 3677 2606 3740 ἀπολιπὼν
2630 3681 2855 3747 ἔστησε
2882 3679 3095 3734 τούτων
3123 3677 3339 3746 μέσον.

1905 3813 2008 3866 Τὸν
2044 3809 2272 3882 οὐρανὸν
2301 3807 2488 3877 ὥσπερ
2515 3801 2789 3876 φραγμὸν,
2816 3800 3004 3870 ὥσπερ
3050 3797 3274 3871 στερρὸν
3302 3813 3413 3850 τει-

1837 3905 1971 3977 χίον.
2008 3905 2067 3959 In
2097 3917 2259 3958 versu
2291 3897 2533 3955 secundo
2557 3893 2877 3950 καὶτούτων
2905 3892 3002 3963 μὲν
3038 3892 3266 3962 ἀρίστην
3283 3889 3412 3960 quid

1838 4001 1911 4056 sit
1959 4013 2066 4053 non
2119 3996 2296 4066 capio.
2326 3992 2554 4062 Corrigo
2586 3991 2680 4044 καὶ
2721 3988 2929 4041 τούτων
2956 3987 3018 4040 τὸ
3046 3986 3144 4057 μὲν
3173 3987 3303 4040 ἄνω.
3337 3984 3414 4038 Ita

1837 4092 1983 4148 enim
2033 4099 2087 4144 et
2119 4088 2404 4143 veritatem
2453 4084 2569 4148 Dei,
2609 4093 2664 4139 ct
2705 4080 2948 4137 auctoris
2983 4086 3219 4133 mentem
3258 4092 3416 4131 asse-

1839 4197 2090 4253 quemur.
2131 4179 2237 4236 Sed
2281 4180 2348 4234 ad
2396 4177 2529 4248 quid
2565 4191 2720 4247 aquae
2748 4175 2856 4230 illa:
2882 4187 3003 4243 qua:
3041 4185 3208 4241 supra
3245 4170 3416 4224 caelos

1840 4273 2000 4330 sunt?
2048 4271 2348 4340 Procopius
2404 4276 2459 4324 et
2508 4265 2906 4328 Theodoretus,
2939 4278 3008 4318 ne
3039 4262 3142 4327 sol,
3183 4261 3314 4315 luna
3361 4268 3416 4315 et

1842 4373 1988 4421 astra
2022 4373 2208 4435 utpote
2241 4363 2433 4434 ignita,
2491 4360 2691 4415 caelum
2728 4374 2794 4413 ex
2825 4357 2982 4427 aquis
3013 4355 3168 4425 quasi
3195 4353 3418 4423 congla-

157 4448 624 4521 quemadmodum
678 4450 900 4514 cmlum,
951 4457 1006 4504 et
1056 4456 1205 4504 astra
1256 4449 1415 4519 ignea
1457 4463 1579 4506 esse
1613 4447 1728 4518 igne

1841 4461 2041 4515 ciatum
2075 4458 2411 4520 dissolvent;
2452 4453 2618 4520 Beda,
2639 4453 2706 4506 ad
2734 4449 3142 4521 temperandum
3179 4447 3418 4501 calorem

159 4541 402 4613 quodam
431 4542 662 4606 cmlesti,
684 4543 775 4612 qui
807 4542 1222 4613 praestantioris,
1253 4556 1415 4612 quam
1443 4541 1739 4596 elementa-

161 4634 249 4703 τῖε
298 4640 383 4688 est
426 4644 654 4697 natura,
689 4633 900 4706 fulgore
948 4634 1124 4690 solum
1159 4633 1400 4688 referens
1429 4633 1602 4695 illum,
1628 4647 1740 4687 non

163 4727 335 4782 etiam
385 4727 566 4780 calore
612 4734 668 4781 et
722 4727 988 4783 siccitate.
1034 4726 1222 4796 Itaque
1261 4739 1459 4780 nomen
1487 4725 1648 4796 ignis,
1687 4733 1742 4780 et

163 4830 326 4890 aqua:
373 4836 480 4874 non
539 4822 756 4889 proprie
803 4819 910 4874 dici
957 4819 1024 4874 de
1061 4819 1326 4888 utrisque,
1362 4819 1458 4873 sed
1491 4818 1740 4888 analogia

161 4913 426 4984 quadam,
458 4919 518 4966 ut
547 4913 618 4966 sit
645 4912 843 4981 duplex
885 4911 1026 4980 ignis
1053 4917 1107 4964 et
1136 4911 1332 4979 duplex
1367 4924 1507 4980 aqua
1541 4925 1742 4964 secun-

162 5005 299 5060 dum
348 5003 676 5074 analogiam,
701 5002 1050 5058 elementaris
1101 5003 1310 5057 scilicet
1362 5010 1416 5057 et
1481 5002 1738 5057 caelestis.

162 5094 464 5151 Multorum
499 5102 680 5149 tamen
735 5094 961 5149 Patrum
990 5093 1443 5164 quemadmodum
1469 5100 1522 5148 et
1548 5091 1744 5149 Eusta-

161 5187 270 5242 thii
295 5185 393 5241 fuit
420 5187 708 5250 sententia,
741 5199 837 5240 eas
862 5199 1033 5256 aquas
1056 5199 1180 5240 esse
1205 5199 1361 5240 veras
1391 5199 1582 5254 aquas,
1601 5184 1745 5254 ejus-

162 5279 404 5348 demque
454 5278 670 5348 generis
726 5284 781 5332 et
841 5276 1031 5331 formae
1075 5289 1200 5330 eum
1245 5275 1332 5332 his
1371 5274 1739 5331 inferioribus.

163 5368 404 5439 Ideoque
431 5370 529 5425 has
553 5385 724 5441 aquas
754 5384 784 5424 a
815 5368 928 5425 Deo
959 5384 1126 5440 supra
1155 5368 1353 5424 omium
1377 5367 1585 5438 positas
1613 5383 1744 5422 cen-

163 5474 311 5528 sent,
364 5476 421 5519 ut
479 5463 637 5518 insiti
692 5462 894 5533 algoris
923 5461 1362 5532 propinquitate,
1391 5459 1568 5530 ignem
1599 5457 1746 5515 side-

162 5571 347 5622 reum,
374 5558 750 5624 fervoremque
785 5555 904 5610 axis
925 5552 1146 5608 aetherei
1174 5554 1503 5616 minuerent,
1523 5566 1588 5606 ac
1609 5560 1747 5606 tem-

165 5657 444 5719 perarent.
485 5647 563 5702 ita
602 5646 855 5703 Clemens
887 5646 1168 5702 Romanus
1204 5645 1300 5700 lib.
1344 5659 1382 5698 ιι
1442 5642 1742 5714 Recognit.;

164 5740 421 5798 Justinus
471 5747 698 5812 martyr,
731 5745 924 5810 quiest.
957 5736 1044 5803 93,
1095 5735 1163 5792 ad
1199 5732 1568 5798 Orthodoxos;
1597 5733 1744 5791 Basi-

1841 4567 1907 4608 ex
1937 4552 1988 4605 vi
2022 4557 2076 4605 et
2116 4558 2268 4604 motu
2319 4547 2558 4603 siderum
2584 4553 2800 4610 ortum;
2833 4541 3106 4604 Justinus,
3133 4539 3202 4593 ad
3235 4537 3420 4607 depri-

1843 4640 2096 4695 mendum
2148 4639 2571 4702 lirmamentum,
2597 4651 2667 4690 ne
2709 4647 2932 4688 sursum
2954 4630 3196 4696 feratur;
3227 4627 3421 4682 Hiero—

1844 4748 2041 4804 nymus
2088 4730 2355 4792 Oleaster,
2385 4737 2446 4782 ut
2500 4728 2558 4782 in
2608 4726 2814 4804 dilpvio
2843 4722 2956 4780 Noe
2982 4739 3078 4794 per
3109 4728 3420 4777 cataractas

1843 4825 2057 4880 emissa:
2079 4831 2279 4877 terram
2302 4821 2617 4876 obruerent.
2633 4819 2736 4872 Alii
2760 4825 2819 4871 ut
2841 4816 2974 4872 solis
2999 4824 3053 4871 et
3074 4815 3216 4869 lunae
3234 4812 3419 4867 radios

1844 4915 2191 4971 reverberent
2239 4929 2445 4984 eosque
2493 4913 2751 4967 deorsum
2787 4909 2855 4964 ad
2885 4917 3088 4964 terram
3129 4905 3414 4976 repellant.

1843 5007 1949 5061 Alii
1985 5005 2054 5061 ad
2093 5012 2348 5064 ornatum
2380 5005 2644 5068 universi,
2675 5011 2787 5057 tum
2829 5009 2889 5057 ut
2921 4999 3119 5055 matrix
3151 4999 3269 5053 haec
3302 5009 3418 5051 cte-

1846 5097 2021 5154 lorum
2074 5096 2370 5152 creationis
2427 5094 2592 5150 index
2639 5100 2902 5156 exstaret,
2934 5105 3101 5162 quam
3149 5101 3317 5157 supra
3359 5100 3420 5141 se

1846 5187 1973 5242 cteli
2007 5201 2224 5256 semper
2273 5186 2637 5247 intuerentur,
2670 5190 2784 5236 tum
2817 5181 2884 5236 ad
2914 5181 3248 5250 voluptatem
3292 5191 3420 5233 san-

1844 5289 2082 5345 ctorum,
2128 5290 2190 5337 ut
2239 5282 2394 5350 aquis
2451 5279 2603 5336 hisce
2641 5274 2973 5349 crystallinis
3018 5272 3163 5328 oculi
3191 5283 3420 5342 pascan-

1845 5381 1957 5430 tur.
1990 5373 2088 5429 Vel
2119 5381 2180 5428 ut
2221 5374 2366 5428 sicut
2421 5387 2562 5443 aqua
2610 5371 2724 5425 ha-c
2773 5369 2886 5424 aeri
2922 5374 3134 5430 nostro,
3165 5363 3239 5419 ita
3267 5375 3422 5433 aqua

1847 5463 1951 5518 illae
1997 5462 2601 5525 subservirenttetheri,
2625 5459 2720 5532 qui
2750 5465 2834 5514 est
2862 5458 2921 5513 in
2956 5456 3098 5512 coelo
3141 5467 3418 5526 empyreo.

1849 5554 2003 5609 Mitto
2028 5570 2202 5625 nugas
2230 5554 2483 5609 aliorum.

1923 5641 2084 5702 lbid.,
2125 5641 2220 5694 lin.
2257 5639 2344 5694 18.
2391 5639 2454 5692 '0
2518 5639 2586 5692 δὲ
2640 5638 2815 5707 αἰθὴρ
2853 5634 3150 5706 πυρώδης.
3186 5630 3421 5686 Basilius

1849 5733 1996 5789 hom.
2031 5733 2064 5786 5
2093 5751 2103 5787 :
2140 5731 2242 5784 Τὸν
2283 5731 2339 5784 δὲ
2372 5730 2566 5808 αἰθέρα
2589 5749 2672 5795 τις
2702 5731 3032 5802 ἀμφιϐάλλει
3067 5727 3140 5800 μὴ
3169 5726 3286 5796 οὐχὶ
3325 5739 3420 5774 πυ-
