3840 6164
481 259 581 316 83!

1825 274 2074 330 LEONIS
2110 275 2385 335 ALLATII

3619 292 3733 347 852

483 377 622 449 ρώόη
675 373 813 433 εἶναι
863 383 956 436 καὶ
999 383 1221 456 διακαῆ,
1260 387 1319 450 ὃς
1348 389 1396 440 εί
1441 389 1517 460 μὴ
1549 390 1624 460 τῷ
1659 391 1937 463 ἀναγκαίῳ
1965 394 2033 446 τοί

2160 404 2268 461 tur,
2300 405 2355 452 et
2380 406 2464 452 est
2499 398 2701 468 pluvia,
2741 416 2836 456 seu
2873 404 3068 471 stilla;
3113 405 3158 460 si
3189 407 3292 461 erit
3313 408 3564 479 spissior,
3590 409 3736 466 ﬁunt-

481 472 800 540 ποιήσαντος
849 474 1008 528 αὐτὸν
1059 477 1170 548 ὅρῳ
1222 481 1524 550 κατείχετο,
1577 483 1629 535 τί
1667 483 1731 536 ἂν
1781 484 2051 539 ἐκώλυσεν

474 561 640 616 αὐτὸν
671 565 845 619 πάντα
878 568 1213 637 φλογίξοντα,
1233 573 1326 624 καὶ
1361 576 1829 647 καταπιμπρῶντα
1857 579 2050 648 συνεχῆ

480 654 660 707 πᾶσαν
708 658 841 726 ὁμοῦ
882 660 982 730 τὴν
1015 662 1072 712 ὲν
1115 665 1229 726 τοῖς
1281 660 1429 717 οὖσιν
1475 665 1812 732 ἐξαναλῶσαι
1845 669 2051 734 νοτίδα;

479 746 578 798 Διά
607 747 778 801 ταῦτα
815 750 957 822 ὕδωρ
1000 753 1180 824 ἀέριον
1208 755 1416 823 γίνεται
1441 759 1768 828 νεφουμένου
1807 760 1900 813 τοῦ
1940 761 2051 814 ἀνω

477 852 641 890 τοπου
671 842 736 892 ὲκ
765 841 862 909 τῆς
888 843 1160 913 ἀναφορᾶς
1191 846 1300 898 τῶν
1329 847 1648 917 ἀτμῶν,οὒς
1675 853 1928 922 ποταμοὶ,
1956 852 2050 906 καὶ

476 930 694 1000 κρῆναι,
736 933 829 985 καὶ
859 934 1083 1006 τενάγη,
1116 935 1212 990 καὶ
1241 935 1448 1008 λίμναι,
1481 942 1574 994 καὶ
1625 943 1834 1014 πελάγη
1871 945 2048 999 πάντα

477 1021 753 1088 προΐενται
802 1024 876 1088 ώς
918 1025 983 1079 ἂν
1014 1027 1089 1097 μὴ
1126 1028 1302 1081 πάντα
1336 1031 1629 1101 πυρακτῶν
1666 1035 1694 1086 ὁ
1733 1033 1893 1107 αἰθὴρ
1924 1037 2046 1090 ὲπι-

475 1110 646 1165 λάϐοι.
677 1113 871 1170 ΑΞιὶιει·
891 1117 1022 1186 quid
1054 1120 1147 1184 sit,
1179 1135 1286 1177 non
1312 1137 1419 1175 una
1451 1130 1535 1179 est
1561 1126 1802 1184 omnium
1828 1137 2047 1182 senten-

473 1202 580 1270 tia;
617 1205 834 1273 quidam
871 1210 1250 1266 existimarunt
1293 1228 1415 1269 esse
1466 1229 1643 1271 aerem
1678 1218 1930 1287 ignitum,
1955 1221 2047 1275 alii

475 1295 695 1350 caelum.
728 1295 1065 1371 Porphyrius
1096 1314 1149 1358 et
1187 1313 1312 1366 ante
1360 1323 1484 1366 eum
1535 1309 1784 1380 Orpheus
1810 1321 2044 1370 mentem

473 1394 528 1440 et
559 1388 888 1445 intellectum
923 1392 1074 1450 Jovis
1121 1401 1480 1468 appellarunt,
1511 1403 1830 1460 Aristoteles
1889 1408 1980 1461 lib.
2028 1424 2044 1460 ι

470 1476 549 1531 De
576 1480 724 1543 caelo,
759 1497 877 1551 cap.
911 1485 964 1544 3.
1010 1494 1063 1541 et
1094 1490 1268 1556 primo
1299 1490 1543 1556 Meteon,
1593 1510 1807 1550 necnon
1840 1507 1894 1552 et
1944 1498 2041 1554 lib.

471 1570 550 1623 De
575 1573 790 1635 mundo,
819 1575 864 1628 si
901 1584 1080 1632 tamen
1128 1579 1448 1640 Aristoteles
1486 1585 1611 1643 libri
1658 1586 1806 1642 illius
1856 1599 2044 1643 auctor

470 1668 588 1725 est,
647 1665 714 1718 ad
774 1664 1165 1737 Alexandrum,
1222 1675 1420 1730 iubera
1497 1678 1618 1732 caeli
1697 1679 2042 1751 siderumque

471 1752 853 1820 substantiam,
882 1760 1205 1816 elementum
1250 1780 1280 1818 a
1321 1776 1554 1836 quatuor
1581 1769 1702 1825 aliis
1724 1772 2038 1826 sublunari-
2066 1753 2113 1813 Β

469 1843 574 1898 bus
598 1845 896 1914 diversum,
918 1852 1182 1918 divinum,
1210 1867 1261 1911 et
1293 1861 1660 1929 corruptionis
1690 1878 1905 1933 expers,
1930 1879 2040 1919 non

468 1951 535 1991 eo
587 1941 803 2010 quidem
859 1947 1283 2020 nomine;quod
1332 1968 1455 2007 cum
1510 1955 1666 2026 ignea
1719 1959 1790 2017 sit
1825 1957 2037 2029 ﬂagret.

471 2025 576 2082 Sed
606 2032 748 2099 quod
769 2035 858 2088 ἀεὶ
878 2036 976 2091 θεῖ.
1007 2040 1252 2110 Οὐρανοῦ
1281 2043 1337 2095 δὲ
1364 2045 1456 2098 καὶ
1481 2025 1696 2118 ἄστρων
1727 2025 1923 2103 οὐσίαν⁷
1940 2051 2038 2121 μὲν

467 2122 659 2194 αἰθέρα
694 2125 982 2198 καλοῦμεν,
1013 2131 1108 2201 οὐχ
1136 2131 1210 2196 ῶς
1238 2152 1400 2198 τινες,
1432 2136 1517 2190 διὰ
1539 2138 1598 2190 τὸ
1628 2139 1846 2212 πυρώδη
1873 2137 2038 2198 οὖσαν

464 2214 733 2280 αἴθεσθαι,
768 2221 1211 2292 πλημμελοῦντες
1261 2229 1389 2299 περὶ
1434 2230 1532 2300 τὴν
1585 2231 1830 2286 πλεῖστον
1869 2234 2037 2306 πυρὸς

464 2305 889 2385 ἀπηλλαγμένην
929 2315 1176 2387 δύναμιν,
1213 2318 1348 2372 ἀλλὰ
1373 2320 1460 2375 διὰ
1484 2323 1544 2376 τὸ
1574 2325 1659 2377 ἀεὶ
1697 2325 1806 2379 θεῖν
1841 2305 2036 2381 κυκλο-

468 2403 812 2474 φορουμένην
862 2411 1120 2478 στοιχεῖον
1157 2407 1321 2464 οὖσαν
1380 2414 1562 2486 ἕτερον
1609 2417 1715 2471 τῶν
1759 2419 2036 2491 τεσσάρων

467 2493 740 2564 ἀκήρατόν
771 2515 829 2550 τε
861 2501 952 2554 καὶ
987 2501 1144 2556 θεῖον.
1175 2504 1240 2559 Ει
1271 2506 1363 2562 lib.
1407 2523 1423 2561 t
1476 2509 1554 2564 De
1583 2511 1707 2564 ca'lo
1741 2513 2035 2581 reprehen-

464 2582 546 2636 dit
595 2585 990 2658 Anaxagoram,
1048 2593 1192 2662 quod
1252 2612 1349 2666 pro
1384 2598 1524 2670 igne,
1574 2601 1828 2656 aetherem
1875 2603 2030 2670 dixit,

461 2677 607 2742 quod
645 2686 698 2731 et
732 2681 872 2736 alios
913 2682 1111 2740 fecisse
1163 2691 1299 2743 satis
1329 2701 1517 2745 notum
1557 2703 1658 2748 est.
1694 2693 1760 2748 Hi
1799 2711 2033 2768 namque

460 2765 532 2818 ab
576 2766 729 2832 αῑθω,
757 2787 865 2825 non
925 2776 994 2829 ab
1036 2777 1122 2830 ἀεὶ
1169 2779 1300 2840 θεῖν.
1338 2783 1591 2838 aetherem
1637 2765 2032 2852 deducuntgin

459 2873 624 2925 quam
679 2865 999 2920 sententiam
1034 2877 1088 2922 et
1125 2869 1316 2925 Cicero
1353 2874 1446 2927 lib.
1477 2891 1514 2927 ιι
1569 2875 1646 2930 De
1677 2886 1868 2932 natura
1910 2880 2033 2935 deo-

471 2965 590 3001 rum
626 2951 790 3009 ivisse
819 2955 1067 3025 videtur;
1107 2969 1160 3015 et
1204 2960 1519 3019 Phornutus
1547 2965 1676 3021 item
1710 2968 1786 3023 De
1839 2981 2031 3026 natura

457 3042 698 3108 deorum,
731 3061 849 3116 cap.
883 3047 956 3104 De
982 3053 1120 3107 coelo
1148 3055 1244 3107 :'H
1276 3055 1330 3107 δὲ
1375 3058 1529 3110 οὐσία
1576 3059 1739 3113 αὐτοῦ
1775 3063 2029 3136 πυρώδης
2056 3094 2098 3152 c

457 3133 632 3200 ἐστιν,
668 3138 743 3202 ὡς
795 3141 950 3211 δῆλον
1001 3146 1065 3196 ἐκ
1125 3146 1217 3199 τοῦ
1264 3149 1412 3218 ἡλίου
1465 3153 1558 3204 καὶ
1607 3154 1671 3205 ὲκ
1708 3154 1815 3206 τῶν
1854 3133 2028 3210 ἀλλων

456 3227 691 3300 ἄστρων.
728 3232 890 3286 Ὅθεν
926 3237 1018 3288 καὶ
1049 3233 1212 3310 αἰθὴρ
1244 3239 1444 3312 ἐκλήθη
1476 3242 1536 3294 τὸ
1569 3242 1831 3308 ἐξώτατον
1867 3248 2030 3318 μέρος

457 3321 553 3374 τοῦ
584 3323 787 3394 κόσμου
807 3326 915 3379 ἀπὸ
937 3327 1030 3381 τοῦ
1061 3329 1330 3386 αἴθεσθαι.
1357 3332 1680 3392 Eustathius
1713 3347 1895 3393 tamen
1939 3340 2028 3395 hic

458 3428 560 3483 pro
586 3416 787 3473 aethere
814 3429 1069 3488 quartum
1102 3423 1432 3479 elementum
1470 3427 1742 3500 intelligit,
1775 3432 2028 3488 videlicet

457 3507 660 3575 ignem,
691 3511 785 3579 qui
815 3519 981 3567 totam
1013 3522 1212 3570 terram
1243 3533 1338 3571 sua
1371 3518 1423 3570 vi
1457 3527 1510 3574 et
1541 3519 1796 3578 facultate
1827 3539 2027 3579 consu—

458 3606 648 3668 meret,
675 3603 780 3656 nisi
813 3611 868 3659 et
906 3604 1066 3675 jussu
1109 3607 1319 3671 divino.
1351 3617 1406 3663 et
1441 3613 1596 3682 aquis
1622 3615 1798 3671 aereis
1817 3615 2028 3671 detine-

456 3696 628 3745 retur.

529 3781 646 3838 Col.
670 3786 789 3853 712,
817 3788 912 3844 lin.
937 3789 1026 3846 22.
1051 3793 1417 3864 Συνάγονται
1443 3799 1574 3867 περὶ
1597 3799 1663 3852 τὸ
1680 3799 1854 3868 ὕψος.
1874 3799 2028 3856 Basi-

453 3869 564 3925 lius
611 3873 756 3929 hom.
809 3879 842 3930 5
869 3880 1292 3953 εΣυναγομένων
1331 3887 1438 3957 γὰρ
1477 3888 1584 3942 τῶν
1617 3890 2025 3962 ἀναθυμιάσεων

456 3965 586 4036 περὶ
609 3967 670 4018 τὺ
701 3968 853 4038 ὕψος,
881 3972 973 4024 καὶ
1002 3979 1374 4048 πυκνουμένου
1397 3981 1490 4034 τοῦ
1518 3982 1676 4052 ἀέρος
1698 3988 1816 4047 ταῖς
1834 3986 1896 4037 ἐκ
1919 3984 2024 4038 τῶν

455 4057 781 4126 πνευμάτων
808 4061 1079 4134 πιλήσεσι,
1096 4067 1223 4121 ὅταν
1247 4070 1344 4140 μὲν
1369 4071 1424 4124 αἱ
1451 4072 1586 4135 τέως
1615 4074 1910 4144 ἀτμοειδῶς
1933 4076 2026 4128 καὶ

453 4148 666 4214 λεπτῶς
685 4152 1080 4228 ὲνεσπαρμέναι
1098 4159 1174 4231 τῷ
1195 4161 1342 4240 νέφει
1359 4164 1559 4228 νοτίδες
1582 4165 1836 4236 ἀλλήλαις
1858 4184 2024 4239 προσ-

455 4243 774 4314 χωρήσωσι,
813 4250 1069 4318 σταγόνες
1117 4254 1354 4321 γίνονται
1425 4257 1499 4327 τῷ
1535 4257 1690 4328 βάρει
1736 4259 1844 4312 τῶν
1896 4277 2025 4328 συγ-

457 4333 751 4405 κριθέντων
806 4342 1100 4413 φερόμεναι
1140 4347 1200 4400 τὸ
1229 4349 1396 4402 κάτω.
1432 4351 1542 4404 Καὶ
1575 4351 1712 4422 αὕτη
1743 4353 1897 4406 ὑετοῦ
1929 4354 2023 4422 γέ-

2153 484 2378 551 imbres,
2417 498 2579 558 atque
2612 491 2802 546 nimbi.
2841 492 2915 547 Ex
2957 495 3157 564 quibus
3197 496 3270 550 ita
3309 497 3564 552 lacunam
3593 514 3728 570 sup-

2153 577 2239 645 ple
2276 597 2288 631 :
2322 578 2528 632 Γίνεται
2583 580 2640 632 δὲ
2686 580 2858 644 οὕτως
2905 585 2934 636 ό
2991 584 3162 647 ὐετός.
3215 585 3539 655 Συνάγονται
3595 593 3728 660 περὶ

2150 670 2228 733 τὸ,
2257 679 2359 726 etc.

2221 767 2379 834 lhid.,
2416 771 2512 826 lin.
2539 772 2627 826 27.
2670 773 2741 826 Ἦ
2761 773 2828 826 δὲ
2854 774 2998 844 χιὼν
3029 776 3097 830 ἐκ
3125 775 3241 830 τῶν
3265 777 3514 832 ὑδάτων.
3560 778 3724 835 Basi-

2148 856 2275 921 lius,
2323 859 2470 914 hom.
2525 863 2600 919 ὅτ
2635 865 2801 917 ὀταν
2854 866 2912 918 δὲ
2970 867 3031 919 τὸ
3073 869 3233 938 ὑγρὸν
3264 867 3562 943 έξαφρισθῇ
3600 879 3724 938 ταῖς

2151 948 2292 1020 βίαις
2319 953 2426 1005 τῶν
2454 955 2668 1026 ἀνέμων
2692 959 2980 1024 ἀνακοπὲν,
3009 956 3126 1012 εἶτα
3155 964 3236 1024 είς
3262 963 3427 1035 ἀκρον
3469 965 3724 1038 καταψυ-

2148 1047 2275 1118 χθὲν
2305 1049 2423 1103 ὅλον
2454 1050 2520 1103 δι’
2563 1051 2684 1105 ὅλου
2716 1056 2893 1123 παγῇ,
2934 1054 3265 1127 θραυομένου
3297 1057 3391 1111 τοῦ
3429 1059 3650 1130 νέφους,
3686 1065 3722 1134 ἡ

2147 1139 2282 1210 χιὼν
2323 1143 2708 1214 καταφέρεται.
2748 1143 2868 1198 Νοη
2917 1145 3204 1203 dissimilia
3246 1151 3406 1205 habet
3448 1149 3722 1224 Georgius

2148 1229 2360 1288 Pisides
2411 1233 2488 1289 De
2541 1238 2721 1292 mundi
2770 1243 3012 1309 opiﬁcio;
3069 1241 3283 1299 Plinius.
3333 1245 3427 1298 lib.
3458 1261 3520 1311 ιι,
3547 1262 3601 1301 c.
3624 1249 3721 1311 60,

2150 1323 2468 1379 Crandinem
2501 1332 2828 1399 conglaciato
2861 1332 3024 1387 imbre
3054 1335 3226 1404 gigni,
3256 1344 3303 1388 et
3334 1338 3498 1390 nivem
3536 1337 3724 1391 eodem

2149 1414 2367 1468 humore
2398 1418 2614 1472 mollius
2667 1430 2867 1485 coacto,
2899 1423 3143 1490 pruinam
3177 1436 3349 1478 autem
3378 1442 3443 1480 ex
3478 1443 3602 1481 rore
3633 1445 3726 1497 ge-

2146 1505 2276 1562 lido.
2321 1509 2423 1564 Sed
2470 1511 2619 1565 brevi
2654 1511 2706 1566 id
2734 1514 3068 1583 explicemus
3123 1531 3391 1572 sermone.
3437 1515 3494 1572 Si
3546 1535 3724 1589 vapor

2146 1599 2404 1656 humidus
2442 1602 2494 1655 in
2531 1604 2673 1658 aeris
2720 1605 2896 1658 media
2939 1607 3162 1676 regione
3190 1608 3481 1664 subvectus
3509 1610 3721 1666 densa-

2144 1700 2255 1756 tur,
2285 1709 2385 1748 nec
2427 1701 2539 1748 tum
2588 1698 2922 1766 congelatur,
2949 1697 3006 1752 (it
3033 1699 3234 1768 pluvia,
3266 1700 3347 1754 vel
3390 1704 3721 1772 congelatur

2139 1787 2456 1857 priusquam
2526 1789 2582 1842 in
2654 1805 2847 1858 aquam
2896 1800 3260 1860 convertatur,
3302 1801 3356 1848 et
3399 1793 3458 1847 fit
3499 1796 3601 1850 nix
3647 1812 3717 1851 ex

2139 1872 2337 1943 frigore
2391 1882 2505 1928 tum
2544 1876 2756 1932 fortiori
2779 1894 2940 1948 quam
2972 1880 3177 1950 pluvia,
3207 1882 3290 1936 vel
3327 1892 3620 1955 postquam
3658 1887 3718 1941 in

2139 1979 2332 2034 aquam
2382 1966 2656 2022 resolutus
2718 1967 2901 2035 fuerit,
2934 1978 2988 2024 et
3017 1969 3075 2023 fit
3117 1973 3353 2041 grando;
3380 1975 3424 2029 si
3451 1991 3625 2045 vapor
3655 1978 3716 2032 in

2138 2053 2321 2107 intima
2372 2058 2593 2126 regione
2641 2058 2784 2114 aeris
2832 2059 3098 2125 subsidet,
3149 2063 3233 2118 vel
3289 2065 3612 2134 congelatur
3658 2075 3716 2122 et

2137 2143 2196 2199 ﬁt
2249 2147 2465 2214 pruina,
2513 2148 2599 2202 vel
2652 2164 2760 2203 non
2822 2153 3160 2220 congelatur,
3198 2163 3246 2207 et
3282 2154 3338 2209 fit
3371 2171 3480 2210 ros.
3513 2156 3710 2214 Nivem

2135 2235 2580 2291 candidissimam
2611 2238 2820 2309 nigram
2849 2240 3035 2296 invitis
3065 2244 3317 2300 sensibus
3338 2247 3555 2300 volebat
3585 2263 3712 2303 esse

2135 2329 2504 2396 Anaxagoras,
2519 2331 2644 2397 quia
2667 2337 2812 2384 esset
2833 2345 2972 2400 aqua
2997 2343 3272 2390 concreta.
3304 2334 3498 2390 Sextus
3520 2335 3711 2406 Empi-

2135 2418 2284 2473 ricus
2331 2416 2625 2490 Pyrrhon.,
2657 2420 2920 2492 Hypotyp.
2950 2425 3044 2479 lib.
3077 2443 3115 2488 ι,
3149 2441 3270 2496 cap.
3304 2426 3391 2490 l5,
3421 2427 3709 2498 Νοούμενα

2133 2511 2189 2564 δὲ
2224 2514 2584 2584 φαινομένοις,
2634 2515 2710 2577 ὠς
2752 2517 2780 2567 ὁ
2822 2514 3187 2588 Ἀναξαγόρας
3234 2518 3295 2570 τὸ
3339 2517 3536 2589 λευκὴν
3566 2514 3708 2572 εἶναι

2133 2605 2228 2676 τὴν
2275 2607 2447 2676 χιόνα,
2497 2607 2778 2671 ἀντετίθει,
2808 2608 2889 2660 ὅτι
2926 2607 3058 2678 χιὼν
3099 2608 3242 2680 ὕδωρ
3277 2610 3392 2662 ἐστὶ
3425 2611 3703 2680 ⁸τπττηγόςο

2131 2698 2193 2750 τὸ
2217 2697 2272 2750 δὲ
2296 2698 2440 2769 ὕδωρ
2471 2700 2587 2751 ἐστὶ
2617 2699 2804 2769 μέλαν,
2833 2701 2926 2753 καὶ
2953 2702 2986 2770 ἡ
3018 2699 3148 2771 χιὼν
3173 2702 3280 2772 ἀρα
3310 2701 3529 2772 μέλαινά
3558 2704 3705 2756 ἐστι.

2133 2789 2264 2855 Qum
2324 2793 2720 2861 argumentatio
2757 2793 2842 2847 vel
2886 2809 2952 2846 ex
2996 2794 3089 2846 illo
3130 2793 3246 2848 solo
3293 2793 3462 2849 refelli
3495 2802 3703 2864 potest,

2133 2883 2277 2951 quod
2335 2883 2598 2937 terminos
2654 2883 2708 2936 in
2757 2885 3220 2954 propositionibus
3253 2893 3442 2948 mutet,
3465 2900 3610 2955 quos
3658 2887 3707 2942 si

2131 2988 2242 3026 non
2288 2967 2542 3037 mutaret,
2582 2973 2696 3044 ipsa
2725 2990 2822 3044 per
2853 2991 2912 3031 se
2937 2986 3117 3031 rueret
3140 2985 3391 3047 essetque
3411 2976 3653 3032 ridicula
3689 2997 3702 3032 :

2133 3064 2248 3134 ipse
2276 3064 2356 3118 sic
2400 3064 2688 3129 formabat,
2727 3065 2829 3119 Nix.
2858 3074 2942 3121 est
2972 3083 3110 3138 aqua
3137 3077 3417 3129 concreta;
3444 3083 3590 3137 aqua
3624 3076 3708 3123 est

2131 3155 2308 3225 nigra,
2334 3170 2463 3226 ergo
2491 3155 2584 3210 nix
2613 3163 2696 3210 est
2723 3157 2874 3227 nigra
2905 3176 2917 3211 :
2952 3173 3075 3212 eum
3107 3159 3180 3212 ita
3214 3167 3358 3215 esset
3388 3158 3703 3214 formanda.

2129 3245 2228 3300 Nix
2283 3255 2365 3302 est
2408 3263 2548 3316 aqua
2608 3256 2890 3314 concreta,
2918 3263 3058 3318 aqua
3097 3258 3349 3304 concreta
3393 3258 3471 3304 est
3509 3250 3705 3321 nigra,

2130 3347 2261 3392 tunc
2311 3339 2499 3407 utique
2546 3346 2884 3408 sequeretur,
2937 3354 3067 3409 ergo
3121 3341 3215 3394 nix
3259 3349 3343 3395 est
3380 3339 3554 3410 nigra.
3599 3342 3705 3396 Sed

2128 3430 2253 3499 quis
2303 3429 2622 3484 concederet
2670 3445 2865 3500 aquam
2923 3441 3233 3486 concretam
3289 3447 3408 3490 esse
3447 3431 3709 3501 nigram?

2128 3537 2252 3575 cum
2291 3537 2486 3592 aquam
2544 3523 2708 3576 etiam
2742 3523 2914 3591 ipsam
2956 3523 3060 3578 etsi
3095 3538 3206 3577 non
3273 3533 3584 3578 concretam
3617 3527 3706 3580 ni-

2127 3629 2278 3684 gram
2303 3629 2427 3671 esse
2447 3629 2555 3670 non
2580 3613 2893 3671 allirmaret.

2199 3703 2357 3770 lhid.,
2406 3706 2502 3760 lin.
2559 3705 2646 3760 '51.
2690 3706 2756 3759 ἸΙ
2785 3706 2852 3758 δὲ
2895 3707 3125 3774 ,ϐροντὴ
3155 3706 3305 3760 κατὰ
3335 3707 3549 3760 τοῦτον
3599 3709 3707 3762 τὸν

2125 3801 2329 3867 λόγον.
2391 3798 2665 3863 Basilius,
2724 3799 2871 3853 hom.
2913 3799 2946 3851 ’5
2987 3818 2999 3852 :
3036 3799 3145 3869 Τὴν
3205 3799 3314 3868 γὰρ
3363 3798 3706 3871 στερρότητα

2127 3887 2222 3940 καὶ
2298 3888 2614 3942 ἀντιτυπίαν
2680 3887 2774 3941 τοῦ
2851 3887 3157 3958 πνεύματος
3226 3886 3319 3940 τοῦ
3388 3888 3706 3958 ἐναπολαμ-

2127 3980 2421 4051 ϐανομένου
2459 3983 2576 4044 ταῖς
2633 3980 2903 4051 κοιλότησι
2957 3980 3064 4033 τῶν
3105 3980 3303 4048 νεφῶν,
3357 3980 3450 4033 καὶ
3500 3979 3599 4032 διὰ
3645 3980 3704 4032 τὺ

2128 4071 2321 4142 βιαίως
2392 4071 2756 4143 ἐκρήγνυσθαι
2824 4072 2948 4134 τοὺς
3033 4071 3133 4132 τὰς
3201 4070 3423 4142 βροντὰς
3495 4071 3708 4124 ἀποτεο

2125 4164 2352 4227 λοῦντας
2405 4163 2628 4234 ψόφους,
2669 4164 2954 4234 στερέωσιν
2979 4163 3207 4234 βροντῆς
3241 4167 3273 4233 ἡ
3302 4161 3486 4234 Γραφὴ
3521 4179 3705 4235 προσ-

2125 4255 2440 4326 ηγόρευσεν.
2496 4253 2789 4325 Gregorius
2845 4253 3220 4308 Nazianzenus
3279 4253 3355 4307 De
3382 4253 3703 4324 theologia:

2127 4348 2192 4400 Τί
2262 4351 2350 4418 μοὶ
2411 4348 2786 4418 φιλοσοφήσεις
2849 4348 2978 4418 περὶ
3037 4346 3327 4416 ἀστραπῶν
3388 4346 3480 4398 καὶ
3539 4345 3705 4417 βρον-

461 4445 621 4492 νεσις.
657 4430 922 4501 Georgius
960 4435 1170 4494 Pisides
1201 4439 1279 4493 De
1306 4442 1488 4495 mundi
1520 4444 1758 4513 opiﬁcio,
1787 4459 1906 4514 pag.
1935 4444 2022 4509 l9.

2136 4439 2258 4505 τῶν,
2294 4434 2338 4492 ὦ
2371 4438 2604 4510 βροντῶν
2639 4439 2743 4492 ἀπὸ
2773 4439 2874 4508 γῆς
2909 4438 2995 4501 σὺ,
3025 4437 3119 4490 καὶ
3150 4436 3269 4488 οὐδὲ
3304 4435 3516 4505 μικροῖς
3542 4452 3703 4489 ar:th

456 4528 513 4577 et
551 4521 759 4580 Plinius
784 4527 882 4582 lib.
939 4544 1004 4594 tt,
1038 4532 1203 4599 capit.
1234 4533 1303 4586 42
1330 4552 1342 4588 :
1379 4533 1550 4587 Extra
1577 4537 1673 4590 has
1703 4553 1893 4590 causas
1923 4553 2026 4590 non

454 4617 750 4683 negaverim
796 4620 1048 4675 exsistere
1088 4623 1279 4678 imbres
1308 4635 1604 4696 ventosque.
1635 4627 1896 4692 Quoniam
1924 4629 2025 4680 Im-

456 4711 658 4766 midam
694 4730 726 4766 a
761 4724 924 4781 terra,
949 4718 1088 4772 alias
1118 4735 1236 4774 vero
1262 4731 1474 4791 propter
1504 4739 1744 4791 vaporem
1767 4723 2025 4792 [umidam

453 4806 705 4861 exhalare
754 4810 1032 4881 caliginem
1097 4825 1294 4868 certum
1359 4825 1455 4870 est.
1509 4815 1785 4886 Nubesque
1825 4817 2026 4887 liquore

452 4914 660 4967 egresso
691 4900 748 4953 in
796 4901 1043 4968 sublime,
1085 4915 1177 4958 aut
1209 4921 1272 4960 ea:
1302 4924 1418 4961 aere
1471 4919 1651 4961 coacto
1683 4911 1736 4961 in
1771 4909 2023 4978 liquorem

451 4991 614 5061 gigni.
651 4991 896 5048 Densitas
936 5011 1119 5049 earum
1161 5013 1447 5069 corpusque
1474 4998 1614 5052 haud
1644 4999 1802 5056 dubio
1850 5002 2024 5070 conje-

454 5089 630 5134 ctatur
683 5095 1011 5154 argumento,
1063 5103 1181 5140 cum
1230 5089 1390 5142 solem
1443 5089 1770 5156 obumbrent,
1822 5095 2024 5160 perspi-

453 5189 610 5226 cuum
648 5174 786 5229 alias
825 5178 985 5230 etiam
1024 5179 1358 5232 minantibus
1409 5181 1465 5234 in
1515 5183 1747 5251 qualibet
1802 5184 2026 5252 profun-

453 5263 580 5318 dam
621 5283 880 5337 aquarum
922 5269 1277 5328 altitudinem.
1310 5272 1521 5328 Etenim
1557 5289 1625 5329 ex
1657 5290 1858 5345 vapore
1889 5277 2022 5332 solis

453 5353 506 5406 vi
538 5355 748 5412 elevato
777 5359 832 5412 in
863 5359 1097 5414 mediam
1135 5364 1410 5433 regionem
1448 5364 1590 5420 aeris
1632 5367 1896 5435 paulatim
1924 5367 2024 5421 fri-

453 5455 585 5510 gore
613 5447 786 5502 nubes
805 5448 1262 5522 densantur,quaa
1289 5454 1490 5518 calore,
1520 5457 1604 5509 vel
1639 5457 1746 5510 alio
1765 5459 2021 5528 quopiam

455 5530 769 5590 stimulante
803 5539 1105 5608 liqueliunt,
1133 5550 1186 5596 et
1216 5543 1565 5599 resolvuntur
1594 5546 1649 5599 in
1680 5562 1898 5616 aquam,
1923 5549 2022 5602 de-

455 5623 828 5694 sceuduntque
878 5630 1239 5690 diversimode
1274 5654 1372 5705 pro
1404 5638 1624 5707 vaporis
1676 5639 2021 5694 dissimilitu-

456 5711 584 5765 dine
620 5729 632 5768 :
668 5714 713 5766 si
752 5721 892 5772 enim
924 5737 1088 5791 vapor
1123 5727 1220 5780 fuit
1253 5732 1447 5796 rarior,
1481 5733 1733 5800 guttatim
1762 5733 2017 5788 dilabun-

2130 4532 2292 4604 θῆρσι
2317 4531 2416 4601 τῆς
2438 4531 2692 4602 ἀληθείας
2715 4530 3053 4600 λαμπόμενε,
3076 4531 3226 4591 τίνας
3249 4529 3453 4598 ἀτμοὺς
3475 4527 3700 4598 αἰτιάσῃ

2129 4626 2322 4692 νέφους
2349 4623 2730 4693 δημιουργοὺς,
2753 4623 2784 4694 ἢ
2811 4622 2968 4692 ἀέρος
2994 4619 3267 4674 πύκνωσίν
3290 4637 3430 4682 τινα,
3456 4620 3488 4688 ἢ
3515 4619 3702 4688 νεφῶν

2131 4715 2237 4768 τῶν
2271 4715 2582 4784 μανοτάτων
2616 4713 2790 4782 θλίψιν
2817 4713 2850 4781 ἦ
2884 4711 3177 4783 σύρρηξιν;
3217 4711 3301 4763 ἵνα
3328 4714 3361 4780 ἠ
3399 4711 3493 4780 μὲν
3517 4709 3700 4778 θλίψις

2133 4809 2215 4861 σοὶ
2247 4808 2346 4878 τὴν
2377 4806 2684 4878 ἀστραπὴν,
2716 4807 2749 4875 ἡ
2789 4805 2845 4855 δὲ
2875 4803 3029 4874 ῥῆξις
3061 4802 3156 4873 τὴν
3197 4802 3421 4872 βροντὴν
3451 4803 3554 4854 ἀπε
3566 4803 3700 4871 ργάρ

2131 4919 2312 4971 σηται.
2339 4901 2486 4952 ποῖον
2538 4898 2592 4950 δὲ
2639 4895 2855 4966 πνεῦμα
2905 4892 3418 4964 στενοχωρούμενον,
3450 4888 3574 4945 εἶτα
3601 4894 3698 4945 οὐκ

2126 4993 2248 5062 ἔχον
2270 4990 2516 5055 διέξοδον,
2537 4989 2624 5042 ἴνα
2652 4986 2901 5059 ἀστράψη
2932 4985 3265 5055 θλιϐόμενον,
3301 4985 3395 5037 καὶ
3429 4983 3695 5054 βροντήσῃ

2127 5085 2496 5156 ρηγνύμενονς
2524 5098 2590 5136 ex
2612 5080 2809 5148 quibus
2834 5081 3011 5132 locum
3029 5077 3296 5131 Eustathii
3325 5078 3399 5130 ita
3426 5076 3690 5131 restituo:

2115 5179 2204 5231 -'H
2233 5178 2288 5230 δὲ
2319 5175 2513 5247 βροντὴ
2544 5175 2685 5227 κατὰ
2712 5171 2899 5224 τοῦτον
2927 5172 3017 5223 τὸν
3058 5170 3216 5236 λόγον
3262 5171 3328 5237 τῇ
3377 5168 3694 5241 στερρότητι

2127 5273 2222 5326 καὶ
2252 5269 2346 5324 τοῦ
2385 5267 2692 5337 πνεύματος
2733 5265 3023 5335 ἀντιτυπία
3060 5264 3287 5332 γίνεται.
3315 5261 3558 5316 Celebris
3595 5261 3695 5314 fuit

2127 5379 2320 5420 eorum
2341 5361 2526 5431 opinio
2552 5359 2647 5430 qui
2671 5358 3077 5420 existimarunt,
3107 5355 3317 5408 tonitru
3341 5353 3459 5409 ﬁeri
3485 5354 3693 5408 exstin-

2125 5456 2307 5510 ctione
2354 5453 2498 5522 ignis
2539 5450 2777 5506 nubibus
2807 5447 3112 5517 intercepti.
3142 5445 3210 5499 Et
3236 5445 3691 5516 quemadmodum

2124 5549 2332 5604 ferrum
2377 5546 2618 5600 candens
2661 5545 2717 5598 in
2761 5557 2955 5611 aquam
3002 5540 3317 5594 immersam
3360 5537 3581 5602 stridet,
3621 5537 3692 5591 ita

2123 5643 2268 5711 ignis
2288 5641 2398 5699 ille.
2429 5639 2513 5692 vel
2542 5637 2697 5692 stella
2729 5635 2918 5705 ignita,
2943 5639 3002 5686 ut
3032 5631 3359 5700 opinabatur
3400 5629 3687 5698 Epicurus.

2127 5736 2180 5791 in
2214 5734 2409 5790 nubem
2439 5731 2659 5801 delapsa
2686 5727 2974 5784 stridorem
3001 5723 3224 5790 excitat,
3256 5724 3335 5778 sic
3368 5723 3424 5777 in
3458 5721 3688 5778 nubibus
