3840 6164
147 361 268 416 855

1177 361 1244 417 ΙΝ
1283 362 1658 419 EUSTATHII
1696 364 2182 422 HEXAEMERON
2222 366 2454 424 NOTAE.

3298 378 3402 434 834

147 473 483 540 contingere
519 473 845 530 fatebantur.
875 472 1031 530 Hunc
1067 476 1362 531 stridorem
1406 477 1481 530 ita
1518 476 1705 532 deseri

1831 477 2026 547 ἄμμον
2047 478 2212 547 ὅριον
2236 478 2311 548 τῇ
2336 478 2653 550 θαλάσσῃ;
2678 483 2769 554 Τῷ
2793 485 3162 558 ἀσθενεστάτῳ
3187 488 3402 546 πάντων

144 568 271 636 psit
297 565 546 623 Ovidius.

227 676 539 750 Terribilem
568 676 792 750 stridore
821 694 1004 732 sonum
1027 677 1192 742 dedit,
1224 689 1280 750 at
1303 681 1433 735 dare
1459 682 1658 750 ferrum

223 746 358 820 I_gne
393 749 578 820 rubens
601 749 1074 820 plerumqnesolet,
1106 749 1244 820 quod
1275 746 1472 820 forcipe
1499 770 1658 808 curva

223 815 364 870 Cum
397 818 544 884 faber
565 815 744 870 eduxit
775 815 989 872 lacubus
1018 815 1358 883 demittit,'at
1387 815 1520 876 illud

224 886 453 948 Stridet,
487 898 535 941 et
569 888 623 941 in
659 887 832 955 tepida
861 890 1189 944 submersum
1225 891 1404 944 sibilat
1431 892 1591 946 unda.

141 993 380 1051 Necnon
411 1011 464 1050 et
493 995 799 1064 Lucretius,

223 1107 320 1180 Fit
350 1126 547 1180 quoque
575 1109 663 1163 ubi
698 1127 725 1164 e
752 1110 883 1164 nube
908 1111 963 1163 in
998 1111 1182 1166 nubem
1210 1115 1284 1167 vis
1316 1114 1505 1168 incidit
1535 1116 1724 1170 ardens

221 1179 516 1254 fulminis,
541 1181 650 1254 Iiwc
678 1182 842 1234 multo
870 1184 916 1234 si
949 1182 1081 1248 forte
1111 1183 1325 1238 [tumore
1351 1187 1540 1254 recepit

223 1247 680 1322 lgnemcontinuo
703 1268 890 1322 magno
919 1247 1149 1305 clamore
1179 1257 1400 1308 trucidet
1427 1273 1447 1309 .°

226 1307 298 1390 ljt
328 1321 516 1374 calidis
545 1325 771 1375 candens
790 1307 1002 1390 “ferrum
1033 1340 1058 1376 e
1091 1307 1393 1389 fornacibus
1421 1327 1550 1380 olim

221 1389 426 1443 Stridet
448 1391 544 1454 ubi
559 1393 610 1442 in
630 1389 859 1461 gelidum
881 1408 1098 1461 propere
1117 1393 1462 1448 demersimus
1486 1398 1721 1451 imbrem.

136 1480 464 1536 Aristotelis
489 1489 544 1537 et
581 1483 813 1537 aliorum
852 1500 1092 1538 veterum
1123 1487 1577 1557 philosophorum
1609 1491 1726 1558 pla-

139 1573 266 1626 cita
293 1573 361 1627 de
390 1575 741 1644 generatione
775 1578 998 1630 tonitrui
1034 1578 1148 1648 lege
1177 1580 1316 1648 apud
1347 1582 1722 1647 Aristotelem,

137 1663 247 1718 lib.
283 1681 322 1718 ιι
361 1663 605 1730 Meteon,
649 1683 772 1737 cap.
803 1669 938 1736 ult.;
987 1668 1249 1724 Senecam
1282 1672 1374 1726 lib.
1406 1689 1442 1726 ιι
1465 1672 1720 1727 Natural.

135 1767 363 1827 φηςι,
403 1773 524 1830 cap.
571 1760 672 1827 l7;
714 1761 1069 1816 Plutarchum
1120 1764 1214 1818 lib.
1266 1780 1325 1817 ιιι
1367 1763 1444 1818 De
1489 1767 1721 1833 placitis,

137 1863 274 1919 cap.
319 1849 388 1917 ὅς
439 1849 676 1906 Plinium
736 1853 830 1908 lib.
870 1871 929 1917 ιι,
961 1869 1081 1925 cap.
1113 1855 1213 1920 45,
1267 1865 1320 1911 et
1367 1858 1420 1910 in
1471 1859 1721 1914 eumdem

137 1951 442 1996 comment.
488 1942 675 2000 Jacobi
732 1945 954 2000 Milichii
985 1965 1000 2014 ;
1035 1948 1345 2002 Lucretium
1385 1950 1478 2004 lib.
1514 1967 1596 2015 vn;
1630 1952 1724 2003 Al-

136 2033 368 2089 bertum
418 2035 669 2107 Magnum
720 2045 942 2094 tractat.
967 2040 1020 2106 5,
1061 2041 1156 2094 lib.
1193 2057 1276 2106 ιιι,
1308 2056 1427 2111 cap.
1461 2041 1522 2107 2;
1555 2040 1723 2097 Joan-

137 2141 273 2180 nem
311 2125 610 2191 Stobaauni,
653 2129 708 2183 in
743 2129 955 2201 Eclogis
991 2131 1244 2202 physicis,
1289 2147 1412 2202 cap.
1462 2133 1560 2198 15;
1600 2134 1720 2187 Ori-

138 2231 342 2287 genem
369 2217 461 2272 lib.
493 2233 508 2270 ι
535 2217 753 2272 Elenchi
781 2220 962 2274 Itazret.
992 2231 1045 2275 et
1081 2223 1235 2276 alios.

213 2308 338 2361 Col.
368 2308 488 2374 712,
529 2310 623 2364 lin.
665 2311 753 2365 55.
785 2313 1066 2382 Συνήχθη
1095 2313 1158 2366 τὸ
1189 2313 1362 2381 ὕδωρ.
1410 2313 1484 2369 De
1511 2315 1721 2384 origine

135 2400 318 2454 maris
352 2417 460 2455 non
485 2409 701 2457 constat
732 2403 873 2458 inter
907 2405 1282 2476 phil050phos.
1311 2406 1719 2461 Anaximander

132 2500 192 2546 et
214 2491 484 2562 Diogenes
512 2510 730 2550 omnem
747 2497 966 2575 locum,
987 2499 1078 2568 qui
1107 2506 1308 2553 terram
1333 2500 1522 2563 ambit,
1550 2499 1722 2556 fuisse

134 2584 453 2652 humidum,
486 2596 540 2641 et
576 2603 717 2658 aqua
748 2589 1016 2658 repletum
1047 2591 1454 2654 existimarunt,
1479 2599 1590 2644 tum
1624 2607 1717 2648 so-

133 2675 209 2732 lis
257 2677 455 2733 ardore
500 2680 838 2734 exsiccatum
892 2680 1181 2749 plurimam
1238 2681 1358 2750 ejus
1411 2692 1619 2750 partem
1662 2682 1717 2738 in

132 2783 402 2840 vaporem
450 2771 673 2836 abiisse,
721 2787 840 2826 eam
890 2788 1021 2827 vero
1061 2788 1181 2842 qua:
1227 2776 1511 2839 remansit,
1567 2790 1718 2829 mare

133 2861 503 2917 constituere.
556 2865 907 2933 Anaxagoras
954 2871 1008 2919 et
1062 2863 1403 2919 Metrodorus
1453 2874 1718 2936 putarunt

133 2967 296 3008 mare
328 2969 452 3010 esse
483 2962 642 3010 terra!
675 2958 932 3012 sudorem
965 2957 1097 3012 solis
1127 2958 1530 3022 incalescentis,
1567 2959 1717 3014 ideo-

132 3059 247 3114 que
277 3045 504 3108 salsum,
541 3046 668 3116 quia
712 3046 880 3102 sudor
912 3049 1091 3102 salsus
1125 3055 1227 3102 est.
1263 3047 1336 3102 De
1368 3048 1454 3103 his
1485 3051 1710 3105 Aristot.

132 3135 238 3190 lib.
266 3150 308 3188 ιι
341 3133 586 3197 Meteon,
621 3138 798 3206 cap.-l
828 3153 842 3202 ;
871 3147 924 3192 et
954 3136 1301 3202 Plutarchus,
1329 3138 1422 3193 lib.
1454 3138 1524 3192 De
1543 3141 1713 3208 placi-

1831 570 1896 638 τῇ
1928 569 2140 640 ψάμμῳ
2171 571 2204 641 ἡ
2231 574 2353 634 ταῖς
2384 570 2525 640 βίαις
2555 573 2825 645 ἀφόρητος
2855 577 3182 646 χαλινοῦται.
3215 582 3401 636 Admi—

1829 659 2059 714 randam
2099 660 2194 716 Dei
2228 664 2550 733 potentiam,
2588 674 2642 720 et
2680 665 2734 718 in
2758 682 2929 736 genus
2957 669 3257 725 humanum
3294 674 3402 726 cle-

1830 750 2111 813 mentiam,
2135 750 2264 804 dum
2287 750 2599 808 furentibus
2623 754 2784 809 undis
2804 757 3070 812 terminos
3093 761 3398 826 constituit,

1830 839 2176 910 impetusque
2204 839 2468 897 ﬂuctuum
2493 843 2736 909 cohibet,
2762 853 2816 900 et
2841 843 3007 901 arena
3040 851 3199 917 quasi
3230 853 3402 906 inter-

1830 933 1982 988 stitio
2010 935 2248 1004 quodam
2278 950 2428 990 mare
2456 935 2803 991 discriminat
2831 953 2862 991 a
2886 942 3212 1006 continenti,
3241 951 3292 997 ct
3317 959 3404 1014 pe-

1827 1025 2063 1080 riculum
2096 1035 2267 1092 arcet,
2303 1029 2504 1084 summi
2541 1029 2645 1084 viri
2675 1046 2886 1086 summa
2918 1034 3228 1104 eloquentia
3264 1052 3404 1106 pra-

1828 1117 2013 1172 dicare
2042 1121 2224 1174 conati
2256 1129 2420 1188 sunt;
2458 1135 2644 1185 unam,
2679 1123 2764 1177 vel
2795 1124 3018 1178 alteram
3052 1141 3243 1181 eorum
3277 1143 3404 1184 seno

1825 1211 2076 1279 tentiam,
2110 1213 2239 1282 quia
2271 1214 2680 1284 elegantissima
2718 1226 2822 1282 est,
2867 1233 2976 1270 non
3004 1220 3274 1288 gravabor
3301 1222 3400 1276 de-

1827 1301 2089 1358 scribere.
2115 1302 2556 1376 TheOphylactus
2581 1305 2909 1372 Simocatus,
2931 1309 3090 1378 episu
3114 1310 3180 1366 5:
3205 1312 3404 1384 Ὄρους

1825 1394 1853 1445 6
1889 1393 2216 1465 δημιουργὸς
2264 1397 2358 1450 καὶ
2393 1397 2471 1468 τῷ
2518 1397 2786 1470 θαλαττίῳ
2835 1399 3113 1466 διετάξατο
3145 1377 3397 1470 κλύδωνι,
3440 1377 3451 1396 δ

1825 1484 1919 1536 καὶ
1945 1488 2056 1548 τοῖς
2083 1485 2348 1553 αἰγιαλοῖς
2377 1487 2435 1540 τὸ
2469 1488 2724 1557 πελάγιον
2773 1490 3124 1560 κεχαλίνωται
3163 1493 3396 1564 ῥεῖθρον.

1825 1574 1936 1625 Καὶ
1963 1573 2185 1645 ψάμμος
2223 1594 2305 1640 τις
2343 1577 2436 1629 ἐπλ⁴
2481 1580 2654 1649 μικρᾷ
2693 1580 2902 1652 ἠπείρῳ
2943 1580 3179 1654 θαλάττῃ
3216 1584 3400 1653 μεταί-

1825 1681 2011 1735 χμιον.
2059 1668 2131 1718 Ού
2177 1668 2281 1739 γὰρ
2324 1668 2531 1722 ἀδικεῖν
2567 1673 2600 1741 ἡ
2637 1670 2874 1724 θάλαττα
2912 1671 3014 1743 τὴν
3052 1674 3264 1741 γείτονα
3296 1677 3399 1747 γῆν

1827 1755 2258 1828 συγκεχώρηται’
2293 1759 2646 1830 παλινδρομεῖ
2671 1761 2726 1814 δὲ
2751 1761 2888 1832 πρὸς
2913 1762 3068 1815 ἐαυτὸ
3099 1764 3159 1816 τὸ
3190 1765 3398 1836 ῥεῖθρον

1757 1824 1798 1877 Β
1828 1824 2150 1916 μαινόμενον
2176 1848 2416 1920 μεγάλην
2439 1824 2736 1920 ἀπειλῆσαν
2762 1824 2826 1923 τῇ
2854 1853 3032 1924 χέρσῳ
3053 1856 3150 1926 τὴν
3180 1824 3394 1924 ἐφοδονς

1822 1937 2066 1992 Andreas
2089 1938 2367 1998 Cretensis
2389 1944 2637 1998 oratione
2663 1962 2674 1996 :
2700 1946 2792 2008 Εἰς
2817 1946 2908 1999 τὸν
2931 1947 3267 2018 ἀνθρώπινον
3283 1948 3397 2019 βίον

1822 2031 1916 2082 καὶ
1941 2033 2017 2093 είς
2043 2033 2167 2094 τοὺς
2195 2033 2576 2104 κοιμηθέντας.
2608 2037 2700 2100 Τίς
2726 2039 2754 2088 ό
2775 2037 2944 2099 τιθεὶς
2969 2039 3219 2111 ¹θαλάσσῃ
3248 2041 3396 2111 φάμα

1824 2139 1923 2192 μον
1956 2124 2133 2194 ὅριον;
2167 2125 2320 2196 Φόϐῳ
2358 2126 2414 2179 δὲ
2455 2127 2597 2191 τίνος
2634 2129 2988 2201 χαλινουμένη
3027 2131 3392 2198 συστέλλεται,

1821 2215 1915 2266 κα)⁸
1952 2216 2272 2286 ἡμεροῦται,
2305 2219 2398 2272 καὶ
2443 2219 2551 2274 τῶν
2596 2220 2740 2274 ίδίων
2788 2221 2928 2290 ὅρων
2957 2221 3106 2285 ἐντὸς
3138 2223 3394 2276 καθελκο-

1824 2305 1956 2377 μένη
2003 2308 2302 2378 συνέχεται,
2340 2309 2435 2362 κα).
2481 2309 2652 2380 ὑγράς
2701 2310 2760 2361 οὐ
2815 2312 3146 2383 παρατρέχει
3201 2312 3389 2384 θύρας,

1819 2395 1936 2448 ἀλλ’
1959 2397 2033 2462 ὡς
2065 2399 2330 2470 φορὸαιάν
2356 2400 2496 2453 κατά
2523 2401 2693 2472 στόμα
2713 2404 2774 2454 τὺ
2797 2401 3123 2474 πρόσταγμα
3149 2405 3389 2475 φέρουσα

1818 2488 1917 2560 τῆς
1946 2489 2045 2558 μὲν
2075 2493 2312 2558 γείτονος
2341 2492 2789 2557 κατεξανίσταται
2821 2495 2940 2564 γῆς,
2983 2497 3061 2559 είς
3105 2497 3300 2567 ἑαυτὴν
3331 2497 3388 2548 δὲ

1818 2579 2212 2644 ἁναποδίζουσα
2241 2581 2444 2644 ὑπτίως
2470 2582 2560 2636 τὸν
2593 2583 2692 2653 μὲν
2723 2584 2892 2654 ἀτμὸν
2923 2585 3218 2657 ἐξαφρίξει,
3253 2589 3388 2658 πρὸς

1817 2670 1872 2723 δέ
1899 2670 1968 2723 τὰ
1997 2672 2147 2742 χείλη
2178 2673 2254 2744 τῷ
2291 2674 2434 2744 σάλῳ
2465 2675 2829 2746 συμφύρεται,
2862 2679 2954 2730 καὶ
2983 2680 3118 2750 πρὸς
3147 2679 3388 2733 τούπίσω

1817 2767 1984 2835 χωρεῖ
2037 2764 2099 2816 τὸ
2151 2765 2391 2818 δουλικὸν
2449 2767 2836 2839 ύπογράφοοσα
2885 2772 3086 2842 σχῆμα.
3131 2771 3385 2828 Omnium

1815 2855 2220 2924 elegantissime
2255 2854 2561 2911 Methodius
2598 2857 2914 2916 Patarensis
2940 2863 3252 2932 cpiscopus,
3284 2865 3382 2918 lib.

1814 2943 1893 2997 De
1917 2943 2080 2997 libero
2109 2943 2356 3009 arbitrio,
2379 2947 2479 2999 ubi
2506 2944 2854 3001 Valentinum
2889 2951 2962 3002 ita
2995 2951 3124 3006 facit
3159 2953 3387 3022 loquen-

1813 3042 1921 3089 tem
1946 3051 1958 3086 :
1993 3035 2134 3098 Χθές
2161 3035 2221 3088 τὸ
2248 3035 2471 3089 δειλινὸν
2503 3040 2836 3109 περιπατῶν,
2867 3034 2911 3094 ὧ
2947 3041 3084 3110 φίλε,
3118 3043 3265 3114 παρὰ
3292 3044 3384 3098 τὸν

1812 3128 1911 3198 τῆς
1947 3127 2220 3199 θαλάσσης
2245 3129 2508 3197 αἰγιαλὸν,
2537 3132 2628 3183 καὶ
2662 3132 2826 3196 ὀξέως
2865 3133 2980 3196 πῶς
3018 3135 3274 3199 ἀτενίζων
3302 3137 3384 3200 εἰς

133 3230 206 3282 tie
237 3228 558 3298 philosoplt.,
597 3244 718 3299 cap.
762 3228 845 3292 16,
883 3238 936 3285 et
975 3231 1064 3283 alii
1097 3231 1151 3284 in
1183 3232 1301 3300 ipso
1330 3232 1519 3286 mundi
1552 3247 1705 3286 exor-

1813 3220 2004 3291 αὐτὴν,
2044 3219 2229 3290 ἐώρων
2261 3221 2563 3293 ὑπερϐολήν
2602 3240 2722 3276 τινα
2768 3225 2920 3289 θείας
2957 3227 3256 3298 δυνάμεως,
3287 3230 3383 3284 καὶ

130 3319 252 3383 dio,
283 3334 411 3373 cum
456 3319 599 3375 Deus
639 3336 808 3390 aquas
840 3337 1008 3375 unum
1051 3321 1106 3376 in
1149 3323 1327 3377 locum
1363 3326 1706 3390 secrevisset,

130 3410 280 3465 duos
315 3411 528 3480 globos,
567 3427 731 3464 unum
759 3426 930 3481 aquas,
959 3413 1195 3467 alterum
1221 3421 1400 3478 terrae,
1433 3415 1536 3469 etsi
1566 3416 1709 3470 inter

129 3517 196 3558 se
221 3503 494 3567 diversos,
521 3502 816 3558 continuos
843 3512 1025 3558 tamen
1059 3504 1350 3560 mansisse.

208 3591 368 3657 lbid.,
398 3594 494 3649 lin.
532 3594 620 3648 58.
666 3594 788 3648 Ἵνα
819 3597 904 3664 μὴ
944 3597 1010 3648 ἐκ
1043 3594 1162 3648 τῶν
1193 3598 1438 3666 χωρίων.
1470 3597 1705 3656 Basilius

125 3685 286 3740 hom.
320 3685 392 3738 ιε
429 3687 549 3740 Ἵνα
580 3686 654 3756 μὴ
699 3687 758 3739 τὸ
798 3687 1051 3758 ἐπιρρέον
1089 3687 1230 3760 ὕδωρ
1265 3689 1372 3743 τῶν
1402 3690 1704 3760 δεχομένων

124 3776 267 3829 αὑτὴ
315 3777 526 3848 χωρίων
580 3779 997 3849 ὑπερχεόμενον,
1056 3780 1406 3849 μετεκϐαῖνον
1455 3781 1565 3846 ἀεὶ,
1609 3783 1703 3836 καὶ

123 3867 267 3922 ἄλλα
298 3869 359 3936 ἐξ
386 3869 557 3925 ἄλλων
587 3871 847 3942 πληροῦν,
879 3874 1058 3924 πᾶσαν
1087 3873 1226 3926 κατά
1251 3874 1311 3926 τὸ
1338 3877 1556 3946 συνεχὲς
1584 3878 1704 3929 ἐπι-

122 3959 306 4030 κλύσῃ
338 3961 436 4031 τὴν
477 3963 725 4032 ἦπειρον,
760 3962 1050 4034 ἐκελεύσθη
1098 3965 1422 4037 συναχθῆναι
1457 3970 1532 4030 εἰς
1576 3985 1703 4022 συν-

121 4055 356 4126 αγωγὴν
386 4055 530 4124 μίαν.
561 4055 634 4109 Ex
656 4055 855 4126 quibus
884 4056 957 4108 ita
988 4057 1164 4109 locum
1197 4057 1458 4112 Eustathii
1488 4061 1697 4130 supple,

120 4145 218 4196 ἵνα
250 4143 325 4214 μὴ
354 4145 417 4196 ἐκ
445 4144 552 4197 τῶν
584 4145 818 4217 χωρίων,
850 4144 976 4198 ἔνθα
1010 4145 1147 4209 ἐστὶ,
1179 4147 1574 4219 ὑπερχεόμενον
1605 4151 1699 4203 καὶ

117 4235 457 4290 ὑπεκὸαἰνον
486 4238 633 4289 ὲπικ.
661 4237 758 4306 τὴν
781 4237 836 4307 ἦ.
863 4235 1036 4305 Hujus
1070 4245 1250 4292 autem
1279 4240 1545 4294 rationem
1575 4245 1698 4312 qui-

115 4328 252 4383 dam
282 4341 402 4382 esse
425 4328 612 4382 volunt
636 4329 1058 4396 propensionem
1084 4327 1315 4393 scilicet,
1341 4345 1503 4399 quam
1535 4331 1696 4388 habet

115 4431 268 4487 aqua
299 4425 357 4470 ut
388 4431 507 4470 sese
542 4416 597 4469 in
628 4413 919 4469 rotundam
967 4414 1194 4484 ﬁguram
1230 4418 1540 4488 conglobet,
1576 4437 1695 4490 qua:

1810 3312 1982 3382 σοφῆς
2011 3313 2320 3383 ἐπιστήμης
2346 3314 2563 3386 τέχνην,
2598 3316 2652 3368 εἴ
2669 3333 2732 3384 γε
2759 3319 2852 3370 καὶ
2876 3318 3070 3390 τέχνην
3094 3320 3155 3372 τὸ
3172 3321 3380 3375 τοιοῦτο

1808 3402 1992 3455 καλεῖν
2016 3404 2144 3474 χρή.
2175 3405 2384 3473 Ὠσπερ
2413 3404 2521 3474 γὰρ
2549 3407 2577 3458 6
2619 3405 2912 3478 Ὁμηρικὸς
2939 3407 3120 3478 στίχος
3148 3410 3380 3480 φθέγγε-

1805 3512 1894 3548 ται
1926 3497 2146 3559 ἐκεῖνος’

1852 3634 1946 3700 Ὠς
1975 3635 2024 3687 δ’
2053 3634 2257 3705 ἄνεμοι
2278 3636 2384 3689 δύο
2407 3637 2630 3689 πόντον
2659 3635 2926 3703 ὀρίνετον
2957 3637 3270 3705 ἰχθυόεντα

1839 3705 2081 3772 Βορέης,
2117 3708 2212 3758 καὶ
2244 3707 2526 3774 Ζέφυρος,
2552 3706 2692 3760 τώτε
2722 3707 3026 3775 Θρῄκηθεν
3049 3708 3236 3775 ἄητον

1852 3777 2107 3830 Ἐλθών-τ’
2131 3778 2441 3842 ἐξαπίνης,
2471 3776 2684 3846 ἄμυδις
2708 3776 2775 3830 δέ
2806 3794 2869 3830 τε
2892 3778 3051 3846 κῦμα
3075 3779 3356 3834 κελαινὸν

1837 3849 2176 3913 Κορθύεται,
2210 3847 2444 3900 πολλὸν
2473 3847 2540 3900 δὲ
2559 3847 2748 3914 παρὲξ
2773 3847 2892 3901 ἅλα
2917 3849 3108 3916 φῦκος
3128 3849 3366 3917 ἔχευαν

1801 3962 1942 4015 οὕτω
1977 3981 2066 4033 μοι
2109 3963 2203 4015 καὶ
2247 3963 2375 4032 χθὲς
2406 3963 2683 4030 γεγονέναι
2732 3963 2899 4017 δοκεῖ.
2927 3965 3207 4036 Κορυφαῖς
3259 3966 3370 4039 γὰρ

1800 4052 1969 4123 ὀρέων
2001 4053 2382 4124 παραπλήσιον
2426 4051 2609 4123 ἐώρων
2655 4051 2896 4124 κύματα,
2948 4052 3063 4117 καὶ,
3108 4054 3182 4117 ὼς
3212 4054 3370 4123 λόγον

1799 4145 1992 4204 εἰπεῖν,
2024 4142 2187 4195 αὑτοῦ
2224 4142 2587 4213 ἐφικνούμενα
2609 4142 2702 4196 τοῦ
2731 4143 2977 4215 ούρανοῦ.
3016 4144 3088 4197 Τὸ
3111 4144 3156 4198 δ’
3188 4145 3370 4200 ἐντεῦ-

1799 4233 1889 4286 θεν
1931 4235 2082 4287 οὐδὲν
2127 4233 2310 4305 ἕτερον
2345 4234 2688 4305 προσεδόκων
2717 4234 2750 4304 ἢ
2787 4234 3002 4288 ἆπασαν
3035 4236 3366 4310 ἐπικλυσθή-

1798 4326 1984 4380 σεσθαι
2013 4327 2111 4396 τὴν
2139 4326 2262 4395 γῆν·
2292 4326 2384 4379 καί
2424 4342 2510 4395 μοι
2556 4327 2732 4396 φυγῆς
2770 4328 2826 4379 ἐν
2854 4326 2932 4396 τῷ
2959 4325 3038 4380 νοῒ
3064 4327 3246 4394 τόπον,
3274 4329 3366 4384 καὶ

1793 4414 1891 4486 τὴν
1933 4415 2026 4468 τοῦ
2079 4415 2202 4468 Νῶε
2248 4414 2576 4469 ἀνέπλαττον
2621 4415 2868 4470 κιϐωτόν.
2921 4417 2994 4469 Τὸ
3039 4417 3082 4470 δ’
3115 4419 3214 4470 ούκ
3245 4414 3365 4491 ἦνδ

113 4508 192 4563 ad
222 4509 345 4575 ejus
374 4508 628 4577 impetum
673 4507 1038 4560 cohibendum
1075 4509 1210 4564 satis
1238 4525 1358 4564 esse
1390 4511 1493 4565 sibi
1528 4524 1692 4567 autu-

1811 4505 2062 4577 ενόμιζον,
2091 4506 2225 4560 ἀλλά
2252 4505 2361 4578 γὰρ
2402 4506 2517 4577 ἅμα
2558 4507 2896 4578 κυρτωθῆναι
2928 4506 3024 4590 τὴν
3065 4507 3358 4574 θάλασσαν,

112 4608 278 4655 mant
303 4601 546 4668 exemplo
572 4608 842 4669 guttarum
874 4613 995 4668 qua:
1022 4615 1052 4653 e
1075 4601 1270 4669 tegulis
1296 4602 1550 4671 pendent,
1588 4621 1688 4660 nec

111 4693 318 4746 ﬂuunt.
345 4691 449 4745 Alii
476 4691 672 4745 divinae
695 4691 950 4759 potentiae
983 4699 1036 4746 et
1062 4692 1290 4746 bonitati
1323 4693 1377 4747 id
1400 4705 1687 4766 acceptum

107 4783 388 4849 referunt,
409 4798 528 4853 qua:
571 4783 820 4837 humanae
843 4783 1037 4837 salutis
1061 4791 1115 4838 et
1143 4785 1264 4839 vita:
1294 4788 1469 4856 gratia
1499 4789 1688 4846 furens

108 4890 183 4930 ac
214 4875 506 4929 imminens
529 4890 698 4941 mare,
723 4875 888 4928 veluti
912 4875 1152 4945 quodam
1175 4875 1329 4932 freno
1357 4882 1685 4948 compescit,

107 4978 170 5023 et
197 4967 311 5035 jam
335 4967 576 5036 proclive
603 4968 912 5032 contundit,
951 4968 1114 5038 idque
1139 4969 1340 5024 habent
1367 4979 1420 5024 et
1453 4987 1515 5026 ex
1551 4973 1685 5029 locis

106 5059 361 5124 Patrum,
401 5074 542 5129 quos
587 5058 730 5113 infra
773 5059 1128 5128 adducemus,
1171 5068 1224 5115 et
1267 5077 1333 5117 ex
1363 5063 1486 5118 aliis
1515 5079 1685 5119 sacrae

109 5151 414 5219 Scriptura:
444 5150 790 5214 testimoniis,
821 5165 943 5220 quae
980 5152 1185 5220 passim
1215 5153 1437 5209 cuilibet
1482 5171 1680 5211 occur-

104 5251 266 5298 runt.

180 5333 342 5398 lbid.,
382 5333 480 5388 lin.
527 5334 617 5388 40.
659 5333 763 5387 Διὰ
792 5334 966 5388 τοῦτο
997 5333 1328 5404 μαινομένη
1361 5337 1679 5405 πολλάκις.

101 5427 346 5482 Basilius
383 5426 532 5481 hom.
571 5426 606 5479 4
631 5426 763 5480 εΔιά
801 5425 960 5478 τοῦτο
1003 5427 1295 5498 μαινομένη
1330 5427 1588 5493 πολλάκις
1620 5429 1679 5495 ἐξ

97 5519 325 5590 ἀνέμων
363 5519 396 5588 ἡ
436 5519 678 5572 θάλασσα
711 5519 804 5570 καὶ
836 5520 914 5581 εἰς
955 5517 1084 5587 ὕψος
1119 5520 1371 5588 μέγιστον
1405 5521 1677 5576 διανιστα-

1797 4597 1958 4650 πάλιν
1990 4597 2238 4650 ἀνελύετο
2264 4601 2341 4660 εἰς
2364 4599 2583 4670 ἑαυτὴν,
2614 4599 2711 4668 οὐχ
2741 4598 3138 4669 ὑπερϐαίνουσα
3161 4601 3252 4654 τὸν
3279 4602 3358 4654 οἰ-

1795 4691 1936 4741 κεῖον
1967 4689 2150 4752 τόπον,
2183 4689 2258 4751 ὼς
2289 4689 2416 4752 ἔπος
2443 4692 2636 4753 εἰπεῖν,
2672 4689 2808 4742 θεῖόν
2833 4707 2886 4742 τι
2910 4691 3236 4764 πρόσταγμα
3263 4710 3359 4746 πε-

1791 4780 2093 4851 φοϐημένη.
2142 4782 2249 4835 Καὶ
2289 4781 2538 4853 καθάπερ
2575 4781 2832 4844 πολλάκις
2860 4781 2967 4834 τῶν
2994 4783 3217 4838 οἰκετῶν
3249 4801 3354 4850 τις,

1790 4871 1936 4924 ἄκων
1957 4890 2010 4925 τι
2041 4872 2179 4946 πρὸς
2205 4873 2299 4925 τοῦ
2326 4874 2582 4926 δεσπότου
2619 4874 2870 4945 πράττειν
2893 4874 3353 4946 ἀναγκαζόμενος,

1786 4965 1864 5036 τῷ
1897 4967 1994 5037 μὲν
2024 4967 2402 5038 προστάγματι
2423 4967 2510 5020 διὰ
2531 4967 2620 5020 τὸν
2644 4953 2804 5036 ςτόόὸον
2834 4967 3094 5035 πείθεται,
3125 4969 3153 5022 ὃ
3172 4969 3229 5022 δὲ
3251 4970 3356 5025 πά-

1787 5075 1904 5129 σχει
1933 5060 2192 5134 πράττειν
2221 5061 2293 5132 μὴ
2320 5061 2484 5114 θέλων
2513 5060 2690 5128 λέγειν
2722 5077 2772 5112 τι
2801 5061 2861 5113 οὐ
2883 5061 3076 5132 τολμᾷ,
3102 5061 3354 5135 τονθορύ-

1786 5149 1867 5214 ζει
1899 5152 1954 5204 δὲ
1983 5153 2039 5204 ἐν
2073 5152 2251 5222 ἐαυτῷ
2279 5153 2450 5224 θυμοῦ
2483 5170 2627 5216 τινος
2659 5151 3049 5224 πληρούμενος·
3085 5155 3224 5207 οὕτω
3259 5155 3350 5226 μοί

1783 5259 1900 5304 πως
1919 5243 2186 5312 ἐφαίνετο,
2209 5245 2303 5297 καὶ
2319 5245 2413 5316 τὴν
2431 5244 2703 5298 θάλασσαν
2723 5245 2962 5316 ὡσπερεὶ
2983 5245 3346 5317 θυμουμένην,

1783 5336 1876 5387 καὶ
1923 5336 1980 5388 ἐν
2024 5337 2188 5406 ἐαυτῇ
2225 5337 2562 5406 φράττουσαν
2596 5337 2693 5406 τὴν
2735 5335 2900 5406 ὀργὴν
2946 5337 3249 5406 κρατοῦσάν
3289 5353 3345 5390 τε

1781 5425 1997 5495 ἑαυτῆς,
2039 5425 2102 5478 οὐ
2138 5424 2435 5496 βουλομένη
2477 5425 2554 5496 τῷ
2594 5425 2826 5496 δεσπότῃ
2861 5426 3086 5496 φανερὸν
3127 5427 3346 5497 ποιῆσαι

1778 5516 1870 5569 τὸν
1911 5518 2097 5588 θυμόν.
2131 5517 2262 5584 Quae
2286 5534 2386 5589 ego
2414 5518 2494 5573 sic
2523 5519 2795 5571 vertebam
2820 5537 2831 5548 ο
2863 5516 2991 5571 Heri
3019 5517 3144 5572 dum
3172 5519 3252 5572 δοι
3275 5520 3343 5573 ad

99 5613 245 5682 μένη
264 5613 376 5675 τοῖς
404 5609 469 5664 κύ
479 5627 666 5681 μασιν,
696 5610 912 5663 ἐπειδὰν
945 5611 1105 5680 μόνον
1127 5610 1233 5664 τῶν
1255 5612 1514 5678 αἰγιαλῶν
1538 5612 1678 5684 διψη-

1813 5625 2025 5661 ccasum
2053 5619 2299 5678 vergeret,
2331 5627 2447 5662 cum
2479 5609 2892 5670 dcambularem,
2924 5627 2952 5662 ο
2976 5611 3160 5675 amice,
3187 5627 3344 5679 prope

95 5721 214 5766 ται,
247 5703 327 5765 εἰς
354 5701 528 5773 ἀφρὸν
559 5699 858 5753 διαλύσασα
888 5699 987 5763 τὴν
1013 5700 1211 5770 ὁρμὴν,
1251 5702 1572 5773 ἐπανῆλθεν.
1611 5706 1678 5758 Ἠ

1811 5700 1941 5752 raris
1975 5701 2144 5765 littus,
2176 5710 2225 5753 et
2255 5702 2522 5754 oculorum
2560 5702 2724 5754 aciem
2755 5703 2803 5753 in
2835 5701 2968 5754 illud
2999 5713 3191 5756 attente
3221 5720 3342 5755 ron-

94 5795 206 5865 ἐμὲ
235 5797 307 5848 οὐ
346 5791 780 5863 φοϐηθήσεσθε,
821 5790 965 5860 λέγει
1006 5792 1231 5857 Beatos,
1286 5793 1391 5848 τὸν
1439 5795 1671 5855 τιθέατπ

1811 5792 2006 5849 iterem.
2051 5791 2241 5850 diuina!
2311 5791 2516 5845 virtutis
2572 5789 2855 5858 quamdam
2915 5794 3338 5860 exsuperantiam
