3840 6164
505 357 611 414 855

1838 353 2088 411 LEONlS
2124 353 2399 410 ALLATll

3638 349 3747 407 836

501 479 713 542 aspectu
753 467 1098 542 percipiebam
1142 484 1162 523 :
1204 478 1254 524 et
1311 467 1612 523 excellentis
1663 483 1726 522 ac
1782 468 2071 538 singularis
2098 474 2143 530 Α
2172 468 2282 523 duo
2303 466 2450 538 globi
2478 465 2842 530 efﬁcerentur,
2876 464 2971 521 sed
2993 464 3068 520 ita
3094 461 3317 520 fuerunt
3340 460 3526 517 omnia
3550 459 3745 531 dispo-

497 565 730 619 scientice
774 573 963 628 artem,
1007 565 1056 618 si
1082 579 1170 616 ars
1203 562 1311 615 hare
1344 559 1577 616 vocanda
1615 568 1713 614 est.
1758 558 1966 614 Etenim
2008 569 2068 613 ut

502 653 799 709 Homericis
829 654 940 709 illis
964 653 1197 709 versibus
1216 652 1438 707 relatum
1462 660 1539 706 est
1558 666 1577 704 :

569 786 721 843 Sicut
748 799 921 843 autem
948 789 1085 843 venti
1101 788 1204 841 duo
1228 797 1445 854 pontum
1462 793 1782 841 commovent
1801 786 2065 853 piscosunt

565 858 767 913 Boreas
795 868 844 914 et
871 856 1161 928 Zephyrus,
1191 859 1280 927 qui
1308 876 1336 912 e
1371 858 1596 912 Thracia
1629 858 1836 926 spirant

567 928 792 982 Ruentes
820 938 1050 998 repente,
1083 929 1245 982 simul
1275 945 1393 982 vero
1422 937 1471 981 et
1499 928 1641 981 unda
1670 928 1821 998 nigra

565 998 863 1063 Attollitur,
881 994 1203 1067 multamque
1232 1009 1386 1052 extra
1416 1013 1559 1052 mare
1591 994 1766 1068 algam
1792 994 2060 1065 fundunt:

494 1110 575 1165 ita
624 1111 751 1165 milii
782 1110 893 1166 heri
921 1112 1203 1181 contigisse
1236 1111 1441 1165 videtur
1467 1109 1893 1185 :summitatibus
1922 1108 2064 1162 enim

496 1203 750 1257 montium
772 1203 971 1258 similes
998 1202 1316 1273 aspiciebam
1348 1201 1539 1265 undas,
1566 1217 1685 1272 quae
1707 1202 1752 1254 si
1782 1201 1953 1254 dicere
1978 1199 2063 1269 fas

492 1303 594 1358 est,
623 1295 797 1365 ipsum
831 1296 1014 1350 cwlum
1047 1299 1363 1367 tangebant;
1399 1295 1538 1349 unde
1567 1296 1687 1347 hinc
1727 1302 1929 1346 tantum
1967 1291 2064 1347 hoc

492 1389 882 1458 exspectabam,
913 1391 1211 1442 universam
1240 1390 1437 1442 scilicet
1480 1400 1673 1443 terram
1711 1388 2064 1458 submergen-

492 1481 618 1534 dam
637 1464 729 1543 ς’ἓι
749 1481 876 1534 mihi
902 1481 1071 1534 locum
1096 1482 1151 1534 in
1178 1498 1277 1551 quo
1304 1497 1385 1535 me
1406 1482 1534 1551 fuga
1558 1482 1857 1549 reciperem,
1885 1481 2061 1533 animo

494 1572 774 1643 fingebam,
806 1581 856 1627 et
893 1572 1129 1626 Noetica:
1158 1589 1298 1628 arcte
1338 1575 1606 1642 exemplar
1639 1572 2057 1627 considerabam.

502 1663 695 1718 Verum
723 1666 1043 1734 exspectatio
1072 1681 1185 1718 mea
1216 1664 1480 1733 frustrata
1501 1676 1600 1718 est.
1632 1662 1806 1718 Simul
1832 1664 1970 1717 enim
1999 1678 2062 1715 ac

493 1772 638 1809 mare
662 1758 933 1821 intumuit,
967 1758 1158 1813 iterum
1183 1757 1290 1811 vice
1316 1773 1466 1811 versa
1504 1757 1735 1827 fractum
1765 1772 1909 1809 mare
1936 1754 2064 1809 dis-

2172 560 2298 625 sita,
2331 570 2388 614 ut
2415 576 2482 614 ex
2520 559 2608 616 his
2647 560 2861 614 duobus
2900 557 3189 629 separatis,
3226 553 3498 626 contiguis
3525 561 3741 616 tamen,

2170 669 2339 708 unum
2367 652 2673 708 eﬂiceretur
2700 652 3019 717 rotundum,
3060 657 3114 706 et
3150 649 3343 720 globus
3382 664 3524 704 unus
3558 647 3744 720 perfe-

2170 743 2473 808 ctissimus,
2509 758 2621 799 non
2654 742 2987 814 geometrica
3015 739 3369 795 rotunditate.
3400 737 3563 805 Quod
3591 738 3743 792 enim

2171 833 2227 888 in
2276 834 2434 905 aquis
2484 833 2815 896 abundabat,
2865 832 2920 887 in
2963 832 3211 887 cavernis
3249 837 3407 886 terra:
3449 830 3743 885 occlusum

2169 932 2272 989 est,
2303 933 2357 981 et
2388 926 2443 980 in
2474 925 2922 996 profundissimis
2962 925 3197 979 vallibus
3238 928 3543 993 receptum,
3590 921 3742 992 quod

2170 1014 2227 1069 in
2256 1015 2419 1070 terris
2467 1029 2633 1084 super
2684 1028 2855 1084 aquas
2900 1013 3146 1078 emersit,
3195 1013 3252 1068 in
3303 1012 3743 1082 impendentium

2169 1107 2437 1161 montium
2485 1106 2805 1161 altitudines
2858 1115 3169 1176 porrectum
3230 1103 3497 1171 surrexit;
3547 1108 3607 1157 et
3658 1101 3745 1158 sic

2167 1196 2448 1267 aequaliter
2468 1197 2707 1267 undique
2723 1207 2865 1251 terra
2900 1203 2954 1251 et
2975 1211 3129 1267 aqum
3151 1196 3511 1255 sustinentur,
3532 1201 3591 1247 et
3620 1208 3746 1247 sus-

2168 1290 2365 1352 tinent,
2413 1304 2590 1359 neque
2642 1289 2981 1344 exceduutur
3026 1304 3204 1359 neque
3245 1287 3536 1342 excedunt.
3592 1283 3746 1339 Fieri

2167 1389 2350 1436 tamen
2396 1388 2598 1451 potest,
2643 1390 2703 1435 ut
2754 1370 3213 1451 quemadmodum
3263 1395 3372 1435 una
3409 1395 3539 1451 pars
3576 1387 3745 1435 terra

2167 1474 2273 1526 alia
2296 1472 2626 1528 eminentior
2656 1480 2763 1538 est,
2785 1473 2891 1527 alia
2922 1473 3025 1527 alia
3052 1472 3381 1542 depressior,
3410 1486 3511 1526 nec
3550 1482 3745 1525 tamen

2168 1573 2367 1620 terram
2388 1578 2514 1620 esse
2539 1566 2829 1619 rotundam
2856 1564 3199 1634 negabimus,
3230 1563 3311 1618 sic
3339 1570 3392 1617 et
3425 1576 3533 1616 una
3558 1561 3744 1631 regio.

2166 1665 2220 1713 et
2253 1658 2404 1713 locus
2443 1659 2515 1714 sit
2547 1658 2669 1728 ipso
2713 1671 2863 1712 mare
2912 1654 3200 1718 humilior,
3251 1655 3327 1707 ita
3366 1660 3427 1708 ut
3465 1653 3511 1708 si
3550 1653 3745 1706 aditus

2166 1759 2375 1822 pateret
2413 1753 2570 1822 aquis
2605 1750 3070 1820 submergeretur,
3104 1749 3277 1802 altera
3322 1747 3483 1801 altior
3508 1753 3568 1799 et
3601 1745 3745 1799 emi-

490 1844 811 1909 solvebatur,
846 1846 991 1900 ultra
1018 1847 1289 1917 proprium
1324 1849 1493 1923 locum
1520 1864 1623 1902 non
1652 1849 1955 1911 concedens,
1982 1846 2066 1901 di-
2093 1834 2136 1891 Β
2164 1844 2415 1911 uentior;
2470 1841 2929 1913 quemadmodum
2984 1840 3306 1895 Aristoteles
3368 1838 3435 1893 de
3503 1836 3745 1907 regione

494 1937 612 1990 uino
656 1936 906 2008 quodam,
956 1948 1015 1992 ut
1058 1940 1365 1993 summatim
1393 1940 1590 2003 dicam,
1617 1940 1775 2010 jussu
1807 1940 2061 2009 perterri-

489 2035 624 2084 tum.
675 2028 743 2083 Et
772 2030 1212 2101 quemadmodum
1249 2033 1441 2100 scepius
1475 2048 1653 2086 servus
1694 2032 1978 2103 quispiam,
2014 2031 2063 2086 si

496 2122 692 2177 incitus
726 2138 760 2175 a
797 2122 1010 2177 domino
1037 2123 1105 2176 ad
1134 2140 1261 2193 opus
1295 2124 1660 2192 compellatur,
1686 2125 1902 2193 imperio
1930 2125 2064 2193 qui-

490 2214 608 2270 dem
629 2216 815 2271 timore
836 2216 1024 2270 ductus
1060 2217 1230 2284 audit,
1270 2227 1324 2271 at
1357 2219 1494 2288 quod
1525 2217 1686 2282 subit,
1725 2234 1844 2271 cum
1877 2218 2058 2272 nolens

491 2314 636 2375 agat,
673 2303 852 2374 palam
880 2306 1035 2376 effari
1066 2323 1170 2360 non
1206 2323 1369 2361 ausus
1399 2307 1493 2361 sub
1528 2308 1710 2378 lingua
1735 2308 2064 2361 immurmu—

490 2405 600 2461 rat,
642 2397 920 2451 iracundia
963 2395 1221 2452 exardens
1246 2413 1264 2450 :
1310 2400 1386 2452 sic
1424 2398 1551 2452 mihi
1590 2397 1973 2468 quodammodo
2009 2404 2061 2454 et

490 2504 638 2542 mare
665 2486 972 2553 videbatur;
1005 2490 1107 2544 etsi
1134 2490 1272 2543 enim
1318 2490 1401 2543 ira
1440 2489 1772 2560 eﬂ'erbuerat,
1808 2492 1863 2544 in
1898 2496 2059 2545 semet

490 2581 629 2634 iram
692 2582 993 2635 continebat
1033 2581 1134 2635 sibi
1188 2582 1363 2651 frenos
1407 2583 1667 2649 iniiciens,
1725 2591 1775 2636 et
1827 2581 2058 2651 furorem

488 2683 643 2726 suum
684 2671 911 2725 Domino
960 2671 1301 2741 manifestare
1356 2684 1555 2728 nolens.
1617 2670 1846 2741 Reliqua
1893 2672 2057 2739 hujus

488 2763 755 2818 orationis
812 2761 1001 2817 Graeca
1060 2771 1114 2817 et
1174 2763 1367 2817 Latina
1427 2779 1550 2817 cum
1614 2771 1802 2818 nostro
1851 2762 2057 2818 Metho—

491 2853 580 2907 dio
628 2854 790 2909 dabo.
848 2852 982 2908 Vide
1036 2862 1295 2924 praeterea
1351 2853 1643 2921 Georgium
1695 2853 1929 2910 Pisidcm
1981 2854 2057 2909 De

490 2945 675 2999 mundi
722 2945 954 3015 opiﬁcio,
1000 2953 1055 3000 et
1098 2945 1363 3019 Joannem
1407 2945 1857 3016 Chrysostomum
1892 2963 2057 3018 super

488 3035 625 3089 illud
669 3033 911 3090 Hierem.
946 3048 1069 3105 cap.
1122 3050 1174 3099 v,
1207 3050 1349 3089 vers.
1389 3033 1479 3099 22,
1509 3034 1613 3101 Qui
1648 3034 1800 3103 posui
1838 3049 2055 3087 arenam

491 3126 774 3179 terminum
800 3125 958 3189 mari,
982 3125 1038 3179 in
1070 3134 1262 3180 catena
1291 3139 1411 3195 quae
1435 3139 1467 3178 a
1501 3124 1661 3180 nobis
1683 3123 1875 3178 Latina
1910 3123 2054 3179 facta

482 3217 598 3287 jam
627 3226 711 3274 est
734 3218 935 3289 publici
968 3218 1132 3288 juris.

556 3310 674 3365 Col.
695 3309 816 3369 712,
839 3310 934 3365 lin.
957 3308 1046 3365 45.
1079 3307 1304 3362 Ἐπεὶτί
1331 3307 1619 3363 ἐκώλυσε.
1645 3306 1881 3364 Basilius
1905 3307 2050 3362 hom.

486 3403 521 3457 4
553 3402 736 3457 ιἘπεὶ
770 3401 822 3454 τι
870 3399 1072 3455 ἐκώλυε
1113 3401 1211 3472 τὴν
1271 3399 1536 3472 Ἐρυθρὰν
1572 3400 1842 3453 θάλασσαν
1875 3402 2054 3454 πᾶσαν

485 3492 584 3565 τὴν
612 3492 885 3561 Αἴγυπτον
914 3491 1226 3564 κοιλοτέραν
1256 3487 1648 3562 οὖσανέαυτῆς
1679 3492 1943 3557 ἐπελθεῖν,
1961 3492 2056 3546 καὶ

485 3583 819 3655 αυναφθῆναι
836 3582 914 3654 τῷ
936 3582 1324 3654 παρακειμένῳ
1351 3585 1417 3654 τῇ
1445 3582 1703 3654 Αἰγύπτῳ
1733 3584 1979 3653 πελάγει,
2004 3584 2054 3636 ει

487 3675 563 3748 μὴ
594 3674 1089 3746 τῷ,προστάγματι
1130 3670 1198 3744 ἦν
1236 3674 1584 3745 πεπεδημένη
1612 3674 1703 3728 τοῦ
1739 3676 2051 3741 κτίσαντος;

486 3767 553 3823 Et
578 3784 635 3823 in
665 3769 770 3823 boc
799 3768 961 3823 etiam
997 3774 1125 3823 sunt
1154 3768 1431 3822 variantes
1459 3767 1907 3837 philosophorum
1934 3783 2055 3823 sen-

483 3858 688 3914 tentia.
744 3856 974 3923 Quidam
1019 3856 1165 3911 enim
1216 3864 1419 3910 terram
1470 3858 1607 3911 mari
1654 3857 2052 3927 depressiorem

483 3948 773 4015 aliirmant,
818 3948 1148 4002 Catharinus
1198 3946 1266 4000 ad
1320 3961 1441 4017 cap.
1497 3963 1515 4001 ι
1576 3947 1796 4012 Genes.,
1832 3950 2039 4013 Canus,

482 4042 800 4111 Burgensis,
832 4048 1022 4094 noster
1060 4040 1150 4094 hic
1180 4048 1391 4105 auctor,
1428 4039 1662 4095 Basilius
1688 4048 1743 4094 et
1763 4040 1854 4094 alii
1882 4059 1895 4094 :
1929 4054 2049 4094 eam

484 4133 907 4205 probabiliorem
941 4140 1130 4187 censet
1171 4129 1229 4184 S.
1266 4130 1526 4196 Thomas,
1584 4145 1602 4185 ι
1645 4140 1814 4201 part.,
1860 4147 1913 4202 q.
1955 4130 2044 4196 69,

485 4233 589 4278 art.
620 4222 646 4275 l
682 4241 695 4276 :
727 4220 870 4275 idem
900 4234 955 4277 et
980 4222 1177 4275 Cicero
1211 4221 1497 4277 censuisse
1520 4222 1758 4285 videtur,
1789 4238 1807 4276 ι
1838 4221 1910 4276 De
1937 4239 2051 4276 na-

485 4324 607 4368 tura
632 4312 848 4368 deorum
874 4330 909 4368 ιι
934 4331 948 4370 :
980 4312 1152 4380 Mare,
1177 4314 1372 4384 inquit,
1404 4330 1523 4368 cum
1550 4328 1709 4382 supra
1735 4324 1930 4367 terram
1956 4315 2045 4380 sit,

482 4407 713 4463 medium
764 4415 939 4460 tamen
986 4415 1138 4462 terrae
1190 4408 1361 4460 locum
1416 4417 1656 4476 expetens
1706 4419 2049 4478 congregatur

2080 3172 2127 3234 C

2161 1935 2545 2006 Algyptiorum
2599 1942 2653 1989 et
2677 1950 2828 1990 mare
2853 1932 3042 1989 Rubro
3072 1939 3330 2003 tanquam
3354 1930 3741 1985 certissimum

2162 2036 2315 2083 notat
2354 2030 2481 2084 libr.
2513 2030 2688 2100 primo
2718 2026 2963 2094 Meteon,
2997 2041 3119 2098 cap.
3152 2026 3374 2092 ultimo;
3408 2031 3463 2078 et
3501 2023 3583 2076 ita
3621 2022 3743 2077 exi-

2161 2121 2324 2175 stimo
2371 2128 2625 2176 auctores
2663 2135 2803 2191 quos
2850 2134 3020 2190 supra
3056 2116 3334 2173 nominavi
3361 2130 3483 2171 esse
3518 2113 3740 2169 intelli~

2162 2210 2387 2283 gendos,
2419 2214 2709 2280 omniaque
2741 2212 2903 2266 dubia
2935 2222 2990 2266 et
3033 2216 3373 2279 argumenta,
3422 2206 3477 2259 in
3517 2213 3742 2258 utram-

2160 2318 2268 2373 que
2302 2311 2510 2373 partem
2553 2304 2789 2358 adducta
2832 2302 3094 2357 facillimo
3133 2299 3348 2369 negotio
3380 2295 3515 2351 solvi
3550 2315 3565 2349 :
3595 2294 3739 2349 divi-

2158 2410 2395 2466 namque
2451 2396 2778 2467 sapientiam
2822 2402 2876 2450 et
2915 2394 3213 2449 bonitatem
3242 2387 3540 2445 dilucidius
3572 2389 3739 2441 inno-

2158 2494 2391 2554 tescere,
2421 2501 2545 2558 quae
2567 2488 2751 2543 omnia
2780 2487 2854 2542 ita
2891 2487 2947 2541 in
2979 2484 3217 2557 pondere
3246 2490 3301 2539 et
3331 2494 3598 2537 mensura
3620 2478 3737 2534 dis-

2157 2577 2362 2648 posuit.

2226 2669 2388 2736 lbid.,
2430 2671 2530 2725 lin.
2575 2670 2666 2726 49.
2709 2670 2837 2723 Ὅτι
2880 2668 2950 2722 δὲ
2984 2667 3205 2736 ἀληθὲς
3251 2665 3446 2721 τοῦτο.
3490 2663 3739 2718 Basilius

2157 2762 2305 2817 hom.
2364 2762 2400 2818 ι
2433 2781 2447 2818 :
2483 2763 2634 2816 Ἐπεὶ
2680 2763 2732 2815 τί
2772 2760 2974 2816 ἐκώλυε
3007 2760 3104 2832 τὴν
3141 2759 3404 2832 Ἐρυθρὰν
3454 2756 3738 2811 θάλασσαν

2157 2856 2336 2908 πᾶσαν
2369 2854 2469 2927 τὴν
2500 2855 2771 2924 Αἴγυπτον
2800 2853 3110 2924 κοιλοτέραν
3147 2849 3309 2907 οὖσαν
3342 2849 3539 2919 ἑαυτῆς
3578 2848 3736 2903 ἐπελ-

2157 2947 2289 3010 θεῖν,
2325 2947 2417 3001 καὶ
2453 2945 2786 3015 συναφθῆναι
2834 2943 2909 3016 τῷ
2945 2943 3326 3016 παρακειμένῳ
3371 2944 3436 3012 τῇ
3466 2942 3736 3011 Αἰγύπτῳ

2156 3038 2402 3108 πελάγει,
2431 3040 2480 3092 εἰ
2522 3037 2597 3109 μὴ
2621 3037 2698 3108 τῷ
2730 3034 3110 3109 προστάγματι
3149 3031 3217 3107 ἦν
3248 3032 3601 3102 πεπεδημένη
3638 3029 3735 3085 τοῦ

2159 3133 2475 3197 κτίσαντος;
2517 3133 2637 3185 Ὀτι
2675 3130 2783 3201 γὰρ
2813 3130 3165 3200 ταπεινοτέρα
3204 3129 3300 3199 τῆς
3337 3126 3609 3197 Ἐρυθρᾶς
3642 3127 3738 3181 θα-

2157 3222 2361 3294 λάσσης
2387 3223 2419 3293 ή
2452 3221 2740 3290 Αἴγυπτος,
2761 3221 2901 3294 ἔργῳ
2924 3221 3148 3274 ἔπεισαν
3169 3222 3315 3293 ἡμᾶς
3340 3221 3387 3272 οἱ
3401 3218 3738 3290 θελήσαντες

2152 3314 2397 3385 ἀλλήλοις
2419 3312 2488 3366 τὰ
2515 3312 2724 3382 πελάγη
2758 3312 3010 3381 συνάψαι,
3041 3311 3103 3364 τό
3121 3328 3179 3363 τε
3220 3310 3509 3379 Αἰγύπτιον
3543 3314 3647 3365 καὶ
3674 3313 3736 3365 τὸ

2166 3403 2400 3469 Ἰνδικὸν,
2432 3407 2489 3457 ὲν
2531 3397 2575 3471 ᾧ
2614 3406 2647 3475 ἡ
2689 3403 2923 3476 Ἐρυθρά
2959 3403 3219 3459 Θάλασσα.
3263 3404 3460 3473 Διόπερ
3492 3404 3737 3474 ἐπέσχον

2151 3493 2249 3566 τὴν
2282 3495 2622 3566 ἐπιχείρησιν
2649 3494 2864 3567 πρῶτος
2895 3494 3195 3567 ἀρξάμενος
3231 3494 3537 3566 Σέσωστρις
3573 3496 3606 3549 ὁ
3642 3498 3739 3549 Al-

2151 3583 2400 3655 γύπτιος,
2436 3586 2530 3640 καὶ
2565 3587 2594 3639 ὁ
2638 3585 2775 3657 μετὰ
2806 3586 2979 3640 ταῦτα
3026 3586 3306 3657 βουληθεὶς
3350 3587 3736 3658 ὲπεξεργάσα-

2153 3677 2276 3732 σθαι
2296 3680 2517 3750 Δαρεῖος
2537 3678 2566 3730 ὁ
2590 3679 2789 3749 Μῆδος.
2810 3676 3128 3733 Habuerunt
3144 3680 3212 3733 ab
3241 3679 3533 3736 Aristotele
3565 3682 3666 3737 lib.
3696 3698 3735 3737 ιι

2150 3769 2398 3836 Meteon,
2428 3785 2550 3840 cap.
2577 3771 2692 3825 ult:
2726 3770 2887 3842 Δηλοτ
2933 3769 2990 3823 δὲ
3030 3770 3090 3823 τὸ
3121 3770 3399 3841 γινόμενον
3420 3789 3435 3803 ’
3468 3771 3583 3837 Οὓς
3625 3775 3737 3846 γάρ

2151 3879 2330 3933 φαμεν
2353 3861 2743 3933 ἀρχαιοτάτους
2768 3858 2907 3916 εῖναι
2922 3861 3030 3915 τῶν
3052 3861 3347 3933 ἀνθρώπων
3368 3863 3735 3933 Αἰγυπτίους,

2147 3953 2351 4008 τούτων
2402 3955 2437 4025 ἡ
2471 3952 2624 4026 χώρα
2670 3956 2818 4007 πᾶσα
2863 3959 3115 4025 γεγονυῖα
3166 3956 3410 4024 φαίνεται
3456 3958 3554 4010 καὶ
3596 3955 3737 4012 οὖσα

2146 4044 2240 4099 τοῦ
2284 4046 2528 4116 ποταμοῦ
2578 4044 2754 4117 ἔργον.
2789 4047 2898 4099 Καὶ
2925 4047 3081 4101 τοῦτο
3126 4048 3266 4100 κατά
3306 4064 3365 4100 τε
3389 4047 3486 4118 τὴν
3539 4050 3736 4122 χώραν

2149 4137 2317 4209 αὐτὴν
2343 4137 2539 4210 ὁρῶντι
2569 4137 2724 4209 δῆλόν
2762 4138 2900 4201 ἐστι,
2926 4139 3021 4192 καὶ
3052 4137 3121 4192 τὰ
3153 4138 3281 4210 περὶ
3315 4138 3409 4210 τὴν
3454 4140 3737 4213 Ἐρυθρὰν

2149 4226 2423 4282 θάλασσαν
2452 4229 2747 4300 τεκμήριον
2793 4229 2992 4283 ἱκανόν.
3029 4228 3240 4300 Ταύτην
3279 4230 3386 4300 γὰρ
3416 4229 3524 4283 τῶν
3576 4232 3736 4301 βασι-

2147 4318 2280 4372 λέων
2312 4336 2395 4382 τις
2431 4318 2692 4391 ἐπειράθη
2739 4319 3056 4392 διορύττειν.
3089 4321 3162 4375 Οὐ
3193 4320 3301 4392 γὰρ
3343 4321 3546 4392 μικρὰς
3576 4321 3734 4396 εἶχεν

2147 4410 2213 4466 ἂν
2246 4412 2427 4475 αὐτοῖς
2452 4410 2717 4480 ὠφελείας
2744 4408 2954 4474 πλωτὸς
2979 4411 3123 4475 ἅπας
3142 4411 3172 4463 ὁ
3199 4410 3358 4474 τόπος
3378 4412 3731 4483 γιγνόμενος.

482 4499 711 4571 undique
738 4498 1031 4570 cequaliter,
1057 4515 1217 4569 neque
1247 4497 1525 4561 redundat,
1558 4514 1718 4568 neque
1737 4498 2044 4567 e/funditur.

2157 4503 2379 4577 Λέγεται
2409 4500 2468 4554 δὲ
2506 4501 2729 4573 πρῶτος
2761 4501 3066 4573 Σέσωστρις
3110 4504 3450 4574 ἐπιχειρῆσαι
3479 4503 3596 4557 τῶν
3624 4522 3735 4560 πα-

483 4592 593 4647 Alii
631 4600 834 4648 terram
864 4607 986 4647 esse
1018 4608 1169 4647 mare
1202 4592 1474 4655 altiorem,
1525 4598 1585 4644 ut
1626 4590 2049 4663 Cbrysostomus

482 4684 631 4741 hom.
653 4685 687 4740 9
710 4684 778 4739 ad
792 4700 912 4756 pop.
932 4684 1204 4749 Antioch.;
1248 4686 1588 4756 Augustinus
1611 4685 1664 4738 in
1682 4684 1819 4753 psal.
1850 4696 2046 4752 cnxv;

481 4777 847 4849 Hieronymus
872 4777 930 4831 in
968 4776 1100 4831 illud
1144 4778 1283 4847 psal.
1304 4793 1475 4843 χχιιι,
1497 4775 1826 4848 Congregans
1842 4777 1976 4831 sicut
1994 4779 2049 4831 in

480 4880 598 4924 utre
638 4886 803 4941 aquas
837 4870 1039 4934 maris;
1078 4869 1446 4924 Damascenus
1488 4869 1582 4923 lib.
1616 4884 1653 4922 ιι
1687 4868 1811 4923 Fid.
1840 4868 2044 4923 orthod.

481 4975 602 5029 cap.
624 4959 658 5013 9
683 4969 735 5015 et
764 4959 865 5027 lO;
896 4957 1238 5014 Contarenus
1262 4959 1358 5013 lib.
1387 4974 1423 5011 ιι
1448 4958 1522 5013 De
1545 4960 1834 5024 elementis,
1857 4967 1911 5015 et
1932 4960 2044 5014 alii.

481 5049 613 5116 Qua:
650 5050 771 5105 dum
823 5050 1108 5119 opiniones
1160 5049 1261 5105 etsi
1312 5051 1544 5104 multum
1586 5051 1727 5105 inter
1758 5068 1817 5107 se
1842 5050 2049 5107 distare

480 5134 756 5201 videntur,
796 5149 897 5205 ego
930 5140 1113 5189 tamen
1146 5134 1375 5189 dixerim
1417 5143 1666 5190 neutram
1700 5135 1914 5202 falsam,
1951 5134 2047 5192 sed

481 5224 846 5279 certissimam
869 5231 1158 5294 utramque
1179 5232 1234 5279 et
1255 5239 1461 5289 veram,
1487 5225 1535 5279 si
1562 5241 1671 5281 non
1697 5225 1765 5281 de
1789 5227 2046 5281 universo

481 5324 640 5370 terra!
660 5316 949 5380 elemento,
979 5331 1157 5386 neque
1178 5330 1363 5397 aquae,
1382 5316 1477 5372 sed
1516 5324 1671 5388 parte
1696 5317 1931 5388 quadam
1956 5319 2045 5373 in-

478 5406 774 5477 telligatur.
822 5405 1083 5474 Quamvis
1114 5409 1260 5462 enim
1299 5408 1442 5465 Deus
1473 5423 1644 5482 aquas
1685 5418 1887 5464 terram
1927 5424 2046 5464 om-

479 5511 606 5552 nem
634 5513 735 5553 suo
768 5498 916 5554 ﬂuxu
956 5508 1286 5571 occupantes
1312 5510 1591 5572 separatas
1635 5503 1690 5556 in
1729 5518 1897 5557 unum
1929 5503 2045 5557 vel-

483 5587 559 5640 uti
596 5587 799 5655 locum,
829 5598 884 5645 et
938 5594 1224 5649 stationem
1274 5594 1556 5659 detulerit,
1589 5601 1645 5649 et
1676 5601 1821 5649 terra
1858 5608 1952 5649 eas
1988 5595 2043 5648 in

483 5678 706 5743 proprio
728 5679 872 5742 sinu,
904 5695 1135 5736 caverna
1164 5684 1432 5738 duntaxat
1464 5685 1823 5754 amplissima,
1851 5693 2042 5739 mutuo

484 5764 764 5833 complexu
793 5774 1082 5839 exceperit.
1118 5789 1226 5829 non
1272 5781 1452 5829 tamen
1493 5774 1546 5829 id
1578 5776 1653 5830 ita
1691 5776 1941 5846 contigit,
1980 5786 2038 5831 ut

2151 4594 2349 4648 λαιῶν’
2394 4592 2507 4646 ἀλλ’
2537 4586 2694 4664 εὗρεν
2740 4593 3074 4665 ὑψηλοτέραν
3104 4590 3282 4661 ,οὖσαν
3308 4594 3403 4665 τὴν
3451 4594 3733 4653 θάλατταν

2148 4685 2245 4755 τῆς
2278 4685 2399 4755 γῆς.
2433 4683 2524 4737 Διὸ
2556 4684 2760 4748 ἐκεῖνός
2780 4701 2840 4737 τε
2882 4684 3164 4756 πρότερον,
3195 4686 3284 4738 καὶ
3310 4668 3532 4756 Δαρεῖος
3567 4686 3734 4741 ὕπε-

2150 4793 2241 4848 ρον
2261 4775 2535 4828 ὲπαύσατο
2562 4774 2872 4846 διορύττων,
2892 4777 3039 4840 ὃπως
3067 4777 3140 4847 μὴ
3162 4777 3428 4849 διαφθαρῇ
3450 4777 3510 4829 τὸ
3543 4779 3731 4849 ῥεῦμα

2147 4867 2239 4920 τοῦ
2296 4864 2542 4936 ποταμοῦ
2594 4867 2960 4937 συμμιγείσης
3018 4867 3116 4937 τῆς
3161 4867 3448 4938 θαλάττης.
3514 4868 3729 4925 Strabo

2149 4957 2244 5012 lib.
2272 4972 2286 5012 ι
2325 4956 2658 5021 ιἈπιθάνως
2680 4958 2738 5013 δὲ
2769 4957 2931 5026 λέγω,
2962 4960 3042 5012 ὅτι
3074 4959 3180 5032 πρὸ
3207 4960 3314 5012 τῶν
3345 4960 3613 5031 Τρωῖκῶν
3634 4962 3731 5015 οὐ.

2145 5050 2307 5121 δεμια
2344 5045 2413 5120 ἦν
2437 5048 2655 5121 διώρυξ.
2680 5051 2782 5104 Τὸν
2816 5049 2875 5103 δὲ
2916 5051 3337 5123 ἐπιχειρήσαντα
3370 5052 3600 5120 ποιῆσαι
3630 5054 3729 5106 Σέο

2149 5159 2379 5215 σωστριν
2410 5143 2710 5215 ἀποστῆναί
2743 5160 2894 5213 φασι,
2945 5144 3345 5217 μετεωροτέραν
3379 5145 3727 5201 ὑπολαϐόντα

2143 5233 2242 5306 τὴν
2266 5234 2364 5305 τῆς
2404 5234 2671 5305 θαλάττης
2707 5235 3047 5304 ἐπιφάνειαν.
3078 5236 3144 5289 Et
3167 5235 3263 5292 lib.
3298 5251 3409 5290 xvu
3441 5236 3727 5308 ιἘτμήθη

2143 5324 2201 5378 δὲ
2230 5325 2263 5395 ἡ
2289 5323 2488 5396 διώρυξ
2510 5325 2790 5398 καταρχὰς
2823 5326 2920 5397 μὲν
2949 5325 3052 5380 ὑπὸ
3082 5325 3421 5398 Σεσώστριος
3466 5328 3578 5398 πρὸ
3607 5328 3721 5381 τῶν

2144 5413 2427 5485 Τρωῖκῶν,
2451 5416 2502 5468 oi
2528 5414 2585 5468 δὲ
2632 5415 2736 5469 ὑπὸ
2783 5415 2878 5468 τοῦ
2914 5415 3282 5488 Ψαμμητίχου
3316 5416 3506 5480 παιδὸς
3553 5415 3723 5489 ἀρξα-

2148 5505 2310 5576 μένου
2346 5507 2526 5578 μόνον,
2574 5503 2692 5562 εἷτα
2736 5506 3045 5571 ἐκλιπόντος
3085 5507 3177 5561 τὸν
3221 5507 3333 5579 βίον
3348 5525 3363 5538 ·
3406 5507 3634 5579 ὕστερον
3661 5507 3720 5560 δὲ

2144 5596 2249 5650 ὐπὸ
2277 5596 2502 5668 Δαρείου
2526 5598 2620 5651 τοῦ
2645 5597 2856 5670 πρώτου
2882 5598 3262 5669 διαδεξαμένου
3292 5598 3354 5652 τὸ
3380 5597 3510 5668 ἑξῆς
3537 5598 3717 5669 ἔργον.

2143 5687 2247 5741 Καὶ
2290 5686 2442 5753 οὗτος
2464 5691 2541 5754 δὲ,
2569 5690 2695 5764 δόξῃ
2723 5690 2907 5760 ψευδεῖ
2946 5690 3210 5754 πεισθεὶς,
3241 5692 3422 5762 ἀφῆκε
3452 5691 3513 5744 τὸ
3561 5691 3719 5763 ἔργον

2146 5782 2272 5852 περὶ
2321 5781 2625 5837 συντέλειαν
2670 5782 2790 5858 ἤδη.
2835 5782 3088 5856 Ἐπεξσθη
3142 5782 3249 5855 γὰρ
3308 5782 3718 5856 μετεωροτέραν
