3840 6164
76 345 205 404 857

1129 340 1196 395 [Ii
1237 341 1608 398 EUSTATHII
1647 342 2123 402 HEXAEBIERON
2159 345 2389 403 NOTAE.

3233 354 3337 410 838

71 454 238 514 εἶναι
284 457 383 529 τὴν
428 455 692 529 Ἐρυθρὰν
737 454 1001 510 θάλατταν
1032 455 1132 527 τῆς
1165 457 1463 527 Αἰγύπτου,
1491 458 1587 513 καὶ

1772 457 2003 529 Reliqua
2054 460 2171 531 lege
2209 460 2353 531 apud
2403 460 2617 531 ipsum;
2656 462 2773 533 lege
2824 470 3086 533 pmterea
3135 465 3340 525 Περι-ο-

71 551 381 623 διακοπείη
417 551 525 613 πᾶς
546 550 576 603 6
605 546 805 621 μεταξὺ
837 548 1043 619 ἰσθμὸς,
1078 549 1570 622 ἑπικλυσθήσεσθαι
1596 554 1661 623 τῇ

71 642 339 716 Θαλάττῃ
387 642 488 713 τήν
531 642 828 711 Αἴγυπτον.
860 640 927 696 Hi
974 649 1159 696 tamen
1209 641 1541 698 dissentiunt
1596 643 1666 697 ab

68 733 398 801 Herodoto,
432 734 527 805 qui
577 749 768 790 omnes
794 732 976 790 fossas
1020 742 1074 790 et
1122 733 1379 805 dioryges
1419 749 1452 788 a
1499 734 1663 790 Seso-

70 826 269 882 stride
290 825 465 881 fuisse
490 822 715 880 ell‘ossas
749 831 941 880 auctor
961 832 1068 888 est,
1100 823 1198 880 sed
1227 823 1294 879 de
1322 823 1424 877 hac
1450 840 1516 879 ne
1551 839 1665 880 ver-

68 917 226 972 bum
250 917 496 988 quidem,
529 916 624 972 sed
652 916 772 986 ejus
810 916 1157 972 eﬂ‘ossionem
1190 916 1401 977 tribuit,
1462 915 1557 970 lib.
1601 931 1662 980 ιι,

66 1006 500 1065 Psammeticbo
525 1008 660 1078 regi.
693 1008 788 1079 qui
817 1009 1004 1064 multis
1027 1016 1149 1078 post
1184 1007 1474 1063 Sesostrim
1506 1010 1664 1064 annis

68 1100 230 1155 vixit
255 1119 269 1155 :
309 1100 680 1171 Ψαμμητίχου
707 1100 764 1154 δὲ
785 1098 977 1163 Νεκῶς
1009 1102 1139 1163 παῖς
1165 1100 1399 1168 ἐγένετο,
1425 1099 1518 1154 καὶ
1536 1100 1663 1154 ἐϐα-

69 1191 274 1245 σίλευε
306 1190 604 1260 Αἰγύπτου,
642 1190 700 1255 ὃς
734 1193 799 1263 τῇ
832 1189 1055 1263 διώρυχι
1084 1192 1409 1263 ἐπεχείρησε
1451 1192 1664 1263 πρῶτος

64 1286 149 1355 *σῇ
197 1285 284 1346 εἰς
324 1282 586 1355 Ἐρυθρὰν
623 1282 896 1337 θάλασσαν
937 1282 1193 1356 φερούσῃ,
1242 1283 1338 1355 τὴν
1376 1286 1596 1355 Δαρεῖος
1634 1286 1664 1338 6

68 1375 314 1446 Πέρσης
340 1375 569 1447 δεύτερα
603 1373 854 1446 διώρυξε.
886 1373 1030 1430 Idem
1077 1375 1308 1431 habetur
1355 1376 1496 1445 apud
1530 1376 1663 1430 Dio-

66 1462 304 1519 dorum.
363 1462 519 1519 Unde
565 1463 842 1519 immerito
892 1463 1313 1533 reprehenditur
1359 1480 1389 1519 a
1443 1466 1662 1521 Pcrerio

66 1553 336 1610 Basilius
370 1554 538 1609 veluti
587 1555 848 1609 memoria
901 1555 1110 1626 lapsus,
1150 1564 1244 1610 aut
1270 1557 1521 1612 mendum
1542 1557 1662 1628 ejus

68 1646 319 1716 scriptis
347 1646 564 1701 aliunde
591 1646 896 1717 irrepsisse.

138 1736 273 1791 Col.
297 1736 426 1802 712,
446 1737 543 1791 lin.
570 1737 658 1791 55.
687 1737 797 1792 Kal
812 1737 898 1807 μὴ
929 1737 1047 1793 ἀπὸ
1066 1738 1289 1807 ταύτης
1307 1738 1526 1807 ἀλλην.
1556 1738 1661 1793 Ba-

1764 546 1915 603 bium
1964 548 2333 604 Saturnalium
2373 550 2470 608 lib.
2518 566 2618 617 γιι,
2665 550 2924 620 Plinium,
2977 553 3336 627 Pomponiqu

1766 641 1983 710 Melam,
2017 642 2289 711 Solinum,
2314 643 2661 710 Strabonem,
2687 657 2741 702 et
2770 647 2930 704 alios.

1836 734 2001 801 lbid.,
2051 736 2150 792 lin.
2200 738 2251 791 7.
2287 739 2370 791 Οὐ
2410 737 2482 791 τὰ
2523 741 2784 807 τυχόντα
2823 738 2894 793 δὲ
2929 738 3050 797 τῶν
3081 741 3336 798 ὑδάτων.

1765 823 1965 882 Fusius
1994 827 2098 881 hoc
2132 827 2274 882 idem
2297 825 2530 884 Basilius
2566 828 2714 884 born.
2767 829 2801 884 4
2836 848 2850 885 :
2890 831 2964 883 Οὑ
3013 830 3123 902 γὰρ
3168 832 3339 902 δήπου

1764 921 1860 973 καὶ
1888 919 1958 974 τά
1983 920 2327 991 τελματιαῖα,
2379 923 2473 976 καὶ
2516 923 2583 975 τὰ
2615 920 2675 986 ἐξ
2720 920 2942 993 ὄμϐρων
2986 922 3341 996 συναθροιζό-

1768 1028 1903 1083 μενα
1933 1012 2228 1083 προφέρειν
2271 1014 2401 1084 ἡμῖν
2443 1011 2734 1080 ὀφείλουσι,
2761 1012 2858 1066 καὶ
2892 1011 2983 1066 διά
3011 1013 3215 1068 τούτων
3248 1015 3342 1068 τὸν

1762 1105 1923 1174 λόγον
1968 1106 2125 1177 ἡμῶν
2173 1106 2421 1175 ἐλέγχειν
2465 1104 2703 1157 οἴεσθαι⁸
2738 1103 2873 1157 ἀλλά
2909 1105 3008 1174 τὴν
3052 1107 3340 1176 μεγίστην,

1763 1200 1859 1254 καὶ
1886 1197 2539 1270 τελεωτάτηνσυνδρομὴν
2553 1197 2661 1250 τῶν
2692 1198 2896 1251 ὑδάτων
2919 1197 3173 1269 ὠνόμασε
3206 1216 3339 1252 συν-

1763 1289 1983 1361 αγωγὴν
2043 1290 2191 1360 μίαν.
2226 1291 2335 1342 Καὶ
2367 1290 2475 1360 γὰρ
2520 1289 2586 1342 τὰ
2618 1289 2827 1360 φρέατα
2857 1291 3170 1359 συναγωγαὶ
3210 1291 3340 1345 ὑδά-
3383 1350 3392 1366 λ

1760 1401 1870 1438 των
1898 1385 2005 1438 εἰσὶ
2032 1384 2417 1456 χειροποίητοι,
2465 1385 2557 1437 καὶ
2589 1384 2650 1437 τὸ
2689 1383 2967 1438 κοιλανθὲν
2991 1386 3091 1455 τῆς
3118 1386 3221 1457 γῆς
3238 1386 3339 1457 τῆς

1761 1474 2172 1545 ὲνεσπαρμένης
2203 1473 2403 1534 νοτίδος
2429 1472 2807 1544 ἐπιρρεούσης.
2838 1474 2912 1526 Οὑ
2943 1473 3122 1527 τοίνυν
3152 1474 3219 1527 τὰ
3244 1490 3337 1527 τυ-

1760 1563 1924 1634 χόντα
1952 1562 2062 1616 τῶν
2090 1562 2295 1615 ὑδάτων
2321 1560 2666 1634 ἀθροίσματα
2693 1563 2725 1631 ή
2761 1562 2861 1632 τῆς
2885 1564 3203 1634 συναγωγῆς
3234 1565 3336 1635 ἐμ-

1762 1655 1941 1725 φαίνει
1964 1653 2322 1733 προσηγορία,
2343 1652 2480 1707 ἀλλὰ
2505 1652 2601 1723 τὴν
2624 1652 2910 1724 ἐξέχουσαν
2934 1654 3027 1707 καὶ
3050 1654 3331 1727 μεγίστην,

1762 1750 1819 1802 ὲν
1849 1742 1883 1820 ᾖ
1913 1749 2022 1801 πᾶν
2042 1746 2104 1800 τὸ
2134 1749 2395 1818 στοιχεῖον
2440 1747 2635 1817 ἀθρόον
2660 1746 3042 1802 διαδείκνυται.
3076 1746 3145 1802 Ut
3184 1748 3331 1803 enim

67 1828 252 1885 silius
276 1828 427 1885 hom.
461 1828 495 1883 4
527 1846 541 1884 :
577 1829 861 1882 Τουτέστιν
888 1829 1021 1901 ἄλλη
1060 1830 1169 1884 ἀπὸ
1190 1829 1392 1902 ταύτης
1419 1830 1494 1902 μὴ
1529 1832 1614 1884 ἀπε

1766 1845 1978 1894 vastam
2015 1839 2162 1894 illam
2194 1840 2362 1894 maris
2393 1839 2590 1893 molem
2636 1837 2889 1902 eﬂiceret,
2922 1854 3030 1893 non
3071 1854 3331 1908 quaecun-

66 1919 397 1991 γενηθήτω,
425 1919 538 1973 ἀλλ’
567 1921 625 1975 ὲν
655 1923 722 1993 τῇ
756 1919 946 1995 πρώτῃ
980 1919 1207 1993 συλλογῇ
1237 1923 1583 1993 ἀπομεινάτω
1606 1922 1665 1976 τὸ

68 2012 476 2084 συναγόμενον.

148 2105 331 2170 lbid.,
362 2105 459 2160 lin.
486 2103 576 2160 56.
607 2103 813 2159 Πολλὰ
844 2103 954 2174 γὰρ
996 2098 1096 2174 ἦν.
1127 2102 1363 2159 Basilius
1392 2104 1539 2161 bom.
1583 2106 1617 2160 4
1645 2125 1660 2162 :

70 2197 335 2251 Ἔπειτα
359 2198 387 2249 6
417 2194 584 2250 εἰπὼν
603 2191 932 2266 συναχθῆναι
956 2193 1024 2247 τά
1044 2193 1214 2250 ὕδατα
1237 2197 1316 2261 είς
1339 2198 1664 2270 συναγωγὴν

67 2289 246 2361 μίαν,
280 2286 448 2352 ἔδειξέ
488 2272 590 2352 σοι,
627 2287 708 2341 ὅτι
747 2286 916 2341 πολλά
946 2282 1013 2358 ἦν
1035 2287 1174 2341 κατὰ
1216 2288 1441 2353 πολλοὺς
1467 2290 1665 2356 τόπους

63 2380 400 2453 διῃρημένα
417 2378 484 2432 τά
512 2378 697 2433 ῦδατα.
729 2379 799 2431 Αἵ
818 2395 879 2432 τε
920 2377 1030 2449 γάρ
1052 2378 1160 2434 τῶν
1193 2380 1334 2452 ὀρῶν
1360 2381 1666 2454 κοιλότητες

66 2470 339 2542 φάραγξι
388 2469 627 2539 βαθείαις
671 2469 1081 2542 ὑπρρηγμέναι
1120 2466 1263 2543 εἶχον
1310 2471 1416 2524 τῶν
1459 2471 1665 2527 ὑδάτων

64 2565 181 2636 τὴν
224 2561 510 2633 συλλογήν.
556 2561 635 2616 Ex
668 2563 867 2632 quibus
917 2563 1039 2618 loco
1077 2562 1205 2618 huic
1248 2563 1441 2618 mutilo
1488 2579 1665 2620 reme-

63 2652 268 2717 dium,
315 2652 390 2706 ita
421 2653 566 2707 enim
598 2653 826 2708 restitue
860 2673 874 2708 :
906 2652 1083 2708 Πολλὰ
1130 2649 1223 2709 οὖν
1263 2654 1405 2709 κατά
1438 2655 1667 2722 πολλοὺς

62 2744 290 2809 τόπους
317 2744 617 2818 διῃρημένα
648 2745 717 2799 τὰ
744 2744 928 2799 ὕδατα.
956 2747 1025 2801 Αἰ
1041 2763 1101 2800 τε
1129 2746 1238 2818 γὰρ
1258 2748 1366 2802 τῶν
1393 2748 1534 2820 ὀρῶν
1560 2767 1666 2804 κοι-

60 2834 315 2908 λότητες
357 2831 498 2907 εἰχον
543 2835 650 2889 τῶν
690 2836 896 2903 ὑδάτων
923 2839 1018 2910 τὴν
1052 2838 1316 2911 συλλογὴν
1349 2841 1443 2895 καὶ
1476 2843 1531 2895 αἰ
1558 2841 1663 2913 φά-

63 2947 321 3004 ραγγεςο

142 3018 277 3075 Col.
313 3016 435 3079 715.
467 3017 562 3072 lin.
594 3017 646 3072 5.
684 3017 831 3087 Τοὺς
861 3021 1130 3087 κόλπους
1167 3021 1465 3090 σημαίνει.
1511 3022 1665 3080 Basi-

63 3114 191 3168 lius
229 3112 382 3164 hom.
404 3109 437 3163 οἱ
463 3128 477 3165 :
509 3110 588 3163 Τά
609 3110 665 3164 δὲ
696 3114 1016 3183 συστήματα
1030 3112 1137 3166 τῶν
1162 3113 1389 3180 ὑδάτων,
1416 3116 1661 3170 τουτέστι

61 3208 208 3269 τοὺς
241 3202 478 3267 κόλπους
514 3202 640 3267 τοὺς
670 3204 814 3257 κατά
856 3204 984 3258 ἴδιον
1017 3206 1200 3277 σχῆμα
1244 3206 1349 3260 ὑπὸ
1371 3210 1469 3279 τῆς
1508 3226 1662 3280 περι-

61 3297 353 3368 κειμένης
404 3294 506 3365 γῆς
561 3293 1004 3363 ἀπολειφθέντας,
1056 3294 1329 3361 θαλάσσας
1378 3300 1407 3351 6
1458 3297 1661 3371 Κύριος

63 3384 502 3461 προσηγόρευσε
526 3401 540 3416 ο
574 3384 814 3439 θάλασσα
864 3385 1099 3457 Βόρειος,
1151 3386 1393 3441 θάλασσα
1434 3389 1658 3455 Νότιος,

74 3478 244 3551 Ἑῴα
271 3477 537 3541 θάλασσα,
568 3477 662 3531 καί
702 3478 964 3548 Ἑσπερία
1004 3477 1167 3531 πάλιν
1194 3479 1375 3550 ἑτέρα.
1412 3480 1525 3533 Καὶ
1542 3479 1660 3533 ὀνό-

66 3587 241 3644 ματα
277 3568 386 3624 τῶν
432 3568 680 3638 πελαγῶν
715 3568 978 3634 ἰδιάζοντα
1028 3570 1228 3635 Πόντος
1261 3569 1532 3637 Εὔξεινος,
1562 3572 1659 3627 καὶ

62 3662 446 3738 Προποντιος,
516 3661 931 3733 Ἑλλήσποντος,
992 3664 1216 3733 Αἰγαῖος
1267 3664 1363 3719 καὶ
1439 3664 1617 3729 Ἰόνιος
1643 3705 1659 3731 ,

62 3757 417 3829 Σαρδονικὸν
474 3738 739 3827 πέλαγος,
788 3758 884 3812 καὶ
931 3758 1239 3823 Σικελικὸν,
1297 3759 1392 3813 καὶ
1451 3759 1663 3831 Τυρρη-

61 3849 241 3903 νικὸν
300 3847 519 3919 ἕτερον,
573 3848 667 3902 καὶ
713 3848 880 3920 μυρία
921 3865 986 3917 γε
1029 3848 1267 3920 ὀνόματα
1317 3848 1590 3918 πελαγῶν,
1623 3851 1660 3905 ἆ

65 3936 308 4011 μακρὸν
329 3936 395 3990 ἂν
419 3936 504 4009 εἴη
534 3938 626 3991 καὶ
646 3938 1032 4008 ἀπειροκαλίας
1061 3939 1254 4010 μεστὸν
1284 3939 1351 3992 δι’
1379 3940 1660 4014 ἀκριϐείας

62 4032 604 4105 ἀπαριθμήσασθαι.
649 4034 945 4106 Gregorius
987 4036 1221 4107 Cyprius
1263 4036 1319 4090 in
1347 4034 1518 4089 Maris
1568 4051 1661 4088 en-

60 4126 261 4182 comio
287 4124 566 4189 εΚόλπους
606 4126 704 4197 μὲν
736 4126 1030 4191 πολυειδεῖς
1058 4126 1439 4188 ἁναλίσσουσα,
1463 4128 1661 4196 νήσους

59 4222 127 4275 δὲ
165 4214 246 4273 αὖ
274 4220 342 4271 ὲκ
374 4219 544 4289 μέσης
573 4217 773 4291 μικρὰς
807 4218 904 4272 καὶ
934 4216 1150 4289 μείζους
1190 4216 1530 4284 ἀναδιδοῦσα,
1566 4217 1662 4271 καὶ

59 4310 375 4385 πορθμοὺς
406 4310 464 4363 ὲν
515 4309 681 4382 στενῷ
708 4312 789 4374 εἰς
832 4310 992 4381 μέσον
1033 4309 1313 4382 διήκοντας
1356 4309 1662 4384 ἀπεργαζο-

61 4405 255 4479 μένη,
299 4400 384 4465 τίς
409 4401 477 4456 ἂν
507 4400 661 4471 λόγος
693 4402 928 4474 μετρίως
957 4402 1130 4455 εἰπεῖν
1169 4402 1489 4474 ἀποχρήσοι.
1530 4399 1662 4468 Qua

1765 1946 1873 2001 que
1904 1946 2014 1995 res,
2047 1930 2142 1986 sed
2182 1929 2439 2000 grandes,
2469 1924 2531 1985 et‘
2565 1930 2843 1984 immensae
2892 1929 3333 1998 requirebantur.

1765 2022 1904 2089 Quid
1950 2021 2095 2078 stilla
2138 2020 2206 2076 ad
2236 2030 2445 2077 tantam
2496 2034 2762 2089 aquarum
2809 2020 3084 2075 illuviem?
3111 2019 3177 2073 Et
3222 2021 3338 2075 haec

1764 2112 2038 2169 sententia
2086 2112 2188 2167 fuit
2234 2113 2399 2168 etiam
2451 2111 2619 2166 Arist.
2671 2111 2764 2164 lib.
2819 2124 2858 2163 ιι
2898 2107 3120 2165 Meteor.
3159 2109 3338 2179 Atque

1761 2204 1949 2260 omnia
1987 2203 2206 2274 quidem
2235 2203 2431 2270 maria,
2459 2213 2612 2259 extra
2651 2216 2868 2256 omnem
2904 2202 3334 2257 controversiam

1761 2309 1888 2349 cum
1919 2294 2137 2351 Oceano
2183 2294 2446 2349 continua
2486 2300 2634 2358 sunt,
2673 2301 2870 2361 praeter
2896 2305 3049 2346 mare
3076 2289 3335 2360 Caspium

1761 2385 1831 2441 de
1857 2400 1967 2456 quo
1991 2401 2099 2440 non
2132 2385 2266 2441 satis
2289 2384 2545 2438 convenit
2573 2383 2717 2437 inter
2745 2390 3021 2438 auctores.

1832 2477 1993 2541 lbid.,
2045 2479 2140 2533 lin.
2206 2478 2291 2531 ll.
2339 2477 2563 2544 Ὥσπερ
2615 2474 2725 2544 γὰρ
2777 2474 2845 2528 τό
2896 2474 3038 2543 πῦρ.
3098 2473 3337 2529 Basilius

1761 2568 1912 2625 hom.
1942 2569 2014 2624 4ε
2050 2569 2261 2639 Ὠσπερ
2305 2565 2415 2639 γὰρ
2452 2566 2512 2619 τὸ
2554 2565 2666 2637 πῦρ
2701 2566 2795 2618 καὶ
2842 2567 2922 2629 εἰς
2948 2564 3122 2637 μικρὰ
3162 2583 3335 2620 κατα-

1762 2661 2196 2733 κερματισμένον
2221 2660 2369 2714 ἐστὶν
2388 2658 2483 2713 ἐπὶ
2510 2659 2609 2731 τῆς
2657 2652 2760 2712 ὦδε
2787 2659 2998 2729 χρείας,
3030 2660 3124 2714 καὶ
3142 2658 3337 2732 ἀθρόον

1767 2750 1865 2803 ἐπὶ
1889 2749 1983 2804 τοῦ
2004 2750 2217 2822 αἰθέρος
2240 2748 2486 2818 κέχυται⁸
2517 2748 2653 2800 καἰὸ
2682 2747 2816 2818 Ἀὴρ
2834 2747 3087 2819 διῄρηται
3118 2750 3214 2819 μὲν
3242 2749 3339 2803 καὶ

1760 2842 1901 2898 κατά
1926 2841 2096 2913 μικρά
2116 2841 2209 2894 καὶ
2227 2840 2436 2910 ἀθρόως
2456 2839 2513 2893 δὲ
2545 2840 2636 2895 τὸν
2655 2839 2846 2910 περίγε
2857 2857 2931 2894 ιον
2948 2841 3172 2911 ὲκπεριε
3182 2841 3338 2912 ίληφε

1758 2931 1923 2985 τόπον
1942 2948 1956 2962 ·
1970 2930 2113 2983 οὑτω
2127 2930 2222 2983 καὶ
2238 2927 2329 2981 ἐπὶ
2344 2925 2440 2981 τοῦ
2458 2927 2672 2993 ὓδατος,
2690 2929 2739 2981 εἰ
2757 2929 2854 2982 καὶ
2874 2929 3064 3001 μικραί
3076 2929 3338 2989 τινέςεισι

1761 3010 2083 3092 διῂρημέναι
2128 3020 2435 3085 συστάσεις,
2474 3017 2611 3073 ἀλλά
2653 3019 2752 3091 μία
2781 3036 2845 3087 γε
2890 3021 3185 3092 συναγωγὴ
3214 3022 3249 3092 ἡ
3277 3020 3340 3075 16

1762 3109 1880 3164 ὅλον
1913 3110 2171 3179 στοιχεῖον
2201 3107 2309 3162 τῶν
2357 3107 2560 3162 λοιπῶν
2607 3109 2970 3180 ἀποκρίνασα.
3026 3109 3152 3165 Haec
3194 3110 3339 3180 ignis

1764 3199 2087 3265 similitudo,
2120 3199 2371 3268 quamvis
2409 3215 2524 3255 rem
2554 3199 2622 3255 de
2654 3214 2761 3268 qua
2798 3214 2981 3254 sermo
3002 3206 3085 3255 est
3116 3200 3340 3256 institu-

1762 3300 1851 3362 tus
1878 3291 2164 3347 commode
2203 3291 2459 3360 explicet,
2490 3306 2601 3345 non
2638 3297 2820 3345 tamen
2850 3290 2907 3345 in
2934 3290 3191 3348 omnibus
3219 3291 3337 3347 suis

1761 3384 2009 3455 partibus
2039 3398 2163 3438 esse
2188 3398 2373 3438 veram
2407 3384 2720 3452 opinamur.
2751 3382 2921 3452 Aquas
2950 3397 3188 3452 namque
3214 3398 3338 3454 quia

1760 3473 1817 3528 in
1848 3473 2159 3544 paludibus,
2196 3473 2445 3538 lacubus,
2485 3473 2714 3543 aliisque
2750 3474 2887 3530 locis
2923 3473 3158 3539 ﬂuitant,
3189 3475 3336 3544 ejus.

1762 3563 1884 3620 dem
1917 3572 2045 3621 sunt
2080 3565 2311 3620 rationis
2342 3572 2396 3620 et
2437 3575 2647 3620 natura:
2685 3579 2808 3620 cum
2832 3566 3105 3622 elemento
3136 3583 3334 3639 aqueo.

1761 3664 1815 3714 et
1848 3659 1903 3711 in
1948 3658 2062 3713 ullo
2102 3657 2211 3713 alio
2236 3657 2344 3712 nisi
2375 3658 2517 3722 loco,
2558 3672 2773 3727 sapore,
2811 3667 2866 3714 et
2904 3661 3149 3730 pondere
3180 3661 3336 3719 diﬂ'eo

1762 3758 1891 3807 runt
1919 3768 1934 3818 ;
1966 3749 2109 3820 ignis
2146 3757 2331 3804 autem
2363 3765 2475 3820 quo
2509 3750 2715 3805 utimur
2742 3764 2845 3807 nos
2873 3751 3017 3806 infra
3055 3752 3333 3824 regionem

1762 3844 1906 3897 aeris
1936 3855 2047 3896 non
2081 3848 2166 3896 est
2194 3840 2442 3910 ejusdem
2470 3838 2659 3896 formae
2696 3856 2821 3896 cum
2867 3842 2964 3897 illo
2992 3842 3332 3909 elementari,

1762 3948 1887 3989 cum
1928 3939 2118 3987 noster
2159 3932 2429 4003 impurior
2460 3931 2535 3987 sit
2567 3939 2624 3987 et
2649 3932 2914 3999 crassior,
2943 3941 2998 3988 et
3023 3934 3147 3991 ideo
3174 3934 3336 3991 lumi-

1761 4024 1970 4089 nosior,
1998 4038 2103 4079 nec
2146 4024 2294 4079 illam
2329 4024 2630 4080 siccitatem
2668 4031 2724 4079 et
2762 4012 3002 4081 calorem
3034 4025 3091 4081 in
3137 4042 3196 4084 se
3236 4027 3336 4081 ba-

1760 4115 1871 4182 bet,
1907 4131 2066 4187 quem
2113 4116 2255 4188 ignis
2289 4116 2659 4181 elementaris,
2694 4115 2789 4172 sed
2822 4117 2979 4186 longe
3000 4116 3216 4174 diversa
3245 4133 3334 4173 ra-

1759 4208 1910 4264 tione
1940 4208 2115 4273 ardet,
2150 4217 2202 4264 et
2228 4208 2524 4273 comburit,
2571 4223 2814 4277 suosque
2842 4216 3065 4279 praestat
3084 4207 3333 4266 eﬂ‘ectus.

1830 4298 1994 4367 lbid.,
2036 4301 2133 4356 lin.
2183 4301 2272 4357 15.
2314 4299 2485 4369 11ηγὴ
2531 4297 2641 4370 γάρ
2679 4299 2811 4354 ἐστι
2852 4299 2961 4367 τῆς
3017 4299 3149 4368 περί
3193 4300 3331 4370 γῆν.

1761 4388 1962 4447 Eadem
1994 4391 2159 4447 habet
2182 4390 2418 4447 Basilius
2444 4389 2592 4445 hom.
2613 4388 2670 4452 4,
2700 4395 2755 4444 et
2783 4386 3077 4457 Gregorius
3100 4388 3334 4460 Cyprius

58 4495 279 4556 omnia
331 4493 731 4564 elegantissime
777 4491 1070 4564 Dionysius
1124 4492 1522 4549 Alexandrinus
1579 4492 1614 4547 ι

1766 4484 1820 4539 in
1835 4482 2007 4538 Maris
2026 4483 2259 4539 encomio
2276 4498 2296 4537 :
2319 4484 2518 4555 Μήτηρ
2537 4482 2593 4535 δὲ
2612 4479 2704 4535 τοῦ
2721 4480 2922 4544 παντὸς
2948 4480 3155 4545 ὓδατος,
3170 4497 3336 4552 προσ-

58 4591 192 4644 sint
225 4584 395 4650 orbis,
417 4599 536 4655 qua
565 4584 693 4655 quia
720 4584 1112 4641 Commentarii
1139 4583 1259 4641 loco
1278 4600 1401 4641 esse
1428 4594 1664 4657 possunt

57 4696 196 4738 non
235 4676 510 4749 gravabor
540 4678 817 4734 ascribere
840 4696 853 4732 :

144 4788 367 4856 Πάντη
403 4788 456 4842 δ’
487 4787 792 4858 ditandi-ou
829 4788 1064 4858 φέρεται
1083 4790 1230 4857 ῥόος
1254 4788 1536 4858 ὠκεανοῖο

55 4844 193 4927 El;
218 4844 502 4928 μέν’ἐὼν,
532 4844 799 4928 ποίὶλῇσι
818 4844 870 4912 δ’
898 4844 1317 4928 ἓπωνῦμίῃσιν

61 4936 252 4987 Ἤτοι
278 4932 315 4982 ό
336 4928 453 5000 μὲν
478 4929 716 5000 λοκροῐο
752 4932 889 5000 παρ’
927 4928 1513 5000 ὲσχατιὴνλζεφύροιο

60 5003 321 5064 ’Ἄτλας
349 4997 623 5069 ἑσπέριος
652 4997 1043 5066 κικλήσκεται
1063 5016 1075 5029 ·
1105 4998 1292 5069 αὐτὰρ
1323 4999 1577 5069 ὕπερθεν

55 5070 244 5141 Πρὸς
258 5066 508 5137 βορέην,
535 5072 635 5141 ἵνα
652 5070 860 5134 παῖδες
876 5068 1237 5139 ἀρειμανέων
1256 5066 1655 5141 Ἀριμασπῶν,

56 5139 771 5210 ΠόντονΑμινῌκωίέουσι
807 5142 1112 5210 πεπηγότα
1146 5155 1238 5210 τε,
1266 5139 1506 5210 ’φόνιόν
1534 5153 1617 5191 τε.

61 5213 304 5269 ’Ἄλλοι
319 5205 373 5263 6"
401 5205 477 5266 αὗ
495 5210 593 5280 καί
606 5210 824 5280 νεκρόν
834 5205 1159 5280 ἐφήμισαν,
1172 5205 1365 5280 οὕνεκ’
1385 5208 1656 5280 ἀφαυροῦ

72 5228 371 5269 Ἀμοιοτ
401 5228 477 5266 au
495 5228 593 5265 και
606 5228 712 5264 rex
752 5228 1350 5280 ονεφημισαν,ουνεκ
1385 5228 1654 5277 αφαυρου

72 5281 359 5340 Ἠελίου.
389 5278 642 5348 Βράδιον
660 5228 772 5350 τιξρ
802 5280 978 5349 ὑπεὶρ
1005 5280 1124 5335 ἅλα
1152 5278 1267 5345 τήν
1302 5279 1369 5332 δε
1406 5279 1654 5348 φαείνει,

54 5354 203 5412 Alei
221 5350 316 5421 -δὲ
338 5351 639 5421 Ᾱσκιεροῖσι
662 5349 989 5421 παχύνεται
1010 5351 1080 5404 ἐν
1100 5349 1453 5421 νεφέλῃσιν.

55 5419 285 5490 Αὐτὰρ
323 5419 413 5476 ὅθι
434 5420 733 5489 πρώτιστα
749 5419 1060 5490 φαείνεται
1084 5419 1489 5490 ᾀνθρώποισιν

70 5484 286 5559 Ἦῷον
307 5484 598 5545 καλέουσι
626 5492 724 5545 καὶ
758 5484 1022 5547 Ἰνδικὸν
1046 5484 1221 5559 οἶδμα
1248 5489 1583 5557 θαλάσσης.

78 5508 286 5559 Ἠῳον
307 5508 598 5545 καλεουσι
626 5508 724 5545 και
775 5508 1022 5547 ἰνοικον
1046 5508 1139 5546 oro
1182 5508 1221 5544 a
1248 5508 1583 5557 σαλασσης.

58 5568 260 5631 Ἀγχι
291 5560 346 5631 δέ
386 5562 841 5631 Ἐρυθραῑόντε,
862 5562 959 5614 καὶ
986 5508 1291 5631 Αἰθιιέτιον
1324 5559 1656 5614 καλέουσιν

57 5629 239 5704 Πρός
265 5629 469 5683 νότον.
509 5632 694 5685 Ἔνθα
730 5630 798 5685 δὲ
840 5631 1069 5697 πολλὸς
1115 5629 1395 5771 ἀοικήτοῖ
1420 5632 1656 5754 {affer-64‘

1379 5716 1417 5752 a
1499 5718 1585 5754 ων

1379 5699 1585 5754 αὐλὼν

68 5770 451 5840 Ἕκτέταται,
483 5770 797 5843 μαλεροῒσι
824 5767 1190 5841 κεκαυμένος
1223 5767 1542 5838 ἠελίοισιν.

1761 4577 1959 4633 κείσθω
2005 4577 2063 4631 δὲ
2116 4576 2212 4630 καὶ
2255 4575 2454 4640 παντὸς
2488 4574 2656 4647 ὑγροῦ
2688 4572 2957 4627 θάλασσα·
2986 4572 3228 4643 εὔδηλον,
3257 4571 3333 4635 ὡς

1760 4670 1854 4722 καὶ
1883 4668 2084 4723 τούτων
2103 4669 2202 4722 οὑκ
2226 4668 2359 4740 ἄλλη
2390 4686 2473 4732 τις
2488 4667 2634 4721 αἰτία
2659 4667 2720 4720 τὸ
2745 4665 2909 4738 μέρος
2943 4664 3115 4729 τοῦτο,
3143 4666 3225 4718 ὅτι
3256 4664 3331 4737 μή

1761 4761 2026 4815 θάλασσα·
2063 4762 2123 4814 οὑ
2156 4761 2219 4833 δὴ
2253 4761 2391 4832 μόνα
2424 4759 2598 4814 ταῦτα
2627 4760 2725 4830 τὴν
2759 4758 2954 4830 ὑγρὰν,
2987 4758 3062 4822 ὡς
3098 4758 3328 4830 μητέρα,

1760 4852 1899 4906 κατά
1929 4852 2018 4906 τὸν
2052 4854 2341 4924 εἰρημένον
2380 4854 2640 4923 κέκτηται
2679 4852 2902 4921 τρόπον.

1830 4945 1988 5008 11›ἰι1.,
2018 4946 2115 4999 lin.
2144 4946 2231 5000 i7.
2263 4946 2372 5000 Καὶ
2406 4944 2574 4999 πᾶσα
2597 4944 2634 5011 ἡ
2670 4945 2746 5014 γῆ
2775 4945 3100 5012 ὑπόνομος.
3137 4940 3331 4997 Fusior

1758 5035 1992 5093 Basilius
2024 5039 2167 5093 hom.
2189 5038 2223 5092 4
2250 5056 2263 5092 :
2293 5037 2516 5109 Πρῶτον
2542 5038 2640 5106 μὲν
2674 5037 2755 5089 ὅτι
2786 5035 2935 5105 πηγὴ
2961 5035 3061 5105 τῆς
3086 5034 3213 5105 περί
3227 5033 3331 5105 γῆν

1759 5130 1976 5200 ἀπάσης
1996 5128 2197 5192 νοτίδος
2218 5128 2333 5182 ἐστὶ
2354 5126 2416 5179 16
2438 5126 2538 5196 τῆς
2562 5124 2835 5197 θαλάσσης
2860 5124 3023 5197 ὓδωρ,
3049 5124 3207 5179 τοῦτο
3231 5124 3329 5195 μὲν

1757 5225 1815 5277 ὲν
1836 5226 1947 5288 τοῖς
1981 5221 2208 5293 ἀφανέσι
2252 5222 2437 5293 πόροις
2468 5220 2850 5291 διαδιδόμενον,
2879 5218 2956 5284 ὡς
2993 5217 3241 5291 δηλοῦσιν
3271 5219 3329 5272 ai

1759 5315 2059 5387 σομφώδεις
2087 5313 2194 5368 τῶν
2214 5310 2479 5384 ἠπείρων,
2500 5313 2598 5387 irai
2617 5310 2897 5383 ὕπαντροι,
2922 5312 3010 5381 ὑφ’
3038 5310 3105 5375 ἃς
3134 5311 3167 5381 ὴ
3193 5310 3330 5382 ῥοώ-

1755 5378 1853 5477 δης
1878 5378 2312 5469 *διαυλωνίζουσα
2349 5378 2634 5470 θάλαῖσα,
2683 5378 2902 5458 ἐπειδὰν
2953 5378 3205 5465 σκολιαίςῂ
3234 5403 3330 5456 καὶ

1756 5494 1893 5567 πρὸς
1925 5495 1987 5549 16
2036 5494 2217 5567 ὄρθιον
2264 5494 2593 5566 φερομέναις
2640 5491 2999 5564 ὲναπολειφθῇ
3048 5492 3328 5560 διεξόδοις,

1755 5585 1860 5641 ὑπὸ
1884 5587 1977 5641 τοῦ
1999 5587 2281 5652 κενοῦντος
2310 5585 2477 5659 αὐτὴν
2505 5584 2813 5656 πνεύματος
2852 5584 3134 5657 ὠθουμένη
3161 5584 3331 5657 ’φέρε-

1753 5694 1843 5731 ται
1872 5676 1976 5744 ἔξω
1999 5676 2098 5748 τὴν
2129 5677 2452 5746 ἀπιφάνειαν
2486 5674 2845 5747 διαῤῥήξασα,
2879 5674 2975 5728 καὶ
3003 5674 3212 5743 γίνεται
3233 5672 3330 5725 πό-

1754 5786 1911 5840 τιμος
1942 5770 2007 5824 ὲκ
2029 5769 2127 5833 τῆς
2153 5767 2451 5841 διηθήσεως
2487 5767 2550 5821 16
2582 5766 2778 5838 πικρὸν
2832 5766 3058 5823 ἱαθεῐσα.
3094 5765 3232 5836 Ἤδη
3270 5762 3330 5819 δδ
