3840 6164
543 298 649 356 859

1874 292 2124 350 LEONIS
2161 292 2438 350 ALLATII

3702 292 3796 344 8ιο

543 412 636 466 καὶ
684 411 1018 482 θερμοτέρας
1067 410 1131 462 ἐκ
1183 408 1457 480 μετάλλων
1496 408 1776 478 ποιότητος
1811 408 1954 461 κατὰ
2009 408 2099 479 τὴν

2210 423 2439 478 corpora
2470 407 2615 462 enim
2659 407 3009 463 elementaria
3049 415 3258 461 natura:
3304 405 3420 476 lege
3490 413 3680 474 atque
3716 420 3793 458 or-

541 500 770 567 διέξοδον
799 499 1176 572 προσλαϐοῦσα
1205 501 1268 551 ὲκ
1291 497 1390 567 τῆς
1410 497 1587 568 ἀὐτῆς
1611 497 1704 550 τοῦ
1729 498 2001 562 κινοῦντος
2026 501 2108 552 al-

543 593 663 656 τίσις
685 591 878 657 ζέουσα
897 593 1101 660 γίνεται
1123 591 1198 654 ὡς
1223 589 1288 642 τὰ
1313 589 1504 650 πολλὰ,
1529 591 1624 643 καὶ
1641 590 1911 663 πυρώδης.
1933 593 2108 664 Ὅπερ

544 683 809 753 πολλαχοῦ
836 684 932 754 μὲν
950 682 1057 735 τῶν
1084 684 1281 752 νήσων,
1316 681 1580 751 πολλαχοῦ
1609 682 1665 735 δὲ
1693 682 1800 735 τῶν
1831 683 2109 754 παραλίων

542 776 719 830 τόπων
747 775 950 839 ἔξεστιν
980 774 1290 845 ἱστορῆσαι·
1323 774 1520 841 ὅπουγε
1551 776 1643 827 καὶ
1675 775 1815 827 κατὰ
1857 776 1955 846 τὴν
2014 794 2110 846 με-

543 867 748 934 σόγειον
784 867 935 918 τόποι
978 866 1120 929 τινὲς
1148 866 1256 918 τῶν
1289 867 1566 937 ποταμίων
1601 867 1804 918 ὑδάτων
1848 869 2106 934 γείτονες,

540 957 615 1022 ὡς
647 957 815 1027 μικρὰ
841 957 1092 1027 μεγαλοις
1115 957 1348 1020 εἰκάσαι,
1368 956 1434 1008 τὰ
1448 955 1698 1026 παραπλή
1709 973 1796 1008 σια
1820 955 2106 1026 πάσχουσι.

539 1049 684 1118 Πρὸς
710 1045 800 1101 οὖν
823 1048 874 1100 τί
902 1047 1059 1100 τοῦτο
1086 1047 1300 1118 εἴρηταί
1333 1065 1456 1118 μοι;
1487 1048 1602 1099 ’Ὁτι
1646 1050 1793 1099 πᾶσα
1838 1048 2108 1117 ὑπόνομός

537 1141 686 1192 ἐστιν
714 1143 745 1210 ή
772 1140 844 1210 γῆ
863 1139 950 1192 διὰ
981 1141 1161 1210 πόρων
1196 1139 1414 1208 ἀφανῶν
1436 1141 1498 1191 ὲκ
1529 1139 1636 1191 τῶν
1664 1138 1846 1209 ἀρχῶν
1874 1138 1974 1208 τῆς
2013 1138 2110 1191 Θα-

540 1230 745 1300 λάσσης
774 1230 1190 1294 ὑπονοστοῦντος
1235 1230 1329 1284 τοῦ
1364 1231 1572 1293 ὓδατος.
1617 1229 1692 1284 De
1735 1245 1998 1300 aquarum
2027 1230 2108 1283 vi-

539 1322 716 1384 ribus,
753 1331 806 1377 et
835 1323 1146 1391 saporibus,
1171 1323 1399 1392 aliisque
1423 1321 1800 1392 qualitatibus,
1843 1321 1964 1375 vide
1989 1336 2108 1390 quae

538 1428 606 1468 ex
635 1413 927 1468 Aristotele
955 1413 1278 1483 compendio
1315 1414 1448 1468 dicit
1490 1413 1737 1469 Stobaeus
1777 1413 1834 1468 in
1869 1412 2106 1482 Pliysicis

537 1504 736 1576 eclogis
770 1546 786 1572 ,
815 1520 936 1576 cap.
965 1505 1051 1558 54.

609 1619 726 1672 Col.
756 1617 883 1683 715,
921 1619 1018 1672 lin.
1065 1618 1152 1672 19.
1189 1618 1250 1672 Ἠ
1276 1619 1383 1687 γὰρ
1419 1617 1660 1686 ῥοώδης
1697 1617 2000 1673 θάλασσα.
2032 1615 2108 1672 De

539 1709 820 1763 ﬂuminum
845 1709 1182 1779 fontiumque
1209 1725 1372 1765 Causa
1397 1717 1450 1768 et
1481 1710 1686 1778 origine
1715 1711 1868 1778 plura
1891 1709 2105 1762 Aristo-

2217 501 2343 556 dine
2377 501 2692 556 caelestibus
2722 500 3006 554 obediunt.
3049 499 3304 554 Albertus
3335 501 3431 553 lib.
3464 513 3509 552 ιι
3537 498 3788 559 Meteon,

2217 598 2375 644 tract.
2414 591 2470 655 2,
2502 606 2619 660 cap.
2647 591 2733 653 12,
2766 591 2941 660 inquit
2965 602 3195 660 vapores
3221 591 3272 643 in
3299 590 3483 655 terris,
3538 589 3790 642 cavernis

2215 683 2455 737 elevatos
2489 681 2828 752 reﬂexosque
2853 683 3128 737 attrahere
3153 681 3220 734 ad
3243 697 3300 737 se
3315 695 3545 749 aquam,
3562 694 3791 748 eamque

2216 789 2437 829 sursum
2471 773 2683 836 eﬂ'crre,
2715 781 2769 828 et
2813 773 3072 827 continua
3111 787 3210 828 sua
3261 773 3502 834 actione,
3545 779 3609 826 et
3656 771 3789 824 illisu

2216 865 2286 917 ad
2336 865 2540 920 montis
2577 866 2744 919 latera
2782 880 2946 934 poros
2988 865 3232 935 aperire,
3298 863 3503 933 quibus
3573 863 3790 916 tandem

2216 957 2469 1026 erumpit.
2515 957 2617 1010 Alii
2657 959 2867 1020 dicunt,
2915 971 3036 1010 cum
3070 965 3214 1011 terra
3249 958 3433 1011 multis
3469 956 3551 1008 sit
3609 955 3786 1024 pervia

2215 1051 2510 1119 specubus,
2536 1065 2730 1118 aquam
2761 1050 2926 1103 maris
2951 1050 3003 1102 in
3035 1049 3303 1117 ejusmodi
3335 1062 3469 1102 cava
3517 1048 3648 1100 loca
3680 1062 3787 1101 sese

2217 1141 2495 1204 inducere,
2553 1157 2672 1210 qua:
2699 1141 2827 1210 quia
2863 1147 2991 1194 sunt
3039 1147 3292 1210 angusta,
3343 1153 3531 1207 neque
3582 1145 3786 1190 tantam

2216 1234 2384 1288 maris
2417 1234 2611 1286 molem
2645 1248 2840 1303 capere
2871 1238 3100 1300 queunt,
3145 1245 3262 1284 eam
3289 1244 3443 1298 aqua:
3471 1229 3784 1298 portionem

2215 1337 2583 1392 compressam
2609 1323 2674 1376 ad
2697 1322 3041 1376 extrinsecus
3059 1321 3405 1374 incumbente
3432 1320 3578 1372 mari
3607 1333 3784 1387 egreso

2216 1430 2334 1469 sum
2365 1425 2470 1484 qua
2499 1416 2583 1468 via
2619 1415 2810 1484 possit,
2839 1429 3100 1484 qurerere,
3146 1415 3331 1484 sicque
3361 1413 3480 1468 ﬁeri
3518 1427 3783 1482 aquarum

2213 1508 2574 1562 exsilitiones.
2595 1508 2839 1562 Aliorum
2862 1509 2998 1563 alios
3025 1505 3215 1562 modos
3237 1514 3288 1561 et
3321 1506 3579 1561 rationes
3610 1519 3785 1575 quaere

2214 1599 2269 1654 in
2299 1601 2458 1656 dictis
2498 1603 2834 1657 auctoribus.

2285 1715 2444 1779 Ibid.,
2480 1715 2577 1770 lin.
2611 1715 2702 1769 24.
2760 1715 2952 1769 Πάλιν
2981 1715 3047 1769 δὲ
3077 1713 3337 1768 ἐπειδάν.
3390 1713 3646 1768 Causam
3679 1727 3783 1782 pro-

540 1800 676 1853 leles
720 1799 816 1853 lib.
857 1815 873 1853 l
924 1774 1167 1862 Mem-Tu
1234 1814 1355 1868 εει)-
1407 1797 1498 1861 ¹5υ
1543 1774 1597 1852 εἷ
1645 1774 1741 1853 lib:
1791 1814 1849 1862 ιι,
1881 1813 2002 1868 0³1)-
2042 1796 2106 1863 2ς
2141 1774 2185 1829 Β
2213 1813 2332 1877 pter
2359 1774 2520 1876 quam
2557 1823 2708 1877 aqua:
2731 1822 2854 1862 cum
2878 1811 3086 1862 ex’uno
3114 1815 3167 1862 et
3191 1806 3381 1862 eodem
3429 1803 3612 1867 fonte,
3646 1774 3782 1857 mare

539 1885 714 1949 Plato.
748 1892 802 1942 in
845 1887 1137 1953 P/iwdona;
1170 1887 1438 1956 Georgius
1481 1888 1761 1957 Agricola,
1821 1888 1919 1941 lib.
1961 1903 1976 1940 ι
2031 1885 2108 1940 De

540 1989 661 2032 ortu
701 1988 751 2033 et
799 1981 972 2034 causis
1022 1981 1518 2043 subterraneorum;
1551 1979 1806 2033 Albertus
1855 1979 2104 2048 Magnus,

539 2068 636 2122 lib.
700 2083 742 2122 ιι
777 2067 1022 2133 Meteon,
1052 2077 1210 2124 tract.
1273 2069 1356 2134 l2,
1387 2071 1549 2138 c-apit.
1582 2069 1668 2136 ll;
1695 2069 1929 2123 Jacobus
1970 2069 2110 2122 Mili-

537 2159 716 2224 chius,
761 2159 815 2214 in
862 2162 1026 2229 capit.
1071 2161 1170 2214 105
1217 2161 1308 2214 lib.
1365 2175 1404 2214 ιι
1473 2159 1666 2227 Plinii;
1710 2158 1959 2216 Valesius
2029 2159 2107 2214 De

536 2266 691 2303 sacra
721 2250 1071 2320 philosophia,
1106 2268 1225 2321 cap.
1249 2253 1337 2315 63,
1372 2259 1425 2306 et
1448 2253 1558 2305 alii.
1589 2249 1713 2304 Fuit
1745 2251 2106 2322 quorumdam

537 2337 723 2404 opinio
760 2338 901 2390 intra
939 2347 1138 2392 terram
1181 2355 1302 2394 esse
1345 2339 1610 2409 quasdam
1661 2341 1923 2394 cavitates
1949 2348 2002 2394 et
2027 2339 2106 2393 al-

538 2440 692 2490 veos,
717 2427 914 2496 quibus
937 2427 1136 2484 imbres
1157 2430 1518 2498 excipiantur,
1547 2438 1709 2498 atque
1730 2446 1797 2484 ex
1827 2431 1894 2485 iis
1930 2431 2104 2485 fontes

534 2525 590 2572 et
609 2518 802 2572 ﬂuvios
830 2518 1128 2582 dimanare,
1151 2527 1205 2574 et
1236 2535 1404 2589 aquas
1428 2521 1547 2576 illas
1574 2537 1746 2591 usque
1767 2521 1835 2575 ad
1869 2522 2104 2575 futuram

535 2609 770 2664 hiemem
801 2608 1065 2672 suﬂicere,
1098 2623 1198 2663 nec
1225 2624 1543 2666 exarescere
1575 2618 1868 2680 antequam
1909 2625 2103 2665 rursus

536 2704 689 2774 pluat
713 2720 727 2756 :
765 2702 961 2757 siccari
987 2717 1116 2757 vero
1142 2717 1236 2758 eos
1262 2719 1494 2773 quorum
1525 2705 1662 2760 alvei
1691 2707 1928 2761 minores
1953 2712 2102 2771 sunt,

533 2802 590 2850 et
609 2795 680 2849 ob
711 2792 983 2848 defectum
1017 2809 1282 2864 aquarum
1315 2811 1425 2849 non
1456 2795 1669 2851 ﬂuitant
1710 2813 1882 2868 usque
1908 2799 1976 2854 ad
2006 2816 2104 2855 no-

533 2902 632 2941 vas
664 2886 888 2955 pluvias.
921 2886 1244 2942 Aristoteles
1279 2894 1335 2941 et
1372 2889 1463 2941 alii
1491 2903 1712 2944 causam
1753 2891 1981 2959 primam
2014 2908 2105 2962 ge-

534 2977 836 3031 nerationis
884 2975 1170 3030 ﬂuviorum
1232 2985 1482 3033 statuunt
1535 2979 1640 3033 loci
1686 2989 1956 3047 naturam,
2010 2982 2102 3036 ubi

534 3076 756 3139 propter
789 3069 891 3124 soli
927 3070 1228 3132 raritatem,
1256 3070 1463 3126 multus
1493 3077 1549 3126 et
1583 3073 1840 3142 c0piosus
1873 3073 2097 3142 spiritus

533 3165 844 3227 generatur,
881 3157 974 3228 qui
1017 3173 1179 3228 quam
1216 3159 1463 3228 proxime
1493 3160 1558 3214 ad
1599 3162 1818 3230 vaporis
1847 3168 2099 3216 naturam

533 3247 764 3303 accedit.
816 3248 1019 3304 Deinde
1065 3264 1196 3304 vero
1255 3249 1454 3321 frigore
1514 3251 1618 3304 loci
1664 3251 1718 3304 in
1766 3267 1962 3322 aquam
2011 3269 2104 3308 co-

533 3341 700 3410 gitur,
755 3356 879 3412 qua:
924 3342 1097 3412 ejecta
1164 3340 1286 3396 fons
1341 3349 1397 3397 et
1447 3342 1599 3414 origo
1647 3341 1934 3398 ﬂuviorum
1998 3352 2100 3400 est.

533 3429 644 3486 Nec
698 3433 912 3488 videtur
963 3433 1260 3488 absurdum
1313 3433 1362 3489 si
1409 3443 1631 3505 pr0pter
1680 3435 1922 3490 eamdem
1973 3451 2104 3490 cau-

533 3538 651 3579 sam
707 3523 944 3580 interrae
999 3526 1301 3580 visceribus
1359 3533 1650 3596 generatur
1701 3540 1840 3598 aqua
1884 3535 2102 3598 propter

533 3630 696 3687 quam
731 3630 895 3685 supra
932 3625 1133 3670 terram
1186 3616 1240 3671 in
1278 3631 1432 3683 aere;
1465 3619 1584 3688 pari
1613 3619 1758 3672 enim
1794 3621 2005 3673 ratione
2046 3619 2099 3672 in

531 3714 830 3778 vaporante
876 3723 1000 3764 aere
1052 3708 1224 3779 frigus
1272 3719 1549 3778 operatur.
1616 3709 1746 3774 Quae
1794 3710 2100 3765 Aristotelis

533 3800 717 3870 opinio
740 3800 786 3853 si
817 3808 962 3854 recte
988 3802 1370 3856 consideretur
1395 3816 1552 3857 suam
1583 3802 1746 3856 habet
1801 3805 2099 3873 probabili-

535 3897 724 3954 tatem,
759 3906 860 3946 nec
901 3891 976 3944 ita
1018 3893 1222 3947 absona
1256 3900 1340 3947 est
1395 3893 1449 3946 in
1499 3893 1842 3963 philosophia
1895 3902 1957 3949 ut
2003 3911 2096 3950 ex-

533 3983 659 4053 pelli
688 3984 910 4038 omnino
939 3993 1231 4039 mereatur.
1253 3985 1567 4040 Christiano
1589 3993 1768 4040 tamen
1793 3987 2016 4054 homini,
2033 4005 2096 4044 ea

533 4089 697 4144 super
731 4075 836 4129 hoc
868 4077 1135 4130 sententia
1167 4087 1250 4131 est
1275 4078 1653 4148 amplexanda,
1690 4094 1808 4148 quae
1843 4089 1924 4134 est
1968 4095 2098 4135 San-

531 4175 743 4222 ctorum
765 4166 986 4220 Patrum
1008 4169 1336 4231 communis,
1356 4176 1408 4222 et
1431 4185 1598 4224 sacrae
1625 4169 1918 4240 Scriptura:
1941 4172 2095 4226 testi-

530 4257 737 4312 moniis
761 4257 1134 4314 conﬁrmatur.
1173 4256 1448 4330 Originem
1494 4260 1720 4315 fontium
1756 4277 1786 4316 e
1812 4265 1948 4316 mari
1973 4279 2094 4319 esse

532 4363 563 4402 a
599 4363 707 4419 quo
737 4347 979 4412 eﬂluunt,
1030 4357 1084 4404 et
1140 4349 1197 4404 in
1249 4350 1393 4420 quod
1422 4349 1672 4417 inﬂuunt,
1725 4353 1796 4405 ita
1834 4352 2122 4424 Basilius,‘

2211 1896 2444 1959 scilicet,
2474 1896 2738 1965 originem
2775 1897 3014 1960 trahant,
3053 1912 3162 1950 non
3205 1895 3451 1950 eamdem
3490 1901 3716 1949 Servent
3739 1900 3782 1946 et

2220 1988 2560 2057 qualitatem,
2595 1997 2649 2042 et
2678 2003 2949 2057 saporem,
2977 1989 3070 2043 sed
3103 1987 3406 2043 secundum
3445 1987 3561 2042 loci
3613 1985 3782 2038 varie-

2207 2087 2371 2134 tatem
2404 2081 2533 2150 ipsze
2562 2081 2724 2134 etiam
2760 2079 3032 2136 varientur
3061 2089 3183 2151 pete
3225 2097 3253 2133 a
3283 2079 3663 2150 phiIOSOpbis.

2283 2171 2442 2238 lbid.,
2461 2175 2556 2228 lin.
2585 2175 2676 2231 27.
2706 2175 2868 2244 Αὕτη
2891 2175 2984 2228 καὶ
3026 2174 3144 2228 τῶν
3168 2176 3381 2243 ἀερίων
3403 2174 3669 2227 ὑδάτων.
3699 2173 3780 2224 Ba-

2207 2266 2383 2331 silius,
2431 2266 2577 2320 hom.
2607 2265 2640 2320 4
2683 2285 2697 2321 :
2730 2267 2884 2338 Καλὴ
2920 2267 3013 2320 καὶ
3041 2267 3173 2319 διότι
3203 2269 3315 2330 τοῖς
3352 2265 3571 2336 ἀερίοις
3597 2266 3770 2318 ὕδασιν

2205 2359 2346 2430 ἀρχή
2386 2359 2469 2421 τίς
2507 2361 2620 2412 ἐστι
2661 2359 2754 2412 καὶ
2790 2361 2960 2431 πηγὴ,
3001 2359 3307 2430 Θαλπομένη
3360 2359 3462 2428 μὲν
3504 2362 3576 2429 τῇ
3610 2359 3768 2411 ἀκτῖνι

2208 2449 2302 2501 τοῦ
2335 2448 2506 2518 ἡλίου,
2534 2448 2896 2520 ἀποτιθεμένη
2923 2449 2978 2502 δὲ
3013 2449 3072 2501 τὸ
3118 2449 3309 2502 λεπτὸν
3339 2449 3436 2501 τοῦ
3468 2449 3666 2512 ὕδατος
3697 2448 3768 2501 διὰ

2203 2540 2308 2594 τῶν
2327 2543 2390 2594 ἅτ
2399 2541 2532 2611 μῶν,
2550 2542 2684 2613 ὅπερ
2697 2540 2950 2595 ἐλκυσθὲν
2965 2543 3042 2604 εἰς
3055 2541 3144 2593 τὸν
3161 2543 3268 2595 ἄνω
3279 2541 3467 2603 τόπον,
3487 2537 3610 2594 εἶτα
3627 2559 3770 2594 κατα-

2203 2631 2405 2702 ψυχθὲν
2433 2633 2520 2686 διὰ
2551 2633 2611 2686 τὸ
2635 2633 2963 2704 ὑψηλότερον
2989 2631 3236 2701 γενέσθαι
3264 2633 3363 2703 τῆς
3395 2633 3508 2686 ἀπὸ
3530 2633 3627 2687 τοῦ
3661 2633 3768 2684 ἐδά-

2204 2743 2336 2794 φους
2361 2725 2706 2788 ἀνακλάσεως
2737 2725 2844 2778 τῶν
2875 2724 3129 2789 ἀκτίνων,
3165 2725 3256 2778 καὶ
3298 2724 3438 2794 ὁμοῦ
3472 2727 3578 2795 τῆς
3601 2727 3666 2778 ὲκ
3686 2723 3766 2777 τοῦ

2203 2817 2397 2885 νέφους
2435 2819 2590 2879 σκιᾶς
2620 2817 2719 2886 τὴν
2765 2815 2921 2885 ψύξιν
2956 2815 3326 2883 ἐπιτεινούσης
3367 2815 3527 2878 ὑετὸς
3552 2817 3764 2883 γίνεται,

2203 2911 2294 2962 καὶ
2318 2910 2517 2962 πιαίνει
2547 2909 2644 2981 τὴν
2677 2910 2798 2979 γῆν.
2822 2907 3114 2977 Gregorius
3141 2907 3374 2978 Cyprius
3403 2907 3458 2960 in
3483 2907 3658 2961 Maris
3689 2925 3766 2961 en-

2201 3003 2369 3056 comio
2391 3019 2409 3056 :
2440 3003 2672 3074 Ὄμϐροι
2704 3002 2759 3055 δὲ
2785 3001 2919 3073 πρὸς
2952 3004 3063 3064 τοῖς
3089 3001 3422 3072 εἰρημένοις,
3451 3003 3551 3054 καὶ
3575 3002 3760 3072 δρόσοι,

2202 3095 2296 3148 καὶ
2317 3094 2543 3163 νιφετοὶ,
2573 3093 2791 3163 νεφέλαι
2823 3099 2881 3146 τε
2916 3088 2981 3146 αὖ
3017 3094 3074 3146 αἱ
3103 3095 3326 3156 τούτους
3359 3094 3654 3162 γεννῶσαι,
3685 3096 3759 3146 καὶ

2205 3186 2301 3241 ὅσα
2317 3185 2530 3256 πρῶτον
2562 3187 2640 3250 εἰς
2660 3186 2750 3239 τὸν
2783 3186 2893 3240 ἀνω
2912 3185 3272 3255 συνιστάμενα
3297 3186 3484 3250 τόπον,
3519 3184 3620 3239 εἶτ’
3642 3189 3761 3238 ἐκεῖ·

2205 3276 2293 3330 θεν
2320 3279 2398 3340 εἰς
2422 3279 2524 3348 γῆν
2549 3277 2806 3330 κάτεισιν.
2843 3275 3125 3342 Quomodo
3161 3284 3344 3332 autem
3372 3277 3429 3331 in
3471 3293 3602 3334 aere
3625 3294 3758 3348 aqua

2203 3375 2532 3436 generentur
2553 3367 2942 3424 explicavimus
2970 3365 3241 3435 superius.

2277 3525 2434 3591 lbid.,
2458 3525 2552 3578 lin.
2588 3525 2677 3579 35.
2709 3524 2815 3578 Καὶ
2843 3524 2928 3578 ἐτι
2957 3525 3052 3578 καὶ
3081 3524 3214 3578 νῦν.
3235 3521 3494 3585 Basilius,
3526 3537 3672 3578 nom.
3699 3525 3754 3577 5:

2215 3617 2277 3669 ἸΙ
2303 3614 2553 3685 γὰρτότε
2587 3613 2758 3683 φωνὴ,
2791 3613 2885 3666 καὶ
2911 3612 2971 3664 τὸ
3000 3613 3209 3683 πρῶτον
3237 3613 3413 3665 έκεῖνο
3446 3613 3756 3683 πρόσταγμα

2199 3702 2308 3761 οἷον
2336 3708 2497 3776 νόμος
2545 3723 2628 3770 τις
2665 3707 2877 3774 ἐγένετο
2926 3705 3155 3774 φύσεως,
3206 3704 3300 3756 καὶ
3332 3704 3660 3774 ὲναπέμεινε
3697 3708 3750 3774 τῇ

2199 3801 2290 3869 γῇ,
2321 3797 2417 3869 τὴν
2437 3797 2528 3850 τοῦ
2559 3799 2750 3867 γεννᾷν
2773 3797 2907 3867 αὑτῇ
2937 3797 3028 3848 καὶ
3045 3799 3410 3867 καρποφορεῖν
3435 3796 3662 3869 δύναμιν
3688 3801 3754 3861 εἰς

2195 3891 2258 3942 τὸ
2288 3889 2413 3960 έξῆς
2442 3893 2828 3961 παρεχόμενος.
2861 3887 2925 3941 Ει
2968 3887 3231 3943 inferius:
3261 3888 3379 3940 Ἵνα
3427 3889 3643 3960 πρῶτον
3677 3893 3754 3942 ἐκ·

2197 3983 2304 4032 εῖνο
2340 3980 2666 4051 πρόσταγμα
2696 3978 3059 4031 διδασκαλεῖον
3090 3982 3153 4049 τῇ
3187 3977 3342 4046 φύσει
3377 3981 3604 4052 γένηται
3635 3983 3754 4053 πρὶς

2196 4072 2292 4142 τὴν
2325 4071 2452 4141 ἑξῆς
2483 4070 2816 4125 ἀκολουθίαν.
2848 4069 2914 4123 Et
2945 4071 3092 4124 hom.
3125 4072 3156 4125 9
3179 4090 3192 4124 :
3213 4070 3425 4141 Νόησον
3454 4074 3608 4144 ῥῆμα
3632 4074 3748 4126 Θεοῦ

2193 4164 2280 4218 διὰ
2315 4164 2415 4234 τῆς
2442 4164 2668 4228 κτίσεως
2699 4163 2907 4234 τρέχον,
2932 4165 3028 4216 καὶ
3047 4163 3165 4216 τότε
3200 4163 3531 4234 ἀρξάμενον,
3568 4168 3658 4219 καὶ
3679 4165 3752 4234 μέο

2194 4273 2284 4326 χρι
2311 4254 2406 4308 νῦν
2438 4255 2714 4326 ἐνεργοῦν,
2739 4256 2832 4307 καὶ
2867 4255 2946 4317 εἰς
2965 4253 3113 4317 τέλος
3145 4254 3338 4320 διεξιὸν
3376 4256 3484 4319 ἕως
3527 4257 3594 4310 ἂν
3621 4261 3649 4311 ό
3679 4258 3751 4310 κό-

2197 4364 2330 4416 σμος
2360 4335 2757 4417 συμπληρωθῇ.
2784 4343 2918 4398 Vide
2954 4345 3174 4412 locum;
3206 4353 3289 4402 est
3321 4348 3470 4402 enim
3505 4353 3748 4419 Optimus.

527 4441 717 4496 bomil.
737 4443 790 4505 4,
813 4453 996 4498 noster
1013 4441 1330 4499 Eustathius
1354 4445 1406 4497 in
1431 4444 1534 4498 hoc
1555 4445 1697 4512 loco,
1734 4445 2094 4517 Hieronymus

2207 4437 2454 4493 Leontius
2485 4437 2730 4492 Arabissi
2760 4437 3052 4506 cpisc0pus
3100 4453 3348 4493 sermone
3381 4439 3453 4494 de
3486 4442 3750 4496 creatione

530 4533 598 4588 ad
624 4534 858 4604 primum
902 4542 1066 4603 caput
1109 4533 1473 4596 Ecclesiastae,
1509 4535 1770 4602 Isidorus,
1809 4537 1846 4590 Ι.
1875 4552 1937 4591 ιιι
1971 4537 2094 4593 Ori-

528 4627 726 4695 ginum,
753 4625 920 4692 0.90;
947 4625 1362 4680 Damascenusn
1409 4625 1484 4680 De
1511 4626 1604 4696 ῥά.
1637 4627 1866 4694 orlhod.,
1892 4644 2008 4698 cap.
2028 4628 2089 4696 9;

531 4715 822 4786 Gregorius
851 4717 1084 4788 Cyprius
1117 4717 1174 4769 in
1204 4714 1376 4771 Maris
1419 4717 1676 4781 encomio,
1733 4727 1786 4772 et
1835 4734 1906 4773 ex
1937 4719 2089 4785 aliis;

530 4807 683 4862 Plato
709 4809 766 4862 in
801 4807 1107 4873 Phaedone;
1159 4807 1368 4863 Plinius
1403 4809 1498 4863 lib.
1537 4825 1598 4872 ιι,
1635 4824 1756 4878 cap.
1793 4809 1900 4876 65;
1938 4809 2092 4864 Philo

528 4897 747 4953 Iudaeus
778 4897 852 4950 De
881 4898 1063 4951 mundi
1090 4899 1319 4968 api/icio.
1353 4899 1578 4952 Variant
1618 4905 1798 4952 tamen
1833 4899 1886 4952 in
1917 4899 2090 4969 expli-

529 4989 746 5044 catione
802 4989 966 5056 illius,
1009 4989 1283 5059 quomodo
1335 4989 1590 5045 videlicet
1640 4999 1833 5060 suopte
1874 4991 2090 5062 ingenio

529 5082 708 5150 gravis
741 5081 913 5150 possit
940 5096 972 5135 e
1013 5081 1149 5135 mari
1194 5082 1490 5136 ascendere
1518 5082 1574 5136 in
1605 5081 1904 5137 altissimos
1934 5097 2090 5136 mon-

530 5181 632 5233 tes,
663 5184 695 5223 e
739 5170 938 5241 quibus
965 5171 1202 5240 erumpit
1239 5170 1294 5223 in
1348 5178 1500 5224 tanta
1536 5171 1713 5242 copia.
1767 5169 2088 5227 Eustathius

529 5279 726 5335 quam
754 5265 921 5318 maris
951 5265 1166 5332 spiritu,
1193 5263 1392 5317 ﬂatuve
1423 5263 1650 5318 interius
1680 5272 1933 5320 movente
1965 5280 2089 5320 sur~

530 5371 648 5409 sum
678 5354 746 5408 ad
767 5357 1130 5425 scaturigines
1163 5347 1386 5425 impelli.
1411 5353 1505 5409 His
1540 5357 1810 5411 consentit
1830 5355 2084 5421 Basilius,

530 5441 757 5509 Plinius,
815 5443 990 5498 Plato.
1035 5443 1092 5498 S.
1118 5443 1392 5510 Thomas,
1441 5457 1479 5496 ιι
1549 5442 1786 5500 Sentent.
1833 5447 1960 5501 dist.
1995 5446 2083 5509 Η,

531 5520 720 5599 quaest.
760 5536 810 5597 l,
841 5535 936 5599 ait,
994 5535 1272 5590 fontanam
1317 5544 1372 5590 et
1419 5534 1732 5589 ﬂuviatilem
1770 5551 1966 5606 aquam
1999 5544 2083 5590 at-

533 5622 673 5674 trahi
721 5638 938 5678 sursum
988 5627 1042 5679 vi
1093 5627 1398 5680 caelestium
1452 5641 1744 5696 corporum
1777 5627 2082 5682 communis

533 5709 660 5764 boni
689 5713 878 5781 gratia.
899 5711 1004 5768 Nec
1034 5722 1240 5770 motum
1264 5715 1409 5774 hunc
1439 5730 1592 5787 aqua:
1619 5732 1738 5774 esse
1759 5718 2077 5788 violentum,

2196 4537 2250 4584 et
2278 4528 2488 4582 Lazaro
2513 4528 2776 4592 redivivo,
2802 4545 2909 4582 non
2945 4530 3220 4599 incompta
3254 4530 3621 4588 similitudine
3644 4550 3748 4588 vcr-

2194 4620 2320 4676 bum
2358 4621 2490 4674 illud
2522 4620 2786 4684 divinum,
2810 4621 2907 4685 ait,
2940 4621 3061 4675 loco
3108 4621 3332 4676 seminis
3368 4623 3424 4676 in
3460 4625 3628 4680 rebus
3667 4642 3745 4695 ge-

2193 4712 2450 4768 nerandis
2484 4711 2673 4776 fuisse,
2700 4728 2930 4783 eamque
2954 4713 3010 4766 in
3035 4713 3199 4768 rebus
3228 4713 3338 4767 illis
3363 4713 3476 4766 vim
3509 4716 3747 4770 habuisse

2193 4817 2354 4872 quam
2385 4811 2439 4856 et
2468 4817 2650 4857 semen
2679 4818 2694 4869 ;
2742 4811 2796 4856 et
2851 4803 3028 4856 adhuc
3067 4801 3134 4854 ad
3181 4805 3602 4873 conceptionem
3631 4823 3745 4860 con—

2193 4908 2432 4948 currere.
2473 4891 2537 4945 Τι
2591 4893 2770 4960 λέγεις
2820 4894 3094 4962 αἱρετικές
3153 4895 3384 4959 Βλέπεις
3429 4898 3555 4951 ἀντὶ
3593 4918 3742 4954 κατα-

2140 4992 2150 5001 ‘
2193 4984 2350 5056 ϐολῆς
2375 4985 2683 5056 σπέρματος
2711 4979 2771 5036 τὸ
2791 4983 2881 5037 τοῦ
2912 4984 3071 5054 λόγου
3099 4987 3378 5056 γινόμενον
3413 4990 3740 5061 πρόσταγμα.

2190 5078 2299 5130 Καὶ
2325 5076 2440 5140 πῶς
2467 5074 2760 5147 ἀμφίϐολον
2777 5075 2955 5144 λέγεις
2975 5077 3075 5147 τῆς
3101 5077 3435 5150 παρθενικῆς
3457 5085 3740 5154 γεννήσεως

2187 5168 2248 5221 τὸ
2277 5169 2568 5239 μυστήριον
2592 5183 2606 5232 ;
2626 5167 2692 5218 Ἀ
2716 5168 2824 5240 γὰρ
2855 5168 2949 5222 νῦν
2983 5169 3290 5241 σπέρματος
3318 5172 3450 5226 ἄνευ
3484 5173 3547 5226 οὑ
3581 5174 3738 5227 τίκτε-

2186 5277 2294 5326 ται,
2324 5256 2531 5324 τούτοις
2569 5263 2600 5330 ή
2645 5260 2795 5331 φωνὴ
2827 5261 2947 5313 τότε
2987 5261 3268 5332 συνέτρεχε
3320 5261 3414 5316 τοῦ
3466 5265 3736 5326 καλοῦντος

2186 5351 2323 5420 πρὸς
2344 5352 2614 5420 γέννησιν,
2645 5354 2738 5405 καὶ
2769 5352 3077 5423 συλλήψεως
3107 5353 3326 5424 τρόπον,
3383 5356 3414 5407 ὁ
3447 5355 3547 5426 τῆς
3573 5355 3732 5408 κελεύ·

2187 5459 2322 5505 σεως
2357 5445 2608 5513 ἐμιμεῖτο
2631 5444 2812 5513 νόμος,
2847 5445 2939 5497 καὶ
2966 5443 3051 5497 διὰ
3088 5446 3213 5515 μιᾶς
3245 5447 3433 5516 φωνῆς
3461 5447 3730 5518 ὲσαρκοῦτο

2183 5533 2250 5586 τὰ
2280 5534 2476 5588 πάντα.
2536 5535 2644 5588 Καὶ
2689 5536 2718 5588 ὁ
2764 5535 2885 5589 τότε
2933 5535 3221 5608 σαρκώσας
3264 5537 3364 5607 τὴν
3398 5539 3596 5600 κτίσιν,
3652 5536 3726 5590 καὶ

2187 5625 2382 5696 σπόρον
2414 5625 2667 5698 ἀσπόρως
2699 5628 3008 5699 χορηγήσας
3037 5631 3148 5691 τοῖς
3192 5629 3378 5691 πᾶσιν,
3439 5630 3597 5692 αὐτὸς
3638 5626 3724 5680 ἀπὸ

2183 5718 2406 5790 λογικῆς
2438 5717 2738 5790 σαρκωθεὶς
2771 5720 2874 5790 γῆς
2921 5719 3184 5790 προῆλθεν
3231 5719 3493 5790 ἀσπόρως
3528 5720 3619 5791 τὴν
3652 5715 3720 5770 διὰ
