3840 6164
167 280 274 331 8M

1115 278 1178 332 IN
1220 276 1586 334 EUSTATIIH
1629 273 2101 330 HEXAEMERON
2144 273 2372 329 NOTAE.

3323 271 3430 328 8ιὲ

170 395 379 466 σαρκὸς
412 396 763 464 φυτευθεῖσαν
813 397 905 450 τοῦ
957 395 1184 450 Θανάτου
1221 398 1373 468 ῥίζαν
1415 399 1479 467 τῇ
1509 395 1750 467 δρεπάνῃ
1781 398 1825 454 Α
1854 394 1918 461 τῇ
1953 391 2082 462 ὁλκῇ
2117 390 2208 444 τοῦ
2244 388 2446 460 θερμοῦ
2481 388 2874 456 συνεπάγεσθαι
2906 387 3000 442 τοῦ
3041 391 3302 462 τροφίμου
3327 391 3429 461 τῆς

168 491 275 560 τῆς
299 489 630 561 παρθενικῆς
663 491 940 543 ἐκκόπτων
977 492 1300 560 γεννήσεως-

263 581 380 635 Col.
404 581 528 647 715,
573 582 665 636 lin.
703 582 792 636 '57.
820 584 889 636 Ἠ
901 583 1012 650 γὰρ
1029 581 1374 648 βλάστησις
1396 579 1751 649 καθηγεῖται.

179 671 450 736 Basilius,
480 671 625 725 hom.
649 672 681 726 5
709 691 723 726 :
756 673 976 744 Πρῶτον
1008 673 1152 724 ἐστιν
1187 673 1246 723 ὲν
1289 675 1356 742 τῇ
1388 671 1616 740 *γενέσει
1647 669 1756 720 τῶν

173 765 470 836 φυομένων
506 765 540 834 ἡ
580 763 890 835 βλάστησις,
944 764 1152 828 ἔπειτα,
1200 765 1328 817 ὃταν
1365 763 1615 835 προκύψῃ
1665 779 1753 832 μι-

180 857 326 927 κρὸν
349 855 416 908 τὰ
448 855 820 926 βλαστήματα,
860 856 1054 927 βοτάνη
1091 858 1319 926 γίνεται,
1366 853 1505 918 εἶτα,
1536 855 1755 908 ἐπειδὰν

177 947 423 1017 αὐξηθῇ,
449 947 639 1016 χόρτος
669 948 784 999 ἐστί
817 948 958 1001 κατά
984 948 1176 1019 μικρὸν
1196 947 1628 1019 διαρθρουμένων
1649 946 1756 1001 τῶν

175 1039 488 1109 φυομένων,
524 1041 616 1092 καὶ
645 1039 804 1111 μέχρι
834 1041 933 1110 τῆς
964 1041 1055 1094 ἐπὶ
1082 1042 1143 1094 τὸ
1178 1041 1396 1111 σπέρμα
1430 1038 1755 1103 τελειώσεως

171 1131 500 1204 προϊόντων.
543 1132 805 1197 Quamvis
851 1134 994 1188 enim
1051 1135 1507 1204 germinationum
1557 1147 1755 1204 genera

170 1224 358 1288 varia,
395 1224 536 1278 sicut
569 1231 623 1278 et
675 1225 1008 1294 plantarum,
1059 1241 1159 1280 nec
1195 1242 1303 1280 uno
1347 1233 1609 1295 tempore,
1655 1241 1756 1280 nec

173 1317 306 1370 loco
354 1316 704 1382 conveniant,
746 1325 926 1372 tamen
991 1334 1206 1388 semper
1259 1319 1492 1388 priorem
1551 1324 1756 1374 esseet

174 1401 478 1466 fructibus,
510 1409 562 1456 et
609 1402 834 1457 ﬂoribus
887 1405 1333 1473 germinationem
1374 1419 1598 1458 necesse
1649 1410 1754 1467 est,

170 1495 642 1567 quemadmodum
683 1503 736 1549 et
783 1495 838 1548 in
881 1496 1196 1549 animalium
1234 1497 1583 1566 generatione
1625 1511 1757 1550 con—

171 1596 422 1656 ceptum.
466 1584 632 1647 Plin.,
669 1584 862 1639 Natur.
897 1585 1048 1651 hist.,
1082 1587 1118 1641 l.
1157 1603 1266 1651 xw,
1303 1602 1352 1641 c.
1387 1587 1495 1641 9.5:
1531 1587 1756 1643 Catula-

171 1683 374 1734 tionem
406 1679 592 1732 rustici
631 1687 834 1737 vocant.
871 1679 1117 1747 gestiente
1155 1688 1346 1732 natura
1385 1679 1585 1732 semina
1617 1680 1758 1732 acri-

1861 483 1962 553 γῆς
1989 484 2112 537 ὅσον
2143 484 2382 554 μέτριον,
2419 482 2514 536 καὶ
2536 481 2690 535 τοῦτο
2727 481 3113 554 καταμερίζειν
3154 485 3233 546 είς
3257 482 3427 536 καλάο

1864 595 1991 648 μην,
2027 577 2122 631 καὶ
2156 577 2356 647 φλοιὸν,
2388 577 2482 630 καὶ
2497 577 2604 642 ’τὰς
2631 577 2801 648 θήκας
2849 576 2940 630 τοῦ
2969 577 3113 630 σίτου
3147 575 3238 628 καὶ
3269 573 3428 628 αὑτὸν

1861 671 1950 724 τὸν
1978 673 2120 723 σῖτον
2147 671 2240 724 καὶ
2272 672 2396 734 τοὺς
2427 669 2738 744 ἀνθέρικας.
2763 668 2828 722 Ει
2859 669 2979 724 ideo
3007 667 3329 723 Aristoteles
3363 666 3430 720 li-

1859 762 2001 816 bello
2034 761 2109 814 De
2133 761 2404 830 juventute
2436 770 2486 815 et
2523 771 2709 815 scnect.
2743 761 2832 814 vit.
2874 769 3032 814 mort.
3066 767 3116 814 et
3155 759 3428 827 respirat.,

1861 855 2058 925 capit.,
2083 855 2136 919 1,
2172 854 2386 909 radices
2401 869 2522 909 esse
2539 855 2614 908 ait
2634 869 2696 908 os
2719 855 3060 924 plantarum;
3081 849 3434 922 quemadmo-

1862 944 1989 998 dum
2018 945 2162 999 enim
2215 946 2472 999 animalia
2527 960 2623 1015 per
2653 960 2715 998 os
2749 945 2932 1000 cibum
2985 944 3288 1014 excipiunt,
3325 955 3436 1011 quo

1861 1037 2052 1090 vivunt
2095 1041 2150 1089 et
2198 1043 2615 1100 conservantur,
2670 1035 2856 1091 eadem
2892 1035 3104 1089 ratione
3150 1040 3204 1088 et
3236 1035 3437 1102 plantat

1863 1145 1960 1200 per
2006 1129 2221 1184 radices
2286 1127 2566 1184 humorem
2623 1139 2675 1183 et
2719 1128 3034 1182 alimentum
3105 1125 3436 1180 contrahunt

1869 1236 1978 1290 quo
2013 1227 2408 1276 sustentantur.
2463 1219 2643 1286 Quare
2687 1228 2864 1274 autem
2915 1219 3018 1273 hoc
3063 1217 3336 1273 contrarie
3376 1229 3437 1270 se

1862 1312 2024 1367 habet
2055 1311 2108 1366 in
2140 1312 2340 1382 plantis
2363 1320 2416 1365 et
2444 1311 2771 1367 animalibus
2815 1310 2934 1366 fuse
2959 1311 3156 1366 ibidem
3178 1308 3433 1379 explicat,

1862 1420 2022 1475 quem
2072 1405 2226 1471 vide;
2257 1411 2311 1459 et
2341 1403 2753 1474 Theophrastus
2787 1402 2864 1458 De
2885 1403 3010 1458 hist.
3036 1403 3228 1472 plant.,
3261 1401 3354 1454 lib.
3393 1415 3432 1462 ι,

1863 1513 1982 1567 cap.
2005 1497 2040 1550 2
2071 1515 2083 1550 :
2113 1497 2267 1550 Ἐστι
2303 1496 2359 1549 δὲ
2405 1495 2530 1568 ῥίζα
2565 1496 2661 1567 μὲν
2689 1495 2754 1548 δι’
2783 1489 2843 1549 οὗ
2868 1496 3040 1568 τροφὴ
3069 1495 3350 1562 ἐπάγεται.

1937 1589 2099 1654 Ibid.,
2129 1590 2225 1644 lin.
2254 1589 2343 1644 50.
2363 1588 2433 1642 Ἠ
2453 1588 2522 1641 δὲ
2549 1588 2788 1657 καλάμη
2815 1588 2920 1642 τοῦ
2955 1589 3150 1643 σίτου.
3178 1586 3434 1651 Basilius,

1865 1681 2012 1734 Imm.
2043 1681 2076 1734 5
2109 1699 2120 1734 :
2156 1680 2280 1743 Πῶς
2306 1681 2495 1749 γόνασι
2529 1679 2886 1743 διαζώννυται
2921 1681 2953 1750 ὴ
2981 1679 3199 1750 καλάμη
3226 1677 3317 1732 τοῦ
3353 1679 3436 1732 σί-

170 1788 302 1840 pere
329 1787 484 1842 eoque
519 1771 751 1824 animam
801 1769 1052 1839 inferente
1093 1771 1335 1824 omnibus
1377 1771 1529 1824 satis.
1565 1769 1757 1826 Conci-

1873 1790 1975 1834 του,
2002 1774 2088 1826 ἵνα
2115 1772 2303 1844 ῶσπερ
2335 1771 2621 1844 σύνδεσμοί
2648 1789 2790 1836 τινες
2819 1773 3018 1843 ῥαδίως
3049 1770 3110 1824 τὸ
3141 1771 3303 1842 βάρος
3329 1771 3439 1824 τῶν

171 1866 333 1933 piunt
373 1864 530 1918 variis
567 1863 770 1925 diebus,
796 1872 844 1916 et
876 1878 972 1930 pro
1014 1879 1112 1915 sua
1149 1879 1364 1933 qumque
1396 1873 1616 1928 natura,
1651 1864 1762 1918 alia

172 1959 423 2028 protinus
448 1966 503 2010 ut
528 1956 808 2019 animalia,
852 1956 1057 2010 tardius
1089 1956 1292 2025 aliqua,
1326 1966 1374 2010 et
1405 1956 1605 2011 diutius
1639 1975 1762 2028 gra—

173 2051 304 2106 vida
334 2059 517 2120 partus
567 2048 957 2120 gerunt:quod
1009 2051 1320 2119 germinatio
1367 2051 1483 2103 ideo
1522 2059 1759 2104 vocatur.

173 2142 413 2198 Pariunt
463 2159 580 2196 vero
610 2158 725 2194 cum
755 2142 967 2209 ﬂorent,
1009 2141 1208 2210 ﬂosque
1237 2141 1326 2195 ille
1361 2143 1530 2210 ruptis
1555 2148 1763 2196 constat

193 2237 465 2289 utriculis.
519 2235 778 2287 Educatio
820 2236 871 2286 in
900 2251 1051 2302 pomo
1079 2244 1155 2287 est
1179 2254 1190 2288 :
1217 2234 1311 2287 hoc
1340 2243 1390 2288 et
1422 2235 1758 2305 germinatio.

181 2328 326 2384 Vide
344 2328 798 2397 Theophrastum,
824 2325 896 2380 De
917 2326 1100 2380 histor.
1125 2330 1316 2394 plant.,
1345 2327 1436 2383 lib.
1458 2345 1538 2391 ni,
1567 2344 1685 2399 cap.
1707 2327 1760 2394 6,

193 2434 265 2472 ex
319 2435 426 2487 quo
481 2434 578 2471 sua
632 2426 910 2471 mutuatus
971 2428 1052 2471 est
1105 2415 1334 2472 Plinius.
1391 2417 1764 2473 Pulcherrime

176 2508 411 2566 Ocellus
432 2508 706 2574 Lucanus,
735 2510 828 2562 lib.
885 2525 980 2563 vin
1021 2509 1094 2563 De
1118 2511 1460 2576 universo,de
1489 2511 1762 2566 seminum

173 2610 334 2668 ortu,
376 2612 430 2657 et
457 2602 718 2656 arborum
763 2603 1122 2672 productione
1156 2604 1422 2656 circulum
1456 2604 1758 2658 constituit.

177 2693 428 2749 Arbores
447 2695 593 2749 enim
617 2694 848 2748 fructum
873 2694 1130 2759 ferentes,
1155 2705 1469 2765 caeterazque
1483 2696 1680 2764 planta:
1697 2712 1763 2750 ex

175 2786 490 2840 seminibus
527 2786 612 2841 sui
656 2793 812 2840 ortus
852 2786 1066 2839 initium
1113 2784 1335 2852 habent,
1391 2787 1604 2842 fructus
1633 2804 1764 2842 vero

175 2876 440 2947 producti
469 2887 523 2931 et
551 2877 664 2945 jam
695 2875 922 2946 perfecti
973 2893 1168 2933 rursus
1202 2879 1269 2932 ab
1293 2878 1482 2934 eodem
1515 2879 1570 2932 in
1620 2879 1762 2932 idem

178 2977 530 3022 commeante
573 2973 770 3020 natura
805 2966 1206 3022 dissolvuntur.
1252 2965 1406 3033 Quod
1441 2976 1494 3023 et
1527 2968 1593 3023 de
1629 2984 1759 3038 qua-

177 3069 315 3115 tuor
344 3060 733 3112 elementorum
764 3061 1111 3130 generatione
1125 3062 1322 3115 asserit
1348 3079 1360 3115 :
1391 3063 1509 3132 Πῦρ
1535 3061 1632 3133 μὲν
1655 3061 1764 3134 γὰρ

177 3154 267 3215 εἰς
300 3151 356 3204 ἓν
408 3151 796 3222 συνερχόμενον
834 3152 975 3224 ἀέρα
1017 3155 1313 3224 ἀπογεννᾷ,
1366 3153 1474 3225 ἀὴρ
1505 3154 1562 3208 δὲ
1596 3153 1760 3226 ὕδωρ,

179 3244 335 3315 ὕδωρ
368 3243 423 3296 δὲ
452 3245 577 3315 γῆν,
609 3245 715 3298 ἀπὸ
743 3246 845 3315 γῆς
871 3245 927 3298 δὲ
963 3247 995 3316 ἠ
1029 3246 1165 3299 αὐτῇ
1200 3245 1447 3317 περίοδος
1472 3247 1570 3318 τῆς
1601 3263 1768 3318 μετα·

177 3333 352 3403 ϐολῆς
387 3334 547 3405 μέχρι
581 3334 772 3406 πυρὸς,
807 3335 929 3388 ὅθεν
964 3335 1168 3408 ἤρξατο
1214 3336 1588 3407 μεταϐάλλειν.
1611 3340 1672 3390 0i
1710 3337 1768 3390 δὲ

179 3427 391 3497 καρποὶ
428 3428 520 3478 καὶ
543 3426 610 3479 τὰ
631 3427 868 3480 -πλεῐστα
902 3429 1008 3482 τῶν
1042 3429 1341 3500 ῥιζοφύτων
1375 3429 1482 3484 ἀπὸ
1517 3431 1769 3502 σπερμά-

177 3537 296 3572 των
319 3520 573 3572 ἀνέλαϐον
599 3521 697 3592 τὴν
725 3520 896 3594 ἀρχὴν
929 3525 1027 3593 τῆς
1057 3523 1352 3592 γενέσεως’
1407 3525 1769 3596 καρπωθέντα

179 3610 243 3663 δὲ
287 3611 380 3662 καὶ
437 3611 929 3683 τελεσφορήσαντα,
977 3613 1139 3668 πάλιν
1196 3615 1289 3668 ἐπὶ
1337 3615 1398 3668 τὸ
1427 3615 1646 3687 σπέρμα
1669 3617 1769 3688 τὴν

181 3703 446 3757 ἀνάλυσιν
477 3706 711 3756 ποιεῖται
755 3705 863 3758 ἀπὸ
911 3705 1004 3758 τοῦ
1057 3706 1244 3769 αὐτοῦ,
1292 3708 1386 3760 καλ⁷
1419 3707 1511 3761 ὲπὶ
1545 3708 1606 3761 τὸ
1639 3709 1771 3762 αὐτὸ

178 3795 278 3864 τὴκ
329 3791 554 3856 διέξοδον
577 3793 999 3865 ἐπιτελουμένης
1028 3797 1124 3867 τῆς
1156 3797 1388 3862 φύσεως.

263 3884 426 3946 Ibid.,
469 3886 566 3940 lin.
619 3887 704 3940 58.
752 3889 972 3941 Νοτίδα
1015 3888 1124 3958 γὰρ
1186 3891 1430 3960 θερμήν.
1493 3891 1768 3958 Basilius,

184 3977 344 4032 hom.
371 3977 404 4031 5
437 3997 449 4032 :
484 3978 652 4030 Ὅταν
691 3980 746 4042 ἐς
774 3979 876 4054 γῆν
906 3981 1189 4052 καταπέσῃ
1216 3982 1276 4034 τὸ
1306 3983 1525 4054 σπέρμα
1557 3983 1772 4055 συμμέ-

187 4085 345 4140 τρως
367 4069 568 4134 νοτίδος
593 4071 686 4122 καὶ
717 4069 924 4143 Θέρμης
970 4071 1216 4143 ἔχουσαν.
1262 4074 1456 4144 χαῦνον
1485 4076 1772 4146 γενόμενον

183 4161 289 4213 καὶ
328 4159 650 4233 πολύπορον,
677 4162 777 4232 τῆς
807 4166 1217 4237 παρακειμένης
1247 4167 1352 4237 γῆς
1377 4167 1774 4239 περιδραξάμε-

189 4267 286 4303 νον
308 4292 321 4314 ,
358 4250 425 4302 τά
457 4253 631 4304 οἰκεῖα
672 4253 766 4306 καὶ
802 4254 1054 4324 σύμφυλα
1089 4257 1224 4326 πρὸς
1257 4257 1416 4310 ἑαυτὸ
1449 4259 1770 4312 ἐπισπᾶται.

203 4341 576 4412 Ἐμπίπτοντα
603 4344 659 4397 δὲ
674 4347 787 4408 τοῖς
812 4347 1019 4418 πόροις,
1037 4348 1130 4400 καὶ
1158 4349 1656 4420 περιολισθαὶνοντα
1677 4352 1772 4422 τῆς

1862 1867 2148 1937 ἀσταχύων
2181 1866 2439 1938 φέρωσιν,
2466 1867 2591 1919 ὃταν
2617 1865 2843 1936 πλήρεις
2872 1866 3022 1929 ὄντες
3049 1864 3275 1938 καρπῶν
3304 1865 3439 1936 πρὸς

1861 1962 1959 2030 τὴν
1988 1961 2089 2030 γῆν
2118 1959 2587 2025 κατακλίνωνται;
2643 1959 2742 2012 Διά
2779 1958 2934 2013 τοῦτο
2963 1960 2991 2011 ό
3021 1959 3118 2030 μὲν
3147 1957 3346 2029 βρόμος
3371 1957 3438 2011 δι’

1862 2053 1912 2106 ὃ)
1924 2071 1984 2105 ου
2015 2053 2188 2117 κενὸς,
2214 2052 2307 2106 an
2335 2051 2526 2123 μηδενὶ
2554 2051 2651 2122 τὴν
2678 2050 2916 2122 κεφαλὴν
2941 2050 3325 2122 βαρυνόμενος,
3347 2047 3440 2104 τὸν

1862 2143 1917 2196 δὲ
1954 2146 2097 2196 σῖτον
2123 2147 2234 2207 τοῖς
2269 2143 2584 2214 συνδέσμοις
2616 2142 2824 2206 τούτοις
2852 2145 2883 2214 ἡ
2921 2143 3083 2212 φύσις
3107 2143 3440 2216 κατησφαλί-

1865 2253 2013 2290 σατο.
2051 2237 2138 2290 Ἐν
2165 2237 2307 2308 θήκῃ
2357 2237 2414 2290 δὲ
2447 2238 2538 2291 τὸν
2569 2236 2766 2292 κόκκον
2795 2236 3124 2309 ἀποθεμένη,
3148 2237 3222 2301 ὡς
3251 2238 3324 2308 μὴ
3352 2238 3441 2291 εύ-

1837 2327 2193 2398 .διάρπαστον
2221 2323 2358 2380 εἶναι
2388 2329 2500 2390 τοῖς
2529 2327 2942 2400 σπερμολόγοις,
2961 2327 3040 2380 ἔτι
3071 2328 3166 2381 καὶ
3191 2330 3254 2399 τῇ
3286 2343 3442 2398 περι·-

1865 2421 1991 2492 6ολῇ
2025 2421 2133 2474 τῶν
2178 2421 2482 2494 ἀνθερίκων
2525 2416 2636 2474 οἷον
2679 2422 2828 2474 ἀκίσι
2858 2423 2955 2486 τὰς
2986 2423 3048 2476 ἐκ
3079 2421 3186 2475 τῶν
3231 2423 3441 2494 μικρῶν

1864 2511 2017 2578 ζώων
2064 2513 2321 2583 ἀφίστησι
2369 2513 2592 2584 βλάϐας.
2630 2513 2826 2569 Cicero
2870 2513 2936 2568 de
2992 2521 3271 2569 senectute
3325 2513 3441 2569 haec

1863 2606 2045 2660 omnia
2070 2604 2434 2662 disertissime
2461 2607 2811 2676 prosequitur
2837 2622 2852 2656 :
2884 2605 3196 2678 Quanquam
3223 2622 3304 2660 me
3326 2608 3442 2676 qui-

1864 2696 1982 2749 dem
2012 2713 2115 2750 non
2147 2696 2350 2766 fractus
2379 2698 2554 2754 modo.
2578 2698 2668 2752 sed
2689 2698 2848 2751 etiam
2872 2699 3034 2765 ipsius
3065 2708 3219 2752 terra:
3242 2699 3334 2767 jus
3379 2713 3442 2751 ac

1866 2797 2062 2845 natura
2105 2789 2328 2843 delectat
2359 2805 2377 2842 :
2408 2807 2522 2859 qua:
2545 2807 2660 2843 cum
2723 2791 2918 2860 gremio
2955 2790 3157 2844 mollito
3215 2807 3275 2843 ac
3313 2791 3442 2844 sub-

1865 2888 1982 2933 acto
2003 2895 2174 2934 semen
2209 2895 2451 2948 sparsum
2474 2881 2666 2950 excipit
2698 2897 2716 2935 :
2763 2881 2993 2951 primum
3021 2880 3077 2934 id
3125 2894 3445 2936 occcrcatum

1865 2971 2112 3034 cohibet;
2162 2987 2227 3026 ea:
2254 2988 2354 3042 quo
2387 2974 2613 3038 occatio,
2667 2990 2782 3043 qua:
2831 2973 2926 3027 hoc
2966 2974 3138 3043 eﬁicit,
3173 2975 3445 3028 nominata

1869 3074 1988 3118 est:
2016 3063 2205 3119 deinde
2237 3065 2548 3134 tepefactum
2579 3082 2767 3134 vapore
2797 3077 2842 3121 et
2878 3083 3178 3135 compressu
3207 3083 3304 3120 suo
3345 3065 3447 3136 dif-

1869 3159 2070 3227 fundit,
2094 3170 2143 3212 et
2181 3161 2326 3214 elicit
2356 3161 2734 3215 herbescentem
2766 3177 2830 3215 ea:
2853 3179 2912 3216 eo
2942 3163 3259 3217 viriditatem
3284 3179 3302 3228 ;
3331 3178 3448 3234 qua:

1878 3253 1965 3305 vix
2008 3269 2039 3305 a
2073 3252 2222 3322 ﬁbris
2268 3254 2543 3322 stirpium,
2601 3256 2795 3308 sensim
2841 3254 3113 3320 adolescit,
3177 3255 3448 3325 culmoque

1879 3360 2052 3398 creata
2079 3345 2399 3412 geniculato,
2432 3348 2634 3416 vaginis
2659 3347 2777 3416 jam
2793 3349 2946 3418 quasi
2973 3347 3251 3417 pubescens
3275 3349 3448 3402 inclu-

1870 3435 2036 3501 ditur,
2072 3453 2100 3490 e
2137 3436 2323 3506 quibus
2368 3454 2483 3490 cum
2524 3441 2824 3503 emerserit,
2852 3439 3026 3508 fundit
3051 3441 3250 3511 frugem
3278 3443 3447 3512 spisso

1872 3527 2054 3580 ordine
2087 3538 2344 3591 sructam,
2385 3537 2434 3582 et
2465 3539 2649 3583 contra
2697 3533 2872 3584 avium
2922 3533 3184 3586 minorum
3215 3549 3448 3588 morsum

1873 3621 2110 3674 munitur
2155 3619 2295 3674 vallo
2338 3621 2652 3675 aristarum.
2703 3620 2856 3677 Hanc
2914 3625 3042 3678 item
3103 3633 3308 3679 natura:
3339 3627 3448 3680 vim

1872 3713 1948 3766 ita
1980 3712 2213 3782 explicat
2239 3712 2546 3767 Alexander
2571 3713 2950 3783 Aphrodiseus
2992 3715 3047 3769 in
3079 3715 3172 3770 lib.
3218 3733 3256 3783 ι,
3307 3717 3448 3772 Pro-

1876 3804 2030 3858 blem.
2062 3805 2115 3857 in
2141 3819 2372 3874 procem.
2398 3823 2409 3858 :
2441 3803 2697 3876 Καρποὺς
2727 3806 2783 3858 δὲ
2808 3807 3016 3871 πάντας
3044 3809 3137 3861 καὶ
3160 3810 3449 3881 σπέρματα

1875 3898 2011 3968 πρὸς
2037 3897 2250 3965 γένεσιν
2282 3897 2376 3952 καὶ
2409 3897 2656 3970 διαδοχὴν
2687 3898 2782 3952 τοῦ
2803 3899 2993 3968 γένους
3016 3903 3386 3976 τεκτηναμένη
3413 3907 3446 3975 ἡ

1875 3991 2054 4059 φύσις,
2073 3990 2304 4055 λεπίσιν,
2334 3991 2366 4062 ἢ
2399 3990 2610 4061 σώμασί
2638 4008 2779 4045 τισιν
2800 3993 3038 4065 ὑγροῖςῆ
3075 3993 3380 4061 ξυλῶδεσιν,
3413 3997 3448 4068 ἢ

1873 4084 2156 4155 δέρμασιν,
2197 4085 2396 4155 ὁμοίως
2453 4084 2790 4155 ἠσφαλίσατο
2815 4101 2829 4114 ⁸
2853 4086 3102 4159 καθάπερ
3149 4089 3206 4141 ὲν
3237 4089 3452 4160 κιῖωτῷ

1876 4178 2094 4241 τούτους
2133 4179 2498 4250 ἀποκρύψασα
2533 4181 2669 4252 πρὸς
2700 4181 2988 4252 ἀποφυγὴν
3031 4182 3228 4252 κρύους
3260 4184 3294 4256 ἢ
3327 4184 3454 4238 θάλ-

1878 4270 2083 4342 πους,ῆ
2116 4269 2270 4335 ζώων
2299 4269 2456 4324 τινῶν
2476 4271 2821 4325 ἀδικούντων.
2839 4273 2950 4324 Καὶ
2981 4273 3110 4327 αὐτὸ
3129 4274 3184 4328 δὲ
3209 4275 3270 4329 τὸ
3298 4277 3452 4348 περί-

1879 4360 2064 4432 ϐλημα
2105 4363 2385 4426 παντελῶς
2428 4365 2646 4434 ἀχρεῖον
2675 4365 2735 4417 ού
2767 4365 3102 4435 κατέλειψεν,
3136 4366 3269 4421 ἀλλά
3319 4370 3456 4440 πρὸς

186 4432 304 4502 γῆς
351 4432 419 4486 τὰ
463 4431 762 4488 λεπτότατα
790 4436 976 4507 μόρια,
1011 4437 1102 4489 ἐπὶ
1150 4438 1309 4492 πλέον
1336 4439 1618 4512 ἀνευρύνει
1646 4440 1774 4502 τοὺς
1808 4447 1848 4499 1)
1878 4431 2082 4523 τρδφὴν
2109 4431 2540 4525 παρεσκεύασέύ,

187 4524 392 4593 ὄγκους
420 4525 604 4589 αὑτοῦ,
645 4525 784 4580 ὥστε
811 4528 1090 4598 ῥιζοῦσθαι
1125 4531 1222 4600 μὲν
1252 4533 1331 4594 εἰς
1378 4531 1438 4583 τὸ
1479 4531 1648 4596 κάτω,
1683 4532 1775 4584 ἐπὶ

187 4617 256 4670 τὸ
280 4617 392 4670 ἀνω
423 4617 479 4670 δὲ
513 4617 846 4689 προκύπτειν
877 4621 1179 4693 ἰσαρίθμων
1198 4625 1318 4686 ταῖς
1341 4621 1517 4694 ῥίζαις
1542 4623 1650 4677 τῶν
1675 4641 1775 4676 κα-

187 4710 386 4780 λάμων
416 4711 887 4784 προϐαλλομένων.
912 4713 1143 4771 Joannis
1165 4731 1262 4779 xu,
1285 4715 1537 4773 Christus
1570 4720 1776 4788 optima

193 4799 560 4856 similitudine
589 4817 655 4856 ex
685 4818 854 4873 grano
879 4803 934 4857 in
957 4814 1100 4858 terra
1126 4805 1392 4860 moriente
1420 4805 1776 4874 ducta,suam

189 4890 671 4963 glorificatinnem,
714 4911 814 4949 nec
850 4911 957 4949 non
987 4903 1041 4951 et
1068 4898 1299 4952 aliorum
1333 4901 1591 4954 ostendit.
1632 4901 1779 4968 Quo-

192 4983 364 5038 modo
396 4993 576 5039 autcm
606 5002 672 5040 ex
699 4989 926 5052 semine,
962 4997 1056 5043 aut
1077 4990 1283 5060 planta,
1321 4999 1414 5045 aut
1447 4993 1648 5047 animal
1681 5009 1776 5064 ge-

195 5083 427 5130 neretur
459 5076 628 5133 habes
657 5095 720 5133 ex
755 5079 1048 5136 Aristotele
1087 5097 1126 5134 ll
1185 5082 1262 5137 De
1302 5092 1535 5153 generat.
1586 5085 1776 5150 anim.,

192 5182 323 5235 cap.
356 5165 407 5228 1,
437 5167 530 5220 ubi
567 5167 680 5223 haec
711 5169 869 5240 longe
899 5169 1087 5234 dubia,
1139 5180 1192 5226 et
1221 5181 1595 5241 controversa,
1643 5176 1779 5230 satis

194 5263 361 5310 acute
398 5257 539 5310 sicut
571 5267 624 5312 et
665 5266 861 5313 caetera
915 5262 1100 5314 omnia
1132 5264 1547 5332 perpenduntur
1599 5270 1652 5317 et
1686 5279 1781 5318 ex-

194 5351 496 5419 plicantur.

270 5441 430 5503 lbid..
457 5443 554 5499 lin.
587 5443 676 5501 45.
723 5446 1114 5516 Θαλπομένου
1144 5446 1211 5500 δὲ
1239 5448 1329 5502 ἀεὶ
1365 5449 1468 5502 τοῦ
1505 5449 1780 5517 βλαστή-

185 5551 402 5605 μητος.
459 5535 713 5601 Basilius,
763 5539 911 5593 hom.
948 5541 982 5594 5
1033 5560 1045 5594 :
1099 5539 1446 5612 Θαλπομένου
1488 5543 1544 5596 δὲ
1573 5543 1778 5596 ἀεὶτοῦ

193 5627 580 5698 βλαστήματος
617 5632 919 5704 συρομένην
961 5631 1047 5686 διὰ
1081 5631 1188 5686 τῶν
1232 5633 1396 5704 ῥιζῶν
1440 5634 1538 5707 τὴν
1577 5636 1774 5701 νοτίδα,

283 5718 328 5749 ⁸⁸
367 5717 493 5774 Cen.
532 5722 733 5792 "1,18.
1700 5719 1704 5723 ”

650 5819 918 5881 Ρλτιιοι..
959 5819 1077 5881 Gn.
1115 5821 1345 5883 XVIII.

1949 4542 2112 4608 Ibid.,
2161 4543 2258 4597 lin.
2298 4544 2388 4599 57.
2423 4543 2535 4598 Kal
2567 4546 2619 4597 εὶ
2652 4544 3116 4614 συνεϐλάστησε
3166 4547 3289 4613 τοῖς
3334 4566 3459 4614 τρο-

1877 4633 2096 4702 φίμοις.
2165 4633 2424 4700 Basilius,
2456 4634 2606 4689 hom.
2643 4635 2678 4690 5
2709 4654 2722 4690 :
2757 4636 2866 4688 Καὶ
2908 4635 3108 4700 εὐθέως
3143 4637 3455 4710 συνεξεδόθη

1877 4726 1992 4787 τοῖς
2022 4725 2310 4796 τροφίμοις
2335 4725 2405 4778 τά
2437 4726 2758 4800 δηλητήρια,
2795 4727 2930 4798 μετὰ
2954 4729 3046 4781 τοῦ
3081 4729 3226 4782 σίτου
3258 4730 3319 4783 τὸ
3350 4737 3459 4784 κῶ-

1880 4833 2041 4880 νειον,
2097 4816 2236 4887 μετά
2289 4817 2396 4871 τῶν
2429 4817 2630 4872 λοιπῶν
2675 4820 2977 4890 τροφίμων,
3030 4821 3308 4893 ἐλλέϐορος
3365 4825 3459 4876 καὶ

1880 4907 2147 4971 ἀκόνιτον,
2189 4909 2281 4961 καὶ
2309 4909 2688 4980 μανδραγόρας
2717 4909 2811 4963 καὶ
2838 4911 2866 4962 ὁ
2890 4912 2990 4980 τῆς
3024 4912 3271 4982 μήκωνος
3304 4913 3453 4977 ὀπός.

1881 4998 2066 5054 Multis
2103 5000 2242 5054 hanc
2277 5001 2638 5069 quaestionem
2674 5003 2949 5072 pr0ponit,
2979 5012 3034 5058 et
3061 5004 3312 5059 dissolvit
3351 5003 3461 5060 Lu-

1882 5090 2110 5146 dovicus
2140 5090 2363 5155 Fidelis,
2391 5091 2463 5145 De
2493 5092 2677 5145 mundi
2703 5103 2995 5157 structura,
3017 5094 3112 5148 lib.
3147 5110 3219 5161 Iv,
3256 5110 3375 5164 cap.
3401 5095 3456 5159 6,

1882 5194 1934 5241 et
1974 5187 2270 5268 reppondet
2309 5202 2498 5241 eorum
2556 5187 2825 5256 Opinioni,
2877 5189 2971 5258 qui
3026 5188 3226 5246 herbas
3267 5191 3459 5246 noxias

1885 5286 2039 5332 sexto
2063 5278 2152 5334 die
2173 5287 2294 5348 post
2325 5278 2487 5349 primi
2521 5279 2766 5348 parentis
2790 5281 3282 5350 transgressionem
3324 5297 3458 5336 con-

1883 5370 2026 5423 ditas
2065 5370 2398 5433 sentiebant,
2435 5370 2526 5423 illa
2571 5372 2829 5424 suasione
2857 5372 3112 5440 permoti,
3141 5372 3286 5442 quod
3318 5371 3460 5429 Deus

1885 5457 2160 5512 hominem
2187 5459 2583 5526 condemnatis,
2615 5459 2858 5514 futurum
2892 5461 3194 5532 respiciens
3216 5463 3414 5518 dixerit
3443 5484 3455 5518 :

1885 5547 2210 5603 Cerminabit
2246 5550 2341 5603 tibi
2375 5561 2513 5604 terra
2554 5553 2775 5607 tribulos
2817 5563 2868 5607 et
2907 5554 3172 5623 spinas",
3230 5556 3464 5626 ideoque

1882 5653 2072 5698 rentur
2105 5644 2158 5698 in
2210 5643 2595 5714 hujuscemodi
2642 5647 3106 5719 transgressionis
3142 5664 3360 5720 poenam
3396 5662 3461 5704 ac

3071 5830 3147 5888 ΞΤ
