3840 6164
389 219 492 279 883

1722 212 1968 270 LEOle
2004 213 2285 269 ALLATII

3512 208 3650 264 844

387 340 692 398 vindictam
706 337 904 394 herbas
928 337 1118 393 noxias
1140 346 1262 408 post
1284 337 1413 393 Adae
1443 336 1946 408 pmvaricationem

2053 337 2268 409 λέὗορον
2292 338 2400 399 τοῖς
2427 334 2732 406 ἀνθρώποις
2751 332 3070 406 δηλητήριον
3095 331 3242 394 ὅντα.
3270 329 3448 403 ψᾶρες
3474 329 3534 383 δὲ
3569 328 3649 382 τὸ

387 431 564 489 solum
599 426 769 483 fuisse
810 425 1120 490 productas.
1159 424 1303 481 Vera"
1333 432 1513 480 tamen
1544 430 1628 479 est
1682 422 1952 479 sententia

390 521 658 579 Eustathii
684 527 739 575 et
767 520 997 575 aliorum
1016 519 1112 590 qui
1142 518 1338 575 herbas
1358 517 1458 574 has
1487 516 1676 571 noxias
1700 529 1807 570 una
1827 522 1951 569 cum

393 614 513 671 aliis
545 612 731 668 herbis
755 619 1037 682 generatas
1067 609 1361 665 existimat.
1401 607 1573 663 Noxia
1608 607 1754 662 enim
1779 614 1833 662 et
1862 621 1943 661 ve-

397 719 599 761 nenosa
634 704 795 759 rebus
826 702 946 757 aliis
974 703 1259 757 commista
1284 700 1523 755 humano
1539 699 1723 771 generi
1751 699 1805 752 in
1827 712 1953 751 cor-

397 797 544 867 poris
574 793 987 865 aegritudinibus
1038 792 1298 848 sanandis
1338 790 1471 847 usui
1502 800 1648 846 sunt.
1689 788 1799 844 Nec
1843 803 1952 842 non

396 886 719 941 animalibus
748 884 1097 955 quibusdam,
1149 897 1340 938 eorum
1389 882 1638 952 corporis
1686 880 1954 935 constitu-

396 980 541 1034 tione
584 978 658 1032 ita
704 984 985 1047 poscente,
1037 990 1138 1046 pro
1189 976 1449 1030 alimento
1506 973 1854 1041 deserviunt,
1896 979 1954 1026 ut

394 1070 654 1141 exemplis
688 1066 915 1137 inferius
945 1065 1507 1138 patebit.'Lucretius,
1542 1065 1639 1119 lib.
1669 1081 1699 1117 v
1733 1082 1748 1118 :

497 1244 761 1301 Praeterea
793 1245 941 1299 nobis
968 1254 1231 1300 veratrum
1258 1253 1333 1298 est
1365 1260 1483 1297 acre
1518 1259 1787 1305 reuenum,

496 1320 567 1394 4t
592 1315 1045 1394 capris-adipes,
1074 1324 1128 1394 et
1159 1313 1518 1368 coturnicibus
1556 1323 1734 1394 auget.

498 1386 700 1455 Quippe
725 1385 895 1439 videre
931 1387 1047 1455 licet
1077 1386 1407 1454 pinguescere
1442 1398 1576 1451 sa'pe
1597 1385 1772 1435 cicuta

493 1454 809 1527 Barbigeras
825 1454 1067 1525 pecudes,
1098 1454 1294 1508 homini
1316 1469 1430 1524 qua:
1442 1464 1518 1507 est
1546 1469 1667 1506 acre
1683 1468 1948 1506 venenum.

393 1634 537 1690 ldem
583 1634 823 1691 sentiunt
875 1633 1247 1690 Theodoretus
1289 1641 1341 1691 et
1372 1633 1728 1702 Ambrosius;
1760 1642 1814 1691 et
1847 1633 1953 1688 Au-

396 1728 584 1782 sonius
614 1727 689 1780 ait
717 1745 733 1781 :

466 1906 664 1962 Toxica
689 1907 924 1976 zelotypo
945 1904 1089 1959 dedit
1121 1921 1255 1959 uxor
1278 1906 1475 1960 mmcha
1495 1922 1706 1971 reneno,

537 1976 648 2031 Nec
674 1978 802 2031 satis
831 1975 904 2028 ad
932 1986 1146 2029 mortem
1188 1976 1407 2029 credidit
1432 1993 1544 2031 esse
1559 1977 1766 2031 datum.

468 2047 683 2101 Miscuit
707 2048 911 2115 argenti
930 2046 1148 2099 lethalia
1167 2045 1401 2113 pondera
1429 2047 1552 2112 vivi,

532 2116 748 2185 Cogeret
767 2126 823 2169 ut
845 2117 1059 2169 celerem
1078 2116 1151 2168 vis
1168 2117 1433 2185 geminata
1464 2133 1656 2171 necem.

465 2185 678 2241 Dividat
704 2189 813 2239 [nec
836 2187 1030 2255 siquis,
1061 2185 1508 2255 faciuutdiscreta
1530 2203 1810 2252 uenenum,

534 2256 841 2311 Antidotum
864 2266 1064 2309 sument
1096 2272 1212 2323 quae
1241 2258 1439 2310 sociata
1464 2257 1622 2313 bibet.

395 2411 485 2466 Sic
513 2418 564 2466 et
593 2410 948 2466 animantium
980 2426 1177 2483 genera
1202 2411 1427 2481 pulchra
1447 2421 1597 2479 sunt,
1626 2420 1682 2466 et
1712 2410 1951 2466 homini-

394 2506 495 2561 bus
526 2521 632 2561 non
666 2505 848 2559 minus
894 2505 1046 2558 utilia
1084 2519 1248 2574 quam
1285 2505 1597 2561 necessaria
1636 2522 1649 2558 :
1686 2505 1951 2558 nonnulla

390 2604 571 2652 tamen
602 2597 906 2667 perniciosa
930 2605 1060 2651 sunt
1088 2606 1143 2651 et
1179 2597 1395 2652 nociva.
1423 2595 1633 2652 Plinius
1665 2595 1953 2651 Naturalis

393 2685 539 2742 Hist.
582 2688 676 2742 lib.
708 2704 769 2751 ιι,
805 2703 923 2758 cap.
959 2688 1048 2750 65.
1083 2688 1245 2741 aliam
1282 2688 1445 2757 hujus
1484 2687 1562 2743 rei
1601 2702 1824 2743 causam
1862 2702 1952 2741 as-

392 2776 610 2846 signat:
645 2776 784 2843 Quin
835 2785 885 2831 et
930 2793 1125 2831 venena
1155 2785 1349 2830 terram
1378 2778 1544 2831 nostri
1579 2778 1848 2831 misertam
1869 2778 1952 2831 in-

391 2868 624 2921 stituisse
657 2866 799 2920 credi
839 2875 1038 2933 potest,
1086 2882 1148 2919 ne
1190 2866 1245 2919 in
1290 2865 1449 2920 twdio
1474 2866 1606 2921 dirtr
1629 2866 1752 2921 rita:
1790 2865 1950 2935 famis

389 2976 553 3024 mors,
585 2968 738 3012 terra:
764 2959 963 3013 meritis
989 2959 1335 3023 alienissima,
1366 2959 1507 3013 lenta
1538 2976 1633 3013 nos
1675 2975 1952 3013 consume—

390 3060 468 3105 ret
496 3049 634 3114 tabe,
666 3066 728 3104 ne
759 3051 988 3103 lacerum
1015 3063 1202 3117 corpus
1225 3048 1451 3118 abrupta
1482 3049 1859 3120 dispergerent,
1888 3064 1951 3103 ne
1979 3030 2021 3087 (ἶ

391 3143 564 3212 laquei
618 3150 875 3212 torqueret
923 3156 1075 3210 pwna
1121 3151 1465 3210 pra’postera,
1517 3141 1723 3195 incluso
1762 3140 1953 3209 spiritu

387 3237 475 3291 cui
495 3246 814 3307 quareretur
834 3237 1006 3291 exitus
1034 3252 1050 3289 :
1074 3251 1135 3290 ne
1176 3235 1230 3288 in
1246 3235 1507 3305 profundo
1525 3237 1748 3305 quaesita
1768 3245 1968 3302 morte,-

388 3328 660 3397 sepultura
686 3326 877 3396 pabulo
908 3326 1078 3396 fieret,
1123 3343 1185 3380 ne
1230 3326 1359 3396 ferri
1398 3331 1665 3381 cruciatus
1695 3327 1954 3381 scinderet

386 3438 601 3492 corpus.
638 3419 726 3475 Ita
756 3430 832 3475 est
876 3421 1116 3482 miserta,
1176 3421 1352 3490 genuit
1391 3420 1444 3473 id
1479 3420 1629 3486 cuius
1685 3420 1951 3489 facillime

387 3514 602 3579 haustu,
632 3512 838 3565 illibata
873 3526 1108 3580 corpore,
1133 3520 1181 3565 et
1209 3527 1325 3564 cum
1361 3519 1469 3566 toto
1500 3514 1753 3582 sanguine
1780 3512 1954 3565 extin-

384 3619 681 3675 gueremur,
709 3603 855 3657 nullo
890 3603 1089 3668 labore,
1116 3602 1415 3657 sitientibus
1446 3602 1643 3657 similes
1677 3619 1694 3656 :
1724 3602 1953 3672 qualiter

384 3694 658 3764 defunctos
688 3709 790 3748 non
812 3692 1061 3758 volucris,
1090 3708 1192 3745 non
1214 3691 1330 3761 fera
1368 3693 1669 3762 attingeret,
1701 3701 1951 3762 ternaque

384 3794 697 3848 servaretur,
711 3785 800 3854 qui
814 3782 912 3838 sibi
932 3785 1029 3853 ipsi
1045 3783 1311 3852 periisset;
1329 3794 1397 3850 et,
1411 3794 1466 3837 ut
1480 3801 1652 3839 verum
1667 3784 1949 3854 fateantur,

386 3888 528 3933 terra
580 3879 728 3932 nobis
781 3878 1045 3932 malorum
1102 3878 1386 3933 remedium
1431 3884 1631 3949 genuit,
1676 3895 1770 3932 nos
1813 3876 1950 3931 illud

385 3970 503 4024 ritte
561 3970 785 4040 facimus
841 3986 1113 4024 venenum.
1161 3969 1268 4026 Sed
1320 3970 1452 4041 quid
1515 3969 1722 4026 diceret
1785 3969 1950 4024 homo

382 4059 659 4121 ethnicus,
695 4060 843 4113 omni
886 4059 1072 4114 divino
1116 4060 1322 4115 lumine
1361 4061 1677 4126 destitutus,
1731 4076 1949 4132 praeque

385 4151 572 4205 mundi
634 4150 796 4220 hujus
862 4152 1086 4206 caducis
1140 4152 1440 4219 blanditiis,
1495 4153 1631 4207 nihil
1666 4154 1947 4210 aestimans

381 4244 664 4309 aeternum,
686 4243 890 4295 nullam
916 4252 1240 4313 exspectans
1274 4243 1585 4302 felicitatem
1610 4246 1632 4298 ?

2054 428 2297 483 κώνειον.
2324 428 2649 484 Coturnices
2684 428 2811 480 item
2850 424 3077 481 venenis
3111 424 3477 494 pinguescere
3510 431 3647 475 tra-

2054 518 2136 573 dit
2157 517 2368 573 Plinius
2395 517 2492 572 lib.
2525 533 2582 579 ι,
2625 530 2749 585 cap.
2786 513 2881 579 25,
2911 513 3284 569 Coturuicibus
3331 514 3646 567 eenenise-

2054 632 2171 669 men
2193 615 2528 686 gratissimus
2550 613 2695 667 cibus
2715 628 2733 665 :
2756 628 2912 683 quam
2938 611 3001 666 ob
3027 628 3246 666 causam
3277 627 3369 665 eas
3390 609 3646 664 damna-

2055 724 2167 762 vere
2213 723 2427 770 mensor,
2463 706 2717 774 simulque
2756 705 3072 759 comitialem
3122 704 3335 774 propter
3371 702 3637 758 morbum

2054 800 2237 868 despui
2268 810 2494 863 suetum,
2528 814 2678 869 quem
2708 797 2836 851 solae
2856 796 3173 851 animalium
3202 795 3463 853 sentiunt.
3481 810 3643 875 prce:-

2057 903 2132 946 ter
2154 892 2434 946 hominem.
2484 889 2543 943 lu
2572 889 2850 946 his’Pliuii
2875 889 3057 944 verbis
3087 888 3264 942 obiter
3291 885 3347 940 id
3369 885 3642 939 animad-

2053 980 2369 1036 vertendum
2413 980 2481 1034 de
2528 978 2790 1034 comitiali
2840 978 3004 1032 rerbo
3054 991 3163 1030 non
3191 974 3454 1029 omnibus
3501 988 3642 1027 esse

2054 1087 2218 1126 unam
2256 1069 2608 1125 sententiam.
2641 1068 2961 1124 A-ristotelcs
3003 1068 3057 1120 in
3102 1064 3364 1120 Problem.
3398 1065 3497 1129 ait,
3520 1062 3644 1117 M6-

2054 1173 2176 1219 νους
2228 1152 2544 1225 ἀνθρώπους
2583 1156 2640 1206 ὲν
2672 1154 2749 1225 τῷ
2768 1152 2874 1206 τῶν
2898 1151 3072 1217 ’ζώων
3095 1152 3240 1221 γένει
3279 1150 3639 1220 ἐπιλήπτους

2053 1245 2682 1316 γίνεσθαι.ῬΙιιιιιι·ο1ιυε
2708 1244 2858 1299 addit
2905 1240 3425 1312 capramzlacobus
3466 1239 3642 1294 Dele-

2055 1340 2323 1410 campius,
2383 1346 2438 1393 et
2494 1352 2680 1401 canes,
2731 1344 2786 1391 et
2827 1334 2959 1389 feles
2991 1345 3045 1389 et
3081 1334 3281 1388 arietes
3324 1347 3391 1387 eo
3423 1330 3641 1386 morbo

2055 1432 2357 1502 periissese
2384 1428 2587 1484 vidisse
2616 1435 2887 1492 testatur;
2921 1440 3118 1496 capras
3146 1434 3200 1479 et
3228 1439 3359 1479 oves
3386 1439 3456 1479 eo
3474 1437 3641 1477 mor-

2054 1525 2124 1578 bo
2158 1523 2343 1578 vexari
2372 1522 2537 1576 tradit
2583 1518 2941 1589 Hippocrates
2994 1518 3091 1571 lib.
3137 1517 3277 1585 Περὶ
3302 1515 3417 1583 τῆς
3455 1514 3641 1584 ἱερῆς

2052 1616 2264 1668 νόσου·
2293 1626 2463 1682 equos
2480 1610 2767 1681 Apsyrtus;
2789 1608 3096 1679 accipitres,
3121 1615 3174 1662 et
3202 1608 3462 1678 graculos
3492 1605 3640 1659 Bro-

1984 1694 2027 1748 Β
2055 1707 2206 1761 decus
2233 1704 2328 1760 lib.
2354 1719 2437 1769 ιιι,
2470 1717 2569 1773 cap
2593 1701 2694 1767 25;
2736 1701 2932 1757 Sextus
2963 1715 3092 1756 vero
3125 1698 3441 1770 Empiricus
3482 1697 3636 1770 Pyr-

2053 1795 2410 1866 rhon.Hypot.
2442 1795 2536 1849 lib.
2567 1811 2604 1855 ι,
2633 1808 2741 1848 ιιοιι
2765 1792 3122 1857 helleborum,
3141 1791 3232 1848 sed
3252 1793 3498 1846 cicutam
3528 1805 3634 1844 co-

2053 1888 2295 1942 turnices
2313 1884 2710 1956 pinguefacere,
2726 1883 2885 1938 sicuti
2905 1883 3267 1955 hyoscyamus
3280 1897 3414 1937 sues
3429 1880 3630 1936 refert:

2052 1979 2126 2032 Τὸ
2149 1976 2278 2047 γοῦν
2301 1975 2521 2030 κώνειον
2555 1975 2754 2029 πιαίνει
2781 1973 2908 2037 τοὺς
2922 1972 3172 2042 ὄρτυγας,
3198 1974 3294 2026 καὶ
3324 1976 3354 2026 ό
3380 1972 3631 2025 ὑοσκύαμ-

2055 2088 2154 2143 μος
2176 2070 2273 2132 τὰς
2285 2063 2370 2137 ὗς,
2387 2069 2442 2122 αἳ
2457 2068 2519 2138 δὴ
2537 2067 2784 2139 χαίρουσι
2806 2069 2898 2121 καὶ
2920 2067 3297 2139 σαλαμάνδρας
3316 2064 3632 2119 ὲσθίουσαι.

2126 2159 2284 2226 Ibid.,
2315 2160 2494 2223 lin._9.
2530 2159 2631 2212 Διά
2665 2158 2732 2212 δὲ
2763 2158 2869 2212 τοῦ
2890 2158 3324 2228 μανδραγόρου.
3356 2155 3626 2217 Basilius,

2054 2252 2200 2308 hom.
2233 2253 2302 2308 5:
2331 2253 2450 2305 Ἔτι
2479 2252 2533 2305 δὲ
2567 2252 2659 2304 καὶ
2687 2251 2821 2305 αύτά
2853 2251 3023 2305 ταῦτα
3056 2252 3111 2303 ἐν
3150 2248 3330 2320 καιρῴ
3359 2265 3495 2302 ποτε
3532 2248 3631 2301 καὶ

2053 2345 2185 2414 ἡμῖν
2225 2343 2490 2415 χρήσιμα.
2518 2342 2615 2395 Διά
2655 2341 2753 2411 μὲν
2781 2341 2889 2413 γὰρ
2920 2340 3012 2394 τοῦ
3041 2340 3423 2412 μανδραγόρου
3455 2339 3631 2391 ὕπνον

2055 2435 2229 2505 ἰατροὶ
2281 2435 2679 2501 κατεπάγουσιν
2720 2449 2732 2463 ’
2773 2431 2912 2500 ὀπίῳ
2941 2432 3119 2495 δὲτὰς
3163 2430 3406 2503 σφοδρὰς
3432 2430 3632 2492 ὀδῦνας

2051 2526 2160 2579 τῶν
2185 2525 2449 2596 σωμάτων
2476 2522 2953 2594 κατακοιμίζουσιν
2977 2540 2991 2554 ·
3017 2523 3115 2594 ἤδη
3154 2521 3211 2575 δέ
3234 2539 3382 2585 τινες
3404 2521 3487 2593 τῷ
3519 2539 3633 2575 κω-

2052 2618 2178 2689 νείῳ
2206 2618 2298 2671 καὶ
2339 2618 2400 2670 τὸ
2445 2615 2715 2679 λυσσῶδες
2768 2615 2874 2668 τῶν
2914 2614 3145 2691 όρέξεων
3206 2614 3632 2685 ωπμάραναν,

2054 2709 2147 2762 καὶ
2183 2708 2262 2779 τῷ
2313 2708 2577 2781 ἐλλεϐόρῳ
2606 2707 2775 2761 πολλὰ
2805 2705 2914 2760 τῶν
2940 2706 3170 2777 χρονίων
3207 2705 3403 2759 παθῶν
3436 2703 3633 2777 ἐξεμό-

2052 2800 2302 2872 χλευσαν.
2336 2800 2554 2855 Plenam
2592 2798 2965 2869 mandragoraa
2998 2798 3177 2853 herba:
3213 2797 3631 2853 consideratio-

2054 2908 2175 2949 nem
2203 2893 2370 2948 habes
2403 2892 2542 2964 apud
2579 2891 2812 2946 Plinium
2845 2891 2939 2945 lib.
2970 2906 3095 2956 xxv,
3131 2904 3252 2959 cap.
3281 2889 3371 2955 15,
3407 2889 3466 2943 in
3493 2904 3632 2959 quo,

2054 2995 2108 3040 et
2139 2984 2258 3053 ejus
2286 2984 2342 3037 in
2373 2984 2662 3038 medicinis
2687 2997 2820 3037 usus
2850 2981 3173 3051 explicatur,
3198 2979 3328 3048 ejus
3357 2980 3492 3033 item
3517 2978 3631 3031 vim

2057 3075 2394 3133 somnilicam
2425 3076 2498 3128 ita
2520 3074 2791 3144 explicat:
2822 3058 2977 3126 Folia
3008 3079 3387 3125 conservantur
3415 3070 3474 3122 in
3508 3085 3634 3123 mu-

2058 3169 2140 3219 ria
2168 3165 2449 3235 eﬁicacius,
2485 3165 2621 3218 alias
2653 3164 2938 3217 recentium
2971 3177 3155 3216 succus
3194 3162 3359 3229 pestis
3381 3169 3465 3214 est
3500 3176 3521 3213 :
3553 3161 3633 3213 sic

2054 3274 2255 3329 quoque
2282 3259 2455 3311 ncmice
2478 3258 2630 3310 vires.
2668 3253 3011 3310 Gravedinem
3040 3256 3202 3308 etiam
3226 3255 3465 3323 afferunt
3483 3254 3630 3322 olla-

2056 3363 2141 3405 ctu
2172 3366 2514 3423 :quanquam
2539 3349 2681 3403 mala
2702 3350 2755 3403 in
2781 3348 3041 3420 aliquibus
3081 3350 3234 3414 terris
3267 3347 3628 3407 mandantur,

2055 3444 2216 3498 nimio
2254 3452 2426 3495 tamen
2442 3441 2603 3494 odore
2629 3442 2988 3494 obmutescunt
3009 3440 3201 3517 ignari.
3240 3437 3381 3493 Potu
3410 3438 3631 3509 quidem

2053 3533 2283 3604 largiore
2317 3534 2479 3587 etiam
2506 3532 2822 3587 moriuntur.
2872 3530 2957 3585 Vis
2987 3530 3263 3600 somniﬁca
3286 3545 3383 3599 pro
3422 3530 3631 3584 viribus

2054 3626 2357 3681 bibentium.
2396 3623 2573 3678 Media
2601 3625 2742 3693 potio
2767 3623 2944 3695 cyathi
2970 3627 3146 3677 unius.
3175 3621 3388 3675 Bibitur
3409 3633 3466 3675 et
3499 3638 3633 3676 cou—

2054 3725 2137 3769 tra
2168 3726 2448 3786 serpentes,
2478 3725 2528 3770 et
2557 3712 2677 3769 ante
2704 3715 2956 3768 sectiones
2996 3715 3394 3783 punitionesque
3415 3729 3483 3766 ne
3503 3730 3632 3767 sen-

2054 3807 2275 3861 tiantur.
2308 3805 2386 3861 0b
2432 3806 2542 3860 lucc
2573 3807 2705 3860 satis
2746 3814 2823 3858 est
2867 3803 3127 3872 aliquibus
3166 3818 3412 3857 somnum
3463 3803 3632 3857 odore

2050 3899 2321 3968 quwsisse.
2360 3897 2572 3950 Bibitur
2612 3906 2662 3950 et
2702 3910 2796 3964 pro
2838 3894 3098 3948 hellebore
3127 3894 3329 3947 duobus
3365 3894 3543 3948 obolis
3575 3896 3633 3949 in

2051 3989 2243 4047 mulso.
2281 3989 2344 4043 Et
2366 3987 2724 4058 Theophrast.
2760 3987 2905 4041 Hist.
2934 3988 3104 4056 plant.
3144 3989 3236 4041 lib.
3270 4003 3345 4053 ix,
3376 4003 3505 4058 cap.
3533 3990 3630 4052 10,

2050 4083 2318 4154 Καθάπερ
2353 4084 2447 4137 καὶ
2472 4082 2566 4137 τοῦ
2590 4081 2967 4154 μανδραγόρου
2993 4081 3056 4133 τὸ
3078 4081 3174 4138 μὲν
3199 4080 3399 4150 φύλλον
3428 4084 3637 4153 χρήσι-

2053 4193 2152 4247 μον
2197 4172 2334 4228 εἷναί
2379 4191 2507 4244 φασι
2550 4173 2684 4245 πρὸς
2732 4174 2801 4226 τὰ
2833 4173 2964 4244 ’ἐλκη
3002 4174 3121 4243 μετ’
3159 4172 3407 4242 ἀλφίτου,
3440 4174 3547 4245 τὴν
3575 4175 3637 4228 δὲ

2051 4269 2207 4342 ῥίζαν
2234 4268 2371 4339 πρὸς
2403 4267 2727 4339 ἐρυσίπελας
2758 4267 3040 4331 ξανθεῖσάν
3078 4284 3138 4320 τε
3162 4267 3256 4320 καὶ
3283 4266 3396 4330 ὄξει
3418 4268 3636 4324 δευθεῖ-

450 4358 569 4413 Col.
606 4357 731 4422 716,
765 4356 862 4411 lin.
912 4357 966 4411 4.
1009 4357 1080 4410 Τὸ
1114 4356 1233 4428 μὲν
1269 4360 1377 4428 γὰρ
1400 4358 1669 4414 κώνειον.
1708 4359 1944 4416 Basilius

2053 4377 2170 4424 σαν,
2197 4360 2292 4413 καὶ
2324 4359 2461 4430 πρὸς
2486 4358 2552 4412 τὰ
2585 4359 2913 4430 ποδαγρικὰ,
2932 4360 3027 4413 καὶ
3048 4359 3184 4430 πρὸς
3206 4357 3373 4412 ὕπνον
3395 4361 3497 4413 καὶ
3518 4362 3641 4431 φίλ-

381 4449 529 4503 bom.
564 4448 630 4503 5:
657 4448 731 4500 Τὸ
760 4448 857 4519 μὲν
888 4447 995 4520 γὰρ
1026 4446 1248 4502 κώνειον
1267 4451 1317 4503 οἱ
1346 4451 1519 4523 ψᾶρες
1542 4452 1827 4523 βόσκονται
1858 4453 1944 4507 διὰ

379 4540 477 4613 τὴν
498 4540 839 4613 κατασκευὴν
883 4540 976 4594 τοῦ
995 4540 1244 4610 σώματος
1270 4542 1365 4615 τὴν
1397 4546 1461 4598 ὲκ
1482 4544 1576 4597 τοῦ
1612 4545 1939 4617 δηλητηρίου

383 4628 585 4700 βλάὁην
631 4627 1130 4699 ἀποδιδράσκοντες.
1161 4633 1408 4696 Λεπτοὺς
1426 4633 1533 4706 γὰρ
1569 4634 1784 4705 ἔχοντες
1816 4635 1943 4697 τοὺς

378 4718 486 4771 ἀπὸ
513 4721 611 4790 τῆς
639 4718 862 4788 καρδίας
886 4720 1106 4791 πόρους,
1145 4721 1435 4790 φθάνουσιν
1471 4724 1705 4795 ἐκπέψαι
1733 4727 1794 4779 τὸ
1840 4742 1942 4779 κα-

378 4810 633 4875 ταποθὲν,
666 4812 792 4886 πρὶν
823 4812 920 4884 τὴν
948 4814 1042 4866 ἀπ’
1062 4814 1228 4868 αὐτοῦ
1260 4814 1419 4884 ψῦξιν
1439 4817 1546 4870 τῶν
1579 4818 1808 4890 καιρίων
1841 4836 1942 4871 κα-

375 4900 669 4971 θάψασθαι.
705 4902 1014 4959 Alexander
1057 4905 1428 4976 Aphrodiseus
1463 4909 1558 4965 lib.
1590 4924 1629 4977 ι,
1669 4906 1939 4964 Problem.

377 4995 432 5047 in
462 4994 799 5064 praefatione.
830 4996 1012 5061 Quare
1045 5009 1263 5053 veratro
1306 5001 1634 5065 coturnices,
1674 5010 1728 5056 et
1764 5002 1942 5056 sturni

374 5084 554 5140 cicuta
588 5095 898 5155 vescantur,
928 5088 1070 5143 inter
1120 5091 1452 5159 quaestiones
1504 5092 1938 5163 inexplicabiles,

376 5173 594 5245 Deoque
621 5177 724 5232 soli
761 5177 1027 5233 duntaxat
1067 5188 1325 5251 tanquam
1363 5164 1553 5239 eorum
1606 5184 1806 5239 artiﬁci
1855 5200 1943 5241 so-

376 5262 668 5318 lertissimo
689 5268 935 5335 cognitas
965 5269 1162 5337 rejicit.

445 5350 607 5417 ιδιά,
635 5355 729 5410 lin.
759 5357 814 5413 8.
854 5358 965 5411 Τὸν
994 5360 1062 5414 δὲ
1098 5362 1419 5433 ἐλλέϐορον
1441 5365 1738 5420 ἐσθίουσι.
1783 5366 1940 5423 Basi-

378 5438 483 5494 lius
503 5441 648 5496 hom.
676 5445 709 5498 5
730 5465 742 5499 :
781 5448 1093 5522 ’ωλέὃορος
1116 5453 1172 5506 δὲ
1187 5454 1431 5523 ὀρτύγων
1450 5458 1566 5511 ἐστὶ
1590 5458 1785 5530 τροφὴ,
1815 5460 1942 5513 ἰδιό-

375 5542 500 5615 τητι
526 5531 775 5604 κράσεως
796 5536 893 5606 τὴν
932 5538 1138 5612 βλάϐην
1164 5544 1601 5615 ἀποφευγόντων.
1637 5549 1944 5607 Alexander

377 5613 670 5684 Aphrodis.
710 5621 828 5676 loco
851 5626 1028 5695 citat.,
1063 5632 1327 5704 Ὄρπιγές
1348 5613 1404 5692 τε
1435 5637 1705 5694 σιτοῦνται
1733 5643 1824 5697 τὸν
1854 5645 1942 5699 ὲλ·

2047 4470 2172 4526 τρα.
2208 4452 2423 4506 Διδόασι
2448 4451 2505 4505 δὲ
2545 4454 2602 4505 ἐν
2628 4453 2811 4524 οἴνῳῆ
2843 4455 2900 4506 ὲν
2933 4451 3066 4516 ὄξει.
3100 4451 3369 4522 Τέμνουσι
3400 4453 3466 4507 δὲ
3502 4471 3638 4527 τρο-

2049 4548 2272 4618 χίσκους
2321 4545 2505 4618 ὥςπερ
2553 4545 3187 4617 ῥαφανίδος,ὲνείραντες
3214 4544 3271 4597 δὲ
3307 4546 3368 4597 ὲν
3401 4544 3640 4614 γλεύκει

2050 4639 2358 4709 ἐκρέμασαν
2375 4638 2515 4707 ὑπὲρ
2533 4636 2758 4691 καπνοῦ.
2790 4636 2854 4691 Ει
2882 4636 3183 4706 Xenophon
3208 4636 3264 4689 in
3284 4635 3583 4706 Symposio
3616 4660 3631 4693 ;

2051 4729 2140 4800 Τῷ
2171 4729 2279 4801 γὰρ
2305 4730 2417 4783 ὄντι
2441 4726 2582 4793 οἶνος
2608 4730 2782 4801 ἄρδων
2808 4728 2905 4792 τὰς
2933 4728 3110 4799 ψυχὰς
3168 4729 3266 4792 τὰς
3312 4729 3415 4799 μὲν
3444 4729 3635 4795 λύπας

2043 4822 2233 4894 ὥσπερ
2261 4823 2289 4875 ὁ
2321 4821 2700 4893 μανδραγόρας
2727 4822 2853 4884 τοὺς
2884 4819 3203 4892 ἀνθρώπους
3231 4821 3500 4891 κοιμίζει,
3531 4824 3638 4887 τὰς

2043 4915 2098 4968 δὲ
2131 4914 2544 4987 φιλοφροσύνας,
2567 4913 2754 4984 ὥσπερ
2781 4912 2958 4966 ἔλαιον
2984 4912 3156 4983 φλόγα
3171 4913 3401 4984 ἐγείρει.
3429 4913 3491 4969 In
3520 4932 3637 4985 quo

2049 5007 2426 5077 chOplumtis
2462 5008 2581 5060 loco
2612 5006 2958 5075 interpretem
2991 5006 3374 5070 allucinatum,
3410 5015 3471 5061 et
3505 5005 3634 5061 Pie-

2048 5101 2191 5153 rium
2235 5097 2578 5162 Valerianus,
2611 5097 2703 5152 lib.
2758 5112 2910 5162 Lvm,
2942 5112 2989 5152 c.
3009 5096 3076 5151 de
3111 5096 3475 5164 Maudragora
3506 5114 3635 5152 ver-

2049 5194 2200 5245 sione
2239 5191 2405 5259 hujus
2433 5188 2745 5258 deceptum.
2777 5189 2980 5259 optime
3025 5188 3310 5243 annotavit
3334 5188 3424 5241 vir
3457 5189 3517 5243 in
3542 5204 3633 5243 sa-

2048 5281 2159 5336 cris
2181 5281 2520 5351 explicandis
2549 5280 2851 5350 Scripturis
2869 5279 3073 5334 nemini
3093 5278 3372 5335 secundus
3390 5278 3628 5335 Michael

2047 5372 2335 5436 Gislerius,
2355 5386 2515 5441 quem
2539 5386 2755 5441 semper
2773 5371 3005 5426 maxime
3016 5370 3315 5424 admiratus
3332 5384 3461 5425 sum
3478 5373 3628 5440 ejus-

2047 5478 2153 5533 que
2198 5467 2363 5517 verba
2405 5463 2642 5517 maximo
2670 5477 2791 5516 meo
2836 5477 2939 5516 usu
2966 5469 3020 5515 et
3062 5463 3349 5516 commodo
3404 5458 3629 5534 semper

2048 5557 2261 5625 excepi,
2283 5564 2336 5609 et
2357 5555 2410 5608 in
2449 5555 2589 5608 hanc
2613 5553 2756 5607 diem
2775 5552 3011 5622 excipio,
3040 5567 3201 5621 quem
3229 5551 3423 5607 multis
3464 5558 3624 5611 anuis

2048 5644 2307 5703 Ecclesiae
2335 5646 2617 5702 catholicae
2644 5645 2863 5699 utilitati
2886 5645 3152 5700 bonorum
3186 5644 3439 5700 omnium
3486 5650 3627 5704 votis
