3840 6164
196 329 312 388 845

1163 334 1231 389 ΙΝ
1265 331 1637 390 EUSTATHII
1676 326 2150 385 HEXA‘EMERON
2180 325 2409 383 NOTAE.

3334 306 3447 378 sui

210 448 357 505 Deus
387 450 734 519 superstitem
763 458 817 506 et
846 451 1173 508 incolumem
1210 463 1519 515 conservet.
1563 454 1615 507 in
1645 468 1774 506 eru-
1803 456 1845 512 Α
1874 449 2129 520 superius
2175 447 2389 504 dixerat
2438 459 2602 498 anum
2641 442 2934 514 quamdam
2975 441 3208 496 Atticam
3252 439 3444 497 cicuta

210 541 518 607 ditissimis,
551 542 833 613 solidaque
854 543 1124 607 doctrina,
1160 546 1360 615 pietate
1388 559 1451 599 ac
1479 559 1608 600 vera
1642 544 1775 598 relia

211 635 370 703 sione
402 632 620 689 refertis
653 633 1062 691 Commentariis
1096 637 1151 692 in
1199 639 1357 692 Cant.
1409 638 1630 699 cantic.,
1682 650 1771 690 ca-

208 719 311 788 pit.
342 734 436 781 vit,
461 735 604 775 vers.
643 719 731 784 15,
755 718 1096 789 expositione
1130 722 1325 791 prima.
1357 719 1432 777 De
1452 722 1554 776 hac
1584 722 1774 778 eadem

208 828 270 868 re
304 813 492 867 eadem
530 810 895 875 Dioscorides,
930 814 1165 884 indeque
1192 814 1396 869 factum
1426 816 1774 887 proverbium

207 904 454 960 Luciano
480 906 532 959 in
566 904 800 972 Timone,
825 907 959 960 ὃπου
979 923 1043 975 γε
1077 906 1330 979 καθάπερ
1347 909 1454 962 ὑπὸ
1479 910 1778 980 μανδραγό-

209 1013 309 1067 ρου
335 995 634 1059 καθεύδεις,
658 1006 712 1051 et
734 995 1081 1052 Demostheni
1100 996 1155 1051 in
1177 1012 1231 1052 tv
1259 996 1573 1066 Philippica,
1606 996 1779 1050 Ἀλλ’-

213 1089 331 1142 οὐδ’
382 1087 741 1158 ἀνεγερθῆναι
807 1088 1083 1160 δυνάμεθα
1111 1128 1127 1153 ,
1194 1089 1331 1143 ἀλλὰ
1402 1089 1778 1162 μανδραγόραν

205 1179 514 1245 πεπτωκόσι,
557 1178 611 1231 εί
638 1197 691 1232 τι
732 1180 1021 1250 φάρμακον
1050 1180 1179 1235 ἄλλο
1225 1180 1486 1245 τοιοῦτον,
1525 1181 1779 1252 ἐοίκαμεν

206 1269 536 1342 ἀνθρώποις.
594 1270 731 1327 Vide
760 1271 1099 1343 Rodiginum,
1135 1274 1261 1328 libr.
1301 1290 1435 1339 xvn,
1481 1275 1645 1345 capit.
1685 1274 1775 1329 21.

208 1358 519 1416 Notandum
542 1363 688 1432 quod
721 1361 1133 1433 Theophrastus
1155 1366 1231 1419 ait
1256 1365 1675 1436 mandragoram
1712 1366 1778 1419 ad

206 1467 451 1516 amores,
480 1461 536 1508 et
565 1454 764 1523 philtra
795 1455 1124 1523 conducere,
1156 1466 1211 1513 et
1235 1466 1436 1526 praeter
1464 1457 1782 1529 Theophra-

208 1552 359 1599 stum
383 1544 523 1601 idem
552 1553 786 1601 testatur
815 1545 1180 1614 Dioscorides,
1202 1548 1536 1619 Epiphanius
1561 1549 1615 1603 in
1636 1549 1783 1620 Phy-

206 1633 437 1705 siolago,
456 1642 509 1691 et
524 1636 615 1690 alii
635 1653 650 1698 ;
670 1636 756 1691 sic
774 1636 919 1690 enim
949 1636 1127 1691 locum
1148 1638 1297 1691 illum
1327 1635 1602 1692 Geneseos
1627 1638 1784 1691 intel-

214 1723 372 1794 liges,
410 1726 501 1779 sed
520 1726 588 1781 de
621 1726 726 1781 hoc
756 1726 813 1780 in
844 1727 1051 1784 nOStris
1083 1729 1569 1785 exercitationibus
1600 1730 1777 1800 plura.

1875 542 2093 612 triginta
2120 540 2309 595 holcas
2334 538 2453 593 sine
2483 536 2682 591 damno
2711 534 3010 591 sorbuisse.
3042 529 3150 587 Ἦν
3174 532 3254 595 δὲ,
3290 531 3439 603 φασὶ,

1874 632 2047 706 γραῦς
2086 631 2303 701 Ἀττικὴ
2348 629 2637 702 τριάκοντα
2695 626 2857 689 ὁλκὰς
2889 624 3113 680 κωνείου
3150 623 3445 687 ἀκινδύνως

1875 723 2306 796 προσφερομένη.
2343 721 2451 776 Res
2495 720 2658 775 etiam
2711 728 2898 773 nctatu
2928 717 3092 788 digna
3118 725 3220 772 est.
3261 715 3447 772 Refert

1876 817 2286 887 Theophrastus
2346 812 2422 867 De
2452 812 2639 866 histor.
2677 811 2869 881 plant.,
2920 810 3015 865 lib.
3069 825 3146 870 Ix,
3194 823 3316 879 cap.
3355 808 3445 869 18,

1874 909 2175 964 Eudemum
2219 906 2416 962 Chium
2457 904 2649 975 viginti
2686 903 2825 958 duas
2868 901 3164 971 aliquando
3195 900 3449 972 potiones

1880 998 2143 1053 hellebori
2174 1012 2286 1051 uno
2318 997 2407 1051 die
2434 995 2755 1065 sumpsisse,
2773 1009 2897 1049 cum
2928 992 3032 1047 fori
3069 992 3212 1063 apud
3242 1006 3451 1047 merces

1877 1089 2110 1151 sederet,
2144 1103 2244 1143 nec
2284 1086 2591 1143 surrexisse
2628 1086 2946 1156 priusquam
2981 1092 3128 1139 esset
3166 1083 3449 1145 meridies,

1878 1192 2008 1235 tunc
2051 1194 2185 1235 vero
2227 1178 2389 1233 domo
2429 1178 2598 1249 petita
2631 1177 2853 1232 balneas
2897 1176 3227 1245 ingressum,
3262 1187 3452 1229 coena-

1878 1283 2105 1342 tumque
2154 1286 2306 1327 more
2339 1271 2522 1335 solito,
2570 1284 2671 1326 nec
2701 1268 2999 1341 quidquam
3028 1267 3358 1324 evomuisse.
3392 1265 3454 1321 ld

1880 1374 2060 1419 tamen
2094 1364 2298 1418 auxilio
2322 1362 2557 1433 quodam
2590 1370 2894 1433 praeparato
2916 1361 3231 1433 perfecisse,
3261 1374 3455 1431 quam-

1879 1457 1965 1511 vis
2013 1465 2234 1527 propter
2282 1456 2520 1512 hominis
2576 1454 3028 1512 consuetudinem
3077 1455 3335 1524 pleraque
3385 1467 3456 1508 ex

1881 1550 2297 1605 medicamentis
2324 1551 2431 1604 vim
2463 1564 2618 1604 suam
2648 1550 2898 1604 amittere
2935 1562 3035 1603 nec
3073 1547 3307 1619 amplius
3338 1561 3455 1601 me-

1882 1635 2188 1691 dicamenta
2235 1653 2358 1693 esse
2402 1652 2562 1707 posse
2609 1638 2920 1708 negandum
2963 1652 3071 1692 non
3103 1638 3211 1705 sit;
3242 1636 3458 1707 hocque

1883 1728 2050 1784 refert
2077 1745 2143 1784 ex
2177 1728 2553 1800 Theophrasto
2589 1730 2909 1801 Apollonius
2951 1731 3005 1784 in
3062 1730 3251 1784 histor.
3287 1728 3458 1784 Mira-

206 1814 357 1889 Quid
389 1818 626 1874 herbarii
660 1820 984 1891 praecipiant
1009 1822 1062 1876 in
1089 1822 1343 1889 secanda,
1368 1824 1781 1895 colligendaque
1811 1820 1853 1875 Β
1881 1820 2097 1882 bilibus,
2147 1821 2250 1876 etsi
2289 1829 2498 1875 mutato
2542 1816 2759 1877 nomine
2802 1831 2857 1877 et
2900 1836 2999 1892 pro
3040 1820 3312 1885 Eudemo,
3348 1820 3457 1876 Eu-

216 1910 585 1980 mandragora
637 1912 870 1967 habetur
917 1914 1055 1983 apud
1093 1915 1525 1983 Theophrastum
1567 1915 1774 1970 Hister.

204 2001 382 2066 plant.
407 2002 591 2067 lib.tx,
619 2018 667 2057 c.
704 2003 760 2069 9,
788 2012 841 2058 et
861 2003 1345 2070 Pliniumlib.xxv,
1368 2021 1487 2076 cap.
1512 2008 1598 2062 15.
1618 2006 1780 2062 Plura

211 2093 284 2146 de
318 2092 416 2147 hac
439 2093 604 2149 herba
629 2102 684 2149 et
709 2096 830 2165 ejus
857 2097 1157 2154 virtutibus
1187 2097 1425 2153 Levinus
1447 2098 1779 2156 Lemniusin

211 2180 588 2249 Explicalione
610 2185 821 2244 herbar.
850 2187 1052 2254 biblic.,
1082 2205 1200 2259 cap.
1224 2189 1280 2246 2.

286 2274 403 2330 Col.
427 2276 550 2342 ⁸116,
577 2277 672 2330 lin.
699 2277 780 2333 10.
811 2280 923 2333 Kal
945 2280 1027 2347 τῷ
1064 2282 1212 2348 ὀπιφ
1250 2282 1355 2348 τὰς
1389 2282 1674 2352 σφοδράς.
1709 2283 1783 2340 De

202 2367 327 2437 Opii
360 2370 751 2437 praeparatione
777 2377 830 2425 et
854 2387 956 2427 usu
986 2373 1040 2427 in
1079 2374 1366 2431 medicinis
1389 2373 1599 2431 Plinius
1634 2375 1780 2434 Hist.

213 2467 397 2512 natur.
427 2458 520 2514 lib.
558 2476 652 2526 xx,
685 2476 806 2531 cap.
835 2462 939 2527 18;
979 2464 1107 2518 huic
1137 2465 1380 2520 vim'non
1427 2466 1783 2536 soporiferam

204 2551 402 2613 modo,
451 2565 639 2604 verum
697 2552 743 2605 si
789 2555 1065 2623 copiosior
1117 2555 1401 2611 hauriatur
1446 2558 1784 2613 mortiferam

213 2643 433 2703 tribuit.
473 2652 527 2697 et
553 2642 793 2701 Galenus
825 2648 1074 2717 pluribus
1104 2649 1157 2703 in
1191 2650 1345 2706 locis.

289 2734 423 2789 Ibid.
455 2729 538 2801 Τῷ
562 2736 631 2790 δὲ
671 2740 892 2806 κωνείῳ
932 2740 1037 2806 τὰς
1075 2742 1432 2811 λυσσώδεις.
1488 2744 1564 2802 De
1608 2747 1785 2802 cicuta

202 2835 270 2882 et
303 2828 423 2896 ejus
451 2829 701 2887 remediis
731 2830 939 2889 Plinius
975 2833 1069 2887 lib.
1112 2850 1233 2898 xxv,
1263 2850 1383 2907 cap.
1427 2839 1659 2904 ultimo;
1694 2856 1789 2894 va-

213 2918 356 2971 riam
395 2930 573 2974 autem
610 2922 802 2977 cicutae
847 2926 1296 2993 praeparationem
1343 2929 1408 2982 ad
1457 2931 1664 2985 obitum
1698 2932 1786 2986 in-

1881 1928 2102 1967 nomum
2136 1915 2363 1981 scribat,
2392 1922 2446 1970 et
2472 1915 2773 1972 Eudemum
2804 1917 3301 1989 Pharmacopolam,
3334 1934 3459 1973 cum

1881 2003 2123 2061 Eudemo
2167 2007 2302 2062 Chio
2354 2008 2676 2076 confundat,
2709 2011 2803 2067 sed
2852 2011 2919 2068 de
2962 2013 3049 2067 his
3087 2013 3243 2084 plura
3277 2012 3331 2067 in
3364 2027 3464 2067 no-

1883 2097 2015 2151 stris
2041 2113 2378 2170 synonymis.

1954 2186 2114 2255 lbid.,
2147 2190 2243 2245 lin.
2273 2192 2357 2246 15.
2384 2194 2492 2247 Kal
2528 2193 2723 2248 πάντα
2751 2194 2946 2264 ἐνμιᾷ
2973 2195 3202 2264 καιροῦ.
3228 2194 3463 2250 Basilius

1881 2279 2030 2333 hom.
2065 2297 2117 2334 tv
2144 2298 2158 2334 :
2188 2282 2370 2335 Πάντα
2403 2284 2461 2335 ἐν
2496 2286 2592 2355 μιᾷ
2623 2283 2813 2354 καιροῦ
2848 2286 3009 2355 ῥοπῇ,
3042 2285 3139 2336 οὐκ
3170 2282 3299 2337 ὄντα
3333 2283 3465 2354 πρό-

1881 2387 2056 2442 τερον,
2091 2370 2232 2442 ὑπὲρ
2260 2371 2358 2442 τῆς
2384 2374 2487 2443 γῆς
2508 2376 2588 2436 είς
2615 2374 2675 2427 τὸ
2705 2370 2844 2427 εἶναι
2888 2372 3152 2445 παρῆλθε,
3198 2372 3335 2443 μετὰ
3362 2373 3464 2443 τῆς

1883 2462 2089 2525 οἰκείας
2108 2460 2336 2514 ἕκαστον
2357 2461 2615 2534 ἰδιότητος
2638 2463 3058 2535 ὲναργεστάταις
3077 2463 3172 2534 μὲν
3185 2463 3467 2533 διαφοραῖς

1884 2554 1992 2605 ἀπὸ
2024 2552 2129 2606 τῶν
2167 2553 2495 2624 ἑτερογενῶν
2531 2553 2891 2627 χωριζόμενα,
2922 2555 3106 2626 οἰκείῳ
3135 2553 3191 2607 δὲ
3234 2554 3465 2608 ἕκαστον

1885 2642 2282 2715 γνωριζόμενον
2311 2644 2637 2717 χαρακτῆρι.

1956 2734 2114 2799 lbid.,
2144 2736 2241 2790 lin.
2286 2736 2372 2790 17.
2402 2737 2513 2791 Kal
2573 2739 2796 2792 τούτων
2836 2739 2909 2793 τὰ
2940 2741 3057 2808 μέν
3092 2741 3244 2794 ἐστι.
3287 2740 3343 2794 1η
3375 2753 3467 2793 ar-

1887 2824 2112 2882 boribus
2138 2828 2283 2882 sicut
2305 2835 2358 2883 et
2389 2827 2442 2882 in
2472 2828 2799 2885 animalibus
2835 2845 2957 2886 esse
3004 2831 3238 2901 speciem
3273 2846 3468 2901 quam—

1888 2917 2035 2980 dam,
2064 2925 2119 2971 et
2155 2917 2412 2989 ﬁguram,
2444 2935 2607 2990 quam
2653 2930 2844 2976 auctor
2870 2928 3059 2977 noster
3087 2922 3466 2978 characterem

209 3008 503 3065 ferendum
558 3013 769 3068 lacilem
819 3022 873 3068 et
927 3016 1133 3085 absque
1205 3018 1316 3071 ullo
1374 3016 1560 3076 dolore
1624 3021 1790 3078 refert
1889 3008 2147 3078 appellata
2178 3024 2284 3078 (1⁸³³
2326 3018 2381 3064 ει
2432 3010 2503 3065 ab
2542 3009 2665 3066 ²Ῑίί⁸
2708 3010 2897 3067 δίνίεῖθ
2942 3020 3373 3084 εοεηοεουιιιυτς
3415 3021 3472 3069 ει

214 3099 578 3173 Theophrast.
609 3104 753 3161 Hist.
802 3107 973 3176 plant.
1019 3110 1053 3164 I.
1104 3124 1178 3174 tx,
1218 3125 1339 3182 cap.
1376 3113 1460 3176 17,
1497 3123 1790 3187 narratque
1816 3159 1859 3187 η
1893 3112 2007 3153 θυαε
2046 3109 2259 3155 natura
2307 3115 2447 3172 opus
2494 3117 2751 3159 exercere
2792 3103 3030 3168 valeam:
3065 3105 3201 3160 ηυῙῙί
3241 3104 3471 3160 άυῦίυω

205 3192 383 3246 etiam
422 3194 678 3250 Chiorum
729 3198 875 3251 circa
920 3198 1021 3254 hoc
1076 3202 1315 3257 studium
1353 3213 1406 3259 et
1438 3205 1784 3272 industriam,
1816 3191 1861 3221 υ
1893 3205 2131 3262 “nquam
2160 3191 2263 3245 Ῐυίι
2292 3207 2393 3247 nec
2426 3194 2551 3247 θτίιο
2586 3192 2718 3261 Qua?
2747 3193 2919 3249 forma
2960 3212 3025 3252 ex
3057 3197 3312 3252 omnibus
3343 3210 3471 3266 Par“

208 3284 314 3353 qui
352 3284 497 3339 illam
532 3303 641 3342 non
678 3289 943 3355 terebant,
980 3293 1071 3347 sed
1111 3294 1356 3350 den-acto
1382 3297 1618 3367 tegmine
1643 3297 1790 3367 quod
1892 3283 2041 3338 tibus
2087 3285 2231 3339 sumi
2284 3294 2485 3353 potest,
2526 3286 2580 3340 in
2612 3302 2719 3341 una
2749 3288 2894 3342 enim
2936 3289 3066 3343 dum
3100 3290 3334 3355 variant,
3365 3288 3471 3343 etsi

206 3373 590 3432 difﬁcultatem
639 3388 838 3443 movet,
891 3383 1149 3452 quoniam
1197 3389 1462 3457 concoqui
1505 3404 1647 3458 πει-ε
1693 3404 1790 3460 ρο-
1891 3374 1948 3429 in
1991 3376 2115 3431 aliis
2158 3379 2510 3443 conveniunt,
2561 3380 2791 3437 diversa:
2839 3387 3020 3438 tamen
3072 3398 3175 3438 nec
3224 3380 3469 3453 ejusdem

212 3477 346 3530 test,
397 3468 595 3538 pistam
644 3471 697 3525 in
746 3476 1010 3529 mortario
1068 3476 1387 3542 inridebant,
1432 3487 1487 3534 ει
1530 3483 1791 3550 ρηιθηυί
1894 3469 2093 3538 speciei
2138 3469 2554 3539 judicabuntur.
2607 3473 2745 3529 Hinc
2796 3475 3045 3545 quaedam
3102 3477 3230 3532 latis
3282 3476 3467 3543 foliis,

210 3559 405 3614 cribro
433 3563 810 3619 transmissam
835 3605 849 3628 ,
888 3580 1029 3637 aqua
1065 3567 1369 3638 inspersa“;
1399 3570 1675 3634 bibebam,
1706 3580 1782 3625 ει.
1894 3559 2013 3615 alia:
2039 3560 2270 3626 strictis,
2317 3565 2543 3621 serratis
2584 3565 2724 3632 alite,
2768 3567 2889 3621 aliae
2937 3566 2992 3620 in
3036 3567 3204 3621 alium
3247 3567 3470 3623 modum

206 3664 328 3719 que
370 3651 443 3704 ita
487 3652 673 3708 obitus
717 3655 863 3711 celer
910 3658 1195 3728 facilisque
1246 3660 1549 3715 eveniebat,
1583 3662 1703 3715 Ὅτι
1735 3661 1792 3715 δὲ
1893 3654 2171 3724 expansis.
2211 3654 2303 3709 Sic
2350 3656 2417 3712 de
2459 3657 2684 3722 cortice,
2718 3659 2909 3723 ramis,
2942 3658 3240 3725 radicibus,
3271 3659 3470 3716 fructi-

203 3742 461 3813 διαφέρει
497 3744 559 3797 τὸ
596 3746 834 3817 χρῆσθαὲ
878 3766 996 3814 πως
1038 3750 1251 3822 ἑκάστῳ
1279 3752 1512 3823 φανερὸν
1552 3754 1615 3806 ὲκ
1665 3753 1786 3807 πολ-

1894 3745 2018 3805 hus.
2043 3754 2096 3800 et
2124 3746 2269 3803 aliis.
2301 3746 2524 3802 Summa
2556 3757 2736 3805 tamen
2760 3766 2950 3806 eorum
2977 3766 3177 3821 genera
3204 3750 3472 3809 habemus

210 3834 346 3888 λῶν.
392 3836 544 3890 Ἐπεὶ
574 3839 668 3891 καὶ
694 3840 859 3904 Χίους
890 3843 1023 3911 φασὶ
1054 3843 1132 3913 τῷ
1175 3845 1382 3915 κωνείῳ
1409 3845 1670 3917 πρότερον
1697 3847 1786 3917 οὐχ

1894 3850 1959 3889 ex
1997 3833 2374 3906 Theophrasto
2422 3837 2519 3891 lib.
2559 3855 2576 3892 ι
2610 3836 2686 3893 De
2714 3840 2903 3895 histor.
2948 3840 3142 3909 plant.,
3179 3854 3300 3910 cap.
3333 3840 3386 3903 6,
3417 3849 3475 3897 et

206 3926 381 3991 οὕτω,
422 3929 556 3982 ἀλλὰ
581 3931 883 4003 τρίϐοντας,
930 3934 1184 4007 καθάπερ
1230 3939 1278 3990 ol
1322 3937 1489 4003 ἄλλοι,
1535 3938 1791 4009 χρῆσθαι.

215 4018 335 4072 Νῦν
379 4020 438 4074 δὲ
485 4022 607 4076 οὐδὲ
657 4023 725 4077 ἂν
776 4022 858 4089 εἷς
892 4026 1153 4097 τρίψειεν,
1193 4028 1328 4082 ἀλλὰ
1379 4030 1796 4101 περιπτίσαντες

212 4109 316 4161 καὶ
344 4109 630 4178 ἀφελόντες
661 4112 722 4166 τὸ
756 4112 985 4183 κέλυφος
1036 4113 1214 4187 (τοῦτο
1244 4115 1353 4188 γὰρ
1381 4118 1442 4170 τὸ
1470 4119 1567 4190 τὴν
1607 4118 1796 4189 δυσχέ-

217 4215 370 4271 ρειαν
403 4202 637 4274 παρέχον
676 4204 1139 4278 δυσκατέργαστον
1159 4206 1276 4280 ὃν),
1321 4208 1456 4279 μετὰ
1505 4208 1675 4263 ταῦτα
1707 4209 1798 4263 κό-

210 4307 441 4345 meum:
486 4295 543 4346 ἐν
583 4295 663 4366 τῷ
698 4296 868 4368 ὅλμῳ,
901 4300 994 4353 καὶ
1019 4299 1396 4364 διαπτίσαντες
1427 4299 1631 4359 λεπτὰ,
1675 4302 1796 4355 ἐπι-

215 4383 514 4449 πάττοντες
545 4386 632 4455 ἐφ’
658 4386 802 4460 ὕδωρ
836 4389 1101 4453 πίνουσιν,
1142 4389 1280 4447 ὥστε
1308 4395 1528 4462 ταχεῖαν
1557 4392 1650 4446 καλ⁵
1676 4390 1800 4444 ἐλα-

1897 3927 2026 3980 alibi
2060 3946 2076 3980 ι
2108 3928 2356 3998 quaedam
2386 3929 2532 3985 enim
2571 3945 2760 3986 earum
2792 3939 2921 3987 sunt
2949 3930 3191 4000 urbanae,
3223 3932 3472 4002 quaedam

1898 4019 2223 4083 silvestres‘,‘
2253 4020 2501 4090 quaedam
2551 4020 2878 4086 fructiferas,
2929 4021 3177 4093 quaedam
3232 4023 3470 4086 steriles.

1897 4098 2446 4179 quaadam'ﬂori‘feraa,
2471 4109 2590 4166 alia:
2621 4110 2753 4167 flore
2779 4118 3052 4178 carentes,
3077 4112 3324 4184 quaedam
3349 4129 3475 4183 per-

1898 4207 2062 4270 petuo
2096 4186 2352 4265 virentes,
2383 4202 2628 4271 quaedam
2674 4194 2961 4273 perdentes
3007 4202 3155 4264 folia.
3192 4199 3303 4259 οἷον
3336 4206 3473 4278 ἡμέη

1899 4308 2009 4362 ρων
2033 4332 2047 4355 ,
2089 4278 2316 4361 ἀγρίων,
2350 4293 2729 4365 -καρποιρόρων
2753 4290 2785 4357 ,“
2811 4295 3103 4365 ἀκάρπων,
3141 4296 3472 4369 ἀνθοφόρων,

1898 4378 2517 4453 ἀνανθῶνίὰειφύλλιυν,
2554 4384 2907 4453 φυλλοϐόλων.
2942 4385 3152 4441 Plinius
3181 4387 3344 4441 etiam
3377 4387 3471 4440 lib.

210 4475 363 4548 φρὰν
387 4476 628 4543 γίνεσθαι
673 4479 773 4551 τὴν
821 4481 1157 4554 ἀπαλλαγήν.
1191 4481 1423 4553 Ideoque
1452 4481 1786 4537 Dioscorides

1900 4491 2012 4536 xvn.
2043 4490 2165 4546 cap.
2210 4476 2590 4539 lB,'arborum
2629 4475 2963 4532 dill‘erentias
3011 4476 3382 4547 prosequitur,
3420 4483 3476 4529 et

216 4567 317 4622 lib.
364 4584 438 4631 tv,
466 4584 586 4640 cap.
621 4570 707 4635 79,
742 4570 1173 4629 efﬁcacissimam
1219 4577 1328 4629 vim
1357 4575 1549 4630 tribuit
1577 4577 1789 4639 cicutae,

210 4673 342 4729 quas
370 4659 425 4714 in
457 4662 635 4716 insula
663 4663 800 4718 Chio
833 4669 1099 4723 nascitur.

290 4749 408 4806 Col.
433 4753 555 4816 716,
582 4755 678 4810 lin.
713 4757 799 4812 11.
818 4760 926 4813 Kal
958 4759 1037 4826 τῷ
1067 4760 1362 4828 ἐλλεϐόρῳ
1380 4760 1453 4813 τὰ
1473 4763 1695 4829 χρόνια
1719 4759 1793 4815 Dc

217 4844 485 4902 hellebori
515 4851 821 4918 speciebus,
855 4853 1063 4922 figuris,
1082 4854 1157 4917 vi,
1178 4854 1433 4908 facultate
1462 4860 1515 4907 et
1544 4869 1646 4908 usu
1678 4853 1794 4921 lege

214 4936 360 4991 Plin.
394 4940 429 4992 I.
464 4956 592 5005 xxv,
621 4957 671 4995 c.
701 4942 774 5009 5;
811 4943 1180 5001 Dioscoridem
1206 4945 1245 5000 l.
1280 4961 1352 5008 tv,
1382 4959 1432 4997 c.
1463 4944 1565 4998 150
1584 4951 1637 4998 et
1671 4944 1790 4998 151.

213 5030 470 5085 Advertit
502 5030 701 5089 Sextus
734 5034 1041 5105 Empiricus
1081 5036 1344 5107 Pyrrhon.
1394 5035 1590 5105 Hypot.
1624 5036 1718 5088 lib.
1753 5051 1792 5098 ι,

215 5135 344 5190 cap.
378 5122 464 5185 11,
501 5123 865 5192 helleborum,
899 5129 943 5182 si
977 5138 1135 5182 tenue
1157 5137 1211 5183 et
1260 5128 1641 5198 lanuginosum
1671 5126 1795 5196 quis

214 5212 402 5281 ipsum
432 5214 581 5281 edat,
613 5228 844 5273 mortem
872 5218 1086 5281 afferre.
1110 5221 1195 5276 sin
1221 5233 1471 5273 crassum
1503 5233 1610 5272 non
1643 5218 1792 5273 item.

214 5304 330 5357 Καὶ
356 5307 386 5358 ὁ
413 5305 690 5379 ἐλλέϐορος
720 5309 912 5373 λεπτὸς
946 5310 1042 5381 μὲν
1082 5310 1176 5363 καὶ
1218 5308 1453 5380 χνοώδης
1497 5302 1798 5377 προσφερόὲ

217 5413 382 5467 μενον
412 5400 642 5469 πνιγμδν
670 5404 941 5474 ἐπιφέρει,
968 5400 1278 5473 κριμνώδης
1309 5400 1365 5453 δὲ
1411 5399 1486 5452 ὢν
1511 5399 1715 5462 οὐκέτι,
1746 5405 1799 5451 et

216 5487 478 5543 Ruﬁnum
515 5494 803 5561 quemdam
844 5494 984 5564 apud
1017 5493 1332 5549 Chalcidem
1364 5491 1483 5547 sine
1510 5491 1622 5545 ulla
1658 5504 1798 5543 noxa

217 5584 408 5639 bibere
450 5587 671 5642 solitum
716 5589 907 5644 fuisse.
944 5591 1053 5644 Καὶ
1091 5590 1365 5657 Ῥουφῖνος
1406 5588 1462 5642 δὲ
1505 5590 1533 5641 ὁ
1565 5588 1624 5640 ἐν
1656 5585 1798 5639 Χαλ-

217 5675 327 5728 κίδι
348 5677 517 5731 πίνων
543 5679 820 5752 ἑλλέϐορον
840 5680 962 5734 οὔτε
986 5682 1136 5751 ἤμει,
1162 5680 1282 5734 οὔτε
1302 5681 1436 5743 ὅλως
1458 5678 1797 5749 ἐκαθαίρετο,

216 5766 335 5825 ἀλλ’
363 5767 439 5834 ὥς
461 5787 513 5824 τι
542 5771 650 5825 τῶν
680 5772 920 5845 συνήθων
948 5774 1315 5847 προςεφέρετο
1363 5773 1456 5828 καὶ
1499 5770 1717 5834 ἔπεσσε,
1747 5777 1802 5824 et

1894 4585 2014 4639 cap.
2045 4572 2109 4623 19
2137 4588 2150 4622 :
2178 4554 2439 4623 Prmterea
2467 4568 2711 4623 arborum
2737 4569 2858 4623 aliis
2886 4568 3130 4622 decidunt
3157 4567 3320 4637 folia;
3352 4568 3476 4623 alits

1894 4662 2211 4729 sempiterna
2243 4676 2393 4713 coma
2424 4662 2607 4724 virent,
2631 4677 2786 4731 quam
2820 4659 3171 4729 diﬂ'erentiam
3202 4663 3476 4714 antecedat

1895 4770 2097 4808 necesse
2126 4763 2203 4807 est
2248 4754 2411 4822 prior.
2446 4751 2582 4807 Sunt
2612 4755 2750 4806 enim
2799 4751 3049 4806 arborum
3088 4753 3328 4822 quadam
3361 4769 3475 4805 om-

1896 4844 2018 4897 n'ino
2046 4843 2329 4905 silvestres,
2362 4841 2602 4913 quadam
2647 4832 2956 4897 urbaniores
2981 4859 3001 4897 :
3028 4859 3161 4913 quas
3193 4843 3277 4897 hic
3304 4842 3476 4912 placet

1896 4935 2189 4988 nominibus
2230 4935 2568 5005 distinguere.
2602 4933 2741 5006 Ergo
2786 4935 2959 4999 mites,
2998 4951 3115 5007 qua
3148 4935 3345 5003 fructu,
3383 4944 3477 4988 aut

1898 5027 2077 5095 aliqua
2119 5026 2270 5092 dote,
2306 5028 2692 5106 nmbraminevc
2714 5065 2729 5090 ,
2772 5026 2935 5096 oﬁicio
2955 5026 3236 5079 humanius
3260 5026 3471 5094 juvant,

1900 5137 2003 5173 non
2030 5122 2263 5190 improbe
2288 5120 2536 5173 dicantur
2564 5118 2803 5173 urbana.

1969 5213 2128 5277 lbid.,
2166 5213 2261 5266 lin.
2298 5211 2391 5266 20.
2426 5213 2742 5281 Ἅείφυλλα
2770 5210 2839 5265 δέ
2864 5213 3033 5267 ἐστιν
3068 5212 3260 5265 ἐλαία.
3297 5209 3476 5265 Theo-

1898 5305 2158 5375 phrastus
2181 5305 2231 5367 1,
2260 5303 2333 5357 De
2349 5303 2473 5358 hist.
2492 5302 2686 5372 plant.,
2709 5318 2829 5375 cap.
2852 5302 2918 5357 15
2950 5321 2962 5357 :
2994 5302 3114 5355 Τῶν
3144 5300 3477 5373 μὲνήμέρων

1899 5399 2159 5468 ἁείῳυλλα
2197 5397 2368 5459 ἐλαία,
2407 5397 2600 5466 φοίνιξ,
2631 5398 2827 5469 δάφνη,
2862 5396 3140 5467 μύρῤινος,
3171 5396 3382 5465 πεύκης
3423 5410 3481 5450 τι

1901 5492 2072 5560 γένος,
2102 5490 2453 5561 κυπάριττος·
2500 5490 2608 5542 τῶν
2658 5489 2715 5542 δὲ
2761 5487 2999 5559 ἀγρίων,
3041 5485 3229 5558 ἐλάτη,
3276 5485 3477 5556 πεύκη.

1900 5580 2185 5655 ἄρκευθος,
2230 5580 2447 5651 σμῖλαξ,
2490 5580 2647 5645 θυία,
2698 5582 2791 5634 καὶ
2837 5579 2903 5651 ἣν
2951 5578 3208 5651 Ἀρκάδες
3255 5577 3482 5632 καλοῦσι

1901 5675 2209 5749 eameam,
2241 5673 2460 5745 φιλύρα,
2508 5674 2716 5747 κέδρος,
2755 5673 2935 5737 πίτυς,
2978 5671 3240 5744 μυρῤίκη,
3289 5668 3477 5735 πύξος,

1903 5771 2112 5841 πρῖνος,
2154 5765 2338 5839 ἀγρία,
2389 5764 2709 5835 κήλαστρον,
2755 5762 2974 5835 φιλύκη,
3026 5761 3263 5833 ἁφάρκη.
3298 5757 3481 5815 Ταῦτα
