3840 6164
386 263 489 320 847

1711 261 1960 319 LEONIS
1998 261 2271 317 ALLATII

3513 259 3625 314 818

383 385 442 439 δέ
480 383 672 454 φύεται
721 383 847 455 περὶ
882 383 972 437 τὸν
1008 385 1286 455 Ὄλυμπον
1311 425 1324 448 ,
1367 384 1653 455 ἀνδράχνη,
1695 385 1952 454 κόμαρος,
1985 385 2028 441 Α
2056 381 2116 434 τὸ
2161 381 2377 452 χρῶμα,
2431 377 2910 451 φλοῖσθέντοςιτοῦ
2961 377 3134 444 ξύλου,
3165 378 3478 447 λευκότερον
3529 377 3630 447 μὲν

384 472 691 546 τέρμινθος,
737 474 924 545 ἀγρία,
971 473 1167 544 δάφνη.
1202 477 1359 527 Δοκεῖ
1406 473 1461 527 δὲ
1494 476 1527 544 ἡ
1561 473 1828 544 ἀνδράχνη
1866 473 1959 526 καὶ

383 567 410 617 ὁ
441 565 656 636 οίναρος
702 564 770 616 τὰ
815 565 911 633 μὲν
954 564 1102 616 κάτω
1151 564 1510 634 φυλλοϐολέῖν,
1551 564 1620 617 τὰ
1660 564 1717 617 δὲ
1759 563 1960 634 ἔσχατα

383 656 489 708 τῶν
517 655 833 725 ἀκρεμόνων
865 655 1122 720 ἀείξυλλα
1163 654 1333 724 ἔχειν·
1367 654 1613 724 ἐπιφύειν
1637 656 1694 708 δὲ
1723 655 1808 708 ἀεὶ
1834 655 1959 718 τοὺς

383 746 709 815 ἁκρέμονας.
753 743 816 797 Et
858 744 1069 799 Plinius
1098 762 1164 800 ex
1198 745 1574 816 Theophrasto
1607 746 1750 801 Hist.
1797 756 1908 801 nat.
1937 786 1953 811 ,

385 835 477 888 lib.
510 851 618 897 xw,
652 849 771 904 cap.
800 835 871 888 20
905 853 916 887 :
954 833 1287 888 Urbanarum
1319 837 1494 906 generi
1534 853 1633 889 non
1676 836 1954 901 decidunt,

383 925 527 987 olea,
560 926 730 991 lauro,
762 930 972 995 palmae,
1009 936 1199 998 myrto,
1231 944 1492 996 cupresso,
1537 930 1694 997 pinis,
1731 928 1954 993 hederae,

383 1017 780 1079 rhododendro;
813 1028 867 1072 et
913 1035 1032 1089 cap.
1078 1019 1140 1073 21
1195 1038 1207 1072 :
1254 1018 1583 1074 Silrestrium
1620 1021 1790 1090 generi
1825 1021 1958 1089 folia

383 1125 484 1162 non
511 1109 778 1173 decidunt,
803 1109 982 1173 abisti,
1011 1111 1185 1174 larici,
1209 1112 1467 1178 pinastro,
1483 1113 1748 1180 junipero,
1779 1111 1954 1175 cedro,

384 1201 726 1268 therebintho,
759 1201 917 1266 buxo,
965 1203 1076 1256 ilici
1101 1244 1115 1266 ,
1148 1204 1434 1273 crquifolio,
1466 1204 1660 1267 suberi,
1695 1215 1840 1267 taxo,
1874 1214 1958 1257 ta-

381 1291 598 1356 marici;
629 1294 764 1345 inter
792 1302 1012 1363 utraque
1055 1309 1244 1362 genera
1285 1305 1406 1350 sunt
1437 1294 1697 1349 adrachne
1728 1295 1779 1348 in
1809 1293 1958 1348 Cra?-

379 1382 486 1446 cia,
521 1391 570 1436 et
622 1383 810 1452 ubique
860 1384 1046 1438 unedo.
1096 1384 1316 1455 Reliqua
1350 1387 1489 1440 enim
1534 1387 1666 1454 [alia
1712 1387 1955 1441 decidunt

385 1471 484 1538 lus,
531 1485 882 1545 praaterquam
929 1477 981 1529 in
1015 1477 1392 1530 cacuminibus.
1428 1477 1492 1530 Et
1521 1488 1712 1532 auctor
1745 1477 1957 1548 Geopoc

384 1566 489 1620 nic.
517 1581 530 1616 :
559 1565 757 1636 Δένδρα
803 1565 1024 1636 ἀειθαλῆ
1054 1569 1188 1630 ἐστι,
1221 1567 1354 1636 μηδέ
1373 1585 1500 1620 ποτε
1528 1568 1954 1640 φυλλορροοῦντα

384 1660 436 1710 ἐν
460 1656 538 1726 τῷ
573 1657 817 1728 χειμῶνι,
856 1656 922 1714 ίδ.
959 1656 1153 1725 φοίνιξ,
1184 1659 1386 1728 κίτρον,
1426 1659 1717 1729 στρόϐιλος,
1758 1659 1952 1730 δάφνη,

2056 469 2150 522 τοῦ
2179 469 2390 540 πρίνου,
2421 469 2774 541 οίνωπότερον
2811 468 2866 520 δὲ
2893 468 2992 538 τῆς
3020 468 3204 539 δρυός·
3242 467 3308 520 τὰ
3353 467 3411 520 δέ
3453 466 3631 535 φύλλα

2058 560 2344 631 προσέοικε
2408 560 2504 630 μὲν
2545 561 2764 630 ἀμφοῖν,
2812 557 2921 628 ἔχει
2955 557 3010 610 δέ
3051 557 3218 627 μείζω
3248 557 3280 627 ἦ
3315 557 3389 619 ὡς
3417 561 3630 627 πρῖνος,

2059 653 2262 706 ἐλάττω
2289 654 2344 706 δὲ
2373 653 2405 724 ἢ
2437 653 2511 714 ὡς
2548 651 2697 722 δρῦς.
2734 651 2842 703 Καὶ
2873 651 2962 703 τὸν
3000 649 3208 720 καρπὸν
3244 650 3338 720 μὲν
3365 649 3457 702 τοῦ
3500 651 3632 721 πρί-

2058 761 2149 797 νου
2178 744 2317 798 κατὰ
2344 744 2404 798 τὸ
2440 742 2664 814 μέγεθος
2703 741 2925 806 ἐλάττω,
2957 744 3075 804 ταῖς
3120 740 3424 810 ἐλαχίσταις
3448 739 3508 792 δὲ
3535 739 3633 810 βα-

2057 835 2233 900 λάνοις
2267 837 2403 888 ἴσον·
2438 836 2532 890 καὶ
2560 834 2885 904 γλυκύτερον
2917 834 3012 902 μὲν
3047 831 3140 884 τοῦ
3181 830 3393 904 πρίνου,
3426 831 3635 902 πικρόο

2055 943 2210 998 τερον
2249 927 2304 980 δέ
2347 929 2444 998 τῆς
2480 928 2657 999 δρυός.
2698 924 2934 981 Καλοῦσι
2979 910 3034 977 δέ
3079 941 3219 986 τινες
3259 923 3348 976 τὸν
3395 923 3494 993 μὲν
3535 921 3632 975 τοῦ

2058 1019 2268 1090 πρίνου,
2301 1020 2391 1072 καὶ
2423 1020 2514 1072 τὸν
2553 1018 2754 1090 ταύτης
2795 1016 3001 1087 καρπὸν
3039 1017 3253 1076 ἄκυλον,
3291 1015 3384 1069 τὸν
3430 1015 3490 1068 δὲ
3531 1015 3632 1083 τῆς

2054 1110 2215 1181 δρυὸς
2259 1109 2501 1180 βάλανον.
2554 1112 2782 1182 Μήτραν
2830 1109 2886 1162 δὲ
2936 1107 3046 1178 ἔχει
3095 1107 3487 1178 φανερώτερον,
3528 1107 3561 1178 ἦ
3603 1109 3634 1161 ό

2057 1202 2243 1271 πρῖνος
2305 1201 2413 1254 Καὶ
2458 1202 2489 1271 ή
2537 1201 2634 1271 μὲν
2690 1199 2976 1269 φελλόδρυς
3035 1199 3284 1268 τοιαύτην
3343 1197 3461 1249 τινὰ
3515 1195 3633 1266 ἔχει

2056 1291 2237 1359 φύσιν.
2273 1290 2436 1345 Plura
2472 1307 2686 1361 possem
2715 1304 3010 1358 congerere
3049 1289 3116 1343 ab
3153 1289 3272 1343 aliis
3313 1288 3380 1342 de
3414 1287 3632 1341 arbori-

2055 1381 2178 1444 bus,
2213 1397 2445 1451 quorum
2483 1382 2571 1434 hic
2602 1380 2660 1434 lit
2706 1379 2928 1443 mentio,
2959 1379 3103 1433 dicta
3135 1385 3188 1432 et
3220 1377 3486 1442 dubitata,
3532 1375 3630 1431 sed

2057 1481 2216 1528 notas
2266 1473 2321 1526 in
2378 1471 2758 1536 Eustathium,
2821 1486 2929 1525 non
2993 1470 3282 1524 herbarum
3338 1469 3628 1523 historiam

2046 1564 2367 1624 scribimus.
2416 1563 2622 1618 Suﬂicit
2667 1563 2788 1632 ejus
2838 1562 2985 1616 dicta
3033 1561 3193 1616 dictis
3227 1560 3455 1614 aliorum
3497 1575 3631 1614 con-

2056 1654 2300 1710 firmasse
2335 1653 2415 1708 vel
2446 1654 2774 1708 declarasse.

385 1725 551 1812 ἐλαία,
574 1725 954 1820 γ’κυπάρισσος,
1007 1725 1729 1823 κερατίαί-πίτυςξπρῖνος,
1768 1725 1952 1818 πύξος,
1987 1725 2028 1781 Β
2127 1745 2258 1801 Ibid.
2285 1747 2379 1799 lin.
2404 1745 2494 1800 25.
2525 1743 2592 1798 Τὸ
2618 1743 2803 1812 ῥόδον
2829 1742 2975 1797 ἄνευ
3019 1740 3130 1810 τῆς
3161 1742 3441 1808 ἀκάνθης.
3475 1739 3630 1794 Basi-

384 1840 638 1911 μυρσίνη,
688 1841 894 1911 κέδρος,
944 1841 1078 1906 ἰτέα,
1124 1843 1217 1894 καὶ
1249 1841 1531 1912 ἄρκευθος.
1581 1843 1955 1900 Artemidorus

383 1928 657 1987 Om'irocr.
723 1931 816 1985 lib.
867 1947 904 1995 ι,
950 1946 1070 2001 cap.
1117 1930 1184 1984 79
1231 1950 1242 1985 :
1283 1933 1522 1995 Φοίνικος
1553 1933 1609 1986 δὲ
1653 1935 1743 1986 καὶ
1771 1933 1956 1998 ἐλαίας

383 2021 632 2090 στέφανοι
691 2021 900 2092 γάμους
956 2023 1256 2094 ἐλευθέρων
1303 2026 1641 2096 περιποιοῦσι
1683 2029 1956 2095 γυναικῶν

381 2109 466 2163 διὰ
506 2110 606 2182 τὴν
643 2112 866 2183 πλοκήν.
924 2113 1033 2166 Καὶ
1069 2114 1235 2167 τέκνα
1283 2117 1744 2188 προσαγορεύουσι
1796 2121 1958 2173 πολυ-

381 2203 567 2274 χρόνια
598 2202 685 2257 eis
715 2202 776 2256 τὸ
804 2202 1068 2267 ἀειθαλὲς,
1101 2205 1216 2258 υίὸν
1257 2206 1354 2276 μὲν
1383 2209 1410 2260 ό
1455 2209 1650 2275 φοίνιξ,
1687 2210 1956 2283 θυγατέρα

380 2291 435 2343 δὲ
465 2293 497 2362 ἡ
524 2291 698 2346 ἐλαία.
729 2291 1054 2349 Plutarchus
1082 2296 1132 2347 in
1162 2292 1401 2365 Sympos.
1443 2297 1495 2359 8,
1530 2309 1720 2368 quaast.
1739 2300 1791 2364 9,
1828 2303 1959 2371 pal—

383 2397 527 2437 mam
575 2399 698 2438 esse
752 2385 828 2438 ait
890 2387 1212 2457 μακρόϐιον,
1261 2388 1688 2458 ἐμπεδόφυλλον,
1730 2393 1958 2463 βεϐαίως

381 2475 684 2545 ἀείφυλλον,
719 2477 953 2549 ideoque
981 2494 1104 2535 esse
1133 2481 1360 2536 victoris
1390 2486 1694 2551 praemium,
1733 2486 1852 2540 ’Ότι
1880 2487 1960 2540 δεῖ

381 2563 478 2634 τὴν
515 2565 623 2618 τῶν
670 2567 975 2637 νικηφόρων
1013 2568 1168 2632 δόξαν
1221 2569 1443 2638 ἄφθιτον
1485 2574 1578 2626 καὶ
1625 2573 1813 2645 ἀγήρω
1845 2575 1958 2630 δια-

384 2656 581 2726 μένειν.
615 2655 948 2722 Phornutus,
978 2662 1143 2729 capit.
1189 2660 1257 2716 de
1308 2661 1497 2728 Musis,
1540 2665 1591 2718 in
1619 2681 1683 2719 ea
1713 2669 1959 2736 agnoscit

382 2745 442 2798 τὸ
470 2747 709 2812 ἀείζωον.
755 2747 813 2803 in
864 2749 998 2822 Tylo
1038 2751 1236 2816 insula,
1291 2751 1502 2807 Plinius
1556 2755 1650 2809 lib.
1700 2772 1798 2822 xu,
1833 2773 1953 2828 cap.

387 2835 474 2898 11,
502 2837 634 2890 nulli
665 2838 922 2892 arborum
955 2839 1084 2892 folia
1115 2839 1368 2896 decidere
1403 2841 1602 2906 tradit;
1627 2850 1681 2896 et
1715 2843 1806 2899 lib.
1843 2860 1956 2907 xw,

386 2939 507 2996 cap.
542 2926 604 2980 21
642 2946 656 2980 :
690 2927 755 2981 In
797 2928 1028 2983 Thurino
1059 2947 1206 2999 agro,
1247 2931 1337 2984 ubi
1363 2932 1582 3003 Sybaris
1599 2934 1726 3003 fuit,
1753 2951 1816 2989 ea:
1844 2937 1959 3006 ipsa

385 3014 511 3068 urbe
541 3019 956 3085 prospiciebatur
982 3037 1201 3090 quercus
1247 3039 1372 3087 una,
1422 3041 1688 3094 nunquam
1717 3027 1847 3096 folia
1875 3029 1959 3082 di-

384 3108 616 3170 mittens,
649 3126 739 3162 nec
773 3122 894 3165 ante
928 3112 1149 3166 mediam
1181 3125 1415 3169 a’statem
1443 3119 1763 3186 germinans.
1793 3119 1958 3191 quue

383 3202 576 3256 mirum
623 3212 721 3266 est,
756 3201 953 3258 Grazcis
1004 3207 1307 3262 auctoribus
1356 3210 1642 3278 proditum,
1686 3213 1824 3280 apud
1861 3231 1957 3269 nos

381 3302 561 3359 postea
606 3295 776 3350 sileri.
813 3294 955 3350 Nam
1000 3298 1234 3353 locorum
1280 3311 1430 3356 tanta
1471 3305 1544 3356 vis
1586 3315 1683 3366 est,
1727 3315 1782 3358 ut
1811 3307 1958 3360 circa

383 3381 667 3452 Memphim
699 3385 941 3456 .Egypti,
973 3398 1022 3442 et
1053 3390 1107 3442 in
1139 3388 1484 3459 Elephantine
1518 3393 1796 3450 Thebaidis
1825 3397 1959 3450 nulli

384 3474 562 3528 arbori
590 3474 851 3542 decidant,
889 3496 951 3532 ne
996 3480 1184 3534 vitibus
1218 3482 1445 3560 quidem.
1480 3483 1612 3540 Vide
1653 3485 1954 3542 Varronem

384 3566 478 3620 lib.
522 3582 562 3632 ι,
599 3582 718 3638 cap.
757 3569 807 3632 7,
844 3569 920 3623 De
953 3587 1007 3624 re
1038 3573 1269 3637 rustica;
1313 3583 1368 3628 et
1403 3573 1839 3644 Theophrastum
1885 3579 1960 3633 De

385 3658 572 3724 histor.
623 3661 790 3729 plani.
828 3663 921 3717 lib.
960 3680 998 3729 ι,
1041 3665 1210 3734 capit.
1242 3666 1330 3729 15,
1385 3668 1478 3722 ubi
1522 3677 1575 3723 et
1623 3671 1689 3725 de
1742 3671 1960 3740 platano

384 3749 696 3809 Gortinensi
724 3761 777 3806 et
807 3755 874 3808 de
910 3753 1272 3825 Elephantino
1307 3773 1455 3827 agro.
1499 3760 1635 3832 Περὶ
1669 3763 1777 3833 γὰρ
1819 3763 1958 3816 Ἐλε-

387 3843 646 3913 φαντίνην
687 3844 805 3898 ούδέ
837 3845 934 3909 τὰς
980 3847 1276 3917 ἀμπέλους,
1312 3849 1432 3903 ούδέ
1477 3852 1577 3915 τάς
1627 3855 1795 3917 συκᾶς
1831 3871 1960 3923 φασι

385 3933 748 4002 φυλλοϐολεῖν.
785 3935 843 3991 in
882 3938 1079 4007 quibus
1112 3938 1254 3993 sicut
1296 3949 1351 3994 et
1392 3942 1447 3995 in
1491 3945 1612 4000 aliis
1645 3961 1714 4000 an
1751 3943 1961 4003 Plinius

385 4023 560 4081 ﬁdelis
600 4027 914 4098 interpretis
945 4045 1170 4088 munere
1198 4032 1418 4088 functus
1461 4036 1534 4090 sit
1565 4037 1688 4092 aliis
1701 4038 1960 4107 judican-

384 4117 513 4171 dum
547 4118 796 4188 relinquo
823 4139 834 4176 :
871 4121 974 4176 hoc
1003 4139 1187 4178 verum
1220 4133 1328 4191 est,
1353 4126 1598 4196 quaedam
1637 4129 1704 4184 de
1735 4145 1836 4184 suo
1865 4130 1962 4185 ad-

385 4209 633 4274 didisse,
691 4212 795 4266 alia
844 4214 1114 4270 omisisse.
1172 4217 1242 4271 At
1299 4233 1408 4273 non
1458 4235 1524 4274 ex
1587 4219 1961 4291 Theophrasto

385 4303 686 4368 transtulit,
713 4303 806 4359 sed
842 4321 908 4362 ex
938 4308 1082 4374 aliis,
1119 4310 1416 4382 Grmcaque
1450 4318 1510 4366 ut
1553 4320 1709 4366 erant
1758 4314 1812 4367 in
1854 4313 1960 4370 illis

2055 1837 2183 1898 lius,
2217 1837 2363 1891 hom.
2389 1837 2423 1891 5
2453 1854 2467 1890 :
2501 1836 2648 1906 Πλήν
2675 1852 2738 1904 γε
2765 1836 2845 1888 ὅτι
2877 1835 2936 1888 τὸ
2969 1833 3116 1905 ῥόδον
3137 1835 3257 1887 τότε
3286 1835 3412 1888 ἄνευ
3456 1832 3627 1885 ἀκάν-

2055 1929 2154 2000 θης
2186 1925 2273 2000 ἦν.
2305 1929 2569 2000 ’Ὕστερον
2595 1928 2652 1982 δέ
2681 1927 2753 1998 τῷ
2787 1927 2971 1981 κάλλει
2999 1927 3091 1980 τοῦ
3127 1926 3319 1988 ἄνθους
3350 1927 3383 1996 ἡ
3416 1923 3630 1978 ἄκανθα

2055 2022 2418 2093 παρεζεύχθη,
2449 2024 2534 2076 ἵνα
2554 2022 2614 2074 τὸ
2637 2021 2868 2093 τερπνὸν
2902 2021 3000 2090 τῆς
3024 2019 3370 2082 ἀπολαύσεως
3399 2014 3628 2087 ἐγγύθεν

2055 2113 2265 2184 ἔχωμεν
2304 2115 2712 2186 παρακειμένην
2757 2113 2854 2184 τὴν
2898 2113 3093 2184 λύπην,
3149 2111 3485 2183 μεμνημένοι
3529 2113 3630 2181 τῆς

2055 2205 2345 2275 ἁμαρτίας,
2374 2204 2439 2257 δι’
2471 2205 2536 2274 ἣν
2574 2206 2809 2270 ἀκάνθας
2861 2206 2953 2260 καὶ
3001 2203 3279 2276 τριϐόλους
3321 2205 3455 2274 ἡμῖν
3495 2204 3628 2256 ἀνα-

2054 2297 2255 2349 τέλλειν
2299 2297 2659 2368 κατεδικάσθη
2694 2299 2726 2368 ἢ
2764 2297 2859 2368 γῆ.
2897 2297 2991 2353 Pia
3024 2305 3078 2352 et
3111 2297 3354 2368 prudens
3380 2311 3628 2350 commo-

2056 2389 2314 2452 nefactio,
2350 2398 2410 2442 ut
2439 2389 2692 2444 videlicet
2725 2391 2886 2446 homo
2938 2391 2992 2443 in
3041 2403 3221 2442 rosam
3271 2395 3500 2457 aspectu
3540 2387 3626 2440 in—

2051 2478 2220 2548 jecto,
2265 2479 2448 2533 statim
2499 2480 2715 2549 pristini
2741 2489 2795 2534 et
2833 2478 3041 2548 antiqui
3082 2477 3240 2548 primi
3275 2478 3544 2547 parentis,
3573 2483 3628 2530 et

2057 2571 2142 2626 sui
2184 2572 2368 2640 lapsus
2415 2573 2728 2627 memoriam
2783 2579 3032 2641 repetat;
3089 2581 3142 2626 et
3187 2571 3499 2624 calamitate
3531 2570 3628 2623 in-

2058 2673 2266 2736 specta,
2305 2667 2360 2719 in
2397 2681 2557 2735 quam
2589 2675 2812 2736 propter
2853 2673 3135 2735 peccatum
3194 2664 3422 2728 incidit,
3463 2666 3629 2720 corde

2059 2755 2251 2811 fremat
2275 2765 2330 2812 et
2363 2757 2553 2812 intime
2583 2759 2780 2820 doleat,
2815 2760 3007 2828 suique
3040 2760 3302 2814 creatoris
3332 2774 3490 2828 opem
3529 2773 3624 2813 ex-

2058 2859 2268 2919 poscat,
2293 2862 2346 2905 et
2377 2851 2482 2905 sibi
2510 2863 2716 2905 caveat.
2751 2849 3076 2904 Continuata
3108 2852 3251 2904 enim
3277 2857 3624 2920 peccatorum

2060 2943 2321 2996 me'moria
2345 2943 2552 2996 nullum
2585 2942 2885 2996 remedium
2919 2943 3098 3012 aptius
3132 2941 3196 2995 ad
3222 2941 3436 2994 veniam
3466 2941 3627 3010 impe-

2059 3034 2331 3095 trandam,
2364 3049 2464 3088 nec
2499 3035 2664 3086 ullum
2705 3033 2848 3087 aliud
2885 3033 2959 3086 ita
2991 3048 3206 3103 segnem
3243 3031 3423 3085 reddit
3454 3030 3628 3084 homi-

2060 3140 2182 3178 nem
2230 3124 2298 3178 ad
2344 3125 2641 3195 nequitiam
2671 3126 3110 3194 perpetrandam,
3144 3131 3202 3178 ut
3233 3125 3427 3178 scribit
3453 3123 3627 3194 Chry-

2057 3223 2331 3270 sostomus
2362 3217 2417 3268 in
2447 3216 2616 3282 Epist.
2651 3215 2717 3268 ad
2753 3215 3032 3279 llebrccos,
3069 3231 3186 3285 cap.
3226 3232 3323 3275 xu.
3359 3217 3504 3270 hom.
3536 3215 3624 3278 51,

2057 3315 2111 3361 et
2137 3307 2192 3360 in
2221 3314 2409 3360 catena
2427 3307 2479 3359 in
2511 3323 2625 3376 cap.
2657 3323 2742 3360 xrv
2778 3306 3061 3361 Hieremiaz
3090 3324 3107 3360 :
3142 3306 3262 3359 Ἐπὶ
3286 3307 3345 3358 τὸ
3370 3307 3625 3376 λειπόμε-

2058 3414 2146 3451 νον
2168 3399 2452 3469 φάρμακον
2475 3398 2802 3468 καταφεύγει
2822 3399 2928 3451 τῶν
2951 3399 3357 3469 ἁμαρτημάτων
3375 3398 3475 3468 τὴν
3495 3396 3628 3464 γνῶ-

2061 3507 2161 3542 σιν.
2188 3487 2296 3544 Nec
2324 3490 2571 3544 dissentit
2591 3489 2817 3559 August.
2839 3491 2932 3543 lib-
2953 3507 2992 3556 ι,
3016 3490 3085 3544 De
3107 3488 3233 3543 Gen.
3252 3499 3435 3542 contra
3459 3486 3626 3541 Mani-

2059 3584 2248 3646 chazos,
2276 3596 2326 3635 c.
2355 3583 2462 3635 l3:
2489 3581 2590 3634 Per
2620 3593 2887 3650 peccatum
2925 3583 3146 3636 hominis
3177 3591 3317 3634 terra
3347 3581 3627 3634 maledicta

2058 3681 2158 3736 est,
2189 3682 2246 3725 ut
2292 3674 2469 3741 spinas
2498 3683 2722 3742 pareret,
2769 3690 2872 3727 non
2913 3684 2969 3726 ut
3014 3675 3125 3741 ipsa
3166 3689 3347 3741 paena:
3385 3674 3624 3738 sentiret,

2059 3781 2175 3834 qua:
2213 3765 2322 3818 sine
2361 3781 2515 3818 sensu
2555 3774 2667 3829 est,
2714 3764 2804 3820 sed
2846 3775 2904 3818 ut
2943 3767 3141 3832 peccati
3181 3765 3400 3817 humani
3433 3766 3626 3818 crimen

2061 3872 2260 3924 semper
2287 3855 2580 3909 hominibus
2609 3867 2730 3909 ante
2766 3857 2942 3910 oculos
2981 3865 3206 3924 poneret,
3238 3871 3340 3926 quo
3375 3855 3627 3909 admone-

2060 3961 2240 4003 rentur
2279 3948 2565 4019 aliquando
2601 3951 2765 4003 averti
2807 3967 2839 4003 a
2883 3951 3130 4020 peccatis,
3160 3959 3208 4003 et
3257 3949 3326 4002 ad
3357 3949 3456 4003 Dei
3490 3965 3626 4015 prte-

2061 4053 2210 4112 cepta
2239 4043 2486 4097 converti.
2526 4042 2717 4096 Herba:
2748 4052 2944 4105 autem,
2976 4053 3081 4097 etc.
3137 4041 3259 4096 Haec
3289 4049 3473 4096 tamen
3502 4057 3626 4096 sen-

2060 4134 2231 4188 tentia
2263 4132 2483 4188 Pererio
2509 4132 2547 4187 l.
2575 4147 2613 4198 I,
2644 4133 2698 4185 in
2744 4130 2872 4185 Gen.
2908 4147 3019 4186 non
3060 4130 3283 4185 arridet.
3327 4129 3439 4184 Nec
3479 4131 3627 4183 enim

2062 4231 2240 4293 potest
2277 4222 2472 4276 adduci
2520 4228 2577 4274 nt
2607 4220 2795 4275 credat
2839 4235 3020 4274 rosam
3065 4229 3190 4274 ante
3220 4226 3510 4289 peccatum
3550 4218 3628 4272 fa-

2061 4324 2201 4368 ctam
2229 4313 2400 4369 fuisse
2433 4313 2637 4382 absque
2670 4312 2865 4382 spinis.
2905 4310 3046 4366 Deus
3075 4311 3218 4366 enim
3250 4311 3387 4364 tales
3429 4309 3627 4363 condi-

385 4395 699 4452 auctoribus
742 4395 935 4452 Latina
961 4397 1102 4456 fecit.
1131 4401 1262 4458 Esto
1289 4421 1301 4457 :
1339 4410 1519 4456 tamen
1553 4413 1837 4473 suspectus
1863 4405 1956 4458 ad-
1988 4411 2031 4464 ι)
2058 4405 2140 4460 dit
2183 4420 2270 4460 res
2303 4404 2492 4474 quales
2531 4411 2660 4459 sunt
2692 4403 2992 4458 secundum
3023 4410 3274 4458 naturam
3310 4415 3490 4465 suam,
3527 4416 3628 4456 nec

385 4486 491 4540 huc
522 4494 607 4542 est
643 4503 766 4543 cum
793 4498 848 4545 et
884 4491 940 4546 in
975 4493 1097 4548 aliis
1129 4494 1320 4550 eodem
1348 4495 1510 4550 modo
1544 4510 1603 4551 se
1630 4503 1819 4565 gerat;
1864 4497 1959 4551 sed

383 4590 494 4630 non
520 4585 604 4633 est
636 4581 920 4648 prasentis
946 4585 1170 4654 negotii.

455 4669 573 4724 Col.
603 4671 727 4736 716,
747 4673 947 4730 lin.22.
963 4676 1072 4729 Kal
1095 4674 1174 4742 ἢν
1189 4675 1468 4744 Ἀρκάδες
1489 4675 1801 4745 φίλοδρυν.
1827 4677 1960 4732 Cor-

383 4763 498 4832 rige
527 4779 593 4817 ex
625 4761 1022 4834 Theophrasto,
1052 4767 1359 4836 φελλόδρυν.
1408 4766 1582 4837 Hujus
1625 4777 1877 4823 naturam
1907 4777 1960 4825 et

383 4861 696 4909 accuratam
735 4856 1159 4928 descriptionem
1189 4859 1351 4914 habet
1385 4860 1520 4916 idem
1548 4860 1959 4930 Theophrastus

382 4945 460 4999 De
488 4946 672 5002 histor.
703 4948 871 5018 plant.
899 4950 996 5004 lib.
1043 4966 1123 5015 Ill,
1163 4953 1328 5022 capit.
1368 4954 1434 5007 16
1467 4971 1480 5006 :
1519 4955 1584 5006 Ὃ
1612 4953 1668 5006 δὲ
1705 4951 1960 5008 καλοῦσιν

395 5038 652 5108 Ἀρκάδες
679 5038 967 5110 φελλόδρυν
1005 5041 1211 5095 τοιάνδε
1259 5039 1369 5112 ἔχει
1414 5043 1514 5111 τὴν
1543 5045 1723 5113 φύσιν,
1754 5043 1828 5107 ὼς
1861 5044 1958 5114 μὲν

381 5127 566 5193 ἁπλῶς
595 5131 789 5194 εἰπεῖν,
821 5131 924 5184 ἀνά
956 5131 1118 5202 μέσον
1150 5134 1338 5202 πρίνου
1369 5133 1460 5186 καὶ
1488 5134 1647 5206 δρυός
1674 5136 1809 5186 ἐστι.
1849 5133 1958 5185 Καὶ

381 5218 508 5273 ἔνιοι
564 5221 1034 5293 ὑπολαμϐάνουσιν
1090 5220 1225 5277 εἶναι
1273 5225 1436 5297 θῆλυν
1480 5230 1688 5298 πρῖνον.
1739 5225 1818 5278 διὸ
1865 5225 1959 5278 καὶ

335 5325 350 5338 ο
380 5304 510 5358 ὅπου
555 5309 629 5379 μὴ
674 5308 864 5377 φύεται
917 5313 1122 5380 πρῖνος,
1173 5312 1346 5384 τούτῳ
1390 5314 1624 5384 χρῶνται
1681 5313 1816 5384 πρὸς
1860 5313 1959 5376 τὰς

381 5395 616 5465 ἀμάξας,
658 5400 753 5452 καὶ
795 5400 862 5454 τὰ
897 5402 1140 5468 τοιαῦτα,
1172 5404 1423 5476 καθάπερ
1453 5408 1484 5476 ἡ
1539 5406 1666 5477 περ)⁸
1699 5405 1960 5458 Λακεδαί-

383 5503 520 5554 μονα
569 5489 661 5541 καὶ
701 5490 931 5544 Ἠλείαν.
985 5491 1222 5546 Καλοῦσι
1273 5493 1328 5546 δὲ
1385 5496 1438 5547 οῖ
1485 5512 1547 5563 γε
1595 5497 1818 5564 Δωριεῖς
1866 5497 1958 5548 καὶ

380 5576 576 5643 ἀγρίαν
606 5577 667 5628 τὸ
706 5578 936 5648 δένδρον.
970 5583 1123 5634 Ἔστι
1170 5583 1226 5635 δὲ
1275 5584 1660 5654 μαλακώτερον
1707 5585 1801 5640 τοῦ
1837 5587 1959 5658 πρί-

381 5677 490 5725 νου,
526 5664 882 5736 σκληρότερον
918 5669 975 5722 δὲ
1015 5672 1106 5724 καὶ
1149 5676 1477 5730 πυκνότερον
1505 5677 1603 5748 τῆς
1635 5677 1812 5748 δρυός.
1848 5679 1957 5733 Καὶ

2061 4504 2342 4568 peccatum
2371 4494 2500 4549 Adae
2549 4495 2780 4548 mutavit
2809 4509 3000 4549 earum
3050 4495 3415 4564 proprietates
3465 4501 3630 4562 atque
3686 4544 3694 4552 ,

2061 4587 2424 4650 conditiones,
2474 4599 2598 4639 cum
2644 4599 2745 4639 nec
2785 4601 2851 4639 ea
2896 4583 3140 4654 quidem,
3173 4597 3296 4652 qua:
3339 4595 3470 4637 vera
3501 4589 3630 4636 sunt

2061 4679 2361 4734 secundum
2414 4685 2670 4730 naturam
2717 4675 2958 4730 hominis
3002 4683 3284 4746 peccatum
3327 4673 3448 4742 ejus
3473 4673 3630 4742 quid-

2061 4785 2222 4840 quam
2270 4767 2581 4822 variaverit.
2633 4766 2836 4822 Bosam
2871 4782 3000 4820 vero
3044 4765 3196 4820 nasci
3243 4765 3385 4818 inter
3442 4763 3631 4831 spinas

2060 4859 2367 4914 naturalem
2425 4873 2564 4912 rosa:
2611 4857 3061 4912 constitutionem
3108 4863 3271 4925 atque
3321 4855 3628 4924 generatio-

2060 4963 2184 5003 nem
2219 4947 2596 5016 consequitur.
2639 4945 2821 5012 Quare
2853 4947 2957 5001 etsi
3008 4952 3139 5000 ante
3179 4954 3467 5015 peccatum
3501 4945 3630 4998 Ade

2060 5046 2216 5092 erant
2251 5039 2365 5092 haec
2405 5037 2657 5091 humanae
2687 5046 2898 5091 natura:
2937 5037 3122 5097 noxia.
3167 5050 3276 5089 non
3313 5033 3551 5090 fuissent
3579 5031 3627 5085 ei

2059 5130 2116 5183 in
2147 5143 2384 5199 poenam,
2425 5129 2474 5182 si
2518 5142 2626 5182 non
2665 5135 2970 5197 peccasset,
3003 5124 3099 5180 sed
3146 5126 3222 5178 ita
3251 5132 3400 5179 esset
3448 5123 3629 5177 animo

2060 5236 2400 5292 corporeque
2431 5220 2681 5284 ell‘ectus,
2723 5227 2782 5273 ut
2823 5218 3082 5272 facillime
3119 5217 3235 5271 hazc
3277 5215 3513 5272 exitiosa
3549 5217 3629 5267 in-

2059 5325 2369 5368 ternoscere
2401 5320 2452 5366 et
2480 5311 2652 5366 vitare
2678 5317 2884 5379 posset.
2918 5307 3116 5364 Verum
3155 5316 3261 5370 est,
3297 5306 3464 5360 Deum
3497 5305 3628 5358 tales

2060 5424 2150 5462 res
2197 5407 2513 5462 condidisse
2565 5407 2757 5476 quales
2812 5413 2941 5460 sunt
2995 5402 3298 5458 secundum
3353 5409 3623 5453 naturam.

2063 5499 2220 5554 Sana}
2250 5500 2452 5555 mentis
2483 5507 2568 5554 cst
2609 5497 2771 5552 fateri
2817 5512 3000 5551 rerum
3043 5494 3412 5565 proprietates
3452 5501 3505 5545 et
3536 5503 3624 5543 na-

2059 5599 2214 5647 turas
2234 5601 2460 5661 peccato
2485 5591 2786 5661 primorum
2805 5597 3090 5658 parentum
3110 5603 3218 5641 non
3234 5585 3408 5640 fuisse
3436 5585 3622 5637 immuv

2060 5691 2224 5740 tatas.
2271 5683 2624 5754 Exploratum
2658 5688 2762 5749 est,
2803 5689 2930 5736 ante
2976 5685 3259 5748 peccatum
3315 5692 3442 5730 cum
3483 5671 3625 5728 nulla
