3840 6164
201 295 308 354 849

1231 303 1299 357 ΙΝ
1337 303 1709 361 EUSTATHII
1748 305 2224 366 HEXAEMERON
2257 311 2480 369 NOTAE.

3345 323 3452 379 850

198 413 362 483 culpa
394 426 568 482 neque
596 427 795 482 corpus
819 430 996 486 neque
1023 416 1264 471 animum
1309 417 1566 483 alliceret,
1603 435 1781 490 neque
1809 427 1852 482 Α
1885 439 2024 475 mum
2061 435 2329 488 maturat;
2371 435 2425 480 et
2459 442 2579 497 cap.
2613 428 2704 497 26,
2748 429 2981 485 Perdunt
3025 432 3280 502 facillime
3331 443 3453 489 ante

198 519 417 575 poenam
452 505 616 559 ullam
651 505 818 561 fuisse
852 507 1098 564 inditam.
1126 509 1267 566 Vero
1295 515 1476 567 verius
1515 521 1599 568 est
1626 512 1772 567 Ada-

202 611 350 650 mum
383 601 512 650 tunc
539 595 614 649 ita
638 597 818 651 animo
845 606 900 652 et
928 614 1158 669 corpore
1199 599 1368 657 fuisse
1399 601 1672 666 ell‘ectnm,
1714 611 1772 657 ut

201 696 256 742 et
283 689 513 744 exitiosa
537 701 914 760 cognosceret,
941 700 996 747 et
1025 702 1206 762 posset
1233 694 1425 750 vitare.
1459 693 1582 750 Ideo
1610 703 1663 749 et
1690 711 1781 749 ro-

202 797 320 834 sam
359 797 482 835 cum
527 783 699 852 spinis
744 793 928 839 natam
970 785 1384 850 allirmabimus,
1419 795 1474 842 et
1510 788 1567 842 in
1610 789 1794 858 spinis.

203 874 379 941 nasci,
405 876 706 930 naturalem
736 891 875 932 rosa:
903 879 1344 935 constitutionem
1373 889 1428 934 et
1479 881 1785 951 generatio-

203 981 331 1020 nem
372 968 675 1037 consequi?
708 968 824 1022 Alia
861 969 1023 1024 nobis
1052 970 1274 1027 aliunde
1311 978 1365 1026 et
1412 987 1550 1027 rosae
1591 981 1782 1026 natura

203 1065 260 1112 ct
293 1059 560 1112 naturalis
581 1060 906 1115 constitutio
931 1062 1248 1132 quaerenda.
1289 1062 1445 1129 Quod
1480 1073 1673 1117 natura
1701 1065 1785 1118 in-

207 1152 378 1204 situm
427 1158 513 1205 est
550 1161 712 1222 atque
745 1153 954 1218 datum,
985 1162 1040 1209 et
1082 1157 1384 1212 naturalem
1435 1157 1785 1212 constitutio-

206 1257 334 1296 nem
360 1245 733 1313 consequitur,
766 1245 850 1299 lex
877 1253 978 1309 est,
1007 1262 1127 1314 quae
1150 1247 1298 1301 nullo
1320 1247 1601 1302 hominum
1631 1249 1783 1320 inge-

208 1334 326 1390 nio.
373 1335 521 1388 nulla
577 1342 882 1404 temporum
934 1337 1346 1403 vicissitudine,
1398 1341 1549 1394 nulla
1599 1356 1784 1396 rerum

206 1432 494 1495 varietate,
528 1433 678 1486 nullo
701 1433 862 1486 etiam
897 1433 1070 1504 ipsius
1095 1444 1324 1502 naturae,
1355 1438 1402 1491 si
1434 1437 1548 1491 fieri
1580 1444 1782 1507 posset,

209 1525 440 1592 impetu,
471 1526 735 1590 violatur;
776 1525 870 1580 sed
893 1542 1106 1596 semper
1128 1527 1377 1582 eamdem
1420 1545 1534 1584 rem
1569 1529 1635 1582 ad
1665 1529 1783 1583 exi-

211 1623 328 1669 tum
359 1631 528 1685 usque
555 1617 931 1686 consequitur.
964 1616 1119 1683 Quod
1145 1618 1188 1673 si
1215 1619 1398 1682 tollas,
1431 1621 1514 1675 vel
1548 1621 1602 1674 in
1637 1620 1784 1674 aliud

208 1715 583 1762 transmittare
609 1710 926 1770 tentaveris,
959 1724 1073 1762 rem
1107 1718 1160 1765 et
1205 1711 1374 1780 ipsam
1410 1711 1622 1780 perdes,
1656 1721 1708 1768 et
1730 1714 1783 1767 in

209 1800 374 1854 aliam
422 1801 754 1856 immutabis.
790 1801 854 1855 Et
891 1802 1097 1858 scimus
1135 1803 1296 1858 etiam
1338 1805 1576 1859 dubitari
1625 1821 1692 1859 an
1729 1807 1780 1860 id

211 1890 414 1945 virtute
445 1899 498 1945 et
534 1891 788 1947 facultate
837 1893 1020 1948 divina
1076 1893 1190 1948 fieri
1234 1903 1440 1964 posset,
1471 1906 1523 1950 et
1559 1898 1781 1952 conclu-

209 1983 348 2038 dunt
397 1999 464 2038 ex
510 1992 704 2038 natura
754 1985 831 2039 rei
880 1983 933 2038 id
973 1986 1271 2054 implicare.
1326 1987 1393 2038 At
1436 2004 1535 2042 nos
1579 1989 1782 2043 nostris

207 2074 365 2130 hisce
413 2076 754 2146 temporibus
782 2078 1142 2146 agricolarum
1194 2078 1460 2132 industria
1506 2080 1578 2132 ita
1627 2095 1782 2135 rosas

207 2168 421 2221 institui
450 2169 744 2232 cernimus,
771 2178 830 2221 ut
851 2170 1054 2238 absque
1082 2169 1255 2239 spinis
1274 2178 1582 2239 erumpant,
1607 2186 1782 2240 neque

209 2259 396 2312 minus
427 2257 786 2321 venustiores,
821 2274 995 2327 neque
1031 2259 1212 2313 minus
1244 2259 1597 2313 odoratiores.
1634 2257 1782 2324 Quo-

211 2349 375 2402 modo
407 2364 536 2418 ergo
568 2364 597 2401 a
638 2358 831 2402 natura
871 2350 943 2402 ita
975 2359 1346 2419 comparatum
1389 2365 1508 2404 esse
1538 2349 1776 2404 affirma-

212 2441 428 2496 bimns?
460 2441 602 2496 Idem
632 2449 715 2496 est
749 2442 888 2496 inter
916 2442 1099 2510 spinas
1129 2442 1282 2496 nasci
1316 2443 1612 2496 naturalem
1643 2457 1782 2496 rosa:

212 2532 661 2586 constitutionem
683 2533 942 2602 consequi
967 2532 1253 2595 all‘trmare,
1283 2548 1347 2585 ac
1362 2532 1501 2586 inter
1521 2533 1783 2587 domesti-

213 2637 312 2676 cos
348 2622 580 2691 parietes
628 2622 902 2676 hominem
965 2623 1141 2684 nasci,
1193 2623 1496 2676 naturalem
1543 2623 1780 2679 hominis

211 2716 682 2771 constitutionem.
735 2715 797 2769 Et
842 2717 1041 2770 mirum
1092 2725 1200 2780 est,
1239 2717 1385 2787 quod
1418 2733 1540 2772 cum
1576 2717 1630 2770 in
1679 2717 1781 2771 hoc

213 2806 349 2861 ﬂore
371 2807 613 2860 omnium
650 2807 1017 2877 pulcherrimo
1063 2809 1217 2878 plura
1260 2818 1489 2878 possunt
1530 2810 1782 2864 conside-

210 2899 328 2952 rari
361 2914 481 2969 qua:
511 2899 632 2969 ejus
661 2906 908 2952 naturam
942 2901 1202 2969 consequi
1239 2917 1347 2956 non
1379 2903 1615 2956 absurde
1637 2901 1783 2956 dice-

215 3005 425 3052 remus,
457 2991 720 3061 neglectis
745 2991 874 3055 illis,
898 2991 964 3044 ad
992 2991 1202 3062 spinas,
1221 3009 1341 3062 qua;
1369 2993 1602 3062 pessima
1628 2997 1779 3059 sunt,

217 3082 458 3136 animum
496 3084 870 3138 attendamus.
901 3081 980 3137 Ex
1017 3083 1497 3152 Peripateticorum
1544 3095 1597 3138 et
1639 3085 1785 3154 inge-

215 3189 454 3228 nuorum
497 3175 946 3245 philosophorum
989 3175 1176 3230 schola
1215 3184 1403 3229 notum
1451 3177 1525 3240 id,
1559 3191 1622 3230 ac
1650 3178 1784 3232 satis

215 3277 430 3322 certum
469 3267 756 3335 habemus,
798 3269 872 3322 ita
901 3270 1122 3338 propria
1149 3284 1272 3323 esse
1311 3269 1389 3323 rei
1422 3269 1536 3333 illa,
1565 3284 1685 3339 qua:
1716 3269 1786 3324 ad

212 3361 519 3415 naturalem
546 3362 1434 3430 constitutionemconsequuntur,
1476 3370 1534 3415 ut
1563 3362 1631 3418 de
1665 3363 1786 3418 aliis

215 3453 356 3517 dici,
393 3459 448 3508 et
490 3454 608 3508 aliis
657 3454 1048 3508 communicari
1095 3454 1320 3509 minime
1379 3454 1591 3524 possint
1637 3456 1786 3509 salva

217 3555 578 3616 utrorumque
625 3556 844 3602 natura.
887 3549 958 3601 At
1003 3547 1144 3602 inter
1177 3548 1364 3618 spinas
1415 3548 1566 3602 nasci
1612 3548 1787 3603 soline

217 3635 358 3694 reste
385 3639 668 3694 convenit?
710 3639 850 3710 Ergo
883 3641 1024 3694 inter
1048 3640 1235 3710 spinas
1257 3639 1409 3694 nasci
1443 3655 1552 3694 non
1591 3655 1789 3695 conse-

218 3732 410 3800 quitur
454 3732 755 3787 naturalem
805 3732 1437 3787 rosae-constitutionem.
1469 3731 1539 3785 At
1574 3747 1682 3786 non
1713 3732 1788 3785 ita

215 3823 440 3892 propria
482 3830 541 3876 ut
570 3823 640 3878 sit
672 3823 796 3878 aliis
842 3823 1215 3892 inconjuncta,
1261 3839 1392 3894 ergo
1437 3839 1548 3878 non
1595 3831 1788 3877 natura

217 3915 370 3979 data,
395 3928 524 3982 ergo
553 3923 733 3984 potest
764 3917 1011 3984 generari
1045 3931 1192 3979 rosa,
1223 3923 1280 3970 et
1331 3917 1451 3971 sine
1492 3915 1665 3985 spinis
1693 3929 1788 3984 ge-

217 4003 424 4062 nerari.
473 4006 578 4060 Sed
621 4006 815 4060 demus
860 4008 1024 4061 etiam
1067 4023 1181 4062 rem
1230 4007 1306 4060 ita
1363 4022 1423 4062 se
1462 4007 1700 4072 habere,
1736 4014 1790 4060 et

220 4099 366 4152 inter
389 4098 572 4166 spinas
595 4099 770 4162 nasci,
799 4100 1058 4168 consequi
1084 4114 1224 4154 rosae
1255 4099 1558 4154 naturalem
1589 4100 1790 4154 consti-

217 4191 506 4244 tutionem.
555 4189 696 4254 Quid
738 4189 899 4244 inde?
941 4189 1211 4254 Culturai,
1267 4191 1402 4255 soli,
1447 4205 1622 4260 aquae,
1663 4189 1786 4244 coeli

217 4289 425 4334 tantam
450 4295 572 4335 esse
607 4281 720 4349 jam
749 4289 803 4336 et
839 4279 1149 4336 facultatem
1179 4283 1236 4336 in
1267 4282 1488 4352 plantis,
1516 4282 1561 4338 si
1609 4281 1790 4336 Theo-

216 4377 445 4444 phrasto
500 4375 732 4448 aliisque
770 4373 1082 4436 credimus,
1120 4380 1182 4426 ut
1215 4374 1385 4428 miras
1441 4373 1791 4428 alterationes

1886 515 2267 580 maturitatem,
2319 518 2522 585 palma,
2559 519 2715 588 ﬁcus,
2763 523 3068 592 amygdala,
3105 528 3295 590 malus,
3358 543 3455 597 py-

1885 623 1997 670 rus,
2029 607 2151 661 item
2177 609 2389 678 punica,
2415 627 2532 680 quae
2569 612 2730 665 etiam
2760 613 2966 668 roribus
2999 614 3198 680 nimiis,
3225 627 3274 671 et
3303 619 3453 684 prui-

1883 700 1965 753 nis
2016 700 2202 768 ﬂorem
2251 703 2464 757 amittit.
2500 703 2620 769 Qua
2653 703 2718 758 de
2762 722 2924 760 causa
2965 707 3239 775 inﬂectunt
3277 725 3453 762 ramos

1885 793 1999 862 ejus
2033 810 2095 848 ne
2124 794 2344 864 subjecti
2376 796 2646 852 humorem
2673 798 2924 867 infestum
2971 801 3258 869 excipiant,
3302 810 3454 870 atque

1885 888 2204 942 contineant.
2238 886 2411 958 Pgrus
2451 900 2499 944 et
2545 891 2850 961 amygdala,
2873 893 3034 946 etiam
3064 894 3112 946 si
3153 909 3255 947 non
3281 893 3452 961 pluat,

1885 980 1974 1033 sed
2009 981 2105 1049 ﬁat
2155 983 2452 1035 austrinum
2497 983 2704 1048 caelum,
2757 993 2848 1038 aut
2893 983 3152 1052 nubilum,
3202 987 3454 1038 amittunt

1885 1074 2091 1141 ﬂorem,
2137 1084 2184 1129 et
2217 1076 2412 1144 primos
2455 1076 2694 1145 fructus,
2732 1079 2778 1130 si
2825 1093 2942 1132 cum
2984 1077 3274 1149 deﬂoruere
3321 1079 3454 1132 tales

1884 1163 1994 1219 dies
2024 1165 2240 1234 fuerint.
2287 1167 2430 1220 Idem
2461 1167 2623 1222 refert
2658 1169 2749 1223 lib.
2787 1185 2919 1234 xvu,
2953 1185 3074 1240 cap.
3104 1170 3159 1236 2,
3201 1185 3322 1241 qua:
3349 1170 3451 1224 ha-

1885 1257 2003 1312 buit
2043 1274 2108 1312 ex
2156 1258 2552 1328 TheOplirasto,
2587 1261 2660 1315 De
2701 1262 2878 1316 causis
2905 1262 3071 1328 plant.
3104 1264 3202 1318 lib.
3239 1281 3294 1330 ιι,
3329 1280 3451 1334 cap.

1885 1348 1984 1402 il:
2019 1349 2380 1420 Ἀποϐλητικά
2419 1351 2475 1403 δὲ
2521 1350 2752 1420 μάλιστα
2781 1351 2889 1406 τῶν
2922 1352 3148 1423 καρπῶν
3191 1354 3316 1424 πρὶν
3358 1371 3455 1407 πε-

1885 1441 2049 1492 πᾶναι
2087 1439 2243 1509 συκῆ,
2289 1441 2381 1492 καὶ
2413 1439 2605 1507 φοίνιξ,
2655 1441 2747 1493 καὶ
2778 1441 3083 1512 ἀμυγδαλῆ,
3115 1443 3208 1496 καὶ
3256 1442 3450 1514 μηλέα,

1883 1532 1980 1586 καὶ
2026 1532 2200 1594 ἄπιος.
2246 1532 2448 1585 Ἱκανὸν
2497 1532 2605 1603 γὰρ
2639 1535 2731 1587 καὶ
2781 1533 2954 1588 ὁτιοῦν
3000 1535 3315 1606 διυγρᾶναι,
3362 1538 3455 1591 καὶ

1885 1623 2108 1687 ἀσθενὲς
2140 1623 2381 1693 ποιῆσαι,
2409 1624 2503 1677 καὶ
2532 1626 2646 1696 ἅμα
2679 1626 2887 1691 τούτοις
2919 1643 2981 1695 γε
3011 1629 3104 1682 καὶ
3132 1628 3455 1700 πνευμάτων

1885 1715 2178 1782 ἐπιγίνεται
2213 1715 2454 1785 μέγεθος.
2506 1716 2570 1769 Ἥ
2597 1717 2652 1769 δὲ
2693 1719 2790 1788 ῥόα
2831 1721 2944 1782 τοῖς
2979 1719 3078 1789 μὲν
3122 1719 3334 1774 ἄνθεσιν
3363 1721 3456 1773 εύοε

1887 1805 2258 1868 κατάπτωτος.
2309 1803 2561 1875 Ἀσθενὴς
2589 1805 2697 1877 γὰρ
2731 1807 2910 1859 αὐτῶν
2944 1808 2978 1877 ἡ
3009 1807 3312 1879 πρόσφυσις
3332 1825 3345 1838 ο
3381 1808 3458 1872 ὡς

1885 1897 1930 1950 δ’
1977 1897 2104 1950 ὅταν
2149 1895 2413 1966 ψεκάδια,
2466 1896 2560 1950 καὶ
2596 1898 2774 1969 δρόσοι
2820 1898 3076 1964 πέσωσιν,
3138 1899 3457 1971 εἰσδυόμενα

1888 1988 2026 2040 κατὰ
2057 1987 2118 2039 τὸ
2154 1985 2312 2049 ἄνθος
2344 1985 2653 2057 ἀνυγραίνει
2698 1989 2791 2040 καὶ
2835 1988 3105 2060 ποιεῖτὴν
3145 1988 3321 2062 βολήν.
3367 1991 3458 2044 Διὸ

1887 2081 1982 2132 κα)⁸
2011 2079 2306 2147 κατάγουσι
2336 2078 2403 2132 τὰ
2428 2079 2639 2150 δένδρα,
2672 2081 2765 2132 καὶ
2806 2081 2904 2134 οὐκ
2933 2081 3154 2150 ἀφιᾶσιν
3196 2083 3278 2145 είς
3301 2081 3454 2152 ὕψος,

1886 2173 2034 2234 ὅπως
2087 2172 2136 2224 οἱ
2188 2171 2392 2224 κύτινοι
2449 2171 2521 2242 μὴ
2572 2171 2723 2243 ὀρθοὶ
2771 2172 3052 2243 γενόμενοι
3099 2172 3358 2244 δέχωνται
3396 2174 3458 2228 τὸ

1887 2264 2069 2334 ὑγρόν.
2103 2264 2165 2316 Οἱ
2197 2263 2253 2315 δὲ
2296 2264 2389 2316 καὶ
2427 2263 2691 2318 ἀνάπαλιν
2737 2263 3013 2318 κελεύουσι
3058 2266 3307 2334 φυτεύειν
3357 2266 3457 2330 τὰς

1889 2355 2117 2426 ῥάϐδους
2155 2354 2344 2408 τούτου
2403 2357 2584 2426 χάριν,
2638 2356 2787 2421 ὅπως
2825 2358 2985 2421 εὐθὺς
3028 2356 3454 2414 κατανεύσωσιν.

1889 2448 2008 2500 Ὀτι
2037 2447 2082 2499 δ’
2111 2447 2346 2518 ὑγρότης
2373 2447 2519 2500 αἰτία
2550 2447 2647 2517 τῆς
2687 2445 2974 2516 ἀποϐολῆς,
2999 2446 3249 2500 κάκεῖθεν
3277 2445 3453 2516 δῆλον.

1886 2541 1951 2591 Al
1981 2538 2088 2610 γὰρ
2130 2540 2280 2593 ἄπιοι
2306 2539 2402 2591 κα)⁵
2434 2537 2759 2609 ἀμυγδαλαῖ,
2793 2537 2898 2591 κᾶν
2942 2538 3018 2609 μὴ
3063 2537 3251 2610 βρέχῃ,
3284 2537 3456 2600 νότιος

1885 2631 1941 2684 δὲ
2043 2633 2072 2684 ὁ
2105 2631 2211 2702 ἀὴρ
2243 2632 2337 2684 καὶ
2369 2630 2650 2700 ὲπινεφὴς,
2685 2629 3044 2684 ἀποϐάλλουσι
3087 2631 3182 2682 κα)⁵
3221 2629 3290 2682 τὰ
3321 2627 3456 2700 ἄνθη

1887 2736 1980 2776 και
2028 2724 2154 2786 τοὺς
2203 2720 2452 2793 πρώτους
2504 2721 2776 2791 καρποὺς,
2831 2720 2925 2774 ἐὰν
2972 2719 3132 2784 εὐθὺς
3177 2719 3316 2790 μετὰ
3362 2719 3459 2792 τὴν

1887 2811 2188 2882 exessum
2252 2807 2307 2885 ᾖ.
2367 2810 2739 2867 Theodoretus
2791 2810 3108 2880 in.capit.t
3157 2808 3458 2876 Hierentite,

1900 2903 2109 2968 Ἰστέον,
2141 2905 2222 2958 ὅτι
2268 2907 2296 2956 ὁ
2335 2903 2581 2975 Ἐϐραῖος
2614 2903 2735 2956 ἀντὶ
2781 2905 3045 2973 καρυΐνης
3090 2901 3460 2973 άμυγδαλίνην

1888 2995 2069 3066 φησίν.
2117 2996 2178 3048 Ἦ
2217 2995 2274 3048 δὲ
2307 2994 2646 3065 ἀμυγδαλίνη
2679 2995 2740 3047 τὸ
2780 2995 2917 3064 ταχὺ
2948 2995 3046 3064 τῆς
3083 2994 3352 3065 τιμωρίας
3380 2995 3462 3048 αἱ·

1839 3141 1852 3158 ,
1886 3086 2118 3140 νίττεται
2138 3103 2151 3117 ·
2184 3086 2289 3158 πρὸ
2318 3087 2424 3158 γὰρ
2447 3086 2555 3140 τῶν
2592 3085 2766 3141 ἄλλων
2791 3086 3022 3157 δένδρων
3051 3085 3218 3140 ἀνθεῖ.

1958 3179 2118 3242 lbid.,
2152 3179 2250 3232 lin.
2281 3180 2368 3234 30.
2408 3182 2469 3234 Ἡ
2493 3178 2561 3232 δὲ
2598 3179 2780 3247 πικρὰ
2809 3177 3146 3248 ἀμυγδαλῆ.
3201 3177 3458 3240 Basilius,

1886 3269 2097 3324 Hom.5
2129 3289 2141 3323 :
2178 3271 2310 3324 Τινὰ
2335 3270 2391 3323 δὲ
2431 3272 2526 3323 καὶ
2555 3270 2654 3340 τὴν
2683 3273 2746 3323 ὲκ
2789 3269 3001 3338 φύσεως
3033 3270 3228 3322 κακίαν
3271 3271 3464 3340 ἐπιμε-

1887 3360 2058 3423 λείαις
2101 3361 2362 3432 γεωργῶν
2410 3360 2821 3432 θεραπευόμενα
2870 3361 3144 3431 έγνωμεψ
3199 3356 3312 3415 οἷον
3363 3362 3463 3425 τὰς

1886 3452 2064 3515 ὀξείας
2109 3451 2278 3523 ῥοιὰς,
2324 3451 2416 3505 καὶ
2457 3453 2565 3505 τῶν
2613 3452 2934 3523 ἀμυγδαλῶν
2978 3452 3076 3516 τὰς
3109 3452 3458 3524 πικροτέρας,

1888 3547 2015 3598 ὅταν
2044 3543 2415 3616 διατρηθεῖσαι
2447 3546 2508 3598 τὸ
2549 3545 2685 3616 πρὸς
2717 3548 2784 3616 τῇ
2831 3544 2956 3618 ῥίζῃ
3005 3543 3254 3615 στέλεχος
3285 3544 3462 3615 σφῆνα

1890 3639 2097 3710 πεύκης
2147 3637 2377 3708 λιπαρὸν
2411 3637 2509 3708 τῆς
2553 3637 2875 3708 ὲντεριώνης
2927 3637 3099 3708 μέσης
3147 3636 3462 3693 διελαθέντα

1887 3732 2162 3798 δέξωνται,
2199 3732 2278 3794 είς
2301 3729 2628 3802 εὐχρηστίαν
2661 3728 3052 3800 μεταϐάλλουσι
3076 3729 3197 3783 τότε
3236 3728 3330 3784 τοῦ
3363 3747 3460 3800 χυ-

1893 3822 1994 3894 μοῦ
2043 3822 2144 3892 τὴν
2192 3821 2526 3891 δυσχέρειαν.
2555 3818 2982 3890 Theophrastus,
3021 3817 3227 3875 Hister.
3282 3818 3461 3889 plant.

1891 3917 1990 3970 lib.
2013 3931 2073 3976 ιι,
2118 3929 2237 3983 cap.
2269 3915 2322 3977 8,
2367 3913 2704 3985 amygdalam
2747 3928 2812 3968 ex
2854 3927 3039 3966 amara
3082 3913 3294 3969 dulcem
3317 3913 3457 3969 efﬁci

1890 4009 2026 4069 vult,
2058 4007 2104 4062 si
2150 4009 2274 4077 quis
2315 4006 2544 4061 caudice
2582 4004 2945 4060 circumfosso
2980 4005 3462 4076 praeterforatoque

1892 4117 2148 4156 mensura
2191 4097 2499 4154 dodrantali
2536 4097 2778 4167 undique
2817 4099 3110 4170 lacrymam
3157 4096 3462 4153 eﬂluentem

1893 4195 1948 4248 in
2000 4193 2142 4248 idem
2200 4193 2439 4248 defluere
2487 4191 2652 4247 sinat.
2691 4189 2827 4246 Vide
2868 4191 3142 4261 ejusdem,
3184 4189 3263 4244 De
3290 4189 3462 4245 causis

1890 4283 2058 4350 plant.
2096 4283 2189 4336 lib.
2225 4299 2262 4347 ι,
2294 4282 2458 4353 capit.
2489 4281 2581 4345 2i,
2611 4296 2720 4350 quo
2750 4281 2870 4335 loco
2911 4281 3248 4352 amygdalam
3272 4279 3464 4333 humo-

1893 4376 1972 4430 ris
2011 4375 2341 4430 abundantia
2388 4374 2629 4429 sterilem
2684 4371 2766 4427 sic
2802 4371 3055 4443 castigari
3105 4370 3273 4425 tradit
3317 4369 3459 4426 Plin.

215 4465 658 4534 mutationesque
679 4466 749 4529 ,in
789 4465 856 4519 iis
882 4465 1127 4534 quotidie
1150 4472 1462 4528 cernantur,
1494 4471 1548 4518 et
1571 4463 1784 4535 Hippon
1818 4467 1987 4538 θιὼ.
2024 4482 2156 4529 xvn,
2185 4481 2307 4537 cap.
2336 4467 2432 4521 2'7:
2456 4465 2767 4538 Amygdala:
2789 4481 2855 4520 ea:
2882 4465 3080 4518 amaris
3111 4462 3289 4517 dulces
3331 4463 3464 4532 ﬁunt

215 4566 411 4612 auctor
429 4564 535 4619 est,
558 4571 775 4610 onmem
809 4557 1071 4627 plantam,
1102 4566 1156 4612 et
1183 4557 1509 4622 silvestrem,
1537 4567 1592 4612 et
1623 4557 1787 4610 urba-

214 4665 345 4704 nam
379 4650 584 4704 cultum
618 4650 889 4718 adeptam,
920 4659 1013 4703 aut
1038 4665 1145 4703 nun
1177 4651 1427 4720 adeptam
1450 4649 1584 4704 ellici
1604 4665 1785 4720 posse,

215 4755 272 4798 et
324 4749 608 4812 peccatum
659 4742 713 4795 id
762 4757 869 4795 non
906 4740 1103 4796 faciet?
1146 4756 1305 4810 plena
1358 4741 1600 4810 peccati?
1647 4739 1790 4795 Deus

216 4836 376 4906 ipse?
433 4835 608 4900 Adde,
641 4837 829 4904 spinas
859 4841 912 4888 et
947 4834 1182 4888 tribulos
1213 4833 1536 4903 germinabit
1584 4831 1700 4887 tibi.
1732 4830 1790 4886 Si

209 4935 326 5003 jam
359 4941 514 4988 erant
544 4934 732 5004 Spinte,
769 4933 812 4988 si
853 4932 964 5001 jam
998 4929 1207 4995 tribuli,
1242 4931 1423 4985 inania
1454 4929 1632 4984 divina
1667 4945 1790 4985 ver-

213 5025 307 5087 ba,
333 5024 515 5078 inanis
537 5039 694 5093 ptena
719 5031 772 5078 ct
797 5021 1128 5085 maledictio,
1145 5020 1570 5090 quamvisdicas
1599 5019 1788 5084 fuisse,

212 5116 312 5173 sed
359 5132 467 5170 non
516 5117 571 5169 in
605 5129 848 5185 poenam.
883 5113 1009 5168 Haec
1047 5121 1195 5174 sunt,
1240 5111 1443 5174 Pereri,
1475 5127 1616 5181 quae,
1650 5119 1706 5165 et
1743 5112 1791 5166 si

212 5222 325 5260 non
350 5212 498 5260 esset
528 5203 825 5263 Eustathii.
862 5204 1070 5266 Basilii,
1102 5201 1414 5271 Augustini,
1440 5217 1670 5270 quorum
1697 5216 1791 5270 pa-

214 5300 404 5352 trum!
437 5299 758 5362 auctoritas,
810 5297 1075 5351 inducunt
1110 5306 1169 5350 ut
1197 5296 1415 5350 credam
1460 5309 1638 5349 rosam
1667 5301 1793 5348 ante

211 5401 501 5462 peccatum
530 5389 726 5444 factam
759 5405 882 5444 esse
913 5389 1119 5458 absque
1150 5389 1344 5458 spinis.

285 5483 406 5538 Col.
437 5483 560 5538 716.
582 5483 676 5537 lin.
699 5483 789 5536 28.
823 5483 882 5536 Ἡ
921 5481 989 5534 δὲ
1010 5481 1324 5550 ἀμυγδαλῆ
1350 5480 1564 5549 πρώτη.
1582 5479 1791 5536 Plinius

210 5577 342 5632 libr.
379 5591 494 5638 xvr,
532 5572 733 5628 Natur.
772 5572 941 5636 Hist.,
974 5589 1094 5642 cap.
1123 5573 1216 5636 25,
1249 5571 1333 5625 Ea:
1377 5571 1600 5643 him-ua:
1627 5573 1794 5628 hieme

213 5668 400 5737 aquila
431 5669 718 5729 exoriente,
739 5676 794 5719 ut
824 5665 1079 5732 diximus,
1104 5666 1422 5734 concipiunt,
1447 5666 1597 5734 ﬂoret
1619 5668 1792 5734 prima

213 5763 453 5818 ornnium
486 5747 772 5830 amygdala
814 5776 987 5815 mense
1011 5757 1298 5824 Januario,
1336 5757 1534 5814 Martio
1562 5775 1679 5812 tero
1700 5776 1793 5827 po-

1890 4560 1938 4613 si
1966 4559 2314 4628 eircumfosso
2360 4560 2555 4626 stipite,
2585 4567 2633 4613 et
2661 4557 2726 4612 ab
2766 4559 2876 4611 ima
2911 4567 3060 4625 parte
3087 4555 3464 4623 circumforato

1889 4651 2122 4720 deﬂuens
2150 4652 2342 4721 pituita
2389 4651 2741 4720 abstergatur.
2786 4649 3078 4704 Africanus
3114 4647 3256 4718 apud
3295 4647 3464 4702 Geor-

1889 4745 2122 4813 gicorum
2159 4745 2502 4800 collectorem
2534 4743 2625 4796 lib.
2672 4759 2728 4802 ι,
2771 4741 3053 4796 medicinae
3081 4739 3246 4810 hujus
3274 4739 3466 4795 memi-

1891 4835 1972 4888 nit
2003 4843 2058 4889 et
2085 4835 2221 4889 alias
2258 4834 2442 4888 subdit
2472 4833 2765 4887 εΓλυκεῖαν
2794 4833 2852 4886 δὲ
2887 4833 2950 4885 ὲκ
2983 4833 3185 4904 πικρᾶς
3220 4832 3468 4902 ποιήσεις

1890 4931 1959 4994 εί,
2000 4931 2348 5001 ὲκτρυπήσας
2373 4930 2434 4982 τὸ
2464 4930 2703 5002 πρέμνον
2731 4929 2821 4981 ἐπὶ
2845 4927 3150 4999 παλαιστὴν
3175 4929 3232 4980 ὲν
3263 4942 3462 4997 τετρα-

1891 5023 2070 5095 γώνῳ,
2114 5023 2176 5076 τὸ
2214 5023 2446 5091 δάκρυον
2480 5023 2670 5095 ἐκδέξῃ
2715 5023 2774 5075 τὸ
2808 5023 2928 5075 κατ’
2970 5019 3234 5084 ὲνιαυτδν,
3264 5020 3368 5083 ἕως
3399 5019 3490 5074 ἃν-

1890 5116 2186 5186 γλυκανθῇ.
2215 5115 2444 5170 Κάλλιον
2475 5115 2531 5168 δέ
2559 5132 2700 5177 τινες
2724 5113 3001 5176 ποιοῦντες
3029 5110 3462 5184 περιορύττουσι,
3494 5166 3500 5174 ,

1893 5208 1986 5260 καὶ
2029 5207 2410 5277 περιϐάλλουσι
2440 5207 2640 5277 κόπρον
2681 5207 2832 5259 ὑείαν
2881 5205 3200 5276 ὲπιχέαντες
3249 5202 3343 5256 καὶ
3378 5197 3468 5255 οὖ-

1894 5317 2006 5370 ρον,
2055 5293 2175 5352 εἶτα
2230 5300 2645 5372 προσχώσαντες
2698 5297 2981 5371 ἀρδεύουσι
3038 5298 3159 5350 κατ’
3198 5294 3462 5358 ἐνιαυτὸν,

1892 5392 1996 5455 ἕως
2019 5385 2079 5445 οὗ
2118 5371 2483 5460 γλυκανθῶσι.
2518 5392 2633 5444 Πᾶν
2661 5389 2717 5443 δὲ
2757 5390 3007 5458 στέλεχος
3034 5385 3348 5457 άμυγδαλῆς
3376 5387 3466 5439 ἐκ·
3531 5371 3547 5385 ’

1893 5485 2058 5538 κοπὲν
2097 5484 2388 5539 ἀποϐάλλει
2425 5484 2514 5536 τὸν
2557 5482 2787 5551 καρπόν.
2833 5482 3066 5552 Ἀπαλὴν
3111 5480 3177 5532 δὲ·
3212 5480 3304 5532 καὶ
3331 5477 3465 5546 γλυ-

1893 5580 2044 5630 κεῖαν
2087 5579 2151 5630 ὲκ
2182 5576 2422 5646 σκληρᾶς
2463 5576 2556 5628 καὶ
2605 5574 2806 5646 πικρᾶς
2837 5575 3100 5644 ποιήσεις,
3143 5573 3192 5624 εί
3223 5570 3293 5624 τὰ
3337 5587 3389 5622 πε
3412 5568 3466 5641 pi.

1891 5669 1952 5720 τὸ
1986 5668 2234 5739 στέλεχος
2265 5669 2369 5732 ἕως
2399 5667 2506 5721 τῶν
2543 5668 2634 5720 ἐπὶ
2666 5666 2863 5736 πολλῆς
2895 5664 3056 5737 ῥιζῶν
3095 5661 3464 5734 γυμνὼοιιαςν

1894 5761 1987 5813 καὶ
2035 5759 2353 5832 ἀρδεύσειας
2402 5759 2640 5830 συνεχῶς
2691 5758 2843 5814 ὕδατι
2874 5757 3060 5830 θερμῷ
3093 5756 3217 5826 πρὸ·
3245 5753 3343 5823 τῆς
3375 5752 3490 5806 ἀν-Δ
