3840 6164
420 296 518 351 851

1748 286 1997 345 ιΕυΝιε
2037 283 2307 341 ALLA'l'll

3554 275 3660 330 852

419 409 774 481 θοσολήσεως.
816 410 873 466 In
912 412 1113 482 quibus
1163 411 1371 466 ultimis
1417 409 1597 465 verbis
1637 424 1701 463 ea
1755 409 1835 463 sic
1859 422 1981 461 cor-
2008 410 2053 467 Α
2082 403 2201 459 visu
2221 403 2338 472 ipso
2368 399 2622 462 recreari,
2645 411 2980 468 corporeque
3002 395 3315 455 excitari,et
3331 392 3486 465 quasi
3503 407 3659 447 com-

421 505 558 575 riga,
584 504 687 567 ἓως
710 504 819 557 τῶν
850 504 1114 573 ἐπιπολῆς
1148 503 1331 574 ῥιζῶν.

488 596 607 649 Col.
639 593 761 658 716,
794 595 889 647 lin.
925 594 1012 647 54.
1043 592 1160 659 Τὴν
1187 589 1462 658 αὐτὴνδὲ
1479 590 1814 658 θεραπείαν.
1835 588 1988 642 Aris-

421 686 616 741 toteles
633 685 727 740 lib.
752 701 790 747 ι,
812 686 885 740 De
908 686 1126 754 plantis,
1154 699 1273 754 cap.
1298 685 1352 745 3,
1376 680 1672 752 Amygdala
1697 696 1917 750 quoque,
1938 687 1987 731 et

421 780 564 833 mala
593 790 820 849 grauata
839 797 991 834 suam
1016 780 1279 832 malitiam
1298 793 1388 846 per
1421 777 1686 830 culturam
1717 775 1986 835 amittunt,

420 881 471 924 et
501 872 643 926 mala
667 881 894 942 granata
916 880 1142 926 stercore
1163 870 1380 939 porcina
1403 867 1670 922 radicibus
1698 866 1907 936 injecto,
1940 873 1989 916 et

423 979 562 1031 aqua
605 963 753 1017 dulci
795 963 994 1033 frigida
1039 963 1216 1032 rigata
1264 961 1485 1015 meliora
1534 957 1846 1012 redduntur.
1887 953 1990 1009 Sed

423 1055 692 1126 amygdali
716 1055 877 1109 clavis
908 1055 1151 1123 conﬁxa,
1188 1053 1386 1124 gummi
1421 1067 1512 1121 per
1542 1050 1765 1105 multum
1794 1058 1991 1114 tempus

422 1149 687 1202 stillantes
734 1148 972 1202 meliores
1031 1145 1343 1208 redduntur,
1400 1144 1682 1213 multwque
1734 1141 1991 1195 silvestres

421 1242 621 1305 planta:
646 1256 739 1310 per
764 1239 860 1293 Itoc
893 1239 1181 1306 arti/icium
1211 1239 1480 1291 hortenses
1517 1235 1691 1305 fiunt;
1726 1240 1780 1288 et
1813 1232 1989 1287 Paxa—

423 1349 546 1388 mus
578 1332 721 1402 apud
764 1332 1109 1387 collectorem
1160 1327 1532 1398 Georgicorum
1574 1326 1664 1380 lib.
1696 1342 1752 1389 ι,
1802 1326 1994 1395 Περιο-

424 1424 590 1496 ρύξας
618 1423 712 1477 τοῦ
746 1423 962 1495 δένδρου
996 1422 1093 1486 τὰς
1120 1422 1271 1493 ῥίζας
1296 1424 1496 1492 κόπρον
1520 1420 1670 1473 ὑείαν
1691 1419 1990 1488 ὲπίχρισον,

425 1519 517 1570 καὶ
550 1517 732 1588 χώσας
762 1518 921 1588 ῥᾶνον
945 1515 1090 1588 οὔρῳ
1122 1513 1463 1584 ἀνθρωπείῳ.
1516 1510 1598 1564 Τὰ
1632 1511 1690 1562 δὲ
1720 1511 1848 1581 περὶ
1873 1508 1994 1562 τού-

424 1626 516 1662 του
544 1611 602 1661 ὲν
630 1608 708 1678 τῷ
735 1608 877 1678 ἄλλῳ
908 1625 1007 1677 μου
1053 1605 1340 1676 γεωργικῷ
1372 1604 1558 1675 βιὸλίῳ
1597 1602 1765 1674 τρίτῳ
1814 1604 1872 1655 ὲν
1914 1599 1992 1671 τῷ

425 1719 547 1769 κεερ.
592 1700 704 1766 ζκε⁹
735 1700 1059 1772 τελεώτερον
1086 1700 1355 1770 εὑρήσεις.

495 1760 658 1855 ιδιά..
693 1793 790 1845 lin.
836 1792 925 1847 53.
967 1760 1047 1847 ’Ἡ
1088 1760 1164 1844 δέ(
1195 1760 1406 1857 enim
1452 1786 1676 1857 φοίνιξ.
1734 1784 1989 1848 Basilius,
2021 1760 2064 1814 Β

423 1887 575 1941 hom.
608 1885 679 1940 ὅτ
714 1885 824 1938 Καὶ
854 1884 983 1947 ἴδοις
1014 1883 1079 1938 ἄν
1117 1900 1249 1937 ποτε
1292 1883 1390 1954 τὴν
1427 1883 1557 1952 παρ’
1590 1880 1767 1934 αὐτῶν
1801 1879 1997 1948 ὀνομα-

428 1979 658 2049 ζομένην
702 1976 924 2049 θήλειαν
966 1976 1222 2031 καθεῖσαν
1262 1977 1388 2039 τοὺς
1417 1974 1640 2036 κλάδους
1671 1967 1789 2025 οἷονι
1820 1969 1995 2042 ὀργῶ-

428 2086 557 2134 σαν,
609 2069 701 2123 καὶ
747 2069 845 2140 τῆς
892 2067 1209 2138 συμπλοκῆς
1248 2066 1539 2137 ἐφιεμένην
1587 2064 1680 2118 τοῦ
1734 2063 1991 2135 ἄρρενος·

431 2158 549 2221 τοὺς
591 2156 649 2209 δὲ
693 2155 1032 2228 θεραπευτὰς
1078 2156 1186 2210 τῶν
1233 2156 1414 2226 φυτῶν
1469 2154 1840 2226 ἐμϐάλλοντας
1884 2154 1998 2216 τοῖς

427 2246 640 2310 κλάδοις
668 2241 778 2299 οἶόν
817 2263 937 2299 τινα
985 2246 1272 2317 σπέρματα
1302 2246 1409 2299 τῶν
1438 2244 1703 2317 ἀρρένων,
1746 2245 1871 2308 τοὺς
1907 2242 1997 2295 λε-

434 2338 690 2408 γομένους
713 2338 908 2409 ψῆνας.
940 2340 1033 2393 καὶ
1051 2338 1222 2402 οὕτως
1249 2333 1359 2391 οἷον
1385 2339 1443 2390 ἐν
1474 2335 1721 2408 αἰσθήσει
1746 2336 1844 2407 τῆς
1865 2335 1999 2388 ἁπο-

429 2430 671 2494 Ααύσεως
711 2430 951 2499 γίνεσθαι
992 2430 1083 2484 καὶ
1122 2428 1474 2501 ἀνορθοῦσθαι
1519 2426 1677 2482 πάλιν
1714 2429 1839 2489 τοὺς
1869 2425 1999 2479 κλά-

427 2523 567 2587 δους,
614 2525 706 2577 καὶ
744 2524 879 2595 πρὸς
913 2524 975 2577 τὸ
1004 2526 1201 2576 οἰκεῖον
1231 2524 1413 2593 σχῆμα
1443 2521 1537 2575 τοῦ
1571 2520 1738 2591 φυτοῦ
1762 2521 1864 2591 τὴν
1902 2520 1996 2572 κό-

430 2632 535 2685 μην
550 2615 1033 2669 ἀποκαθίστασθαι.
1058 2614 1197 2670 Plin.
1218 2615 1312 2672 lib.
1333 2630 1454 2679 χιιι,
1469 2630 1587 2683 cap.
1606 2613 1638 2667 4
1658 2632 1670 2667 :
1687 2612 1997 2676 Arboribus,

429 2710 532 2762 imo
545 2710 717 2778 potius
740 2709 979 2764 omnibus
1009 2725 1124 2779 quae
1154 2718 1293 2764 terra
1313 2708 1514 2777 gignat,
1543 2706 1815 2776 herbisque
1839 2707 1998 2759 etiam

429 2811 704 2871 utrumque
735 2817 919 2856 sexum
943 2818 1055 2855 esse
1088 2801 1478 2871 diligentissimi
1514 2810 1725 2853 naturis
1754 2797 1998 2853 tradunt.

430 2891 586 2958 Quod
615 2893 670 2944 in
710 2892 920 2960 plenum
948 2894 1078 2946 satis
1102 2893 1169 2947 sit
1199 2892 1401 2946 dixisse
1444 2892 1537 2945 hoc
1569 2893 1622 2945 in
1651 2891 1764 2945 loco
1790 2907 1804 2957 ;
1838 2890 1998 2944 nullis

431 2992 610 3035 tamen
638 2981 915 3036 arboribus
944 2983 1295 3051 manifestius,
1326 2999 1439 3037 mas
1470 2983 1525 3036 in
1562 2981 1778 3051 palmite
1823 2982 1996 3050 ﬂoret,

431 3072 626 3141 femina
673 3073 808 3126 citra
854 3075 1036 3141 ﬂorem
1081 3074 1335 3143 germinat
1378 3081 1582 3129 tantum
1618 3073 1782 3140 spinte
1813 3072 1999 3135 modo;
2027 3092 2074 3155 ς

428 3173 483 3217 et
515 3164 760 3226 inferius,
783 3164 986 3220 Caetera
1014 3182 1119 3219 non
1145 3166 1257 3219 sine
1286 3164 1520 3219 maribus
1543 3166 1752 3235 gignere
1773 3164 1995 3234 feminas

428 3269 613 3323 sponte
656 3256 793 3309 edito
828 3273 1035 3312 nemore
1082 3257 1396 3326 conﬁrmant
1427 3270 1446 3307 :
1475 3256 1717 3326 circaque
1763 3254 1996 3325 singulos

428 3345 605 3414 plures
635 3357 822 3401 nutare
859 3348 912 3400 in
941 3363 1058 3400 eum
1091 3362 1285 3416 pronas
1321 3343 1682 3398 blandioribus
1713 3345 1897 3404 comis,
1931 3344 1999 3396 il-

434 3439 544 3491 lum
568 3440 753 3494 erectis
782 3439 1046 3509 hispidum
1074 3440 1275 3511 afﬂatu,
1308 3438 1520 3507 visuque
1547 3437 1679 3505 ipso,
1712 3446 1761 3491 et
1791 3435 1999 3507 pulvere

429 3531 590 3584 etiam
621 3532 848 3601 reliquas
875 3533 1142 3586 maritare.
1188 3532 1363 3600 Hujus
1390 3532 1577 3586 arbore
1616 3532 1795 3586 excisa
1816 3530 1999 3585 viduas

431 3632 559 3691 post
577 3624 895 3689 sterilescere
954 3624 1200 3693 feminas.
1244 3623 1486 3693 Adeoque
1514 3633 1589 3677 est
1613 3624 1809 3677 veneris
1843 3622 1998 3676 intel-

434 3722 620 3783 lectus,
652 3728 708 3771 ut
739 3720 904 3772 coitus
933 3720 1092 3772 etiam
1124 3719 1450 3788 excogitatas
1483 3718 1551 3771 sit
1582 3716 1648 3770 ab
1684 3717 1890 3770 homine
1936 3731 2001 3769 ea:

433 3812 671 3866 maribus
702 3811 853 3880 ﬂore,
885 3826 946 3863 ac
968 3810 1232 3880 lanugine,
1263 3809 1472 3862 interim
1504 3825 1622 3862 vero
1650 3810 1853 3861 tantum
1881 3808 2001 3875 pul—

434 3921 549 3959 rere
593 3905 824 3971 inspersa
874 3904 1105 3971 feminis.
1157 3902 1541 3957 Guillandinus
1584 3903 1637 3955 in
1685 3899 1919 3972 Egypto
1949 3908 2002 3954 et

433 3994 656 4050 Oriente
684 3995 995 4048 observavit
1025 4008 1092 4047 ne
1118 3992 1331 4048 femina;
1363 3992 1577 4048 steriles
1613 3992 1743 4055 sint,
1779 4000 1872 4044 aut
1901 3991 1997 4043 im-

434 4096 713 4142 maturum
741 4086 975 4141 fructum
1004 4087 1250 4157 perdant,
1283 4101 1462 4141 mares
1487 4101 1563 4140 eo
1584 4085 1869 4139 intervallo
1894 4083 2002 4138 seri

436 4190 498 4236 ut
537 4181 606 4236 ab
628 4181 696 4235 iis
733 4181 1007 4251 pulverem
1026 4187 1218 4233 ventus
1246 4179 1303 4231 in
1330 4177 1450 4231 illas
1476 4176 1730 4246 perferat.
1757 4174 1913 4241 Quod
1956 4173 2004 4228 si

412 4276 654 4346 .longius
692 4273 920 4335 distent,
967 4288 1127 4343 quam
1164 4280 1225 4326 ut
1268 4271 1445 4342 pulvis
1480 4271 1680 4324 odorve
1720 4266 2005 4337 pervenire

436 4366 634 4435 possit,
670 4377 784 4420 tum
826 4380 857 4418 a
907 4379 1054 4419 mare
1084 4362 1264 4417 funem
1296 4363 1583 4432 religatum
1630 4359 1698 4413 ad
1747 4358 2003 4411 fetninam

2089 496 2248 567 plesu
2296 494 2531 564 quodam
2589 491 2930 547 reviviscere.
2985 487 3247 558 Agricolae
3281 484 3660 550 subscribunt,

2091 594 2363 640 testantur
2408 582 2740 655 philosophi,
2771 579 3104 650 experientia
3150 579 3266 649 ipsa
3315 593 3500 632 rerum
3543 592 3665 632 ma-

2088 680 2258 747 gistra
2281 678 2532 732 ducimur
2562 675 2630 729 ad
2661 672 3128 729 consentiendum.
3157 670 3269 725 Hoc
3290 684 3446 740 aequo
3476 670 3666 722 animo

2090 767 2238 821 ferre
2261 781 2565 835 possemus,
2600 776 2653 818 at
2680 764 2825 836 quod
2855 764 3019 819 refert
3044 762 3389 817 Florentinus
3416 762 3472 814 in
3497 757 3668 813 Geor-

2091 860 2242 930 gicis,
2272 860 2505 926 palmam
2537 856 2799 911 feminam
2826 871 2936 909 non
2967 855 3134 909 maris
3162 854 3543 923 cujuscunque
3571 850 3668 905 de-

2093 949 2297 1005 siderio
2316 948 2506 1011 teneri,
2524 947 2619 1002 sed
2644 947 2806 1001 unius
2822 952 3031 999 tantum
3051 944 3117 997 ad
3138 957 3296 1013 quem
3315 941 3571 1005 inclinat,
3593 940 3666 992 ita

2090 1057 2161 1096 ne
2179 1048 2233 1096 et
2262 1040 2595 1110 apprehensa
2623 1038 2965 1109 pulchritudo
2987 1035 3200 1090 arboris
3228 1032 3506 1103 ingenium
3529 1031 3671 1086 alte-

2092 1141 2199 1197 rat,
2217 1139 2271 1188 et
2298 1132 2457 1201 cujus
2475 1130 2655 1187 solius
2673 1130 2978 1200 amplexum
2999 1127 3275 1197 exposcit;
3294 1141 3455 1195 quem
3474 1132 3669 1194 postea

2093 1226 2347 1296 agricolae
2388 1231 2505 1280 arte
2539 1222 2771 1293 quadam
2802 1220 3230 1290 deprehendunt,
3264 1217 3453 1271 multis
3498 1215 3671 1270 simul

2092 1320 2261 1374 ramis
2291 1333 2356 1373 ex
2394 1316 2627 1372 diversis
2656 1314 2895 1369 maribus
2924 1312 3190 1375 collectis,
3223 1318 3277 1365 et
3303 1310 3371 1364 ad
3401 1308 3669 1364 feminam

2092 1424 2293 1480 aegram
2341 1415 2506 1478 atque
2553 1421 2738 1460 amore
2780 1403 3058 1475 fatigatam
3104 1400 3434 1473 propositis;
3476 1401 3669 1456 statim

2092 1502 2234 1557 enim
2252 1499 2908 1570 ipsa,.neglectisca2teris,
2930 1495 2997 1550 ad
3018 1495 3264 1550 arborem
3285 1494 3389 1549 sibi
3407 1493 3671 1547 dilectam

2093 1593 2337 1657 inclinat,
2352 1602 2409 1648 et
2430 1593 2611 1647 laetitia
2636 1589 2869 1661 quadam
2886 1588 3105 1644 subsilit
3127 1587 3233 1640 voti
3251 1600 3512 1655 compos;
3543 1586 3666 1648 hoc,

2094 1686 2338 1755 inquam,
2355 1683 2480 1753 quis
2497 1681 2774 1737 crederet?
2789 1680 3063 1744 affectum,
3080 1694 3338 1743 amorem,
3353 1676 3671 1731 inclinatio-

2098 1791 2330 1846 nemque
2364 1775 2431 1830 ad
2464 1775 2672 1830 similes
2719 1776 2946 1830 arbores
2994 1773 3185 1843 palma:
3210 1786 3319 1825 non
3359 1770 3671 1838 denegave-

2098 1870 2235 1933 rim;
2265 1866 2631 1935 cognitionem
2656 1863 2931 1935 quomodo
2964 1859 3263 1916 concedere
3298 1856 3530 1911 debeam
3572 1855 3670 1909 ad-

2098 1959 2206 2013 huc
2258 1959 2458 2012 haereo.
2514 1956 2777 2012 Surculos
2832 1955 2900 2009 ab
2950 1954 3141 2007 arbore
3161 1951 3395 2013 decisos,
3434 1950 3670 2018 ideoque

2098 2048 2209 2103 vita
2250 2049 2517 2118 privatos,
2552 2048 2755 2118 optime
2782 2043 3189 2115 distinguendo,
3227 2056 3291 2095 ac
3322 2054 3668 2110 cognoscen-

2103 2139 2195 2202 do,
2229 2140 2383 2209 signa
2416 2140 2470 2193 in
2503 2137 2725 2193 surculo
2750 2134 2963 2190 arboris
3009 2140 3201 2187 amata:
3228 2128 3433 2199 optime
3464 2126 3671 2193 dijudi-

2097 2238 2218 2296 eat;
2267 2230 2363 2285 scd
2389 2230 2674 2284 audiamus
2704 2227 2867 2283 verba
2917 2223 3217 2279 Florentini
3253 2240 3267 2275 :
3309 2223 3369 2272 '0
3396 2219 3458 2274 δὲ
3492 2215 3671 2287 φοίνιξ

2100 2324 2203 2395 ἐρᾷ
2237 2322 2333 2376 καὶ
2378 2319 2615 2392 δριμέως
2654 2318 2840 2388 ἐτέρου
2879 2315 3138 2385 φοίνικος,
3174 2311 3279 2366 καὶ.
3308 2311 3371 2363 οὐ
3404 2309 3669 2380 πρότερον

2100 2430 2331 2468 παυεται
2359 2411 2453 2465 τοῦ
2477 2409 2663 2473 πόθου,
2684 2408 2787 2471 ἕως
2809 2407 2875 2461 ἂν
2899 2405 3067 2477 αὐτὴν
3107 2406 3135 2456 ὁ
3175 2401 3453 2475 ἐρώμενος
3491 2416 3669 2470 παρα⁹

2103 2506 2423 2578 μυθήσεται.
2459 2504 2615 2556 Ἐστι
2647 2501 2756 2573 γὰρ
2788 2500 2915 2553 ίδείν
2951 2498 3011 2552 τὸ
3041 2495 3250 2567 δένδρον
3283 2490 3670 2561 ἐπικεκαμμέ-

2099 2617 2211 2667 νον,
2245 2598 2338 2651 καὶ
2386 2596 2459 2668 μὴ
2494 2596 2658 2666 φέρον
2690 2593 2788 2664 τὴν
2826 2592 2963 2645 ἰδίαν
3002 2589 3177 2659 βάσιν,
3220 2587 3357 2658 μηδὲ
3384 2600 3669 2656 καρποφο-

2102 2686 2247 2760 ροῦν.
2281 2686 2449 2739 Τοῦτο
2475 2685 2535 2738 οὐ
2566 2682 2810 2736 λανθάνει
2829 2680 2917 2733 τὸν
2941 2675 3424 2748 γεωργὸν,ηάλλ’ὂτι
3454 2675 3553 2745 μὲν
3574 2674 3671 2745 ὲρᾷ

2101 2779 2196 2831 καὶ
2223 2777 2412 2847 ἐρᾶται
2439 2773 2815 2846 τεκμαίρεται,
2847 2772 3028 2840 ἀγνοεί
3048 2768 3104 2821 δὲ
3142 2770 3294 2820 ποίου
3331 2783 3346 2796 ·
3384 2765 3469 2818 διὸ
3498 2780 3670 2834 παρα-

2102 2870 2369 2940 πτόμενος
2401 2866 2656 2936 φοινίκων
2690 2864 2919 2930 πολλῶν,
2949 2864 3043 2917 καὶ
3083 2860 3243 2914 πάλιν
3271 2859 3364 2911 ἐπὶ
3386 2858 3491 2928 τὴν
3537 2856 3669 2926 ἐρῶ-

2104 2980 2202 3017 σαν
2228 2960 2483 3026 ἐπανιὼν,
2505 2962 2600 3014 καὶ
2612 2957 2983 3029 ἐφαπτόμενος
3003 2958 3067 3026 τῇ
3086 2953 3248 3024 χειρὶ,
3263 2951 3413 3022 δοκεῖ
3433 2949 3669 3019 φιλήμα-

2102 3054 2353 3125 τιῶσπερ
2372 3051 2822 3106 διακονεῖνΠοίου
2835 3049 2889 3102 δὲ
2906 3047 3140 3117 φοίνικος
3158 3046 3304 3098 ἐστιν
3326 3043 3469 3112 αὐτῇ
3488 3040 3666 3103 πόθος,

2106 3147 2356 3218 σημαίνει
2371 3145 2571 3215 τρόπον
2591 3142 2713 3196 τινὰ
2723 3144 2787 3212 τῇ
2802 3140 2907 3195 τῶν
2926 3137 3112 3193 παθῶν
3139 3138 3307 3207 καὶτῇ
3326 3134 3436 3188 τῶν
3454 3131 3667 3204 χειρῶν,

2103 3240 2177 3303 ὡς
2200 3240 2264 3294 ἄν
2279 3254 2362 3300 τις
2375 3238 2500 3307 εἴπῃ
2517 3235 2715 3289 νεύσει.
2735 3232 2877 3304 Πρὸς
2891 3233 3093 3285 ἐκεῖνον
3112 3229 3220 3299 γὰρ
3244 3225 3566 3285 ἀποϐλέπει,
3583 3222 3671 3276 καὶ

2104 3329 2197 3383 ἐπὶ
2216 3329 2419 3381 ἐκεῖνον
2453 3323 2745 3397 πρόρριζος
2775 3323 2962 3392 ὥσπερ
2989 3318 3289 3373 σπεύδουσα
3307 3313 3674 3385 ἑαυτὴνιὲπιῤ-

2107 3422 2306 3494 ῥίπτει.
2339 3421 2505 3482 "Atto;
2536 3413 2629 3471 οὖν
2655 3417 2863 3485 γίνεται
2890 3415 2955 3483 τῇ
2985 3409 3166 3483 ὲρώσῃ
3200 3408 3260 3461 τὸ
3299 3405 3392 3460 τοῦ
3421 3402 3670 3475 γεωργοῦ

2108 3493 2346 3584 συνεχῶς
2395 3510 2702 3582 ἁπτομένου
2749 3506 2843 3560 τοῦ
2893 3505 3118 3577 ἄρρενος
3146 3501 3242 3565 τὰς
3267 3502 3458 3572 χεῖρας
3508 3493 3671 3550 αὐτοῦ

2108 3605 2505 3677 προσπελάζειν
2531 3605 2597 3674 τῇ
2642 3600 2890 3673 ἐρωμένῃ
2954 3596 3184 3668 μάλιστα
3213 3594 3269 3646 δὲ
3316 3593 3555 3664 πραΰνει
3584 3589 3670 3642 τὸν

2109 3700 2308 3773 ἔρωτα,
2344 3700 2393 3751 εί
2423 3696 2565 3751 κατὰ
2601 3694 2700 3766 τὴν
2744 3692 2909 3760 ἄνθην
2948 3687 3143 3756 ἐξελὼν
3181 3687 3289 3740 ἀπο
3316 3685 3416 3754 τῆς
3463 3681 3673 3773 παρῆς

2106 3772 2203 3845 τοῦ
2236 3791 2464 3863 ἄρρενος
2487 3786 2699 3858 ὲνθήσει
2731 3787 2797 3857 τῇ
2827 3783 3034 3852 κεφαλῇ
3075 3780 3171 3849 τῆς
3189 3776 3419 3848 ἐρώσης,
3450 3773 3548 3828 καὶ
3572 3772 3676 3824 λοι-

2110 3884 2210 3938 πὸν
2239 3886 2272 3954 ἡ
2301 3882 2484 3951 φοίνιξ,
2520 3876 2887 3949 ἀγλαῖζομένη
2931 3874 3210 3928 κάλλιστον
3257 3866 3468 3939 καρπὸν
3523 3865 3675 3918 οἴσει.

2112 3978 2169 4033 In
2214 3976 2413 4047 quibus
2446 3971 2756 4028 necessario
2784 3965 3150 4037 ‘corrigendus
3181 3970 3265 4018 est
3295 3962 3473 4024 locus,
3515 3965 3574 4012 et
3606 3956 3675 4008 ita

2111 4067 2502 4131 restituendus,
2553 4065 2603 4117 εἰ
2657 4060 2799 4115 κατὰ
2851 4059 2949 4130 τὴν
2998 4055 3164 4125 ἄνθην
3201 4049 3399 4119 ἐξελὼν
3450 4050 3559 4102 ἀπὸ
3583 4050 3676 4117 τῆς

2114 4160 2327 4231 σπάθης
2348 4156 2444 4211 τοῦ
2477 4155 2740 4228 ἄρρενος
2783 4152 2856 4205 ita
2899 4148 3044 4202 enim
3090 4161 3154 4200 ea
3185 4142 3400 4197 arboris
3442 4155 3572 4210 pars
3614 4152 3678 4193 ex

2111 4270 2219 4323 qua
2272 4252 2481 4305 fructus
2513 4247 2749 4320 pendent
2798 4248 3044 4298 vocatur.
3072 4237 3251 4292 Julius
3280 4233 3499 4298 Pollux,
3534 4230 3677 4288 0no~

2114 4354 2273 4401 mast.
2307 4344 2401 4398 lib.
2428 4358 2466 4405 ι,
2509 4355 2631 4410 cap.
2674 4337 2761 4401 12,
2806 4336 2864 4387 '0
2892 4333 2951 4386 δὲ
2972 4330 3182 4403 καρπὸς
3208 4331 3237 4383 ὁ
3266 4327 3367 4398 μὲν.
3391 4325 3486 4380 τοῦ
3520 4325 3679 4398 ἀί)ρε-

438 4413 634 4435 ,---.-,
672 4413 784 4420 -_---
827 4413 857 4418 _
907 4413 1052 4419 ---τη

438 4457 684 4527 perduci,
718 4465 779 4511 ut
809 4456 978 4512 maris
1010 4455 1240 4510 fecunda
1277 4454 1359 4509 vis
1392 4467 1487 4524 per
1513 4466 1634 4507 eam
1662 4450 1913 4520 copulam
1943 4463 2001 4503 ac

2112 4456 2201 4502 νος
2220 4437 2327 4508 ψὴν
2351 4475 2367 4494 .
2401 4436 2429 4487 ὁ
2452 4433 2509 4486 δὲ
2526 4432 2627 4502 τῆς
2647 4428 2865 4499 θηλείας
2896 4426 3143 4497 βάλανος,
3175 4413 3319 4487 ἐξοῦ
3344 4419 3401 4473 δὲ
3440 4419 3680 4489 κρέμαν-

435 4546 716 4602 vinculum
747 4546 971 4616 irrepat.
1021 4543 1209 4600 Refert
1252 4542 1515 4599 Jovianus
1561 4541 1840 4594 Pontanus
1882 4536 2007 4591 Eri-

439 4637 579 4692 dani
598 4639 637 4692 l.
669 4653 708 4702 ι,
736 4638 945 4707 palmas
970 4637 1127 4702 duas,
1151 4651 1353 4691 marem
1378 4632 1673 4688 Brundusii
1698 4639 1900 4694 satum,
1934 4629 2014 4685 fe-

438 4731 644 4785 minam
703 4729 971 4801 Hydrunti
1042 4730 1273 4785 steriles.
1314 4726 1501 4781 tandiu
1577 4724 1795 4788 fuisse,
1832 4721 2013 4793 quoad

441 4820 805 4878 adultte‘fusis
830 4822 999 4876 ramis
1032 4835 1092 4875 se
1120 4820 1351 4874 invicem
1375 4815 1781 4886 conspexerint,
1821 4822 1876 4869 et
1901 4825 2012 4868 tum

440 4915 692 4985 quamvis
743 4914 906 4985 longo
956 4921 1132 4968 tractu
1187 4912 1410 4968 dissitas
1458 4909 1697 4964 fructum
1752 4906 2010 4963 edidisse.

441 5007 671 5063 Nonnus
703 5005 1095 5076 Dionysiacor.,
1124 5003 1224 5058 42..

551 5102 813 5169 Ἀρσενα
842 5096 941 5151 καὶ
970 5098 1208 5166 φοίνικα
1235 5094 1525 5163 γεγηθότα
1550 5090 1965 5160 ’θήλετ·μὶσγ‹ι›.

443 5190 619 5247 Mirus
648 5205 712 5245 ac
737 5189 981 5260 perditus
1004 5201 1158 5242 amor
1191 5186 1412 5241 arbores
1432 5186 1594 5239 etiam
1626 5197 1836 5239 vexans
1867 5180 2015 5236 omni

444 5297 612 5338 sensu
657 5280 981 5336 destitutas!
1026 5277 1160 5344 Quis
1189 5277 1307 5331 haec
1336 5292 1443 5330 non
1491 5274 1740 5330 fabulosa
1767 5274 2018 5342 putaret?

444 5374 667 5431 Plantas
714 5383 903 5429 mutuo
953 5387 1137 5427 amore
1178 5371 1322 5440 capi,
1364 5385 1430 5424 ex
1471 5369 1539 5422 iis
1570 5365 2015 5421 molestissimum

446 5467 684 5534 palmam
715 5470 934 5528 sentire,
966 5466 1011 5521 si
1042 5462 1231 5534 procul
1265 5476 1466 5515 marem
1501 5475 1530 5512 a
1560 5458 1765 5513 femina
1802 5456 2016 5511 conseri

448 5559 751 5625 contingat,
785 5559 1008 5612 alteram
1046 5562 1318 5610 amantem
1352 5568 1620 5618 arescere,
1652 5566 1842 5606 versus
1869 5563 2018 5602 ama-

451 5656 569 5699 tum
599 5660 719 5700 sese
743 5646 1025 5708 inclinare,
1056 5646 1297 5708 surculo,
1323 5644 1574 5715 lanugine
1595 5644 1680 5697 vel
1711 5642 1871 5695 etiam
1897 5640 2017 5710 pul—

457 5753 592 5791 vere
617 5736 661 5791 si
710 5745 1048 5804 aspergatur,
1076 5745 1151 5799 et,
1196 5736 1340 5805 quod
1392 5735 1784 5799 admirabilius,
1828 5732 2013 5796 odore,

2114 4547 2204 4583 ται
2230 4529 2280 4582 οἱ
2315 4526 2534 4597 βάλανοι
2559 4521 2761 4591 σπάθη.
2791 4517 2995 4588 Εἴρηκε
3021 4515 3083 4568 τδ
3108 4509 3558 4583 δνομα.Ξενο;,ςῶν
3591 4508 3680 4562 καὶ

2125 4622 2425 4694 Ἡρόδοτος,
2465 4617 2663 4685 λέγων,
2688 4615 2770 4667 ὅτι
2800 4613 2893 4666 καὶ
2908 4610 3036 4677 τόξα
3055 4608 3196 4670 τινὲς
3223 4601 3367 4675 εἶχον
3394 4606 3462 4656 ὲκ
3481 4602 3680 4672 ταύτης

2116 4693 2215 4787 τῆξ
2247 4712 2483 4783 σπάθης.
2515 4707 2598 4763 Ad
2627 4708 2730 4762 hoc
2747 4705 2913 4774 hujus
2950 4696 3475 4771 arborisingenium
3514 4693 3680 4764 expli-

2114 4785 2347 4860 candum
2375 4801 2530 4856 multi
2553 4795 2752 4854 summi
2786 4795 2886 4848 viri
2904 4792 3049 4847 vires
3071 4788 3272 4860 ingenii
3306 4785 3675 4847 contulerunt,

2118 4907 2179 4952 ut
2218 4899 2356 4951 alter
2381 4895 2553 4949 altero
2583 4888 2929 4958 eloquentior
2962 4883 3257 4939 videretur.
3293 4878 3440 4933 Inter
3459 4884 3678 4932 caeteros

2120 4987 2483 5042 Philostratus
2521 4982 2577 5036 in
2631 4978 2805 5041 Icon.,
2832 4976 2925 5030 lib.
2968 4990 3006 5034 ι,
3042 4974 3097 5027 in
3134 4971 3253 5040 ἓλη,
3305 4967 3555 5021 Achilles
3582 4964 3679 5019 Ta-

2117 5082 2228 5135 tius
2262 5076 2338 5131 De
2366 5072 2749 5143 Clisophrontis
2776 5078 2826 5124 et
2869 5066 3150 5134 Leucippes
3188 5061 3474 5117 Amoribus
3493 5059 3620 5123 ,lib.
3644 5074 3676 5121 ι,

2116 5180 2175 5229 et
2191 5170 2629 5240 Theophylactus
2660 5163 2991 5223 Simocatus,
3013 5157 3174 5228 epist.
3196 5154 3284 5218 18,
3310 5161 3368 5209 et
3390 5152 3449 5206 in
3480 5152 3674 5217 Qumst.

2118 5262 2450 5317 naturalibus
2472 5300 2488 5324 ,
2520 5263 2716 5329 quaest.
2747 5254 2802 5309 5.

2189 5354 2349 5419 lbid.,
2382 5353 2479 5406 lin.
2510 5351 2599 5406 '59.
2633 5348 2786 5404 Ἡδὲ
2800 5347 3131 5416 συκάμινος
3159 5340 3273 5411 ὀψὲ
3297 5340 3430 5412 μέν.
3453 5337 3687 5399 Plinius,

2119 5449 2215 5503 lib.
2247 5462 2361 5509 xw,
2388 5460 2509 5514 cap.
2533 5442 2624 5505 22,
2667 5441 2852 5495 Morus
2873 5450 3049 5493 autem
3084 5436 3369 5491 novissima
3402 5434 3674 5504 germinat.

2120 5556 2240 5594 cum
2261 5539 2446 5621 primis
2474 5536 2607 5606 folia
2634 5535 2893 5597 demittit;
2921 5541 2974 5587 et
3008 5547 3129 5600 cap.
3166 5528 3257 5591 25,
3290 5525 3537 5581 Serotino
3560 5540 3679 5595 quo-

2099 5635 2245 5688 .dam
2284 5614 2581 5703 germinant
2602 5629 2811 5698 florent,
2842 5632 3213 5694 maturantque
3243 5619 3507 5681 celeriter,
3536 5614 3677 5671 sicuti

2124 5744 2325 5792 morus,
2353 5741 2469 5793 qua:
2499 5722 2784 5778 novissima
2803 5713 3428 5783 urbanarum‘qerntinat,
3457 5711 3679 5776 nec,nisi
