3840 6164
189 256 303 315 853

1217 276 1286 332 IN
1326 277 1699 335 EUSTATHII
1728 281 2199 338 ΗΕΧΑΕΜΙΞΒΟΝ
2230 280 2460 338 NOTAE.

3328 278 3433 335 854

182 386 379 433 metu
411 378 628 451 frigore,
668 385 731 439 ob
776 385 829 439 id
858 386 1003 444 dicta
1055 394 1450 462 sapientissimo
1490 399 1762 454 arborum.

1871 419 1999 474 τρυς
2019 402 2239 474 ἀντέχῃ,
2285 403 2379 456 καὶ⁵
2405 401 2502 474 τὴν
2523 402 2819 457 ἀκτῖνατοῦ
2837 402 2984 474 ἡλίου
3008 401 3095 456 διά
3116 400 3212 472 τῆς
3240 400 3430 455 ἀραιό-

189 466 300 522 Sed
330 484 447 523 cum
470 473 644 543 erepit,
673 477 728 530 in
752 487 957 534 tantum
978 484 1221 539 universa
1241 490 1557 563 germinatio
1587 508 1761 545 erum-

184 561 289 651 pit,
338 570 398 615 ut
430 578 538 617 una
587 577 738 622 nocte
785 583 1004 644 peragat
1054 578 1216 631 etiam
1247 561 1365 633 eum
1402 584 1662 651 strepitu;
1690 602 1761 640 ex

187 650 574 724 Theophrasto
604 658 681 715 De
698 664 877 718 causis
901 666 1097 733 plant.,
1123 669 1217 724 lib.
1246 688 1281 737 I,
1305 687 1426 742 cap.
1463 650 1553 736 20,
1577 677 1762 731 Ταῦτα

192 742 297 838 μὲν
336 746 668 838 πρωϊκαρπα
699 751 950 828 καθάπερ
1001 759 1269 829 ἄμπελος,
1305 766 1400 817 καὶ
1442 765 1598 836 συκῆ,
1655 768 1760 838 μά-

188 833 436 928 λισταᾼδὲ
470 840 785 912 συκάμινος.
817 846 985 918 Αὕτη¹
1013 851 1109 920 μὲν
1154 853 1262 926 γάρ
1283 855 1488 926 γυμνὸν
1520 833 1633 928 ἔχει
1656 833 1760 911 ’τὸν

188 926 432 1020 καρπόν·
490 929 621 986 ὥσθ’
644 1006 645 1011 η
667 935 795 991 ὅταν
843 941 872 992 ὁ
895 940 1040 1011 ἥλιος
1060 943 1244 1017 ἐπιθῇ,
1268 948 1406 1017 ταχὺ
1431 926 1762 1020 προηλλοίω-

191 1031 278 1079 σε,
312 1015 569 1089 βραχείας
601 1023 854 1096 δεόμενος
903 1015 1256 1104 θερμότητος.
1306 1015 1458 1108 ’Ᾰμα
1477 1015 1541 1091 δὲ
1561 1015 1675 1093 ’καὶ
1705 1041 1761 1092 ἐν

190 1109 346 1203 αὐτῷ
411 1117 799 1185 συνεργάζεται
851 1121 1078 1195 δύναμις
1125 1127 1342 1199 ισχυρὰ,
1412 1130 1507 1183 καὶ
1553 1130 1762 1203 ἀθρόως

192 1201 424 1296 έπιοῦσα
479 1208 733 1283 καθάπερ
788 1214 883 1267 καὶ
921 1217 1058 1288 πρὸς
1100 1218 1198 1290 τὴν
1248 1219 1559 1294 βλάστησιν,
1592 1201 1637 1295 ii
1654 1223 1762 1296 γὰρ

191 1292 416 1388 autem};
465 1301 715 1374 ἐποίησεν
760 1306 1075 1380 ἀθροισμὸν.
1103 1312 1264 1367 Ὅθεν
1309 1315 1405 1369 an
1438 1292 1762 1388 βλαστήσεις

191 1386 533 1479 ἀθρόαανκαὶ
561 1397 698 1466 μετὰ
730 1403 902 1471 φορᾶς
930 1402 1168 1471 γίνονται
1195 1409 1465 1479 νεανικῆς,
1497 1386 1640 1463 ὥστε
1667 1410 1762 1463 καὶ

188 1476 363 1549 ψόφον
394 1488 585 1551 ποιεῖν,
638 1490 889 1564 καθάπερ
930 1494 1074 1559 τινές
1116 1513 1268 1565 φασι,
1319 1476 1413 1552 καῖ
1444 1499 1637 1570 πέψεις
1662 1518 1760 1555 τα·-

190 1575 329 1643 χεῖς.
359 1573 424 1630 Ει
447 1593 567 1650 cap.
600 1580 662 1635 2|
687 1603 700 1638 :
744 1585 805 1638 Ἦ
831 1587 928 1657 μὲν
955 1584 1048 1643 οὖν
1076 1591 1175 1662 τῆς
1200 1593 1500 1662 συκαμίνου
1532 1593 1621 1648 διὰ
1642 1594 1763 1649 τοῦ·

1864 511 2022 566 τητος
2036 493 2271 565 δαψιλῶς
2284 494 2614 565 ,ὑποδέχηται
2643 513 2659 562 ;
2823 540 2828 548 .

1940 585 2072 640 Ibid.
2134 588 2230 641 lin.
2284 587 2373 642 57.
2437 584 2628 655 Οὗτος
2674 588 2856 642 οὐδὲν
2908 590 3112 658 ἀργόν.
3170 588 3425 653 Basilius,

1862 677 2013 732 hom.
2042 678 2096 743 5,
2128 678 2292 733 Ούδὲν
2317 680 2555 735 ἀναίτιον
2578 681 2728 735 οὐδὲν
2755 681 2863 737 ἀπὸ
2876 683 3236 753 ταύτομάτου,
3255 681 3430 737 πάντα

1865 769 1979 840 ἔχει
2006 771 2125 825 τινὰ
2161 772 2348 841 σοφίαν
2378 773 2710 845 ἀπόῤῥητον.
2770 774 3108 847 Augustinus
3155 777 3249 832 lib.
3282 793 3324 842 ι,
3352 777 3431 832 De

1871 862 2079 928 Genes.,
2115 875 2299 919 contra
2323 865 2669 931 Manio/neos,
2693 884 2817 940 cap.
2860 870 2947 936 16,
2965 870 3213 926 confutat
3237 887 3430 928 eorum

1865 957 2158 1021 inscitiam,
2213 959 2307 1028 qui
2329 975 2560 1030 quarum
2600 976 2783 1017 rerum
2812 963 2917 1032 ipsi
2943 979 3103 1020 usum
3152 965 3428 1035 ignorant,

1866 1061 1959 1102 eas
1983 1061 2212 1117 prorsus
2270 1049 2535 1105 inutiliter
2563 1058 2617 1106 et
2641 1068 2978 1123 supervacue
3019 1055 3268 1111 conditas
3299 1072 3431 1112 cen-

1864 1146 2009 1194 sent.
2035 1138 2355 1195 Aristoteles
2381 1141 2628 1211 pluribus
2651 1143 2707 1198 in
2728 1144 2865 1200 locis
2907 1144 3074 1201 Deum
3096 1157 3151 1203 et
3176 1157 3427 1204 naturam

1862 1229 2001 1284 nihil
2033 1244 2199 1301 agere
2219 1231 2421 1286 frustra
2451 1234 2752 1299 contendit,
2777 1242 2831 1290 et
2859 1238 3129 1308 praecipue
3155 1254 3192 1305 ι,
3220 1239 3298 1294 De
3325 1257 3429 1296 cae-

1865 1323 1940 1385 lo,
1963 1329 2094 1377 text.
2122 1322 2212 1387 5|,
2241 1323 2402 1378 etlib.
2442 1340 2503 1390 ιι,
2541 1332 2670 1380 text.
2698 1326 2786 1391 50,
2814 1336 2868 1382 et
2894 1336 3024 1383 text.
3053 1330 3158 1397 59;
3188 1338 3241 1386 et
3270 1332 3425 1398 lib.l,

1867 1409 2056 1477 Polit.,
2090 1427 2211 1483 cap.
2245 1412 2300 1480 5,
2335 1420 2403 1468 et.
2431 1414 2596 1482 alibi;
2631 1423 2685 1471 et
2705 1415 3115 1487 Theophrastus
3147 1421 3221 1477 De
3248 1425 3426 1481 causis

1861 1501 2056 1569 plant.,
2080 1501 2255 1566 initio,
2282 1502 2420 1557 Οὔτε
2453 1504 2560 1576 γὰρ
2595 1506 2629 1576 ἡ
2653 1506 2813 1575 φύσις
2829 1508 2978 1562 οὐδὲν
3012 1511 3186 1582 μάτην
3206 1515 3366 1578 ποιεῖ,
3390 1516 3426 1586 ἢ

1864 1612 1925 1648 τε
1940 1594 2147 1649 διάνοια
2161 1594 2373 1666 βοηθεῖν
2399 1596 2572 1650 ἐθέλει
2586 1600 2652 1669 τῇ
2678 1598 2855 1667 φύσει.
2884 1599 2948 1653 Et
2969 1600 3176 1659 Plinius
3195 1620 3425 1675 prunam.

188 1680 255 1767 το
294 1666 499 1767 πρὼῖος
528 1689 542 1703 ’
569 1672 645 1738 ὡς
667 1675 723 1729 δὲ
745 1678 1037 1760 Μενέστωρ
1065 1683 1247 1752 φησὶν,
1279 1685 1313 1755 ἡ
1346 1684 1443 1754 μὲν
1474 1684 1761 1757 βλάστησις

1871 1689 2054 1745 lib..22
2085 1708 2099 1744 :
2130 1688 2280 1742 Nihil
2311 1707 2344 1743 a
2384 1707 2557 1744 rerum
2579 1666 2772 1746 natura
2793 1695 2906 1749 sine
2938 1696 3120 1767 aliqua
3143 1666 3427 1755 occultiore

189 1758 363 1831 αὐτῆς
400 1762 527 1859 delia
551 1765 640 1819 διὰ
666 1768 765 1840 τῆς
788 1758 1125 1845 ψυχρότητος
1150 1775 1245 1828 τοῦ
1266 1776 1451 1844 τόπου,
1477 1778 1582 1849 ἡδὲ
1602 1777 1762 1848 πέψις

1871 1798 2031 1836 causa
2067 1784 2233 1853 gigni,
2284 1784 2506 1850 scribit;
2545 1792 2600 1840 et
2645 1785 2741 1841 lib.
2777 1758 3110 1859 xxvul,cap.
3153 1790 3244 1856 24,
3284 1791 3428 1848 Adeo

187 1855 382 1921 ταχεῖα
411 1854 498 1910 διά
522 1857 620 1928 τὴν
646 1860 951 1918 ἀσθένειαν.

261 1942 383 2000 Col.
421 1947 546 2014 716,
589 1951 688 2006 lin.
713 1953 806 2010 41.
851 1956 924 2011 ⁸11
951 1956 1021 2011 δὲ
1048 1957 1240 2014 ἐλαία.
1266 1958 1426 2017 Oleas
1453 1970 1507 2017 et
1523 1961 1761 2032 reliquas

188 2034 438 2105 arbores,
480 2056 714 2111 quarum
743 2044 833 2101 bic
870 2048 1080 2105 mentio
1112 2049 1189 2115 lit,
1225 2061 1347 2123 post
1373 2055 1621 2110 aestivum
1651 2056 1764 2111 solo

189 2128 406 2184 stitium
451 2131 582 2188 folia
615 2146 935 2194 convertere
961 2149 1152 2195 narrat
1205 2144 1474 2200 collector
1525 2145 1756 2217 Geopon.

187 2234 255 2310 ex
292 2218 552 2291 Florent.,
583 2241 702 2297 cap.
725 2228 779 2295 2,
810 2230 1178 2304 Προσημαίνει
1203 2234 1260 2288 δὲ
1294 2237 1389 2290 καὶ
1413 2236 1513 2302 τὰς
1554 2238 1761 2310 τροπὰς

186 2309 411 2384 θερινὰς
439 2319 746 2389 στραφέντα
772 2321 840 2376 τὰ
872 2322 1047 2392 φύλλα
1074 2327 1171 2398 τῆς
1193 2326 1401 2392 ἐλαίας,
1422 2309 1659 2401 ὥσπερὴ
1680 2347 1761 2400 φι-

186 2401 327 2475 λύρα
356 2408 449 2460 καὶ
496 2412 527 2480 ή
571 2411 770 2466 πτελέα
799 2415 947 2487 καὶὴ
988 2415 1176 2490 λεύκη.
1218 2418 1374 2485 Quod
1422 2423 1759 2491 experientia

184 2504 400 2553 certum
425 2516 545 2556 esse
567 2503 858 2560 continuat
881 2507 1548 2568 Antonius-MisaldusIDe
1570 2523 1756 2569 secret.

185 2603 463 2655 agrorum,
488 2591 585 2647 lib.
624 2609 709 2657 ιιι,
732 2610 854 2666 cap.
881 2597 968 2663 17,
1001 2607 1054 2653 et
1085 2597 1293 2657 Gellius
1328 2602 1423 2657 lib.
1451 2620 1523 2671 Ix,
1557 2619 1678 2676 cap.
1704 2606 1756 2673 7,

196 2676 367 2749 Vulgo
398 2691 446 2735 et
480 2686 734 2752 scriptum
773 2698 822 2741 et
878 2689 1135 2745 creditum
1172 2702 1271 2758 est,
1331 2694 1465 2763 folia
1520 2696 1758 2752 olearum

185 2771 444 2827 arborum
496 2775 725 2833 brumali
748 2790 799 2834 et
827 2782 1106 2838 solstitiali
1135 2785 1220 2841 die
1246 2790 1495 2853 converti,
1546 2792 1757 2861 et‘quce

182 2878 313 2931 pars
344 2882 525 2921 eorum
552 2869 727 2938 fuerat
758 2873 996 2943 inferior,
1018 2886 1171 2945 atque
1195 2880 1474 2946 occultior,
1505 2899 1623 2937 eam
1666 2900 1757 2937 su-

181 2958 416 3027 perﬁeri,
450 2971 606 3032 atque
637 2967 829 3034 exponi
871 2968 940 3021 ad
966 2972 1166 3034 oculos,
1201 2981 1253 3026 et
1298 2975 1367 3026 ad
1401 2974 1586 3039 solem,
1611 2975 1756 3046 quod

183 3049 339 3152 nobis
361 3068 562 3123 quoque
593 3057 752 3111 semel
791 3068 946 3131 atque
972 3063 1165 3118 iterum
1208 3067 1435 3135 experiri
1466 3068 1755 3125 uolentibus
1786 3105 1827 3161 ο
2133 3049 2378 3154 grta};

183 3141 263 3195 ita
285 3159 398 3197 esse
420 3149 797 3215 propemodum
828 3153 994 3207 visum
1035 3166 1151 3209 ρει..

255 3252 416 3323 Ibid.,
461 3260 558 3314 lin.
600 3262 688 3318 44.
726 3264 840 3333 Τῆς
877 3266 945 3320 δὲ
989 3268 1214 3339 ἡμέρου
1244 3273 1460 3343 συκῆς.
1502 3274 1756 3343 Basilius,

185 3349 336 3404 hom.
363 3351 432 3406 5:
465 3353 545 3406 Τά
577 3356 715 3409 αύτά
747 3357 803 3411 δὲ
831 3359 1005 3414 ταῦτα
1034 3363 1127 3416 καὶ
1151 3365 1409 3436 περὶτῶν
1445 3367 1625 3422 συκῶν
1656 3386 1760 3438 φα-

185 3457 275 3493 σιν
311 3458 325 3471 ⁸
356 3442 478 3498 ὅθεν
528 3449 577 3499 oi
622 3449 719 3518 μὲν
750 3449 847 3513 τὰς
896 3452 1094 3524 ἀγρίας
1125 3458 1294 3519 συκᾶς
1321 3460 1762 3529 παραφυτεύουσι

182 3537 310 3598 ταῖς
356 3537 606 3610 ἡμέροις,
638 3543 687 3594 οἱ
713 3542 771 3595 δὲ
803 3544 928 3608 τοὺς
974 3545 1228 3610 ὀλύνθους
1263 3549 1612 3621 ἐκϐήσαντες,
1654 3553 1761 3607 τῶν

182 3630 482 3703 εὐκάρπων
540 3637 635 3688 καὶ
688 3636 908 3707 ἡμέρων
959 3638 1156 3692 συκῶνε
1185 3639 1284 3713 τὴν
1313 3642 1526 3696 ἀτονίαν
1580 3643 1762 3699 ἰῶνται

185 3729 384 3799 ῥέοντα
416 3731 538 3803 ἤδη,
574 3733 667 3785 καὶ
686 3734 944 3787 σκεδαννύ
953 3752 1111 3806 μενον
1136 3736 1226 3789 τὸν
1253 3739 1463 3809 καρπὸν
1479 3742 1592 3801 τοῖς
1611 3739 1764 3793 ὀλύν-

183 3819 310 3884 θοις
340 3822 646 3893 ἐπέχοντες.
671 3824 1104 3896 Theophrastus,
1124 3826 1269 3882 Hist.
1299 3829 1468 3897 plant.
1518 3830 1642 3885 libr.
1697 3845 1759 3896 ιι,

182 3929 313 3984 cap.
342 3912 399 3979 9,
435 3915 511 3968 ait
533 3917 994 3986 caprillcationem
1020 3927 1357 3990 compertam
1388 3922 1454 3975 ad
1473 3921 1761 3986 auxilium,

182 4021 257 4062 ne
275 4005 412 4063 ﬁcus
436 4006 648 4064 fructus
676 4010 946 4065 amittant.
979 4010 1210 4084 Ideoque
1241 4014 1295 4067 in
1323 4015 1638 4084 regionibus
1656 4015 1764 4072 illis

185 4099 244 4153 in
296 4100 498 4170 quibus
555 4101 829 4157 fructuum
878 4104 1094 4173 jactura
1152 4121 1260 4158 non
1299 4105 1374 4172 lit,
1409 4106 1761 4177 capriﬂcandi

183 4205 352 4245 usum
383 4191 594 4245 nullum
622 4192 839 4262 penitus
859 4208 1002 4258 esse,
1028 4196 1160 4249 utin
1192 4193 1368 4260 Italia,
1399 4196 1452 4249 in
1480 4197 1614 4252 locis
1636 4197 1763 4252 item

184 4282 486 4352 aquiloniis
518 4293 573 4341 et
603 4287 825 4351 macris,
850 4296 908 4342 ut
936 4287 990 4341 in
1008 4287 1232 4343 Phalcio
1272 4286 1605 4360 Megarensis
1625 4289 1762 4361 agri,

182 4383 241 4429 et
280 4375 611 4445 quibusdam
645 4379 893 4448 partibus
945 4379 1241 4445 Corinthii,
1276 4389 1331 4435 et
1362 4381 1417 4435 in
1448 4382 1639 4437 eodem
1671 4397 1765 4435 ca-

181 4468 303 4536 pite
328 4466 682 4537 capriﬁcandi
705 4471 972 4526 rationem
989 4473 1177 4527 multis
1199 4473 1575 4542 prosequitur,
1601 4487 1764 4542 quem

180 4558 315 4614 vide
335 4559 480 4614 sicut
503 4568 559 4615 et
580 4561 820 4616 Plinium
845 4562 942 4617 lib.
967 4579 1079 4631 xiv,
1105 4578 1226 4634 cap.
1251 4562 1338 4630 l9,
1364 4571 1419 4618 et
1434 4561 1761 4631 Palladium,

181 4646 287 4703 lib.
320 4664 382 4714 ιι,
415 4665 537 4721 cap.
569 4652 656 4709 ιο.

262 4765 426 4831 lbid.,
453 4766 553 4821 lin.
579 4768 665 4823 51.
704 4769 945 4840 Ἐπειδὴ
985 4770 1055 4825 δὲ
1100 4772 1337 4838 ἁπαλός
1399 4773 1552 4845 ἐστι.
1611 4771 1769 4828 Basi-

185 4859 319 4923 lius,
351 4860 499 4914 hom.
531 4861 586 4924 5,
618 4862 729 4914 Καὶ
766 4856 842 4915 ὧν
896 4863 996 4935 μὲν
1026 4863 1235 4928 ἁπαλὸς
1266 4868 1295 4918 ὁ
1332 4866 1542 4937 καρπός
1575 4882 1588 4895 ο
1622 4865 1766 4937 παχὺ

184 4953 284 5006 τοῦ
306 4952 506 5022 φύλλου
533 4955 593 5007 τὸ
625 4958 1045 5028 σκεπαστήριον,
1082 4957 1158 5020 ὡς
1196 4958 1288 5010 ἐπὶ
1331 4958 1429 5028 τῆς
1458 4956 1626 5026 συκῆς
1649 4973 1661 4986 ⁸
1693 4951 1769 5010 ὧν

184 5041 242 5095 δὲ
277 5043 328 5095 οἱ
384 5044 589 5117 καρποὶ
635 5044 1028 5117 στεγανώτεροι
1084 5045 1294 5118 ἐλαφρά
1340 5046 1448 5100 τῶν
1482 5044 1693 5115 φύλλων
1734 5048 1768 5117 ἡ

187 5137 492 5210 προσϐολὴ,
534 5138 610 5203 ὡς
654 5140 749 5193 ἐπὶ
796 5141 896 5210 τῆς
952 5139 1185 5213 καρύας.
1250 5140 1376 5193 Ὅτι
1441 5142 1635 5195 ἐκεῖνα.
1671 5139 1769 5210 μὲν

185 5230 277 5283 διά
311 5230 373 5283 τὸ
420 5229 643 5295 ἀσθενὲς
675 5231 920 5297 πλείονος
950 5233 1122 5287 ἐδεῖτο
1168 5233 1269 5303 τῆς
1316 5233 1568 5304 βοηθείας
1595 5250 1609 5264 ·
1644 5232 1769 5287 τού-

183 5328 304 5384 τοις
334 5319 381 5373 δ’
403 5320 471 5374 ἀν
505 5322 855 5395 προσϐλαϐὴς
882 5324 1099 5392 ἐγένετο
1133 5324 1167 5394 ή
1198 5324 1478 5396 παχυτέρα
1510 5322 1769 5395 περιϐολὴ

185 5414 253 5466 ἐκ
271 5411 377 5483 τῆς
407 5412 501 5465 ἀπ’
515 5412 694 5467 αὐτῶν
718 5416 896 5478 σκιᾶς.

258 5524 426 5590 lbid.,
463 5526 560 5581 lin.
609 5527 679 5582 54
734 5528 837 5583 Διὰ
856 5528 933 5598 δὴ
966 5530 1141 5585 τοῦτο
1175 5530 1357 5586 καὶτὸ
1372 5533 1630 5602 φύλλον.
1666 5531 1770 5586 Ba-

1863 1875 1996 1929 nihil
2015 1890 2204 1943 parens
2234 1875 2331 1929 illa
2369 1892 2544 1931 rerum
2567 1879 2797 1932 omnium
2830 1880 2942 1934 sine
2974 1882 3269 1952 ingentibus
3300 1899 3430 1937 cau-

1863 1970 1936 2024 sis
1958 1970 2166 2040 genuit;
2189 1978 2243 2026 et
2270 1969 2621 2042 Palingenius
2654 1974 2709 2026 in
2736 1972 2867 2028 Vitae
2899 1975 3143 2041 zodiaca,

1935 2081 2110 2159 Quam
2141 2081 2279 2159 nihil
2302 2083 2571 2137 incassum
2603 2084 2770 2154 faciat
2802 2097 3017 2152 natura,
3040 2087 3309 2159 ,Deusque,

1934 2151 2038 2225 Qui
2057 2168 2232 2225 secum
2259 2152 2369 2207 haec
2398 2151 2612 2225 reputat
2642 2172 2744 2208 non
2782 2172 2931 2220 casu,
2958 2158 3047 2212 sed
3071 2151 3294 2225 ratione,

1932 2222 2169 2278 Consilio
2192 2223 2452 2294 jussuque
2478 2223 2577 2278 Dei
2604 2226 2722 2295 ﬁeri
2749 2229 2924 2281 omnia
2948 2226 3082 2283 dicet

1931 2354 2050 2410 Col.
2087 2354 2209 2420 717,
2250 2355 2347 2410 lin.
2378 2357 2439 2411 L
2470 2359 2579 2411 Ἓν
2618 2358 2729 2428 γὰρ
2773 2359 2929 2430 ὔδωρ
2976 2361 3072 2416 διὰ
3104 2362 3215 2432 τῆς
3237 2363 3426 2434 ῥίζης.

1861 2447 2115 2512 Basilius,
2147 2449 2295 2504 hom.
2323 2450 2358 2505 5
2378 2489 2393 2515 ,
2436 2451 2529 2503 Ἐν
2551 2449 2714 2523 ὕδωρ,
2749 2453 2836 2507 διὰ
2879 2456 2977 2526 τῆς
3019 2454 3173 2528 ῥίζης
3205 2458 3430 2529 ἑλκόμε-

1859 2543 2170 2607 νον,τ-ἀλλως
2206 2543 2512 2615 μὲνςτρέφει
2532 2543 2634 2615 τὴν
2668 2543 2822 2615 ῥίζαν
2844 2546 3033 2617 αὐτὴν,
3063 2546 3235 2611 ἄλλως
3258 2548 3316 2602 δὲ
3337 2550 3430 2604 τὸν

1859 2635 2041 2705 φλοιὸν
2067 2636 2161 2690 τοῦ
2206 2636 2508 2708 στελέχους,
2539 2637 2631 2691 καὶ
2668 2637 2840 2703 ἄλλως
2870 2640 2931 2692 τὸ
2978 2638 3151 2705 ξύλον,
3189 2641 3282 2695 καὶ
3329 2642 3431 2714 τὴν

1858 2728 2180 2801 ἐντεριώνην
2209 2729 2427 2801 ἑτέρως.
2469 2730 2542 2783 Τὸ
2569 2730 2701 2784 αὐτὸ
2733 2731 2827 2785 καὶ
2855 2732 3050 2801 φύλλον
3082 2733 3309 2802 γίνεται,
3337 2736 3441 2789 καὶ.

1859 2823 1937 2887 εἰς
1970 2823 2303 2893 ¹ἀκρέμονας,
2338 2822 2432 2875 καὶ
2484 2822 2709 2887 κλάδους
2742 2823 3146 2895 κατασχίζεται,
3195 2827 3288 2880 καῖ¹
3319 2827 3433 2891 τοῖς

1859 2919 2092 2988 καρποῖς
2134 2916 2361 2987 παρέχει
2401 2916 2501 2988 τὴν
2529 2914 2776 2987 αὔξησιν,
2829 2916 2923 2970 καὶ
2949 2917 3180 2990 δάκρυον
3208 2920 3301 2973 τοῦ
3341 2938 3438 2990 φυ-

1858 3009 2100 3075 τοῦ,.κα“ι
2132 3007 2262 3072 ὀπὸς
2294 3010 2359 3061 ἐκ
2391 3008 2492 3077 τῆς
2536 3009 2706 3078 αὐτῆς
2751 3008 2929 3073 αἰτίας
2984 3012 3329 3082 προέρχεται.
3372 3012 3433 3069 In

2384 3114 2471 3152 am
2522 3096 2718 3154 Sextus
2753 3098 2958 3170 Empir.
3017 3099 3283 3171 Pyrrhon.
3320 3103 3434 3175 [ly-

1860 3192 2005 3262 poth.
2037 3192 2134 3247 lib.
2167 3207 2205 3250 ι,
2255 3192 2367 3244 Καὶ
2418 3191 2629 3262 ὥσπερ,
2653 3193 2715 3245 τὸ
2745 3192 2885 3266 ὕδωρ
2918 3193 2974 3247 ἓν
3015 3197 3110 3250 καὶ
3168 3198 3437 3269 μονοειδὲς

1860 3284 2167 3353 διαδόμενον
2198 3285 2279 3346 εἰς
2319 3282 2390 3336 τά
2432 3282 2623 3354 δένδρα
2667 3283 2801 3338 ὅπου
2839 3284 2935 3354 μὲν
2978 3285 3184 3352 γίνεται
3236 3287 3433 3356 φλοιὸς,

1862 3376 1991 3428 ὅπου
2016 3374 2074 3427 δὲ
2112 3373 2327 3438 κλάδος,
2356 3374 2487 3427 ὅπου
2532 3373 2588 3426 δὲ
2620 3374 2847 3444 καρπὸς,
2881 3376 2974 3428 καὶ
2999 3376 3099 3448 ἤδη
3128 3377 3310 3441 σῦκον,
3341 3380 3437 3434 καὶ

1864 3466 1984 3539 ῥοιὰ
2009 3467 2103 3519 καὶ
2142 3465 2252 3519 τῶν
2279 3465 2453 3519 ἄλλων
2478 3465 2706 3520 ἕκαστον
2725 3481 2737 3493 ·
2779 3466 2880 3520 hoc
2910 3468 3174 3537 siquidem
3209 3470 3281 3525 ita
3311 3486 3436 3527 eve-

1864 3559 1944 3612 nit
1969 3556 2426 3629 quemadmodum
2460 3556 2601 3610 idem
2630 3556 2787 3612 cibus
2816 3566 3111 3616 concoctus
3144 3560 3435 3631 aliquando

1865 3650 1925 3705 lit
1971 3665 2128 3715 vena,
2172 3649 2443 3705 interdum
2489 3650 2711 3713 arteria,
2746 3649 3015 3706 interdum
3058 3667 3142 3716 os,
3181 3668 3436 3710 nonnun—
3491 3690 3495 3694 ~

1863 3759 2026 3815 quam
2059 3758 2262 3800 nervus
2294 3752 2349 3799 et
2371 3743 2799 3815 unumquodque
2840 3744 3105 3814 aliorum;
3146 3755 3199 3801 et
3228 3746 3282 3801 in
3315 3763 3437 3802 mu-

1865 3837 1998 3892 sicis
2028 3852 2172 3892 unus
2214 3843 2268 3892 et
2301 3836 2442 3892 idem
2489 3835 2824 3893 musicorum
2855 3835 3105 3909 llatusin
3132 3838 3320 3895 tibiam
3351 3840 3438 3895 in-

1866 3933 2129 4001 spiratus,
2163 3930 2324 3986 modo
2352 3939 2548 3986 acutus
2593 3934 2672 3994 lit,
2705 3929 2867 3986 modo
2899 3933 3120 4002 gravis;
3147 3940 3200 3989 et
3238 3950 3438 3992 manus

1865 4023 1997 4094 lyrae
2045 4023 2312 4093 impressa
2344 4037 2735 4092 nonnunquam
2784 4038 3003 4092 gravem
3052 4039 3267 4088 sonum,
3300 4041 3439 4080 nun-

1867 4130 2146 4186 nunquani
2171 4124 2393 4170 acutum
2417 4115 2628 4180 reddit;
2653 4121 2706 4169 et
2733 4114 2785 4167 in
2812 4115 2944 4170 aliis
2961 4116 3124 4172 rebus
3148 4116 3290 4172 idem
3315 4134 3441 4173 con-

1866 4212 2080 4283 tingere
2107 4213 2387 4269 cernimus

1937 4303 2099 4366 ιδιά..
2138 4303 2235 4357 lin.
2271 4303 2324 4360 4.
2362 4305 2470 4359 Kal
2501 4304 2570 4359 ἐκ
2603 4304 2715 4375 τῆς
2758 4304 2947 4373 αὐτῆς
2976 4303 3232 4371 νοτίδος.
3282 4303 3442 4361 Basi-

1867 4392 1996 4456 lius,
2026 4393 2175 4447 hom.
2202 4393 2258 4459 5,
2288 4393 2413 4457 Πῶς
2436 4393 2597 4447 πάλιν
2618 4370 2807 4465 ὲκῖτῆς
2832 4370 3003 4462 αὐτῆς
3027 4370 3225 4455 νοτίδος
3254 4392 3312 4445 ὲν
3343 4392 3443 4462 μὲν
3560 4370 3561 4373 Ἴ

1867 4489 1934 4558 τῇ
1961 4486 2190 4559 ἀμπέλῳ
2212 4484 2354 4550 οἶνος
2373 4488 2707 4552 συνίσταται,
2727 4489 2783 4539 ὲν
2805 4486 2862 4539 δὲ
2878 4488 2943 4557 τῇ
2976 4485 3132 4556 ἐλαίᾳ
3144 4483 3206 4538 τὸ
3230 4482 3406 4537 ἔλαιον
3424 4501 3439 4517 ’

1869 4579 1964 4633 καὶ
1993 4580 2055 4633 οὐ
2088 4578 2246 4634 τοῦτο
2281 4580 2440 4650 μόνον
2474 4578 2955 4651 θαυμαστδννπῶς
3001 4571 3104 4631 ὧδε
3142 4576 3240 4648 μὲν
3289 4576 3349 4630 τὸ
3381 4576 3445 4630 ύ-

1867 4673 2000 4746 γρὸν
2031 4672 2437 4744 ἀπγλυκάνθη,
2483 4673 2607 4726 ἐκεῖ
2627 4672 2683 4726 δὲ
2713 4670 2941 4742 λιπαρὸν
2960 4669 3200 4739 γέγονεν,
3227 4666 3340 4722 ἀλλ’
3362 4668 3445 4723 ὅτι

1869 4768 1964 4822 καὶ
2000 4769 2057 4821 ὲν
2081 4770 2193 4831 τοῖς
2217 4766 2439 4836 γλυκέσι
2471 4767 2702 4838 καρποῖς
2743 4762 3019 4835 ἀμύθητος
3049 4764 3082 4833 ἡ
3125 4760 3446 4835 παραλλαγὴ

1868 4860 1967 4929 τῆς
2002 4860 2300 4931 ποιότητος.
2340 4858 2500 4913 Ἀλλο
2526 4857 2633 4928 γὰρ
2665 4855 2726 4908 τὸ
2769 4857 2826 4908 ὲν
2861 4853 3090 4925 ἀμπέλῳ
3131 4853 3323 4924 γλυκὺ,
3354 4856 3447 4908 καὶ

1870 4953 1997 5008 ἄλλο
2026 4954 2088 5006 τὸ
2116 4954 2174 5006 ὲν
2200 4950 2394 5024 μηλέᾳ,
2427 4952 2520 5006 καὶ
2551 4950 2719 5020 σύκῳ,
2763 4947 2857 5002 καὶ
2889 4947 3111 5017 φοίνικι.
3140 4946 3216 5002 De
3253 4948 3447 5003 succo-

1872 5060 1993 5099 rum
2022 5045 2077 5099 in
2111 5044 2311 5115 plantis
2351 5040 2671 5114 differentiis
2694 5039 2876 5094 adesis
2898 5037 3339 5108 Theophrastum
3371 5037 3449 5091 De

1874 5137 2084 5192 Ilistor.
2117 5137 2286 5205 plant.
2325 5135 2420 5190 lib.
2456 5150 2491 5200 ι,
2519 5149 2638 5203 cap.
2689 5131 2778 5195 i9,
2827 5138 2880 5185 et
2926 5130 3046 5200 ejus
3094 5130 3447 5199 interpretem

1874 5230 2111 5286 Plinium
2160 5230 2255 5283 lib.
2288 5245 2379 5291 xv,
2427 5243 2549 5297 cap.
2594 5226 2685 5291 28,
2721 5224 2815 5296 qui
2862 5223 3218 5281 diﬂusissime
3250 5222 3449 5279 horum

1874 5324 2195 5378 varietatem
2221 5327 2575 5391 pertractant.

1946 5412 2108 5478 lbid.,
2134 5414 2230 5467 lin.
2271 5414 2324 5470 9.
2357 5402 2467 5470 Kal
2500 5412 2655 5467 αὐτὰ
2695 5412 2775 5465 δὲ.
2812 5409 2932 5465 τῶν
2973 5408 3256 5479 δένδρων.
3292 5406 3450 5464 Basi-

1872 5509 2008 5572 lius,
2038 5507 2186 5562 hom.
2221 5506 2275 5572 5,
2312 5504 2473 5559 Ἀλλο
2493 5506 2603 5577 γὰρ
2633 5504 2729 5558 τοῦ
2774 5504 2955 5575 σχίνου
2983 5504 3044 5557 τὸ
3069 5503 3324 5575 δάκρυον,
3352 5502 3449 5556 καὶ

187 5618 374 5682 silius,
419 5616 568 5672 hom.
604 5619 658 5682 Ξ,
696 5619 821 5683 Πῶς
877 5595 1231 5694 κατέσχισται
1289 5595 1389 5694 τῆς
1440 5624 1686 5695 ἀμπέλου
1711 5623 1773 5676 τὸ
2118 5598 2251 5695 Ῠπδς
2283 5597 2378 5651 τοῦ
2399 5597 2716 5695 μβῆλῖᾴμοῖίθ
2753 5599 2849 5652 καὶ
2873 5596 3144 5695 Ϋάὲζθηκέξῖ
3178 5612 3324 5695 “vf;
3358 5595 3453 5695 ἐπὶ

188 5710 415 5781 φύλλον,
450 5711 537 5766 ἵνα
558 5714 653 5767 καὶ
686 5715 821 5784 πρὸς
852 5716 948 5777 τὰς
980 5718 1041 5769 ὲκ
1080 5715 1189 5769 τοῦ·
1214 5717 1596 5788 ἀέρος-βλάϐας
1627 5719 1655 5770 ὁ
1677 5715 1769 5787 βό·-

1872 5694 1974 5764 τῆς
2004 5690 2303 5761 Αἰγύπτου,
2329 5689 2423 5744 καὶ
2449 5687 2654 5759 Λιϐύης
2676 5688 2861 5759 ἓτερον
2884 5686 3031 5741 ὀπῶν
3058 5688 3216 5758 γένος
3248 5685 3463 5741 ἀποδαι
