3840 6164
493 303 600 361 855

1746 356 1752 363 ε
1831 286 2076 343 morus
2102 280 2386 338 ALLATII

3609 268 3692 324 836

491 424 738 499 κρύουσι.
784 425 916 489 Quae
937 418 1049 476 sint
1088 417 1346 474 arborum
1381 415 1653 483 lacryma,
1674 418 1732 466 et
1776 408 1873 478 qui
1916 407 2069 464 succi
2100 413 2143 468 Α
2169 417 2289 457 eam
2329 415 2451 471 quae
2508 404 2756 466 superest
2816 393 2921 448 sibi
2975 405 3287 454 reservare;
3349 387 3537 484 falsum
3588 383 3690 481 item

489 519 729 587 explicat
783 513 1147 584 Theophrast.
1196 509 1274 565 De
1327 508 1506 562 causis
1557 505 1728 577 plant.
1796 502 1921 557 libr.
1981 516 2057 564 v1,

490 625 611 680 cap.
647 608 734 670 18,
793 606 1031 662 Καλοῦσι
1078 603 1135 657 δὲ
1173 602 1242 656 τὰ
1271 600 1369 673 μὲν
1397 599 1585 663 ὀποὺς,
1634 598 1702 652 τὰ
1735 596 1793 650 δὲ
1829 594 2058 667 δάκρυα.

490 700 814 771 Κοινότερον
853 698 911 751 δὲ
940 699 969 750 ό
1011 695 1160 758 ὀπός.
1194 692 1448 763 Διαφέρει
1474 690 1532 743 δὲ
1570 690 1699 751 ίσως
1730 686 1900 749 οὐδὲν,
1941 683 2063 737 ἐπεὶ

442 798 448 807 ’
487 792 549 845 τό
590 808 655 860 γε
678 790 984 844 κοινότατον
1034 785 1332 857 ἁνωνύμως
1378 782 1694 854 λεγόμενον·
1741 780 1774 851 ἢ
1827 779 2062 848 ὑγρότης

486 883 666 937 οἰκεία
690 881 813 935 καθ’
843 880 1069 933 ἕκαστον
1095 877 1255 948 πέψιν
1276 876 1492 946 ἔχουσα.
1515 874 1613 929 Διὰ
1633 874 1689 928 δὲ
1715 874 1775 927 τὸ
1808 887 2064 943 σωματω-

487 974 746 1046 δεστέρας
771 969 910 1026 εῖναι
937 971 1033 1025 καὶ
1065 970 1349 1042 γλίσχρας,
1378 967 1478 1032 τὰς
1496 967 1540 1021 δ’
1569 965 1876 1029 ὑδατώδεις,
1912 962 2062 1032 ἀγλί-

486 1081 704 1137 σχρους,
721 1063 830 1116 τῶν
861 1063 958 1134 μὲν
986 1062 1194 1129 γίνεται
1215 1058 1401 1133 πῆξαι,
1424 1058 1532 1113 τῶν
1558 1058 1603 1111 δ’
1631 1057 1713 1110 οὗ.
1742 1056 1887 1128 Πρὸς
1911 1055 2059 1119 ἐνίας

484 1157 542 1211 δὲ
580 1157 675 1210 καὶ
712 1152 1155 1228 παρεμϐάλλουσί
1193 1169 1246 1206 τι
1270 1150 1361 1204 τοῦ
1402 1151 1592 1220 πῆξαι,
1628 1150 1722 1204 καὶ
1758 1148 2056 1216 συλλέγειν.

558 1246 721 1310 lbid.,
757 1246 856 1300 lin.
890 1244 978 1299 i0.
1014 1245 1204 1299 Ἀλλο
1246 1242 1357 1312 τὰρ
1378 1241 1500 1309 τῆς
1537 1240 1776 1310 σχίνου.
1822 1237 2059 1294 Lentisci

485 1338 781 1411 lacrymam
807 1338 1129 1394 masticbem
1158 1351 1282 1391 esse
1303 1332 1580 1402 colligitur
1595 1347 1662 1387 ex
1686 1329 2063 1409 Theophrasto

482 1429 564 1486 De
586 1404 713 1483 tim.
745 1428 916 1496 plant,
960 1427 1055 1480 lib.
1092 1442 1165 1479 Ix.
1202 1439 1250 1479 c.
1297 1423 1346 1485 l,
1384 1422 1706 1475 Συνίσταται
1738 1404 1805 1473 ’δὲ
1836 1420 1929 1474 καί
1971 1419 2063 1472 ἐπὶ

480 1523 584 1592 τῆς
611 1521 817 1592 σχίνου,
848 1520 944 1573 καὶ
972 1518 1064 1571 ἐπὶ
1100 1516 1197 1588 τῆς
1236 1514 1476 1587 ἀκάνθης
1520 1515 1619 1585 τῆς
1668 1513 1836 1583 ίξίνης
1873 1511 2065 1567 καλου-

487 1617 679 1688 μένης,
705 1614 766 1679 ὲξ
802 1607 877 1670 ὧν
922 1615 955 1684 ἡ
998 1612 1254 1684 μαστίχη.
1300 1607 1432 1676 Quae
1471 1617 1650 1663 autem
1700 1608 1772 1662 sit
1815 1605 1962 1659 ixine
2011 1610 2065 1658 et

482 1724 649 1778 quam
675 1705 996 1763 mastit-hem
1026 1710 1275 1774 procreet
1295 1702 1436 1756 idem
1463 1700 1835 1770 prosequitur,
1866 1698 1959 1752 lib.
1980 1711 2060 1761 vr,

482 1816 607 1870 cap.
630 1799 685 1864 4,
729 1798 795 1852 Ἦ
828 1795 965 1868 ίξίνη
995 1795 1188 1864 φύεται
1214 1795 1310 1865 μὲν
1336 1794 1395 1846 οὐ
1425 1791 1712 1863 πολλαχοῦ·

481 1893 541 1948 δέ
571 1895 738 1947 ἐστιν’
771 1891 879 1945 ἀπὸ
906 1890 962 1944 δὲ
984 1889 1084 1960 τῆς
1106 1887 1259 1962 ῥίζης
1290 1887 1460 1958 μέσης
1486 1886 1515 1938 ὁ
1531 1881 1899 1956 σπερματικὸς
1919 1882 2054 1936 ἄκα-

482 2002 573 2049 νος
588 1983 944 2054 ὲπιπέφυκεν,
961 1981 1146 2050 ὥσπερ
1166 1979 1331 2051 μῆλον
1347 1973 1403 2032 εὖ
1426 1976 1567 2049 μάλα
1584 1971 2055 2047 ἐπικεκρυμμένον

482 2076 578 2131 ἐπὶ
617 2075 729 2130 τῶν
764 2074 999 2145 φύλλων.
1049 2066 1215 2135 Οὗτος
1257 2070 1313 2123 δὲ
1343 2070 1437 2123 ἐπὶ
1468 2067 1563 2122 τοῦ
1605 2066 1776 2138 ἄκρου
1813 2063 1967 2135 φέρει
1995 2061 2057 2114 τὸ

482 2166 719 2239 δάκρυον
757 2163 1041 2236 εὔστομον,
1086 2163 1181 2216 καὶ
1211 2158 1370 2213 τοῦτό
1414 2158 1622 2229 ἐστινὴ
1665 2152 1932 2224 ἀκανθικὴ
1964 2151 2059 2209 καὶ

482 2257 521 2328 ἡ
555 2255 811 2327 μαστίχη.
848 2253 961 2325 Ego
994 2261 1176 2307 tamen
1219 2249 1396 2320 magis
1437 2248 1505 2302 ad
1538 2259 1771 2302 mentem
1816 2242 2057 2298 auctoris

482 2358 538 2406 et
559 2349 981 2411 adsententiam
1026 2347 1282 2417 legerem.
1315 2344 1411 2397 καὶ
1439 2341 1595 2395 τοῦτό
1633 2342 1780 2394 ἐστιν
1817 2339 1860 2413 ἠ⁴
1884 2337 2055 2392 ἀκάν-

482 2440 610 2514 θικὴ
643 2439 905 2513 μαστίχη,
936 2447 990 2495 et
1023 2439 1079 2493 ni
1112 2451 1332 2493 vererer
1367 2434 1436 2490 ab
1468 2432 1742 2503 aliquibus
1795 2440 2055 2500 tanquam

483 2534 666 2590 audax
696 2533 966 2598 accusari,
1012 2533 1242 2587 libenter
1271 2529 1462 2599 utique
1504 2540 1604 2597 pro
1644 2525 1863 2587 ἄκανος,
1890 2522 2055 2578 ἅκαν-

482 2649 577 2715 θος
613 2649 871 2720 legerem,
917 2652 978 2702 ut
1019 2644 1214 2700 modus
1242 2642 1567 2713 pbrasisque
1606 2654 1713 2694 una
1755 2636 2055 2706 eademque

481 2739 863 2812 Theophrasto
897 2745 1176 2802 servetur;
1215 2735 1348 2791 dicit
1377 2733 1524 2789 enim
1558 2733 1697 2786 hanc
1727 2726 2050 2784 mastichem

479 2833 730 2905 generari
775 2831 869 2886 ἐπὶ
908 2831 1008 2903 τῆς
1030 2828 1291 2900 ἀκάνθης,
1322 2843 1431 2883 non
1469 2826 1560 2880 ἐπὶ
1587 2823 1681 2879 τοῦ
1705 2821 1930 2885 ἀκάνου,
1984 2834 2057 2875 ex

480 2942 595 2998 quo
622 2942 732 2983 non
754 2924 1042 2995 ἀκανθική,
1074 2923 1166 2979 sed
1191 2923 1445 2994 δικανική,
1472 2921 1765 2983 diceretur,
1791 2915 2024 2989 quemad
2040 2945 2054 2956 -

479 3020 705 3076 modum
738 3028 793 3075 et
819 3017 1079 3073 ἀκανικαὶ
1114 3016 1356 3077 ἄκανθαιΔ
1388 3014 1529 3085 apud
1561 3014 1739 3084 ipsum
1775 3011 2048 3083 leguntur,

2165 492 2401 563 pretium
2430 485 2728 545 mastiches
2766 482 3000 538 Turcico
3025 476 3335 550 imperatori
3372 474 3581 528 nomine
3605 471 3691 523 tri-

2164 562 2284 643 buti
2314 582 2549 655 persolvi
2588 600 2600 636 :
2634 578 2730 636 sed
2764 577 2879 631 haec
2910 585 3039 631 sunt
3062 570 3290 626 alterius
3330 564 3545 637 negotii.
3566 562 3693 616 Dale-

2163 676 2415 746 campius
2442 673 2681 728 Plinium
2701 667 3053 739 reprehendit
3081 662 3226 735 quod
3253 660 3390 716 falso
3411 655 3692 713 masticliem

2167 767 2371 822 resiuis
2412 763 2638 836 liquidis
2670 756 3139 818 annumeraverit,
3173 753 3269 807 lib.
3321 767 3434 814 xw,
3467 763 3580 818 cap.
3620 746 3690 800 20.

2165 857 2272 914 Sed
2322 856 2621 911 immerito.
2666 850 2929 907 Mastiche
2969 848 3113 902 enim
3155 840 3524 906 dum-elliuit,
3568 847 3693 892 ante-

2161 964 2327 1021 quam
2358 948 2667 1009 coalescat,
2701 944 2865 998 lluida
2901 950 2986 997 est
3014 934 3468 1010 quemadmodum
3503 939 3553 986 et
3578 940 3692 984 tere-

2162 1018 2404 1095 binthus.
2444 1035 2502 1089 Et
2533 1034 2720 1089 forsan
2756 1041 3003 1101 tempore
3029 1027 3192 1083 Plinii
3222 1040 3312 1080 res
3339 1023 3496 1077 aliter
3532 1035 3586 1074 se
3613 1018 3691 1072 ha-

2163 1130 2330 1185 bebat
2374 1142 2439 1182 ac
2474 1125 2636 1181 modo
2665 1123 2936 1179 videmus.
2989 1116 3310 1175 Communis
3353 1120 3438 1169 est
3483 1111 3692 1167 omnium

2165 1220 2221 1273 in
2249 1233 2313 1274 ea
2344 1216 2526 1272 insula
2576 1214 2799 1269 traditio
2842 1228 2875 1267 a
2918 1210 3222 1279 majoribus
3271 1210 3494 1274 excepta
3537 1199 3692 1255 masti-

2164 1308 2321 1363 chem
2368 1308 2523 1378 prius
2581 1303 2845 1375 liquidam
2898 1301 3230 1369 ﬂuidamque
3273 1296 3465 1352 fuisse.
3521 1291 3691 1347 Verum

2168 1403 2461 1468 postquam
2494 1405 2726 1450 sanctus
2754 1392 2847 1448 Dei
2876 1400 3086 1463 martyr
3115 1388 3355 1445 Isidorus
3378 1387 3432 1442 iu
3456 1400 3516 1440 ea
3546 1383 3692 1437 insula

2165 1489 2424 1559 martyris
2487 1501 2693 1543 corona
2758 1486 2997 1550 ditatus,
3041 1483 3109 1538 ad
3167 1481 3446 1537 cmlestem
3494 1476 3691 1548 patriam

2163 1580 2565 1651 commigravit,
2593 1580 2648 1634 in
2683 1578 2883 1633 durum
2931 1590 3136 1646 corpus
3158 1573 3322 1629 veluti
3364 1569 3563 1642 gummi
3590 1581 3693 1620 ron-

2165 1674 2428 1735 crevisse,
2461 1670 2627 1741 idque
2650 1670 2917 1740 sanguine
2947 1670 3085 1723 tanti
3133 1665 3390 1737 martyris
3426 1662 3693 1733 praestitum

1746 1751 2057 1863 ριέόφυλλον

2160 1761 2353 1827 fuisse,
2389 1761 2518 1817 dum
2551 1777 2649 1833 per
2701 1763 2824 1816 illas
2863 1758 3089 1814 arbores
3132 1755 3521 1813 dilacerandus
3558 1751 3691 1822 equis

2162 1852 2173 1864 ρ
2373 1853 2403 1864 .-
2536 1853 2568 1864 -σ
2648 1860 2658 1864 -
2765 1859 2775 1864 -
2851 1850 2863 1864 ι
2923 1849 2937 1864 ι
2996 1858 3007 1864 -
3152 1847 3192 1864 n
3240 1848 3299 1864 ..-
3349 1847 3361 1864 I
3388 1851 3504 1864 ne---
3536 1841 3671 1864 ----.-ι

2158 1852 2494 1907 immanibus
2536 1853 2736 1922 ligatus
2763 1849 3103 1905 trahebatur.
3151 1847 3302 1907 Facti
3348 1847 3510 1915 hujus
3535 1841 3694 1896 memi-

2159 1945 2240 1999 nit
2272 1943 2534 2000 Nicolaus
2567 1944 2983 2016 Pepagomenus
3012 1943 3264 1996 oratione
3294 1939 3350 1993 in
3373 1938 3572 1993 dictum
3590 1950 3692 1991 san-

2156 2043 2330 2101 ctum,
2349 2051 2512 2107 quam
2544 2035 2791 2093 Latinam
2813 2050 2841 2088 a
2867 2035 3027 2089 nobis
3048 2033 3244 2087 factam
3267 2047 3373 2085 una
3400 2027 3690 2084 cumGraeca

2156 2128 2375 2199 publico
2394 2127 2700 2195 commodo,
2734 2124 2843 2180 Deo
2877 2125 3060 2189 dante,
3094 2123 3333 2179 edemus.
3355 2120 3592 2189 lsitaque
3605 2117 3687 2171 ait:

2156 2218 2328 2288 Λόγος
2357 2217 2414 2271 δέ
2440 2234 2524 2281 τις
2552 2217 2773 2292 φέρεται
2802 2216 2896 2271 καὶ
2929 2215 3082 2288 ἡμῶν
3108 2215 3234 2285 ἄχρι
3269 2212 3496 2282 φθάσας,
3533 2210 3601 2274 ὡς
3621 2207 3691 2261 τὸν

2156 2306 2251 2370 νῦν
2289 2308 2661 2380 καταρρέοντα
2685 2306 2791 2360 τῶν
2822 2304 3016 2376 σχίνων
3051 2304 3202 2367 ὀπὸν,
3235 2304 3329 2357 καὶ
3360 2300 3688 2371 πηγνύμενον,

2159 2398 2274 2457 ῐστε
2316 2399 2517 2462 πάντες
2556 2398 2728 2453 ὁπόσα
2780 2396 2971 2450 τούτου
3009 2394 3156 2466 παρὰ
3194 2397 3306 2457 τοῖς
3351 2393 3500 2456 Χίοις
3542 2389 3689 2461 μόνοις

2157 2487 2319 2561 φορὰ,
2348 2489 2444 2543 καὶ
2473 2487 2550 2552 ὡς
2571 2487 2729 2559 είπερ
2765 2504 2817 2540 τι
2850 2486 2929 2557 τῷ
2966 2485 3063 2556 βίῳ
3088 2485 3260 2555 τούτῳ
3293 2482 3688 2537 λυσιτελέστατον

2155 2580 2278 2641 καθ’
2315 2581 2478 2635 αὐτόν
2520 2596 2581 2633 τε
2651 2580 2746 2634 καὶ
2786 2582 2897 2644 τοῖς
2937 2579 3114 2642 ἄλλοις
3157 2576 3592 2648 ἐπιμιγνύμενον,
3632 2569 3689 2643 μὴ

2154 2671 2391 2745 πρόσθεν
2423 2670 2650 2744 ἰσχυρὰν
2677 2670 2905 2725 είωθότα
2935 2670 3230 2740 λαμϐάνειν
3254 2669 3351 2738 τὴν
3389 2667 3562 2738 πῆξιν,
3586 2665 3689 2717 κὰν-

2151 2764 2342 2820 τεῦθεν
2371 2767 2482 2828 τοῖς
2499 2762 2923 2827 ὖδασιν,ὖοντος,
2946 2760 3506 2833 συμπαραφερόμενόν
3531 2774 3584 2810 τε
3617 2753 3688 2809 καὶ

2152 2857 2545 2929 ἀπολλύμενον.
2577 2854 2702 2910 Ὅτι
2734 2854 2807 2927 μὴ
2831 2854 2970 2911 πάνυ
2994 2853 3215 2925 μετρίου
3238 2853 3381 2916 τινὸς
3402 2852 3526 2907 ἄνευ
3555 2849 3597 2902 ol
3617 2844 3687 2898 τοῦ

2156 2951 2432 3023 μάρτυρος
2478 2946 2651 3014 ἆθλοι,
2699 2949 2794 3002 καὶ
2836 2948 2915 3012 τὰ,
2934 2947 3166 3021 λαμπρὰ
3191 2946 3334 3002 κατὰ
3368 2945 3478 3000 τῶν
3517 2938 3688 3014 ἐχθρῶν

2153 3040 2532 3112 ἀγωνίσματα,
2573 3038 2670 3098 καὶ
2711 3038 2772 3092 τὸ
2800 3038 2898 3110 τῆς
2940 3037 3166 3110 γνώμης
3203 3036 3502 3099 ἀνένδοτον,
3540 3032 3621 3087 καὶ
3646 3029 3687 3081 al

479 3114 578 3169 lib.
610 3129 688 3179 tv,
716 3127 837 3184 cap.
862 3112 914 3180 7,
957 3110 1100 3166 Hist.
1142 3110 1310 3182 plant.
1338 3108 1407 3164 Et
1423 3109 1469 3164 si
1502 3108 1700 3172 ἄκανος
1733 3105 1870 3162 velis
1921 3103 2051 3159 reti-

2160 3103 2777 3204 συχναὶ-καρτερήσεις,
2829 3103 2910 3193 είς
3001 3103 3094 3184 νῦν
3121 3103 3347 3200 όρᾶται,
3400 3125 3532 3198 πρὸς
3571 3120 3687 3175 λίθου

480 3221 635 3269 nere,
686 3220 856 3276 quare
910 3205 1030 3276 ejus
1064 3204 1388 3260 sententiam
1432 3217 1544 3256 non
1595 3199 1912 3265 concludes,
1954 3196 2050 3254 καὶ

479 3295 647 3351 τοῦτό·
673 3297 871 3367 ἐστινὴ
903 3295 1134 3367 ἅκανικὴ
1173 3294 1445 3369 μαστίχηῗ
1474 3291 1578 3348 Sed
1606 3293 1888 3349 dubitasse
1919 3291 2055 3348 satis

480 3388 550 3443 de
579 3389 700 3443 hac.
724 3386 937 3443 Plinius
968 3386 1064 3442 lib.
1106 3401 1205 3449 xu,
1235 3401 1355 3457 cap.
1389 3385 1477 3452 l7,
1517 3383 1620 3441 Sed
1644 3384 1896 3438 mastiche
1921 3399 2054 3454 quo-

480 3495 582 3551 que
614 3479 821 3550 gemina
853 3487 951 3543 est,
979 3478 1229 3548 quoniam
1256 3486 1306 3530 et
1336 3478 1390 3530 in
1419 3476 1550 3530 Asia
1579 3472 1883 3544 Graeciaque
1912 3488 2057 3542 repe-

398 3638 403 3643 ο
481 3571 641 3638 ritur,
670 3569 832 3625 herba
861 3570 1042 3624 radice
1067 3569 1203 3638 {alia
1235 3569 1494 3633 amittens,
1526 3576 1576 3621 et
1618 3564 1876 3620 earduum
1907 3565 2056 3620 simi-

482 3665 583 3718 lem
606 3664 748 3719 malo
776 3664 991 3719 seminis
1014 3663 1245 3733 plenum,
1276 3662 1610 3732 laerymaque
1639 3661 1865 3729 erumpit
1887 3659 2057 3713 incisa

479 3766 631 3824 parte
653 3773 861 3811 summa
886 3758 974 3811 vix
1015 3755 1334 3827 ut-dignosci
1365 3753 1530 3824 possit
1558 3770 1591 3808 a
1630 3751 1883 3806 mastiche
1913 3767 2054 3807 vera.

485 3846 599 3903 Nec
622 3865 725 3903 non
756 3860 807 3904 et
859 3850 1015 3903 tertia
1061 3848 1115 3901 in
1164 3845 1335 3901 Ponto
1367 3855 1443 3899 est
1486 3844 1756 3898 bituminis
1806 3842 2054 3897 similior.

487 3939 888 3995 laudatissima
947 3947 1122 3993 autem
1172 3946 1250 3991 est
1286 3929 1423 3990 Chia
1467 3934 1719 4000 candida,
1753 3933 1906 4003 cujus
1938 3948 2057 4003 pre-

485 4037 619 4088 t'um
650 4033 706 4089 in
758 4032 921 4087 libras
958 4047 1051 4094 xx,
1099 4031 1264 4100 nigrae
1298 4045 1416 4084 uero
1454 4044 1550 4083 xu.
1589 4025 1723 4083 Chia
1759 4043 1787 4081 e
1836 4025 2055 4080 lentisco

485 4126 717 4182 traditur
739 4125 883 4196 gigni
916 4124 1113 4195 gummi
1160 4122 1336 4187 modo,
1383 4121 1717 4178 adulteretur
1757 4127 1819 4173 ut
1869 4118 2054 4184 thura,

482 4220 682 4274 resina.
713 4216 908 4272 Petrus
930 4216 1228 4280 Bellonius,
1251 4214 1620 4271 Observation.
1646 4213 1741 4267 lib.
1767 4226 1830 4278 ιι,
1856 4226 1977 4281 cap.
1998 4211 2051 4275 8,

482 4310 771 4369 Mastiehes
795 4320 1072 4380 proventus
1104 4310 1156 4363 in
1183 4326 1245 4362 ea
1288 4308 1465 4362 insula
1498 4305 1629 4360 Chio
1659 4315 1837 4359 tantus
1868 4311 1968 4368 est,
1997 4312 2055 4355 ut

482 4403 705 4474 singulis
741 4402 895 4457 annis
941 4400 1162 4455 Turcieo
1197 4399 1508 4470 imperatori
1547 4414 1642 4467 pro
1674 4395 1943 4465 quaternis
1977 4394 2056 4448 vel

2156 3222 2316 3293 φύσιν
2345 3222 2513 3291 ἐγγὺς
2542 3220 2928 3292 μετεποίησαν,
2976 3221 3092 3293 ἅμα
3132 3236 3193 3273 τε
3231 3219 3421 3275 τούτου
3462 3213 3689 3281 τοσαύτην

2154 3312 2450 3384 εἰργάσατο
2476 3310 2574 3385 τὴν
2604 3310 2866 3376 ἐπίδοσιν,
2893 3309 2968 3374 ὡς
3003 3309 3205 3382 μηδένα
3239 3307 3435 3385 μικροῦ
3458 3306 3559 3360 τῶν
3580 3302 3688 3372 ὁπή-

2155 3378 2285 3458 ποτε
2328 3404 2433 3473 γῆς
2458 3378 2748 3457 οἰκούντων
2782 3401 2857 3481 μὴ
2884 3402 2983 3473 τῆς
3005 3378 3134 3454 ’κατ’
3161 3378 3279 3465 ἔτος
3307 3378 3586 3455 ἀπολαύειν
3613 3412 3688 3464 φοο

2156 3499 2276 3569 ρᾶς.
2308 3496 2460 3568 Μηδὲ
2484 3494 2593 3567 γὰρ
2619 3495 2684 3549 ἂν
2703 3498 2813 3558 τοῖς
2839 3493 2945 3565 πρὸ
2972 3492 3067 3546 τοῦ
3097 3493 3264 3546 πᾶσιν
3281 3487 3687 3562 ’Δσκληπιάδαις,

2154 3585 2366 3649 οὐδενὸς
2402 3586 2523 3638 ὅτου
2559 3584 2665 3638 τῶν
2696 3584 2831 3654 πρὸς
2861 3582 3099 3653 ἰατρείαν
3132 3580 3320 3634 παθῶν
3349 3581 3419 3643 οὐ,
3445 3575 3688 3650 μεμνημέ-

2154 3694 2285 3742 νοις,
2311 3674 2571 3739 πολλάκις
2620 3673 2803 3745 σχεδὸν
2853 3670 3210 3745 ἀμνημοσύνη
3259 3668 3447 3722 τούτου
3498 3664 3687 3739 προσῆν.

2155 3772 2357 3844 καίπερ
2395 3774 2509 3835 τοῖς
2550 3768 2930 3842 καιριωτάτοις
2972 3764 3413 3838 συμϐαλλομένου
3443 3762 3508 3816 τὰ
3538 3774 3689 3832 περιτ-

2155 3865 2378 3918 τεύοντα
2407 3863 2514 3918 τῶν
2549 3862 2730 3936 ὑγρῶν
2757 3860 3103 3933 ἀποκαθᾶραι
3137 3859 3231 3913 καὶ
3260 3856 3550 3927 ἀλγηδόνας
3574 3852 3689 3906 ἔστιν

2154 3956 2219 4021 ἃς
2256 3955 2608 4027 ἐπικουφίσαι
2637 3972 2697 4007 τε
2727 3955 2821 4017 καὶ
2877 3952 3143 4027 κοιμίσαι,
3182 3950 3278 4004 καὶ
3316 3948 3388 4003 τὰ
3429 3943 3691 4019 παρειμένα

2154 4048 2249 4100 τοῦ
2300 4047 2551 4119 σώματος
2590 4046 3024 4119 ίσχυροποιῆσαι,
3080 4042 3175 4097 καὶ
3227 4041 3527 4116 νευρῶσαι,
3562 4036 3690 4107 φύσιν

2155 4139 2414 4210 ἔχοντος.‹
2445 4140 2651 4202 Ὄντως
2697 4138 2922 4211 ἀρίστου
2977 4138 3071 4191 καὶ
3121 4133 3436 4206 θαυμαστοῦ
3483 4122 3688 4201 γεωργοῦ

2157 4230 2368 4301 καρπὸς
2391 4230 2605 4301 ἥδιστος
2631 4232 2750 4289 κατ’
2784 4227 3099 4299 ἐπωνυμίαν
3129 4225 3293 4280 αὐτοῦ
3324 4223 3690 4296 τὴνένέργειαν

2156 4320 2516 4395 κεκτημένος.
2551 4319 2698 4390 Πλὴν
2740 4320 2862 4372 ὅσον
2889 4318 2917 4370 ὁ
2952 4318 3050 4387 μὲν
3085 4316 3177 4370 καὶ
3212 4314 3390 4385 ψυχὰς
3422 4309 3690 4383 καμνούσας

2156 4413 2299 4479 ἁξιοί
2333 4411 2649 4484 θεραπείας,
2680 4411 2776 4465 καὶ
2820 4412 2931 4473 τοῖς
2970 4409 3032 4462 τὸ
3072 4408 3232 4479 σῶμα
3263 4408 3510 4479 πονήρως
3542 4403 3687 4473 ἔχουσι

482 4497 656 4570 quinis
674 4493 906 4549 millibus
917 4491 1231 4547 ducatorum
1247 4491 1478 4560 pendant
1499 4492 1553 4542 in
1570 4486 1928 4545 deductionem
1941 4485 2055 4555 ejus

2160 4501 2408 4573 δωρεῖται
2440 4501 2537 4573 τὴν
2581 4500 2740 4554 ἴασινο
2789 4502 2817 4553 ό
2853 4499 2910 4552 δὲ
2949 4498 3084 4570 τῷδε
3126 4498 3383 4571 βραχεῖαν
3425 4495 3586 4563 ἐνίησι
3614 4489 3689 4558 τῆς

482 4606 705 4646 summa?
727 4603 885 4660 quam
916 4588 1000 4642 illi
1036 4588 1222 4641 tributi
1252 4584 1461 4640 nomine
1487 4581 1615 4645 dare
1643 4579 1847 4647 debent,
1878 4588 1927 4633 et
1950 4578 2065 4631 εἰη-η

484 4685 640 4755 gula:
660 4691 903 4737 centenas
919 4680 1082 4736 libras
1103 4676 1515 4747 eentenisquinis
1535 4674 1744 4727 dncatis
1768 4673 2056 4735 trstimnnt,

481 4772 737 4845 quidquid
749 4773 863 4842 ejus
885 4781 1115 4841 superest
1138 4770 1238 4824 sibi
1260 4776 1546 4823 reservant.
1576 4764 1719 4819 Galli
1744 4773 2058 4819 mercatores

481 4867 767 4922 mastiches
779 4866 1004 4936 pretium
1018 4863 1153 4917 idem
1165 4871 1406 4931 perpetuo
1422 4876 1534 4914 esse
1546 4857 1936 4913 considerantes
1949 4858 2061 4910 eati—

482 4962 728 5022 stimant;
741 4967 895 5027 atque
917 4957 1073 5011 etiam
1089 4955 1318 5023 referunt
1334 4951 1778 5018 ilicolas,collecta
1789 4951 1901 5019 ejus
1918 4958 2061 5002 certa

482 5049 800 5121 quantitate,
818 5048 1073 5115 reliquam
1099 5045 1343 5115 abjicere.
1378 5043 1482 5098 Sed
1512 5044 1566 5098 id
1592 5043 1802 5097 veritati
1832 5042 2063 5096 maxime

487 5140 813 5194 contrarium
858 5146 936 5191 est
968 5153 985 5191 :
1015 5153 1139 5190 nam
1174 5137 1254 5189 uti
1290 5132 1523 5189 diximus
1586 5150 1809 5204 magnas
1855 5134 2058 5202 impen-

486 5247 575 5284 sas
621 5230 675 5283 in
709 5229 915 5284 lentisci
947 5227 1227 5298 fruticibus
1279 5226 1537 5292 colendis,
1572 5234 1623 5281 et
1666 5225 1920 5280 curandis
1973 5224 2061 5295 fa-

488 5321 662 5382 ciunt;
681 5320 770 5373 sed
800 5323 1054 5391 quoniam
1086 5320 1308 5375 Tureico
1332 5321 1636 5387 imperatori
1656 5319 1877 5390 singulis
1907 5321 2060 5372 annis

487 5424 585 5476 pro
616 5422 867 5479 quatuor,
900 5424 992 5468 aut
1026 5415 1261 5484 plurium
1294 5414 1520 5468 millium
1562 5415 1877 5467 ducatorum
1918 5413 2060 5466 testi-

493 5502 726 5554 matione
750 5503 1001 5571 pendunt,
1037 5508 1151 5574 ejus
1176 5508 1406 5572 pretium
1431 5506 1506 5561 uel
1536 5523 1746 5576 augere,
1778 5506 1858 5560 vel
1886 5506 2061 5560 immi-

495 5602 655 5643 nuere
683 5608 787 5646 non
815 5596 954 5651 licet.
986 5598 1043 5651 ln
1074 5597 1276 5667 quibus
1307 5599 1495 5652 multis
1530 5597 1731 5651 labitur
1759 5595 2056 5652 Bellonius.

497 5674 700 5732 Verum
731 5684 873 5737 enim
896 5696 1001 5749 est,
1035 5689 1243 5744 incolas
1272 5689 1588 5758 praescripta
1617 5690 1920 5757 quantitate
1947 5688 2063 5743 col-

503 5768 643 5827 beta
672 5772 934 5841 reliquam
958 5780 1042 5834 vel
1075 5778 1332 5848 abjicere,
1367 5782 1450 5837 vel
1483 5781 1771 5853 negligere.
1816 5780 2056 5847 Falsum,

2162 4581 2403 4664 ἰατρείας
2424 4593 2742 4665 ἀπόρροιαν.

2229 4683 2391 4750 Ιι)ἰ(1.,
2419 4685 2518 4738 lin.
2548 4685 2635 4739 ll.
2658 4683 2769 4739 Kal
2791 4682 2981 4748 ἄλλος
3000 4685 3033 4736 ὀ
3055 4680 3166 4750 τῆς
3179 4680 3523 4751 βαλσάμου.
3553 4674 3690 4735 Τῆθο·

2159 4775 2417 4851 phrastus
2451 4775 2506 4828 in
2539 4773 2678 4827 valle
2710 4771 2882 4842 Syria:
2911 4770 3086 4836 nasci,
3124 4768 3363 4824 tructum
3398 4766 3561 4835 magis
3584 4762 3688 4814 odo-

2160 4877 2338 4923 ratum
2371 4882 2496 4923 esse
2528 4881 2691 4935 quam
2739 4866 3058 4935 lacrymam,
3102 4870 3157 4918 et
3199 4862 3445 4920 incisura
3485 4857 3613 4915 facta
3634 4865 3687 4905 et

2160 4957 2407 5022 caudice,
2450 4957 2566 5011 sive
2612 4964 2764 5024 parte
2807 4968 3065 5023 superna,
3110 4961 3299 5007 testate
3332 4959 3444 5005 tota
3475 4956 3683 5003 succum.

2162 5049 2257 5102 sed
2312 5048 2462 5102 illum
2516 5046 2909 5116 paucissimum
2944 5044 3149 5115 colligi,
3196 5044 3292 5099 lib.
3330 5059 3384 5096 ιι
3430 5038 3505 5096 De
3530 5038 3681 5092 histor-

2159 5139 2353 5207 plant.,
2388 5151 2511 5207 cap.
2558 5134 2612 5200 6,
2656 5135 2729 5188 Τὸ
2771 5135 2826 5188 δὲ
2869 5134 3142 5206 βάλσαμον
3183 5134 3391 5202 γίνεται
3427 5130 3521 5203 μὲν
3557 5120 3685 5190 ἐντῷ

2161 5230 2381 5295 Αὐλῶν,
2420 5228 2498 5300 τῷ
2524 5228 2650 5300 περὶ
2671 5228 2908 5301 Συρίαν,
2952 5226 3308 5299 παραδείσους
3342 5224 3386 5278 δ’
3424 5219 3554 5277 εἷναί
3580 5231 3682 5288 φασι

2159 5321 2252 5375 δύο
2271 5321 2481 5391 μόνους,
2500 5320 2588 5372 τὸν
2612 5319 2710 5390 μὲν
2724 5319 2847 5372 ὅσον
2870 5317 3040 5371 εἴκοσι
3067 5312 3313 5389 πλέθρων
3358 5316 3448 5369 τὸν
3472 5315 3513 5368 δ’
3534 5313 3682 5378 ἕτερον

2162 5412 2339 5484 πολλῷ
2376 5412 2647 5467 ἐλάττονα.
2687 5410 2913 5482 Reliqua
2938 5411 3059 5466 vide
3093 5411 3235 5480 apud
3266 5407 3678 5478 'l‘heOphrastum.

2161 5520 2227 5559 ex
2256 5520 2365 5575 quo
2402 5502 2609 5565 Plinius
2648 5503 2745 5557 lib.
2788 5517 2890 5565 xu,
2925 5517 3046 5572 cap.
3086 5502 3179 5567 25,
3233 5515 3330 5556 sua
3366 5497 3582 5568 accepit,
3602 5501 3681 5546 ne:

2160 5597 2416 5652 convenit
2446 5597 2499 5651 in
2518 5595 2774 5653 omnibus
2805 5595 2872 5649 de
2898 5593 3128 5649 historia
3157 5590 3387 5649 balsami
3436 5591 3678 5643 auctorum

2161 5688 2448 5765 sententia.
2517 5686 2725 5742 Plinius
2783 5684 2917 5740 dicit
2957 5685 3260 5740 balsamum
3309 5682 3398 5736 uni
3446 5680 3677 5733 terrarum

2159 5779 2359 5838 Judazae
2405 5795 2772 5848 concessum;
2839 5776 3188 5836 Dioscorides
3241 5772 3487 5833 concedit
3543 5765 3679 5824 etiam
