3840 6164
201 317 310 374 857

1217 315 1283 370 ΙΝ
1323 318 1692 375 ΕυδτΑτιηι
1719 311 2188 375 ΗΕΧΑΕΜΕΒΟΝ
2219 321 2449 376 NOTAE.

3341 323 3446 378 858

203 439 482 510 Aigypto;
521 436 718 492 Strabo
753 437 846 492 lib.
889 454 978 491 xvr
1025 438 1280 494 silvestre
1328 441 1482 494 nasci
1531 439 1696 492 tradit
1729 441 1782 492 in
1815 449 1860 499 Α
1890 440 2104 494 sarculis
2130 452 2420 505 excoctum,
2445 440 2649 510 glebam
2674 441 2835 494 habui
2864 451 3067 494 erutam
3102 456 3257 510 prope
3302 440 3447 494 Nar-

207 532 505 586 maritimis
539 529 850 585 Sabaeorum
879 548 898 599 ;
941 529 1351 602 Theophrastus
1383 533 1633 586 silvestre
1664 531 1780 584 bal-

209 638 425 679 samum
458 611 664 676 nullum
707 637 935 692 usquam
978 632 1254 692 repertum
1291 623 1536 693 accepit;
1579 620 1783 676 Pausa-

208 715 337 766 nias
371 712 426 765 in
453 711 699 765 Bceoticis
730 713 955 767 arbores
987 712 1043 767 in
1081 715 1279 767 Arabia
1313 714 1598 776 describit,
1632 728 1781 783 myr-

208 812 394 858 torum
440 805 836 875 magnitudine,
874 806 1019 860 foliis
1052 806 1310 860 amaraci.
1355 804 1490 859 Vide
1517 806 1781 874 reliquam

206 897 500 951 historiam
535 900 845 967 viperarum
897 899 1000 953 sub
1040 900 1158 966 ejus
1198 898 1390 952 fronde
1429 898 1781 950 latitantium.

212 989 425 1044 Plinius
452 991 620 1044 incidi
649 992 814 1053 vitro,
840 991 1016 1060 lapide
1044 991 1326 1060 osseisque
1347 990 1608 1051 cultellis,
1640 989 1783 1043 ferro

211 1082 358 1144 laedi,
386 1082 792 1152 Theophrastus
827 1083 1018 1138 ferreis
1059 1083 1333 1152 unguibus
1367 1082 1499 1136 caedi
1525 1123 1540 1146 ,
1575 1079 1783 1134 Plinius

213 1178 446 1244 primam
481 1176 711 1245 gratiam
755 1191 878 1230 esse
923 1176 1196 1246 lacrymae,
1244 1173 1539 1229 secundam
1567 1172 1781 1234 semini,

211 1267 431 1320 tertiam
473 1267 688 1330 cortici,
719 1267 1000 1320 minimam
1050 1267 1198 1336 ligno
1220 1266 1332 1333 ait;
1375 1263 1784 1334 Theophrastus

213 1359 447 1428 primam
481 1357 717 1423 fructus,
755 1358 1051 1413 secundam
1085 1358 1364 1426 lacrymaa,
1399 1357 1648 1410 ultimam
1673 1355 1786 1409 vir-

214 1465 428 1519 garum.
457 1447 737 1503 Diversum
771 1450 935 1518 hujus
982 1449 1214 1504 balsami
1267 1448 1560 1519 colligendi
1612 1449 1782 1501 ratio-

215 1556 340 1594 nem
377 1541 496 1596 sine
542 1556 779 1596 censura
829 1550 1018 1594 narrat
1051 1541 1362 1595 Brocardus
1401 1540 1700 1594 monachus
1731 1548 1784 1594 et

214 1648 276 1687 se
309 1633 511 1687 vidisse
558 1633 774 1699 fatetur,
817 1633 874 1687 in'
920 1633 1287 1702 descriptione
1317 1641 1475 1686 terra:
1529 1640 1731 1686 sanctae
1766 1651 1780 1686 :

216 1724 317 1778 Est
344 1725 504 1778 etiam
538 1725 610 1778 ibi
644 1726 828 1779 hortus
858 1725 1118 1788 Balsami,
1149 1726 1241 1796 qui
1287 1727 1545 1796 irrigatur
1579 1743 1610 1778 a
1640 1725 1783 1791 fonte

209 1832 394 1884 parvo.
420 1817 675 1870 uberrime
722 1828 892 1871 tamen
933 1818 1143 1886 ﬂuente,
1171 1818 1223 1870 in
1250 1834 1350 1886 quo
1393 1819 1540 1870 aiunt
1571 1817 1780 1871 beatam

226 1907 492 1978 Virginem
520 1925 738 1978 puerum
767 1908 948 1962 Iesum
985 1910 1171 1962 lavisse
1197 1925 1213 1961 :
1234 1909 1295 1960 ob
1332 1908 1384 1960 id
1415 1908 1634 1962 habetur
1663 1911 1779 1978 fetis

213 1999 306 2051 ille
345 2000 396 2051 in
427 2002 774 2063 veneratione,
799 1999 987 2052 nedum
1033 2016 1064 2052 a
1098 1997 1436 2060 Christianis,
1468 2015 1640 2052 verum
1669 2009 1716 2052 et
1750 2018 1782 2053 a

214 2087 520 2145 Saracenis.
557 2089 773 2144 Modum
818 2090 1096 2160 colligendi
1141 2090 1436 2143 balsamum
1482 2090 1619 2143 hunc
1657 2090 1784 2143 mihi

216 2178 476 2234 Saraceni
497 2181 853 2235 ostenderunt.
885 2180 1184 2250 Carpebant
1214 2181 1401 2248 folium
1431 2197 1592 2232 unum
1621 2197 1652 2232 α
1684 2180 1780 2233 sti-

212 2275 344 2340 pite,
391 2273 658 2327 adhwrent
690 2275 829 2327 enim
861 2275 993 2341 folia
1043 2274 1233 2341 stipiti,
1267 2283 1314 2325 et
1346 2283 1534 2325 contra
1573 2271 1779 2324 radium

217 2364 352 2417 solis
386 2363 520 2416 illud
549 2365 918 2431 discerpent“,
950 2373 1149 2433 guttam
1195 2362 1577 2415 lucidissimam
1621 2371 1670 2414 et
1702 2378 1786 2413 su-

216 2471 318 2524 pra
367 2455 578 2508 modum
614 2456 932 2524 odoriferam
965 2456 1254 2508 elicuerunt
1290 2471 1306 2507 :
1339 2464 1387 2507 et
1418 2457 1461 2507 is
1506 2465 1582 2507 est
1634 2469 1782 2506 verus

215 2551 391 2617 liquor
431 2549 699 2602 balsami:
732 2550 820 2618 qui
848 2550 900 2602 in
940 2549 1148 2614 phialas
1191 2549 1381 2600 vitreas
1417 2546 1703 2616 colligitur,
1734 2555 1783 2599 et

215 2640 287 2693 ad
309 2641 542 2693 diversas
576 2640 755 2693 mundi
780 2650 956 2705 partes
979 2640 1230 2701 mit-titur,
1264 2641 1473 2692 tametsi
1509 2654 1632 2692 raro
1671 2638 1784 2690 sine

215 2731 454 2784 mixtura
489 2730 558 2782 ad
589 2732 816 2800 regiones
848 2739 1052 2783 nostras
1095 2731 1377 2796 perveniat.
1406 2729 1566 2781 Aiunt
1599 2728 1781 2792 etiam,

213 2825 262 2878 si
299 2824 488 2890 folium
527 2822 658 2876 illud
690 2834 873 2877 contra
904 2823 1109 2874 radium
1137 2823 1263 2876 solis
1296 2837 1398 2874 non
1430 2820 1785 2890 frangeretur,

215 2910 431 2963 minime
459 2926 671 2963 succum
706 2911 857 2962 illum
889 2910 1140 2965 stillaret.

288 3001 409 3056 Col.
438 3003 564 3068 7H,
606 3004 702 3057 lin.
743 3003 827 3056 15.
858 3002 1178 3070 Ἰστοροῦσι
1199 3002 1264 3055 δέ
1280 3019 1436 3069 τινες
1452 3001 1627 3055 καὶτὸ
1644 2998 1784 3068 ἤλε-

215 3111 417 3163 κτρον.
457 3094 711 3158 Basilius,
755 3094 901 3147 hom.
947 3095 1000 3158 5,
1043 3094 1212 3163 Λόγος
1246 3093 1302 3146 δέ
1346 3094 1429 3157 τίς
1461 3095 1575 3147 ἐστι
1604 3093 1698 3147 καὶ
1723 3094 1783 3145 τὸ

215 3187 481 3258 ἤλεκτρον
501 3187 631 3240 ὀπὸν
656 3182 793 3240 εἶναι
817 3187 997 3256 φυτῶν
1020 3188 1098 3250 εἰς
1121 3187 1267 3239 λίθου
1292 3186 1450 3256 φύσιν
1475 3185 1792 3257 ἀποπηγνύο

219 3294 402 3348 μενον.
431 3275 644 3331 Psellus
689 3277 753 3330 de
783 3276 1048 3344 lapidibus
1077 3277 1273 3346 duplex
1304 3277 1565 3330 electrum
1591 3277 1792 3330 consti-

219 3376 352 3434 tuit,
398 3385 566 3423 unum
603 3369 869 3433 Indicum,
923 3369 1153 3422 alterum
1206 3366 1534 3437 Libyticum.
1579 3376 1632 3420 et
1660 3367 1790 3419 dicit

216 3461 449 3531 reperiri
478 3461 632 3529 juxta
664 3459 885 3513 ﬂuvium
925 3459 1240 3519 Eridanum,
1292 3457 1497 3522 subdit,
1533 3458 1704 3510 Ἔνιοι
1733 3456 1788 3510 δὲ

217 3555 316 3610 καὶ
338 3555 568 3622 δάκρυον
587 3553 717 3606 αὺτό
737 3570 864 3622 φασι
880 3553 1090 3624 δένδρου
1117 3552 1276 3615 τινός.
1308 3550 1520 3619 Κοῦφον
1549 3551 1656 3620 γάρ
1676 3553 1790 3602 ἐστι

215 3647 314 3699 καὶ
335 3645 613 3716 θυμιᾶται,
644 3645 719 3709 ὡς
747 3648 774 3698 ὁ
805 3644 1093 3708 λιϐανωτὸς
1125 3645 1218 3698 καὶ
1247 3646 1280 3714 ἡ
1315 3644 1567 3715 μαστίχη.
1597 3642 1790 3698 Varias

219 3744 508 3794 auctorum
557 3737 856 3791 sententias
904 3737 971 3791 de
1023 3737 1286 3801 succino,
1341 3745 1394 3790 et
1436 3738 1554 3805 ejus
1582 3736 1808 3806 origine,

216 3830 442 3899 collegit
488 3828 716 3895 Plinius,
771 3828 868 3885 lib.
919 3843 1129 3891 xxxvii,
1183 3843 1301 3897 cap.
1355 3827 1390 3881 2
1443 3837 1497 3884 et
1549 3829 1602 3892 5,
1652 3843 1789 3898 quas

215 3918 312 3973 hic
339 3934 622 3974 recensere
649 3919 892 3987 ineptum
936 3932 1056 3972 esse
1094 3917 1244 3972 duxi.
1283 3916 1338 3972 Si
1361 3920 1485 3988 quis
1513 3917 1790 3973 eruditio-

219 4028 350 4066 nem
386 4013 523 4066 tanti
569 4013 674 4067 viri
703 4021 756 4066 et
808 4011 1068 4066 admirari
1097 4019 1152 4066 et
1195 4014 1444 4067 venerari
1490 4013 1785 4078 desiderat,

220 4105 384 4158 adeat
425 4107 600 4159 locum
636 4106 834 4159 mirum
878 4121 1032 4164 sane.
1062 4113 1114 4160 et
1141 4105 1452 4158 omnimoda
1501 4105 1788 4174 prudentia

218 4196 584 4266 doctrinaque
639 4196 1084 4266 refertissimum.
1133 4194 1244 4250 Nos
1298 4195 1496 4250 miselli
1547 4194 1676 4248 item
1733 4202 1788 4248 et

217 4302 492 4358 pauperes
523 4288 587 4342 ad
634 4289 786 4342 illum
824 4288 956 4358 quid
990 4286 1293 4341 addemus?
1325 4285 1652 4341 Aristoteles
1689 4284 1784 4338 lib.‘

221 4377 306 4434 De
345 4378 674 4434 mirabilibus
719 4379 1098 4436 auscultation.
1145 4379 1212 4433 ad
1264 4378 1454 4432 fictilia
1504 4386 1786 4448 poetarum

1885 532 2070 586 bonem
2102 535 2154 585 in
2211 533 2326 602 ejus
2362 533 2558 601 lapidis
2607 535 2803 602 fodinis
2833 534 3055 588 dimidia
3087 549 3151 587 ea:
3175 543 3323 602 parte
3365 535 3446 586 ni-

1884 643 2074 697 gram,
2129 625 2302 679 altera
2354 625 2569 692 ﬂavam,
2621 627 2823 678 succini
2878 625 3029 680 modo
3062 641 3078 678 :
3107 625 3242 694 quod
3290 641 3446 694 argu-

1882 727 2057 771 mento
2113 717 2406 770 certissimo
2448 728 2547 781 est,
2585 718 2855 770 succinum
2895 734 2953 771 eo
2991 716 3143 769 modo
3168 718 3306 786 gigni
3345 733 3446 787 quo

1882 808 2134 862 diximus.

1959 901 2116 966 lbid.,
2159 901 2256 956 lin.
2293 901 2379 956 l9.
2417 903 2595 956 Τοῦτο
2626 902 2690 954 τὸ
2723 902 2978 967 ἡλιακὸν
3003 901 3147 970 φῶς.
3189 901 3446 968 Quzenam

1887 993 2053 1046 fuerit
2086 995 2177 1046 lux
2212 995 2301 1046 illa
2344 994 2518 1062 prima
2573 994 2767 1062 priscis
2820 995 2926 1046 illis
2970 994 3304 1062 temporibus
3343 1008 3441 1048 nec

1886 1099 1992 1138 non
2024 1085 2172 1139 hisce
2198 1085 2402 1138 nostris
2433 1093 2852 1137 controversum
2883 1084 3059 1138 adhuc
3093 1091 3211 1138 est:
3245 1085 3311 1138 de
3331 1097 3440 1153 qua

1885 1177 2006 1231 fuse
2037 1184 2091 1230 et
2137 1177 2417 1230 enucleate
2448 1176 2604 1228 multi
2651 1176 3018 1244 disputarunt.
3071 1175 3440 1232 Damascenus

1890 1269 1986 1323 lib.
2021 1285 2082 1333 ιι,
2123 1266 2247 1321 Fid.
2285 1268 2514 1334 ortliod.,
2549 1283 2598 1321 c.
2638 1269 2688 1332 7,
2727 1269 3020 1334 existimat,
3069 1269 3243 1322 lucem
3296 1270 3442 1323 illam

1887 1359 2057 1415 fuisse
2079 1361 2406 1413 elementum
2451 1359 2610 1428 ignis.
2643 1359 2964 1413 Ambrosius
3000 1359 3324 1415 Catharinus
3372 1363 3447 1415 ait

1886 1451 2059 1504 lucem
2096 1451 2240 1504 illam
2273 1450 2440 1504 fuisse
2471 1451 2643 1504 lucem
2693 1450 2825 1504 solis
2857 1451 3172 1519 perfectam,
3199 1468 3352 1522 seque
3382 1468 3446 1506 ac

1886 1554 2032 1594 nunc
2058 1546 2173 1606 est;
2209 1539 2370 1607 cujus
2403 1539 2758 1607 perfectionis
2789 1554 2838 1593 et
2881 1541 3304 1608 pulchritudinis
3333 1559 3448 1596 ma-

1885 1649 2048 1704 gnum
2082 1649 2203 1688 esse
2228 1640 2630 1702 argumentum,
2659 1634 2803 1702 quod
2835 1649 2897 1687 ea
2929 1633 3068 1690 Deus
3099 1635 3214 1704 ipse
3232 1652 3334 1691 suo
3361 1637 3450 1705 ju-

1887 1725 2032 1778 dicio
2065 1723 2458 1792 comprobavit.
2489 1722 2632 1776 Beda
2683 1725 2734 1775 in
2762 1722 3040 1789 Hexaenu,
3071 1723 3326 1780 Nicolaus
3374 1727 3451 1782 De

1895 1816 2033 1887 lyra,
2065 1814 2359 1878 Testatus,
2395 1822 2447 1868 et
2505 1815 2597 1866 alii
2649 1814 2984 1868 arbitrantur
3032 1817 3259 1886 primam
3304 1818 3450 1872 illam

1892 1908 2068 1961 lueem
2119 1922 2225 1959 non
2261 1905 2430 1960 fuisse
2461 1906 2654 1968 solem,
2691 1907 2785 1961 sed
2818 1922 3020 1976 corpus
3064 1909 3336 1977 quoddam
3370 1911 3452 1964 lu-

1889 1997 2068 2050 cidum
2119 1995 2186 2048 ad
2244 1996 2654 2050 similitudinem
2687 1995 2869 2051 densa:
2917 1998 3256 2069 lucentisque
3289 2001 3452 2056 nubis

1890 2089 1946 2143 in
1988 2088 2256 2158 superiori
2287 2096 2440 2157 parte
2469 2089 2658 2144 mundi
2701 2091 2976 2153 videlicet,
3011 2093 3066 2146 in
3111 2106 3219 2162 qua
3265 2105 3451 2164 postea

1891 2182 1973 2236 sol
2002 2190 2085 2234 est
2116 2180 2347 2247 positus,
2379 2181 2523 2250 quod
2542 2182 2688 2235 circa
2722 2183 3030 2237 densiorcm
3059 2185 3296 2239 materia:
3321 2201 3450 2255 par-

1891 2281 2020 2338 tem,
2047 2288 2168 2342 quae
2191 2272 2428 2325 medium
2459 2274 2642 2327 mundi
2666 2275 2842 2327 locum
2878 2275 3449 2344 circumplectebatur,

1889 2363 1947 2416 in
1981 2361 2167 2414 orbem
2202 2376 2554 2428 conversum,
2586 2363 2797 2416 dierum
2851 2372 2904 2418 et
2936 2365 3181 2418 noctium
3235 2367 3451 2422 vicissi-

1889 2453 2109 2506 tudines
2142 2450 2428 2512 efliciebat,
2459 2461 2512 2507 et
2539 2469 2602 2507 ex
2634 2455 2726 2507 illo
2760 2454 2940 2509 lucido
2976 2471 3204 2524 corpore
3238 2467 3450 2528 postea,

1888 2556 2084 2614 quarto
2115 2542 2202 2598 die
2237 2543 2502 2598 formatus
2538 2553 2619 2598 cst
2661 2545 2740 2597 sol
2769 2546 3050 2613 amplioris
3111 2547 3454 2615 praestantio-

1890 2637 2077 2704 risque
2099 2636 2239 2690 lucis
2262 2635 2565 2688 additione.
2586 2634 2880 2706 Dionysius
2900 2637 3226 2708 Areopagita
3251 2646 3388 2708 part.
3411 2655 3451 2705 I,

1890 2743 2011 2798 cap.
2041 2729 2095 2792 4,
2132 2727 2202 2782 De
2231 2729 2394 2784 divin.
2422 2731 2649 2792 nomin.,
2683 2745 2843 2798 quem
2879 2739 3182 2800 sequuntur
3212 2731 3274 2786 D.
3309 2732 3455 2787 Tho-

1889 2835 2008 2875 mas
2053 2820 2226 2890 prima
2260 2830 2412 2890 parte
2450 2829 2645 2890 qua‘st.
2682 2821 2775 2882 67,
2815 2829 2918 2876 art.
2958 2821 3014 2882 4,
3047 2829 3100 2874 et
3131 2831 3324 2892 qurest.
3365 2823 3451 2888 70,

1891 2921 1996 2967 art.
2029 2912 2052 2965 1
2079 2931 2094 2978 ;
2121 2911 2414 2984 Dionysius
2445 2913 2847 2967 Carthusianus
2871 2928 3036 2982 super
3059 2914 3293 2983 primum
3328 2929 3453 2984 cap.

1890 3003 2088 3059 Genes.
2141 3011 2245 3058 art.
2291 3004 2358 3070 9;
2395 3003 2648 3058 Pererius
2701 3014 2755 3059 et
2810 3005 2900 3059 alii
2951 3006 3286 3071 existimant,
3344 3021 3455 3062 non

1891 3097 2051 3150 aliam
2080 3096 2268 3158 fuisse,
2297 3113 2459 3166 quam
2514 3097 2687 3152 lucem
2713 3098 2865 3162 solis,
2899 3099 2990 3152 sed
3034 3099 3209 3168 primo
3235 3099 3455 3168 quidem

1890 3185 1978 3238 die
2005 3185 2168 3238 veluti
2218 3184 2528 3249 informem,
2563 3194 2618 3240 et
2659 3187 3030 3255 imperfectam
3067 3203 3188 3243 esse
3222 3187 3451 3254 factam,

1889 3284 2087 3347 quarto
2110 3284 2288 3330 autem
2307 3277 2394 3331 die
2411 3276 2579 3332 fuisse
2595 3279 2899 3332 absolutam
2921 3287 2973 3332 et
2996 3289 3454 3335 consummatam.

1889 3370 2029 3423 Αὐτὸ
2057 3369 2164 3441 γάρ
2196 3370 2311 3421 ἐστι
2339 3368 2400 3422 τὸ
2427 3369 2559 3439 φῶς,
2587 3373 2635 3422 εἰ
2669 3371 2761 3424 καὶ
2787 3370 2906 3423 τότε
2935 3370 3336 3440 ἀσχημάτιστον
3363 3367 3451 3441 ἦν,

1889 3464 2024 3533 ὅπερ
2057 3465 2084 3515 ὁ
2118 3462 2259 3525 θεῖος
2311 3461 2415 3532 ἔφη
2460 3461 2683 3530 Μωσῆς,
2733 3463 2827 3515 καὶ
2872 3461 3038 3532 αὐτὴν
3090 3462 3304 3531 ἐκείνην
3355 3463 3454 3534 τὴν

1889 3553 2110 3626 πρώτην
2147 3554 2324 3626 ὁρίσαι
2357 3553 2466 3606 τῶν
2505 3553 2625 3607 καθ’
2665 3555 2810 3624 ἡμᾶς
2841 3552 3060 3625 ἡμερῶν
3099 3553 3308 3625 τριάδα.
3345 3555 3453 3607 Καὶ

1889 3647 2095 3718 ὥσπερ,
2129 3654 2236 3700 etc.
2268 3644 2462 3700 Noster
2485 3654 2696 3711 auctor,
2719 3655 2773 3699 et
2805 3645 3037 3700 Basilius
3061 3661 3181 3698 cum
3213 3661 3278 3698 eo
3305 3645 3451 3699 hom.

1891 3739 1945 3806 6,
1983 3740 2142 3808 cujus
2172 3739 2336 3794 verba
2371 3739 2458 3792 hic
2481 3739 2776 3800 ascribam,
2811 3753 2878 3792 ne
2907 3739 3095 3793 eadem
3128 3739 3328 3808 saepius
3361 3754 3449 3792 co-

1889 3845 1987 3901 gar
2018 3831 2461 3902 repetere,tradit
2489 3831 2717 3900 primam
2741 3831 2879 3884 hanc
2906 3831 3077 3884 lucem
3106 3830 3274 3885 fuisse
3301 3846 3454 3886 crea-

1889 3929 1998 3974 tam
2054 3937 2148 3991 per
2197 3937 2276 3985 se,
2331 3929 2385 3975 et
2419 3921 2855 3985 immaterialem,
2891 3929 3087 3990 quarto
3135 3929 3316 3974 autem
3365 3921 3454 3975 die

1891 4005 2094 4059 factum
2127 4021 2247 4061 esse
2277 4021 2476 4076 corpus
2502 4006 2660 4068 solis,
2700 4015 2956 4074 tanquam
2993 4005 3114 4073 ejus
3145 4004 3451 4058 vehiculum

1889 4097 1977 4150 cui
2011 4097 2173 4150 insita
2212 4105 2266 4150 et
2299 4097 2566 4167 impressa
2621 4107 2726 4152 est.
2759 4098 2891 4150 Τότε
2927 4097 3024 4167 μὲν
3055 4096 3162 4168 γὰρ
3193 4096 3330 4168 αὑτὴ
3359 4097 3454 4149 τοῦ

1889 4188 2066 4258 φωτὸς
2085 4189 2116 4258 ή
2137 4188 2296 4258 φύσις
2323 4189 2596 4260 παρήχθη,
2625 4189 2718 4244 νῦν
2739 4189 2794 4242 δὲ
2817 4189 3109 4262 τὸὴλιακὸν
3123 4189 3278 4242 τοῦτο
3299 4189 3458 4260 σῶμα

1889 4283 2074 4354 ὄχημα
2096 4279 2232 4336 εἶναι
2263 4282 2337 4353 τῷ
2366 4282 2690 4354 πρωτογόνῳ
2717 4281 2911 4352 ἐκείνῳ
2947 4282 3085 4350 φωτὶ
3123 4279 3451 4353 παρεσκεύαρ

1890 4392 2030 4431 σται.
2065 4375 2152 4437 Ὠς
2180 4373 2287 4445 γὰρ
2307 4373 2432 4427 ἄλλο
2453 4373 2512 4426 τὸ
2543 4372 2651 4444 πῦρ
2686 4373 2782 4426 καὶ
2809 4373 2934 4428 ἄλλο
2961 4375 2988 4426 6
3019 4371 3228 4443 λύχνος,
3259 4372 3319 4426 τὸ
3357 4371 3459 4443 μὲν

218 4479 531 4528 commenta
565 4472 784 4541 refugit.
815 4470 1194 4541 Dalecampius
1227 4472 1390 4525 aliam
1435 4471 1647 4525 succini
1678 4469 1784 4525 ori~

1891 4467 1988 4538 τὴν
2013 4465 2105 4519 τοῦ
2126 4465 2377 4536 φωτίζειν
2394 4464 2622 4535 δύναμιν
2650 4465 2789 4534 ἕχον,
2817 4465 2875 4517 τὸ
2899 4464 2954 4516 δὲ
2970 4464 3329 4534 παραφαίνειν
3347 4465 3466 4526 τοῖς

219 4565 404 4634 ginem
437 4571 628 4616 contra
664 4562 897 4617 Plinium
922 4563 997 4616 ita
1029 4569 1217 4617 narrat
1253 4581 1266 4616 :
1309 4561 1374 4615 In
1401 4563 1628 4631 regione,
1676 4577 1791 4632 qua:

217 4656 492 4711 succinum
537 4657 718 4721 mittit,
767 4655 1058 4725 resiniferte
1103 4655 1264 4708 nulla:
1294 4663 1417 4709 sunt
1448 4654 1681 4708 arbores.
1721 4655 1792 4706 At

220 4753 279 4804 in
318 4750 804 4818 septentrionalium
855 4748 1093 4802 littorum
1133 4757 1306 4802 tractu
1347 4747 1615 4802 bituminis
1657 4757 1793 4802 certe

220 4860 386 4912 genus
433 4844 629 4912 ﬂavum
671 4852 748 4896 est
795 4852 851 4896 ut
879 4845 1084 4914 nigrum
1117 4841 1258 4911 apud
1306 4858 1400 4895 nos
1441 4842 1496 4894 in
1547 4841 1787 4905 Avernis,

219 4934 436 5002 eiusque
467 4934 698 5001 naphtha
725 4934 884 5002 ﬂava,
914 4935 1121 5005 qualem
1154 4950 1181 4987 e
1212 4931 1510 4988 Saxonibus
1542 4934 1789 5002 afferunt,

221 5035 274 5078 et
318 5023 604 5093 petroleum
655 5033 863 5087 vocant,
909 5035 964 5077 ut
1001 5025 1140 5093 apud
1182 5041 1273 5077 nos
1307 5035 1446 5077 atra.
1490 5022 1624 5076 Cum
1672 5040 1790 5093 ergo

221 5121 368 5188 fonte
397 5135 492 5171 suo
520 5119 744 5171 scaturit
787 5118 1016 5172 bitumen
1053 5116 1106 5171 id
1138 5117 1294 5171 molle
1327 5117 1516 5183 adhuc,
1547 5127 1597 5170 et
1639 5118 1794 5188 liqui-

222 5211 375 5271 dum,
411 5209 559 5262 obvia
607 5225 822 5279 qquue
881 5208 1237 5278 amplectitur,
1284 5211 1492 5273 retinet,
1541 5209 1788 5264 includit.

224 5303 426 5358 Fluctu
468 5319 586 5357 vero
634 5301 893 5356 lambente
938 5304 992 5356 in
1032 5304 1200 5356 altum
1250 5303 1583 5371 provolutum
1622 5305 1792 5373 magis

222 5398 500 5464 vertigine,
536 5405 584 5448 et
615 5397 899 5466 salsugine,
935 5399 1280 5466 temporisque
1304 5396 1657 5451 diuturnitate
1687 5396 1790 5449 du-

222 5488 404 5547 rescit,
438 5495 494 5540 ut
534 5487 674 5555 apud
714 5504 808 5541 nos
837 5487 1267 5555 pissasphaltum,
1303 5495 1352 5541 et
1371 5487 1491 5557 jam
1535 5497 1645 5540 tum
1673 5505 1790 5541 suc-

221 5579 403 5631 cinum
439 5587 537 5640 est,
576 5579 748 5647 sicque
787 5589 1086 5632 concretum
1123 5578 1177 5631 in
1218 5579 1390 5632 littore
1421 5577 1534 5646 ejus
1573 5581 1794 5632 scaturi-

222 5671 338 5740 gini
380 5672 619 5738 opposito
663 5670 896 5723 adversis
941 5670 1100 5724 ventis
1143 5669 1373 5739 eji‘citur.
1407 5669 1648 5740 Gagatis,
1703 5673 1793 5740 qui

225 5764 415 5830 procul
443 5761 602 5816 dubio
639 5762 862 5818 bitumen
895 5772 968 5818 est
1004 5763 1056 5817 in
1103 5762 1383 5819 visceribus
1412 5771 1567 5818 terra:
1613 5762 1791 5816 multis

1891 4557 2164 4628 δεομένοις
2213 4557 2596 4626 ἰτεττοιηι.ιιένον⁹
2637 4555 2778 4610 οὕτω
2827 4557 2920 4608 καὶ
2960 4554 3038 4624 τῷ
3087 4554 3465 4625 καθαρωτάτῳ

1896 4650 2089 4721 ἐκείνῳ
2133 4649 2226 4703 καὶ
2261 4648 2559 4719 εἰλικρινεῖ,
2587 4647 2680 4701 καὶ⁹
2724 4646 2872 4716 deny
2918 4649 3077 4716 φωτὶ,
3130 4646 3310 4716 ὄχημα
3361 4645 3467 4699 νῢνν

1891 4745 1939 4795 οἱ
1970 4743 2255 4814 φωστῆρες
2280 4739 2810 4810 κατεσκευάσθησαν.
2845 4740 2988 4794 Idem
3019 4739 3228 4793 videtur
3254 4738 3466 4793 sentire

1895 4835 2192 4904 Gregorius
2237 4833 2638 4898 Nazianzenus,
2679 4838 2734 4885 et
2785 4832 2898 4892 alii,
2945 4845 3083 4900 quos
3133 4845 3297 4900 supra
3339 4830 3456 4884 lau-

1894 4927 2165 4981 davimus.
2207 4923 2359 4980 Hanc
2391 4925 2634 4979 ultimam
2673 4925 3018 4986 sententiam,
3062 4922 3310 4992 quamvis
3355 4922 3456 4975 mi-

1896 5035 2013 5074 ram
2039 5035 2067 5073 a
2102 5019 2427 5090 quibusdam
2460 5018 2850 5078 existimatam,
2877 5024 2930 5071 et
2963 5031 3160 5070 novum
3194 5015 3454 5069 inducem

1893 5123 2000 5168 tem
2031 5113 2355 5166 miraculum
2378 5110 2522 5179 quod
2547 5109 2768 5163 minime
2797 5108 3184 5162 admittendum
3204 5107 3258 5160 in
3288 5107 3454 5160 histo-

1892 5206 1973 5259 ria
2005 5205 2300 5260 creationis
2326 5244 2340 5268 ,
2375 5211 2434 5257 ut
2465 5204 2650 5258 multis
2699 5203 2934 5264 videtur,
2971 5203 3025 5255 in
3076 5216 3172 5254 sua
3205 5199 3460 5256 doctrina

1895 5299 1969 5352 ita
2025 5297 2340 5351 defenderet
2393 5294 2746 5364 Palingenius
2807 5310 2873 5347 ex
2923 5293 3008 5347 sui
3056 5290 3276 5345 Zodiaci
3322 5291 3454 5346 Viue

1894 5391 2018 5444 libr.
2049 5404 2146 5454 sn,
2169 5387 2406 5442 aitenim
2446 5384 2610 5440 Deum
2643 5400 2741 5440 sua
2781 5385 3170 5454 omnipotentia
3192 5399 3255 5438 ac
3279 5385 3465 5439 sciens

1894 5485 1968 5536 tia
1997 5491 2148 5538 extra
2188 5483 2384 5536 malum
2417 5481 2572 5550 plura
2610 5487 2664 5533 et
2696 5479 2903 5548 majora
2937 5492 3172 5541 creasse,
3210 5478 3466 5547 quinimo.

1895 5593 2014 5630 cum
2054 5576 2290 5646 potuerit

2193 5717 2262 5728 ——
2289 5685 2485 5739 Facere
2516 5687 2748 5754 inﬁnita,
2778 5683 3068 5751 putandum
3099 5692 3175 5754 est

2001 5759 2213 5815 Fecisse
2244 5759 2450 5826 infinita
2483 5753 2786 5826 omnemque
2813 5754 3046 5824 explesse
3068 5753 3318 5822 vigorem,
