3840 6164
446 275 551 331 859

1808 251 2058 311 LEONIS
2097 249 2367 307 ALLATII

3594 231 3700 289 880

555 389 666 445 Nec
687 403 922 444 servasse
956 386 1008 438 in
1037 400 1092 438 se
1123 398 1334 444 vanum,
1370 378 1445 434 vel
1491 376 1677 431 inutile
1713 374 2022 445 quidquam.
2053 372 2100 427 Α
2128 367 2275 421 btcus
2295 366 2348 420 in
2376 362 2589 432 Eclogis
2607 358 2858 430 physicis,
2888 354 3140 411 Julianus
3167 352 3427 423 Apostata
3450 388 3467 414 ,
3497 353 3698 421 hymno

517 502 632 558 [loc
666 508 845 556 autem
872 498 1140 553 inilnitum
1163 512 1285 550 esse

483 616 708 677 Puram,
751 614 1088 673 immensam,
1122 617 1173 664 et
1227 609 1341 661 sine
1378 621 1594 674 corpore
1625 605 1813 677 lucem,

555 675 767 749 Lucem,
796 700 900 754 qua
923 683 1091 736 nostri
1125 679 1253 754 solis
1286 681 1433 754 longe
1457 679 1628 730 minor
1656 684 1734 729 est
1765 675 1878 733 lux,

554 756 769 820 Lucem,
805 749 964 825 quam
1013 751 1204 805 terreni
1236 749 1536 825 oculi_non_
1555 762 1765 825 cernere
1788 750 2020 825 possent,

557 816 769 891 Lucem,
797 816 956 895 quam
989 838 1056 877 ea:
1084 838 1196 875 sese
1223 820 1445 889 effundit
1493 817 1633 872 Deus
1663 816 1951 886 inﬁnitam.

521 940 588 995 Et
620 940 770 994 illam
811 938 990 992 lucem
1022 949 1146 991 esse
1194 935 1313 989 sine
1354 945 1587 1001 corpore
1631 926 1776 999 quod
1804 927 2026 981 minime

450 1032 668 1087 videtur
699 1027 1117 1091 inconveniens,
1142 1040 1267 1080 cum
1292 1024 1391 1078 lux
1410 1037 1520 1077 non
1551 1018 1836 1092 proveniat
1858 1034 1887 1071 a
1910 1032 2025 1071 ma-

449 1124 606 1190 teria,
634 1121 728 1179 sed
759 1137 789 1175 a
819 1119 993 1175 forma
1014 1160 1031 1186 ,

693 1245 763 1256 —
787 1212 870 1267 Ea:
892 1228 998 1283 qua
1029 1212 1104 1266 vis
1137 1218 1188 1263 et
1213 1208 1372 1263 decor
1408 1207 1567 1278 eﬁluit
1590 1205 1779 1260 omnis.

520 1306 652 1373 Quae
684 1322 808 1362 cum
841 1304 1219 1360 concedantur
1265 1299 1455 1354 formis
1490 1296 1816 1366 .corporeis,
1851 1293 2024 1348 multo

446 1398 625 1469 magis
656 1395 1065 1452 concedendum
1088 1401 1171 1448 est
1199 1392 1389 1446 formis
1422 1387 1783 1458 incorporeis.

556 1488 869 1544 Pratsertim
892 1503 1009 1540 cum
1040 1486 1146 1539 sint
1186 1498 1333 1551 purae
1360 1481 1552 1550 magis,
1592 1488 1641 1533 et
1673 1489 1869 1551 tenues.
1903 1486 1955 1530 et

558 1560 855 1623 Participes
888 1559 1051 1610 multo
1086 1549 1296 1608 uberius
1336 1552 1642 1623 pulchrique
1676 1549 1916 1619 bonique.

562 1629 682 1684 Ima
703 1622 838 1683 inter
860 1628 1011 1680 divos
1042 1642 1143 1696 quo
1171 1625 1389 1696 quisque
1419 1622 1682 1696 potentior
1709 1630 1810 1684 est,
1835 1629 1884 1672 et

559 1701 779 1770 Dignior
806 1699 902 1751 hoc
939 1693 1098 1770 etiam
1121 1693 1314 1770 majori
1341 1694 1536 1770 lumine
1560 1693 1741 1770 fulget.

570 1759 739 1840 Ut'que
762 1770 897 1823 inter
922 1768 1103 1840 stellas
1140 1759 1305 1819 multo
1330 1759 1689 1840 nitidissimus
1717 1771 1794 1816 est
1821 1759 1923 1825 sol,

567 1833 663 1896 Sic
679 1843 816 1894 inter
848 1840 995 1892 divos
1031 1839 1165 1891 lucet
1198 1851 1290 1889 rea:
1322 1834 1412 1887 ille
1440 1833 1675 1887 deorum.

566 1908 690 1965 Non
729 1921 904 1964 tamen
937 1908 1181 1963 obscurat
1214 1907 1461 1975 reliquos,
1484 1906 1610 1975 quin
1649 1903 1852 1973 perﬁcit
1882 1898 2022 1954 illos.

457 2001 570 2059 Nec
590 2003 890 2074 requiritur
918 2016 1031 2065 aer,
1059 2001 1113 2055 in
1140 2014 1249 2070 quo
1280 2007 1537 2068 tanquam
1576 1997 1631 2050 in
1666 1994 1915 2066 subjecto
1942 1995 2027 2047 lu-

450 2113 578 2153 men
617 2096 752 2152 illud
792 2096 1077 2159 inhaereat,
1116 2110 1240 2149 cum
1293 2109 1388 2147 aer
1428 2091 1651 2146 minime
1681 2091 1751 2146 sit
1804 2090 2026 2145 luminis

454 2187 784 2258 subjectum.
828 2201 1004 2256 neque
1036 2186 1218 2239 lumen
1253 2184 1326 2240 sit
1353 2185 1407 2238 in
1429 2197 1555 2237 aere
1585 2200 1599 2235 :
1632 2179 1749 2234 Ima
1780 2196 1871 2233 aer
1899 2196 2026 2233 con-

458 2290 544 2335 tra
572 2289 649 2335 est
690 2281 744 2334 in
778 2279 992 2342 lumine,
1030 2284 1084 2332 et
1113 2277 1229 2342 lux,
1264 2285 1408 2330 stare
1450 2282 1619 2345 potest
1655 2273 1847 2342 absque
1887 2272 2026 2325 aeris

455 2375 587 2429 uisu.
607 2371 721 2427 Lux
745 2387 871 2427 vero
897 2386 1018 2441 quae
1046 2380 1131 2425 est
1159 2370 1212 2423 in
1246 2369 1477 2431 sole,est
1496 2365 1760 2438 particula
1793 2364 1930 2419 lucis
1952 2365 2029 2418 di-

453 2467 615 2529 vinae,
650 2464 883 2536 ideoque
914 2465 969 2518 in
1002 2463 1118 2519 sole
1143 2462 1385 2525 nitescit,
1406 2460 1655 2531 quamvis
1694 2460 1749 2512 in
1784 2457 1894 2512 Deo
1916 2472 2026 2511 non

454 2556 950 2627 comprehendatur
980 2564 1202 2627 propter
1239 2555 1520 2609 materiam
1570 2551 1718 2606 illius
1738 2591 1753 2617 ,
1783 2565 1902 2620 quae
1944 2556 2027 2604 est

456 2649 564 2702 luci
601 2648 905 2718 aptissima.

525 2739 637 2794 Illa
661 2742 820 2795 etiam
849 2740 944 2794 lux
974 2740 1155 2794 diuina
1183 2746 1262 2792 est
1292 2738 1545 2805 impressa
1577 2735 1806 2788 aliarum

524 2811 779 2879 Diuorum
813 2812 1020 2879 formis,
1054 2810 1290 2879 quamvis
1330 2825 1431 2879 non
1466 2805 1705 2879 omnibus
1738 2819 1881 2873 aque
1904 2843 1929 2867 ,.

531 2878 601 2934 Ut
631 2898 735 2935 non
765 2876 934 2935 stella:
966 2876 1141 2934 omnes
1173 2877 1589 2948 a’qualilumine
1613 2876 1811 2948 lucent.

528 2950 636 3021 ﬁed
670 2952 840 3021 magis
865 2943 1340 3021 unaalia,quanto
1367 2947 1476 3021 haec
1505 2946 1783 3021 perfectior
1810 2943 1905 2997 illa
1925 2952 2024 2997 cst.

531 3019 699 3101 (itque
723 3016 828 3075 una
857 3020 1079 3101 candela
1106 3016 1241 3073 alias
1269 3016 1549 3100 accendere
1585 3018 1782 3099 plures,

530 3077 643 3145 Nec
676 3102 850 3145 tamen
884 3096 1000 3156 ipsa
1028 3107 1184 3145 suum
1218 3090 1436 3147 amittit.
1477 3077 1727 3141 min'uitve
1759 3086 2026 3146 nitorem;
2055 3077 2105 3137 C

529 3161 693 3215 Haud
721 3180 868 3218 secus
896 3162 993 3215 illa
1023 3163 1120 3214 Dei
1150 3160 1242 3213 lux
1268 3161 1557 3222 inviolata,
1585 3156 1818 3227 nihilque

529 3232 843 3287 Decrescens
874 3231 1010 3287 alios
1037 3234 1268 3302 impertit
1299 3231 1492 3284 lumine
1519 3229 1691 3282 divos.

460 3324 813 3394 Palingenius
838 3324 1023 3394 itaque
1051 3322 1520 3394 oppugnatoribus
1548 3319 1712 3390 hujus
1748 3315 2032 3373 sententiae

462 3419 537 3473 ita
563 3417 916 3488 responderet
948 3436 960 3471 :
988 3414 1190 3472 Lucem
1222 3416 1371 3469 illam
1403 3415 1477 3468 ita
1503 3420 1741 3468 creatam
1776 3410 1897 3466 sine
1923 3409 2033 3463 ulla

461 3513 689 3567 materia
721 3511 967 3581 potuisse
988 3525 1085 3580 per
1117 3525 1177 3564 se
1200 3509 1504 3564 subsistere
1537 3507 1656 3562 sine
1685 3519 1831 3570 aere,
1868 3503 1922 3556 in
1948 3517 2033 3557 se-

462 3602 696 3671 metipsa
726 3602 895 3656 veluti
920 3601 971 3654 in
1010 3600 1229 3669 propria
1265 3599 1462 3661 forma,
1494 3613 1615 3668 quae
1642 3604 1759 3652 erat
1789 3594 1857 3648 ab
1884 3594 2033 3648 omni

459 3710 692 3766 corpore
722 3702 775 3749 et
814 3695 1045 3749 materia
1089 3702 1364 3763 separata,
1393 3700 1447 3747 et
1470 3691 1554 3745 sic
1600 3688 1807 3743 nullum
1833 3700 2032 3741 novum

463 3788 743 3842 inducitur
772 3786 1121 3852 miraculum;
1144 3785 1234 3838 illa
1261 3793 1452 3855 postea
1492 3784 1585 3837 lux
1606 3787 1802 3852 quarto
1824 3778 1913 3833 die
1934 3778 2036 3832 fuit

463 3880 566 3935 soli
597 3879 1025 3940 communicata,
1069 3895 1178 3933 non
1206 3895 1300 3949 per
1320 3876 1675 3932 mutationem
1694 3871 2034 3929 substantia-

461 3973 591 4038 lem,
622 3971 714 4026 sed
746 3986 843 4041 per
864 3972 1136 4026 diversam
1182 3970 1629 4040 applicationem,
1675 3963 2033 4037 quemadmo-

458 4063 592 4119 dum
646 4062 825 4117 lumen
877 4063 1121 4118 divinum
1176 4062 1617 4118 communicatur
1672 4058 1872 4122 beatis,
1926 4069 2035 4126 qua

460 4157 961 4213 communicatione
996 4155 1133 4210 liunt
1175 4154 1456 4218 luminosi,
1492 4151 1655 4208 sicuti
1691 4150 1875 4205 multae
1903 4162 2037 4201 can-

457 4248 596 4303 dela:
625 4262 870 4304 accensae
895 4264 923 4301 a
948 4249 1120 4318 prima
1151 4246 1398 4303 candela.
1433 4246 1537 4301 Sed
1561 4246 1629 4301 de
1651 4245 1754 4299 hac
1784 4243 2036 4312 Palinge-

462 4343 541 4397 nii
582 4343 854 4397 sententia
900 4342 1134 4395 aliorum
1162 4349 1282 4396 esto
1308 4336 1882 4410 judicium;qu:edam
1910 4351 2035 4391 esse

458 4452 584 4506 qua:
633 4441 689 4490 et
739 4441 900 4488 caute
940 4434 1065 4504 legi,
1095 4441 1150 4487 et
1183 4432 1478 4504 prudenter
1515 4429 1780 4501 explicari
1837 4429 2032 4485 debere

2141 4416 2295 4485 ponit
2318 4411 2488 4467 Iacob

458 4543 681 4583 censeo.
710 4525 910 4581 Verum
944 4526 1076 4581 mihi
1103 4540 1317 4596 semper
1335 4526 1389 4579 in
1421 4524 1507 4578 his
1538 4523 1723 4587 rebus,
1753 4521 1807 4575 in
1834 4521 2033 4590 quibus

461 4629 672 4676 natura:
699 4619 782 4675 vis
839 4626 894 4674 et
926 4617 1181 4681 facultas,
1206 4632 1390 4672 rerum
1422 4614 1741 4670 difficultate
1772 4626 2033 4682 oppressa

459 4715 763 4781 decumbit,
795 4720 851 4769 et
878 4713 1080 4767 mentis
1107 4709 1362 4766 humanae
1403 4709 1584 4775 acies,
1623 4705 1878 4775 oculique
1909 4705 2036 4759 cali-

458 4816 612 4878 gant,
640 4820 741 4861 nec
782 4805 891 4859 nisi
949 4802 1131 4858 afflatu
1186 4801 1374 4857 divino
1418 4798 1736 4856 confirmari
1779 4802 2031 4868 possunt,

462 4907 775 4953 sanctorum
826 4894 1052 4949 Patrum
1100 4893 1375 4948 sententia
1408 4890 1625 4945 videtur
1676 4886 2033 4958 probabilior,

461 4992 793 5059 minimeque
825 4987 1081 5041 curiosus
1114 4985 1452 5040 intellectum
1505 4981 1745 5053 captivo,
1775 4978 1880 5034 etsi
1924 4992 2032 5032 non

461 5083 649 5139 eadem
682 5097 803 5153 quae
826 5091 880 5136 et
909 5096 1035 5152 ego,
1064 5080 1363 5135 sentientes
1388 5077 1673 5131 invenero.

530 5176 645 5229 Col.
665 5176 724 5229 Ἠ
739 5175 790 5241 7,
816 5175 914 5228 lin.
933 5174 1026 5229 25.
1057 5173 1168 5227 Kal
1191 5174 1271 5238 ὡς
1293 5170 1498 5239 ἕτερόν
1514 5186 1587 5223 τι.
1610 5165 1865 5227 Basilius,
1882 5162 2031 5216 hom.

458 5267 491 5319 6
519 5282 533 5319 :
562 5268 650 5330 Ὠς
676 5262 768 5320 οὖν
790 5265 978 5337 ἕτερον
1004 5264 1103 5333 μέν
1123 5281 1176 5316 τι
1203 5265 1268 5333 τῇ
1300 5260 1513 5331 φύσειὴ
1539 5258 1820 5326 λευκότης,
1849 5255 2034 5325 ἕτερον

458 5359 515 5410 δέ
540 5375 591 5410 τι
618 5357 680 5410 τὸ
710 5356 1136 5427 λελευκασμένον
1162 5354 1336 5425 σῶμα⁸
1363 5351 1504 5405 οὕτω
1532 5351 1625 5403 καὶ
1655 5348 1725 5401 τὰ
1753 5347 1848 5401 νῦν
1879 5348 2033 5417 εἰρη-

463 5448 620 5517 μένα,
643 5448 876 5520 διάφορα
898 5448 1026 5501 ὄντα
1046 5447 1251 5517 ἥνωται
1268 5448 1334 5515 τῇ
1360 5444 1589 5514 δυνάμει
1608 5440 1702 5495 τοῦ
1729 5441 2030 5502 κτίσαντος.

534 5534 691 5597 lbid.,
722 5536 817 5589 lin.
852 5535 941 5590 28.
974 5536 1215 5587 Ἔπειτα
1247 5534 1353 5587 τὸν
1380 5533 1558 5601 ἥλιον
1585 5532 1653 5584 ἐκ
1685 5530 1791 5584 τοῦ
1823 5528 2029 5595 πυρός.

466 5625 539 5678 De
566 5626 699 5677 solis
739 5633 956 5686 natura,
995 5624 1394 5697 magnitudine,
1434 5625 1627 5694 figura,
1658 5620 2034 5677 conversioni-

467 5715 589 5767 bus.
628 5711 865 5778 dcfcctu,
894 5714 1087 5784 signis,
1120 5726 1173 5772 et
1209 5725 1381 5780 motu,
1408 5716 1528 5771 vide
1559 5730 1679 5785 qute
1712 5712 1879 5769 refert
1911 5711 2035 5768 Sto-

2127 460 2183 512 in
2216 457 2416 521 Solem,
2438 463 2492 510 et
2522 452 2771 508 Proclus.

2193 548 2354 610 lbid..
2387 547 2485 600 lin.
2511 545 2602 599 Π.
2638 542 2707 597 Τὸ
2734 542 2787 595 δ’
2816 539 2963 594 αὐτὸ
2994 536 3377 608 παράδειγμα.
3409 533 3527 588 Hoc
3558 530 3698 589 idem

2123 639 2347 695 uberius
2390 636 2745 708 prosequitur
2770 632 3007 688 Basilius
3041 632 3190 685 hom.
3238 628 3292 683 6.
3323 626 3539 681 Lunam
3572 639 3699 680 vero

2122 731 2255 785 solis
2286 729 2500 800 fulgore
2532 727 2662 798 tegi,
2695 732 2749 780 et
2784 726 2840 779 in
2874 731 3047 778 totum
3069 729 3316 776 mutuata
3345 719 3413 772 ab
3470 733 3540 771 co
3582 717 3701 771 luce

2124 821 2353 892 fulgere,
2402 818 2573 873 refert
2606 817 2817 871 Plinius
2863 814 2957 869 lib.
2997 828 3064 877 ll,‘
3088 826 3210 881 cap.
3252 809 3307 871 9,
3339 808 3503 879 cujus
3536 809 3700 863 verba

2123 929 2246 969 cum
2271 911 2337 966 ad
2364 926 2477 966 rem
2508 908 2712 963 faciant
2734 908 2824 961 hic
2852 905 3145 960 ascribam.
3171 902 3311 958 Solis
3342 901 3699 971 fulgoreeam,

2123 1018 2182 1061 ut
2211 1006 2415 1071 reliqua
2443 1002 2759 1072 sidera,tegi
2798 1017 2815 1054 :
2852 1001 2899 1053 si
2930 999 3140 1070 quidem
3176 999 3228 1050 in
3257 1006 3424 1051 totum
3454 1004 3704 1048 mutuata

2125 1097 2189 1151 ab
2234 1113 2293 1151 eo
2326 1096 2439 1149 luce
2481 1092 2702 1162 fulgere,
2730 1090 2939 1162 qualem
2968 1093 3023 1143 in
3054 1102 3356 1156 repercussu
3391 1101 3549 1155 aqua?
3574 1083 3707 1136 coli-

2125 1199 2238 1244 tare
2290 1188 2664 1257 conspicimus.
2727 1183 2859 1239 Ideo
2896 1182 3137 1238 molliore
3190 1190 3245 1234 et
3293 1178 3608 1247 imperfecta
3660 1177 3705 1228 ri

2123 1281 2342 1344 solvere,
2382 1289 2587 1333 tantum
2616 1278 2908 1339 humorem,
2945 1284 3100 1346 atque
3126 1273 3285 1326 etiam
3308 1285 3523 1339 augere,
3557 1283 3705 1337 quem

2123 1372 2252 1427 solis
2277 1369 2419 1425 radii
2452 1377 2750 1423 assumant.
2784 1366 2910 1421 Ideo
2932 1376 2981 1420 et
3006 1362 3255 1433 inrequali
3278 1360 3476 1413 lumine
3501 1359 3702 1426 aspici:

2122 1466 2250 1536 quin
2279 1477 2345 1517 ea:
2370 1462 2589 1516 adrerso
2620 1461 2830 1514 demum
2845 1460 3023 1530 plena,
3046 1454 3262 1525 reliquis
3283 1452 3469 1505 diebus
3497 1459 3705 1503 tantum

2123 1572 2188 1611 ea:
2219 1573 2273 1611 se
2302 1556 2453 1609 terris
2485 1551 2751 1621 ostendat,
2777 1559 3031 1622 quantum
3052 1564 3117 1603 ea:
3144 1548 3251 1602 sole
3272 1548 3389 1616 ipsa
3420 1543 3702 1609 concipiat.

2130 1648 2196 1703 In
2224 1650 2368 1702 coitu
2403 1646 2610 1718 quidem
2644 1662 2747 1700 non
2797 1645 2940 1699 cerni
2968 1659 2986 1697 :
3025 1643 3275 1713 quoniam
3305 1640 3571 1692 haustum
3589 1651 3704 1688 om-

2060 1717 2101 1771 Β
2127 1758 2244 1796 nem
2289 1739 2422 1815 lucis
2468 1755 2653 1793 aversa
2693 1737 2786 1791 illo
2844 1744 3045 1807 regerat
3080 1733 3217 1788 unde
3247 1731 3529 1801 acceperit.
3560 1729 3704 1798 Apu-

2131 1836 2274 1890 leius
2308 1834 2403 1887 lib.
2438 1831 2513 1886 De
2548 1831 2651 1886 Deo
2677 1830 2917 1886 Socratis
2954 1846 2972 1883 :
3008 1827 3159 1882 Luna
3185 1826 3313 1881 solis
3347 1822 3573 1885 aemula,
3604 1837 3698 1876 no-

2094 1976 2101 1984 .
2127 1929 2226 1981 clis
2259 1926 2410 1989 deus,
2444 1942 2536 1979 seu
2565 1923 2916 1985 corniculata,
2941 1938 3031 1976 seu
3064 1920 3302 1980 dividua,
3326 1933 3418 1972 seu
3445 1914 3704 1985 protumi-

2126 2018 2219 2082 da,
2250 2034 2341 2071 seu
2371 2017 2527 2086 plena
2556 2016 2647 2079 sit,
2685 2015 2833 2069 varia
2862 2013 3061 2082 ignium
3093 2011 3227 2080 face,
3257 2016 3456 2079 quanto
3499 2003 3702 2072 longius

2127 2107 2267 2163 absit
2301 2125 2333 2161 a
2372 2107 2501 2171 sole,
2544 2116 2693 2159 tanto
2748 2104 2951 2175 largius
2997 2102 3305 2156 illuminata
3359 2113 3490 2166 pars
3541 2097 3701 2147 incre-

2127 2211 2298 2256 mento
2335 2201 2540 2255 itineris
2569 2210 2616 2255 et
2647 2199 2861 2253 luminis
2886 2212 3112 2251 mensem
3144 2196 3252 2248 suis
3283 2192 3491 2247 actibus
3528 2207 3592 2244 ac
3613 2204 3701 2257 pa-

2129 2295 2273 2349 ribus
2304 2293 2595 2363 dispendiis
2621 2293 2873 2345 mstimat.
2900 2288 2965 2342 Et
3004 2289 3148 2341 hanc
3177 2287 3248 2341 ob
3274 2298 3504 2339 causam
3532 2280 3697 2336 Graeci

2129 2398 2290 2459 poetae
2332 2388 2467 2442 solis
2499 2386 2664 2440 tiliam
2712 2391 2930 2446 vocant,
2969 2379 3259 2451 Enripides
3285 2379 3344 2433 in
3391 2374 3695 2437 Phoenissis,

2236 2478 2304 2535 Ὦ
2364 2476 2770 2548 λιπαροζώνου
2834 2476 3085 2545 θύγατερ

2242 2572 2473 2629 Ἠελίου
2492 2612 2508 2635 ,

2232 2666 2530 2720 Σελαναία
2548 2705 2563 2728 ,
2609 2662 3066 2733 χρυσεόκυκλον
3092 2658 3330 2728 φέγγος.

2234 2757 2502 2814 llesiodns
2528 2771 2660 2811 vero
2691 2764 2745 2809 et
2766 2753 3028 2824 Virgilius
3062 2764 3303 2807 sororem
3333 2767 3346 2801 :
3378 2768 3383 2771 <

2200 2846 2325 2902 Nec
2343 2848 2531 2917 fratris
2557 2846 2725 2901 radiis
2749 2844 2978 2900 obnoxia
3004 2858 3214 2912 surgere
3229 2840 3379 2893 luna.

2130 2941 2330 2997 Thales
2382 2940 2522 2995 dixit
2553 2955 2674 2995 eam
2721 2954 2752 2993 a
2806 2938 2922 2995 sole
2973 2932 3297 2996 illustrari,
3340 2928 3493 3000 quod
3544 2927 3695 2983 etiam

2130 3032 2493 3106 Pythagoras,
2527 3029 2906 3095 Parmenides,
2934 3025 3317 3098 Empedocles,
3348 3022 3694 3091 Anaxagoras

2133 3134 2189 3181 et
2220 3123 2565 3181 Metrodorus
2616 3129 2931 3178 senserunt.
2967 3120 3243 3174 Avicenna
3295 3124 3351 3171 et
3398 3112 3694 3169 Macrobius

2132 3218 2318 3272 lunam
2347 3232 2375 3270 a
2405 3217 2521 3272 sole
2551 3214 2793 3271 mutuari
2828 3214 3010 3268 lumen
3033 3211 3266 3266 credunt
3296 3227 3308 3262 :
3342 3208 3557 3277 reliqua
3583 3218 3693 3259 verr

2133 3318 2284 3365 astra
2310 3308 2377 3364 de
2402 3324 2504 3362 suo
2529 3308 2825 3362 collucere.
2850 3304 3095 3375 Antipho
3124 3301 3345 3374 prOprio
3370 3315 3494 3355 eam
3526 3298 3694 3352 lucere

2133 3401 2357 3464 lumine,
2381 3406 2565 3470 partes
2589 3406 2773 3453 autem
2804 3397 2927 3467 ejus
2948 3394 3301 3450 absconditas
3323 3404 3557 3446 accessu
3577 3387 3691 3442 solis

2132 3492 2442 3556 obscurari,
2479 3499 2741 3561 tanquam
2768 3487 3097 3543 imbecillius
3121 3500 3150 3538 a
3178 3482 3415 3545 fortiori,
3445 3478 3695 3551 quemad-

2133 3589 2357 3643 modum
2412 3594 2467 3641 et
2521 3585 2646 3639 aliis
2707 3580 2887 3638 stellis
2946 3571 3693 3647 contingit;Anaximandc‘r,

2136 3677 2503 3751 Xenophanes
2535 3676 2818 3747 proprium
2851 3674 3037 3727 lunam
3080 3669 3284 3723 habere
3327 3666 3517 3719 lumen
3559 3664 3697 3717 dixe-

2132 3781 2303 3839 runt;
2350 3769 2676 3825 Aristoteles
2735 3764 3021 3837 proprium
3078 3759 3314 3831 quidem,
3357 3757 3455 3812 sed
3495 3755 3694 3815 rarius;

2137 3866 2310 3920 Stoici
2355 3863 2781 3927 subobscurum,
2813 3865 2866 3915 et
2899 3870 3158 3920 aereum;
3204 3850 3443 3906 Berosus
3484 3856 3697 3902 auctore

2134 3957 2445 4021 Cleomede,
2472 3964 2635 4026 atque
2655 3954 2820 4009 etiam
2840 3949 3090 4005 Vitruvio
3109 3946 3204 4001 lib.
3234 3962 3308 4009 Ix,
3333 3960 3456 4014 cap.
3476 3943 3531 4004 4,
3550 3954 3697 4013 quem

2136 4048 2281 4113 vide,
2312 4048 2529 4119 putavit
2586 4047 2730 4100 lunae
2759 4057 2961 4113 corpus
2999 4039 3163 4110 pilam
3193 4051 3315 4092 esse
3344 4034 3518 4089 altera
3558 4038 3699 4102 parte

2135 4140 2490 4206 candentem,
2520 4137 2694 4191 altera
2727 4133 3018 4189 caeruleam
3044 4171 3060 4195 ,
3089 4129 3319 4198 ejusque
3353 4127 3697 4180 mutationem

2136 4232 2276 4298 ﬁeri,
2313 4237 2477 4301 prout
2505 4227 2683 4298 magis
2726 4225 2978 4280 minusve
3006 4237 3036 4276 a
3062 4221 3178 4276 sole
3210 4217 3529 4287 corripitur.
3561 4215 3697 4270 Cau-

2138 4338 2229 4379 sas
2252 4317 2593 4376 diversitatis
2628 4314 3076 4386 apparentiarum
3123 4311 3179 4364 in
3215 4309 3344 4363 luna
3375 4307 3581 4376 optime
3609 4319 3695 4358 ex-

2493 4427 2557 4466 us
2586 4407 2885 4471 Milicbius,
2913 4410 3211 4459 comment.
3247 4401 3302 4454 in
3332 4402 3514 4454 locum
3550 4397 3694 4452 Plinii

2135 4522 2165 4561 a
2212 4504 2371 4560 nobis
2409 4516 2575 4573 supra
2614 4500 2878 4571 positum.
2913 4493 3117 4549 Verum
3153 4507 3343 4546 eorum
3380 4490 3589 4560 opinio,
3613 4486 3694 4558 qui

2136 4598 2321 4651 lunam
2352 4603 2406 4649 et
2430 4591 2712 4663 proprium
2753 4591 2935 4643 lumen
2979 4586 3199 4648 habere,
3232 4585 3472 4651 itemque
3518 4595 3549 4634 a
3595 4578 3696 4635 sole

2136 4693 2402 4757 mutuari,
2442 4704 2606 4761 quam
2640 4687 2802 4743 etiam
2855 4683 3104 4754 sequitur
3146 4686 3337 4736 noster
3366 4676 3693 4737 Eustathius,

2140 4786 2326 4842 verior
2374 4792 2460 4840 est
2494 4791 2548 4838 et
2571 4779 2939 4852 probabilior;
2974 4775 3137 4829 habet
3170 4773 3315 4827 enim
3369 4785 3530 4825 suum
3584 4782 3696 4837 pro-

2137 4881 2317 4951 prium
2383 4876 2680 4931 obscurum
2740 4866 3145 4942 quodammodo
3199 4880 3299 4919 nec
3349 4864 3692 4918 luminosum.

2134 4973 2435 5027 carbonum
2497 4968 2694 5031 instar,
2754 4963 2950 5033 recipit
2999 4975 3131 5015 vero
3174 4958 3354 5014 solare
3391 4955 3692 5025 Splendens.

2135 5065 2344 5119 clarum
2384 5075 2494 5131 quo
2529 5073 2653 5114 sese
2696 5056 2970 5117 ostendat,
3000 5052 3237 5120 aliisque
3291 5046 3360 5103 ad
3414 5044 3694 5101 videndum

2133 5151 2595 5227 quemadmodum
2654 5147 2895 5204 interdiu
2943 5145 3028 5202 sol
3081 5144 3228 5197 viam
3282 5140 3483 5210 aperit.
3541 5136 3693 5190 Plura

2134 5250 2202 5304 de
2235 5249 2321 5303 his
2374 5243 2695 5300 Cleomedes
2742 5240 2842 5295 lib.
2895 5255 2933 5293 ιι
2978 5235 3224 5302 Meteon,
3271 5235 3419 5289 inter
3472 5239 3691 5286 caetera:

2138 5343 2373 5414 ’ῌδεσαν
2415 5340 2469 5393 δὲ
2517 5338 2614 5392 καὶ⁹
2656 5339 2703 5389 οἱ
2736 5333 3057 5388 παλαετατοι
3093 5328 3202 5382 τῶν
3235 5324 3483 5397 φυσικῶν
3520 5339 3580 5375 τε
3614 5318 3693 5372 καὶ

2135 5412 2498 5506 ἀστρολόγων,
2523 5432 2605 5484 ὅτι
2634 5428 2741 5483 ἀπὸ
2764 5426 2857 5480 τοῦ
2884 5424 3034 5496 ἡλίου
3063 5425 3096 5493 ἡ
3126 5421 3322 5491 σελήνη
3342 5417 3404 5470 τὸ
3430 5415 3546 5485 φῶς
3573 5412 3690 5506 ἔχειῖ

2133 5529 2209 5591 ὼς
2237 5501 2395 5598 δῆλόν
2440 5526 2556 5577 ἐστι
2598 5519 2812 5592 πρῶτον
2857 5516 2954 5588 μὲν
2997 5517 3062 5568 ἐκ
3102 5514 3200 5583 τῆς
3232 5506 3586 5581 ἐτυμολογίας
3601 5501 3690 5556 ’τοῦ

2134 5596 2395 5691 ὀνόματος
2438 5617 2628 5686 αὐτῆς,
2678 5611 2848 5674 οὕτως
2888 5604 3277 5679 ὠνομασμένης
3323 5605 3387 5655 ὲκ
3430 5600 3524 5653 τοῦ
3555 5596 3689 5651 asia:

2135 5708 2300 5780 αὐτὴν
2329 5707 2447 5762 νέον
2478 5706 2618 5777 ἔχειν
2660 5705 2766 5770 ἀεὶ,
2809 5701 2900 5756 καὶ
2945 5701 3005 5752 ὲκ
3041 5696 3134 5749 τοῦ
3179 5691 3508 5748 ἐπιδξδοσθαι
3548 5687 3687 5760 δᾷδας
