3840 6164
160 283 264 338 861

1122 279 1190 334 ιΝ
1230 279 1600 335 EUSTATHII
1626 280 2102 337 HEXAEMERON
2137 281 2367 338 ΝΟΤᾹΞ.

3299 270 3404 325 862

161 403 278 461 τοῖς
305 401 381 461 εἰς
411 398 481 450 τὰ
526 399 842 468 Ἀρτεμίσια
874 398 1116 450 εἰσιοῦσι.
1151 398 1321 453 Τοῦτο
1343 401 1453 472 γὰρ
1482 402 1580 472 μὲν
1611 401 1726 470 σύμ·

1851 417 1977 472 gere
2027 413 2081 456 et
2122 403 2366 457 roborari
2422 403 2717 459 cernimus.
2763 403 3069 460 Ludovicus
3115 405 3311 463 Fidelis
3338 409 3414 465 De

161 491 320 545 δολόν
350 493 464 543 ἐστι
492 489 583 541 τοῦ
615 489 811 556 ἔξωθεν
834 490 976 560 ἔχειν
1002 490 1097 560 τὴν
1120 490 1348 561 σελήνην
1377 492 1435 544 τὸ
1464 492 1598 561 φῶς.

239 583 400 643 lbid.,
434 583 529 636 liti.
557 582 653 634 ult.
695 581 809 650 Τῆς
830 582 1056 651 ἡμέρας
1084 584 1320 651 ἐκείνης
1350 585 1502 654 μήτε
1527 586 1737 652 οὔσης.

163 675 314 743 Lego
347 672 419 743 μὴ
442 673 720 743 καιούσης,
762 675 895 744 μήτε
930 681 1062 736 etc.,
1096 675 1159 727 ad
1191 683 1427 729 mentem
1474 678 1736 738 auctoris,

162 766 263 834 qui
297 765 409 817 haac
445 763 554 816 duo
595 763 647 816 in
686 763 800 816 sole
841 763 1226 824 consideravit,
1273 764 1455 817 lumen
1492 773 1545 819 et
1592 767 1740 819 calo-

162 873 308 920 rem,
346 857 527 910 lumen
560 855 711 909 dedit
743 855 888 919 diei,
931 857 1167 910 calorem
1199 857 1301 911 soli
1337 875 1349 910 :
1383 867 1436 910 et
1483 857 1605 911 ideo
1650 858 1738 912 hic

165 951 244 1003 ait
297 949 464 1004 solem
502 955 713 1001 tantum
750 948 818 1001 ab
859 947 948 1000 illa
991 948 1078 1001 die
1109 964 1283 1016 neque
1318 957 1528 1010 urente.
1561 967 1738 1020 neque

161 1041 542 1104 calefaciente,
575 1041 668 1096 sed
697 1035 872 1094 solum
898 1041 1237 1094 illuminante
1261 1043 1441 1096 lumen
1465 1045 1733 1113 accipere.

233 1133 351 1188 Col.
385 1133 506 1198 '120,
541 1134 634 1186 lin.
662 1131 714 1186 2.
749 1133 874 1185 Ὅτι
909 1131 976 1184 δὲ
1005 1132 1072 1185 ἐκ
1105 1133 1294 1200 πικρὸς
1335 1133 1734 1200 συνέστηκεν.

161 1226 370 1280 Omnes
401 1225 513 1280 fere
549 1235 760 1280 veteres
803 1225 1112 1294 philosophi
1156 1242 1264 1279 uno
1297 1242 1392 1280 ore
1444 1228 1613 1281 solem
1648 1245 1738 1281 ca-

160 1312 334 1366 lidum
387 1321 438 1367 et
490 1312 730 1367 candens
778 1314 907 1382 quid
959 1330 1082 1368 esse
1123 1315 1479 1377 allirmarunt,
1529 1317 1632 1370 etsi
1682 1317 1735 1370 in

159 1405 345 1457 calido
371 1404 472 1458 hoc
508 1405 862 1474 exprimendo
900 1422 1010 1460 non
1035 1405 1410 1460 convenerint.
1452 1405 1737 1476 Euripides

159 1497 216 1550 in
253 1496 542 1551 Phoenissis
575 1499 751 1568 ignem
794 1501 1004 1554 vocavit
1035 1539 1049 1562 ,

191 1656 198 1660 α
274 1590 434 1643 Ἥλιε
473 1591 635 1657 θεαῖς
676 1593 952 1646 ἵπποισιν
981 1593 1270 1646 εἱλίσσων
1288 1593 1504 1660 φλόγα,

268 1694 321 1738 et
349 1685 404 1738 in
437 1684 726 1739 Phaetonte
749 1729 763 1752 ,

270 1795 461 1864 Θερμὴ
504 1796 570 1849 δὲ
597 1796 853 1864 ἄνακτος

269 1888 428 1952 φλὸξ
452 1890 908 1956 ὑπερτέλλουσα
932 1889 1058 1960 γῆς.

233 1979 603 2048 Anaxagoras,
633 1989 686 2035 et
703 1981 1038 2036 Democritus
1059 1983 1281 2047 ferrum,
1296 1985 1379 2037 vel
1395 1999 1450 2038 sa
1460 2000 1582 2037 x-um
1602 1999 1732 2038 can-

156 2072 330 2138 dens;
363 2071 714 2128 Parmenides
743 2075 912 2129 solem
945 2076 1197 2130 ctlunam
1230 2076 1296 2130 de
1316 2077 1524 2130 circulo
1556 2076 1730 2132 lacteo

155 2166 330 2220 voluit
357 2167 760 2230 excerni,illum
793 2168 1278 2236 quidemarariore
1293 2168 1452 2222 calidi
1475 2169 1724 2234 mistura,

157 2259 302 2312 hanc
331 2273 362 2311 a
393 2258 647 2313 densiore
677 2259 858 2330 frigidi
881 2259 1283 2331 ;Xenophanes
1303 2261 1368 2315 de
1387 2262 1624 2317 nubibus
1647 2263 1725 2316 in-

155 2353 341 2408 censis
370 2360 548 2406 ortum
596 2356 768 2409 solem
819 2364 1069 2424 putat,et
1105 2356 1372 2412 defectum
1398 2357 1591 2412 iisdem
1634 2373 1729 2412 ex-

156 2442 372 2497 stinctis
387 2445 624 2507 evenire,
645 2452 699 2498 et
717 2445 880 2498 alium
900 2461 1092 2501 rursus
1110 2447 1241 2500 oriri
1263 2466 1278 2512 ;
1297 2448 1724 2517 Theophrastus,

155 2533 401 2602 physicis
435 2534 688 2603 igniculis
713 2535 780 2589 de
811 2535 1031 2588 humida
1061 2535 1404 2590 exhalatione
1434 2538 1722 2606 componi;

151 2625 548 2679 Anaximandri
593 2635 648 2680 et
693 2627 922 2680 aliorum
957 2627 1246 2699 Opiniones
1278 2627 1402 2682 vide
1436 2629 1578 2697 apud
1603 2626 1727 2682 Sto-

153 2717 332 2769 baaum
367 2715 421 2768 in
467 2714 680 2785 Eclogis
708 2716 960 2786 physicis,
989 2732 1106 2787 pag.
1143 2719 1246 2784 535;
1279 2725 1332 2772 et
1367 2717 1556 2773 Patres
1579 2719 1724 2772 anti-

152 2807 274 2876 qui,
315 2804 574 2866 Basilius.
623 2807 770 2860 hom.
795 2808 858 2874 6;
893 2807 1235 2878 Augustinus
1264 2809 1509 2879 pluribus
1561 2811 1614 2864 in
1645 2811 1726 2865 lo-

153 2899 273 2962 cis;
335 2897 661 2952 Ambrosius
701 2899 796 2952 lib.
830 2915 887 2952 ιι.
923 2898 1176 2953 Hexaem.
1219 2909 1272 2954 et
1299 2902 1410 2955 alii.
1443 2901 1507 2956 Et
1553 2919 1616 2956 ex
1648 2919 1728 2958 re-

151 2990 514 3053 centioribus,
551 2989 706 3059 Hugo
736 2989 804 3045 de
833 2988 888 3045 S.
935 2990 1149 3046 Victore
1199 2993 1391 3046 Adnot.
1429 2996 1480 3046 in
1515 2991 1722 3060 Cenes,

151 3097 278 3150 cap.
317 3082 384 3146 6,
417 3083 618 3145 solum,
654 3082 850 3151 inquit,
894 3068 1062 3137 solem
1104 3083 1377 3152 prOpriam
1409 3083 1607 3138 habere
1643 3085 1723 3138 lu-

151 3191 297 3238 cem,
329 3183 384 3229 et
412 3175 592 3244 ipsum
635 3191 699 3230 ex
737 3176 859 3245 igne
891 3191 1014 3230 esse
1055 3175 1279 3237 factum,
1327 3176 1566 3244 reliquas
1595 3191 1723 3231 vero

150 3266 346 3321 stellas
383 3283 451 3321 ex
497 3283 655 3322 aerea
711 3269 940 3322 materia
1002 3269 1242 3321 relucere
1301 3268 1504 3337 potius,
1561 3286 1723 3338 quam

150 3357 359 3410 lucere.
410 3355 592 3412 Solem
637 3367 840 3421 tamen,
891 3359 1033 3413 sicut
1083 3365 1134 3412 et
1181 3369 1374 3412 caetera
1419 3369 1565 3413 astra
1615 3377 1726 3416 non

148 3464 278 3503 esse
311 3449 525 3512 calidae,
559 3465 659 3504 nec
692 3450 862 3520 ignea:
889 3459 1096 3504 natura:
1136 3452 1292 3504 multi
1322 3451 1597 3515 doctores,
1635 3469 1724 3506 va~

151 3541 444 3596 lidissimis
481 3543 784 3598 rationibus
820 3542 1173 3598 concludunt.
1229 3541 1321 3596 Sol
1357 3545 1499 3598 enim
1543 3545 1721 3598 incor-

150 3632 435 3700 ruptibilis
465 3640 570 3693 est,
615 3649 714 3687 nec
757 3633 996 3686 admittit
1033 3635 1324 3704 qualitates
1355 3637 1720 3705 corruptivas,

150 3724 293 3778 tales
339 3731 467 3777 sunt
493 3725 641 3778 calor
670 3732 723 3779 et
753 3724 942 3795 frigus.
974 3727 1134 3782 Astra
1190 3739 1243 3782 et
1273 3729 1352 3784 sol
1384 3744 1484 3782 nec
1532 3737 1726 3798 praeter

151 3823 434 3880 naturam,
462 3832 564 3870 nec
598 3817 866 3872 violenter
892 3828 1180 3873 moventur
1211 3839 1223 3874 :
1261 3821 1404 3890 quod
1447 3821 1490 3876 si
1543 3829 1725 3875 essent

147 3911 312 3978 ignea
339 3909 389 3962 id
417 3909 714 3975 accideret,
735 3910 874 3980 ignis
899 3911 1042 3964 enim
1076 3927 1294 3967 sursum
1338 3921 1602 3968 movetur.
1634 3913 1725 3968 Sic

147 4002 317 4055 etiam
378 4001 585 4054 nullum
645 4010 791 4056 esset
855 4018 1104 4056 securum
1160 4010 1213 4057 et
1280 4011 1490 4068 tutum,
1543 4005 1724 4058 omnia

147 4092 302 4148 enim
339 4102 612 4147 astrorum
652 4094 745 4147 illo
785 4094 909 4168 igne
957 4093 1411 4168 conflagrassent,
1459 4112 1580 4150 cum
1615 4112 1722 4151 non

149 4201 252 4256 per
289 4187 464 4239 lucem
500 4186 674 4240 solum
703 4186 796 4240 sed
839 4167 999 4240 etiam
1038 4202 1133 4255 per
1162 4188 1420 4251 calorem,
1455 4188 1721 4242 caleface-

148 4283 277 4330 rent
317 4287 369 4329 et
399 4285 689 4330 torrerent.
727 4276 980 4333 Dicamus
1014 4279 1200 4348 igitur,
1226 4280 1459 4333 solarem
1488 4285 1722 4335 calorem

148 4369 292 4423 nihil
330 4369 476 4422 aliud
508 4385 630 4424 esse
670 4386 834 4440 quam
870 4372 1104 4425 calorem
1137 4373 1294 4442 ignis,
1331 4373 1462 4427 solis
1493 4373 1720 4444 fulgore,

1849 493 2034 546 mundi
2062 505 2251 548 struct.
2291 496 2385 548 lib.
2423 512 2474 558 v,
2511 511 2632 565 cap.
2669 497 2721 558 5,
2752 498 3105 566 quaestionem
3135 497 3199 551 de
3233 501 3415 556 calore

1845 586 1979 640 solis
2025 588 2306 656 proponit,
2340 595 2394 641 et
2430 589 2496 640 ad
2545 598 2778 642 utentem
2835 590 3005 642 nostri
3052 593 3291 644 auctoris
3339 591 3412 646 ita

1843 678 2092 732 dissolvit
2123 698 2136 733 :
2173 679 2358 732 Verum
2395 680 2499 745 hic,
2533 681 2730 748 inquit,
2761 682 2999 734 nonnihil
3027 683 3298 735 suboritur
3317 701 3414 735 an-

1841 774 2080 835 xietatis,
2120 791 2188 826 an
2224 775 2326 826 soli
2367 785 2645 843 perpetuus
2684 776 2880 828 lttcreat
2912 777 3081 840 calor,
3123 795 3192 830 an
3238 778 3413 832 calore

1839 881 2057 934 prorsus
2107 869 2174 920 sit
2215 867 2546 922 destitutus?
2571 867 2727 922 Circa
2771 869 2825 922 id
2856 872 3002 923 varia
3036 871 3414 940 circumferun-

1845 969 1930 1010 tur
1954 975 2140 1022 sensa;
2173 959 2303 1011 nihil
2335 971 2507 1012 tamen
2554 961 2786 1013 alienum
2817 979 2846 1014 a
2877 965 3092 1016 veritate
3133 965 3413 1018 existima-

1841 1048 2021 1110 verim,
2049 1051 2097 1101 si
2131 1057 2187 1099 ut
2216 1049 2316 1100 soli
2339 1049 2583 1116 splendor
2621 1066 2822 1117 semper
2869 1050 3091 1116 hwrens,
3137 1055 3297 1106 etiam
3327 1057 3401 1108 in-

1842 1151 2020 1193 ternus
2071 1141 2337 1193 tribuatur
2372 1141 2559 1194 calor:
2590 1144 2679 1210 qui
2728 1143 3129 1214 circumquaque
3182 1145 3409 1214 diﬂ'usus

1838 1231 1949 1283 hwc
1980 1231 2263 1299 calefaciat
2296 1231 2571 1299 inferiora.
2606 1230 2740 1284 Hinc
2757 1244 2953 1302 quanto
2981 1236 3193 1302 propius
3225 1237 3292 1288 ad
3315 1254 3408 1290 nos

1839 1322 2042 1375 accedit
2076 1323 2177 1383 sol,
2205 1332 2254 1375 et
2281 1332 2462 1376 nostro
2502 1322 2676 1375 zenith
2719 1325 2938 1377 vicinior
2985 1337 3219 1394 apparet,
3264 1338 3410 1382 tanta

1838 1411 1985 1465 illius
2018 1413 2292 1475 intensior,
2338 1424 2387 1467 et
2431 1430 2532 1481 quo
2562 1416 2814 1467 remotior
2840 1433 2869 1468 a
2897 1416 3075 1479 nobis,
3103 1435 3161 1470 eo
3190 1418 3412 1472 debilior

1837 1505 2162 1572 percipiatur
2191 1505 2355 1558 calor.
2399 1504 2467 1556 Et
2491 1505 2709 1574 proinde
2749 1507 2838 1576 qui
2876 1524 3022 1560 sonte
3050 1509 3267 1562 subsunt
3301 1519 3412 1562 tor-

1836 1597 1966 1649 rida:
1983 1597 2345 1649 vehementiori
2375 1606 2671 1649 exuruntur
2695 1610 2846 1660 testu,
2883 1599 3020 1668 quod
3052 1599 3156 1653 illis
3190 1601 3255 1653 sit
3281 1600 3408 1655 solis

1835 1687 2283 1755 perpendicularis
2319 1690 2488 1751 calor,
2515 1699 2564 1744 et
2589 1692 2678 1759 qui
2719 1691 2905 1745 absunt
2948 1692 3174 1761 longius,
3218 1694 3411 1763 majori

1770 1766 1809 1820 Β
1838 1775 2007 1843 rigent
2039 1773 2257 1842 frigore.
2302 1773 2444 1827 Hinc
2477 1776 2558 1843 ﬁt,
2592 1786 2648 1827 ut
2679 1778 2768 1845 qui
2808 1777 2901 1829 sub
2930 1777 3048 1845 polo
3075 1779 3292 1840 arctico,
3333 1779 3412 1832 vel

1839 1865 2132 1915 antarctico
2161 1847 2386 1917 residi’nt
2415 1865 2683 1918 immensis
2713 1866 3003 1935 algoribus.
3035 1869 3167 1920 sicut
3205 1870 3294 1934 qui
3314 1869 3408 1921 sub

1839 1955 2186 2008 zonatorrida
2205 1958 2462 2009 continuis
2479 1956 2785 2024 subjaceant
2811 1959 3111 2013 ardoribus.
3141 1958 3222 2012 pit
3245 1962 3408 2014 etiam

1837 2058 1892 2098 ut
1925 2047 2033 2100 sole
2074 2047 2397 2101 horizontem
2443 2059 2683 2101 nostrum
2707 2061 2991 2119 occupante
3022 2069 3113 2105 aer
3131 2053 3402 2122 fervidior,

1835 2149 1885 2192 et
1916 2139 2220 2194 abscedente
2244 2141 2464 2210 rigidior
2494 2141 2929 2210 deprehendatur.

1905 2228 2065 2293 lbid.,
2097 2231 2192 2283 lin.
2224 2231 2273 2285 4.
2319 2230 2428 2284 Τοῦ
2465 2230 2826 2298 διαχωρίζειν
2853 2233 2970 2286 ἀνὰ
2997 2235 3208 2302 μέσον.
3249 2233 3405 2288 Basi-

1835 2323 1962 2386 lius,
1989 2323 2134 2376 hom.
2163 2322 2215 2386 6,
2248 2322 2362 2375 Νῦν
2393 2323 2448 2376 δὲ
2477 2324 2629 2393 ἥλιον
2658 2324 2884 2389 ἐπέταξε
2916 2329 3026 2389 τοῖς
3063 2327 3279 2397 μέτροις
3305 2324 3407 2396 τῆς

1835 2415 2062 2484 ἡμέρας,
2088 2416 2179 2467 καὶ
2213 2415 2460 2486 σελήνην,
2479 2417 2606 2468 ὅταν
2633 2418 2760 2470 ποτὲ
2783 2417 2918 2487 πρὸς
2945 2419 3034 2469 τὸν
3061 2417 3188 2470 ἴδιον
3211 2418 3407 2470 κύκλον

1834 2507 2164 2578 ἀπαρτισθῇ,
2195 2509 2434 2579 ἀρχηγὸν
2479 2509 2700 2582 ἐποίησε
2737 2511 2834 2581 τῆς
2871 2513 3082 2575 νυκτός.
3118 2511 3400 2566 Constant.

1833 2597 1980 2653 Man.
2013 2600 2066 2652 in
2101 2601 2298 2654 Annal.

1835 2691 1997 2743 Οὕτω
2025 2689 2141 2759 μὲν
2168 2686 2280 2744 οὖν
2306 2691 2574 2745 τετέλετο
2612 2693 2683 2745 τὰ
2715 2693 2862 2745 κατὰ
2893 2692 3033 2758 τοὺς
3074 2694 3332 2760 ἀστέρας

1831 2761 1940 2832 Kal
1965 2760 2211 2832 ςτέτακτο
2244 2761 2364 2829 μὲν
2389 2763 2561 2828 ἥλιος
2585 2763 2780 2830 ἀστὴρ
2819 2763 3228 2832 ἡμεροκράτωρ
3248 2781 3260 2793 ·

1838 2831 1908 2884 Τὸ
1951 2829 2019 2883 δὲ
2043 2829 2310 2898 σελήνης
2329 2832 2644 2900 βλέφαρον
2672 2829 3014 2900 ἐπύρσεύσε
3037 2829 3161 2900 ⁷τὴν·
3189 2829 3401 2890 multa.

1902 2929 2060 2993 lbid.,
2097 2930 2192 2983 lin.
2227 2929 2278 2984 7.
2313 2932 2488 2983 Ἔστι
2519 2930 2587 2983 δὲ
2610 2931 2648 2996 ἠ
2683 2931 2798 2994 νὺξ
2828 2932 3118 3000 σκίασμα.
3145 2931 3402 2996 Basilius,

1830 3021 1977 3074 hom.
2007 3021 2059 3087 6,
2092 3021 2201 3073 Kal.
2224 3023 2256 3091 ὴ
2278 3021 2371 3086 νὺξ
2401 3022 2494 3074 ἐπὶ
2519 3021 2578 3074 τὸ
2613 3022 2852 3074 ἐναντίον
2881 3025 3000 3085 ταῖς
3028 3023 3239 3075 ἀκτῖσιν
3271 3024 3404 3075 ὐπο-

1754 3126 1796 3184 C
1829 3115 2014 3183 χωρεῖ,
2058 3113 2208 3165 οὐδὲν
2233 3112 2416 3182 ἕτερον
2449 3108 2581 3165 οὖσα
2608 3111 2748 3166 κατὰ
2769 3111 2864 3181 τὴν
2891 3113 3049 3179 φύσιν
3096 3113 3128 3182 ἢ
3162 3112 3404 3183 σκίασμα

1827 3205 1949 3273 γῆς.
1999 3204 2086 3266 Ὠς
2121 3203 2228 3274 γὰρ
2256 3205 2314 3256 ὲν
2341 3204 2525 3275 ἡμέρᾳ
2558 3205 2590 3273 ἡ
2619 3204 2745 3256 σκιὰ
2761 3203 2836 3273 τῷ
2867 3205 3278 3273 ἀντιφρὰσσθντι
3304 3204 3402 3274 τὴν

1826 3297 1998 3366 αὐγὴν
2052 3297 2478 3366 παρυφίσταται,
2511 3295 2684 3357 οὕτως
2715 3297 2746 3364 ἡ
2786 3293 2900 3357 νὺξ,
2924 3294 3274 3364 σκιαζομένου
3307 3295 3402 3348 τοῦ

1827 3389 1954 3458 περὶ
1983 3389 2084 3457 γῆν
2118 3386 2302 3457 ἀέρος.
2336 3385 2685 3438 συνίστασθαι
2720 3384 2984 3453 πέφυκεν.
3045 3383 3254 3438 Plinius
3284 3385 3316 3436 l.
3339 3401 3399 3445 II,

1825 3495 1945 3549 cap.
1977 3481 2061 3542 10,
2099 3477 2265 3532 Terra
2300 3481 2550 3532 subeunte
2588 3480 2888 3546 repentinas
2923 3475 3107 3552 obduci
3138 3475 3400 3539 tenebras,

1826 3584 2136 3638 rursumque
2164 3567 2310 3621 illius
2348 3570 2533 3620 umbra
2565 3567 2710 3621 sidus
2748 3566 3000 3620 hebetari.
3037 3564 3217 3635 Neque
3252 3566 3398 3618 aliud

1824 3674 1936 3710 esse
1976 3666 2178 3710 noctem
2221 3673 2377 3726 quam
2424 3668 2577 3710 terra:
2630 3656 2891 3710 umbram.
2942 3653 3292 3725 Palingenius
3342 3657 3397 3709 in

1826 3747 2056 3803 Zodiaco
2082 3751 2219 3813 vita’,
2248 3750 2342 3802 lib.
2373 3766 2430 3803 ll.

2044 3871 2113 3880 —
2145 3843 2247 3894 Sed
2275 3857 2379 3893 nox
2411 3839 2630 3894 adversa
2658 3842 2710 3892 in
2743 3849 2892 3908 parte
2921 3848 3152 3901 creatur,

1828 3909 2027 3978 Quippe
2050 3910 2196 3962 aliud
2211 3928 2313 3964 non
2331 3920 2405 3964 est
2428 3928 2582 3980 quam
2599 3922 2754 3964 terra:
2771 3920 2923 3980 atque
2942 3911 3164 3979 wquoris
3191 3909 3395 3963 umbra.

1895 3999 2054 4064 lbid.,
2087 3993 2183 4054 lin.
2218 4002 2303 4054 11.
2333 4002 2438 4054 Καὶ
2470 4005 2501 4054 ό
2525 4000 2640 4070 μὲν
2670 4001 2842 4068 ἥλιος
2888 3999 3110 4068 ὥσπερ.
3155 3999 3228 4052 De
3267 4001 3398 4063 solis

1828 4091 2164 4156 praestantia,
2208 4091 2505 4159 dignitate,
2557 4091 2608 4143 vi
2663 4089 3008 4150 admiranda,
3059 4097 3111 4142 et
3158 4090 3397 4159 potentia

1826 4182 2124 4253 Dionysius
2158 4184 2486 4252 Areopagita
2522 4181 2598 4236 De
2625 4183 2788 4235 divin.
2821 4180 3140 4243 nominibus,
3172 4197 3292 4251 cap.
3328 4181 3396 4245 ι,

1824 4273 2074 4329 Julianus
2100 4273 2380 4343 Apostata,
2399 4271 2670 4342 Orpheus,
2697 4273 2943 4335 Proeliis,
2971 4270 3188 4341 Lycius,
3210 4273 3394 4340 hymn.

1827 4365 1881 4419 in
1933 4369 2130 4432 solem,
2177 4365 2388 4419 Plinius
2427 4366 2504 4418 lib
2566 4381 2627 4425 ll,
2671 4381 2791 4434 cap.
2845 4364 2900 4431 6,
2941 4363 3395 4433 elegantissime:

146 4478 261 4532 quo
288 4461 608 4515 naturaliter
635 4463 904 4523 trahatur,
923 4463 1313 4517 modificatum.
1335 4463 1574 4534 Namque
1596 4481 1718 4518 cum
1755 4463 1795 4516 D
1827 4460 2026 4513 Eorum
2062 4458 2262 4512 medius
2279 4457 2566 4526 solfertur,
2603 4457 2930 4524 amplissima
2950 4453 3308 4524 magnitudine
3336 4470 3396 4507 ac

147 4551 297 4604 inter
331 4550 671 4604 alimentaria
705 4565 939 4620 corpora
978 4551 1193 4620 igneum
1230 4551 1406 4606 solum
1441 4552 1721 4605 cmlestem

149 4643 400 4696 imitatur
448 4641 735 4710 fulgorem,
780 4643 962 4712 ipsum
993 4657 1124 4696 vero
1169 4643 1243 4694 ita
1289 4649 1346 4694 ut
1375 4641 1596 4710 plurimi
1633 4657 1714 4695 ve-

147 4744 332 4790 terum
369 4733 837 4803 philosorihorum,
870 4734 940 4788 oh
972 4749 1089 4788 eam
1131 4732 1541 4787 similitudinem
1576 4740 1724 4787 astra

148 4829 310 4898 ignea
342 4841 464 4880 esse
499 4826 765 4894 suspicati
816 4825 926 4880 sint
947 4865 962 4888 ,
993 4824 1050 4877 fit
1082 4825 1237 4878 valde
1273 4831 1721 4886 consentaneum,

148 4929 208 4972 ut
244 4917 626 4972 similitudinis
677 4917 826 4970 illius
873 4933 1040 4973 causa
1092 4917 1250 4970 facile
1283 4916 1533 4969 trahatur
1581 4915 1723 4983 ignis

146 5010 365 5065 caalesti
416 5009 643 5077 lumine,
695 5011 840 5079 quod
893 5013 1054 5064 etiam
1115 5009 1400 5078 vestigium
1451 5006 1722 5077 quoddam

148 5101 457 5157 divinitatis
486 5101 606 5170 ejus
637 5103 886 5171 corporis
919 5109 1022 5155 est.
1051 5098 1106 5154 Si
1145 5101 1298 5169 plura
1335 5097 1512 5169 cupis,
1545 5098 1723 5152 adesis

149 5192 508 5246 Eranciscum
547 5192 818 5247 Valesium
848 5192 925 5245 De
946 5209 1103 5244 sacra
1140 5190 1487 5259 philosophia,
1516 5204 1635 5257 cap.
1670 5189 1718 5242 l.

150 5284 399 5355 Denique
428 5285 702 5340 sententia
745 5293 830 5339 est
876 5283 1391 5354 Peripateticorum,
1438 5283 1604 5337 solem
1630 5298 1724 5351 per

151 5380 336 5432 lumen
373 5377 548 5432 facere
577 5385 688 5430 tam
717 5377 978 5441 calorem,
1027 5384 1136 5428 tam
1173 5375 1368 5444 frigus,
1401 5373 1614 5428 diversa
1642 5380 1725 5426 ta-

151 5487 278 5525 men
323 5472 558 5534 ratione,
595 5471 747 5524 illum
777 5471 996 5539 quidem
1033 5485 1128 5539 per
1168 5484 1246 5532 se,
1283 5469 1384 5522 hoc
1421 5475 1599 5520 autem
1631 5483 1724 5536 per

151 5562 442 5629 accidens;
479 5579 603 5616 nam
659 5562 946 5631 praisentia
994 5562 1216 5617 luminis
1272 5559 1410 5614 facit
1458 5559 1721 5622 calorem,

153 5656 402 5709 absentia
456 5671 584 5710 vero
625 5657 969 5726 friguszquo
1017 5654 1161 5708 enim
1208 5653 1386 5705 lumen
1434 5652 1586 5716 solis,
1633 5659 1724 5704 aut

166 5747 515 5802 nullomodn
573 5756 663 5796 aut.
699 5749 935 5804 tenuiter
968 5744 1242 5818 pertingit,
1281 5743 1411 5798 inihi
1444 5742 1617 5816 frigus
1650 5743 1724 5798 vi-

1820 4561 2075 4621 potestate
2101 4569 2117 4604 :
2143 4567 2232 4605 nec
2252 4561 2537 4619 temporum
2563 4549 2734 4614 modo,
2755 4561 3133 4617 terrarumque,
3153 4546 3242 4599 sed
3257 4546 3395 4599 side-

1823 4660 1939 4696 rum
1961 4645 2120 4696 etiam
2151 4645 2382 4711 ipsorum
2421 4641 2634 4710 ctrlique
2676 4650 2866 4692 rector.
2894 4638 3048 4691 ll'unc
3069 4637 3253 4691 mundi
3283 4655 3396 4692 esse

1825 4736 1983 4789 totius
2019 4736 2275 4797 animum,
2311 4751 2372 4786 ac
2401 4733 2612 4803 planius
2654 4740 2874 4784 mentem
2899 4745 2917 4782 .'
2950 4729 3084 4782 hunc
3105 4727 3395 4798 principale

1827 4836 2034 4880 natura:
2064 4827 2292 4895 regimen
2337 4842 2400 4878 ac
2427 4841 2622 4878 numen.
2647 4822 2854 4876 credere
2882 4823 3048 4883 decet,
3091 4837 3245 4889 opera
3279 4824 3392 4888 ejus

1827 4921 2172 4974 wstimantes.
2231 4917 2333 4971 llic
2376 4919 2542 4971 lucem
2602 4916 2752 4970 rebus
2803 4916 3070 4968 ministrat
3125 4914 3392 4983 aufertque

1825 5014 2094 5076 tenebras;
2117 5013 2198 5065 hic
2239 5013 2440 5082 reliqua
2467 5011 2644 5064 sidera
2675 5009 2903 5062 occultat
2933 5025 2949 5062 :
2983 5008 3066 5061 hic
3103 5010 3233 5061 vices
3265 5017 3391 5060 tem-

1821 5121 2006 5172 porum
2040 5121 2337 5172 annumque
2365 5119 2563 5170 semper
2592 5111 2944 5155 renascentem
2972 5115 3036 5152 εκ
3062 5116 3161 5152 usu
3187 5111 3394 5152 nature

1825 5204 2106 5262 temperat;
2157 5193 2239 5244 hic
2271 5193 2387 5245 cazli
2434 5193 2706 5244 tristitiam
2757 5189 2994 5254 discutit,
3033 5199 3187 5258 atque
3229 5189 3392 5242 etiam

1824 5285 2041 5337 humani
2075 5284 2257 5336 nubila
2300 5284 2462 5336 animi
2495 5293 2736 5342 serenat;
2778 5281 2860 5333 hic
2898 5297 3050 5332 suum
3092 5280 3261 5332 lumen
3290 5297 3392 5332 ca:-

1825 5377 1950 5428 tcris
1988 5392 2187 5444 quoque
2221 5374 2480 5428 sideribus
2511 5375 2755 5442 frenerat.
2795 5373 3114 5436 Pra'clarus,
3145 5373 3389 5434 eximius,

1826 5468 2003 5520 omnia
2046 5467 2272 5529 intuens,
2317 5467 2494 5520 omnia
2531 5468 2692 5518 etiam
2736 5464 3042 5528 exaudiens,
3083 5473 3140 5515 ut
3167 5464 3392 5531 principi

1826 5560 2126 5612 litterarum
2177 5558 2408 5612 Homero
2457 5559 2717 5626 placuisse
2758 5559 2809 5611 in
2863 5576 2964 5610 uno
3016 5573 3074 5610 eo
3109 5557 3271 5609 video.
3317 5556 3390 5610 De

1825 5652 1956 5706 Solis
2007 5651 2270 5705 encomiis
2328 5653 2442 5720 lege
2496 5650 2849 5702 Plutarchum
2901 5649 2988 5702 I’rh.
3035 5648 3107 5701 De
3148 5649 3387 5701 doctrina

1823 5743 2148 5812 principum;
2184 5742 2514 5800 lllacrobiurn
2553 5740 2991 5795 tSaturnalium'
3040 5730 3391 5795 Ambrosium
