3840 6164
452 291 557 350 865

1801 293 2054 350 LEONIS
2089 292 2363 348 ALLATll

3603 291 3723 348 86‘

451 408 547 464 lib.
577 423 629 461 tv
661 405 944 471 Hexaem.,
978 420 1100 477 cap.
1139 408 1198 473 l;
1231 406 1556 477 Gregorium
1623 407 2021 465 Nazianzenqu

2149 417 2244 475 τοῖς
2292 409 2512 483 χωρίοις
2559 411 2687 481 περὶ
2735 409 2773 465 ἀ
2827 409 3263 482 συναθροίζεται..
3309 407 3521 465 Plinius
3589 410 3720 465 low

453 496 532 551 De
561 513 694 551 nova
729 496 1026 563 Dominica,
1054 506 1277 551 ενοι-ιιι.
1315 515 1377 562 ιι,
1414 497 1490 552 De
1529 499 1830 570 theologia;
1866 500 2033 557 Joan-

452 605 577 645 nem
627 588 915 644 Jovianum
951 588 1259 644 Pontanum
1296 587 1518 647 Uranie
1555 592 1650 649 lib.
1689 592 2032 667 t;Augusti-

452 697 584 736 num
616 680 986 751 Eugubinum,
1018 681 1266 750 Cosmop.
1291 697 1415 754 cap.
1442 684 1493 738 1.

521 775 640 831 Col.
663 775 785 837 τεο,
810 776 905 828 lin.
928 776 1014 829 l3.
1033 775 1099 830 Ἡ
1118 774 1186 828 δὲ
1202 776 1434 845 σελήνη
1451 780 1563 847 οὐχ
1579 779 1751 835 οὕτω.
1768 779 1845 837 De
1867 784 2041 838 variis

452 866 598 922 luna:
637 867 1036 921 mutationibus
1059 883 1223 938 supra
1255 871 1445 924 nescio
1473 887 1595 940 quae
1618 873 1877 929 diximus.
1901 872 2035 941 Qui-

450 958 576 1013 dam
605 969 955 1029 augmentum
982 961 1123 1015 luna:
1148 959 1380 1017 ﬂammae
1408 963 1747 1019 incremento
1768 967 2028 1035 tribuere,

449 1067 572 1122 quze
600 1052 793 1105 ordine
827 1053 1088 1121 paulatim
1117 1063 1414 1115 cresceret.
1439 1055 1614 1111 donec
1638 1058 1799 1127 plena
1833 1060 2033 1115 redda-

448 1153 562 1209 tur,
602 1160 933 1215 rursumque
962 1146 1153 1200 eodem
1188 1157 1348 1216 pacto
1389 1148 1731 1214 decrescere,
1767 1152 1943 1207 donec
1973 1154 2030 1207 in

448 1238 840 1307 conjunctione
886 1254 1113 1309 prorsus
1150 1240 1554 1310 exstinguatur,
1591 1243 1643 1297 id
1674 1246 1819 1314 quod
1863 1247 2029 1301 etiam

450 1331 517 1386 de
547 1340 830 1387 menstrua
865 1334 1235 1388 occultatione
1258 1332 1624 1407 XenOphanes
1655 1339 1956 1395 asserebat.

521 1423 684 1491 lbid.,
721 1425 819 1478 lin.
850 1423 933 1478 16.
959 1427 1190 1493 Χρόνον
1211 1425 1280 1478 δὲ
1312 1425 1486 1495 ἥλιος
1517 1427 1637 1482 καί.
1664 1427 1739 1483 De
1765 1436 2027 1499 tempore,

449 1514 572 1583 ejus
604 1524 802 1568 natura
834 1522 889 1569 et
936 1516 1061 1570 aliis
1091 1514 1159 1569 ad
1192 1523 1409 1586 tempus
1453 1519 1830 1588 spectantibus
1870 1521 2031 1592 plura

451 1607 761 1677 philosophi
791 1607 847 1661 in
884 1607 1145 1678 physicis.

2133 504 2319 559 dicto:
2352 503 2490 558 Cum
2522 502 2755 558 orientis
2798 513 2959 573 atque
2990 502 3293 558 occidentis
3321 502 3461 557 radii
3507 502 3721 558 rubent

2133 595 2285 649 coire
2315 593 2552 665 pluvias.
2587 593 2722 648 Cum
2758 592 2968 649 oriente
2996 593 3136 647 radii
3161 608 3272 647 non
3303 593 3553 647 illustres
3578 595 3726 647 emi-

2132 685 2362 750 uebunt,
2414 684 2664 754 quamvis
2706 683 3033 738 circumdati
3077 683 3221 739 nube
3254 699 3362 738 non
3420 684 3559 745 sint,
3598 684 3728 753 plu-

2134 778 2274 831 viam
2307 777 2665 846 portendunt.
2686 773 2744 831 Si
2771 785 2898 831 ante
2923 783 3171 830 exortum
3197 775 3372 831 nubes
3398 775 3724 845 globabun-

2131 879 2221 925 tur
2252 870 2482 925 hiemem
2517 884 2767 940 asperam
2794 869 3225 933 denuntiabunt;
3251 869 3297 925 si
3328 870 3508 926 nubes
3535 870 3722 924 solem

2131 961 2590 1027 circumcludent,
2632 972 2837 1033 quanto
2881 964 3069 1018 minus
3094 962 3319 1018 luminis
3336 963 3720 1032 relinquetur,

2132 1062 2283 1111 tanto
2332 1056 2699 1110 turbulentior
2738 1064 3031 1125 tempestas
3072 1056 3210 1122 erit;
3254 1055 3303 1109 si
3356 1069 3492 1109 vero
3543 1054 3726 1110 etiam

2129 1148 2332 1218 duplex
2370 1149 2521 1204 orbis
2574 1146 2738 1202 fuerit
2767 1162 2833 1203 eo
2862 1148 3120 1203 atrocior.
3166 1147 3323 1214 Quod
3344 1148 3393 1204 si
3424 1148 3483 1202 in
3512 1157 3729 1204 exortu

2130 1240 2220 1295 liet
2245 1242 2318 1296 ita
2347 1249 2406 1295 ut
2437 1243 2732 1297 rubescant
2760 1241 2933 1297 nubes
2958 1242 3192 1296 maxima
3220 1240 3545 1298 ostendetur
3576 1249 3726 1298 tem-

2130 1342 2333 1402 peStas.
2369 1330 2609 1386 Plurima
2632 1332 2718 1387 his
2751 1331 2950 1387 similia
2991 1331 3158 1388 refert
3188 1332 3394 1389 Aratus
3429 1334 3576 1405 Περὶ
3612 1333 3726 1387 διο-

2129 1425 2392 1497 σημείων.
2434 1423 2705 1480 Collector
2749 1424 3122 1495 Georgicorum
3160 1425 3258 1480 lib.
3287 1442 3327 1489 ι,
3361 1426 3475 1479 Καὶ
3499 1428 3529 1479 ὁ
3562 1425 3727 1496 ἥλιος

2126 1517 2206 1581 δὲ,
2242 1516 2544 1573 ἀνατέλλων
2576 1518 2667 1573 καὶ
2698 1517 3094 1588 μελαινόμενος,
3124 1517 3366 1590 ὗμϐρους
3390 1517 3569 1588 δηλοῖ.
3610 1519 3739 1572 Καὶ

2132 1609 2512 1671 ἀνατέλλοντος
2557 1608 2614 1661 δὲ
2656 1608 2750 1663 τοῦ
2784 1609 2960 1680 ἡλίου,
3009 1609 3103 1663 saw
3136 1609 3289 1682 παρά
3338 1610 3439 1673 τάς
3488 1611 3729 1672 abscisa;

521 1698 683 1761 ιωάη
715 1699 929 1755 1ίη.22.
963 1699 1034 1754 Τὸ
1068 1699 1138 1754 δὲ
1178 1701 1464 1757 ἔστωσαν
1490 1707 1576 1771 εις
1607 1706 1844 1776 σημεῖα.
1879 1705 2031 1762 Νοιι-
2057 1766 2098 1776 __
2131 1702 2399 1755 σκοτεινὸν
2436 1702 2594 1770 νέφος
2627 1705 2790 1773 φανῇ.
2835 1701 3039 1774 δμδρον
3076 1702 3242 1774 δηλοῖ.
3293 1703 3574 1773 Δυόμενος
3606 1704 3669 1756 δὲ
3697 1706 3733 1756 ὁ

449 1790 588 1843 nulli
633 1792 797 1845 verba
829 1791 946 1846 haec
990 1793 1299 1858 astrologia:
1341 1811 1502 1865 quam
1552 1766 1751 1851 vocawnt
1793 1798 2021 1868 judicia-

2149 1777 2300 1862 i‘kfog,
2336 1793 2433 1845 ἐὰν
2463 1766 2685 1845 κατὰτὸ
2722 1766 3007 1865 aptaespr
3039 1766 3203 1865 μέρος
3227 1793 3388 1862 νέφος
3401 1766 3599 1864 ’μέλαν
3626 1796 3735 1869 Em

448 1883 610 1942 riam.
628 1892 682 1939 et
704 1883 918 1953 pondus
949 1884 1153 1940 addere
1181 1896 1233 1941 et
1259 1889 1642 1943 auctoritatem
1666 1901 2024 1961 praesumunt,

447 1983 502 2029 et
525 1975 671 2031 illam
709 1976 1019 2040 scientiam,
1053 1977 1098 2031 si
1129 1993 1249 2048 qua:
1274 1986 1359 2033 est
1385 1994 1414 2032 a
1436 1978 1565 2046 Deo,
1606 1982 1675 2036 ab
1701 1981 1820 2052 ipso
1842 1985 2026 2038 statim

448 2068 637 2121 mundi
665 2069 912 2130 exordio,
943 2069 1048 2124 hoc
1074 2072 1397 2126 testimonio
1422 2074 1862 2140 corroboratam,
1894 2077 2031 2149 quin

447 2166 503 2213 et
541 2160 863 2216 mortalibus
901 2161 970 2216 ad
1020 2177 1141 2217 eam
1184 2166 1592 2234 aucupandam,
1623 2174 1676 2221 et
1708 2168 2025 2235 sudoribus,

444 2262 503 2308 et
525 2254 723 2324 vigiliis
752 2256 1087 2326 propositam
1119 2257 1443 2328 gloriantur.
1477 2260 1731 2329 lnquiunt
1761 2262 1930 2327 enim,
1970 2264 2026 2319 in

446 2347 568 2416 ipsa
608 2345 849 2402 siderum
890 2349 1163 2418 positione
1194 2360 1248 2406 et
1283 2361 1530 2421 aspectu,
1561 2354 1729 2410 veluti
1757 2355 1811 2409 in
1843 2356 2025 2411 tabula

446 2438 685 2507 quadam
712 2439 863 2493 cerni
894 2441 1102 2508 omnia,
1140 2458 1262 2512 qua:
1292 2459 1523 2513 usquam
1556 2446 1761 2500 mundo
1788 2446 1912 2501 huic
1941 2448 2026 2503 in-

447 2529 636 2584 feriori
676 2540 936 2585 eventura
961 2541 1110 2596 sunt,
1142 2535 1289 2589 omni
1333 2536 1611 2593 dubietate
1642 2553 1707 2593 ac
1741 2539 2026 2594 incertitu-

446 2622 576 2676 dine
626 2623 862 2678 sublata.
916 2624 1119 2678 Verum
1160 2625 1276 2680 hac
1323 2628 1591 2683 sententia
1622 2645 1783 2699 quam
1829 2631 2025 2685 habeat

444 2711 779 2766 validitatem
827 2720 883 2767 et
924 2713 1114 2776 robur,
1151 2723 1205 2768 et
1233 2714 1434 2783 quibus
1465 2716 1672 2769 nitatur
1704 2714 2023 2771 fundamen-

444 2805 520 2859 tis
561 2819 624 2858 ac
663 2804 969 2859 rationibus
1000 2804 1091 2858 alii
1138 2812 1262 2858 ante
1292 2819 1392 2860 nos
1439 2806 1575 2861 satis
1620 2813 1876 2860 accurate
1904 2813 2021 2859 tra-

445 2900 726 2964 diderunt,
762 2916 863 2955 nec
903 2900 1044 2954 ratio
1077 2905 1281 2952 nostra:
1316 2899 1636 2969 scriptionis
1677 2899 1731 2952 id
1764 2899 1938 2968 poscit
1966 2906 2025 2953 ut

444 3000 499 3045 et
530 3006 633 3045 nos
661 2991 851 3046 eadem
889 3000 1241 3061 repetamus;
1276 3006 1455 3046 rerum
1493 2996 1742 3054 eventus,
1783 3006 1904 3061 quae
1949 2990 2023 3047 sit

2130 1883 2376 1953 πλησίον,
2414 1883 2614 1961 ευθέως
2658 1883 2861 1955 ὄμϐρον
2893 1885 3228 1957 προσδοκᾷν·
3265 1884 3485 1957 βρονταὶ
3514 1886 3580 1939 δὲ
3631 1888 3730 1939 καὶ

2128 1975 2405 2046 ἀστραπαὶ
2442 1973 2564 2028 ὅθεν
2618 1974 2878 2042 γίνονται,
2923 1975 3130 2029 ἐκεῖθεν
3172 1975 3264 2030 τὸν
3314 1975 3572 2046 χειμῶνα
3630 1977 3717 2044 δη-

2127 2066 2303 2120 λοῦσι.

2201 2159 2365 2223 lbid.,
2404 2158 2498 2213 lin.
2528 2158 2616 2215 28.
2652 2159 2828 2213 Ὅταν
2864 2158 2934 2213 δὲ
2960 2162 3019 2214 αί
3046 2161 3361 2231 λεγόμεναι
3389 2159 3578 2227 ἄλως.
3613 2159 3728 2214 Ba-

2126 2250 2306 2315 silius,
2338 2252 2485 2307 hom.
2514 2252 2567 2317 6,
2623 2253 2731 2306 Καὶ
2758 2251 2837 2324 τῷ
2869 2251 3006 2324 ἡλίῳ
3045 2252 3102 2305 δὲ
3155 2254 3282 2307 ὅταν
3314 2254 3373 2306 αί
3413 2253 3727 2325 λεγόμεναι

2126 2343 2268 2407 ἀλως
2294 2344 2725 2416 περιγραφῶσιν,
2757 2344 2790 2415 ἢ
2817 2344 3006 2408 ὓδατος
3028 2344 3212 2418 ἁερίου
3242 2344 3514 2416 πλῆθος,ἢ
3548 2362 3725 2399 πνευ-

2128 2436 2312 2507 μάτων
2349 2436 2531 2507 βιαίων
2561 2437 2773 2508 κίνησιν
2819 2438 3241 2505 ἀποφαίνουσιν·
3260 2437 3308 2509 ιῆ
3352 2438 3450 2491 καὶ
3471 2436 3574 2501 οὓς
3601 2438 3722 2490 ὀνο-

2128 2528 2390 2601 μάζουσιν
2443 2529 2746 2600 ἀνθηλίους,
2801 2531 2931 2584 ὅταν
2977 2529 3451 2601 ωμπεριτρέχωσι
3498 2532 3572 2600 τῇ
3619 2528 3724 2582 τοῦ

2123 2621 2274 2692 ἡλίου
2311 2623 2472 2693 φορᾷ,
2509 2621 2924 2691 συμπτωμάτων
2956 2622 3119 2677 τινῶν
3153 2621 3355 2692 ἀερίων
3376 2624 3587 2692 σημεῖα
3627 2623 3722 2690 γί-

2122 2731 2321 2769 νονται.
2358 2716 2566 2785 Ὥσπερ
2597 2708 2689 2767 οὖν
2723 2715 2816 2766 καὶ
2840 2716 2895 2767 ai
2924 2714 3128 2786 ρἀδοι,
3160 2716 3216 2767 αἱ
3250 2714 3390 2767 κατά
3420 2714 3523 2783 τὴν
3542 2716 3727 2788 χρόαν

2121 2806 2222 2876 τῆς
2252 2807 2417 2877 ἴριδος
2446 2808 2526 2870 είς
2557 2806 2716 2879 ὀρθὸν
2753 2810 2866 2870 τοῖς
2907 2807 3122 2875 νέφεσιν
3156 2807 3583 2877 ὲμφαινόμεναι,
3616 2808 3721 2878 ὅμ-

2122 2899 2306 2971 6ρους,
2338 2899 2371 2971 ἢ
2407 2899 2681 2970 χειμῶνας
2710 2898 2999 2963 ἐξαισίους,
3035 2900 3075 2971 ἦ
3104 2899 3239 2961 ὅλως
3281 2899 3380 2971 τὴν
3424 2900 3517 2953 ἐπὶ
3560 2901 3721 2955 πλεῖ-

2124 3008 2248 3045 στον
2286 2992 2583 3063 μεταϐολὴν
2613 2992 2707 3046 τοῦ
2737 2993 2898 3064 ἀέρος
2928 2992 3314 3046 ἐνδείκνυνται.
3338 2991 3549 3048 Aratus
3590 3013 3607 3048 :

446 3081 562 3136 haec
590 3081 827 3143 vanitas,
855 3081 1097 3151 quotidie
1133 3082 1297 3136 etiam
1326 3082 1638 3136 nolentibus
1658 3081 2017 3137 demonstrat.

2162 3104 2314 3178 ρὺᾷὲ
2344 3104 2463 3178 μὲν
2492 3106 2703 3174 ἠελίου
2730 3105 3023 3178 σχεδόθεν
3046 3104 3419 3178 μελανεῦσαι
3447 3107 3648 3161 dimi

445 3175 684 3231 Basilius
722 3175 778 3229 in
813 3175 960 3231 hunc
991 3177 1170 3231 locum
1209 3177 1410 3230 acriter
1432 3181 1621 3231 contra
1649 3175 1818 3230 hosce
1841 3186 2020 3231 astro-

444 3270 600 3342 logos
630 3270 925 3325 invehitur.
977 3268 1424 3341 Chrysostomus.
1476 3275 1531 3324 et
1569 3267 1862 3338 Gregorius
1903 3266 2020 3321 Ma-

445 3379 587 3434 gnus
621 3365 677 3418 in
715 3380 752 3418 ll
801 3379 927 3433 cap.
962 3362 1218 3425 Mattbzei,
1247 3361 1589 3432 Augustinus
1632 3360 1728 3414 lib.
1771 3375 1833 3423 ιι,
1868 3373 2023 3427 super

445 3456 637 3512 Cenes.
690 3458 759 3511 ad
814 3457 1071 3521 litteram,
1100 3471 1153 3511 c.
1202 3455 1290 3519 l7,
1336 3463 1391 3508 et
1433 3453 1526 3508 lib.
1578 3469 1640 3518 ιι,
1666 3451 1740 3507 De
1779 3452 2023 3506 doctrina

445 3548 772 3613 Christiana,
803 3565 924 3620 cap.
954 3548 1047 3612 τι,
1080 3556 1134 3603 et
1161 3548 1325 3613 alibi;
1354 3545 1621 3602 Eusebius
1651 3545 1726 3599 De
1751 3560 2023 3614 praepara-

448 3643 587 3695 tione
637 3639 889 3710 Evangel.
925 3642 1021 3695 lib.
1050 3656 1167 3703 xw,
1197 3652 1326 3711 "cap.
1358 3640 1425 3707 ις
1462 3647 1519 3694 et
1558 3639 1654 3692 lib.
1686 3651 1763 3702 vi,
1800 3652 1925 3707 cap.
1964 3634 2016 3691 9.

446 3733 587 3801 Quin
613 3743 667 3790 et
699 3734 901 3804 ingenti
939 3734 1277 3789 voluminum
1326 3732 1484 3803 copia
1534 3742 1726 3785 contra
1753 3744 1847 3785 eos
1883 3728 2021 3784 scri-

452 3835 682 3898 pserunt
726 3825 1027 3891 Diodorus,
1058 3824 1343 3881 Tarsensis
1379 3825 1707 3894 episcopus,
1753 3820 2025 3875 referente

445 3918 642 3973 Photio
676 3919 731 3971 in
763 3917 1110 3981 Bibliotheca,
1144 3923 1199 3971 et
1234 3914 1574 3969 Bardesanes
1600 3912 1772 3985 Syrus
1806 3925 1871 3964 eo
1899 3910 2019 3964 dia-

447 4011 571 4080 logo
599 4025 782 4079 quem,
812 4016 1006 4079 rogatu
1036 4008 1357 4068 amicorum,
1398 4007 1465 4061 de
1501 4006 1632 4068 fato,
1672 4012 1725 4059 et
1758 4002 2020 4057 adversus

444 4102 730 4158 Chaldaeos
755 4101 1101 4170 conscripsit,
1137 4107 1196 4153 ut
1227 4105 1491 4153 memorat
1520 4095 1788 4151 Eusebius
1810 4094 1906 4149 lib.
1940 4110 2015 4160 νι,

446 4192 527 4249 De
557 4201 847 4264 praeparat.
893 4190 1121 4260 Evang.,
1169 4204 1290 4259 cap.
1323 4189 1355 4243 8
1380 4229 1395 4252 ,
1426 4197 1479 4243 ct
1510 4203 1575 4242 ex
1622 4185 2022 4241 recentioribus

442 4285 683 4341 Joannes
728 4283 892 4338 Picus
946 4281 1231 4336 duodecim
1291 4279 1446 4334 libris
1486 4286 1540 4334 et
1584 4278 1699 4332 alii.
1765 4275 2021 4346 Plerique

444 4393 571 4434 cum
600 4383 789 4431 nostro
823 4373 1111 4429 Eustathio
1149 4370 1315 4427 verba
1355 4370 1470 4441 haec
1509 4368 1781 4439 pertinere
1827 4366 2018 4423 existi-

2158 3175 2379 3239 Εὐδιοι,
2411 3177 2734 3243 ἀσσότεραι
2766 3175 2834 3228 δὲ
2860 3177 2956 3228 καὶ
2987 3177 3290 3245 ἀστεμφὲς
3303 3178 3701 3245 pedari-riam

2154 3245 2410 3300 Μᾶλλον
2429 3245 2733 3317 χειμέριαι.
2759 3247 2874 3300 Δύο
2908 3246 2960 3300 δ’
2996 3246 3074 3301 ἂν
3100 3246 3509 3317 χαλεπώτεραι
3526 3245 3682 3305 εἷεν.

2118 3359 2443 3417 Ριοιειηωιιε
2465 3376 2684 3432 quoque
2706 3360 2800 3416 lib.
2829 3376 2891 3424 ιι,
2917 3376 3039 3432 cap.
3067 3363 3261 3418 ultimo
3294 3378 3555 3419 arearum
3592 3366 3719 3419 ani-

2119 3456 2552 3512 madversionem
2575 3473 2685 3512 non
2704 3458 2973 3528 neglexit:
2995 3475 3119 3513 nam
3154 3460 3199 3516 si
3228 3473 3339 3514 una
3370 3457 3544 3512 fuerit
3570 3473 3720 3530 pura

2119 3548 2489 3618 paulatimque
2535 3557 2845 3613 evanescat,
2889 3550 3239 3605 serenitatem
3277 3568 3291 3604 :
3324 3549 3411 3605 sin
3444 3548 3576 3603 dum
3618 3560 3720 3603 aut

2118 3646 2255 3702 tres,
2298 3636 2529 3693 hiemem
2562 3638 2892 3706 signiﬁcant.
2924 3638 3105 3709 Atque
3131 3640 3232 3694 bac
3254 3653 3378 3694 cum
3408 3647 3721 3695 ventorum

2119 3729 2486 3795 turbulentia,
2547 3728 2855 3793 subrubra,
2894 3731 3163 3801 quasique
3208 3738 3519 3800 perruptae,
3580 3745 3718 3784 cum

2118 3818 2266 3885 nive,
2319 3819 2633 3890 caliginosae
2684 3835 2834 3884 vero,
2885 3836 2949 3875 ac
2990 3821 3182 3890 spissa
3231 3819 3349 3874 haec
3394 3820 3717 3875 accidentia

2118 3908 2328 3977 majora
2365 3924 2429 3963 ac
2459 3910 2732 3965 severiora
2780 3911 3132 3980 portendunt.
3166 3910 3368 3966 Aratus
3410 3911 3532 3966 haec
3576 3927 3718 3983 pro-

2119 4000 2368 4070 gnostica
2400 4000 2475 4054 ita
2504 4000 2768 4056 describit
2802 4020 2814 4056 :

2151 4112 2220 4163 El
2258 4108 2325 4163 δέ
2347 4112 2415 4165 κέ
2434 4128 2541 4179 μιν
2569 4112 2702 4178 περὶ
2728 4111 2937 4166 πᾶσαν
2967 4112 3155 4171 ἀλωαὶ
3182 4111 3650 4179 κυκλώσονται,

2158 4182 2238 4252 'H_
2256 4181 2411 4250 τρεῖς
2430 4181 2509 4252 ἠὲ
2539 4180 2646 4252 δύο
2676 4184 3094 4252 περικείμεναι,
3122 4183 3195 4251 ὴὲ
3214 4183 3300 4252 μί’
3326 4183 3444 4251 ειη,

2160 4248 2238 4317 Τῇ
2263 4248 2380 4319 μὲν
2412 4251 2475 4318 ἴῃ
2504 4248 2759 4320 ἀνέμοιο
2779 4248 3109 4322 rainy-alae
3132 4248 3196 4307 τε
3215 4248 3505 4308 ’δοκεύειν

2165 4320 2535 4372 Ῥπγινυαένιη
2564 4321 2823 4372 ἁνέιιοιοο
2855 4323 3254 4372 ιιαοαινοιιέντι
3282 4322 3351 4372 δὲ
3373 4327 3505 4372 ναλι

2228 4336 2383 4389 ηγνυ

2564 4321 2823 4395 ἀνέμοισ
2849 4323 3254 4395 μαραινομέτη
3282 4322 3351 4376 δὲ
3373 4326 3697 4395 γαλήνης.

2274 4388 2392 4471 eoo
2499 4389 2576 4471 t1!
2607 4388 2865 4471 χέιμρνί
2889 4388 3330 4471 περιτροχάριτο
3353 4388 3625 4471 eretriam.

444 4476 598 4524 mant
632 4467 699 4521 ad
730 4468 885 4537 signa
930 4465 1264 4520 naturalium
1318 4461 1632 4526 ell'ectuum,
1678 4459 2012 4523 serenitatis,

2152 4460 2484 4544 ρζείζοναίῗ
2518 4459 2880 4544 ἂνριεὶμῷνα
2904 4459 3433 4544 φέρεὶέτξριέλιθςτος

445 4558 664 4629 pluviae,
689 4563 1000 4619 ventorum,
1024 4552 1351 4615 sterilitatis,
1372 4551 1645 4618 sanitatis,
1674 4549 2011 4615 morborum,

443 4649 686 4715 serendi,
720 4647 964 4712 secandi,
1005 4644 1320 4716 navigandi,
1352 4654 1407 4699 et
1439 4642 1771 4708 medicandi,
1802 4641 1867 4697 de
1891 4643 2015 4713 qui-

443 4742 547 4797 bus
582 4741 680 4797 lib.
709 4756 877 4804 xvm,
910 4754 1030 4809 cap.
1064 4737 1132 4793 55
1155 4777 1170 4802 ,
1220 4738 1441 4806 copiose
1480 4733 1711 4800 Plinius,
1759 4735 2018 4790 collector

445 4835 845 4906 Georgicorum,
884 4832 1087 4887 Aratus
1139 4837 1193 4884 et
1234 4829 1357 4897 alii;
1403 4837 1458 4885 et
1503 4842 1605 4884 nos
1650 4829 1914 4884 nonnulla
1950 4844 2017 4884 ex

442 4928 553 4986 illis
579 4941 870 4995 excerpere
902 4923 1244 4979 conabimur.

514 5021 679 5084 lbid.,
739 5020 838 5073 lin.
883 5017 974 5071 εδ.
1020 5016 1231 5087 Ἀχλὺς
1276 5014 1386 5086 γὰρ
1443 5014 1507 5067 τὸ
1556 5014 1702 5083 ἀέρι.
1757 5012 2015 5079 Basilius,

446 5116 591 5170 hom.
621 5111 675 5173 6,
718 5109 966 5163 Ἐπειδὰν
997 5108 1105 5176 γάρ
1131 5108 1196 5161 δι’
1228 5108 1420 5177 ἀχλύος
1448 5108 1482 5178 ἡ
1518 5104 1763 5177 ἀναφορά
1794 5105 2016 5178 γένηται

444 5206 537 5260 τοῦ
565 5207 745 5277 ἡλίου,
771 5202 1147 5275 ἀμαυροῦνται
1178 5203 1275 5273 μὲν
1304 5203 1361 5254 αί
1389 5203 1623 5264 ἀκτῖνες,
1665 5198 2016 5269 ἀνθρακώδης

446 5300 502 5351 δὲ
529 5300 621 5352 καὶ
654 5299 888 5367 ὖφαιμος
922 5296 1018 5367 τὴν
1046 5296 1210 5369 χρόαν
1234 5298 1443 5366 ὁρᾶται,
1468 5295 1563 5365 τῆς
1588 5291 1895 5363 παχύτητος
1920 5289 2015 5343 τοῦ

446 5391 605 5461 ἀέρος
633 5390 837 5459 ταύτην
863 5388 1195 5459 ἐμποιούσης
1230 5386 1327 5458 τὴν
1362 5385 1661 5456 φαντασίαν
1689 5386 1809 5447 ταῖς
1838 5383 2012 5453 ὄψεσι.

446 5479 539 5550 Μὴ
573 5480 841 5551 διαχυθεὶς
890 5481 948 5533 δὲ
988 5480 1091 5533 ὑπὸ
1116 5480 1214 5549 τῆς
1263 5479 1479 5542 ἀκτῖνος
1511 5477 1539 5529 ὁ
1593 5475 2018 5544 πεπυκνωμένος

447 5569 584 5632 τέως
625 5572 719 5622 καὶ⁵
751 5572 1019 5633 συνεστὼς
1062 5570 1188 5640 ἀὴρ,
1226 5569 1383 5638 δῆλός
1427 5571 1541 5621 ἐστι
1568 5568 1657 5622 διὰ
1699 5568 1798 5640 τὴν
1844 5568 2017 5637 ἀπόρ-

453 5659 601 5725 ροιαν
628 5658 735 5709 τῶν
769 5662 832 5711 ὲκ
861 5660 959 5729 τῆς
1000 5661 1101 5730 γῆς
1135 5660 1322 5730 ἀτμῶν
1368 5660 1708 5732 κρατηθῆναι
1746 5662 1819 5732 μὴ
1861 5662 2018 5731 δυνη-

453 5743 585 5805 Οεὶς,
609 5742 740 5795 ἀλλά
772 5745 847 5814 τῷ
873 5746 1192 5817 πλεονασμῷ
1225 5749 1314 5802 τοῦ
1340 5749 1505 5820 ὑγροῦ
1536 5751 1775 5822 χειμῶνα
1802 5751 2015 5815 ἐπάξων

2153 4531 2259 4584 Καὶ
2270 4529 2510 4599 μᾶλλον
2519 4529 3021 4601 μελανεῦσαι,’καὶ
3036 4536 3088 4587 εί
3096 4529 3179 4602 ῥη
3186 4529 3425 4603 γινοίατο

2116 4646 2290 4698 Areas
2318 4642 2419 4699 has
2448 4659 2683 4701 coronas
2720 4640 3175 4703 vocavit'Plinius
3210 4647 3308 4703 lib.
3344 4663 3408 4711 ιι,
3438 4663 3569 4719 cap.
3612 4650 3717 4717 29,

2117 4734 2337 4805 quando
2378 4733 2631 4792 videlicet
2662 4739 2809 4791 circa
2848 4740 3020 4800 solem
3052 4750 3108 4793 et
3152 4739 3360 4801 lunam,
3402 4741 3490 4796 vel
3536 4743 3713 4797 aliam

2116 4826 2317 4880 claram
2348 4828 2561 4881 stellam
2595 4828 2837 4884 circulus
2882 4830 3241 4900 conspicitur.
3278 4829 3569 4886 Exsistunt
3603 4851 3712 4888 ec-

2116 4917 2233 4971 dem
2262 4935 2466 4974 corona:
2496 4923 2638 4975 circa
2671 4923 2872 4988 lunam,
2900 4932 2948 4977 et
2977 4925 3121 4978 circa
3152 4923 3353 4978 nobilia
3381 4935 3540 4979 astra
3574 4929 3711 4983 ccio

2116 5025 2315 5081 quoque
2350 5012 2679 5067 inhmrentia.
2717 5014 3041 5072 Aristoteles
3071 5016 3141 5070 de
3188 5015 3274 5071 his
3307 5016 3405 5071 lib.
3444 5033 3536 5084 ιιι,
3590 5018 3711 5073 le-

2119 5112 2247 5157 teor.
2281 5106 2523 5158 omnium
2560 5107 2988 5162 absolutissime.
3738 5110 3747 5141 λ

2185 5193 2346 5257 lbid.,
2395 5196 2491 5251 lin.
2532 5198 2591 5251 51
2637 5216 2651 5251 :
2699 5199 2880 5253 Ἐπὰν
2923 5198 2993 5251 δὲ
3040 5199 3142 5253 καὶ
3199 5201 3255 5253 oi
3307 5202 3707 5271 καλούμενοι.

2116 5285 2319 5340 Aratus
2363 5305 2377 5341 :

2150 5403 2413 5473 Σκεπτεο
2438 5401 2488 5455 δ’
2509 5402 2547 5469 ἢ
2571 5403 2865 5473 ἀνιόντος.
2892 5401 2930 5469 ἢ
2959 5403 3176 5473 αὐτίκα
3206 5402 3528 5473 δυομένοιο

2153 5472 2227 5525 El
2250 5489 2366 5526 που
2396 5477 2449 5526 οι
2480 5472 2709 5541 νεφέων
2735 5472 2807 5525 τὰ
2833 5470 3096 5541 παρήλια
3118 5470 3601 5540 mundum-tau.

2155 5544 2227 5613 Ἡ
2249 5546 2447 5613 νότου,
2486 5543 2558 5609 ὴὲ
2582 5542 2810 5609 ,Βορῆος
2835 5543 3130 5611 ἐρεύθεται
3158 5543 3196 5610 ἢ
3221 5543 3572 5613 ἑκάτερθεν,

2151 5616 2209 5667 Μ
2214 5612 2246 5679 ὴ
2268 5612 2317 5665 δ’
2339 5614 2489 5666 οὕτω
2512 5612 2776 5677 σκοπιὴν
2796 5614 3017 5681 ταύτην
3036 5613 3302 5682 ἀμινῆνα
3321 5612 3693 5682 φυλάσσειν·

2151 5683 2356 5757 ρξιγὰρ
2373 5683 2454 5736 ὅτ’
2470 5682 2882 5757 ᾀμροτέρυθεν
2900 5683 3049 5757 ὁμοῇ
3065 5684 3203 5757 περὶ,
3209 5684 3459 5757 μέσσον
3473 5686 3697 5757 ἔχωσιν

2166 5753 2383 5809 Ἠέλιον
2416 5754 2604 5809 κεῖναι
2637 5753 2880 5823 νεφέλαι
2903 5754 3128 5823 σχεδὸν
3168 5756 3495 5823 Ὠκεανοῖο,
