3840 6164
122 298 243 355 865

168 417 449 487 I‘t'rnnqa
478 415 731 487 ἀμϐολίη
756 414 954 470 διόθεν
974 413 1503 486 χειμῶνοξίόντος.

168 484 339 557 Εἴτε
351 484 469 555 μὲν
487 484 557 541 se
581 486 803 555 βορέαο
826 486 927 557 μί’Δ
944 484 1039 555 οἴη
1064 484 1444 557 φοινίσσοιτο
1470 528 1485 551 ,

185 555 493 625 Ἐπιβορέω
521 556 731 622 πνοιάς
760 555 836 611 κε
855 555 1041 626 φέροι·
1066 555 1235 625 mm
1268 557 1336 610 δὲ
1356 557 1572 612 νότοιο.

170 625 246 697 ᾚ
279 627 379 679 καί
402 643 520 680 που
544 625 902 696 ῥαθάμιγγες
926 625 1308 697 ἐπιτροχόωσ’
1338 628 1553 692 ὑετοῖο,

182 695 514 766 Ἑσπερίοις
533 698 628 751 καὶ
650 695 893 766 μᾶλλον
911 695 1234 766 ἐπιπρεπὲς
1255 696 1433 766 ἤματι
1454 700 1706 764 τούτοις·

185 764 546 836 Ἐσπερόθεν
573 764 685 837 τὰρ
713 767 872 837 ὁμῶς
902 764 1255 838 σημαίνεται
1284 764 1540 838 ἐμμενὲς
1571 770 1705 824 alet.

131 879 216 935 De
256 879 545 944 antheliis,
579 879 696 935 sive
722 880 977 951 pareliis,
1019 879 1362 945 Aristoteles,
1391 879 1619 948 Plinius,
1654 887 1711 936 et

130 972 252 1027 alii.

206 1063 328 1119 Col.
347 1062 471 1126 720,
497 1063 592 1119 lin.
618 1064 688 1119 53
719 1082 733 1119 :
758 1062 868 1118 Kal
887 1061 1073 1116 πάλιν
1104 1063 1284 1131 ἠνικα
1296 1060 1562 1130 ῥάϐδοις.
1587 1063 1711 1119 Ari-

133 1159 364 1213 stoteles
398 1155 619 1212 leteor.
654 1157 750 1213 lib.
781 1172 863 1218 ιιι.
895 1156 1098 1226 parelia
1123 1156 1404 1220 scribit,.et
1423 1156 1602 1227 virgas
1617 1172 1711 1213 ea-

128 1249 260 1305 dem
282 1264 349 1304 ex
372 1264 538 1305 causa
564 1250 700 1313 ﬁeri,
728 1250 824 1305 sed
852 1249 1019 1306 nubis
1039 1249 1229 1304 habitu
1258 1249 1498 1314 diverso,
1532 1250 1708 1320 siqui-

127 1337 258 1395 dem
290 1354 411 1393 cum
447 1339 539 1393 illa
589 1340 914 1411 caliginosa,
957 1349 1009 1394 et
1048 1340 1293 1408 aequalis,
1340 1353 1403 1393 ac
1446 1347 1708 1410 praetcrea

128 1446 340 1502 aquosa
364 1432 644 1503 densaque
671 1432 855 1497 fuerit,
889 1440 1003 1486 tum
1031 1434 1211 1488 visum
1243 1443 1504 1502 tanquam
1539 1446 1569 1485 a
1600 1433 1708 1488 levi

120 1526 360 1594 speculo
406 1526 475 1580 ad
526 1528 694 1581 solem
754 1524 1012 1581 reﬂexum
1067 1524 1362 1580 candorem
1396 1526 1704 1594 concipere.

130 1616 316 1674 Solem
359 1620 502 1674 enim
535 1627 591 1674 et
638 1621 820 1676 colore
862 1627 915 1673 et
951 1620 1121 1691 ﬁgura
1167 1618 1372 1674 referre
1420 1618 1705 1689 parelium,

127 1723 202 1764 ac
231 1710 394 1766 nubis
421 1711 639 1781 quidem
668 1711 1035 1781 aequalitatem
1065 1710 1266 1764 coloris
1303 1724 1427 1764 csse
1452 1722 1704 1769 causam.

126 1800 482 1857 reﬂesioncm
507 1810 688 1857 autem
715 1804 866 1858 visus
900 1803 965 1856 ad
998 1801 1197 1856 nubem
1233 1808 1490 1871 tanquam
1516 1792 1778 1872 specu-‘8

129 1896 246 1950 lum
290 1893 491 1961 ﬁgurae,
523 1909 646 1951 cum
676 1895 769 1949 illa
808 1901 866 1950 ut
904 1895 1142 1950 nondum
1172 1895 1245 1950 sit
1277 1908 1438 1963 aqua,
1472 1894 1546 1948 ita
1574 1909 1708 1948 con-

128 1987 315 2045 festim
346 1990 417 2044 sit
449 1991 505 2044 in
527 2003 591 2043 ea
632 1990 913 2054 mutanda,
948 1989 1180 2059 ideoque
1221 1989 1458 2059 pluviam
1486 1997 1707 2057 porten-

126 2081 263 2137 dere
296 2083 561 2151 parelium
591 2083 765 2153 magis
802 2082 868 2136 ad
906 2091 1152 2137 austrum
1184 2096 1346 2150 quam
1376 2079 1445 2134 ad
1481 2080 1705 2133 boream

126 2173 320 2237 situm,
346 2174 491 2243 quod
512 2174 658 2230 illius
685 2190 781 2229 aer
809 2173 1024 2229 facilius
1044 2189 1207 2244 quam
1237 2173 1402 2242 hujus
1431 2172 1487 2227 in
1509 2186 1704 2242 aquam

124 2270 398 2319 transeat.
432 2262 677 2333 Denique
709 2264 921 2320 oriente
962 2274 1015 2319 et
1057 2264 1341 2319 occidente
1381 2264 1496 2319 sole
1528 2263 1703 2326 cerui,

125 2370 242 2408 non
269 2356 376 2409 alte
394 2355 489 2409 sed
521 2355 741 2425 oblique
774 2356 901 2418 sita,
933 2362 993 2409 ut
1024 2362 1078 2411 et
1106 2356 1308 2425 virgas,
1334 2369 1457 2425 quae
1481 2362 1706 2425 propter

126 2446 362 2501 nubium
392 2446 814 2516 inaequalitatem
840 2447 920 2502 sic
943 2455 1229 2501 vocantur.

201 2535 367 2599 lbid.,
419 2538 517 2593 lin.
548 2538 637 2593 38.
694 2540 756 2596 Ἡ
794 2538 862 2592 δὲ
920 2538 1153 2607 σελήνη
1211 2538 1455 2593 ἐπειδὰν
1506 2537 1577 2592 ἐν
1629 2534 1705 2605 τῇ

123 2627 320 2695 τρίτῃ.
354 2626 610 2693 Basilius,
652 2629 802 2684 hom.
834 2629 890 2694 6,
929 2631 1112 2703 Λεπτὴ
1154 2631 1249 2702 μὲν
1277 2630 1386 2702 γὰρ
1413 2626 1549 2683 οὖσα
1577 2630 1705 2700 περὶ⁸

120 2720 321 2791 τρίτην
369 2720 580 2792 ἡμέραν
625 2721 718 2775 καὶ
759 2722 995 2794 καθαρὰ,
1044 2723 1312 2795 σταθερὰν
1357 2723 1538 2777 εὐδίαν
1575 2740 1705 2776 κατ-

122 2810 543 2878 επαγγέλλεται
562 2816 759 2882 παχεῖα
773 2814 830 2865 δὲ
850 2817 969 2877 ταῖς
991 2815 1259 2886 κεραίαις,
1283 2815 1377 2868 καὶ
1401 2802 1703 2886 ὑπέρυθρος

123 2904 450 2974 φαινομένη,
483 2903 516 2974 ἢ
546 2904 638 2957 καὶ
681 2903 824 2976 ὕδωρ
881 2905 1083 2978 λάϐρον
1108 2906 1216 2959 ἀπὸ
1245 2906 1441 2974 νεφῶν,
1483 2905 1515 2977 ἢ
1548 2906 1701 2959 νότου

124 2992 312 3062 βιαίαν
352 2996 566 3065 κίνησιν
611 2997 843 3050 ἀπειλεῖ.
895 2997 971 3051 Ex
1012 2999 1215 3067 quibus
1248 2998 1465 3068 corrigo
1493 3004 1700 3052 textum

122 3084 423 3151 Eustathii,
458 3086 600 3159 ὕδωρ
627 3088 847 3159 λάϐρον,
875 3089 908 3160 ἢ
931 3089 1080 3143 νότον
1105 3089 1293 3160 βίαιον.
1323 3091 1522 3145 Aratus
1545 3089 1702 3144 lucu-

125 3177 310 3231 lenter
331 3178 448 3232 haec
478 3180 661 3232 omnia
688 3199 700 3232 :

158 3268 364 3339 Λεπτὴ
387 3267 506 3338 μὲν
533 3270 758 3339 καθαρὴ
795 3288 861 3324 τε
886 3270 1018 3339 περὶ
1046 3272 1245 3338 τρίτον
1271 3266 1428 3339 ἦμαρ
1451 3271 1660 3336 ἐοῦσα,

160 3338 381 3405 Εὔδιος
411 3339 464 3391 κ’
491 3340 604 3406 εἵη.
633 3338 824 3407 λεπτὴ
854 3341 921 3395 δὲ
946 3338 1043 3395 καὶ
1073 3345 1143 3395 οὺ
1165 3338 1307 3409 μάλ’
1326 3338 1577 3409 specum

160 3409 523 3480 Πνευματίη.
550 3412 742 3479 Παχίη
774 3411 841 3464 δὲ
876 3413 971 3466 καὶ
1004 3413 1321 3480 ἀμϐλείῃσι
1352 3414 1614 3480 κεραίαις

166 3477 453 3550 Τέτρατον
478 3481 545 3533 ἐκ
573 3477 898 3548 τριατάτοιο
922 3477 1080 3550 φόως
1106 3477 1668 3550 ἀμενοηνὸν’ἕχοιισα

166 3550 239 3605 Ἠ
265 3549 418 3616 νότῳ
435 3550 815 3620 ἀμϐλύνεται,
836 3552 875 3620 ἣ
898 3549 1114 3617 ὕδατος
1131 3549 1309 3621 ἐγγὺς
1331 3553 1557 3617 ἐόντος.

126 3659 309 3716 Varro
342 3677 357 3715 :
395 3659 455 3717 Si
503 3674 692 3733 quarto
749 3662 834 3718 die
886 3666 1012 3718 luna
1053 3666 1153 3719 erit
1198 3664 1420 3731 directa,
1454 3682 1700 3736 magnam

125 3762 488 3824 tempestatem
522 3757 575 3810 in
607 3758 744 3810 mari
784 3759 1083 3828 prwsagiet,
1114 3759 1216 3811 nisi
1240 3759 1287 3811 si
1316 3774 1565 3812 coronam
1593 3759 1700 3812 cir-

123 3861 191 3900 ca
232 3862 291 3899 se
315 3845 546 3910 habebit,
578 3855 627 3900 et
659 3864 774 3901 eam
807 3848 1069 3901 sinceram
1099 3863 1119 3901 :
1152 3849 1399 3918 quoniam
1421 3848 1515 3902 illo
1545 3849 1699 3903 modo

124 3954 232 3992 non
258 3947 381 3991 ante
408 3937 623 4005 planam
650 3937 831 3992 lunam
857 3939 1209 3993 hiematurum
1239 3939 1487 4005 ostendit,
1518 3941 1565 3994 si
1590 3941 1699 4008 ple-

127 4028 340 4082 nilunio
375 4044 468 4096 per
499 4028 775 4082 dimidium
808 4044 942 4098 pura
970 4031 1090 4094 erit,
1122 4029 1231 4084 dies
1257 4047 1465 4085 serenos
1495 4032 1701 4101 signiﬁ-

123 4120 368 4174 cabtt:si
396 4120 578 4183 rutila,
612 4130 787 4175 ventos
818 4136 837 4175 :
861 4123 1178 4193 nigrescens,
1198 4124 1411 4177 imbres.
1441 4121 1501 4176 Si
1529 4124 1698 4193 caligo

123 4212 273 4266 orbis
297 4210 484 4265 nubem
517 4213 809 4279 incluserit,
840 4222 1016 4267 ventos
1048 4230 1151 4284 qua
1178 4230 1233 4267 se
1273 4214 1468 4282 ruperit
1495 4229 1512 4267 :
1548 4215 1594 4267 si
1619 4231 1700 4284 ge-

125 4303 262 4356 mini
281 4302 429 4358 orbes
449 4302 748 4372 junxerint,
778 4304 1036 4375 majorem
1057 4314 1435 4373 tempestatem,
1458 4315 1509 4359 et
1532 4308 1698 4376 magis

120 4396 174 4449 si
201 4405 309 4450 tres
335 4408 508 4461 erant,
530 4407 623 4451 aut
662 4397 821 4467 nigri,
861 4405 954 4450 aut
982 4397 1283 4465 interrupti,
1320 4407 1473 4468 atque
1494 4396 1697 4450 distra-

1141 297 1210 352 lN
1250 297 1625 355 EUSTATHII
1652 298 2127 357 HEXAEML'ZRON
2164 302 2391 360 NOTAE.

3277 305 3383 363 866

1740 440 1787 492 Α
1818 419 1914 473 hoc
1939 422 2224 476 concedant
2256 423 2422 477 oculis
2445 423 2663 486 nostris,
2689 430 2830 475 utea
2855 420 2961 474 duo
2983 419 3180 484 sidera,
3198 422 3386 475 mani-

1810 511 2000 580 festum
2030 515 2100 567 sit
2139 514 2367 585 amplius
2406 516 2609 569 caeteris
2649 515 2821 570 lucere
2848 530 3003 583 super
3040 524 3253 578 terram,
3292 531 3384 569 nec

1808 604 1945 659 diem
1966 606 2254 661 clarescere
2287 608 2392 661 nisi
2419 607 2532 661 luce
2558 608 2709 672 solis,
2738 623 2830 660 nec
2863 615 3067 661 noctem
3101 615 3177 659 tot
3213 606 3383 660 stellis

1809 697 2152 767 fulgentibus.
2187 700 2265 754 ita
2298 700 2466 754 lucere
2501 701 2548 753 si
2580 700 2707 754 luna
2750 698 2908 765 desit,
2940 698 3384 771 quemadmodum

1806 792 2088 858 praesentia
2116 789 2259 846 illius
2289 792 2624 846 illustratur.

1877 879 2039 947 Ibid.,
2072 882 2167 937 lin.
2195 882 2285 938 44.
2325 883 2403 937 Τὰ
2438 881 2506 936 δὲ
2531 882 2724 951 ἄστρα
2751 882 2850 936 καὶ
2870 881 3097 952 μηνῶν.
3130 881 3206 939 De
3233 882 3384 938 varia

1808 981 2079 1027 astrorum
2115 974 2593 1029 observatione'in
2628 988 2881 1045 agrorum
2927 974 3163 1037 cultura,
3212 974 3384 1027 multa

1806 1071 2042 1128 veteres,
2073 1063 2308 1129 Plinius,
2343 1064 2776 1137 Theophrastus,
2809 1063 3007 1130 Varro,
3033 1073 3225 1120 auctor
3252 1064 3384 1120 Geo-

1806 1156 2138 1224 ponicarum,
2169 1163 2225 1211 et
2257 1156 2373 1212 alii.

1876 1244 2038 1310 Ibid.,
2087 1247 2184 1302 lin.
2224 1246 2316 1302 t6.
2352 1245 2465 1302 Kal
2507 1249 2569 1302 at
2602 1246 2877 1315 πλειάδες
2914 1246 3379 1302 ἀνατέλλουσαι.

1807 1336 2080 1394 Hesiodus
2104 1339 2159 1394 in
2193 1341 2422 1410 Ἔργοις
2448 1340 2547 1394 καὶ
2570 1340 2838 1411 ἡμέραις,
2873 1340 2911 1395 l.
2944 1355 3005 1394 ιι.

1840 1451 2157 1519 Πληϊάδων
2201 1453 2597 1522 Ἀτλαγενέων
2623 1451 3152 1520 ἐπιτελλομενάων,

1846 1524 2114 1644 Ἀἱρχεσσ
2136 1524 2384 1592 ἀμητοῦ·
2413 1525 2647 1592 ἀρότοιο
2679 1524 2745 1577 δὲ
2770 1522 3219 1593 δυσσομενάων·

1846 1598 1884 1644 Α
1941 1592 2015 1644 δή
2044 1610 2131 1644 τοι
2156 1595 2378 1644 νύκτας
2400 1612 2463 1644 τε
2496 1594 2593 1644 καὶ
2616 1594 2810 1644 ’ἥπατα
2828 1593 3219 1644 recreandarum

1841 1592 1914 1647 At
1941 1592 2015 1659 δή
2044 1610 2131 1646 τοι
2156 1595 2378 1663 νύκτας
2400 1612 2463 1648 τε
2496 1594 2593 1647 καὶ
2616 1594 2810 1663 ἤματα
2828 1592 3281 1663 τεσσαράκοντα

1838 1665 2229 1732 Κεκρύφαταιο
2250 1661 2434 1734 αὖτις
2461 1664 2528 1716 δὲ
2552 1661 2987 1734 περιπλομένου
3018 1661 3298 1734 ἐνιαυτοῦ

1842 1735 2176 1799 Φαίνονται,
2202 1733 2273 1787 τὰ
2304 1734 2506 1803 πρῶτα
2531 1733 3009 1804 χαρασσομένοιο
3036 1733 3310 1802 σιδήρου.

1808 1846 1872 1900 Ει
1907 1847 2230 1912 Columella,
2257 1846 2332 1901 De
2369 1864 2424 1901 re
2448 1848 2669 1912 rustica,
2706 1846 2799 1900 lib.
2842 1861 2902 1911 ιι,
2943 1860 3065 1915 cap.
3106 1845 3161 1909 8,
3203 1844 3383 1897 Placet

1807 1948 1987 1993 nostro
2028 1947 2194 2008 poeta:
2235 1940 2508 2003 adoreum,
2568 1948 2722 2009 atque
2784 1940 2946 1993 etiam
2990 1938 3222 1990 triticum
3279 1951 3383 1990 non

1805 2040 1926 2086 ante
1957 2033 2216 2085 seminare
2237 2047 2392 2101 quam
2421 2031 2704 2085 acciderint
2734 2029 2971 2101 Virgilio:
2996 2045 3015 2083 :
3035 2029 3172 2100 quod
3206 2029 3382 2099 ipsum

1805 2126 2038 2178 numeris
2074 2125 2151 2178 sic
2187 2125 2428 2177 edisserit
2457 2137 2478 2176 .'

1891 2215 1959 2286 ᾼι
1992 2217 2039 2269 si
2069 2216 2327 2269 triticeam
2361 2218 2413 2268 in
2446 2232 2686 2280 messem,
2717 2215 3034 2286 robustaque
3061 2217 3214 2284 farra

1886 2285 2167 2340 Exercebis
2190 2286 2405 2339 humum
2437 2286 2663 2354 solisque
2686 2287 2905 2340 instabis
2937 2285 3117 2341 aristis
3141 2328 3158 2354 ,

1889 2357 2024 2410 Ante
2058 2356 2152 2409 tibi
2182 2356 2308 2411 an:
2334 2356 2633 2411 Atlantides
2666 2357 3077 2415 abscondantur.

1803 2468 2211 2523 Absconduntur
2237 2479 2410 2524 autem
2439 2471 2605 2525 altero
2649 2480 2698 2525 et
2723 2471 2985 2524 tricesimo
3019 2469 3105 2524 die
3136 2478 3252 2539 post
3288 2485 3381 2523 au-

1805 2562 2037 2616 tumnale
2087 2562 2492 2631 azquinoctium,
2541 2562 2688 2631 quod
2741 2562 2848 2632 fere
2902 2562 3182 2632 conﬁcitur
3240 2578 3380 2617 nono

1803 2649 2034 2707 Kalend.
2062 2650 2304 2706 Octobris
2335 2666 2353 2704 :
2378 2660 2592 2720 propter
2616 2651 2753 2722 quod
2782 2652 3004 2722 intelligi
3035 2652 3183 2706 debet
3213 2653 3379 2706 tritici

1810 2748 1949 2801 satio
1979 2746 2183 2800 dierum
2222 2761 2313 2799 sex
2336 2754 2385 2800 et
2424 2745 2776 2816 quadraginta
2816 2747 2880 2799 ab
2906 2762 3095 2800 occasu
3128 2745 3380 2817 Virgilia-

1804 2856 1921 2892 rum
1954 2840 2042 2908 qui
2076 2840 2139 2907 ﬁt
2171 2848 2293 2893 ante
2317 2839 2454 2892 diem
2483 2856 2537 2893 ιι
2570 2836 2799 2894 Kalend.
2826 2837 3137 2893 Novembris
3161 2839 3228 2892 ad
3254 2838 3378 2891 bru-

1804 2946 1904 2984 ma:
1938 2939 2174 3000 tempora
2208 2931 2328 2983 :sic
2354 2931 2495 2983 enim
2529 2939 2736 2984 servant
2784 2929 3062 2999 prudentes
3106 2929 3375 3001 agricola,

1802 3031 1861 3075 ut
1893 3021 2188 3093 quindecim
2226 3021 2407 3075 diebus
2444 3023 2590 3087 prius
2636 3039 2791 3093 quant
2817 3023 3131 3092 conﬁciatur
3168 3023 3375 3086 bruma,

1805 3112 2122 3182 totidemque
2159 3121 2278 3180 post
2323 3128 2439 3165 eam
2487 3111 2777 3181 confectam
2815 3129 2975 3184 neque
3016 3120 3188 3177 arent,
3216 3129 3382 3184 neque

1803 3204 1959 3258 vitem
1993 3213 2085 3257 aut
2121 3206 2360 3258 arborem
2388 3212 2591 3273 putent.

1871 3294 2030 3359 Ibid.,
2060 3296 2156 3349 lin.
2178 3295 2265 3349 54.
2293 3294 2413 3363 Πρό
2443 3294 2511 3346 δὲ
2542 3295 2767 3348 τούτων
2793 3296 3026 3363 χρόνος.
3076 3294 3244 3365 quue
3273 3294 3374 3350 de-

1801 3387 2099 3442 monstrari
2136 3395 2314 3457 potest
2343 3394 2663 3457 argumento
2691 3386 3028 3441 validissimo
3058 3403 3121 3443 es
3163 3387 3379 3442 Aristo—
3404 3372 3416 3385 ’

1802 3479 1926 3533 telis
1951 3478 2222 3542 doctrina,
2254 3478 2654 3548 prsesupposito
2681 3484 2895 3547 tempus
2929 3492 3050 3533 esse
3080 3493 3373 3533 numerum

1802 3578 2003 3626 motus.
2061 3570 2119 3624 In
2172 3585 2281 3639 quo
2335 3575 2516 3624 autem
2569 3569 2785 3623 dill‘erat
2835 3584 3008 3623 aevum
3054 3584 3084 3623 a
3131 3576 3379 3640 tempore

1802 3666 1958 3734 plura
1989 3662 2218 3717 Proclus
2261 3661 2568 3717 Diadochus
2597 3662 2651 3715 in
2682 3661 2962 3733 Theologia
2996 3660 3300 3718 Platonica.

1870 3755 2029 3820 lbid.,
2069 3755 2165 3810 lin.
2198 3753 2284 3809 57.
2320 3752 2574 3822 Καιροὺς
2596 3752 2663 3806 δὲ
2685 3753 2886 3823 λέγειν
2915 3754 3233 3823 ἡγούμεθα.
3270 3754 3378 3810 Ba—

1803 3848 1983 3914 silius,
2011 3847 2159 3902 hom.
2196 3845 2251 3909 6,
2287 3847 2524 3917 Καιροὺς
2551 3845 2607 3898 δὲ
2640 3843 2817 3914 λέγειν
2844 3844 3125 3917 ἡγούμεθα
3143 3844 3244 3910 τὰς
3266 3847 3376 3903 τῶν

1800 3937 1958 4011 ὡρῶν
2003 3936 2326 4005 ὲναλλαγὰς,
2362 3936 2649 4008 χειμῶνος,
2684 3936 2779 3990 καὶ
2810 3937 2989 4008 ἔαρος,
3029 3939 3123 3991 καὶ
3161 3938 3373 4010 θέρους,

1800 4031 1893 4082 καὶ
1922 4026 2258 4099 μετοπώρου·
2281 4029 2347 4091 ἃς
2373 4027 2647 4092 εὐτάκτως
2672 4027 3004 4100 περιοδεύειν
3036 4030 3181 4100 ἡμᾶς
3204 4030 3265 4084 τὸ
3286 4048 3376 4084 τε-

1756 4140 1759 4145 ν
1799 4118 2066 4190 ταγμένον
2103 4120 2201 4191 τῆς
2237 4120 2502 4190 κινήσεως
2532 4118 2639 4173 τῶν
2668 4121 2968 4193 φωστήρων
2996 4122 3244 4193 παρέχει.
3299 4122 3374 4178 De

1799 4221 2036 4284 quatuor
2062 4213 2190 4266 anni
2224 4220 2527 4282 temporum
2555 4212 2936 4269 vicissitudine
2963 4215 3243 4282 nonnulla,
3269 4215 3372 4271 etsi

1800 4305 2080 4375 pueriliter
2106 4303 2556 4375 philosophatur,
2588 4312 2643 4358 et
2673 4305 2830 4373 quasi
2857 4306 3085 4375 plastice
3116 4308 3372 4377 proponit

1799 4397 2142 4462 Eustathius,
2190 4396 2306 4452 sive
2354 4394 2682 4451 Eumathius
2729 4396 3136 4452 Macrembolita
3176 4398 3275 4453 lib.
3314 4416 3371 4454 tv

120 4487 215 4542 eti.
255 4485 495 4543 Nasceris
526 4489 652 4543 luna
688 4490 737 4543 si
775 4504 937 4543 cornu
973 4490 1240 4557 superiore
1273 4489 1458 4543 obatro
1499 4501 1697 4559 surget,
1732 4496 1775 4549 υ
1803 4489 1881 4544 De
1910 4489 2178 4543 amoribus
2217 4487 2449 4543 Ismenes
2478 4497 2527 4541 et
2551 4486 2815 4543 Ismenia.

119 4579 333 4648 pluvias
366 4579 663 4635 decrescens
699 4581 869 4645 dabit,
918 4582 966 4635 si
1009 4581 1279 4651 inferiore,
1319 4591 1439 4636 ante
1469 4580 1697 4650 plenilu-

121 4670 298 4735 nium,
331 4670 381 4723 si
407 4670 462 4724 in
488 4670 661 4724 media
694 4671 911 4740 nigritia
933 4672 1030 4724 illa
1057 4671 1239 4741 fuerit,
1261 4671 1479 4726 imbrem
1509 4672 1562 4725 in
1587 4671 1699 4739 ple-

122 4760 355 4815 nilunio.
396 4759 459 4817 Si
501 4762 653 4830 plena
707 4763 849 4815 circa
891 4778 946 4815 se
987 4761 1196 4816 habebit
1242 4762 1439 4828 orbem,
1480 4778 1545 4818 ex
1592 4778 1698 4833 qua

120 4862 276 4921 parte
304 4851 386 4906 his
413 4858 644 4907 maxime
680 4852 987 4923 splendebit,
1017 4868 1082 4907 ex
1106 4871 1170 4909 ea
1194 4865 1399 4909 ventum
1427 4854 1696 4920 ostendet;

120 4946 171 4998 si
208 4945 266 4997 in
305 4953 424 4997 ortu
471 4960 670 4998 cornua
707 4946 976 5000 crassiora
1014 4945 1233 5013 fuerint,
1264 4946 1539 5000 horridam
1568 4956 1696 5001 tem-

118 5043 402 5103 pestatem.
430 5033 492 5090 Si
520 5046 642 5091 ante
661 5047 906 5107 quartam
933 5053 1036 5091 non
1058 5039 1324 5107 apparuit,
1351 5047 1501 5092 vento
1528 5036 1698 5093 Favo-

121 5127 214 5180 nio
239 5126 427 5195 ﬂante,
457 5126 701 5181 hiemalis
730 5137 839 5183 toto
872 5145 1043 5182 mense
1067 5130 1187 5183 erit.
1223 5128 1284 5184 Si
1310 5130 1513 5185 decima
1545 5139 1697 5184 sexta

122 5220 477 5274 vehementius
506 5220 753 5289 ﬂammea
792 5222 1118 5291 apparuerit.
1156 5237 1373 5290 asperas
1418 5230 1697 5290 tempesta-

125 5321 202 5364 tes
240 5311 539 5381 pra'sagiet.
571 5310 666 5367 His
696 5312 897 5367 similia
930 5313 1092 5367 habet
1113 5311 1323 5367 Plinius
1357 5314 1495 5367 libro
1524 5312 1693 5379 dicto,

121 5410 179 5457 et
219 5412 414 5456 auctor
459 5401 893 5473 Geoponicorum,
939 5404 1034 5457 lib.
1077 5420 1131 5470 ι;
1185 5403 1431 5460 Ruellius
1478 5406 1692 5460 collect.

126 5491 204 5545 De
228 5492 510 5545 nativitate
531 5483 794 5557 stirpiu'm,
832 5492 926 5546 lib.
965 5508 1024 5557 ιι,
1047 5508 1167 5563 cap.
1210 5493 1281 5547 De
1306 5495 1580 5565 prasagiis
1608 5511 1697 5549 so—

122 5580 191 5634 lis
216 5590 267 5635 et
299 5582 476 5645 (ante;
508 5588 561 5636 et
590 5580 1025 5652 Theophrastus.

193 5672 359 5737 lbid.,
396 5673 495 5727 lin.
528 5672 618 5727 ιε.
654 5674 907 5741 Ὄργανα
934 5668 1047 5727 οὖν
1078 5675 1330 5742 χρόνων.
1358 5673 1695 5745 Augustinus

123 5765 203 5821 De
226 5764 420 5821 Genesi
452 5765 521 5820 ad
555 5765 661 5821 litt.
686 5764 784 5823 lib.
814 5781 875 5831 ιι,
910 5780 1033 5836 cap.
1065 5765 1154 5837 16,
1186 5765 1357 5834 Certe,
1387 5768 1585 5839 inquit,
1617 5766 1696 5822 vel

1868 4581 1985 4635 Col.
2016 4579 2139 4646 721,
2176 4580 2273 4634 lin.
2312 4580 2361 4632 1.
2403 4579 2514 4633 Καὶ
2553 4578 2774 4648 χειμὼν
2792 4579 2911 4649 μὲν
2936 4581 3174 4650 γίνεται.
3211 4579 3367 4636 Basi-

1798 4670 1926 4735 lius,
1962 4671 2108 4724 hom.
2135 4668 2188 4733 6,
2220 4666 2442 4738 Χειμὼν
2487 4669 2588 4739 μὲν
2628 4669 2736 4740 γὰρ
2772 4668 2977 4737 γίνεται
3018 4672 3131 4732 τοῖς
3175 4669 3369 4734 νοτίοις

1800 4763 1986 4834 μέρεσι
2024 4761 2119 4815 τοῦ
2153 4761 2301 4832 ἡλίου
2331 4760 2855 4832 προσδιατρίϐοντος,
2894 4763 2986 4814 καὶ
3022 4761 3153 4814 πολὺ
3181 4761 3243 4815 τὸ
3276 4780 3369 4816 νυ-

1797 4853 2042 4924 κτερινὸν
2075 4851 2316 4921 σκίασμα
2350 4851 2477 4921 περὶ
2506 4851 2597 4903 τὸν
2625 4850 2743 4904 καθ’
2783 4852 2930 4921 ἡμᾶς
2970 4851 3132 4905 τόπον
3167 4852 3366 4905 ἀποτε-

1795 4946 2031 5008 λοῦντος,
2061 4944 2200 4997 ὥστε
2227 4941 2631 5013 καταψύχεσθαι
2661 4942 2758 5012 μὲν
2790 4942 2880 4995 τὸν
2910 4943 3038 5016 περὶ
3069 4944 3171 5014 γῆν
3207 4945 3363 5016 ἀέρα,

1798 5037 1973 5097 πάσας
2020 5034 2077 5087 δὲ
2126 5035 2223 5096 τὰς
2273 5032 2444 5104 ὑγρὰς
2497 5031 2916 5102 ἀναθυμιάσεις,
2975 5033 3367 5104 συνισταμένας

1798 5127 1925 5199 περὶ
1955 5127 2123 5197 ἡμᾶς,
2155 5124 2377 5197 ὄμϐρων
2402 5140 2460 5176 τε
2485 5124 2663 5177 αἰτίαν
2698 5125 2789 5177 καὶ
2815 5123 3062 5196 κρυμῶν,
3088 5126 3181 5178 καὶ
3211 5126 3369 5194 νιφά-

1794 5219 1884 5283 δος
1930 5218 2210 5289 ἀμυθήτου
2256 5215 2539 5285 παρέχειν.
2589 5216 2804 5270 Gemin.
2854 5218 2929 5270 De
2962 5226 3233 5287 apparent.
3265 5235 3368 5272 cae-

1798 5310 1938 5373 lest.,
1975 5299 2161 5382 Τροπὴ
2190 5310 2247 5363 δέ
2277 5313 2393 5365 ἐστι
2428 5308 2729 5382 χειμερινὴ,
2766 5309 2891 5363 ὅταν
2917 5312 2945 5363 ὁ
2970 5308 3118 5380 ἥλιος
3152 5313 3367 5381 πορρω-

1795 5400 1944 5469 τάτῳ
1973 5400 2131 5469 ήμῶν
2162 5400 2257 5469 τῆς
2290 5401 2555 5471 οἰκήσεως
2593 5398 2838 5467 γένηται,
2868 5400 2960 5452 καὶ
2987 5400 3369 5464 ταπεινότατος

1794 5491 1869 5555 ὡς
1899 5491 2033 5561 πρὸς
2056 5492 2144 5546 τὸν
2173 5493 2441 5563 ὁρίζοντα,
2473 5490 2567 5544 καὶ
2598 5490 2915 5545 νοτιώτατον
2945 5490 3139 5544 κύκλον
3158 5492 3367 5565 γράψῃ,

1796 5585 1892 5637 καὶ
1925 5588 2187 5656 μεγίστην
2219 5585 2409 5637 πασῶν
2448 5583 2555 5637 τῶν
2589 5585 2647 5636 ὲν
2685 5584 2913 5655 ἐνιαυτῷ
2950 5584 3119 5638 νύκτα
3146 5586 3355 5657 ποιήση-

1794 5690 1904 5737 ται,
1938 5673 2223 5745 ἐλαχίστην
2250 5675 2307 5728 δὲ
2338 5675 2574 5747 ἡμέραν.

1865 5765 2027 5833 lbid.,
2079 5766 2175 5822 lin.
2227 5766 2278 5823 7.
2341 5765 2612 5823 Ἐπειδὰν
2660 5766 2728 5822 δὲ
2780 5768 3056 5825 ἐπανιών.
3110 5769 3367 5834 Basilius,
