3848 6168
445 357 550 412 867

1767 340 2014 398 LEONiS
2049 335 2322 394 ALLATll

3589 319 3699 377 868

431 468 581 522 hom.
615 465 668 525 6.
702 464 951 518 Ἐπειδὰν
975 465 1033 517 δὲ
1061 460 1300 516 ἐπανιὼν
1322 460 1480 514 πάλιν
1507 458 1618 512 ἀπὸ
1644 456 1753 509 τῶν
1790 471 2001 526 μεσημ-
2028 460 2073 515 Α
2099 452 2181 504 λιν
2204 450 2296 502 ἐπί
2322 446 2415 502 τοῦ
2457 442 2771 517 ίσημερινοῦ
2799 442 3024 513 γένηται
3056 439 3280 504 κύκλου,
3309 438 3404 492 καὶ
3432 438 3558 508 ῐσην
3583 438 3690 506 τὴν

433 560 633 633 ϐρινιιιν
664 558 879 631 χωρίων
910 558 1002 609 ἐπὶ
1029 555 1121 608 τοῦ
1155 554 1320 625 μέσου
1346 552 1592 620 γένηται,
1620 547 1760 600 ὥστε
1793 546 1853 611 ἐξ
1887 547 2005 598 ῖσου

438 653 682 725 μερίζειν
701 650 855 702 νυκτὶ
882 648 1018 719 πρὸς
1038 648 1249 718 ἡμέραν
1272 645 1361 697 τὸν
1382 642 1593 714 χρόνον,
1618 641 1741 693 ὅσον
1764 638 2009 691 πλεῖστον

433 747 545 807 τοῖς
561 741 872 813 ὑπεργείοις
894 735 1297 811 προσδιατρίϐει
1344 735 1548 797 τόποις,
1588 731 1827 802 τοσούτῳ
1867 729 2011 784 κατὰ

440 836 603 910 μέρος
639 837 899 903 ἐπανάγει
926 832 1023 905 τὴν
1052 829 1368 902 εὐκρασίαν,
1391 829 1488 881 καὶ
1517 826 1724 894 γίνεται
1753 825 1853 894 ἔαρ
1873 825 2009 876 πᾶσι

441 929 539 999 μὲν
569 931 751 997 φυτοῖς
780 926 880 995 τῆς
905 924 1248 994 βλαστήσεως
1276 919 1536 991 ἀρχηγὸν,
1567 916 1795 987 δένδρων
1816 915 1872 968 δὲ
1898 917 2009 977 τοῖς

439 1019 712 1083 πλείστοις
738 1018 973 1089 παρέχον
999 1015 1098 1087 τὴν
1120 1014 1431 1075 ἀναϐίωσιν,
1459 1010 1617 1075 ζώοις
1640 1009 1695 1062 δέ
1714 1008 2007 1079 χερσαίοις,

439 1113 534 1165 καί¹
576 1111 813 1179 ἐνύδροις
862 1110 1033 1162 ἅπασι
1076 1107 1136 1161 τὸ
1167 1108 1321 1175 γένος
1371 1102 1638 1173 φυλάσσον
1677 1104 1741 1154 ἐκ
1774 1100 1871 1170 τῆς
1901 1098 2010 1151 τῶν

440 1202 832 1272 ἐπιγινομένων
872 1199 1142 1271 διαδοχῆς.
1187 1196 1492 1251 Geminus:
1525 1193 1744 1265 Ἐαρινὴ
1787 1190 1882 1261 μέν
1918 1185 2010 1243 οὖν

443 1294 701 1367 ίσημερία
745 1294 956 1362 γίνεται
1000 1291 1129 1361 περὶ
1173 1290 1269 1361 τὴν
1312 1289 1420 1342 τῶν
1469 1286 1674 1342 ἀνθέων
1723 1283 1903 1355 ἀκμὴν
1953 1286 2011 1336 ἐν

439 1385 605 1457 Κριοῦ
643 1386 742 1457 μιᾷ
776 1385 959 1456 μοίρᾳ.
1006 1381 1143 1438 Vide
1182 1382 1250 1436 de
1279 1382 1383 1435 hoc
1415 1381 1572 1450 plura
1606 1376 1749 1448 apud
1791 1376 2012 1431 Cicero—

440 1492 586 1542 nem,
622 1492 660 1529 n
696 1475 771 1529 De
798 1486 976 1528 natur.
1009 1473 1263 1528 Deorum.

508 1567 623 1622 Col.
644 1568 768 1631 7‘ZI,
785 1568 880 1621 lin.
902 1568 985 1621 ll.
1006 1564 1115 1619 Καὶ
1141 1566 1362 1634 γίνεται
1389 1564 1494 1633 ἔαρ
1510 1561 1631 1627 τοῖς
1644 1558 1759 1629 μὲν
1782 1557 2007 1628 φυτοῖς.

442 1659 661 1730 Longus
683 1660 927 1728 sophista
986 1658 1312 1711 Poemenicon
1349 1656 1439 1709 lib.
1494 1671 1531 1721 ι,
1554 1649 1725 1724 Ἦρος
1749 1647 1817 1722 ἦν
1846 1649 2009 1722 ἀρχὴ,

443 1750 539 1804 καὶ
577 1750 751 1803 πάντα
790 1748 1035 1819 ἢκμαζεν
1070 1746 1226 1818 ἄνθη,
1261 1746 1328 1798 τὰ
1360 1747 1417 1798 ἐν
1442 1744 1684 1816 δρυμοῖς,
1720 1741 1789 1794 τὰ
1825 1742 1883 1792 ἐν
1906 1740 2014 1792 λει-

2114 541 2325 611 ἡμέραν
2356 541 2422 610 τῇ
2449 539 2601 590 νυκτὶ
2622 537 2935 607 ποιήσηται.
2969 532 3043 588 De
3066 533 3229 586 modo
3258 530 3609 593 incrementi,
3642 535 3699 583 et

2114 634 2447 689 decrementi
2481 632 2694 687 dierum
2720 646 2784 684 ac
2824 627 3091 692 noctium,
3126 640 3190 681 ac
3233 634 3540 695 temporum
3571 638 3699 677 mu-

2117 728 2341 789 tatione,
2377 724 2783 785 vicissitudine,
2835 721 3039 775 caloris
3088 725 3143 774 et
3196 716 3418 788 frigoris
3466 730 3700 770 succes-

2116 820 2291 882 sione,
2326 819 2442 872 sole
2464 832 2567 886 per
2595 816 2772 885 spatia
2803 812 3012 868 zodiaci
3042 828 3162 883 qua:
3189 819 3318 865 sunt
3342 812 3485 864 inter
3520 809 3699 879 aequi-

2115 910 2371 963 noctialia
2420 916 2473 962 et
2527 907 2736 977 tropica
2772 912 2974 975 puncta
3006 911 3378 975 percurrente,
3412 909 3469 955 et
3499 915 3694 954 eorum

2116 1018 2282 1056 causa
2335 1000 2623 1069 diligenter
2674 996 2968 1051 admodum
3022 994 3342 1049 Cleomedes
3401 993 3529 1046 libr.
3578 991 3694 1059 jam

2115 1096 2284 1156 dicto,
2316 1108 2355 1156 ι,
2384 1090 2769 1152 Meteororum;
2802 1098 2858 1144 et
2888 1087 3097 1141 Plinius
3130 1086 3224 1139 lib.
3256 1099 3414 1150 XVIII,
3444 1086 3566 1151 cap.
3599 1081 3691 1135 25.

2184 1184 2343 1249 lbid.,
2383 1184 2478 1237 lin.
2516 1182 2607 1237 25.
2660 1184 2741 1235 Οὺ
2792 1178 2951 1234 ποιεῖ
2992 1178 3061 1231 δὲ
3098 1177 3213 1246 τὴν
3243 1176 3486 1246 ἡμέραν.
3537 1173 3699 1229 Basi~

2116 1281 2242 1345 lius,
2304 1280 2453 1333 hom.
2503 1276 2556 1341 6,
2592 1276 2873 1330 Ἔστωσαν
2921 1273 2978 1326 δέ
3027 1272 3122 1341 καὶ
3173 1272 3252 1334 είς
3295 1268 3531 1341 ἡμέρας,
3594 1267 3699 1336 οὐχ

2116 1371 2254 1424 ὥστε
2313 1371 2524 1441 ἡμέρας
2590 1371 2795 1432 ποιεῖν,
2853 1365 2966 1420 ἀλλ’
3025 1364 3167 1417 ὥστε
3227 1360 3517 1432 κατάρχειν
3584 1358 3698 1411 τῶν

2116 1459 2356 1530 ἡμερῶν.
2411 1457 2624 1527 Ἡμέρα
2649 1456 2757 1527 γὰρ
2793 1456 2888 1508 καὶ
2911 1454 3004 1521 νὺξ
3051 1451 3394 1524 πρεσϐύτερα
3432 1449 3534 1514 τῆς
3583 1446 3697 1500 τῶν

2093 1550 2418 1621 ,φωστὴρων
2466 1548 2750 1615 γενέσεως.
2805 1546 2975 1598 Τοῦτο
3020 1544 3129 1615 γὰρ
3179 1543 3509 1596 ἐνδείκνυται
3559 1543 3699 1610 ἡμῖν

2116 1641 2211 1694 καὶ
2244 1642 2272 1692 ὁ
2309 1637 2522 1709 ψαλμὸς
2561 1637 2766 1704 λέγων·
2801 1638 3008 1690 Ἔθετο
3042 1634 3223 1701 ἣλιον
3271 1635 3358 1698 είς
3401 1631 3702 1695 ἐξουσίαι·

2118 1731 2227 1798 τῆς
2251 1730 2493 1800 ἡμέρας,
2533 1727 2804 1796 σελήνην
2854 1728 2953 1781 καὶ
2993 1726 3252 1794 ἀστέρας
3283 1727 3370 1790 εις
3400 1724 3703 1788 ἐξουσίαν

448 1841 610 1914 μῶσι,
649 1841 742 1895 καὶ
770 1816 1066 1910 ὃσα-δρεια.
1104 1816 1312 1907 Βόμϐος
1340 1832 1406 1907 ἦν
1436 1835 1537 1907 ἤδη
1573 1832 1855 1905 μελιττῶν,
1887 1826 2019 1901 ἦχος
2049 1831 2090 1884 Β
2117 1823 2226 1891 τῆς
2257 1824 2495 1888 νυκτός.
2528 1821 2651 1914 Πῶς
2682 1818 2775 1914 οὖν
2808 1819 2918 1891 ἔχει
2948 1820 3044 1914 τὴν
3073 1818 3318 1884 ἐξουσίαν
3349 1816 3448 1886 τῆς
3477 1818 3701 1888 ἡμέρας

444 1933 671 2005 ὀρνίθων
720 1931 1024 2002 μουσικῶν,
1080 1930 1425 2001 σκιρτήματα
1468 1924 1728 1995 ποιμνίων
1766 1924 2014 1994 ἀρτιγεν-

446 2027 639 2096 νὴτων’
683 2023 845 2095 ἄρνες
887 2023 1153 2094 ἐσκίρτων
1185 2023 1242 2075 ἐν
1268 2023 1383 2082 τοῖς
1408 2018 1610 2089 ὄρεσιν,
1651 2014 1915 2086 ἐϐόμϐουν
1961 2015 2018 2065 ἐν

444 2119 559 2179 τοῖς
597 2115 855 2184 λειμῶσιν
894 2115 950 2168 αί
996 2113 1261 2185 μέλιτται,
1294 2111 1394 2175 τὰς
1432 2109 1639 2181 λόχμας
1673 2106 1898 2179 κατῇδον
1925 2105 2019 2177 ὅρ-

447 2206 612 2270 νιθες.

517 2297 679 2361 lbid.,
715 2297 815 2352 lin.
858 2297 945 2351 l5.
1000 2295 1255 2351 Ἐκεῖθεν
1297 2293 1365 2347 δὲ
1406 2292 1543 2363 ἤδη.
1574 2291 1836 2356 Basilius,
1869 2288 2018 2343 hom.

447 2387 503 2451 6,
546 2386 784 2442 Ἐκεῖθεν
817 2387 873 2440 δέ
900 2387 1001 2459 ἡδη
1039 2386 1178 2457 πρὸς
1218 2383 1435 2456 θερινὰς
1474 2381 1682 2454 τροπὰς
1724 2380 1811 2431 ἐπ’
1853 2377 2021 2448 αὐτὴν

446 2479 546 2551 τὴν
581 2480 814 2551 ’Ἄρκτον
848 2478 1163 2531 ἀπελαύνων
1189 2477 1218 2528 ό
1251 2476 1401 2545 ἥλιος
1472 2473 1570 2535 τὰς
1605 2471 1862 2542 μεγίστας
1891 2470 2020 2538 ἡμῖν

445 2569 555 2622 τῶν
584 2568 804 2641 ἡμερῶν
829 2568 1144 2639 παρίστησι,
1168 2566 1261 2619 καὶ
1283 2563 1371 2616 διὰ
1394 2562 1454 2615 τὸ
1478 2562 1570 2614 ἐπὶ
1594 2561 1839 2613 πλεῖστον
1862 2574 2023 2629 προσ-

448 2658 653 2729 ομιλεῖν
677 2657 754 2728 τῷ
779 2657 923 2727 ἀέρι,
954 2656 1116 2709 αὐτόν
1153 2671 1212 2707 τε
1249 2651 1609 2722 καταφρίσσει
1640 2649 1730 2701 τὸν
1759 2648 1897 2717 ὑπὲρ
1930 2662 2021 2699 κε-

449 2750 624 2820 φαλῆς
659 2749 816 2821 ἡμῶν
849 2748 1007 2819 ἀέρα,
1042 2747 1136 2801 καὶ
1163 2744 1261 2814 τὴν
1283 2744 1386 2813 γῆν
1409 2744 1586 2795 πᾶσαν
1611 2738 2019 2809 καταξηραίνει,

447 2842 559 2904 τοῖς
612 2856 670 2892 τε
724 2838 1033 2910 σπέρμασιν
1079 2838 1143 2889 ἐκ
1186 2834 1376 2887 τούτου
1424 2830 1701 2903 συνεργῶν
1747 2829 1883 2899 πρὸς
1924 2826 2020 2898 τὴν

448 2930 676 3001 ἆδρησιν
725 2927 819 2980 καὶ
856 2926 963 2978 τῶν
1001 2923 1232 2996 δένδρων
1273 2923 1519 2991 καρποὺς
1548 2918 1886 2986 κατεπείγων
1929 2918 2022 2970 ἐπὶ

448 3020 547 3090 τὴν
595 3018 777 3087 πέψιν,
827 3018 915 3069 ὅτε
958 3015 1052 3069 καὶ
1097 3014 1531 3083 φλογωδέστατός
1575 3015 1720 3066 ἐστιν
1769 3009 1961 3065 ἐαυτοῦ
1992 3011 2021 3063 ὁ

447 3111 618 3181 ἥλιος,
650 3108 901 3180 βραχείας
927 3106 1092 3160 ποιῶν
1115 3106 1213 3169 τὰς
1243 3104 1400 3169 σκιὰς
1423 3105 1513 3159 ἐπὶ
1533 3105 1630 3175 τῆς
1653 3101 2016 3174 μεσημϐρίας,

448 3165 536 3254 διὰ
754 3165 966 3269 ’ύψηλοῦ
987 3198 1077 3251 τὸν
1103 3165 1228 3268 περὶ
1258 3165 1402 3268 ἡμᾶς
1433 3165 1810 3266 καταλάμπειν
1834 3165 2015 3248 τόπον.
2046 3165 2093 3227 c

451 3289 755 3345 Geminus:
792 3289 979 3362 Τροπὴ
1028 3288 1084 3342 δὲ
1131 3288 1315 3360 θερινὴ
1356 3288 1565 3357 γίνεται
1606 3288 1735 3359 περὶ
1774 3286 1872 3359 τὴν
1915 3286 2022 3340 τῶν

451 3382 744 3452 καυμάτων
783 3381 1027 3433 ἐπίτασιν
1073 3382 1131 3433 ἐν
1178 3380 1455 3453 Καρκίνου
1496 3379 1595 3450 μιᾷ
1626 3377 1810 3450 μοίρᾳ,
1835 3379 1968 3432 ὅπου
1995 3380 2024 3432 ό

449 3472 598 3543 ἥλιος
629 3472 720 3526 τὸν
759 3470 1095 3544 βορειότατον
1128 3470 1326 3524 κύκλον
1371 3469 1591 3542 γράφει,
1626 3470 1718 3523 καὶ
1759 3469 2023 3540 μεγίστην

452 3562 641 3618 πασῶν
666 3562 771 3617 τῶν
794 3564 851 3615 ἐν
874 3561 1099 3633 ἐνιαυτῷ
1126 3563 1336 3634 ἡμέραν
1365 3562 1622 3627 ἐπιτελεῖ,
1658 3560 1944 3632 ἐλαχίστην
1966 3559 2024 3612 δέ

451 3654 550 3726 τὴν
593 3654 781 3708 νύκτα.
834 3652 1052 3726 Longus
1106 3653 1435 3709 Poemenicon
1479 3654 1605 3708 libr.
1642 3668 1682 3719 ι,
1711 3648 1885 3722 ’Ἣρος
1931 3646 2025 3706 οὖν

454 3746 553 3817 ἥδη
602 3745 772 3811 τέλος,
807 3746 904 3799 καὶ
955 3746 1145 3819 θέρους
1193 3746 1357 3818 ἀρχὴ,
1403 3746 1498 3800 καὶ
1549 3745 1725 3798 πάντα
1759 3746 1817 3797 ἐν
1849 3745 2021 3815 ἀκμῇ,

452 3837 643 3909 δένδρα
667 3841 724 3891 ἐν
754 3841 1001 3911 καρποῖς,
1039 3839 1198 3892 πεδία
1222 3841 1279 3893 ἐν
1310 3839 1481 3908 ληίοις
1500 3855 1515 3869 ⁸
1549 3839 1701 3911 ἡδεῖα
1729 3839 1826 3909 μὲν
1848 3837 2025 3891 τεττί-

454 3950 567 4002 γων
604 3934 732 4005 ἡχὴ,
777 3934 1004 4003 γλυκεῖα
1030 3933 1121 3987 καὶ
1151 3935 1184 4005 ἡ
1219 3933 1316 4003 τῆς
1356 3932 1576 4004 ὀπώρας
1617 3931 1774 4002 ὀδμὴ,
1820 3928 2025 4002 τερπνὴ

454 4022 511 4075 δέ
537 4024 799 4093 ποιμνίων
826 4023 1015 4093 βληχή.
1042 4022 1272 4076 Είκασεν
1299 4023 1362 4076 ἄν
1386 4039 1469 4085 τις
1485 4022 1725 4084 καὶτοὺς
1751 4021 2025 4090 ποταμοὺς

455 4112 602 4183 ᾄδειν
649 4113 832 4183 ἡρέμα
872 4114 1114 4183 ῥέοντας,
1160 4114 1252 4166 καὶ
1298 4115 1425 4176 τοὺς
1474 4113 1707 4184 ἀνέμους
1761 4113 2026 4183 συρίττειν

452 4205 574 4266 ταῖς
600 4203 809 4257 πίτυσιν
830 4204 1182 4274 ἐμπνέοντας,
1207 4204 1407 4258 καὶτὸν
1425 4204 1572 4275 ἥλιον
1598 4204 1880 4273 φιλόκαλον
1899 4203 2026 4256 ὄντα

458 4295 662 4358 πάντας
685 4295 937 4349 ἀποδύειν

528 4387 688 4450 lbid.,
730 4389 825 4442 lin.
872 4387 954 4442 19.
1002 4387 1103 4440 Ἐν
1141 4386 1251 4456 γὰρ
1282 4387 1410 4453 ταῖς
1438 4386 1870 4456 βραχυτάταις.
1924 4386 2022 4441 Ba-

2115 1917 2144 1968 ό
2168 1916 2347 1986 ἦλιος;
2376 1915 2496 1967 ’Ότι
2539 1913 2599 1966 τὸ
2627 1912 2741 1983 φῶς
2767 1915 2825 1966 ἐν
2870 1912 3046 1982 ἐαυτῷ
3094 1911 3425 1982 περιφέρων,
3470 1910 3701 1962 ἐπειδάν

2117 2024 2246 2060 ποτε
2278 2007 2370 2059 τὸν
2400 2005 2520 2059 καθ’
2550 2007 2696 2076 ἡμᾶς
2728 2005 2976 2075 ὁρίζοντα
3007 2004 3277 2075 ὑπεράρη,
3304 2001 3514 2072 ἡμέραν
3546 2019 3696 2073 παρ-

2117 2098 2228 2169 έχει
2254 2095 2508 2160 διαλύσας
2533 2096 2593 2148 τὸ
2627 2094 2837 2158 σκότος.

2189 2190 2349 2254 lbid.,
2372 2190 2476 2244 'lin.
2518 2190 2606 2243 ⁸54.
2649 2190 2721 2242 Ἦ
2746 2187 2813 2241 δὲ
2851 2186 3083 2254 σελήνη
3118 2186 3380 2241 ἐπειδάν.
3432 2184 3698 2245 Basilius.

2117 2282 2267 2338 hom.
2299 2282 2354 2347 6,
2390 2281 2593 2353 Σελήνη
2627 2280 2745 2351 μὲν,
2782 2279 3000 2333 ἐπειδὰν
3038 2278 3333 2341 δωδεκάκις
3364 2277 3452 2331 τὸν
3499 2277 3703 2344 ἑαυτῆς

2118 2375 2379 2449 ἐκτελέσῃ
2403 2374 2620 2443 δρόμον,
2654 2371 2902 2426 ἐνιαυτοῦ
2935 2373 3050 2423 ἐστι
3106 2372 3362 2442 ποιητικὴ
3389 2388 3403 2400 ·
3440 2368 3583 2439 πλὴν
3611 2369 3699 2421 ὃτι

2122 2469 2286 2540 μηνὸς
2304 2468 2598 2539 ἐμϐολίμου
2614 2466 2783 2519 δεῖται
2812 2464 3071 2528 πολλάκις
3088 2464 3224 2535 πρὸς
3245 2464 3340 2534 τὴν
3370 2463 3571 2534 ἀκριϐῆ
3591 2461 3701 2514 τῶν

2117 2559 2274 2633 ὡρῶν
2296 2559 2626 2630 συνδρομήν·
2675 2558 2750 2622 ὡς
2772 2556 3006 2628 Ἑϐραῖοι
3022 2556 3083 2609 τὸ
3100 2554 3323 2609 παλαιὸν
3341 2554 3431 2608 τὸν
3453 2554 3703 2608 ἐνιαυτὸν

2117 2647 2274 2722 ἦγον,
2313 2652 2408 2704 καὶ
2447 2650 2554 2703 τῶν
2598 2650 2863 2721 Ἑλλήνων
2892 2651 2941 2702 οἱ
2974 2649 3336 2721 ἀρχαιότατοι.
3386 2647 3702 2702 Ludovicus

2118 2743 2319 2798 Fidelis
2343 2742 2420 2797 De
2440 2741 2622 2795 mundi
2653 2751 2945 2806 structura,
2981 2742 3076 2795 lib.
3109 2757 3162 2807 ν,
3196 2756 3317 2811 cap.
3349 2742 3403 2806 5,
3429 2739 3567 2795 Sunt
3602 2756 3704 2793 au-

2121 2844 2222 2888 tem
2241 2850 2498 2888 annorum
2518 2833 2591 2898 hi,
2611 2842 2667 2886 ut
2691 2835 2859 2897 aiunt,
2883 2832 3209 2900 luuares,illi
3225 2832 3442 2886 soleres.
3458 2830 3701 2885 Lunares

2122 2925 2368 2981 tredecim
2396 2925 2537 2979 lunae
2565 2924 2973 2979 revolutiouibus
3015 2940 3033 2977 :
3080 2924 3279 2978 salares
3305 2940 3411 2977 una
3437 2924 3700 2992 completa

2121 3020 2251 3074 solis
2281 3036 2313 3073 α
2345 3027 2537 3088 puncto
2570 3019 2791 3080 Arietis,
2818 3033 2977 3087 usque
3005 3016 3074 3070 ad
3106 3017 3244 3072 idem
3270 3026 3521 3084 punctum
3548 3032 3698 3070 remo

2122 3112 2318 3166 lutione
2334 3110 2606 3165 duodecim
2628 3126 2846 3172 menses,
2870 3126 2959 3163 seu
2978 3119 3231 3165 trecentos
3248 3110 3523 3179 sexaginta
3543 3110 3703 3178 quin-

2122 3219 2218 3274 que
2242 3202 2352 3256 dies
2408 3199 2797 3269 complectente,
2840 3215 2944 3251 uno
2981 3199 3164 3252 addito
3208 3199 3502 3269 quadrante
3535 3200 3702 3267 per/i-

2122 3296 2354 3350 ciuntur.
2390 3293 2575 3347 Annus
2604 3301 2779 3346 autem
2804 3291 3091 3351 bissextilis
3131 3291 3344 3351 dicitur,
3373 3291 3462 3360 qui
3506 3303 3702 3360 quarto

2121 3402 2321 3459 quoque
2360 3401 2497 3439 anno
2531 3383 2633 3439 566
2693 3383 2876 3437 diebus
2921 3383 3228 3451 completur.
3272 3382 3434 3436 Plura
3479 3383 3549 3436 de
3594 3382 3701 3436 hoc

2124 3492 2268 3532 anno
2296 3476 2654 3541 Censorinus,
2684 3474 2955 3545 Iosephus
2986 3473 3225 3545 Scaliger
3253 3483 3304 3528 et
3339 3473 3454 3528 alii.

2192 3569 2352 3633 lbid.,
2383 3569 2476 3623 lin.
2510 3567 2600 3621 55.
2639 3565 2812 3633 Πλὴν
2869 3564 2957 3618 ὅτι
2983 3565 3178 3635 μηνὸς
3206 3565 3550 3634 ἐμϐολίμου.
3583 3561 3699 3618 Pli-

2124 3660 2251 3715 nius
2278 3660 2402 3715 libr.
2438 3676 2498 3724 ιι,
2538 3658 2704 3729 capit.
2730 3659 2785 3724 8,
2823 3656 3016 3712 Deinde
3035 3656 3164 3711 solis
3190 3664 3418 3710 meatum
3445 3672 3558 3710 esse
3572 3671 3701 3723 par-

2126 3753 2257 3806 tium
2281 3751 2488 3823 quidem
2519 3759 2867 3804 trecentarum
2897 3749 3173 3819 sexaginta
3202 3763 3220 3800 :
3252 3747 3341 3802 sed
3371 3757 3428 3800 ut
3454 3746 3700 3801 observa-

2128 3846 2199 3900 tio
2237 3843 2547 3897 umbrarum
2594 3842 2709 3910 ejus
2759 3840 2937 3895 redeat
2976 3839 3045 3893 ad
3097 3849 3272 3902 notas,
3324 3840 3510 3911 quinos
3543 3841 3699 3892 annis

2125 3936 2235 3990 dies
2265 3935 2448 4005 adjici,
2483 3949 2737 4004 superque
2775 3942 3019 4003 quartam
3048 3941 3251 4001 partem
3290 3931 3415 3995 diei,
3444 3947 3604 4000 quam
3635 3930 3699 3983 ob

2125 4045 2341 4084 causam
2381 4029 2560 4099 quinto
2594 4044 2731 4081 anno
2760 4044 2895 4081 unus
2935 4026 3268 4081 intercalaris
3314 4023 3425 4079 dies
3457 4024 3699 4083 additur,

2125 4131 2183 4173 ut
2216 4130 2503 4186 temporum
2548 4119 2687 4173 ratio
2717 4118 2845 4173 solis
2896 4118 3072 4171 itineri
3124 4124 3397 4186 congruat.
3447 4113 3521 4169 De
3553 4130 3700 4168 anno

2127 4212 2441 4268 interc-.ilari
2489 4221 2545 4266 et
2585 4225 2773 4265 mense
2811 4208 2933 4264 vide
2982 4209 3225 4263 Solinum
3256 4207 3420 4276 capit.
3481 4221 3566 4270 In,
3599 4205 3702 4260 Pe-

2126 4315 2272 4358 trum
2312 4301 2583 4356 Nannium
2638 4301 2964 4372 Symmicton
3013 4300 3110 4356 lib.
3146 4316 3200 4364 γ,
3234 4306 3288 4353 et
3320 4298 3456 4353 alios
3505 4299 3602 4368 qui
3633 4298 3703 4353 de

2125 4395 2505 4452 emendatione
2532 4400 2837 4463 temporum
2874 4393 3232 4462 scripserunt.

458 4480 636 4543 silius,
673 4479 822 4534 hom.
855 4479 912 4543 6,
942 4479 1208 4547 Μέγισται
1254 4478 1362 4549 γάρ
1395 4481 1531 4559 είσέν
1563 4478 1810 4551 ἡμερῶν,
1837 4481 1896 4532 ἐν
1937 4474 2019 4543 αἷς

2197 4486 2333 4543 lbid.
2355 4525 2370 4550 ,
2403 4486 2498 4541 lin.
2549 4485 2639 4539 ⁸57.
2692 4485 2754 4537 '0
2791 4484 2901 4555 γὰρ
2929 4482 3180 4551 ἠλιακὸς
3210 4483 3503 4550 ἐνιαυτός.
3542 4482 3704 4540 Basi-

458 4571 788 4645 βραχύταταί
834 4574 969 4626 εἰσιν
1007 4574 1061 4626 αί
1118 4576 1286 4637 σκιαὶ,
1339 4573 1432 4626 καὶ
1480 4570 1810 4642 βραχύταται
1862 4571 2024 4625 πάλιν

455 4665 658 4736 ἡμέραι
689 4666 743 4717 al
778 4664 875 4727 τὰς
904 4663 1058 4727 σκιὰς
1095 4662 1309 4734 ἔχουσαι
1337 4663 1681 4737 μακροτάτας
1704 4680 1719 4695 ·
1753 4662 2026 4717 καὶτοῦτο

458 4759 586 4828 παρ’
653 4758 784 4828 ἡμῖν
834 4758 946 4818 τοῖς
1008 4755 1338 4827 ἐτεροσκίοις
1386 4754 1730 4825 λεγομένοις,
1791 4755 1903 4807 ὅσοι
1956 4753 2025 4807 τὰ

458 4847 682 4919 ἀρκτῷα
706 4847 806 4916 τῆς
832 4847 936 4916 γῆς
965 4846 1307 4917 ἐποικοῦμεν.
1346 4845 1552 4900 Horum
1584 4853 1893 4901 accuratam
1926 4860 2024 4899 ex-

459 4940 785 5007 positionem
818 4938 985 4992 habes
1028 4938 1167 5007 apud
1200 4935 1563 5002 Cleomedem,
1603 4935 1819 4990 Meteor.
1850 4936 1945 4989 lib.
1982 4951 2022 4993 ι.

526 5029 685 5093 lbid.,
713 5029 810 5083 lin.
831 5028 921 5083 20.
944 5022 1070 5083 Καὶ
1099 5028 1284 5083 πάλιν
1306 5027 1423 5083 ἀπὸ
1445 5026 1564 5081 τῶν
1588 5026 2022 5095 προσαρκτίων.

456 5121 713 5199 Basilius,
749 5123 893 5177 hom.
931 5123 984 5188 6,
1034 5123 1310 5177 Ἐντεῦθεν
1359 5121 1711 5193 διαδεξαμένη
1741 5122 1886 5199 ἡμᾶς
1930 5119 2024 5174 τοῦ

460 5197 774 5290 μετοπώρου
822 5220 856 5290 ἡ
907 5217 1027 5290 ῶρα
1075 5216 1374 5289 ἀποθραύει
1423 5218 1520 5287 μὲν
1564 5216 1658 5269 τοῦ
1710 5197 1936 5285 πνίγους
1966 5215 2026 5268 τὸ

458 5309 815 5382 ὑπερϐάλλον,
848 5310 988 5363 κατὰ
1017 5310 1209 5380 μικρὸν
1230 5310 1287 5362 δέ
1316 5310 1531 5378 ὑφιεῖσα
1569 5309 1668 5379 τῆς
1707 5307 1914 5380 θέρμης
1939 5306 2026 5360 διὰ

453 5406 555 5476 τῆς
599 5406 740 5461 κατά
769 5409 868 5478 τὴν
897 5409 1094 5478 κρᾶσιν
1139 5405 1432 5477 μεσότητος
1478 5401 1728 5463 ἀϐλαϐῶς
1771 5404 1919 5473 ἡμᾶς
1958 5401 2025 5455 δι’

455 5502 656 5572 ἐαυτῆς
682 5502 760 5573 τῷ
782 5501 1030 5573 χειμῶνι,
1056 5499 1320 5572 προσάγει
1344 5498 1583 5571 δηλονότι
1613 5495 1706 5549 τοῦ
1736 5495 1889 5567 ἡλίου
1924 5493 2028 5547 πά-

455 5594 538 5648 λιν
571 5595 677 5650 ἀπὺ
703 5595 808 5648 τῶν
838 5595 1217 5667 προσαρκτίων
1247 5594 1339 5646 ἐπὶ
1367 5591 1434 5645 τά
1470 5591 1620 5647 νότια
1662 5589 2028 5661 ὑποστρέφον-

455 5701 567 5748 τος.
595 5685 854 5741 Geminus
876 5701 887 5736 :
908 5686 1185 5756 Ίσημερία
1214 5684 1270 5738 δέ
1290 5687 1406 5738 ἐστι
1433 5681 1823 5754 φθινοπωρινὴ,
1849 5681 1977 5733 ὅταν
1996 5680 2026 5732 ό

457 5773 607 5844 ἣλιος
628 5773 721 5829 ἀπ’
750 5773 965 5847 ἄρκτων
999 5776 1133 5846 πρὸς
1175 5774 1518 5846 μεσημϐρίαν
1549 5770 1881 5845 παροδεύων,
1922 5770 2027 5825 πά-

2125 4578 2250 4640 lius.
2284 4578 2431 4632 hom.
2471 4576 2528 4641 6,
2570 4575 2820 4640 Ἠλιακὺς
2850 4575 2907 4629 δέ
2939 4578 3085 4630 ἐστιν
3116 4576 3359 4639 ἐνιαυτὸς
3397 4578 3429 4647 ἡ
3464 4575 3573 4629 ἀπὸ
3603 4576 3700 4629 τοῦ

2125 4667 2288 4723 αὑτοῦ
2322 4669 2545 4739 σημείου
2576 4668 2667 4721 ἐπὶ¹
2695 4669 2754 4723 τὸ
2782 4668 2913 4722 αὐτὸ
2949 4671 3172 4739 σημεῖον
3207 4667 3349 4721 κατά
3366 4668 3462 4739 τὴν
3490 4669 3701 4722 οἰκείαν

2125 4760 2338 4831 κίνησιν
2370 4760 2463 4813 τοῦ
2493 4759 2645 4830 ἡλίου
2673 4759 3139 4823 ἀποκατάστασις.
3177 4757 3243 4812 Et
3271 4757 3491 4815 lsaacus
3520 4760 3700 4831 Argy-

2127 4868 2222 4907 rus
2253 4853 2310 4906 in
2340 4851 2556 4906 Conone
2595 4852 2856 4920 paschali,
2893 4867 3014 4922 cap.
3045 4853 3098 4916 1,
3140 4851 3355 4923 Ἐπειδὴ
3386 4853 3495 4925 γάρ
3525 4856 3555 4906 ὀ
3585 4854 3699 4907 ἐνιο

2127 4942 2288 5005 αυτὸς
2310 4945 2376 5013 τῇ
2408 4941 2503 4996 τοῦ
2533 4942 2680 5013 ἡλίου
2724 4945 2935 5014 κινὴσει
2961 4944 3411 5014 παραμετρεῖται,
3453 4944 3488 5013 ἡ
3520 4944 3578 4996 δὲ
3604 4944 3699 4997 τοῦ

2126 5034 2274 5105 ἡλίου
2323 5036 2538 5106 κίνησις
2593 5034 2866 5098 κυκλικῶς
2907 5034 3271 5106 ἐνεργουμένη
3324 5034 3419 5087 καὶ
3465 5035 3575 5088 ἀπὸ
3605 5037 3700 5091 τοῦ

2126 5127 2291 5180 αὐτοῦ
2316 5126 2540 5199 σημείου
2569 5127 2649 5191 είς
2668 5127 2728 5181 τὸ
2750 5127 2881 5180 αὐτὸ
2904 5126 3380 5197 ἀποκαθισταμένη
3409 5125 3502 5179 τὸν
3529 5129 3705 5181 ἐνιαυ-

2127 5217 2216 5270 τὸν
2247 5215 2438 5286 ὁρίζει.
2471 5216 2537 5270 Ει
2571 5215 2832 5272 Geminus
2854 5217 3038 5272 libello
3061 5216 3139 5271 De
3165 5218 3455 5288 .lpparent.
3476 5219 3655 5272 cmlest
3683 5257 3700 5279 .

2140 5307 2197 5359 ὐ
2227 5308 2284 5360 δέ
2313 5307 2463 5379 ἥλιος
2490 5307 2722 5378 ἐνιαυτῷ
2771 5307 3149 5381 διαπορεύεται
3189 5308 3283 5361 τὸν
3315 5308 3580 5371 ζωδιακὸν
3606 5309 3705 5362 κύ-

2127 5400 2254 5453 κλον
2273 5416 2286 5430 ⁸
2317 5399 2432 5453 ἐστι
2463 5399 2573 5471 γὰρ
2600 5399 2867 5464 ἐνιαύσιος
2894 5400 3105 5473 χρόνος,
3138 5403 3197 5455 ἐν
3226 5394 3270 5469 ᾧ
3299 5403 3328 5453 ὁ
3364 5400 3517 5470 ἥλιος
3548 5418 3706 5473 περι-

2128 5492 2417 5565 πορεύεται
2457 5497 2548 5546 τὸν
2595 5492 2857 5557 ζωδιακὸν
2899 5493 3115 5556 κύκλον,
3149 5493 3244 5547 καὶ
3273 5492 3378 5546 ἀπὸ
3409 5491 3503 5545 τοῦ
3534 5491 3703 5546 αὐτοῦ

2129 5587 2355 5657 σημείου
2396 5586 2488 5640 ἐπὶ
2521 5585 2582 5639 τὺ
2618 5587 2749 5639 αὐτὸ
2773 5588 2993 5656 σημεῖον
3040 5584 3492 5638 ἀποκαθίσταται.
3546 5585 3603 5639 ὐ
3647 5584 3706 5638 δέ

2129 5679 2316 5749 χρόνος
2340 5672 2496 5742 οὗτός
2520 5679 2665 5731 ἐστιν
2686 5677 2909 5748 ἡμερῶν
2960 5676 3174 5743 τξεδον’·
3202 5677 3261 5728 ἐν
3280 5674 3570 5739 τοσαύταις
3595 5675 3702 5747 γὰρ

2130 5771 2364 5842 ἡμέραις
2401 5770 2499 5833 τὰς
2517 5768 2592 5834 τξ¹
2648 5770 2842 5842 μοίρας
2900 5766 3186 5839 παροδεύει
3233 5767 3263 5818 ὁ
3315 5763 3501 5837 ἣλιος·
3560 5766 3703 5821 ῶετι
