3848 6168
155 326 266 381 869

1172 326 1239 381 IN
1278 326 1647 383 EUSTATHII
1676 325 2152 384 HEXAEMERON
2191 326 2423 383 ΝΟῘᾸΞ.

3309 324 3414 379 8ἷο

156 447 314 521 παρὰ
370 447 564 519 μικρὸν
625 447 684 501 ὲν
728 447 828 518 μιᾷ
856 445 1038 518 ήμέρᾳ
1088 448 1281 518 μοῖραν
1335 449 1597 502 κινεῖσθαι
1651 448 1736 502 τὸν

1843 463 1932 501 sus
1974 448 2055 501 uel
2083 463 2315 501 recessus
2361 444 2561 516 liquido
2604 453 2922 501 monstrant.
2958 442 3171 498 Norant
3216 444 3418 511 pariter

153 540 330 612 ἥλιον.

229 633 350 689 Col.
371 632 490 694 rei,
515 631 609 685 lin.
629 630 718 686 39.
745 631 856 700 Τῆς
872 630 941 685 δὲ
960 630 1228 699 σελήνης
1239 633 1568 701 ληγούσης.
1588 631 1742 687 Basi-

154 725 291 789 lius,
325 725 475 778 bom.
506 723 561 789 6,
584 720 750 795 Οἷμαι
776 724 833 777 δὲ
861 723 956 778 καὶ
984 726 1050 795 τῇ
1082 722 1190 777 τῶν
1219 721 1373 787 ζώων
1402 728 1737 795 κατασκευῇ,

154 816 256 869 καὶ
284 817 395 879 τοῖς
415 814 522 868 ἀπὸ
556 814 662 884 γῆς
698 814 1008 885 φυομένοις,
1041 812 1115 884 μὴ
1150 813 1352 885 μικρὰν
1391 814 1653 886 ὑπάρχειν
1674 816 1739 867 ἐκ

157 908 260 979 τῆς
308 906 452 961 κατὰ
490 906 587 978 τὴν
635 907 865 977 σελήνην
915 906 1215 978 μεταϐολῆς
1259 906 1357 978 τὴν
1408 908 1735 962 συντέλειαν.

159 1000 376 1064 Ἀλλως
408 1000 515 1071 γὰρ
541 998 836 1053 διατίθεται
864 999 1191 1071 μειουμένης
1221 1001 1410 1071 αὐτῆς,
1439 1002 1533 1054 καὶ
1565 1000 1739 1065 ἄλλως

157 1092 468 1163 αὐξομένης
495 1090 564 1145 τὰ
585 1090 834 1162 σώματα,
864 1091 959 1146 νῦν
986 1093 1085 1163 μὲν
1109 1091 1382 1165 ληγούσης
1401 1092 1568 1165 ἀραιὰ
1595 1094 1741 1163 γενό-

163 1202 328 1257 μενα,
358 1186 453 1237 καὶ
486 1184 637 1250 κενὰ,
660 1184 755 1238 νῦν
787 1185 844 1238 δὲ
874 1184 1198 1258 αὐξομένης,
1221 1187 1317 1240 καὶ
1348 1186 1483 1259 πρὸς
1506 1187 1566 1240 τὸ
1598 1186 1739 1259 πλῆο

164 1295 260 1349 ρες
308 1276 702 1349 ἐπειγομένης,
733 1277 827 1331 καὶ
882 1276 1023 1332 αὐτά
1070 1278 1231 1332 πάλιν
1260 1279 1734 1351 ἀναπληρούμενα.

161 1372 367 1429 Sextus
420 1371 850 1443 Empyricus-‘in
907 1372 1154 1428 eamdem
1205 1374 1528 1428 sententiam
1558 1375 1734 1439 l.viu,

158 1464 298 1517 Adv.
334 1464 581 1517 mathem.
608 1503 623 1528 ,
654 1462 825 1517 ιΚατὰ
881 1462 991 1535 γὰρ
1027 1463 1126 1528 τὰς
1157 1464 1255 1534 τῆς
1294 1465 1523 1535 σελήνης
1569 1463 1736 1534 αὐξή-

162 1576 279 1624 σεις
321 1560 417 1612 καὶ
450 1556 662 1627 φθίσεις
691 1556 862 1610 πολλὰ
904 1556 1013 1609 τῶν
1055 1574 1116 1609 τε
1151 1555 1407 1626 ἐπιγείων
1448 1556 1601 1621 ζώων
1644 1557 1738 1610 καὶ

162 1650 473 1706 θαλασσίων
506 1649 679 1720 φθίνει
710 1666 769 1702 τε
817 1649 911 1702 καὶ
938 1647 1089 1715 αὕξει
1117 1689 1133 1713 ,
1183 1646 1464 1719 ἀμπώτεις
1520 1665 1580 1702 τε
1642 1649 1736 1701 καὶ

161 1743 547 1818 πλημμυρίδες
575 1742 701 1812 περί
736 1758 855 1794 τινα
886 1740 1026 1812 μέρη
1057 1741 1154 1812 τῆς
1182 1739 1456 1811 θαλάσσης
1475 1740 1732 1809 γίνονται.

162 1838 293 1894 Haec
317 1815 503 1893 eadem
527 1837 863 1890 incremento
882 1833 1127 1903 ejusdem
1154 1835 1363 1904 augeri,
1388 1833 1738 1888 decrementa
1770 1815 1810 1872 Β

159 1932 338 1989 minui
370 1931 505 1986 dicit
530 1929 740 1984 Plinius
772 1928 869 1983 lib.
915 1943 977 1990 ιι,
1012 1941 1133 1997 cap.
1163 1927 1253 1992 il,
1285 1934 1340 1983 et
1367 1942 1486 1994 cap.
1516 1925 1605 1990 99,
1644 1925 1736 1980 ubi

159 2036 485 2094 potestatem
517 2024 660 2077 luna:
690 2029 745 2077 et
797 2030 1067 2075 terrenam
1095 2027 1147 2074 et
1176 2020 1442 2074 marinam
1478 2019 1732 2089 explicat.

158 2117 402 2171 Consule
422 2116 549 2170 item
578 2113 857 2168 .Elianum
886 2112 957 2167 De
984 2112 1106 2166 hist.
1137 2111 1413 2166 anim.lib.
1439 2126 1514 2170 Ix.
1537 2126 1659 2180 cap.
1682 2112 1734 2175 ὁ,

158 2210 257 2281 qui
291 2209 452 2264 etiam
484 2208 577 2262 lib.
612 2223 712 2272 xu,
757 2222 877 2277 cap.
908 2206 996 2268 ‘13,
1028 2212 1235 2268 narrat,
1276 2204 1503 2276 physam
1533 2203 1739 2275 IEgyp-

158 2304 302 2355 tium
331 2301 558 2370 piscem,
614 2314 827 2354 necnon
861 2307 914 2354 et
944 2298 1288 2367 illius.jecur
1316 2310 1439 2352 cum
1485 2298 1611 2350 luna
1643 2311 1739 2366 pa-

161 2397 300 2448 riter
327 2393 668 2454 decrescere,
696 2392 1019 2462 pariterque
1058 2404 1384 2446 recrescere.
1420 2388 1582 2443 Plura
1618 2402 1739 2458 quae

160 2483 510 2555 συμπάθειαν
543 2483 746 2538 habent
768 2497 893 2536 cum
931 2482 1059 2535 luna
1094 2488 1442 2552 augescente,
1474 2488 1528 2535 et
1583 2495 1741 2535 sene—

160 2583 355 2632 scente
388 2581 671 2631 enumerat
699 2573 907 2629 Gellius
946 2573 1044 2628 lib.
1084 2590 1180 2638 xv,
1227 2589 1347 2643 cap.
1376 2574 1433 2638 8,
1464 2571 1740 2642 refertque

159 2668 359 2725 Lucilii
412 2683 604 2724 versus
648 2667 756 2722 huc
805 2667 1161 2738 pertinentes.
1202 2665 1459 2722 Manilius
1505 2679 1735 2737 procem.

158 2763 262 2817 lib.
302 2777 362 2825 ιι,
390 2761 469 2817 sic
494 2763 588 2826 ait,

237 2876 330 2933 Sic
347 2875 617 2931 submel‘sa
651 2876 822 2945 fretis,
854 2876 1171 2930 concharum
1202 2883 1250 2929 et
1273 2891 1480 2930 carcere
1500 2874 1686 2930 clausa

235 2948 316 3000 Ad
348 2949 486 3002 lunae
512 2957 711 3001 motum
742 2949 950 3001 variant
981 2947 1236 3002 animalia
1265 2963 1472 3015 corpus.

160 3063 547 3133 Hippacrates.
579 3063 698 3119 sive
729 3064 855 3134 quis
891 3063 1031 3117 alius
1059 3061 1244 3117 libello
1274 3060 1349 3116 De
1375 3062 1735 3127 Astronomia,

1837 538 2038 604 experti
2063 537 2252 592 medici
2274 536 2504 598 morbos,
2523 538 2926 606 morborumque
2939 535 3204 605 periodos,
3231 546 3281 589 et
3303 537 3416 603 ipso

1840 629 1979 684 lunw
1996 632 2334 693 incremento,
2353 630 2658 699 plenilunio,
2673 634 2748 684 uel
2765 631 3090 684 decrementa
3114 645 3288 684 naua
3304 629 3417 682 vela

1838 721 2207 783 committunt;
2255 720 2504 793 agricola:
2557 732 2769 791 aspectu
2799 722 2935 776 lance
2988 722 3193 775 diverso
3246 729 3416 774 terras

1840 821 2022 867 aratro
2056 812 2288 883 ﬁndunt,
2328 814 2453 883 ﬁmo
2505 815 2858 884 impinguant,
2892 815 3094 868 semina
3139 822 3415 884 spargunt,

1838 915 2030 976 segetes
2062 914 2282 970 metunt,
2316 919 2607 976 ca'teraque
2629 908 2771 977 agris
2802 924 2864 960 ac
2889 907 3057 961 hortis
3078 906 3309 961 colendis
3331 906 3416 959 di-

1837 994 2059 1065 ligenter
2091 995 2372 1066 adoptant,
2398 1006 2449 1050 et
2478 996 2532 1050 id
2557 999 2760 1068 generis
2780 997 3012 1067 plurima
3036 1007 3303 1052 astrorum
3332 1014 3416 1072 re-

1838 1088 1968 1158 ferri
1996 1098 2207 1157 possent
2248 1090 2421 1160 signa.
2456 1087 2739 1160 Oppianus
2783 1090 3162 1145 Ἀλιευτικῶν
3200 1091 3415 1162 quinto,

1838 1197 2000 1236 versu
2036 1181 2140 1236 589
2169 1199 2181 1234 :

1840 1297 2059 1349 Ἐθνεα
2086 1294 2138 1348 δ’
2167 1294 2511 1363 ὀστράκινα,
2543 1295 2615 1350 τά
2653 1297 2703 1350 θ’
2734 1294 3051 1364 ἑρπύζουσι
3097 1295 3381 1363 θαλάσσῃ

1836 1365 2042 1420 Πάντα
2055 1365 2249 1434 φάτις,
2262 1367 2460 1434 μήνης
2474 1366 2591 1436 μὲν
2617 1366 2949 1434 ἀεξομένης
2977 1366 3127 1436 κατὰ
3152 1368 3408 1436 κμύκλον,

1836 1436 2022 1504 rapaci
2050 1433 2457 1504 numquam
2475 1433 2585 1492 ’καὶ
2614 1433 2866 1491 πλείονα
2887 1435 3129 1504 ναιέμεν
3148 1433 3320 1489 οἷκον
3337 1451 3352 1466 ⁸

1837 1508 2175 1574 Φθινούσης
2195 1507 2247 1559 δ’
2271 1507 2512 1574 ἐξαῦτις
2533 1507 2957 1576 ἀφαυροτέροις
2973 1505 3153 1574 μελέε
3164 1522 3264 1560 πσι

1844 1577 2229 1633 Ῥικνοῦσθαι
2252 1594 2265 1607 ·
2296 1579 2424 1646 τοίη
2455 1596 2544 1645 τις
2574 1577 2665 1631 ἐνὶ
2702 1579 2921 1645 σφίσιν
2953 1577 3124 1631 ἐστὶν
3162 1576 3412 1646 ἀνάγκη.

1838 1686 1903 1741 Et
1931 1685 2143 1744 Plinius
2171 1689 2267 1743 lib.
2294 1705 2371 1754 Ix,
2398 1704 2519 1760 cap.
2558 1689 2646 1753 5i,
2680 1687 2875 1745 Cancri
2903 1698 2950 1742 et
2977 1689 3154 1742 omnia
3188 1687 3300 1756 ejus
3327 1703 3413 1756 ge-

1838 1781 1978 1834 neris
2005 1780 2174 1835 hieme
2214 1781 2501 1845 lwduntur,
2537 1793 2792 1835 autumno
2818 1789 2867 1835 et
2911 1797 3027 1835 uere
3073 1781 3414 1850 pinguescunt

1837 1882 1887 1925 et
1918 1872 2213 1942 plenilunio
2251 1875 2440 1944 magis,
2481 1875 2607 1943 quia
2650 1882 2798 1926 nocte
2831 1871 2976 1927 sidus
3014 1870 3184 1940 tepido
3214 1869 3415 1939 fulgore

1838 1967 2105 2036 mitiﬁcat.
2137 1965 2347 2033 Quibus
2381 1966 2732 2021 manifestum
2760 1973 2865 2029 est,
2894 1981 3004 2019 non
3042 1972 3251 2018 tantum
3284 1974 3415 2018 eon-

1837 2058 2026 2127 chilia,
2078 2059 2174 2114 sed
2229 2059 2512 2124 animalia,
2556 2067 2610 2114 et
2658 2059 2861 2113 multos
2898 2067 3159 2129 praeterea
3207 2056 3417 2126 lapides

1838 2151 2052 2223 aliaque
2089 2150 2451 2207 diversissimi
2484 2152 2702 2223 generis
2733 2165 2859 2205 cum
2892 2151 3021 2203 luna
3064 2163 3335 2213 crescere,
3360 2154 3419 2203 et

1838 2240 2174 2298 decrescere.
2213 2241 2439 2299 Nonnus
2471 2243 2825 2317 Dionysiacon
2855 2258 2908 2307 ν,
2954 2242 3022 2297 de
3055 2241 3293 2296 selenete
3330 2238 3416 2293 la-

1839 2333 1962 2405 pidc

2466 2480 2538 2490 —
2565 2447 2644 2517 Τῇ
2671 2448 2739 2503 δὲ
2776 2448 3048 2518 σελήνης

1833 2513 1975 2586 Εἶχε
1998 2517 2172 2590 λίθον
2198 2518 2568 2583 πάλλευκον,
2603 2513 2670 2585 ὃς
2694 2513 3006 2590 εὐκεράὸιό
3022 2513 3275 2587 ⁷Θειῑίνης

1837 2587 2204 2660 ᾼειπομένης
2221 2591 2476 2658 μινύθει,
2506 2590 2603 2642 καὶ
2632 2587 2867 2654 delicuit
2896 2592 3122 2645 ὁππότε
3140 2591 3304 2660 μήνη

1852 2658 2199 2727 Ἀρτιφανὴς
2225 2660 2413 2725 σέλας
2436 2660 2623 2727 ὑγρὸν
2652 2661 3110 2714 ἀποστίλϐουσα
3133 2658 3374 2728 κεραίης

1851 2728 2080 2784 Ἠελίου
2106 2728 2424 2799 γενετῆρος
2460 2730 2778 2801 ἁμέλγεται
2819 2732 3149 2801 αὺτόγυνον
3168 2731 3307 2799 πῦρ.

1909 2861 2121 2918 Psellus
2150 2863 2217 2918 de
2265 2863 2577 2934 lapidibus:
2616 2864 2672 2917 '0
2704 2863 3006 2936 σεληνίτης.
3054 2865 3312 2919 Καλεῖται
3356 2863 3416 2918 δὲ

1839 2956 2032 3020 οὕτως,
2058 2957 2141 3010 ὅτι
2177 2956 2454 3028 ὀφθαλμὸν
2494 2953 2606 3011 οἷόν
2633 2975 2754 3012 τινα
2804 2958 3196 3030 συναυξόμενον
3229 2957 3416 3013 τοῦτον

1841 3050 1935 3103 καὶ
1969 3049 2407 3120 συμμειούμενον
2450 3052 2571 3113 ταῖς
2614 3050 2713 3120 τῆς
2746 3050 2975 3123 σελήνης
3016 3050 3278 3121 αὑξὴσεσι
3323 3050 3417 3104 καὶ

161 3171 230 3211 ex
257 3148 704 3225 interpretatione
745 3154 1014 3209 Gulideoli
1061 3153 1286 3208 Mordici
1312 3153 1532 3221 :Aspice
1560 3155 1736 3207 lunam

1844 3139 2212 3213 συμμειώσεσι
2243 3141 2534 3195 δείκνυται.
2560 3141 2693 3196 Vide
2724 3141 3036 3214 Philippum
3072 3142 3417 3197 Maussacum

160 3251 379 3317 quando
415 3256 494 3302 est
544 3247 700 3315 plena
740 3247 956 3309 lumine,
988 3247 1113 3317 quia
1146 3259 1255 3299 tum
1291 3246 1476 3300 crescit
1498 3245 1737 3316 sanguis,

158 3350 215 3393 et
239 3338 469 3394 medulla
493 3340 547 3393 in
577 3339 718 3394 omni
748 3338 974 3401 homine,
997 3347 1049 3392 et
1079 3337 1259 3393 bestiis
1294 3338 1554 3392 omnibus.
1594 3336 1741 3393 Idem

160 3433 228 3502 ﬁt
245 3436 302 3486 in
329 3432 466 3484 mari
493 3441 541 3487 et
572 3432 776 3485 cunctis
801 3432 854 3484 in
883 3429 1036 3484 rebus
1061 3430 1365 3483 mundanis.
1394 3428 1737 3494 Ptolemaeus,

110 3588 127 3605 ο
165 3525 244 3576 Ἦ
272 3541 331 3576 τε
366 3524 561 3595 σελήνη
609 3524 684 3586 ὡς
718 3524 1098 3594 περιγειοτάτη
1137 3522 1318 3575 δίδωσι
1351 3524 1461 3585 τοῖς
1502 3522 1639 3592 πρὸς
1673 3523 1739 3593 τῇ

160 3618 234 3687 τῇ
260 3616 360 3687 τὴν
393 3616 714 3688 ἀπόρροιαν,
742 3614 1169 3687 συμπαθοῦντων
1199 3615 1355 3685 αὐτῇ,
1388 3614 1481 3666 καὶ
1522 3630 1745 3684 συντρε-

161 3709 418 3780 πομένων
459 3708 568 3762 τῶν
601 3706 887 3771 πλείστων,
930 3708 1024 3761 καὶ
1061 3707 1321 3779 ἐμψύχων
1358 3706 1452 3760 καὶ
1488 3706 1735 3778 ἀψύχων·

161 3803 261 3855 καὶ
305 3800 566 3872 ποταμῶν
620 3800 990 3867 συναυξόντων
1030 3802 1128 3854 καὶ
1171 3800 1579 3871 συμμειούντων
1630 3803 1742 3864 τοῖς

162 3892 339 3960 φωσὶν
367 3892 537 3962 αὐτῆς
562 3891 630 3945 τὰ
652 3891 916 3964 ῥεύματα,
934 3890 1221 3945 νθαλασσῶν
1244 3892 1300 3945 δὲ
1332 3892 1742 3965 συντρεπουσῶν

160 3985 287 4044 ταῖς
315 3981 634 4047 ἀνατολαῖς⁶
669 3992 723 4038 et
750 3984 1019 4054 interpres
1074 3998 1379 4055 anonymus
1437 3984 1567 4040 Tab.
1617 3983 1743 4039 Pto-

163 4075 319 4137 lem.,
336 4074 477 4147 Ὀρῶ
506 4075 605 4146 μὲν
636 4074 745 4147 γὰρ
772 4076 867 4129 καὶ
892 4074 961 4128 τὰ
987 4074 1247 4129 θαλάττια
1271 4074 1386 4140 ζῶα
1419 4075 1743 4142 συναυξανό-ι

164 4181 306 4235 μενα
348 4166 442 4218 καὶ
496 4166 904 4238 συμμειούμενα
951 4169 1018 4237 τῇ
1058 4167 1277 4239 σελήνῃ,
1327 4168 1420 4222 καὶ
1475 4168 1630 4239 ήμῶν
1684 4169 1742 4223 δὲ

161 4253 348 4308 αὐτῶν
385 4271 506 4307 τινα
562 4255 705 4326 μέρη
749 4255 844 4309 τοῦ
895 4254 1170 4330 σώματος,
1226 4253 1337 4311 οἷον
1396 4258 1592 4329 ὄνυχας
1646 4260 1741 4313 καὶ

158 4346 385 4417 τρίχας·
427 4342 494 4417 ἦν
532 4346 591 4400 δέ
632 4365 684 4400 τι
719 4349 812 4400 καὶ
864 4347 1005 4419 ἱερὸν
1053 4347 1191 4411 ζῶον
1238 4350 1297 4402 ὲν
1349 4352 1415 4421 τῇ
1481 4351 1740 4422 Αἰγύπτῳ

156 4437 364 4510 ταῦρος
406 4440 759 4510 ἀνακείμενος
801 4442 865 4512 τῇ
908 4439 1033 4511 θεῷ,
1076 4436 1136 4496 οὗ
1178 4444 1212 4512 ὴ
1236 4441 1366 4513 σόὸη
1413 4442 1738 4514 συνηύξανεν

1842 3232 1897 3285 ἰιι
1929 3239 2099 3286 notat.
2135 3233 2200 3284 ad
2234 3229 2585 3286 Plutarchum
2611 3232 2679 3286 de
2709 3231 2920 3287 ﬂumin.
2954 3235 3009 3288 in
3043 3231 3318 3303 Hydaspe,
3354 3241 3410 3284 et

1841 3324 2111 3379 Caesarem
2150 3321 2405 3378 Evolum
2461 3322 2876 3388 Neapolitanum
2920 3323 2998 3378 De
3045 3325 3220 3378 causis
3271 3325 3415 3377 anti-

1840 3416 2035 3486 pathice
2080 3427 2129 3470 et
2169 3415 2478 3486 sympathia:
2525 3433 2701 3471 rerum
2743 3417 3068 3471 naturalium
3104 3419 3160 3471 in
3199 3417 3323 3473 line.
3352 3418 3417 3473 Et

1843 3506 2505 3581 llodulpbusﬁoclenius
2547 3508 2600 3562 in
2645 3506 2985 3580 Morosophia
3031 3506 3259 3564 Joannis
3300 3506 3414 3563 Ro-

1840 3601 1979 3657 berti
2013 3616 2133 3671 pag.
2165 3599 2289 3665 171,
2317 3608 2370 3655 et
2398 3609 2670 3672 sequent.,
2702 3601 2860 3671 plura
2883 3617 2949 3655 ex
2975 3600 3207 3655 laudatis
3229 3611 3417 3656 aucto-

1842 3698 1996 3753 ribus
2029 3695 2296 3764 congerit,
2325 3696 2392 3753 de
2430 3696 2483 3751 vi
2513 3703 2567 3750 et
2598 3694 2838 3749 ellicacia
2892 3695 3033 3748 luna:
3060 3694 3117 3748 in
3157 3694 3244 3749 his
3272 3692 3414 3749 infe—

1841 3789 2103 3844 rioribus.
2138 3790 2340 3843 Mirum
2388 3788 2516 3843 item
2552 3796 2637 3842 est
2667 3787 2811 3860 quod
2851 3789 2905 3841 in
2946 3785 3197 3841 Herbarii
3227 3787 3416 3857 cujus-

1842 3881 1967 3935 dam
2001 3881 2218 3936 schedis
2248 3880 2468 3951 legitur,
2514 3880 2784 3934 lunariam
2828 3878 3051 3933 herbam
3092 3879 3147 3932 in
3188 3881 3417 3935 summis

1841 3969 2070 4039 Alpibus
2100 3970 2254 4025 nasci
2277 3984 2445 4040 prope
2485 3968 2665 4024 fontes
2694 3978 2785 4023 aut
2825 3969 3070 4034 ﬂumina,
3108 3968 3256 4025 foliis
3289 3985 3416 4040 par-

1842 4062 1985 4117 vulis
2018 4100 2032 4120 .
2094 4060 2348 4115 rotundis
2396 4059 2573 4115 instar
2612 4060 2879 4114 nummuli
2914 4059 2982 4113 ad
3033 4061 3270 4115 amaraci
3303 4061 3416 4117 fere

1843 4153 2278 4220 similitudinem,
2317 4152 2465 4207 caesii
2511 4153 2596 4207 vel
2638 4152 2853 4208 caerulei
2880 4152 3104 4216 coloris,
3144 4153 3299 4208 caule
3324 4168 3418 4205 ru-

1841 4247 1962 4310 bro,
1994 4256 2049 4303 et
2102 4246 2349 4309 odorato,
2401 4245 2587 4300 radice
2626 4260 2849 4312 crocea;
2906 4246 3284 4317 lunariamque
3333 4244 3418 4300 id-

1842 4341 1991 4394 circo
2026 4339 2309 4410 appellari,
2351 4337 2498 4408 quod
2537 4338 2602 4392 ad
2638 4338 2779 4393 luna:
2812 4346 3026 4405 auctus,
3046 4338 3133 4393 vel
3162 4338 3417 4392 imminu-

1841 4433 2022 4488 tiones
2048 4446 2299 4487 crescere
2347 4446 2410 4485 ac
2434 4429 2751 4486 decrescere
2774 4430 3140 4485 consueverit.
3173 4428 3419 4484 totidem-

159 4531 331 4600 αὐτῇ,
368 4529 463 4584 καὶ
518 4530 881 4602 συνεμειοῦτο.
934 4532 1055 4584 Εἰσὶ
1103 4531 1159 4584 δὲ
1206 4533 1298 4586 καὶ
1347 4532 1441 4586 νῦν
1499 4533 1736 4605 συμφθί-

1843 4541 1950 4597 que
1981 4524 2108 4581 folia
2132 4525 2335 4581 habere
2371 4524 2594 4587 dicitur,
2626 4531 2759 4593 quot
2788 4524 2917 4578 luna
2944 4523 3107 4577 habet
3131 4523 3269 4579 dies.

159 4641 370 4688 νοντες,
397 4625 491 4678 καί⁵
520 4624 906 4689 συναυξοῖωτες
933 4624 1069 4678 λίοοι
1100 4625 1244 4689 τινὲς
1270 4629 1336 4699 τῇ
1389 4625 1512 4697 θεῷ.
1548 4625 1737 4682 Horat.

157 4728 226 4778 ιι,
256 4729 567 4768 sermonum
595 4715 629 4768 4
655 4733 668 4767 :

305 4825 535 4882 Lubrica
565 4839 836 4885 nascentes
869 4830 1081 4899 implent
1114 4830 1369 4884 conc/tilia
1399 4829 1559 4887 Iunce.

160 4962 407 5020 Isidorus
439 4964 564 5021 libr.
614 4980 711 5030 xu,
746 4980 867 5035 cap.
896 4963 950 5033 6,
990 4964 1239 5022 Omnium
1293 4965 1595 5020 clausorum
1623 4981 1740 5019 ma-

158 5061 239 5114 ris
274 5061 609 5125 animalium,
663 5071 817 5132 atque
873 5062 1188 5115 concharum
1235 5062 1550 5115 incremento
1600 5060 1738 5116 [una

159 5152 399 5208 membra
420 5163 754 5225 turgescunt;
783 5154 986 5223 defectu
1009 5164 1350 5208 evacuantur.
1382 5153 1547 5208 Luna:
1574 5154 1735 5219 enim,

158 5261 282 5298 cum
314 5246 370 5299 in
411 5255 691 5317 augmento
719 5248 902 5317 fuerit,
942 5257 1096 5317 auget
1132 5251 1423 5311 humorem,
1461 5264 1580 5302 cum
1617 5263 1736 5302 vero

159 5338 215 5390 in
249 5336 511 5408 defectum
531 5340 747 5402 venerit,
774 5339 1018 5393 humores
1050 5339 1377 5403 minuuntur,
1410 5349 1514 5395 etc.
1553 5337 1740 5394 Ludo-

157 5432 316 5487 vicus
361 5430 564 5487 Fidelis
611 5431 689 5485 De
740 5430 923 5486 m‘und.
987 5441 1175 5486 struet.
1232 5433 1355 5487 libr.
1395 5447 1449 5494 ν,
1495 5446 1616 5502 cap.
1681 5432 1736 5498 5,

156 5523 347 5589 Lume,
376 5524 573 5594 inquit,
602 5524 927 5593 diversitate,
948 5527 1266 5590 incremento
1288 5525 1365 5580 uel
1389 5525 1735 5590 decrementa,

156 5626 420 5687 augentur
450 5618 528 5672 vel
592 5620 920 5686 minuuntur,
967 5621 1382 5690 impinguantur,
1414 5621 1492 5673 vel
1531 5635 1736 5672 marce-

156 5722 314 5765 scunt
341 5729 565 5783 corpora
587 5714 863 5784 inferiora,
909 5715 1048 5785 quod
1077 5715 1376 5777 animantia
1405 5713 1583 5777 bruta,
1618 5729 1736 5767 aves

161 5820 227 5858 ac
256 5806 450 5875 pisces,
495 5806 809 5877 illorumque
842 5807 1107 5873 medulla',
1144 5809 1248 5862 imo
1277 5817 1326 5862 et
1367 5807 1531 5862 maris
1563 5821 1738 5861 acces-

1913 4614 2075 4676 lbid.,
2105 4616 2203 4669 lin.
2233 4614 2323 4669 42.
2364 4615 2519 4667 Διότι
2550 4615 2863 4685 ὑγρότητα.
2896 4613 3151 4677 Basilius,
3179 4612 3324 4667 hom.
3357 4613 3412 4672 6.

1842 4709 1987 4762 Διὸτι
2039 4709 2314 4780 ὗγρότητά
2353 4725 2471 4762 τινα
2514 4707 2806 4779 θερμότητι
2853 4706 3195 4778 κεκραμένην
3225 4706 3317 4759 ἐπὶ
3355 4705 3419 4759 τὸ

1844 4801 2007 4872 βάθος
2061 4801 2365 4869 φθάνουσαν
2415 4799 2718 4870 λεληθότως
2773 4798 2995 4867 ἐνίησιν.
3053 4797 3415 4864 Aristotcles,

1842 4892 1937 4947 lib.
1969 4909 2024 4954 v,
2054 4890 2132 4945 De
2152 4901 2291 4959 part.
2326 4890 2569 4949 animal.,
2595 4904 2716 4961 cap.
2757 4890 2810 4955 5,
2844 4890 3107 4945 rationem
3139 4891 3417 4960 augmenti

1841 4983 2009 5038 tradit
2041 4998 2163 5038 esse
2189 4992 2373 5037 noctes
2404 4981 2720 5051 lepidiores,
2744 4979 3197 5051 quemadmodum
3228 4988 3281 5035 et
3317 4980 3415 5037 de-

1840 5076 2103 5130 crementi
2150 5074 2483 5144 frigidiores;
2522 5089 2643 5128 cum
2684 5074 2828 5127 enim
2874 5072 3131 5126 animalia
3168 5073 3284 5127 haec
3316 5089 3415 5127 ex-

1841 5165 2091 5235 sanguia,
2120 5174 2177 5218 ut
2197 5173 2412 5229 ostreae,
2438 5162 2741 5234 conchylia,
2769 5172 2822 5218 et
2843 5162 2896 5217 id
2924 5164 3137 5233 generis
3172 5163 3276 5216 alia
3307 5163 3417 5218 sint

1842 5255 2140 5325 frigidioris
2181 5263 2413 5317 naturae,
2464 5255 2664 5325 frigore
2698 5261 2892 5308 vexata
2926 5253 3159 5308 calorem
3201 5252 3418 5308 deside-

1840 5353 1985 5411 rant,
2015 5344 2177 5413 cujus
2201 5360 2302 5414 ope
2344 5344 2589 5414 pleniora
2615 5343 2874 5405 evadunt,
2907 5351 3128 5412 pr0pter
3156 5342 3299 5396 enim
3333 5341 3418 5397 lu-

1841 5447 1958 5488 cem
1996 5432 2290 5502 pleniorem
2334 5421 2524 5487 rioctes
2555 5440 2684 5488 sunt
2716 5433 3035 5504 tcpidiores,
3065 5440 3119 5488 et
3150 5448 3257 5486 non
3288 5432 3418 5503 quia

1840 5540 1938 5592 per
1958 5525 2011 5580 id
2049 5534 2266 5594 tempus
2311 5525 2588 5596 copiosius
2638 5533 2941 5595 pascuntur
2969 5532 3029 5579 ut
3079 5526 3233 5580 multi
3264 5525 3419 5581 dixe-

1840 5623 1989 5671 runt.
2022 5616 2281 5683 Quinimo
2308 5618 2424 5688 ipse
2446 5618 2767 5673 Aristoteles
2795 5619 2832 5671 l.
2869 5634 2942 5679 tv,
2974 5616 3050 5672 De
3087 5618 3419 5688 generatione

1842 5711 2091 5775 animal.,
2129 5726 2249 5780 cap.
2290 5711 2347 5775 2,
2373 5711 2531 5765 docet
2563 5709 2723 5766 sicuti
2755 5710 2835 5765 sol
2875 5725 2973 5779 per
3015 5716 3186 5763 totum
3213 5724 3416 5765 annum

1842 5812 2085 5861 aestatem
2127 5811 2289 5875 atque
2328 5803 2559 5860 hiemem
2595 5802 2743 5872 facit,
2790 5803 2863 5856 ita
2898 5803 3079 5856 lunam
3133 5815 3227 5871 per
3265 5813 3417 5854 men-
