3848 6168
406 320 507 379 871

1763 300 2010 359 LEONIS
2045 296 2321 355 ALLATII

3540 288 3545 291 Α
3566 289 3679 344 8ῗ2

349 450 359 467 '
407 452 546 500 sem.
595 448 707 489 non
746 431 965 503 quidem
1009 443 1258 489 accessu,
1292 427 1634 497 decessuque
1678 431 1740 479 ut
1788 423 1987 487 solem,
2014 426 2055 482 Α
2090 419 2318 473 rhamm.
2353 415 2470 469 Sita
2510 420 2690 468 autem
2741 409 2952 482 Pyrrha
3000 414 3119 465 erat
3155 407 3209 462 in
3241 405 3473 464 occiduo
3510 403 3682 462 Lesbi

408 527 506 586 sed
533 528 893 588 incremento,
925 532 979 577 et
1009 522 1362 577 decrementa
1385 518 1630 574 luminis.
1663 516 1817 573 Luna
1840 518 1986 571 enim

409 616 570 686 plena
603 614 863 675 calorem,
904 626 1065 683 quem
1110 610 1318 680 reliquo
1341 616 1588 679 tempore
1620 608 1785 664 habet
1806 609 1989 663 minus

412 709 709 769 intensum,
751 703 984 761 intendit
1009 722 1026 773 ;
1058 704 1201 760 sicut
1232 710 1287 758 et
1314 702 1399 758 sal
1424 711 1612 759 aestate
1635 702 1760 774 plus
1792 700 1993 758 calefa-

411 800 509 868 cit,
538 800 717 854 hieme
747 798 951 851 minus.
1628 778 1631 781 ’

483 894 602 950 Col.
637 892 759 955 721,
784 891 882 946 lin.
905 890 993 943 45.
1031 891 1095 942 υἱ
1135 886 1245 958 γὰρ
1291 885 1702 954 καθεύδοντες.
1732 885 1988 950 Basilius,

414 986 609 1042 hom.6
638 1005 651 1039 :
682 983 909 1056 Δηλοῦσι
943 981 1000 1035 δὲ
1027 982 1077 1035 οἱ
1103 980 1454 1043 καθεύδοντες
1480 980 1584 1034 ὑπὸ
1614 980 1843 1052 σελήνην
1860 980 1994 1051 ὐγρό

410 1096 573 1153 τητος
598 1076 863 1148 περισσῆς
886 1074 983 1139 τὰς
1008 1074 1106 1146 τῆς
1136 1075 1375 1147 κεφαλῆς
1398 1073 1735 1146 εὐρυχωρίας
1763 1072 1998 1145 πληρού-

415 1186 585 1241 μενοι,
619 1170 711 1223 καὶ
741 1171 809 1222 τὰ
847 1167 1119 1238 νεοσφαγῆ
1160 1166 1266 1220 τῶν
1303 1166 1477 1239 κρεῶν
1511 1169 1646 1237 ταχύ
1688 1168 1999 1239 τρεπόμενα

411 1263 477 1332 τῇ
514 1260 785 1334 προσϐολῇ
815 1260 913 1331 τῆς
956 1258 1204 1331 σελήνης,
1239 1258 1521 1340 καὶζώων
1549 1260 1862 1330 ἐγκέφαλοι,
1903 1261 1999 1314 καὶ

411 1354 520 1408 τῶν
547 1353 846 1408 θαλαττίων
869 1353 938 1406 τὰ
970 1352 1263 1424 ὑγρότατα,
1291 1353 1386 1406 καὶ⁵
1411 1353 1468 1405 αἱ
1498 1352 1607 1407 τῶν
1643 1352 1875 1423 δένδρων
1908 1354 2001 1407 ὲν-

411 1446 688 1518 τεριῶναι.
734 1445 974 1501 Galenus
1024 1445 1117 1500 lib.
1180 1460 1239 1499 Ill
1294 1443 1372 1498 De
1426 1442 1564 1499 dieb.
1606 1443 1890 1507 decretor.,
1931 1444 2000 1500 de

413 1540 543 1594 luna
578 1558 591 1595 :
625 1538 809 1592 Πάντα
843 1538 940 1609 μὲν
969 1537 1077 1608 γὰρ
1101 1536 1136 1591 ἃ
1163 1536 1294 1609 δρᾷν
1334 1536 1578 1605 πέφυκεν
1615 1537 1830 1609 ἀμυδρὰ
1858 1536 2003 1607 γίνε-

413 1649 522 1694 ται,
564 1628 875 1703 μηνοειδοῦς
900 1628 1197 1701 γενομένης
1225 1629 1423 1699 αὐτῆς·
1453 1630 1670 1684 ἃπαντα
1710 1631 1769 1684 δὲ
1805 1630 1999 1704 ισχυρὰ

418 1723 871 1795 πεπληρωμένης,
906 1722 1047 1775 ὥστε
1073 1722 1168 1776 καὶ
1204 1723 1330 1786 τοὺς
1371 1723 1617 1793 καρποὺς
1642 1724 1700 1776 ἐν
1736 1722 1870 1794 τῷδε
1900 1740 1999 1777 πε-

2091 514 2262 567 latere
2307 510 2347 564 C
2384 524 2415 564 a
2445 508 2604 562 Malia
2633 504 2845 569 stadiis,
2878 506 2954 559 ita
2984 502 3255 559 referente
3283 499 3549 556 Strabone
3576 500 3681 555 lib.

2090 619 2227 668 xm;
2258 610 2312 657 et
2352 614 2503 655 mare
2548 598 2691 652 inter
2722 595 2987 651 Euboeam
3028 600 3083 650 et
3139 591 3478 653 Chalcidem,
3527 589 3684 661 quod

2091 704 2257 767 ponte
2309 694 2476 753 duum
2511 692 2767 761 jugerum
2809 688 3162 760 jungebatur.
3222 686 3379 753 Quod
3432 695 3488 741 et
3552 685 3686 740 aliis
3784 760 3791 765 ἱ

2093 784 2268 841 fuisse
2294 798 2584 839 commune
2625 783 2761 838 satis
2800 779 3153 836 manifestum
3187 787 3272 834 est
3319 778 3375 832 in
3422 777 3683 843 historia,

2092 886 2147 933 et
2172 877 2424 948 quamvis
2468 874 2791 931 Eustathius
2825 874 3071 930 videatur
3117 870 3382 927 relluxum
3418 870 3597 924 maris
3625 868 3686 923 in

2094 967 2312 1038 Euripis
2372 973 2585 1020 tantum
2640 963 2949 1030 allirmare;
3016 969 3199 1017 tamen
3250 961 3299 1016 si
3351 967 3502 1015 recte
3555 959 3685 1029 ejus

2093 1059 2261 1116 verba
2290 1056 2717 1129 perpendantur,
2742 1054 2812 1111 de
2833 1054 3088 1110 universa
3115 1053 3281 1107 totius
3312 1052 3482 1106 maris
3512 1051 3684 1113 male,

2097 1151 2215 1207 sive
2243 1158 2327 1221 (ut
2362 1151 2436 1204 ita
2469 1146 2671 1218 dicam)
2704 1146 2964 1203 barathro
3009 1145 3410 1215 intelliguntur.
3447 1142 3689 1213 Euripo-

2096 1256 2218 1297 rum
2256 1250 2437 1295 autem
2483 1239 2815 1294 mentionem
2863 1236 3098 1299 induxit,
3126 1236 3272 1307 quod
3312 1236 3365 1289 in
3406 1235 3515 1289 illis
3545 1248 3691 1304 pra:-

2098 1336 2257 1407 cipue
2282 1333 2467 1390 ﬂuxus
2497 1334 2600 1389 iste
2637 1342 2916 1389 cernatur.
2954 1330 3022 1385 Et
3060 1331 3207 1391 circa
3252 1329 3455 1393 littora,
3492 1339 3553 1382 ut
3600 1328 3691 1381 in-

2099 1429 2217 1498 quit
2247 1426 2478 1492 Plinius,
2509 1426 2677 1498 magis
2708 1441 2867 1496 quam
2900 1424 2957 1478 in
3000 1423 3109 1476 alto
3148 1423 3203 1475 hi
3249 1420 3474 1492 aequoris
3509 1429 3688 1475 matus

2099 1519 2569 1590 deprehenduntur.
2629 1516 2732 1584 Qui
2777 1531 2888 1587 quo
2936 1514 3278 1570 manifestior
3322 1514 3499 1569 oculis
3559 1527 3691 1582 spe—

2102 1614 2367 1670 ctantium
2401 1618 2505 1677 est,
2546 1625 2611 1665 eo
2658 1610 2970 1681 perplexiar
3019 1612 3168 1679 angit
3214 1605 3692 1663 considerantium

2102 1708 2355 1773 animos,
2415 1712 2470 1762 et
2521 1704 2805 1760 veritatem
2864 1718 3030 1759 sensu
3092 1710 3363 1774 patentem
3429 1698 3695 1755 deturbat

416 1817 597 1871 παίνει
658 1815 751 1870 καὶ
796 1814 1015 1880 αὐξάνει
1060 1815 1309 1885 τάχιστα,
1340 1815 1435 1868 καὶ
1469 1816 1538 1870 τὰ
1565 1814 1733 1887 νεκρὰ
1774 1815 2002 1887 σώματα

2114 1808 2268 1870 atque
2324 1798 2631 1855 confundit.
2683 1796 2916 1863 Quidam
2968 1794 3372 1855 existimarunt,
3415 1802 3601 1856 nocte,
3637 1796 3695 1845 et

413 1910 690 1981 διασήπει,
713 1909 949 1972 καὶτοὺς
976 1908 1080 1961 ὑπὸ
1104 1907 1201 1978 τὴν
1227 1906 1590 1980 αὐγὴνγαύτῆς
1617 1906 1998 1980 κοιμηθέντας,

415 2000 448 2073 ἢ
480 2002 575 2054 καὶ
599 2000 772 2063 ἄλλως
802 2001 893 2053 ἐπὶ
922 2000 1080 2053 πλέον
1111 1999 1515 2071 διατρίψαντας,
1544 1998 1756 2071 ὠχροὺς
1787 2000 1882 2054 καὶ
1913 2017 2004 2055 κα-

420 2093 752 2166 ρηὸαρικούς
783 2091 1174 2162 ἀπεργάζεται.
1218 2089 1414 2146 Omnia
1458 2091 1727 2162 siquidem
1760 2106 1879 2160 qua:
1922 2089 2005 2145 fa-

416 2201 543 2241 cere
588 2193 716 2240 nata
748 2196 849 2248 est,
887 2185 979 2239 ubi
1011 2183 1167 2239 falcis
1208 2183 1435 2254 ﬁguram
1475 2191 1852 2253 reprmsentut,
1886 2183 2004 2238 lan-

416 2276 581 2349 guida
613 2279 788 2341 liunt;
836 2275 1016 2329 valida
1048 2275 1253 2336 omnia,
1288 2289 1412 2328 cum
1446 2274 1604 2343 plena
1636 2272 1819 2329 fuerit.
1853 2273 2003 2339 Qua—

417 2376 640 2439 propter
671 2377 725 2423 et
756 2367 940 2439 fruges
973 2374 1105 2420 tunc
1154 2364 1408 2435 adauget,
1438 2372 1787 2436 maturatque
1828 2368 2003 2421 celer-

417 2463 577 2524 rime,
611 2466 825 2515 mortua
853 2472 1084 2529 corpora
1111 2457 1167 2511 in
1190 2456 1370 2511 tabem
1400 2455 1673 2521 dissolvit,
1702 2471 2006 2527 somnoque

419 2554 615 2624 sapitis
646 2552 749 2608 sub
783 2551 903 2621 ejus
934 2551 1159 2613 lumine,
1196 2549 1280 2604 vel
1322 2548 1481 2603 aliter
1507 2548 1715 2604 diutius
1744 2548 2006 2605 immora-

416 2647 491 2702 tis
519 2646 802 2716 pallorem,
831 2650 885 2699 et
918 2642 1118 2713 capitis
1144 2641 1390 2696 dolorem
1419 2641 1698 2696 conciliat.
1913 2626 1919 2634 ’

488 2737 652 2802 Ibid.,
686 2737 785 2792 lin.
817 2735 910 2791 46.
952 2735 1189 2804 Ὁμοίως
1219 2732 1287 2786 δὲ
1320 2732 1418 2786 καὶ
1453 2732 1527 2786 τὰ
1554 2734 1709 2802 περί.
1743 2734 2003 2797 Basilius.

418 2831 569 2886 ham.
601 2830 634 2885 6
666 2849 679 2884 :
713 2830 824 2884 Καὶ
847 2828 915 2882 τά
957 2827 1085 2898 περὶ
1116 2825 1208 2878 τὸν
1242 2825 1382 2897 ἀέρα
1412 2825 1469 2878 δὲ
1507 2826 1652 2898 πάθη
1690 2829 1808 2892 ταῖς
1842 2845 2008 2898 μετα-

417 2923 603 2987 ϐολαῖς
638 2922 840 2993 ταύτης
879 2918 1308 2984 συνδιατίθεται,
1351 2917 1427 2982 ὡς
1476 2920 1843 2992 μαρτυροῦσιν
1874 2924 2007 2993 ἡμῖν

419 3017 482 3071 αῖ
505 3034 565 3070 τε
593 3016 735 3070 κατὰ
769 3015 867 3086 τὴν
891 3011 1187 3083 νουμηνίαν
1214 3011 1472 3078 πολλάκις
1501 3013 1609 3066 ἀπὸ
1640 3012 1877 3085 γαλήνης
1914 3015 2009 3068 καὶ

419 3109 681 3181 νηνεμίας
727 3106 979 3176 αἰφνίδιοι
1019 3103 1257 3177 ταραχαὶ
1291 3103 1466 3174 νεφῶν
1498 3104 1892 3177 κλονουμένων,
1917 3109 2009 3162 καὶ
2036 3130 2077 3187 C

423 3197 845 3271 συμπιπτόντων
875 3196 1145 3267 ἀλλήλοις.

492 3292 630 3348 Ibid.
664 3291 760 3346 lin.
791 3290 880 3346 50.
915 3290 1025 3345 Kal.
1056 3291 1323 3360 γίνονται
1357 3289 1490 3359 περὶ
1528 3289 1668 3355 τοὺς
1698 3290 2005 3359 εὐρίπους.

422 3386 681 3447 Basilius,
718 3385 866 3439 hom.
911 3382 945 3438 6
991 3402 1006 3440 :
1058 3384 1168 3438 Καὶ
1210 3383 1266 3436 αἱ
1305 3383 1433 3454 περ)⁵
1465 3385 1590 3445 τοὺς
1615 3383 1876 3455 εὐρίπους
1902 3401 2010 3437 πα-

422 3479 678 3551 λίρῤοιαι,
707 3477 801 3530 καὶ
825 3478 859 3547 ἡ
887 3476 1016 3549 περὶ
1045 3476 1135 3529 τὸν
1154 3475 1445 3546 λεγόμενον
1469 3475 1708 3530 ὠκεανὸν
1734 3475 2009 3548 ἄμπωτις,

422 3571 490 3641 ἢν
518 3571 638 3632 ταῖς
664 3567 932 3639 περιόδοις
962 3567 1060 3638 τῆς
1092 3566 1318 3639 σελήνης
1349 3568 1699 3639 τεταγμένως
1738 3568 2012 3639 ἑπομένην

427 3660 647 3732 ἐξεῦρον
673 3658 1176 3730 οίπροσοικοῦντες.
1198 3661 1258 3711 υἱ
1299 3658 1398 3729 μὲν
1426 3659 1537 3732 γὰρ
1566 3659 1782 3732 εὔριποι
1810 3661 2014 3733 μεταρ-

427 3752 641 3824 ρἐυσιν
671 3751 757 3821 ἐφ’
787 3751 1023 3822 ἑκάτερα
1061 3751 1204 3805 κατὰ
1250 3751 1321 3805 τὰ
1352 3750 1516 3806 λοιπὰ
1547 3752 1647 3823 τῆς
1677 3753 1923 3827 σελήνης,
1955 3758 2013 3809 ὲν

423 3845 484 3898 δὲ
514 3843 593 3915 τῷ
622 3841 800 3914 καιρῷ
822 3843 925 3914 τῆς
952 3843 1219 3911 γενέσεως
1247 3843 1366 3899 οὐδὲ
1395 3845 1456 3898 τὸ
1490 3844 1827 3917 βραχύτατον
1854 3848 2014 3918 ἀτρε-

430 3938 643 4009 μοῦσιν,
679 3936 794 3990 ἀλλ’
828 3936 887 3989 ὲν
929 3935 1073 4006 σάλῳ
1106 3938 1201 3991 καὶ
1228 3936 1560 3993 ταλαντώσει
1584 3938 1822 4011 διηνεκεῖ
1851 3939 2013 3994 καθε-

430 4029 715 4102 στήκασιν,
752 4026 877 4094 ἕως,
929 4029 1226 4096 ὲκφανεῖσα
1275 4027 1458 4094 πάλιν,
1511 4029 1832 4085 ἀκολουθίαν
1893 4031 2016 4085 τινὰ

426 4124 495 4195 τῇ
548 4120 842 4194 παλιρροία
881 4121 1247 4193 παράσχηται.
1288 4123 1352 4175 Ἠ
1398 4122 1456 4176 δὲ
1502 4123 1730 4196 ὲσπερία
1773 4123 2015 4180 θάλασσα

429 4213 527 4278 τὰς
575 4210 856 4284 ἀμπώτεις
908 4210 1199 4279 ὑφίσταται
1225 4253 1241 4275 ,
1291 4210 1385 4264 νῦν
1449 4214 1546 4284 μὲν
1602 4214 1971 4269 ὑπονοστοῦσα
1997 4257 2012 4281 ,

430 4306 592 4361 πάλιν
619 4305 676 4359 δὲ
706 4303 1090 4371 ἐπικλύζουσα,
1117 4304 1307 4373 ὥσπερ
1338 4307 1634 4372 ἀναπνοαῖς
1656 4310 1757 4380 τῆς
1789 4310 2016 4383 σελήνης

430 4395 773 4467 ὐφὶλκομένη
806 4395 941 4467 πρὸς
965 4395 1026 4448 τὸ
1061 4396 1257 4459 ὀπίσω,
1287 4398 1381 4451 καὶ
1428 4399 1590 4453 πάλιν
1631 4402 1752 4464 ταῖς
1789 4402 1884 4454 ἀπ’
1918 4404 2018 4456 αὐ-

2102 1890 2342 1946 interdiu
2405 1889 2674 1960 reciproci
2737 1886 2976 1957 sequaris
3028 1884 3178 1939 fluxu
3229 1892 3550 1939 aestuantem
3598 1895 3695 1935 re-

2102 1984 2211 2040 labi
2242 1984 2470 2056 septies.
2509 1982 2718 2039 Seneca
2748 1982 2805 2035 in
2837 1979 3070 2034 Hercule
3103 1975 3288 2033 (Eliso
3317 1994 3334 2030 :

2248 2097 2482 2168 Euripus
2508 2097 2681 2152 undas
2709 2095 2874 2168 ﬂectit
2905 2084 3178 2168 instabiles
3206 2107 3366 2168 vagas

2246 2162 2551 2240 Septemque
2579 2162 2767 2240 angus
2797 2166 2899 2236 fe'rt
2925 2174 2973 2219 et
3010 2165 3222 2240 totidem
3246 2162 3426 2240 refert.

2247 2232 2389 2295 Dum
2417 2232 2623 2309 lapsum
2656 2232 2816 2293 Titan
2847 2244 3048 2307 mergat
3077 2234 3285 2290 Oceano
3318 2232 3499 2303 iubar.

2104 2354 2293 2410 Livius
2320 2354 2418 2408 lib.
2453 2368 2602 2408 xxvu
2627 2366 2739 2407 nan
2767 2349 3070 2406 asscntitur
3099 2347 3228 2402 huic
3255 2345 3543 2401 sententiae
3574 2363 3593 2399 :
3627 2343 3697 2397 Et

2106 2447 2301 2517 fretum
2330 2446 2525 2514 ipsum,
2560 2443 2761 2514 inquit,
2788 2440 2977 2511 Euripi
3021 2456 3125 2494 non
3171 2439 3357 2508 septies
3404 2436 3514 2501 die,
3558 2438 3698 2491 sicut

2106 2539 2257 2610 fama
2305 2538 2428 2608 fert,
2476 2536 2795 2603 temporibus
2841 2533 2997 2589 statis
3030 2533 3346 2600 reciprocat,
3381 2529 3473 2584 sed
3504 2540 3699 2583 temere

2106 2634 2164 2686 in
2211 2630 2426 2686 modum
2479 2630 2638 2693 venti,
2691 2643 2829 2681 nunc
2873 2626 2994 2691 huc,
3028 2642 3167 2680 nunc
3209 2625 3339 2679 illuc
3370 2640 3521 2679 uerso
3557 2625 3701 2678 mari

2105 2725 2245 2780 velut
2277 2731 2452 2779 monte
2497 2721 2761 2792 prazcipiti
2784 2720 3057 2775 devolutus
3087 2728 3293 2773 torrens
3322 2718 3554 2786 rapitur.
3582 2718 3697 2771 An-

2107 2818 2334 2889 tiphilus
2366 2815 2655 2888 Byzantius
2696 2813 2818 2885 ejus
2866 2812 3350 2883 reciprocationem
3399 2809 3698 2881 Antholog.

2110 2910 2262 2982 Epig.
2288 2909 2385 2964 lib.
2420 2925 2460 2973 ι,
2494 2923 2616 2978 cap.
2653 2907 2745 2972 36,
2777 2905 3187 2976 elegantissime
3215 2904 3492 2974 expressit
3525 2922 3542 2958 :

2179 3020 2473 3076 Εὑϐοϊκοῦ
2506 3020 2759 3074 κόλποιο
2788 2998 3180 3086 παλινδίνητε
3212 3015 3523 3080 θάλασσα,

2249 3090 2565 3161 Πλαγκτόν
2587 3089 2763 3159 ὕδωρ,
2789 3088 2959 3155 ἰδίοις
2971 3088 3272 3161 ῥεύμασιν

2200 3158 2403 3227 Ἠελίῳ
2428 3161 2549 3230 κήν
2573 3158 2747 3215 νυκτὶ
2778 3158 3139 3230 τεταγμένον·
3155 3159 3225 3230 ἐς
3241 3158 3364 3226 τρὶς
3384 3159 3685 3230 tiarator-

2257 3228 2503 3287 Navali
2524 3229 2676 3286 ὅσον
2713 3229 2966 3301 πέμπεις
2987 3230 3179 3300 χεῦμα
3201 3228 3665 3301 δανειζόμενον,

2189 3304 2394 3371 Θαῦμα
2408 3304 2552 3367 ,βίου
2585 3300 2881 3372 θαμϐῶσε
2902 3303 2967 3354 τὸ
2988 3342 3003 3365 ,
3020 3302 3263 3372 μυρίον,
3284 3300 3429 3354 οὐδὲ
3442 3300 3687 3370 ματεύω

2259 3370 2387 3443 Σὴν
2408 3370 2667 3427 στάσιν(
2686 3371 2944 3443 Ἀρῤήτῳ
2976 3370 3163 3424 ταῦτα
3188 3370 3425 3441 μέμηλε
3453 3373 3665 3441 φύσει.

2119 3487 2220 3543 Diu
2250 3487 2377 3542 item
2413 3487 2705 3558 quaesitum
2735 3501 2767 3540 a
2794 3485 3160 3557 philosophis,
3188 3501 3429 3557 quanam
3456 3487 3700 3550 ratione,

2118 3585 2171 3633 et
2200 3592 2310 3647 quo
2334 3577 2648 3647 impellente
2679 3590 2831 3631 mare
2859 3575 3171 3639 accederet,
3210 3591 3522 3645 rursusque
3552 3592 3701 3634 rece-
3742 3566 3751 3577 ’

2118 3671 2303 3737 deret;
2334 3684 2525 3725 eorum
2574 3669 2777 3739 placita
2818 3667 2988 3723 refert
3022 3667 3373 3726 Plutarchus.
3411 3666 3705 3742 Euripides

2120 3765 2177 3820 in
2202 3763 2478 3835 Iphigenia
2511 3763 2743 3818 Taurica
2766 3778 2797 3817 a
2822 3765 3000 3820 ventis
3017 3764 3350 3837 quibusdam
3383 3766 3499 3823 illic
3526 3766 3706 3824 ﬂanti-

2121 3857 2223 3912 bus
2254 3857 2330 3911 ita
2376 3856 2496 3927 rapi
2542 3856 2954 3922 credit.‘Quid,
3004 3856 3053 3912 si
3097 3857 3150 3912 id
3191 3858 3334 3914 idem
3386 3858 3511 3915 ﬁeri
3554 3864 3707 3916 nulla

2119 3947 2287 4004 ﬂante
2336 3962 2470 4002 aura
2503 3954 2844 4019 compertum
2875 3948 3002 4004 est?
3023 3948 3403 4015 Aristotelem,
3440 3953 3591 4022 quod
3625 3956 3705 4010 rei
3748 3964 3752 3973 '

2121 4040 2287 4109 hujus
2315 4047 2569 4094 naturam
2604 4038 2852 4095 invenire
2884 4055 2993 4095 non
3029 4051 3238 4110 posset,
3266 4041 3434 4096 tedis
3461 4045 3705 4101 animam

2119 4131 2334 4187 efﬂasse
2361 4130 2610 4201 perhibet
2640 4130 3082 4197 Nanzianzenus,
3108 4130 3363 4191 Justinus
3394 4146 3613 4210 martyr
3650 4140 3708 4195 in

2122 4224 2268 4280 illius
2295 4222 2630 4294 profundum
2661 4239 2723 4280 se
2749 4225 3091 4295 praecipitem
3112 4226 3354 4292 dedisse,
3391 4229 3590 4301 sicque
3610 4233 3709 4289 de-

2121 4330 2362 4372 mersum
2386 4316 2628 4370 animum
2660 4317 2949 4386 abjecisse.
2978 4317 3337 4375 Communiar
3363 4328 3551 4378 tamen
3578 4339 3708 4381 sen-

2121 4409 2293 4463 tentia
2321 4417 2377 4464 et
2402 4408 2619 4463 veritati
2648 4409 2825 4480 magis
2863 4424 3109 4466 consona
3140 4410 3379 4477 videtur,
3412 4430 3584 4485 quam
3622 4434 3709 4473 se-

430 4491 531 4560 τῆς
557 4488 834 4553 ὲκπνοίαις
875 4489 954 4552 είς
999 4487 1059 4541 τὸ
1107 4491 1305 4542 οἰκεῖον
1341 4490 1537 4561 μέτρον
1569 4492 2006 4566 προωθουμένης.

2116 4498 2228 4552 cuti
2263 4506 2391 4553 sunt
2430 4497 2679 4553 nonnulli
2718 4498 2930 4569 antiqui
2958 4498 3269 4570 philosophi
3306 4509 3361 4555 et
3409 4502 3516 4557 viri
3566 4519 3708 4574 pra-

432 4581 726 4653 Εὐρίπους,
757 4581 841 4635 vel
869 4577 1113 4651 εὔριπος,
1139 4588 1223 4635 εει
1259 4582 1457 4637 fretum
1487 4598 1584 4638 seu
1619 4584 1819 4641 ductus
1847 4601 2018 4655 aqua-

432 4690 553 4729 rum
607 4680 810 4728 terram
860 4682 1091 4743 utraque
1144 4682 1301 4743 parte
1352 4674 1691 4743 adjacentem
1745 4677 2014 4734 dividens.

430 4765 626 4819 Cicera
676 4763 772 4818 lib.
826 4778 878 4826 γ,
916 4762 996 4817 De
1046 4763 1289 4834 legibus:
1325 4764 1527 4821 Ductus
1580 4784 1841 4838 aquarum
1889 4787 2018 4842 quas

434 4855 525 4909 isti
559 4853 715 4908 Nilos
748 4852 1076 4924 Euriposque
1107 4864 1315 4918 uocant,
1346 4858 1462 4932 quis
1510 4874 1629 4911 cum
1678 4858 1865 4913 viderit
1913 4877 2019 4915 non

434 4947 700 5001 irriserit?
727 4944 920 5001 Pollux
952 4947 1046 5002 lib.
1086 4964 1164 5007 Ix.
1195 4952 1314 5017 cap.
1354 4949 1376 5003 1
1418 4968 1431 5004 :
1465 4950 1581 5005 Ἵνα
1611 4950 1666 5004 δὲ
1699 4954 1732 5022 ή
1775 4952 2049 5008 θάλασσα’

435 5037 774 5113 ἑκατέρωθεν
810 5034 975 5093 οὖσαν
1015 5040 1114 5109 τὴν
1153 5041 1256 5111 γῆν
1295 5042 1512 5113 διαιρεῖ,
1552 5043 1709 5098 τοῦτο
1746 5045 2020 5117 θαλάσσης

434 5128 670 5191 αὐλῶνα,
701 5128 796 5181 καὶ
825 5126 1069 5199 εὐριπον,
1106 5132 1200 5184 καὶ
1228 5131 1472 5202 πορθμὸν
1501 5132 1582 5186 δεῖ
1614 5133 1817 5190 καλεῖν.
1851 5135 2020 5208 Magis

436 5218 657 5289 proprie
685 5224 867 5273 tamen
897 5218 952 5272 id
980 5234 1179 5274 nomen
1214 5218 1316 5275 fuit
1348 5222 1663 5291 impositum
1695 5226 1762 5279 ad
1801 5226 1891 5280 illa
1925 5244 2022 5282 ex-

436 5309 691 5380 plicanda
723 5324 844 5379 quae
882 5320 1172 5366 moventur
1204 5320 1369 5382 atque
1415 5325 1748 5381 recurrunt,
1803 5317 2021 5389 fluendo

436 5402 522 5455 vel
554 5399 848 5457 renuendo.
887 5402 1105 5475 Longus
1147 5403 1390 5461 Pmmcn.
1430 5423 1446 5461 ι
1489 5426 1503 5462 :
1543 5409 1704 5473 Πόλις
1759 5413 1875 5466 ἐστὶ
1921 5413 2023 5466 Λέ-

437 5492 566 5546 σϐου
616 5493 894 5567 Μιτυλήνη
949 5496 1157 5567 μεγάλη
1205 5501 1299 5553 καὶ
1343 5499 1515 5571 καλή·
1558 5502 1864 5575 διείληπται
1914 5507 2022 5579 γὰρ

435 5585 698 5657 εὐρίποις,
722 5586 1115 5661 ὑπεισρεούσης
1150 5590 1252 5661 τῆς
1284 5591 1571 5663 θαλάττης,
1606 5597 1700 5650 καὶ
1726 5598 2020 5671 ίκεκόσμη-

435 5692 525 5729 ται
551 5676 818 5747 γεφύραις
846 5678 1033 5742 ξεστοῦ
1064 5682 1158 5735 καὶ
1202 5681 1396 5739 λευκοῦ
1429 5685 1598 5741 λίθου.
1634 5687 2022 5760 Prapriissime

437 5773 618 5822 tamen
653 5766 887 5838 Euripus
915 5770 1201 5827 dicebatur
1232 5776 1372 5845 apud
1409 5784 1618 5836 veteres
1659 5778 1858 5837 fretum
1888 5781 2021 5852 Pyr-

2120 4590 2491 4653 stantissimi,
2546 4591 2642 4645 sed
2690 4590 2857 4646 etiam
2899 4591 3058 4645 multi
3117 4593 3402 4649 catholicae
3442 4593 3708 4653 Ecclesiae

2118 4682 2334 4746 Patres,
2374 4694 2428 4738 et
2447 4698 2613 4753 quam
2654 4685 3004 4754 amplectitur
3032 4694 3223 4742 noster
3244 4686 3595 4754 Eustathius,
3623 4694 3708 4747 lu-

2120 4788 2248 4828 nam
2285 4774 2498 4830 scilicet
2539 4790 2665 4831 esse
2720 4790 2944 4831 causam
2978 4776 3146 4847 hujus
3179 4785 3384 4843 motus,
3426 4783 3708 4851 quomodo

2121 4878 2303 4923 autem
2335 4866 2390 4922 id
2422 4867 2536 4929 ﬁat.
2570 4868 2880 4939 explicatur
2908 4886 2938 4924 a
2961 4871 3303 4942 philosophis
3330 4872 3387 4929 in
3419 4878 3707 4944 metearis,

2121 4969 2175 5014 et
2215 4974 2317 5014 nos
2360 4959 2504 5014 infra
2548 4962 2798 5032 quaedam
2834 4962 3103 5019 dicemus.
3144 4965 3224 5019 lta
3265 4981 3495 5024 sensere
3526 4968 3709 5026 Ptole-

2124 5066 2315 5115 meus,
2359 5051 2575 5120 Cicero,
2611 5053 2846 5121 Plinius,
2885 5055 3108 5123 Strabo,
3143 5057 3424 5117 Marsilins
3452 5059 3707 5127 Ficinus,

2125 5142 2358 5199 Levinus
2407 5143 2684 5212 Lemnius,
2724 5154 2780 5202 et
2821 5148 2936 5202 alii.
2981 5147 3125 5204 Idem
3167 5152 3375 5221 placuit
3411 5153 3708 5212 Ambrosio

2123 5235 2218 5289 lib.
2248 5253 2302 5290 IV
2333 5234 2618 5303 Hexaem,
2653 5253 2775 5309 cap.
2815 5238 2868 5303 7,
2900 5239 3129 5308 Basilio,
3161 5244 3311 5298 hom.
3346 5243 3402 5300 6.

2131 5364 2137 5371 ι
2192 5326 2357 5394 lbid.,
2391 5328 2490 5386 lin.
2533 5328 2624 5385 51.
2670 5331 2780 5385 Καὶ
2816 5333 2952 5401 περὶ
2982 5333 3092 5390 τὸν
3134 5335 3425 5392 ὠκεανόν.
3454 5336 3535 5395 De
3569 5349 3706 5396 aestu

2124 5422 2314 5490 maris,
2342 5430 2397 5477 et
2427 5424 2548 5492 ejus
2577 5424 3041 5491 consideratione,
3075 5437 3131 5485 et
3166 5445 3358 5497 causa,
3386 5443 3441 5489 et
3470 5435 3703 5490 aliarum

2124 5512 2272 5568 circa
2321 5514 2423 5568 hac
2465 5516 2819 5585 opinionibus
2874 5520 3031 5590 plura
3070 5521 3245 5578 habes
3293 5522 3439 5594 apud
3481 5524 3699 5581 Franci-

2126 5621 2280 5660 scum
2313 5604 2630 5687 Vallesium,
2670 5609 2748 5664 De
2781 5628 2938 5666 sacra
2971 5613 3324 5686 philosophia,
3371 5634 3497 5691 cap.
3533 5621 3624 5681 52.
3652 5629 3701 5675 et

2126 5698 2392 5756 adversus
2425 5699 2869 5771 Eratosthenem,
2908 5708 3000 5777 qui
3033 5709 3136 5764 sali
3165 5712 3517 5780 ἀνωμαλίας
3541 5714 3700 5783 hujus

2126 5802 2352 5845 causam
2413 5806 2537 5850 esse
2570 5793 2807 5866 volebat,
2844 5805 2899 5853 et
2938 5801 3107 5858 maris
3140 5801 3389 5873 ejusdem
3428 5804 3592 5859 aliam
3622 5815 3699 5860 at-
