3848 6168
149 282 269 343 875

1183 278 1250 336 ΙΝ
1286 275 1661 337 EUSTATIIII
1691 274 2167 335 IIEXAEMERON
2208 279 2437 336 NOTAE.

3310 285 3414 342 δτι

153 412 272 469 quo
298 396 461 452 aliam
494 395 840 467 superticiem
872 395 1238 452 disertissime
1263 396 1509 466 disputat
1539 393 1737 449 Strabo
1766 402 1813 456 Α
1844 394 2113 449 vol-antem
2163 395 2319 466 sequi
2377 409 2487 450 non
2543 395 2778 466 possint,
2835 394 3016 452 ﬂuxus
3080 397 3298 468 quidem
3356 400 3416 454 lit

156 489 263 547 li-b.
297 506 337 545 ι.
380 486 618 544 Consule
650 497 912 560 praeterea
955 489 1311 545 Laurentium
1339 487 1638 544 Corvinum
1678 485 1738 539 in

155 596 263 638 sua
286 580 598 653 Geograpli.,
626 596 675 636 c.
708 581 803 649 ll;
834 579 1097 637 Joannem
1131 578 1488 636 Franciscum
1523 577 1737 642 Picum,

155 675 246 730 1.1
298 673 376 728 De
444 674 685 728 examine
730 675 922 740 vanit.,
973 688 1024 729 c.
1073 672 1174 738 12;
1213 671 1479 728 Joannem
1522 669 1733 735 Picum,

152 765 259 822 lib.
293 781 356 820 ιιι
386 764 586 820 Contra
627 766 854 830 Astrol.,
900 780 1021 835 cap.
1066 764 1168 832 is;
1203 762 1471 826 Ficinum,
1516 776 1639 831 cap.
1681 759 1737 825 6,

154 857 231 913 ad
260 855 460 912 Plotin.
494 858 588 912 lib.
626 872 718 923 nt,
752 855 992 910 Ennead.
1016 855 1082 922 ‘2;
1137 854 1527 916 Contarenum,
1572 852 1666 905 lib.
1697 863 1735 903 ιι

155 948 238 1004 De
262 949 565 1013 clementis;
599 956 654 1005 et
687 948 951 1005 Levinum
981 946 1270 1003 Lemnium
1293 944 1369 999 De
1391 943 1581 998 occult.
1620 951 1736 998 nat.

154 1042 377 1106 miram,
421 1041 516 1095 lib.
562 1056 622 1105 ιι,
654 1055 775 1112 cap.
813 1041 904 1107 4i,
950 1041 1109 1112 cujus
1139 1040 1331 1106 verba,
1363 1037 1493 1108 quia
1524 1042 1740 1091 contro-

152 1130 354 1185 versia:
396 1129 562 1200 hujus
601 1130 808 1185 nodum
851 1130 1090 1186 dilucide
1126 1129 1444 1201 expediunt,
1476 1133 1531 1182 et
1572 1140 1736 1180 omne

153 1220 388 1277 dubium
432 1229 706 1286 amovent,
749 1224 1037 1294 lucemque
1082 1222 1319 1277 alierum
1364 1219 1599 1285 auctori,
1641 1218 1733 1273 hic

152 1311 473 1367 describere
504 1327 615 1366 non
663 1314 933 1383 gravabor
968 1331 981 1367 :
1027 1312 1223 1383 Magna
1247 1327 1395 1374 sane,
1443 1309 1641 1380 inquit,
1682 1318 1733 1362 et

153 1402 300 1458 lunia
339 1419 516 1473 opera,
549 1405 603 1458 in
634 1420 808 1458 rerum
840 1417 1035 1460 natura
1074 1413 1327 1474 apparent
1357 1419 1375 1457 :
1405 1418 1579 1457 verum
1604 1401 1732 1455 solis

150 1495 426 1566 eﬂ'ectibus
447 1496 760 1566 posteriora.
788 1495 929 1554 Solis
951 1500 1089 1553 enim
1112 1497 1358 1567 beneﬁcio
1386 1495 1483 1549 illa
1512 1494 1729 1563 fruitur,

152 1588 427 1660 lucemque
456 1589 521 1643 ab
550 1590 643 1644 illo
681 1592 925 1660 sortitur,
962 1594 1039 1645 sic
1067 1600 1123 1645 ut
1157 1598 1307 1644 tanta
1332 1589 1479 1642 illius
1506 1603 1631 1657 pars
1662 1587 1732 1640 il-

150 1674 433 1746 lustretur,
468 1691 718 1752 quantam
739 1682 821 1736 sol
848 1698 943 1736 suo
965 1680 1238 1750 splendore
1260 1678 1523 1743 irradiat;
1552 1675 1729 1745 deﬁcit

1845 484 2051 573 Oceani.
2077 487 2181 542 sub
2210 487 2418 541 torrida
2454 487 2511 541 in
2533 488 2897 556 occidentem,
2935 490 3117 562 quoad
3163 492 3417 563 impingit

1845 577 1914 631 ad
1936 579 2210 634 contraria
2256 580 2462 645 littora,
2505 590 2878 652 curvaturque
2916 584 2985 638 ab
3015 584 3083 639 iis
3118 584 3417 640 :dissolvi-

1844 677 1934 724 tur
1964 684 2093 725 vero
2129 669 2381 727 discessu
2416 674 2560 726 lunae
2599 673 2891 728 concilium
2932 688 3221 745 aquarum,
3266 676 3413 746 quod

1842 768 1925 815 cst
1955 760 2013 814 in
2044 754 2242 817 itinere
2270 777 2465 818 versus
2509 763 2795 829 torridam,
2832 776 2954 834 quae
2982 764 3271 837 desertana
3301 776 3435 845 ινδιξ

1841 861 1933 907 ctu
1960 854 2055 924 qui
2101 855 2222 911 illas
2252 854 2551 921 exciverat,
2606 856 2809 927 impetu
2857 866 3039 929 capto,
3080 867 3307 927 remeat,
3357 864 3437 917 eti

1843 948 2074 1002 assultat
2122 947 2191 1002 ad
2240 948 2423 1002 littora
2468 964 2604 1016 sua;
2641 960 2697 1004 et
2737 950 2827 1005 hic
2860 950 3095 1021 impetus
3127 959 3213 1007 est
3268 951 3412 1008 alius
3457 961 3463 969 '

1840 1045 2132 1107 generatus
2155 1053 2250 1108 per
2292 1038 2596 1094 absentiam
2627 1040 2793 1104 Iunce,
2827 1040 3005 1097 donec
3041 1043 3159 1113 ipsa
3190 1043 3410 1099 rediens

1840 1127 1991 1181 frena
2033 1128 2269 1199 impetus
2296 1128 2464 1199 hujus
2494 1130 2724 1200 recipiat
2746 1132 2955 1187 moder.
2973 1141 3190 1204 turque,
3217 1144 3272 1190 et
3300 1150 3411 1191 una

1839 1234 1965 1275 cum
2007 1236 2109 1277 suo
2158 1231 2309 1278 motu
2364 1224 2720 1297 circumagat.
2770 1226 2848 1281 Ita
2895 1228 3078 1284 littora
3125 1231 3410 1301 aequaliter

1839 1313 2079 1382 patentia
2120 1313 2313 1369 iisdem
2344 1314 2498 1371 boris
2530 1316 2828 1388 implentur
2856 1322 3059 1385 omnia,
3094 1322 3408 1377 reductiora

1838 1418 1971 1459 vero
2028 1403 2262 1471 tardius,
2310 1406 2574 1461 nonnulla
2626 1407 2989 1465 diversimode
3041 1411 3113 1467 ob
3156 1412 3406 1470 diversos

1839 1497 2031 1552 oceani
2058 1496 2260 1551 aditus.

1907 1587 2069 1658 lbid.,
2102 1589 2195 1643 lin.
2228 1590 2317 1644 55.
2355 1589 2630 1645 Κάτωθεν
2656 1592 2768 1661 γὰρ
2807 1592 2847 1660 ἡ
2889 1594 3143 1664 σελήνη.
3186 1594 3244 1652 In
3272 1596 3407 1653 ecli-

1837 1680 2028 1751 psibus
2057 1682 2351 1747 solaribus,
2382 1698 2619 1753 quanam
2648 1685 2863 1740 ratione
2891 1687 3025 1741 solis
3055 1686 3195 1741 radii
3219 1688 3405 1743 lunam

151 1781 332 1826 autem
368 1772 601 1843 lucisque
627 1789 808 1841 expers
840 1773 1097 1841 redditur,
1134 1772 1223 1827 ubi
1255 1780 1410 1826 terrm
1436 1771 1729 1825 interventu
1757 1756 1807 1818 Β
1832 1788 1945 1827 non
1958 1781 2264 1843 penetrant,
2288 1782 2342 1828 et
2372 1775 2646 1843 quomodo
2681 1776 2834 1842 luna,
2863 1792 2989 1832 cum
3012 1779 3087 1833 sit
3115 1779 3275 1851 longe
3302 1781 3405 1835 mi-

152 1864 247 1919 lux
272 1866 356 1918 illi
386 1866 735 1934 intercipitur.
773 1866 919 1921 Tunc
948 1876 1123 1940 autem
1146 1866 1418 1935 potissime
1440 1865 1497 1918 in
1520 1872 1729 1918 terrena

149 1958 288 2012 vires
323 1973 449 2011 suas
469 1957 719 2028 explicat,
757 1973 875 2011 cum
906 1956 982 2012 vel
1012 1957 1115 2011 soli
1143 1971 1208 2010 ex
1243 1954 1460 2009 adverso
1489 1953 1729 2022 opposita

148 2052 420 2121 impletur,
461 2062 614 2123 atque
657 2051 955 2106 orbiculata
995 2051 1231 2122 eﬂicitur,
1267 2047 1343 2103 vel
1376 2046 1465 2101 ubi
1501 2048 1729 2115 primum

148 2144 237 2198 illi
269 2144 626 2215 conjungitur.
672 2143 772 2198 His
800 2145 938 2199 enim
964 2143 1169 2197 dierum
1208 2141 1400 2211 spatiis
1440 2146 1729 2209 augescunt

148 2245 347 2307 segetes
369 2276 385 2300 ,
423 2236 681 2290 conchilia
722 2244 1044 2306 turgescunt,
1076 2250 1218 2289 vena:
1254 2232 1531 2302 sanguine,
1574 2245 1726 2283 ossa-

147 2344 250 2400 que
273 2327 515 2383 medullis
546 2330 849 2400 implentur.
877 2328 992 2395 Quo
1016 2330 1076 2398 ﬁt
1101 2335 1159 2381 ut
1180 2325 1487 2380 concubitus
1511 2324 1579 2377 iis
1605 2331 1730 2376 tem-

147 2420 368 2491 poribus
412 2420 583 2474 ntinus
622 2420 833 2490 alliciat.
887 2418 958 2471 Et
997 2418 1245 2489 quoniam
1294 2416 1472 2469 omnia
1510 2413 1728 2466 humore

147 2512 363 2578 imbuit,
396 2513 457 2583 ﬁt
490 2521 547 2566 ut
576 2528 760 2567 carnes
784 2510 952 2565 radiis
980 2511 1125 2565 illius
1155 2510 1407 2580 exposita:
1432 2506 1723 2572 tabescunt,

147 2614 309 2676 atque
333 2605 565 2659 homines
598 2621 781 2659 somno
815 2605 1032 2673 vinoque
1061 2603 1242 2673 sopiti,
1289 2601 1547 2673 pallorem
1577 2600 1728 2670 capi-

147 2700 323 2769 lisque
362 2697 693 2769 gravedinem
731 2697 1081 2761 contrahant,
1124 2714 1187 2752 ac
1232 2696 1415 2752 morbo
1467 2694 1729 2751 comitiali

148 2792 451 2862 adiciantur
479 2806 498 2844 :
522 2792 730 2845 relaxat
774 2792 912 2845 enim
959 2807 1161 2857 nervos,
1205 2805 1268 2843 ac
1303 2788 1568 2843 cerebrum
1603 2787 1723 2857 plus

58 2868 77 2913 ⁵
146 2885 286 2939 satis
317 2883 604 2950 humectat,
634 2884 893 2954 mentique
925 2885 973 2938 vi
1005 2883 1221 2954 algiﬁca
1248 2890 1513 2950 stuporem
1538 2878 1724 2949 infert.

149 2976 352 3033 Oceani
386 2994 586 3047 quoque
631 2988 792 3033 cestus
841 2979 1092 3042 excitare,
1138 2992 1455 3046 causamque
1494 2976 1727 3044 recipro—

144 3068 310 3123 candi
337 3067 418 3122 illi
441 3066 672 3139 prabere
700 3084 803 3121 non
822 3077 899 3122 est
928 3066 1067 3139 quod
1094 3067 1209 3137 quis
1235 3064 1488 3136 ambigat.
1526 3062 1589 3119 Si
1615 3065 1726 3133 qui-

144 3160 269 3215 dem
325 3177 445 3214 cum
494 3159 839 3230 perspicimus
881 3158 1062 3213 silenti
1102 3167 1257 3227 atque
1300 3156 1524 3213 obscura
1561 3155 1720 3218 luna;

143 3267 310 3330 eaque
337 3250 414 3305 vel
444 3249 614 3305 medio
646 3249 768 3305 orbe
798 3248 1049 3315 dissecta,
1090 3248 1170 3302 vel
1200 3249 1255 3301 in
1286 3261 1488 3301 cornua
1517 3244 1723 3315 falcata

142 3344 255 3399 sive
306 3352 584 3415 augescat,
648 3350 741 3397 aut
781 3342 1074 3405 minuatur,
1125 3339 1300 3393 nullos
1349 3337 1722 3408 propemodum

142 3436 268 3507 ﬁeri
309 3451 568 3506 aquarum
608 3450 916 3501 concursus,
966 3448 1057 3487 nec
1087 3433 1143 3486 in
1188 3430 1357 3484 ullam
1387 3428 1719 3484 altitudinem

141 3528 326 3584 attolli
368 3544 656 3593 oceanum,
705 3526 1026 3599 quacunque
1084 3525 1246 3580 etiam
1310 3523 1494 3577 littora
1540 3522 1716 3577 alluit.

142 3617 377 3673 Rursum
410 3618 503 3672 ubi
545 3634 666 3672 cum
716 3617 824 3672 sole
878 3613 1233 3687 congreditur,
1287 3623 1441 3684 atque
1478 3612 1722 3666 innovari

140 3712 349 3781 incipit,
376 3722 469 3766 aut
504 3713 558 3766 in
594 3711 770 3766 orbem
807 3709 1167 3765 circumducta
1195 3706 1352 3777 plena
1396 3705 1721 3776 conspicitur

144 3804 410 3857 maximos
441 3802 665 3856 excitari
685 3809 866 3864 testas,
888 3800 1184 3869 ﬂuctusque
1212 3796 1389 3851 attolli
1416 3797 1471 3849 in
1498 3796 1721 3849 immen-

142 3906 285 3957 sum,
334 3895 449 3964 quis
492 3893 599 3947 alio
644 3909 805 3964 quam
857 3892 911 3945 in
942 3892 1082 3946 luna:
1114 3897 1333 3953 motum,
1362 3888 1589 3957 ﬂuxum,
1634 3902 1717 3939 re-

143 3986 453 4055 [laxumque
494 3984 676 4039 oceani
716 3982 949 4053 referat?
999 3979 1067 4035 Ut
1096 3982 1234 4035 enim
1267 3993 1480 4049 magnes
1516 3976 1718 4046 ferrum

144 4076 339 4142 allicit,
378 4078 453 4130 sic
488 4075 635 4130 sidus
665 4074 761 4128 hoc
804 4085 960 4128 terra:
982 4073 1279 4143 proximum
1311 4086 1456 4125 mare
1495 4069 1718 4124 attrahit

143 4171 491 4239 concitatque.
529 4165 674 4222 Nam
720 4183 838 4220 cum
877 4166 1004 4218 luna
1047 4165 1253 4228 oritur,
1306 4178 1531 4217 oceanus
1574 4162 1719 4215 circa

141 4263 271 4318 illas
310 4262 496 4333 plagas
530 4259 842 4325 devolvitur,
885 4273 1063 4327 nempe
1100 4257 1403 4323 orientales,
1440 4265 1718 4328 partesque

144 4352 494 4407 occidentales
534 4349 991 4417 deserit.Quando
1019 4364 1136 4403 vero
1166 4347 1234 4423 ad
1264 4349 1715 4418 occasumfvergit,

1834 1882 1958 1932 nor,
1992 1876 2164 1921 totum
2198 1875 2382 1922 tamen
2413 1869 2585 1923 solem
2618 1869 2901 1937 obscuret,
2937 1871 3139 1929 diserte
3168 1872 3404 1944 explicat

1830 1956 2169 2026 Cleomedes,
2195 1958 2413 2014 Meteor.
2442 1960 2536 2015 lib.
2563 1977 2625 2027 ιι,
2665 1977 2788 2033 pag.
2824 1962 2895 2017 80
2928 1963 3185 2021 editionis
3223 1963 3402 2020 Paris.

1902 2045 2062 2115 lbid.,
2117 2049 2214 2104 lin.
2266 2050 2357 2107 55.
2405 2050 2571 2119 Μέγα
2610 2050 2677 2104 δὲ
2718 2053 2818 2107 καὶ
2857 2049 3010 2122 αὐτὴ
3063 2054 3102 2124 ἠ
3144 2052 3399 2122 σελήνη.

1831 2140 1909 2196 De
1938 2141 2313 2214 magnitudine
2344 2142 2506 2209 lunae,
2533 2150 2588 2199 et
2619 2144 2851 2198 aliorum
2874 2144 3217 2215 planetarum
3244 2146 3404 2219 plura

1829 2234 2149 2291 Cleomedes
2206 2236 2329 2291 loco
2377 2236 2433 2291 d.
2495 2244 2549 2291 et
2602 2237 2716 2292 alii.
2763 2237 3117 2308 Anaxagoras
3179 2245 3404 2295 auctore

1830 2326 2127 2382 Plutarcho
2154 2327 2340 2383 lunam
2375 2328 2593 2385 dicebat
2623 2343 2749 2384 esse
2785 2344 2972 2400 parem
2998 2328 3399 2401 Peloponneso.

1829 2420 2140 2476 Ludovicus
2164 2419 2370 2478 Fidelis
2400 2420 2479 2477 De
2506 2438 2653 2476 man.
2680 2430 2800 2486 str.,
2834 2421 2872 2476 l.
2895 2437 2951 2487 v,
2982 2435 3033 2479 c.
3073 2422 3128 2488 7,
3157 2435 3403 2492 (interere

1829 2518 1995 2583 atque
2034 2513 2272 2569 scrutari
2305 2513 2373 2568 de
2402 2513 2777 2583 magnitudine
2807 2520 2861 2568 et
2921 2514 3231 2583 quantitate
3268 2514 3401 2569 solis

1828 2610 1884 2659 et
1911 2604 2052 2658 lunae
2072 2619 2336 2675 arrogans
2372 2618 2495 2659 esse
2528 2603 2835 2668 contendit,
2870 2618 3081 2677 nosque
3109 2612 3400 2659 contentos

1829 2708 1952 2751 esse
1977 2694 2177 2750 debere
2215 2694 2492 2764 descripto
2520 2693 2675 2758 solis,
2724 2702 2780 2748 et
2816 2693 2977 2758 lunae,
3012 2707 3078 2747 ac
3115 2692 3403 2748 stellarum

1829 2785 1934 2841 hoc
1958 2801 2203 2851 munere,
2237 2794 2298 2841 ut
2335 2787 2417 2841 sol
2447 2785 2580 2849 diei,
2617 2793 2671 2841 et
2701 2785 2833 2840 luna
2867 2785 3015 2841 nocti
3037 2785 3287 2855 praesint,
3320 2783 3402 2840 di-

1827 2877 2293 2949 vidantqueinter
2314 2879 2490 2933 lucem
2520 2883 2575 2932 et
2616 2877 2892 2940 tenebras,
2915 2875 3058 2931 diem
3079 2882 3136 2930 et
3158 2884 3401 2932 noctem.

1838 2968 2045 3025 Vanum
2072 2980 2150 3026 est
2188 2972 2350 3035 enim,
2383 2970 2582 3042 inquit,
2617 2968 2938 3038 prwclarum
2978 2977 3139 3022 terere
3167 2977 3401 3038 tempus,

1827 3072 1877 3118 et
1918 3063 2111 3119 sudore
2163 3064 2328 3118 multo
2365 3065 2657 3133 exquirere,
2718 3077 2835 3117 ante
2873 3059 3016 3115 Deus
3067 3060 3248 3132 ignota
3289 3074 3402 3115 esse

1828 3154 2010 3212 voluit.

1897 3247 2033 3302 Ibid.
2072 3247 2262 3303 Μῦθοι
2298 3248 2367 3302 δὲ
2392 3246 2680 3317 ληρώδεις
2704 3246 2823 3302 ὑπὸ
2843 3247 3207 3317 μεθυόντων.
3243 3243 3401 3298 Βειείο

1826 3339 1952 3403 lius,
1985 3340 2133 3395 hom.
2164 3338 2199 3395 6
2234 3358 2246 3393 :
2278 3339 2451 3393 Μῦθοί
2484 3356 2628 3402 τινες
2659 3337 3075 3407 καταγέλαστοι,
3106 3335 3210 3389 ὑπὸ
3243 3338 3401 3406 γραῖα

1822 3432 1948 3488 δίων
1982 3432 2437 3504 κωθωνιζομένων
2482 3430 2978 3503 παραληρούμενοι,
3033 3426 3305 3497 πανταχοῦ
3326 3425 3400 3479 δι-

1822 3525 2115 3598 εδόθησαν,
2169 3527 2253 3580 ὅτι
2289 3524 2649 3597 μαγγανείαις
2680 3524 2792 3576 τισὶ
2819 3523 2919 3594 τῆς
2968 3521 3174 3584 οἰκείας
3236 3519 3399 3590 ἕδρας

1822 3619 2211 3690 ἁποκινηθεῖσα
2253 3617 2451 3689 σελήνη
2502 3616 2641 3688 πρὸς
2681 3614 2787 3685 γῆν
2830 3612 3215 3685 καταφέρεται.
3269 3613 3397 3674 Πῶς

1824 3713 1922 3784 μὲν
1964 3708 2055 3766 οὖν
2082 3711 2269 3783 κινήσε
2333 3710 2542 3780 γοήτων
2568 3707 2815 3778 ἐπαοιδῇ,
2833 3707 2899 3778 ἢν
2931 3705 3091 3771 αὐτὸς
3112 3702 3399 3775 ἐθεμελίω-

1822 3819 1915 3857 σεν
1942 3804 1971 3855 ὁ
1986 3802 2435 3872 ’Υψιστοςχποίος
2467 3800 2511 3853 δ’
2530 3800 2595 3855 ἂν
2619 3800 2713 3854 καὶ
2730 3800 2893 3862 τόπος
2920 3795 3397 3852 κατασπασθεῖσαν

1820 3896 1989 3967 αὐτὴν
2026 3895 2352 3961 emensam;
2398 3893 2591 3966 Sagas,
2638 3908 2935 3965 magosque
2976 3891 3173 3946 caelum
3229 3889 3400 3959 depo-

1822 4003 1974 4054 nere,
2014 3996 2216 4043 terram
2261 3986 2617 4057 suspendere,
2664 3994 2724 4040 ut
2752 3984 2936 4040 verbis
2986 3981 3202 4054 Apuleii
3248 3989 3397 4049 utar;

1820 4080 2000 4137 fontes
2031 4079 2252 4143 durare,
2287 4090 2502 4135 montes
2558 4077 2788 4142 diluere,
2837 4090 3029 4132 manes
3075 4075 3395 4141 sublimare,

1818 4176 1951 4231 deos
1984 4173 2279 4240 inﬁrmare,
2311 4173 2492 4229 sidera
2518 4170 2887 4242 exstinguere,
2917 4177 3185 4225 tartarum
3213 4168 3397 4242 ipsum

1820 4267 2152 4331 illuminare,
2179 4280 2331 4320 mare
2355 4265 2573 4336 pigrum
2613 4263 2891 4335 colligare,
2922 4263 3092 4319 solem
3125 4261 3392 4324 inhibere,

1819 4360 2007 4415 lunam
2066 4358 2357 4425 deducere,
2414 4358 2602 4412 stellas
2654 4357 2907 4420 evellere,
2949 4363 3006 4410 et
3063 4353 3169 4408 alia
3220 4354 3395 4407 multa

141 4449 200 4503 in
235 4447 343 4501 illis
371 4446 607 4515 partibus
640 4445 970 4499 crebrescunt
1002 4442 1218 4511 ﬂuctus,
1265 4442 1318 4494 in
1350 4441 1418 4494 iis
1457 4455 1574 4493 vero
1598 4454 1716 4510 qua:

1834 4451 1970 4507 lictu
1999 4451 2205 4522 gravia,
2236 4459 2291 4506 et
2319 4450 2569 4504 maxima:
2600 4448 2999 4512 admirationis,
3032 4446 3149 4502 suis
3181 4444 3395 4516 magnis

144 4539 217 4593 ad
241 4546 413 4591 ortum
438 4544 670 4605 spectant
695 4535 1074 4594 detumescunt,
1103 4529 1257 4601 idque
1286 4529 1611 4601 afﬂuentibus
1638 4528 1715 4582 vel

139 4630 359 4701 parcius
392 4644 485 4700 pro
516 4630 831 4682 incremento
882 4624 1184 4692 defectuque
1217 4621 1349 4674 lucis
1369 4636 1529 4692 quam
1560 4620 1718 4674 luna-

143 4740 231 4778 res
262 4721 401 4775 radii
427 4720 688 4775 exhibent.
722 4717 929 4773 Czetera
975 4715 1043 4769 ad
1078 4715 1183 4769 hoc
1228 4713 1374 4769 idem
1412 4713 1716 4782 spectantia

138 4820 266 4888 lege
300 4815 441 4886 apud
481 4815 682 4886 ipsum.
725 4810 964 4868 Joannes
994 4808 1297 4880 Kepplerus
1357 4806 1413 4860 in
1458 4804 1715 4861 Introdu-

142 4911 331 4965 ctione
381 4906 450 4962 ad
505 4921 661 4962 suam
711 4903 1067 4973 Astrologiam
1114 4917 1301 4956 novam
1348 4898 1717 4968 αἱτιολὸγητον

143 5001 391 5056 rationes
433 4999 612 5054 ﬂuxus
643 5004 699 5053 et
735 4996 979 5053 reﬂuxus
1019 4993 1186 5049 maris
1224 4993 1298 5047 ita
1328 4991 1570 5047 insinuat
1600 5010 1612 5045 :
1640 4991 1719 5045 lu-

142 5108 275 5148 nam
299 5092 506 5149 scilicet
534 5105 633 5147 sua
680 5087 1000 5144 attractoria
1027 5087 1102 5152 vi,
1143 5101 1265 5157 quae
1303 5085 1373 5139 ad
1410 5094 1587 5141 terras
1629 5099 1715 5139 us-

143 5201 256 5258 que
300 5186 615 5256 porrigitur,
648 5197 819 5255 aquas
864 5182 968 5238 sub
998 5195 1189 5235 zonam
1229 5178 1494 5234 torridam
1535 5177 1718 5248 prole-

144 5290 322 5343 ctarc,
357 5291 465 5348 quo
504 5276 649 5332 facto
674 5276 870 5331 nudari
899 5275 1087 5330 littora
1134 5288 1419 5339 zonarum,
1449 5281 1504 5329 et
1534 5271 1719 5328 clima-

142 5381 264 5427 tum
299 5370 626 5427 lateralium.
664 5369 849 5439 Itaque
877 5368 1035 5439 aquis
1073 5368 1131 5422 in
1161 5366 1343 5423 latiori
1375 5366 1529 5421 alveo
1553 5378 1718 5421 ocea—

144 5466 207 5521 ni
242 5462 682 5535 assurgentibus,
739 5459 854 5515 ﬁeri
889 5466 1091 5531 potest,
1134 5465 1195 5513 ut
1223 5458 1280 5512 in
1307 5455 1718 5528 angustioribus

145 5557 270 5628 ejus
297 5556 550 5620 sinubus,
574 5553 735 5608 modo
754 5567 863 5607 non
888 5552 1051 5607 nimis
1074 5556 1223 5605 arcte
1240 5548 1538 5614 conclusis,
1560 5561 1717 5618 aquas

144 5657 420 5721 prasente
467 5649 594 5703 luna
638 5647 803 5703 etiam
856 5644 1119 5715 aufugere
1169 5643 1239 5698 ab
1288 5657 1354 5699 ea
1405 5641 1711 5697 videantur.

146 5743 289 5801 Cum
322 5752 503 5799 autem
538 5755 691 5810 aqua:
730 5740 914 5794 lunam
957 5738 1217 5793 verticem
1254 5736 1504 5796 celeriter
1530 5742 1715 5793 trans-

467 5834 731 5896 Ρηιιοι..
764 5832 882 5895 Gn.
914 5830 1143 5897 XVIII.

1820 4543 2312 4611 susurraminibus,
2354 4542 2814 4613 quandocunque,
2866 4546 2921 4595 et
2966 4538 3278 4606 ubicunque
3330 4536 3396 4590 li-

1818 4637 2000 4692 buerit
2026 4636 2183 4690 multi
2228 4636 2529 4700 credidere,
2561 4642 2617 4690 ct
2652 4635 2889 4688 maxime
2923 4630 3165 4685 omnium
3200 4637 3389 4699 poetae.

1818 4728 1957 4783 Dido
2007 4727 2072 4783 ad
2123 4729 2335 4783 Annam
2369 4742 2612 4784 sororem
2650 4727 2745 4790 ait,
2810 4724 2903 4782 lib.
2933 4739 2987 4778 tv
3016 4719 3232 4777 rEncid.
3263 4719 3391 4776 Vir-

1816 4821 2030 4892 gilianae
2061 4838 2074 4874 :

1820 4938 1959 4993 Hinc
1989 4936 2118 4991 mihi
2148 4936 2397 5007 Massyla:
2434 4934 2598 5006 gentis
2622 4940 2919 5007 monstrata
2949 4929 3194 4985 sacerdos
3225 4942 3245 4981 :

1820 5008 1949 5063 Haec
1982 5026 2036 5063 se
2068 5004 2392 5061 carminibus
2429 5004 2690 5075 promittit
2721 5004 2917 5057 solvere
2946 5012 3141 5055 mentes

1818 5080 1965 5145 Quas
1995 5079 2135 5144 velit,
2166 5087 2251 5132 ast
2285 5078 2409 5131 aliis
2435 5075 2600 5130 duras
2625 5076 2904 5128 immittere
2927 5087 3106 5135 curas,

1818 5149 2018 5204 Sisterc
2045 5165 2236 5219 aquam
2263 5147 2461 5217 ﬂuviis,
2488 5157 2538 5201 et
2573 5146 2797 5219 ﬂumina
2825 5155 3019 5219 vertere
3046 5152 3208 5205 retro,

1819 5213 2222 5290 Nocturno'sque
2254 5213 2351 5274 ciet
2374 5234 2553 5272 manes
2573 5213 2598 5271 ἐ
2621 5216 2822 5290 mugire
2845 5213 3038 5290 videbis

1816 5291 1925 5347 Sub
1958 5286 2173 5360 pedibus
2206 5300 2421 5354 terram,
2452 5298 2501 5341 et
2519 5286 2826 5343 descendere
2846 5286 3117 5349 ,muntibtts
3135 5299 3312 5338 ornos.

1814 5401 2152 5475 Propertius,
2186 5402 2335 5476 Eleg.
2361 5403 2457 5458 lib.
2495 5418 2535 5467 ι,
2569 5403 2704 5473 eleg.
2737 5401 2763 5454 1
2803 5421 2816 5456 :

1815 5521 1885 5576 At
1912 5537 1999 5575 vos
2029 5519 2262 5574 deductae
2289 5518 2475 5590 quibus
2495 5526 2573 5572 est
2601 5516 2822 5590 fallacia
2852 5514 2990 5590 luna:

1886 5590 1955 5645 Et
1989 5590 2138 5660 labor
2164 5591 2221 5644 in
2250 5586 2471 5660 magicis
2500 5586 2655 5642 sacra
2679 5588 2828 5655 piare
2857 5586 3010 5660 focis.

1819 5661 1897 5717 En
1926 5659 2147 5732 agedum
2171 5657 2397 5732 domina:
2424 5670 2644 5732 mentem
2679 5657 2958 5732 convertite
2986 5664 3207 5715 nostrai,

1891 5727 2144 5802 Et'facite
2166 5731 2262 5786 illa
2286 5747 2400 5785 meo
2426 5730 2623 5799 palleat
2645 5743 2734 5783 ore
2768 5727 2956 5797 magis.
