3848 6168
424 218 427 221 ’
453 260 569 321 '875

468 381 611 437 Tunc
638 395 729 449 ego
751 377 1260 449 Acrediderim'vobis,
1293 385 1341 431 et
1359 376 1560 449 sidera,
1600 383 1649 428 et
1678 389 1856 427 amnes

536 446 700 506 Posse
733 447 971 520 Cytwteis
993 448 1180 503 ducere
1203 446 1544 501 carminibus.

469 586 734 652 Tibullus,
776 583 925 656 Eleg.
954 585 1010 651 2,
1038 583 1133 639 lib.
1165 598 1182 636 ι
1217 601 1228 636 :

468 720 624 793 Ha_nc
643 739 736 793 ego
756 722 820 777 de
842 722 974 793 caelo
1006 719 1276 793 ducentem
1302 717 1479 793 sidera
1506 715 1633 793 vidi,

531 788 797 847 Fluminis
829 792 938 845 hcce
965 789 1141 860 rapidi
1168 790 1400 844 carmine
1429 788 1579 843 vertit
1604 788 1725 840 iter.

467 927 808 999 Apollonius,
843 926 1038 998 Argon.
1076 924 1173 980 lib.
1203 940 1265 978 ιιι
1298 942 1311 978 :

466 1040 580 1096 Kal
615 1038 919 1109 ποταμοὺς
949 1039 1150 1109 Zama"
1185 1039 1391 1109 lepojbq
1414 1032 1727 1109 κεᾴαδεινὰ
1746 1033 1997 1109 ῥέοντας
2020 1048 2033 1063 ο

472 1115 697 1179 Ἄστρα
733 1105 798 1163 τε
823 1109 920 1163 καὶ
946 1105 1146 1179 μήνης
1180 1105 1342 1177 ἱερῆς
1370 1105 1627 1175 ἐπέδησε
1664 1105 2008 1168 κελεύθους.

469 1222 745 1288 Lucanus,
770 1220 868 1278 lib.
913 1236 965 1276 v1
998 1239 1012 1275 :

470 1340 540 1395 Et
559 1341 761 1412 patitur
787 1347 961 1412 tantos
990 1345 1149 1412 cantu
1178 1334 1421 1412 depressa
1453 1333 1678 1412 lab_ore_s,

470 1402 646 1467 Donec
668 1411 963 1481 suppositas
993 1408 1207 1479 propior
1236 1402 1503 1475 despumet
1531 1406 1585 1459 in
1618 1402 1824 1459 herbas.

470 1522 656 1591 Ovid.,
687 1539 767 1579 xu
806 1520 1159 1592 Hetamorph.
1194 1538 1211 1575 :

470 1637 647 1693 Mater
672 1644 785 1691 erat
810 1635 1035 1706 Mycale,
1064 1650 1220 1706 quam
1251 1633 1529 1706 deduxisse
1557 1632 1790 1687 canendo

472 1708 623 1780 Stcpe
645 1704 949 1762 reluctantis
979 1704 1253 1759 constabat
1276 1721 1474 1759 cornua
1501 1705 1661 1760 luntc.

470 1819 750 1885 Hui-alius,
774 1819 877 1875 oda
905 1834 960 1884 ν,
987 1816 1158 1888 Epod.
1177 1834 1195 1871 .-

473 1937 606 2005 Qua:
632 1936 809 1991 sidera
843 1943 1124 2005 excantata
1153 1950 1270 1987 voce
1302 1931 1552 1988 Thessala

578 2007 881 2079 Lunamque
907 2003 1032 2061 creto
1059 2003 1261 2072 diripit.

473 2121 641 2176 Plura
671 2120 890 2191 collegit
909 2118 1149 2175 Joannes
1176 2116 1520 2172 Passeratius
1541 2115 1596 2170 in
1625 2113 1833 2170 dictum
1860 2115 2041 2171 locum

474 2212 765 2284 Propertii.
813 2211 948 2277 Quae
975 2209 1161 2266 omnia
1209 2209 1291 2264 uti
1325 2207 1543 2271 stolida,
1594 2204 1868 2271 fabulosa,
1921 2205 2044 2276 quis

475 2316 623 2359 sane
648 2300 849 2357 mentis
891 2313 1005 2355 non
1050 2297 1279 2368 rejiciet,
1327 2311 1452 2352 cum
1501 2302 1755 2351 auctores
1789 2294 1918 2365 ipsi,
1950 2293 2043 2367 qui

448 2393 567 2467 tilla
594 2391 869 2448 mentibus
891 2389 1173 2445 hominum
1195 2388 1440 2459 ingerere
1460 2385 1649 2442 conati
1678 2395 1824 2452 sunt,
1846 2400 1911 2440 ea
1939 2386 2044 2440 sibi

446 2481 915 2538 ~oontradicentes
963 2479 1313 2550 vituperant?
1366 2478 1594 2547 Medea,
1655 2479 1702 2534 si
1754 2477 2042 2548 potuisset,

472 2591 584 2631 non
610 2574 688 2631 ita
715 2575 1029 2640 clamasset,
1063 2571 1124 2629 Si
1160 2588 1365 2641 possem
1390 2572 1573 2626 sanior
1598 2587 1786 2635 essem,
1814 2569 1904 2623 sed
1930 2578 2045 2623 tra-

475 2669 553 2723 hit
580 2669 801 2723 invitam
829 2683 964 2721 nova
992 2666 1088 2720 vis.
1107 2664 1267 2720 Circe
1280 2679 1402 2734 quae
1418 2660 1680 2733 quidquid
1699 2661 1857 2716 vellet
1882 2674 2045 2731 posse

448 2759 819 2826 credebatur,
842 2773 1003 2814 suum
1028 2756 1271 2827 nequivit
1300 2755 1551 2826 Ulyssem
1586 2753 1852 2809 remorari
1879 2772 1891 2807 :
1925 2768 2047 2824 quae

474 2851 557 2907 sic
584 2851 784 2907 cecinit
810 2847 1057 2916 Ovidius,
1084 2848 1178 2903 lib.
1212 2863 1253 2915 ι,
1285 2846 1363 2902 De
1397 2846 1592 2902 remed.
1614 2862 1785 2900 amor.
1812 2862 1833 2901 :

480 2953 679 3024 Omnia
708 2955 880 3024 fecisti
908 2971 971 3009 ne
1000 2952 1226 3008 callidus
1254 2953 1420 3008 hostis
1445 2953 1632 3024 abiret,

580 3022 685 3080 Ille
708 3022 853 3079 dedit
881 3033 1036 3080 certae
1069 3025 1229 3077 lintea
1258 3024 1412 3085 plena
1442 3023 1602 3094 fugtc.

456 3093 675 3152 "Omnia
702 3095 894 3165 fecisti,
925 3112 988 3149 ne
1015 3105 1061 3149 te
1084 3096 1224 3164 ferus
1261 3103 1431 3148 ureret
1456 3093 1622 3165 ignis;

582 3165 793 3237 Longus
818 3166 873 3219 in
902 3166 1060 3220 invito
1083 3172 1288 3235 pectore
1315 3165 1448 3219 sedit
1478 3181 1650 3220 amor.

453 3279 736 3351 l‘Sciteque
755 3279 824 3336 ab
849 3277 1174 3350 Hippocrate
1202 3279 1432 3335 diluitur
1457 3279 1641 3335 libello
1665 3280 1744 3336 De
1757 3281 2043 3352 epilepsta:

478 3374 543 3431 Si
579 3374 739 3437 enim,
774 3372 972 3442 inquit,
1019 3371 1172 3426 homo
1201 3371 1527 3426 carminibus
1561 3371 1745 3427 lunam
1794 3372 2047 3430 deducere

452 3465 605 3521 scala
633 3473 830 3536 posset,
869 3473 981 3518 tum
1010 3472 1146 3518 certe
1192 3462 1356 3529 Deus,
1382 3472 1433 3518 et
1469 3480 1613 3519 mens
1643 3463 1841 3531 divina,
1874 3475 2047 3521 astro-

455 3573 596 3612 rum
634 3556 876 3612 conditor
917 3564 964 3610 et
1007 3563 1201 3622 rector,
1232 3556 1505 3610 hominum
1532 3558 1804 3623 potestati,
1830 3574 2048 3628 magno-

456 3665 696 3721 rumque
729 3650 1156 3715 incantamentis,
1199 3648 1337 3720 quod
1365 3648 1538 3703 dicere
1578 3650 1727 3720 nefas
1774 3658 1872 3715 est,
1914 3660 2048 3706 esset

460 3740 756 3798 ~obnoxius.
788 3739 1006 3796 Fabulae
1033 3749 1087 3797 et
1110 3741 1314 3797 erroris
1343 3741 1573 3812 hujusce
1596 3742 1751 3814 origo
1776 3751 1900 3797 nata
1943 3751 2045 3812 est,

462 3841 540 3888 «ut
566 3832 731 3889 refert
772 3832 1097 3888 Plutarchus
1126 3832 1254 3890 libr.
1292 3831 1371 3888 De
1421 3844 1666 3904 pracept.
1719 3835 2046 3902 connubial.,

469 3924 624 3994 ,quod
654 3923 905 3979 homines
948 3924 1091 3979 lunae
1118 3923 1415 3994 deliquium
1446 3925 1781 3997 ignorarent,
1822 3928 2049 3999 ejusque

478 4012 705 4068 luminis
762 4012 818 4066 in
858 4012 1048 4082 eclipsi
1079 4011 1373 4069 defectum.
1420 4014 1675 4088 Aganice,
1712 4018 1876 4073 verba
1921 4028 2050 4075 sunt

474 4102 780 4177 Plutarchi,
815 4101 1085 4173 Hcgetoris
1111 4101 1352 4159 Thessali
1378 4107 1515 4176 ﬁlia,
1545 4108 1777 4164 siderum
1808 4111 1865 4164 in
1883 4112 2047 4179 pleni.

481 4194 641 4248 Iuniis
670 4191 901 4263 defectus
935 4195 1125 4264 perita,
1159 4211 1220 4249 ac
1242 4198 1491 4267 temporis
1530 4216 1633 4270 quo
1676 4200 1806 4254 luna
1845 4201 2051 4271 objecta

468 4295 633 4340 term:
660 4285 849 4339 umbra
878 4284 1274 4341 obnubilaretur
1301 4305 1492 4359 gnara,
1533 4306 1651 4343 cum
1689 4291 1799 4345 hwc
1833 4293 2052 4346 mulier-

1812 251 2058 310 LEONIS
2095 247 2368 307 ALLATII

2068 376 2117 432 Α
2140 371 2417 438 νόμενον.
2446 363 2699 429 Basilius,
2729 362 2876 416 hom.
2909 357 2964 427 6,
2998 357 3073 413 De
3099 358 3245 415 sole:
3274 356 3366 430 Μὴ
3392 355 3697 423 ἐξαπατάτω

3601 239 3697 295 ετξ»

2139 479 2199 515 σε
2229 460 2289 514 τὸ
2320 458 2661 530 φαινόμενον,
2708 454 2831 526 μήδ’
2868 454 2948 507 ὅτι
2992 452 3260 522 πηχυαῖος
3285 451 3397 512 τοῖς
3423 448 3587 520 ὁρῶσι
3629 448 3700 501 δο-
3749 446 3757 485 ῖ

2136 551 2241 612 κεῖ,
2271 546 2522 601 τοσοῦτον
2561 544 2725 598 αὐτὸν
2752 539 2890 596 εἶναι
2931 541 3142 612 λογίσῃ.
3191 537 3565 610 Συναιρεῖσθαι
3599 536 3697 609 γὰρ

2137 638 2381 707 πέφυκεν
2404 638 2463 690 ἐν
2494 638 2607 700 τοῖς
2641 633 2896 705 μεγάλοις
2921 633 3253 705 διαστήμασι
3278 632 3344 686 τὰ
3377 630 3578 703 μεγέθη
3599 630 3698 685 τῶν

2136 729 2448 801 ὁρωμένων,
2477 727 2579 798 τῆς
2615 726 2876 798 ὁρατικῆς
2917 724 3199 797 δυνάμεως
3230 724 3330 776 οὐκ
3377 722 3699 795 ὲξαρκουμέν

2138 838 2235 892 νης
2259 822 2348 875 τὸν
2389 819 2588 892 μεταξὺ
2620 819 2783 872 τόπον
2819 818 3106 890 διαπερᾷν,
3138 814 3265 871 ἀλλ’
3290 815 3453 868 οἱονεὶ
3484 814 3699 869 ὲνδαπα-

2138 912 2384 984 νωμένης
2437 910 2516 982 τῷ
2568 911 2738 982 μέσῳ,
2782 912 2877 964 καὶ
2916 908 3057 964 κατὰ
3109 906 3287 977 ὀλίγον
3339 907 3507 979 αὐτῆς
3551 907 3699 978 μέρος

2139 1003 2583 1077 προσϐαλλούσης
2597 1005 2709 1066 τοῖς
2739 1003 2973 1072 ὁρατοῖς.
2991 999 3195 1072 ⁸Μικρόι
3224 995 3317 1053 οὖν
3343 1001 3378 1070 ἡ
3405 998 3526 1069 δψις
3557 998 3698 1069 ήμῶν

2138 1094 2426 1167 γενομένη,
2460 1094 2630 1166 μικρὰ
2659 1092 2881 1165 ἐποίησε
2896 1089 3211 1164 νομίζεσθαι
3243 1091 3312 1145 τὰ
3338 1091 3612 1163 ὁρώμενα,
3644 1089 3699 1141 τδ

2138 1190 2337 1242 οἰκεῖον
2392 1187 2567 1250 πάθος
2616 1187 2729 1250 τοῖς
2775 1186 2995 1257 ὁρατοῖς
3047 1185 3402 1257 ἐπιφέρουσα.
3453 1182 3615 1235 Ὥστε
3658 1183 3701 1234 εί

2050 1287 2071 1308 ‘
2137 1281 2448 1353 ψεύδεταιή
2484 1278 2625 1350 ὄψις,
2664 1278 2889 1333 ἄπιστον
2915 1276 2977 1330 τὸ
3003 1279 3301 1349 κριτήριον.
3332 1276 3489 1331 Multi
3533 1283 3701 1330 tamen

2139 1387 2207 1427 ex
2257 1371 2498 1442 antiquis
2558 1368 2898 1441 philosophis
2952 1370 3118 1423 etiam
3173 1368 3342 1423 solem
3393 1367 3543 1423 illius
3589 1382 3703 1424 esse

2141 1461 2558 1535 magnitudinis,
2586 1476 2695 1533 qua
2722 1476 2781 1517 se
2828 1461 3108 1516 hominum
3141 1459 3319 1515 oculis
3344 1459 3603 1525 ostendit,
3632 1458 3704 1513 af-

2142 1554 2450 1621 ﬁrmarunt,
2480 1554 2622 1609 inter
2650 1566 2746 1608 eos
2773 1552 3029 1623 princeps
3062 1551 3236 1608 fuisse
3263 1550 3481 1607 videtur
3515 1550 3702 1621 Epicu-

2141 1661 2262 1712 rus,
2290 1658 2452 1715 quem
2478 1641 2903 1713 elegantissime,
2927 1652 2982 1698 et
3012 1656 3125 1696 non
3155 1641 3412 1699 invalidis
3432 1656 3704 1713 argumen-

2067 1718 2118 1781 Β
2146 1739 2217 1793 tis
2252 1735 2451 1792 refellit
2477 1733 2814 1801 Cleomedes,
2846 1733 2945 1789 lib.
2977 1748 3015 1788 ιι
3047 1731 3267 1787 Meteor.

2212 1828 2333 1884 Col.
2383 1826 2509 1889 724,
2539 1826 2638 1882 lin.
2684 1826 2739 1880 4.
2771 1827 2999 1895 ’Ὠσπερ
3050 1826 3164 1896 γὰρ
3197 1825 3255 1880 ετ
3297 1842 3406 1894 τις.
3456 1825 3702 1889 Basilius,

2142 1919 2290 1977 hom.
2321 1918 2355 1974 6
2385 1939 2398 1975 :
2447 1918 2853 1991 ’Υπομνήσθητι
2877 1918 2935 1972 δὲ
2982 1917 3091 1973 τῶν
3122 1917 3336 1972 οἰκείων
3375 1916 3586 1983 παθῶν,
3619 1918 3703 1971 καὶ

2143 2013 2297 2086 παρὰ
2340 2011 2566 2067 σεαυτοῦ
2607 2011 2749 2079 ἕξεις
2785 2010 2894 2065 τῶν
2922 2010 3230 2082 λεγομένων
3261 2011 3360 2082 τὴν
3394 2009 3595 2065 πίστιν.
3646 2008 3705 2064 ΕΞ

2145 2120 2276 2157 ποτε
2304 2102 2412 2157 ἀπὸ
2457 2102 2766 2174 ἀκρωρείας
2810 2101 3052 2173 μεγάλης
3094 2101 3274 2156 πεδίον
3315 2097 3453 2165 εἶδες
3493 2099 3624 2155 πολύ
3649 2118 3704 2153 τε

2144 2195 2240 2248 καὶ
2293 2193 2504 2259 ὕπτιον,
2539 2194 2702 2266 ἡλίκα
2751 2193 2850 2265 μέν
2886 2210 2969 2247 σοι
2996 2193 3272 2265 κατεφάνη
3301 2193 3370 2246 τὰ
3398 2192 3590 2265 ζεύγη,
3618 2211 3705 2265 πη-
3792 2182 3793 2203 ¹

2144 2285 2282 2340 λίκοι
2324 2285 2381 2340 δὲ
2409 2287 2458 2339 οί
2500 2286 2761 2358 ἀροτῆρες
2796 2283 2983 2351 αὐτοί;
3030 2287 3080 2339 εἰ
3123 2285 3198 2357 μὴ
3251 2287 3555 2357 μυρμήκων
3596 2282 3705 2339 τινά

2146 2393 2227 2430 σοι
2263 2376 2532 2447 παρέσχον
2564 2375 2884 2445 φαντασίαν.
2918 2376 2980 2429 Εἰ
3012 2375 3070 2429 δὲ
3101 2377 3196 2431 καὶ
3226 2377 3335 2430 ἀπὸ
3365 2377 3596 2440 σκοπιᾶς
3621 2377 3702 2429 καὶ

2148 2467 2290 2538 μέγα
2331 2466 2567 2536 πέλαγος
2608 2467 2992 2539 τετραμμένης
3032 2469 3099 2539 τῇ
3143 2466 3387 2541 θαλάσσῃ
3421 2468 3524 2531 τὰς
3568 2466 3702 2537 ἂξιεις

2145 2556 2428 2622 ὲπέὸαλες,
2459 2556 2640 2629 ἡλίκαι
2677 2556 2774 2628 μέν
2805 2573 2889 2610 σοι
2927 2555 3111 2624 ἔδοξαν
3143 2553 3280 2611 εἶναι
3317 2556 3423 2611 τῶν
3451 2559 3626 2629 νήσων
3651 2558 3699 2608 al

2148 2646 2420 2718 μέγισται,
2454 2645 2658 2717 πηλίκη
2699 2645 2757 2699 δέ
2787 2663 2870 2699 σοι
2901 2646 3178 2718 κατεφάνη
3213 2645 3310 2717 μία
3332 2643 3437 2699 τῶν
3458 2642 3701 2716 μυριοφό-

2149 2754 2256 2810 ρων
2278 2737 2517 2792 ὁλκάδων
2545 2738 2760 2802 λευκοῖς
2789 2737 2977 2803 ἱστίοις
3005 2738 3143 2810 ὑπὲρ
3166 2737 3370 2809 κυανῆς
3386 2736 3697 2809 κομιζομένη

2147 2829 2454 2903 θαλάσσης;
2490 2831 2539 2883 εἰ
2588 2829 2664 2902 μὴ
2713 2829 2891 2901 πάσης
2918 2831 3246 2903 περιστερᾶς
3276 2829 3599 2903 μικροτέραν
3630 2843 3698 2881 σοι

2149 2923 2455 2996 παρέσχετο
2485 2923 2584 2994 τὴν
2614 2924 2930 2993 φαντασίαν.

2216 3014 2374 3083 lbid.,
2427 3016 2523 3070 lin.
2580 3013 2631 3068 7.
2704 3013 3220 3083 Ἐνδαπανηθεῒσα
3275 3013 3407 3084 γάρ.
3450 3012 3699 3072 Basilius.

2146 3107 2295 3163 hom.
2328 3108 2362 3162 6
2395 3127 2408 3162 :
2442 3108 2609 3174 Διὸτι,
2660 3106 2910 3178 καθάπερ
2958 3105 3120 3177 ἔφην,
3166 3104 3592 3175 ὲνδαπανηθεῖσα
3635 3101 3703 3173 τῷ

2147 3199 2267 3271 ἀέρι
2311 3202 2345 3272 ή
2394 3199 2537 3270 ὁψις,
2585 3194 2828 3270 ἐξίτηλος
2866 3198 3153 3269 γενομένη,
3195 3198 3333 3271 πρὸς
3375 3198 3473 3270 τὴν
3520 3196 3702 3270 άκριῆ

2147 3279 2448 3362 κατάληψιν
2478 3289 2586 3345 τῶν
2626 3290 2917 3363 ὁρωμένων
2962 3288 3063 3343 οὐκ
3108 3288 3343 3361 ἐξαρκεῖ.
3383 3288 3585 3346 Eadem
3622 3303 3702 3343 ra-

2148 3384 2297 3440 tione
2337 3383 2657 3440 Aristoteles
2715 3382 2793 3438 De
2836 3392 3065 3454 generat.
3103 3383 3266 3438 anim.
3299 3383 3395 3439 lib.
3426 3399 3483 3451 v,
3516 3397 3629 3452 cap,
3655 3380 3699 3441 l.

2148 3475 2303 3531 aitea
2321 3490 2444 3546 quae
2478 3474 2655 3531 oculis
2691 3476 3126 3546 prominentibus
3144 3484 3272 3532 sunt
3286 3476 3481 3548 procul
3500 3489 3700 3531 cernere

2147 3575 2445 3640 nequeunt,
2463 3583 2584 3639 quae
2599 3577 2787 3624 contra
2808 3569 2955 3625 intus
2975 3569 3031 3624 in
3051 3584 3183 3625 cavo
3204 3570 3393 3625 oculos
3410 3569 3610 3626 habent
3625 3582 3702 3639 po-

2147 3658 2306 3726 sitos,
2338 3659 2498 3731 longe
2526 3659 2771 3730 aspicere
2803 3670 3054 3730 possunt,
3080 3660 3169 3715 διὰ
3190 3661 3253 3715 τὸ
3282 3661 3383 3733 τήν
3410 3661 3618 3733 κίνησιν
3636 3658 3703 3730 μή

2147 3749 2624 3805 διασκεδάννυσθαι
2645 3753 2725 3815 εἰς
2756 3752 2973 3823 ἀχανὲς,
2997 3752 3112 3808 ἀλλ’
3135 3752 3482 3823 εὐθυπορεῖν.
3517 3751 3701 3819 Quibus

2147 3842 2327 3898 verbis
2353 3842 2661 3913 opinionem
2685 3841 2930 3900 Platonis
2957 3845 3245 3915 amplexus
3275 3846 3494 3901 videtur
3520 3845 3704 3900 Aristo-

2149 3933 2305 3997 teles,
2333 3934 2789 4005 quemadmodum
2822 3944 2877 3991 et
2915 3952 2977 3991 ιιι
3028 3935 3250 3993 Heteor.
3281 3954 3403 4009 cap.
3433 3940 3491 4007 5,
3516 3938 3549 3993 ιι
3580 3945 3629 3994 ει
3653 3935 3700 3997 6.

2149 4030 2203 4077 et
2234 4022 2501 4079 Problem.
2538 4026 2779 4082 sectione
2799 4027 2889 4092 51,
2916 4028 3180 4097 problem.
3214 4029 3303 4096 16,
3327 4029 3397 4085 ad
3426 4029 3700 4086 dubitatio-

2149 4130 2249 4170 nes
2282 4114 2544 4185 quasdam
2566 4115 2947 4174 dissolvendas
2971 4118 3075 4174 hac
3096 4119 3285 4175 eadem
3320 4122 3516 4186 utitur,
3537 4134 3703 4192 quam.

2149 4205 2234 4260 vis
2269 4205 2600 4261 contrariam
2644 4216 2868 4265 secutus
2897 4208 3165 4265 videatur.
3200 4209 3277 4266 De
3306 4212 3563 4282 opinione
3602 4210 3703 4285 Pla-

2151 4295 2322 4360 tonis,
2368 4305 2648 4367 aspectum
2684 4299 2892 4356 scilicet
2925 4299 3064 4357 alIici
3110 4301 3345 4374 imagine
3373 4305 3557 4376 aliqua
3590 4318 3618 4357 a
3652 4319 3701 4357 re

470 4377 614 4467 culis
644 4375 870 4467 credatis
916 4392 1157 4467 praesaga
1187 4378 1355 4467 futuri
1382 4380 1707 4467 praediceret,
1739 4393 2044 4451 prtecanta-
2076 4399 2121 4454 υ
2149 4387 2267 4443 visa
2299 4387 2570 4459 eﬂluente,
2615 4391 2711 4447 sed
2758 4393 2994 4449 emicare
3039 4410 3107 4451 ex
3154 4396 3329 4452 oculis
3366 4398 3564 4462 lucem,
3607 4411 3699 4467 qua

470 4464 619 4518 tione
649 4464 830 4518 lunam
860 4464 1147 4520 subducere
1191 4466 1317 4521 coelo
1358 4466 1687 4525 credebatur.
1734 4471 1848 4527 Hoc
1902 4473 2045 4528 idem

480 4555 765 4610 confirmat
814 4554 1176 4628 fragmentum
1222 4559 1420 4614 veteris
1454 4571 1626 4630 poeta:
1655 4563 1797 4633 apud
1832 4562 2047 4621 Turne-

477 4645 631 4712 buni,
665 4644 948 4700 Adversar.
989 4648 1081 4701 lib.
1111 4665 1225 4714 xix,
1258 4664 1379 4719 cap.
1420 4651 1486 4717 5;
1517 4660 1571 4705 et
1593 4653 1891 4709 Martinum
1926 4655 2049 4712 Del-

478 4737 623 4790 rium
657 4736 1112 4807 Disquisitiouum
1150 4740 1480 4812 magicarum
1505 4743 1598 4799 lib.
1638 4760 1701 4810 ιι,
1730 4755 1924 4816 quaest.
1956 4749 2044 4816 Η,

479 4838 534 4883 et
559 4837 754 4899 praeter
782 4831 918 4885 alios
952 4829 1268 4887 Cleomedes
1302 4830 1422 4888 loco
1447 4833 1615 4890 dicto.
1665 4836 1884 4902 Τούτοις
1922 4840 2051 4910 ἑξῆς

479 4920 570 4974 τὸν
613 4921 741 4992 περὶ
785 4922 883 4992 τῆς
925 4921 1215 4991 ἐκλείψεως
1261 4925 1430 4997 αὐτῆς
1471 4927 1825 5000 ποιησώμεθα
1868 4931 2046 5001 λόγον,

478 5013 629 5076 ὅπως
689 5013 762 5085 μὴ
811 5013 1204 5086 παραπλησίως
1258 5020 1371 5082 τοῖς
1422 5019 1684 5090 γραῖδίοις
1743 5025 1837 5077 καὶ
1890 5028 2050 5098 ήμεῖς

478 5102 810 5173 δοξάσωμεν,
845 5105 1043 5158 ὁπόταν
1084 5105 1326 5160 ἐκλείπει
1359 5111 1391 5180 ή
1420 5109 1635 5182 σελήνη,
1665 5113 1746 5167 ὅτι
1771 5118 2051 5188 φαρμακί-

477 5194 566 5259 δες
598 5196 734 5250 εἰσὶν
768 5197 824 5251 αἱ
850 5197 1207 5270 καθαιροῦσαι
1249 5202 1440 5273 αὐτήν.
1478 5203 1644 5260 Multa
1674 5208 1732 5262 in
1756 5208 1897 5264 hanc
1926 5228 2052 5267 sen-

480 5288 703 5340 tentiam
736 5289 896 5343 habet
920 5287 1157 5346 Joannes
1183 5290 1402 5349 Wicrus
1435 5294 1510 5350 De
1536 5301 1816 5370 prwstigiis
1855 5300 2052 5358 daemo-

480 5395 604 5431 num
637 5379 731 5434 lib.
787 5395 849 5443 ιι,
898 5396 1020 5452 cap.
1058 5382 1159 5447 l7;
1208 5395 1264 5439 et
1309 5385 1521 5443 Delrius
1570 5389 1718 5446 dicto
1763 5393 1901 5460 loco,
1932 5396 2047 5466 qui,

441 5532 458 5551 ε
481 5467 612 5533 Qua:
644 5469 712 5522 sit
749 5487 1023 5541 magorum
1041 5484 1271 5543 potestas
1309 5478 1362 5531 in
1394 5478 1541 5534 orbes
1591 5482 1843 5551 caelestes,
1874 5486 2051 5541 sidera

477 5571 525 5614 et
557 5560 830 5626 elementa,
862 5564 1111 5633 pluribus
1139 5570 1398 5638 explicat.

548 5650 706 5718 ibid.,
740 5653 837 5710 lin.
876 5657 961 5711 59.
1007 5659 1104 5729 Μὴ
1148 5662 1255 5732 γὰρ
1295 5663 1642 5728 ἐξαπατάτω
1692 5683 1764 5723 σε
1809 5670 1874 5724 τὸ
1917 5690 2048 5743 φαι-

2148 4478 2421 4548 objectum
2471 4482 2914 4552 comprehendat,
2966 4493 3202 4542 tractant
3248 4486 3566 4545 Priscianus
3609 4487 3699 4559 Ly-

2148 4566 2251 4623 dus
2284 4567 2379 4622 lib.
2411 4567 2489 4623 De
2513 4569 2830 4639 phantasia;
2869 4575 3182 4633 Chalcidius
3225 4577 3518 4634 Comment.
3548 4581 3599 4634 in
3621 4578 3697 4633 Ti—

2149 4675 2340 4714 mteum
2368 4659 2655 4727 Platonis;
2684 4664 2945 4723 Alcinous
2974 4669 3027 4723 in
3061 4668 3472 4728 lntroductione
3492 4674 3556 4728 ad
3593 4671 3694 4726 Pls.

2152 4757 2264 4803 ton.
2299 4748 2733 4822 Philosophiam:
2765 4755 3052 4815 Nemesius
3073 4758 3152 4813 De
3180 4769 3294 4814 nat.
3321 4761 3489 4829 hom.,
3508 4778 3619 4833 cap.
3644 4761 3691 4825 7;

2149 4838 2488 4905 Macrobius,
2524 4841 2744 4898 Saturn.
2793 4845 2888 4901 lib.
2935 4863 3011 4910 νι,
3042 4862 3162 4917 cap.
3194 4849 3292 4915 H;
3335 4848 3586 4906 Plotinus
3612 4851 3690 4903 lib.

2151 4927 2229 4983 De
2259 4930 2458 4985 visione
2482 4947 2502 4997 ;
2522 4931 2773 4991 Euclides
2810 4936 2992 4992 libello
3036 4936 3113 4991 De
3138 4942 3480 5008 prospectiva,
3518 4952 3570 4997 et
3600 4941 3691 4994 alii.

2221 5014 2391 5081 Ibid.,
2439 5019 2536 5075 lin.
2592 5019 2647 5075 9.
2709 5023 2823 5077 Kal
2877 5023 2968 5078 ὅτι
3019 5026 3406 5098 παμμέγεθες.
3465 5030 3693 5087 Basilius.

2154 5106 2300 5163 hom.
2333 5108 2366 5163 6
2396 5128 2412 5165 :
2445 5110 2633 5166 Βούλει
2671 5114 2779 5168 ἀπὸ
2806 5115 3015 5186 μικρῶν
3064 5110 3376 5191 τεκμηρίων
3407 5120 3585 5175 λαὸεῖν
3618 5119 3696 5173 τοῦ

2155 5199 2418 5270 μεγέθους
2450 5202 2619 5275 αὐτῆς
2649 5205 2744 5276 τὴν
2776 5206 3042 5273 ἀπόδειξιν
3061 5211 3154 5276 ;Αί
3187 5212 3325 5266 κατὰ
3355 5212 3452 5285 τήν
3482 5211 3697 5284 οἰκουμέ-

2152 5306 2250 5360 νην
2283 5291 2467 5355 πὸλεις
2499 5293 2750 5348 πλεῖστον
2781 5296 3023 5368 ἀλλήλων
3048 5299 3428 5374 ἀπῳκισμέναι
3457 5304 3591 5359 κατὰ
3613 5304 3695 5373 τὴν

2152 5381 2414 5455 ἀνατολὴν
2445 5388 2848 5458 τετραμμέναις
2880 5393 3239 5465 ῥυμοτομίαις
3284 5396 3346 5463 ἐξ
3394 5398 3507 5451 [σου
3550 5397 3695 5452 πᾶσαι

2151 5472 2213 5527 τὸ
2247 5472 2526 5545 σεληναῖον
2578 5478 2693 5548 φῶς
2727 5480 3096 5551 ὑποδέχονται.
3146 5484 3310 5543 Plura
3356 5490 3424 5546 de
3465 5489 3567 5545 hoc
3596 5490 3695 5543 vide

2152 5564 2296 5636 apud
2325 5565 2668 5625 Cleomedem
2701 5571 2821 5628 loco
2852 5574 3021 5631 dicto.

2225 5656 2388 5725 lbid.,
2442 5660 2537 5714 lin.
2595 5661 2679 5716 14.
2729 5666 2837 5722 Kal
2886 5669 3098 5738 ὁμοίως
3129 5671 3343 5741 αὐτήν.
3394 5672 3592 5728 Similia
3629 5670 3691 5725 le-
