3810 6168
121 321 231 376 877

1145 319 1211 373 ΙΝ
1246 316 1625 374 EUSTATHII
1651 318 2126 374 llEXAEMERON
2159 319 2386 377 NOTAE.

3270 319 3372 375 878

120 445 329 507 guntur
361 437 504 509 apud
533 437 814 504 Basilium,
840 437 987 491 hom.
1016 437 1048 490 6
1079 454 1091 489 :
1130 437 1361 509 Ὁμοίως
1399 440 1506 511 γὰρ
1539 439 1674 510 αὐτῆ

1809 437 1885 492 ἔνι
1909 438 1976 492 τά
2004 437 2256 508 πελάγια,
2277 438 2347 492 τὰ
2374 437 2689 508 αίγιαλώδη,
2712 437 2778 491 τά
2806 436 2985 509 βύθια,
3009 437 3079 492 τὰ
3099 438 3374 511 πετρώδη,

117 531 235 585 ἀπὸ
281 531 389 585 τῶν
440 530 766 603 ίσημερινῶν
812 531 989 583 τόπων
1052 532 1481 604 ἀνατελλούσης,
1533 534 1588 586 οἵ
1643 552 1702 589 τε

118 622 541 695 προσοικοῦντες
588 627 652 695 τῇ
701 623 1112 695 κατεψυγμένη,
1148 626 1242 678 καὶ
1271 626 1376 678 ὑπὸ
1402 626 1499 689 τὰς
1546 643 1699 697 περι»

121 718 366 788 στροφὰς
408 716 508 785 τῆς
555 717 755 788 ἄρκτου
797 717 1038 786 κείμενοι
1073 717 1567 788 μεταλαμϐάνουσι,
1608 718 1703 772 καὶ

117 813 170 862 o!
203 809 345 862 κατά
368 808 436 861 τά
467 808 620 861 κοῖλα
649 809 748 878 τῆς
783 801 1129 880 μεσημϐρίας
1147 811 1243 880 τῆς
1269 808 1703 882 διακεκαυμένης

117 904 365 972 γείτονες
387 919 400 932 '
455 897 535 966 οἷς
573 903 706 956 πᾶσι
735 901 877 955 κατὰ
913 902 974 955 τὸ
1005 901 1204 966 πλάτος
1235 901 1700 973 άντιπαρήκουσα,

117 994 466 1064 σαφεστάτην
497 987 802 1066 μαρτυρίαν
819 995 910 1047 τοῦ
969 993 1229 1066 μεγέθους
1259 995 1574 1066 παρέχεται.

192 1086 359 1150 Ibid,
388 1087 482 1139 lin.
519 1086 606 1140 18.
647 1085 757 1138 Καὶ
789 1087 1007 1151 εὐθέως
1049 1087 1088 1154 ἠ
1120 1085 1236 1154 μὲν
1264 1085 1566 1140 θάλασσα.
1600 1085 1703 1142 Ba-

114 1175 298 1240 silius,
358 1177 502 1229 hom.
559 1177 625 1230 7:
654 1172 826 1230 ’Ἦλθε
874 1177 1225 1249 πρόσταγμα,
1258 1178 1352 1231 καὶ
1408 1172 1570 1242 εὐθὺς
1608 1179 1702 1233 καὶ

113 1269 354 1337 ποταμοὶ
397 1268 631 1339 ἐνεργοὶ,
682 1269 774 1321 καὶ
828 1268 1012 1338 λίμναι
1045 1269 1281 1340 γόνιμοι,
1335 1269 1443 1324 τῶν
1488 1271 1701 1325 οἰκείων

111 1357 346 1412 ἕκαστον
378 1359 555 1412 αὐτῶν
613 1359 705 1413 καὶ
754 1359 894 1413 κατὰ
949 1360 1108 1429 φύσιν
1156 1361 1347 1430 γενῶν·
1387 1363 1481 1416 καὶ
1531 1365 1565 1435 ἡ
1608 1362 1703 1417 θά-

110 1450 294 1504 λασσα
338 1452 405 1504 τὰ
453 1453 773 1506 παντοδαπὰ
802 1453 932 1524 γένη
980 1453 1088 1508 τῶν
1117 1453 1344 1508 πλωτῶν
1395 1454 1569 1522 ὡδινε,
1607 1458 1700 1510 καὶ

111 1539 238 1592 οὐδὲ
278 1541 399 1594 ὅσον
430 1543 485 1593 ὲν
536 1541 674 1595 ίλύσι
718 1543 813 1598 καὶ
843 1543 1074 1614 τέλμασι
1102 1544 1195 1597 τοῦ
1241 1545 1431 1610 ὓδατος
1462 1542 1551 1616 ἦν,
1579 1548 1698 1601 οὐδὲ

106 1631 274 1685 τοῦτο
301 1634 470 1704 ἀργὸν
493 1634 629 1687 οὐδὲ
645 1635 870 1706 ἄμοιρον
909 1636 1007 1707 τῆς
1041 1636 1181 1691 κατά
1219 1637 1316 1709 τὴν
1349 1640 1524 1693 κτίσιν
1572 1658 1696 1696 συν-

110 1723 330 1788 τελείας
361 1725 644 1796 ἀπέμεινε.

184 1838 351 1903 lbid.,
383 1840 483 1894 lin.
515 1841 602 1895 l9.
640 1841 761 1896 Τῶν
786 1842 898 1912 γὰρ
935 1844 1210 1898 ἐναλίων.
1243 1843 1502 1913 Basilius,
1543 1850 1690 1903 hom.

110 1931 144 1982 7
185 1949 198 1985 :
242 1931 492 1986 Μάλιστα
538 1934 636 2003 μὲν
681 1923 919 2004 ἀμφίϐια
969 1934 1037 1988 τὰ
1079 1936 1246 1990 πολλὰ
1273 1937 1477 1992 τούτων
1525 1941 1671 1993 ἐστὶν

108 2016 225 2075 οἷον
256 2022 459 2090 φῶκαι,
492 2026 583 2078 καὶ
614 2026 962 2097 κροκόδειλοι,
1000 2029 1093 2081 καὶ
1137 2031 1186 2081 ot
1229 2032 1484 2100 ποτάμιοι
1515 2031 1690 2096 ἵπποι,

108 2115 208 2168 καὶ
245 2115 523 2188 βάτραχοι,
561 2121 655 2173 καὶ
687 2123 965 2191 καρκῖνοιο
1003 2120 1116 2174 ἀλλ’
1149 2118 1241 2176 οὖν
1283 2124 1692 2195 προηγούμενον

107 2207 225 2278 ἔχει
259 2208 320 2286 τὸ
351 2212 622 2280 νηκτικόν.
655 2209 886 2279 Plinius,
934 2213 1029 2268 lib.
1066 2230 1239 2278 xxx",
1270 2230 1392 2286 cap.
1427 2217 1489 2270 11
1525 2235 1537 2270 :
1571 2215 1690 2270 lam

106 2284 395 2363 caniculae,
436 2301 748 2366 dromones,
782 2311 1043 2368 cornum,
1090 2305 1275 2376 gladii,
1331 2321 1497 2361 Sarrae
1545 2322 1694 2361 com-

106 2407 419 2462 munesque
453 2394 612 2457 mari,
645 2402 824 2461 terra},
877 2399 1026 2450 amni
1061 2398 1454 2469 hippopotami,
1503 2413 1692 2455 croco—

106 2481 210 2536 ὁ.Ιὶ
242 2502 256 2538 :
290 2492 342 2539 et
373 2486 515 2539 amni
549 2494 785 2552 tantum,
822 2504 886 2543 ac
918 2489 1077 2552 mari,
1101 2490 1333 2561 thymni,
1359 2490 1689 2561 thymnides,

107 2574 292 2639 silari,
342 2577 605 2642 coracini,
655 2595 868 2649 percae;
923 2589 976 2636 et
1009 2581 1104 2636 lib.
1163 2597 1239 2647 ix,
1272 2598 1392 2652 cap.
1425 2584 1480 2650 5,
1515 2585 1582 2640 de
1609 2587 1692 2639 In-

105 2665 221 2721 dici
266 2668 434 2722 maris
477 2667 671 2725 belluis
705 2685 1012 2725 sermonem
1037 2672 1242 2728 habens
1272 2692 1284 2726 :
1315 2671 1547 2740 Exeunt,
1593 2677 1688 2741 ait,

102 2767 159 2811 et
191 2759 367 2826 pecori
391 2760 592 2815 similes
629 2762 816 2818 bellum
855 2762 926 2816 ibi
954 2765 1008 2817 in
1042 2773 1259 2828 terram,
1293 2775 1557 2836 pasta’que
1596 2785 1690 2822 ra-

106 2852 256 2905 dices
283 2852 549 2920 fructuum
583 2866 836 2920 remeant,
861 2866 910 2910 et
939 2859 1180 2927 quautam
1209 2874 1480 2926 equorum,
1510 2862 1690 2915 asino-

107 2961 254 3008 rum,
284 2956 559 3000 taurorum
581 2947 840 3017 capitibus
863 2966 980 3019 qua:
1006 2951 1361 3020 depascuntur
1388 2963 1530 3010 sata.
1553 2953 1688 3010 Vide

108 3037 351 3094 Plinium
386 3041 480 3095 lib.
513 3058 591 3103 ιχ,
630 3058 749 3113 cap.
784 3043 870 3109 19,
901 3051 954 3098 et
982 3059 1103 3114 cap.
1139 3045 1228 3112 57,
1258 3053 1312 3100 et
1342 3046 1683 3112 Athenaeum,

1805 529 1872 582 τὰ
1892 527 2141 598 ἀγελαῖα,
2166 530 2232 583 τὰ
2252 525 2569 606 σποραδικά,
2596 529 2666 583 τὰ
2694 531 2854 602 κήτη,
2882 529 2951 583 τά
2980 528 3280 602 ὑπέρογκα,
3305 528 3379 583 τὰ

1802 620 2104 675 λεπτότατα
2152 621 2261 674 τῶν
2311 617 2528 692 ἰχθύων.
2560 621 2639 693 Τῇ
2677 621 2783 694 γὰρ
2817 622 2953 693 αὐτῇ
2999 620 3224 692 δυνάμει
3277 618 3378 674 καὶ

1802 713 1878 785 τῷ
1905 714 2003 786 ἴσῳ
2036 714 2414 785 προστάγματι
2442 716 2502 768 τό
2532 732 2589 768 τε
2622 715 2766 787 μέγα
2817 717 2912 769 καὶ
2941 715 3002 767 τὸ
3051 714 3244 787 μικρὸν
3279 731 3374 785 με-

1801 805 2130 876 ταλαγχάνει
2161 806 2252 858 τοῦ
2281 801 2436 859 εἶναι.

1873 896 2034 961 lbid.,
2061 898 2156 953 lin.
2191 896 2282 952 27.
2320 898 2395 952 Τὰ
2418 897 2690 968 ἀγελαῖα,
2725 897 2798 952 τὰ
2828 895 3184 967 σποραδικά.
3220 895 3374 952 Cice-

1802 1005 1885 1054 ro,
1946 989 2162 1044 Tuscul.
2189 1006 2243 1052 v,
2284 989 2620 1061 Congregata
2645 983 2716 1045 ἐι
2750 990 3012 1059 solivaga.
3049 988 3370 1044 Theodorus

1802 1079 1969 1145 Gaza,
2003 1079 2256 1150 Gregalia
2302 1089 2356 1136 et
2390 1080 2660 1148 incivilia;
2692 1096 2820 1136 nam
2849 1091 2903 1136 et
2925 1081 3250 1137 Aristoteles
3279 1082 3372 1136 do-

1803 1178 1889 1225 cet
1951 1185 1967 1223 ι
2003 1170 2078 1224 De
2100 1170 2224 1224 hist.
2249 1172 2438 1236 anim.,
2484 1185 2603 1241 cap.
2639 1173 2691 1238 1,
2714 1188 2778 1228 ex
2815 1173 3146 1244 gregalibus,
3179 1187 3371 1243 quem-

1803 1261 2096 1316 admodum
2142 1272 2195 1316 et
2224 1277 2292 1316 ex
2352 1261 2613 1318 solitariis
2659 1264 2908 1334 quaedam
2945 1279 3067 1321 esse
3093 1265 3365 1331 πολιτικά,

1803 1353 2005 1421 civilia,
2034 1355 2280 1424 quaedam
2307 1357 2629 1427 σποραδικά.

1869 1464 2029 1530 lbid.,
2063 1466 2157 1520 lin.
2191 1467 2283 1521 ‘28.
2324 1469 2686 1540 Συγγένειαν
2717 1473 2864 1540 πρὸς
2893 1473 2958 1526 τὸ
2992 1472 3168 1541 ὕδωρ.
3212 1471 3368 1528 Basi-

1803 1555 1926 1622 lius,
1961 1557 2110 1611 hom.
2143 1557 2174 1610 7
2203 1577 2216 1612 :
2248 1558 2617 1630 Ἐξαγαγέτω
2652 1563 2724 1617 τὰ
2742 1562 2949 1617 ὕδατα.
2980 1562 3236 1631 Ἐξείξεσι
3265 1565 3366 1636 τὴν

1800 1646 2033 1717 φυσικὴν
2059 1646 2168 1700 τῶν
2195 1649 2407 1722 νηκτῶν
2435 1649 2570 1722 πρὸς
2597 1651 2658 1705 τὸ
2697 1648 2840 1724 ὕδωρ
2887 1653 3206 1723 συγγένειαν
3238 1671 3253 1685 ⁶
3284 1655 3368 1708 διὸ

1801 1736 1996 1807 μικρὸν
2025 1739 2074 1790 οἱ
2104 1738 2282 1810 ἰχθύες
2301 1741 2662 1813 χωρισθέντες
2694 1741 2788 1796 τοῦ
2816 1739 3003 1807 ὓδατος
3029 1743 3366 1816 διαφθείρον-

1797 1849 1909 1885 ται.
1943 1831 2078 1886 Οὐδὲ
2107 1833 2217 1904 γὰρ
2257 1833 2472 1906 ἔχουσιν
2516 1837 2812 1909 ἀναπνοὴν,
2869 1836 3009 1901 ὥστε
3048 1836 3227 1892 ἕλκειν
3271 1839 3364 1891 τὸν

1797 1922 1935 1995 ἀέρα
1966 1923 2156 1978 τοῦτον
2191 1941 2206 1956 ο
2239 1926 2355 1979 ἀλλ’
2397 1929 2538 2000 ὅπερ
2574 1927 2687 1992 τοῖς
2733 1931 3008 2001 χερσαίοις
3047 1931 3195 1985 ἐστὶν
3233 1931 3362 2004 ἀὴρ,

1796 2012 1954 2066 τοῦτο
1974 2013 2053 2084 τῷ
2083 2014 2280 2087 πλωτῷ
2313 2018 2460 2086 γένει
2499 2019 2560 2072 τὸ
2590 2018 2751 2092 ὕδωρ.

1865 2125 2026 2191 lbid.,
2053 2128 2152 2182 lin.
2193 2129 2282 2183 50.
2325 2131 2389 2184 Ἠ
2411 2131 2522 2200 γὰρ
2549 2133 2666 2186 τῶν
2687 2133 3047 2203 ,ϐραγ-χείων.
3103 2132 3360 2199 Basilius.

1797 2217 1943 2272 hom.
1975 2218 2006 2270 7
2038 2238 2048 2272 :
2084 2221 2246 2291 Καὶή
2288 2221 2437 2276 αίτία
2476 2222 2630 2295 δήλη,
2667 2225 2747 2278 ὅτι
2769 2227 2902 2296 ⁴ἡμῖν
2941 2227 2970 2278 ὁ
2994 2226 3247 2298 πνεύμων
3274 2226 3364 2297 ἔγ-

1796 2323 1972 2361 κειται
1999 2309 2190 2380 ἀραιὸν
2218 2312 2310 2365 καὶ
2343 2312 2647 2385 πολύπορον
2695 2314 3021 2386 σπλάγχνον,
3070 2315 3099 2369 δ
3138 2316 3226 2370 διὰ
3261 2317 3360 2388 τῆς

1794 2397 1889 2452 τοῦ
1925 2397 2173 2469 Θώρακος
2207 2402 2491 2475 υιαστολῆς
2535 2404 2627 2458 τὸν
2680 2406 2820 2476 ἀέρα
2847 2405 3154 2478 δεχόμενον,
3185 2409 3247 2462 τὸ
3275 2407 3360 2461 ἑν-

1793 2489 1882 2542 δον
1904 2491 2060 2562 ἡμῶν
2092 2492 2293 2563 θερμὸν
2327 2493 2680 2566 διαρῤιπίξει,
2726 2500 2820 2551 καὶ
2851 2498 3140 2570 ἀναψύχει.
3186 2500 3360 2554 Ἐκεί-

1795 2600 1905 2647 νοις
1928 2583 1984 2637 δὲ
2010 2587 2043 2656 ή
2080 2585 2187 2638 τῶν
2216 2585 2486 2660 βραγχίων
2506 2589 2754 2662 διαστολὴ
2776 2591 2871 2644 καὶ¹
2900 2593 3185 2658 ἐπίπτυξις
3207 2596 3360 2666 δεχο-

1798 2675 1973 2746 μένων
1995 2677 2055 2730 τὸ
2076 2676 2221 2750 ὕδωρ
2253 2681 2346 2733 καὶ
2381 2680 2622 2736 διῖέντων
2657 2683 2746 2736 τὸν
2769 2684 2869 2754 τῆς
2897 2685 3171 2756 ἀναπνοῆς
3199 2684 3359 2755 λόγον

1792 2767 2117 2840 ἀναπληροῖ.
2165 2768 2280 2826 Hoc
2301 2771 2440 2825 idem
2463 2775 2629 2829 sentit
2649 2774 2992 2842 Aristoteles,
3022 2791 3081 2830 ιιι
3105 2775 3186 2831 De
3211 2766 3355 2856 part,

1794 2853 1994 2918 anim.,
2028 2869 2150 2924 cap.
2201 2854 2256 2922 6,
2303 2855 2431 2910 dum
2470 2859 2566 2927 ait,
2613 2859 2846 2930 piscium
2888 2859 3099 2914 nullum
3160 2853 3362 2916 habere

1792 2945 2130 3016 pulmonem,
2172 2948 2268 3003 sed
2323 2963 2422 3018 pro
2466 2965 2532 3005 eo
2583 2950 2878 3006 branchias
2911 2951 3192 3019 obtinere;
3217 2966 3360 3022 aqua

1791 3035 1936 3090 enim
1959 3037 2139 3106 pisces
2158 3038 2570 3109 refrigerantur,
2605 3049 2667 3096 ut
2714 3057 2839 3096 aere
2873 3058 2996 3113 quae
3035 3044 3266 3113 spirant.
3294 3044 3360 3098 Et

102 3132 203 3188 lib.
240 3145 362 3196 vni,
380 3149 503 3204 pag.
535 3134 662 3188 248.
695 3133 1055 3202 Onesicritus,
1091 3138 1235 3208 apud
1261 3137 1606 3205 Strabonem,
1633 3156 1683 3197 c.
1714 3176 1760 3236 Ο
1789 3124 1888 3228 ΠΡ·
1913 3141 1986 3190 ιν»
2019 3141 2142 3236 ξίΨ·
2176 3128 2229 3232 ξ»
2257 3129 2440 3234 Ρῖεοῗξ
2463 3131 2718 3236 Ριξῖωιοηθ
2732 3147 2941 3236 famis:
2977 3141 3030 3188 θῐ
3061 3134 3359 3236 branchias
3421 3185 3430 3196 .

105 3224 199 3289 15,
231 3233 421 3279 narrat
449 3227 599 3280 circa
627 3225 1006 3297 Taprobanem
1023 3228 1187 3284 ludia:
1212 3231 1420 3287 belluas
1445 3233 1674 3288 marina:

1799 3216 1913 3272 vice
1943 3218 2220 3287 pulmonis
2255 3223 2464 3276 sortiri.
2499 3223 2846 3292 Ambrosius,
2871 3226 2966 3282 lib.
3009 3244 3042 3282 v
3076 3216 3357 3296 Remane,

106 3316 384 3384 ancipites
413 3317 536 3371 vitae
563 3318 735 3382 nasci,
764 3319 900 3373 alias
921 3319 1096 3374 bobus
1119 3320 1342 3386 similes,
1361 3321 1495 3378 alias
1509 3323 1682 3392 equis,

103 3406 249 3462 alias
268 3409 436 3463 variis
452 3409 776 3465 animalibus
807 3411 1179 3467 terrestribus.
1204 3413 1358 3483 Κήτη
1373 3413 1429 3465 δὲ
1451 3414 1686 3484 ἀμφίϐια

100 3501 237 3570 περὶ
257 3500 422 3571 αὐτὴν
434 3501 698 3568 γίνεσθαι,
710 3502 779 3555 τὰ
799 3504 894 3573 μὲν
911 3504 1081 3574 βουσὶ,
1096 3504 1163 3558 τὰ
1173 3503 1215 3556 δ’
1237 3505 1442 3570 ἵπποις,
1461 3505 1528 3559 τὰ
1545 3505 1589 3558 δ’
1602 3507 1688 3562 ἀλ-

103 3590 220 3653 λοις
236 3591 509 3661 χερσαίοις
543 3595 776 3649 ἐοικότα.
804 3596 1130 3652 Ambrosius
1162 3598 1288 3651 item
1324 3597 1418 3652 lib.
1456 3614 1490 3651 ν
1519 3597 1628 3654 ilex
1665 3618 1677 3654 :

100 3679 252 3744 Quin
295 3680 456 3732 etiam
504 3697 622 3735 cum
674 3683 920 3754 pleraque
971 3686 1124 3754 pedes
1173 3685 1416 3751 habeant,
1469 3697 1517 3740 et
1565 3704 1684 3741 am—

101 3773 328 3826 bulandi
350 3791 523 3839 usum,
543 3792 601 3829 eo
615 3776 754 3846 quod
774 3780 878 3832 sint
897 3779 1180 3847 amp/tibia,
1197 3797 1313 3849 qua:
1337 3780 1412 3834 vel
1440 3781 1494 3834 in
1511 3782 1682 3850 aquis,

101 3865 182 3918 vel
206 3867 266 3918 in
296 3875 440 3920 terra
462 3869 656 3933 vivunt,
684 3880 794 3924 etc.
817 3869 1010 3936 Varro,
1033 3887 1087 3926 ιν
1122 3871 1200 3925 De
1231 3871 1409 3942 lingua
1456 3871 1682 3926 Latina:

103 3956 282 4011 Graeci
309 3976 372 4012 ea
404 3977 521 4029 qua:
546 3962 600 4015 in
632 3979 773 4032 aqua
798 3972 846 4016 et
868 3963 922 4016 in
953 3972 1093 4017 terra
1124 3973 1341 4034 possunt
1383 3965 1545 4018 virere
1591 3981 1683 4018 vo-

101 4058 230 4102 cant
262 4050 546 4118 amphibia.
578 4052 898 4120 Columella,
928 4055 1024 4110 lib.
1069 4071 1187 4122 vm,
1219 4071 1342 4126 cap.
1379 4054 1480 4109 l2:
1525 4054 1684 4109 Venio

102 4156 248 4194 nunc
274 4141 344 4194 ad
371 4159 460 4196 eas
503 4161 619 4198 aves
645 4162 774 4214 quas
801 4144 974 4200 Graeci
1003 4147 1295 4217 ἀμφιϐίους
1325 4157 1530 4211 vocant,
1558 4149 1683 4217 quia

102 4251 212 4289 non
251 4246 459 4290 tantum
509 4243 799 4306 terrestria,
832 4241 921 4296 sed
957 4242 1216 4312 aquatilia
1245 4259 1445 4312 quoque
1479 4241 1683 4296 deside-

97 4341 228 4384 rant
258 4330 487 4399 pabula;
519 4350 607 4387 nec
656 4336 824 4404 magis
863 4334 1020 4388 humo
1050 4352 1209 4404 quam
1237 4345 1424 4405 stagno
1465 4352 1683 4390 consue-

99 4431 231 4474 runt
257 4438 275 4474 :
299 4421 515 4492 ejusque
543 4426 744 4494 generis
777 4440 933 4479 anser
968 4427 1228 4494 praecipue
1255 4427 1468 4480 rusticis
1497 4435 1680 4495 gratus

1791 3323 1914 3378 cap.
1938 3308 1992 3375 4,
2025 3310 2149 3364 item
2198 3312 2294 3379 ait,
2320 3312 2463 3382 quod
2491 3315 2703 3370 caeteris
2731 3315 3104 3374 animantibus
3123 3327 3207 3374 est
3239 3335 3354 3385 aer,

1791 3394 1895 3451 hoc
1917 3397 2162 3467 piscibus
2214 3416 2339 3456 esse
2377 3416 2597 3470 aquam,
2642 3411 2798 3457 extra
2835 3418 2998 3473 quam
3038 3406 3220 3462 vivere
3253 3423 3354 3462 ne-

1787 3497 1995 3557 queunt
2015 3489 2159 3545 sicut
2184 3491 2480 3547 intercluso
2504 3492 2730 3563 spiritus
2763 3505 3068 3552 commeatu
3097 3498 3355 3554 animalia

1789 3580 1962 3634 emori
1987 3596 2210 3637 necesse
2233 3593 2335 3638 est.
2369 3583 2650 3653 Oppianus
2688 3586 2940 3642 Ἀλιευτ.
2977 3603 3018 3641 u
3052 3606 3067 3642 :

1849 3674 1958 3728 Kal
1988 3676 2098 3744 γὰρ
2125 3676 2222 3728 καὶ
2253 3675 2581 3731 νεπόδεσσι
2610 3679 2935 3748 παλίῤῥοος
2956 3680 3193 3736 ἕλκεται
3215 3681 3352 3750 ἀήρ.

1785 3765 1862 3821 De
1883 3769 1985 3822 hac
2025 3771 2323 3838 quaestione
2351 3765 2582 3834 Plinius,
2617 3771 2710 3825 lib.
2743 3785 2821 3839 ix,
2843 3786 2966 3842 cap.
2995 3773 3047 3839 7,
3083 3780 3137 3829 et
3157 3773 3355 3832 Cazlius

1786 3857 2152 3930 Rhodiginus,
2187 3860 2283 3914 lib.
2310 3877 2382 3927 ιν,
2407 3875 2530 3932 cap.
2568 3862 2656 3916 15.

1853 3971 2014 4037 lbid.,
2036 3974 2133 4027 lin.
2157 3975 2245 4028 55.
2267 3973 2417 4028 Οὐδὲ
2431 3978 2567 4044 παρ’
2597 3977 2801 4043 αὐτοῖς
2814 3977 2884 4042 ἐξ
2914 3980 3212 4048 ἡμισείας.
3252 3979 3356 4034 Bu-

1785 4063 1964 4130 silius,
1991 4064 2135 4120 horu.
2167 4066 2234 4118 7:
2258 4066 2422 4120 Οὐδὲν
2454 4067 2605 4140 παρὰ
2628 4071 2738 4132 τοῖς
2767 4069 2975 4140 ίχθύσιν
3009 4071 3067 4138 ἐξ
3101 4073 3356 4143 ἡμισείας

1785 4153 2054 4208 ὥπλισται
2085 4159 2197 4221 τοῖς
2226 4155 2455 4222 ὀδοῦσιν,
2487 4158 2561 4220 ὡς
2601 4159 2727 4229 βοῦς
2750 4163 2878 4229 παρ’
2909 4162 3039 4232 ἡμῖν
3091 4163 3186 4217 καί⁸
3219 4165 3354 4234 πρό-

1787 4245 1967 4300 ϐατον.
1996 4247 2136 4300 Οὐδὲ
2164 4247 2273 4318 γὰρ
2293 4249 2596 4319 μηρυκάζει
2622 4267 2674 4302 τι
2705 4252 2835 4322 παρ’
2866 4254 3068 4317 αὐτοῖς,
3093 4256 3142 4308 εί
3168 4253 3242 4328 μὴ
3263 4255 3355 4308 τὸν

1785 4339 1984 4410 σκάρον
2009 4340 2165 4410 μόνον
2212 4340 2482 4411 ἱστοροῦσί
2528 4359 2690 4406 τινες.
2737 4343 2922 4398 Πάντα
2961 4345 3018 4401 δὲ
3071 4346 3356 4412 ὀξυτάταις

1783 4431 1987 4501 ἀκμαῖς
2015 4432 2240 4486 ὀδόντων
2287 4435 2800 4500 καταπεπύκνωται,
2847 4437 2932 4489 ἴνα
2963 4437 3036 4508 μὴ
3068 4439 3134 4508 τῇ
3167 4437 3357 4508 χρονίᾳ

99 4522 204 4569 est.
254 4512 380 4569 llaec
407 4513 604 4569 Cicero
630 4519 842 4571 vocavit
881 4518 1131 4585 ancipites
1167 4517 1382 4582 bestias,
1421 4518 1516 4572 lib.
1557 4535 1574 4572 1
1609 4517 1674 4571 De

1799 4525 2020 4594 μιασήσει
2046 4527 2079 4594 ή
2099 4524 2272 4597 τροφὴ
2315 4526 2541 4600 διαῤῥέῃ
2578 4544 2591 4557 ·
2629 4527 2820 4598 ἔμελλε
2842 4527 2972 4600 γὰρ,
3008 4529 3057 4580 εἰ
3083 4527 3157 4598 μὴ
3188 4525 3355 4593 ὀξέως

101 4612 219 4656 nat.
263 4605 482 4658 deorum
520 4622 537 4658 :
567 4605 868 4660 Bestiarum
890 4617 1066 4661 autent
1100 4617 1318 4663 terrena:
1344 4616 1486 4673 _sunt
1533 4607 1677 4670 alite,

99 4697 303 4764 partim
359 4699 652 4767 aquatiles,
699 4700 823 4754 alia:
862 4701 1014 4770 quasi
1060 4701 1311 4770 ancipites
1364 4702 1416 4754 in
1461 4710 1682 4771 utraque

102 4789 228 4842 sede
269 4790 510 4845 viventes.

177 4900 341 4965 lbid.,
388 4904 485 4957 lin.
510 4905 596 4960 25.
638 4907 711 4960 Τὰ
734 4906 802 4959 δὲ
831 4905 1105 4966 ζωοτόκα.
1139 4906 1395 4973 Basilius,
1435 4906 1584 4961 hom.
1610 4907 1676 4963 7:

114 4984 493 5054 Ἐξαγαγέτω
519 4992 591 5042 τὰ
620 4990 809 5043 ὕδατα
830 4990 1066 5059 ἑρπετά.
1110 4992 1196 5044 Ἐν
1218 4990 1423 5052 τούτοις
1443 4994 1555 5054 τοῖς
1597 5008 1683 5061 μι-

101 5076 259 5146 κροῖς
291 5075 498 5145 ῥήμασι
541 5078 591 5131 τί
636 5084 890 5150 παρεῖται
924 5083 1110 5150 γένος;
1165 5081 1216 5135 τί
1267 5082 1366 5134 οὐκ
1400 5081 1683 5151 ἐμπεριεί-

102 5163 307 5236 ληπται
348 5167 425 5237 τῷ
464 5172 842 5243 προστάγματι
892 5174 993 5244 τῆς
1036 5174 1435 5245 δημιουργίας;
1493 5175 1566 5226 Οὐ
1614 5173 1683 5227 τά

102 5257 496 5326 ζωοτοκοῦντα,
532 5257 642 5316 οἷον
690 5265 891 5333 φῶκαι,
925 5268 1019 5319 καὶ
1055 5265 1315 5334 δελφῖνες,
1343 5267 1437 5318 καὶ
1459 5266 1680 5336 νάρκαι,

102 5354 198 5405 καὶ
221 5353 292 5406 τά
315 5355 477 5425 ὅμοια
503 5358 711 5423 τούτοις
731 5360 798 5413 τὰ
827 5360 1028 5431 σελάχη
1050 5360 1352 5430 λεγόμενα;
1381 5360 1440 5412 οὐ
1472 5358 1541 5412 τὰ
1583 5359 1684 5411 cbo-

99 5447 261 5510 τόκα,
295 5448 437 5522 άπερ
461 5453 576 5506 ἐστί
603 5453 780 5507 πάντα
810 5453 995 5524 σχεδὸν
1034 5453 1142 5506 τῶν
1176 5452 1372 5523 ἰχθύων
1409 5451 1477 5504 τὰ
1507 5453 1637 5522 γένη
1666 5467 1681 5512 ;

100 5539 202 5609 οὐχ
247 5539 349 5592 ὅσα
389 5541 674 5612 φολιδωτά,
729 5547 828 5615 οὐχ
882 5541 963 5608 οἷς
991 5546 1107 5597 ἐστι
1155 5543 1445 5615 πτερύγια,
1482 5543 1576 5595 καὶ
1602 5537 1683 5606 οἷς

105 5632 181 5700 μή
214 5632 395 5700 ἐστινς

177 5718 338 5789 lbid.,
382 5725 478 5779 lin.
533 5727 623 5781 25.
673 5731 875 5783 Μόνον
895 5728 962 5780 δὲ
995 5725 1392 5795 προσέταξεν.
1424 5724 1679 5790 Basilius,

103 5813 256 5869 hom.
283 5816 313 5867 7
349 5835 360 5871 :
397 5818 758 5889 Ἐξαγαγέτω
781 5821 851 5875 τὰ
883 5820 1072 5875 ὕδατα
1090 5818 1328 5889 ἑρπετά.
1349 5819 1435 5873 Ἐν
1470 5819 1680 5882 τούτοις

1785 4618 2234 4690 κατατεμνομένη
2255 4622 2319 4690 τῇ
2350 4620 2545 4692 γαστρὶ
2565 4621 2976 4692 παρεπέμπετο,
3005 4621 3062 4673 ὲν
3080 4623 3145 4690 τῇ
3163 4621 3359 4674 λεπτοο

1787 4711 2002 4781 ποιήσει
2040 4711 2410 4783 διαφορεῖσθαι
2466 4713 2560 4766 τοῦ
2609 4713 2818 4776 ὓδατος.
2858 4713 3185 4768 Aristoteles
3248 4712 3354 4768 hoc

1785 4799 1948 4866 idem,
1968 4815 2069 4856 nec
2095 4801 2341 4870 ejusdem
2375 4817 2598 4857 causam
2620 4803 2863 4856 eamdem
2883 4817 3006 4856 cum
3029 4803 3131 4856 hoc
3160 4809 3340 4855 nostri

1787 4900 2010 4948 auctore
2066 4892 2263 4957 reddit,
2316 4893 2412 4947 lib.
2462 4909 2521 4948 Ill
2567 4893 2638 4947 De
2668 4903 2812 4964 part.
2845 4895 3034 4956 anim.,
3091 4909 3142 4947 c.
3182 4893 3252 4948 l:
3290 4894 3332 4946 Ο

1784 4983 1828 5035 δ’
1854 4984 2031 5054 ἰχθύες
2058 4983 2258 5048 πάντες
2304 4986 2410 5039 είσὶ
2457 4987 2901 5058 καρχαρόδοντες,
2937 4985 3073 5056 πλὴν
3109 4987 3202 5038 τοῦ
3238 4985 3350 5048 ἐνὸς

1782 5075 1877 5129 τοῦ
1912 5076 2244 5147 καλουμένου
2281 5078 2506 5149 σκάρου.
2547 5078 2737 5131 Πολλοὶ
2764 5078 2808 5130 δ’
2834 5077 3014 5147 ἔχουσι
3041 5077 3132 5129 καὶ
3153 5077 3209 5128 ἐν
3235 5077 3355 5137 ταῖς

1785 5168 2050 5237 γλώτταις
2077 5169 2293 5232 ὀδόντας
2315 5169 2407 5223 καὶ
2441 5172 2498 5224 ὲν
2523 5171 2634 5233 τοῖς
2661 5171 2929 5242 οὐρανοῖς.
2954 5167 3154 5221 Τούτου
3191 5166 3235 5219 δ’
3267 5165 3354 5219 αῖ-

1785 5277 1897 5313 τιον
1926 5261 2007 5314 ὅτι
2034 5261 2326 5329 ἀναγκαῖον
2355 5263 2413 5316 ὲν
2450 5263 2634 5334 ὑγροῖς
2662 5257 2780 5315 οὖσι
2822 5253 3269 5332 παρεισδέχεσθαι
3293 5257 3352 5311 τὰ

1787 5351 1950 5422 ὑγρὸν
1978 5353 2094 5424 ἅμα
2124 5357 2190 5426 τῇ
2232 5357 2428 5426 τροφῇ,
2475 5355 2568 5407 καὶ
2594 5352 2752 5406 τοῦτο
2783 5352 2993 5424 ταχέως
3025 5350 3355 5422 ἐκπέμπειν.

1787 5445 1860 5497 Οὐ
1912 5445 2020 5517 γὰρ
2063 5446 2333 5516 ἐνδέχεται
2392 5445 2700 5509 λεαίνοντας
2753 5444 3046 5514 διατρίϐειν
3085 5459 3098 5471 ·
3152 5441 3356 5513 είσρέει

1786 5535 1894 5607 γὰρ
1925 5535 1986 5588 τὸ
2017 5536 2180 5608 ὑγρὸν
2227 5539 2284 5590 ὲν
2331 5540 2397 5607 τῇ
2447 5536 2625 5608 κοιλίᾳ
2655 5555 2668 5566 ·
2691 5536 2779 5591 διὰ
2804 5534 2961 5588 τοῦτο
2989 5535 3191 5596 πάντες
3215 5533 3354 5586 εἰσὶν

1786 5629 1925 5694 ὀξεῖς
1950 5631 2084 5701 πρὸς
2101 5631 2198 5700 τὴν
2230 5629 2490 5702 διαίρεσιν
2515 5647 2527 5660 '
2562 5631 2720 5684 πάλιν
2754 5631 2850 5684 καὶ
2881 5616 3084 5694 πολλοὶ,
3105 5629 3200 5683 καὶ
3226 5627 3356 5682 πολ-

1787 5724 1946 5795 λαχῆ,
1972 5727 2056 5778 ἵνα
2086 5725 2205 5778 ἀντὶ
2230 5726 2326 5778 τοῦ
2353 5723 2585 5780 λεαίνειν
2600 5728 2678 5791 είς
2697 5724 2864 5779 πολλὰ
2889 5724 3258 5796 κερματίζωσι
3277 5723 3356 5793 τῷ

1790 5813 1998 5885 πλήθει.
2039 5814 2074 5865 Γ
2077 5813 2245 5885 αμψοὶ
2282 5813 2338 5867 δὲ
2367 5816 2454 5870 διὰ
2487 5815 2546 5871 τὸ
2576 5817 2672 5870 τὴν
2708 5817 2876 5884 ἀλκὴν
2912 5816 3094 5882 σχεδὸν
3134 5813 3350 5868 ἃπασαν
