3810 6168
460 338 562 395 879

460 565 560 607 sua
586 549 656 605 ab
676 548 970 605 Aristotele
1000 553 1302 610 mutuatus,
1328 540 1576 599 in‘causa
1599 548 1784 596 tamen
1808 538 2028 595 traden-

460 644 527 699 da
545 643 614 699 ab
634 658 701 699 eo
724 642 1020 712 discrepat,
1037 638 1290 695 convenit
1309 651 1434 692 cum
1455 634 1770 691 Eustathio.
1797 632 2036 687 Piscium

459 736 699 791 omnibus
726 734 941 800 serrati,
964 741 1156 801 praeter
1176 745 1390 785 scarum
1410 744 1429 781 :
1451 727 1573 782 huic
1594 727 1688 780 uni
1715 724 2036 796 aquatilium

457 828 624 898 plani.
652 827 912 885 Caeterum
931 825 1113 880 multis
1134 841 1315 879 eorum
1345 825 1401 878 in
1424 823 1626 893 lingua,
1643 829 1694 875 et
1728 828 1838 874 toto
1861 834 1949 872 ore
1977 826 2036 871 ut

461 920 618 975 turba
661 919 937 974 vulnerum
972 917 1241 984 molliant,
1273 933 1392 988 qua:
1440 914 1633 969 attritu
1664 913 1901 983 subigere
1930 926 2036 964 non

457 1022 670 1086 queant.
699 1009 888 1065 Multis
912 1018 961 1063 et
1002 1011 1057 1064 in
1098 1009 1305 1079 palato,
1347 1018 1503 1077 atque
1533 1007 1696 1061 etiam
1746 1004 1802 1058 in
1837 1001 2030 1057 cauda.

457 1106 727 1162 Prteterea
747 1105 801 1158 in
835 1121 892 1158 os
916 1112 1197 1175 vergentes,
1216 1118 1278 1156 ne
1305 1099 1555 1155 excidant
1581 1098 1668 1152 ubi
1698 1095 1908 1152 nullum
1937 1095 2035 1149 ha-

458 1194 695 1250 bentibus
730 1192 994 1248 retinendi
1024 1191 1432 1247 adminiculum.

525 1374 687 1441 Ibid.,
713 1374 810 1429 lin.
838 1374 927 1428 57.
961 1367 1301 1440 Μηρυκάζει
1330 1366 1399 1421 δὲ
1431 1365 1612 1421 οὐδὲν
1649 1364 1824 1421 ἄλλο.
1876 1363 2032 1420 Basi-

454 1468 583 1534 lius,
614 1466 763 1522 bom.
799 1465 852 1529 7,
877 1464 1107 1518 Aristot.
1142 1478 1177 1516 ιι
1206 1459 1280 1515 De
1311 1460 1437 1513 hist.
1466 1458 1657 1516 anim..
1702 1471 1824 1527 cap.
1864 1456 1952 1520 l7,
1979 1465 2034 1509 et

452 1563 552 1618 lib.
577 1578 695 1629 VIII,
728 1575 851 1631 cap.
886 1558 942 1613 2.
968 1557 1136 1619 Idem,
1168 1572 1227 1611 ιιι
1260 1554 1338 1610 De
1359 1564 1498 1622 part.
1531 1554 1779 1614 animal.,
1814 1564 1937 1621 cap.
1963 1550 2031 1605 M

454 1665 511 1711 et
533 1655 682 1711 alibi.
711 1652 945 1717 Plinius,
976 1650 1070 1705 lib.
1105 1666 1180 1715 IX,
1208 1664 1328 1719 cap.
1357 1649 1419 1701 l7
1460 1666 1471 1702 :
1504 1645 1664 1701 Solus
1695 1645 1922 1714 piscium
1948 1643 2034 1699 di-
2066 1693 2073 1709 ,

453 1750 593 1803 citur
631 1746 919 1811 ruminare,
954 1742 1227 1813 herbisque
1267 1742 1423 1807 vesci,
1458 1757 1563 1794 non
1612 1739 1735 1792 aliis
1774 1737 2028 1807 piscibus,

453 1840 592 1894 mari
612 1836 902 1907 Carpathio
926 1835 1154 1889 maxime
1182 1833 1448 1904 frequens.
1480 1831 1595 1888 Etsi
1627 1830 1807 1887 llorus
1833 1830 2028 1902 Apollo
2060 1824 2102 1879 Β

453 1928 865 1993 aliter'scntiat,
913 1926 990 1982 ait
1028 1928 1177 1982 enim
1232 1927 1378 1980 hunc
1429 1939 1620 1981 omnes
1667 1933 2028 1980 occursantes

450 2023 750 2097 pisciculos
802 2020 1081 2075 devorare.
1131 2014 1299 2083 υῦτος
1350 2018 1458 2091 γὰρ
1493 2020 1653 2091 μόνος
1682 2017 1791 2072 τῶν
1828 2016 2029 2089 ἰχθύων

454 2117 768 2190 μηρυκᾶται
826 2115 922 2168 καὶ
974 2115 1152 2168 πάντα
1212 2112 1281 2167 τὰ
1342 2112 1751 2182 προσπίπτοντα
1807 2110 2019 2181 ἰχθύδια

452 2212 641 2266 ἐσθίει.
664 2208 802 2265 Vide
834 2207 1115 2263 Elianum
1134 2205 1209 2261 De
1226 2206 1414 2263 histor.
1454 2207 1644 2271 anim.,
1678 2206 1774 2259 lib.
1813 2220 1853 2273 ι,
1885 2220 1935 2259 c.
1969 2202 2026 2270 2,

449 2304 548 2362 lib.
604 2319 666 2366 ιι,
720 2316 842 2372 cap.
879 2300 972 2364 54.
1017 2299 1116 2355 lib.
1164 2310 1264 2365 xu,
1325 2313 1447 2370 cap.
1498 2298 1604 2366 42;
1675 2297 2028 2353 Ambrosium

456 2397 710 2454 Hexaem.
753 2394 850 2449 lib.
898 2408 955 2458 v,
990 2407 1110 2462 cap.
1136 2392 1204 2456 5;
1250 2391 1566 2446 Athenazum
1617 2390 1711 2446 lib.
1762 2406 1875 2457 vu;
1916 2388 2030 2443 Ma-

450 2489 722 2553 crobium,
779 2501 840 2541 ιιι
874 2483 1121 2548 Saturn.,
1171 2497 1293 2553 cap.
1337 2482 1439 2549 16;
1496 2480 1741 2538 Isidorus
1784 2482 1883 2537 lib.
1925 2496 2025 2545 xu,

449 2600 570 2655 cap.
590 2583 645 2649 6,
661 2595 913 2639 escarum
932 2588 1089 2635 vocat
1106 2576 1386 2641 :Escarus,
1407 2574 1605 2645 inquit,
1624 2573 1796 2629 dictus
1812 2590 1872 2627 eo
1889 2572 2029 2644 quod

450 2678 595 2733 solus
625 2692 799 2730 escam
844 2674 1114 2727 ruminare
1150 2668 1469 2739 perhibetur.
1505 2666 1741 2737 Denique
1793 2666 1893 2719 alii
1937 2665 2026 2735 pi-

450 2787 562 2825 sces
593 2785 695 2822 non
716 2769 1006 2821 ruminant.
1040 2763 1187 2819 Idem
1241 2771 1424 2816 tamen
1460 2759 1708 2816 scribunt
1754 2757 1926 2814 Arist.
1970 2772 2028 2812 Ix

449 2860 597 2915 Hist.
626 2860 816 2920 anim,
852 2872 975 2927 cap.
1009 2855 1135 2917 ult.,
1165 2855 1234 2910 de
1258 2856 1495 2924 quodam
1526 2851 1697 2923 pisce,
1725 2851 1817 2921 qui
1849 2850 2027 2923 μήρυξ

448 2959 699 3016 vocatur,
728 2949 823 3021 qui
850 2963 919 3002 an
943 2962 1087 3003 unus
1128 2960 1254 2999 cum
1283 2959 1445 3000 scaro
1480 2958 1591 2998 non
1629 2948 1715 2998 est
1742 2941 2027 3012 praesentis

448 3045 673 3117 negotii.
725 3041 861 3097 Illud
901 3056 1036 3097 sane
1081 3038 1376 3094 ridiculum
1429 3043 1534 3100 est,
1564 3050 1594 3090 a
1627 3033 2024 3098 Rittershusio,

448 3152 659 3194 murem
676 3135 954 3207 ponticum
966 3134 1110 3188 inter
1128 3132 1310 3203 pisces
1327 3128 1679 3186 adnumerari
1690 3129 1837 3185 notis
1855 3128 1913 3184 in
1925 3128 2027 3199 0p-
2053 3166 2097 3227 α

449 3229 598 3301 pian.
627 3228 871 3283 Ἁλιευτ.
890 3226 929 3279 1.
948 3241 986 3290 ι,
1012 3239 1157 3279 vers.
1178 3224 1279 3277 154
1301 3266 1315 3289 ,
1338 3221 1650 3278 Aristotelis
1679 3221 1861 3278 verbis
1886 3222 2030 3277 male

450 3322 742 3381 intellectis
767 3321 1014 3391 decepto.
1038 3317 1193 3373 Dicto
1214 3317 1359 3373 enim
1402 3316 1523 3371 loco
1561 3314 1635 3369 ait
1677 3313 2030 3369 Aristoteles:

449 3425 738 3490 postquam
784 3413 1239 3469 determinaverat
1272 3407 1561 3474 animalia,
1592 3422 1713 3478 qua:
1752 3406 2035 3477 superiore

448 3507 643 3562 ordine
710 3504 956 3561 dentium
1011 3510 1235 3568 carent,
1272 3500 1551 3555 ruminare
1575 3506 1634 3553 ut
1671 3498 1858 3563 boves,
1880 3513 2032 3565 oves,

446 3612 628 3669 caprae
687 3603 742 3653 et
801 3596 928 3661 alia,
956 3592 1185 3649 dubium
1238 3590 1420 3646 adhuc
1473 3590 1810 3656 remanebat,
1858 3604 1929 3644 an
1966 3604 2033 3646 ex

446 3691 687 3748 dentatis
729 3690 988 3759 utrinque
1010 3687 1082 3743 sit
1114 3685 1319 3742 animal
1364 3684 1587 3755 aliquod
1628 3684 1937 3748 ruminans,
1981 3692 2037 3739 et

448 3779 831 3853 respondendo
858 3780 934 3833 ait
957 3792 1079 3835 esse
1100 3775 1387 3841 nonnulla,
1413 3783 1473 3831 ut
1497 3790 1682 3831 mures
1716 3773 1957 3840 Pontici,
1981 3783 2036 3831 et

449 3876 651 3947 pisces,
690 3881 745 3929 et
795 3873 888 3945 qui
921 3873 993 3928 ob
1036 3887 1156 3928 eam
1210 3886 1326 3927 rem
1374 3868 1664 3925 ruminalis
1718 3883 1750 3922 a
1803 3868 2034 3939 quibus-

450 3968 575 4022 dam
611 3964 932 4036 appellatur.
966 3962 1044 4019 Ita
1075 3963 1220 4018 enim
1252 3962 1408 4017 locus
1447 3961 1538 4015 ille
1570 3958 1868 4015 vertendus
1892 3966 2032 4026 erat,

449 4057 843 4133 Μηρυκάζουσι
862 4057 918 4111 δὲ
941 4058 1034 4111 καὶ
1059 4055 1165 4109 τῶν
1197 4054 1547 4127 ἀμφοδόντων
1576 4053 1714 4119 ἔνια,
1733 4054 1786 4107 οἵ
1815 4070 1875 4106 τε
1903 4052 2035 4124 μύες

448 4154 497 4205 οἱ
524 4150 796 4216 Ποντικοί,
821 4151 915 4204 καὶ
945 4150 996 4202 οἱ
1035 4149 1235 4221 ἰχθύες,
1266 4148 1361 4201 καὶ
1385 4146 1444 4201 ὂν
1478 4146 1732 4201 καλοῦσιν
1768 4146 1899 4199 ἔνιοι
1928 4146 2036 4200 ἀπὸ

449 4241 542 4297 τοῦ
572 4241 733 4313 ἔργον
758 4238 1163 4313 Μήρυκα.ριιω
1189 4238 1376 4302 verba,
1404 4235 1658 4307 quamvis
1684 4236 1760 4290 ita
1785 4235 2037 4307 legantur

450 4336 520 4390 ab
555 4334 833 4399 omnibus,
879 4340 1139 4403 corrupta
1171 4345 1295 4386 csse
1326 4328 1553 4384 minime
1592 4326 1914 4391 dubitarim,
1948 4325 2033 4380 vel

449 4436 599 4485 certe
628 4425 939 4508 Aristotelis
979 4423 1219 4479 maxima
1244 4418 1745 4490 deprehenderetur
1789 4418 2030 4488 inscitia.

1795 327 1975 385 LEON
1981 327 2041 384 IS
2078 324 2355 383 ALLATII

462 459 643 522 αὐτοῖς
671 454 760 511 διὰ
780 454 984 510 τούτων
1017 448 1175 509 εἶναι.
1227 451 1460 533 Plinius,
1505 449 1601 505 lib.
1650 463 1730 512 xl,
1762 462 1886 519 cap.
1933 447 2025 510 57,

2143 451 2310 499 autem
2359 441 2432 497 sit
2471 440 2576 496 hoc
2621 436 2959 513 μηρυκάζειν
3008 435 3208 508 optime
3248 432 3484 504 explicat
3520 430 3773 504 0ppia~_

3622 316 3737 374 880

2136 552 2265 602 nus,
2314 535 2633 590 Ἁλιευτικ.
2667 552 2680 589 ι
2721 552 2736 587 :

2136 652 2246 708 Kal
2295 649 2551 723 σκάρον,
2597 652 2666 719 ὃς
2722 650 2799 719 δὴ
2838 645 3067 718 μοῦνος
3111 645 3181 699 ἐν
3225 639 3732 795 ισχθύῖᾶνάέίὲιὲἒέ

3633 728 3731 775 ou;

2137 803 2453 874 Φθέγγεται
2503 793 2796 868 larualem“
2846 786 3147 857 λαλαγὴν,
3182 783 3283 839 καὶ
3327 782 3555 855 μοῦνος
3568 782 3731 923 [ἐςδὶῗέ-

2139 946 2446 1015 Ἀψορῤον
2499 939 2783 1015 προΐησιν
2825 930 2944 1015 (ira
2988 928 3183 1015 0'th
3202 918 3730 1015 regioregio-ludia;-

2134 992 2825 1086 Abiﬁﬁééogﬁmabww
2845 992 3168 1059 ἀναπτύὠν
3201 998 3307 1051 ἶσα
3330 992 3577 1066 φορϐὴν.

2136 1108 2203 1163 Ει
2236 1084 2491 1162 Ᾱίίίοιιιιε
2530 1099 2699 1158 Suida
2731 1099 2957 1161 eitante,
2988 1094 3163 1156 Μόνος
3197 1091 3227 1142 ὁ
3264 1088 3552 1150 θαλάσσιος
3589 1084 3729 1140 σκά-

2139 1217 2231 1272 ρος
2264 1198 2361 1270 τὴν
2388 1193 2593 1269 τροφὴν
2627 1189 2887 1246 ἀναπολεϊ
2942 1186 3130 1256 ὥσπερ
3181 1182 3276 1236 καὶ
3314 1179 3382 1233 τὰ
3429 1178 3729 1250 βλήχοντα,

2134 1293 2171 1348 ἃ
2202 1292 2267 1363 δὴ
2290 1291 2627 1364 μηρυκᾶται.
2646 1284 2823 1352 Hujus
2845 1280 3088 1338 nominis
3115 1275 3458 1349 ignoratione
3481 1273 3732 1326 maxime

2135 1386 2505 1441 hallucinatus
2524 1388 2610 1438 est
2636 1378 2828 1436 Billius
2843 1377 2899 1431 in
2913 1373 3164 1432 versione
3186 1371 3402 1426 illorum
3430 1365 3731 1423 verborum

2136 1477 2328 1536 Isidori
2360 1476 2651 1532 Pelusiota:
2697 1472 2822 1528 libr.
2856 1485 2921 1536 ιι,
2952 1467 3114 1539 epist.
3150 1464 3252 1519 H9
3274 1461 3423 1518 εΤῶν
3457 1458 3620 1524 ζώων
3657 1457 3735 1511 τὰ

2138 1573 2235 1644 μὲν
2267 1567 2694 1643 διαμοσὼμενα
2733 1565 2833 1636 τὴν
2866 1560 3076 1633 τροφὴν
3106 1557 3391 1623 ζωοτοκεϊ,
3423 1552 3494 1606 τὰ
3524 1551 3594 1605 δὲ
3628 1568 3733 1605 κα.-

2132 1664 2425 1720 ταπίνοντα
2458 1660 2702 1716 ὡοτοκεῖ.
2740 1654 2834 1712 Sic
2873 1655 3021 1712 enim
3068 1652 3270 1707 vertit:
3302 1647 3386 1710 Ex
3418 1646 3731 1701 animanti-

2135 1757 2230 1813 bus
2255 1773 2330 1813 ιω
2348 1760 2468 1828 quae
2500 1753 2674 1809 cibum
2705 1749 2998 1811 ruminant,
3031 1743 3290 1800 animalia
3318 1741 3578 1810 pariunt;
3605 1755 3731 1809 qua

2132 1859 2308 1906 autem
2343 1848 2546 1914 bibunt,
2572 1862 2668 1901 ova
2692 1837 3283 1914 procreant.Multiplex
3312 1832 3682 1889 ballucinatio
3711 1851 3727 1888 :

2131 1945 2318 2015 plures
2372 1942 2678 1997 animantes
2736 1942 2867 1994 sunt
2904 1933 3165 2004 viviparae
3189 1943 3351 2001 quam
3387 1940 3507 1998 qua:
3539 1924 3731 1981 rumi.

2131 2044 2285 2092 nant.
2319 2035 2379 2090 Si
2438 2048 2631 2090 omnes
2683 2044 2806 2102 qua:
2864 2028 3062 2084 bibunt
3124 2023 3429 2078 animantes
3475 2017 3732 2089 ovipara:

2132 2139 2284 2196 sunt,
2332 2137 2387 2185 et
2415 2142 2598 2184 vaccae
2644 2124 2833 2195 igitur,
2862 2128 2918 2177 et
2966 2117 3117 2190 equi,
3147 2125 3202 2171 et
3226 2129 3376 2181 oves,
3401 2119 3535 2177 etc.;
3572 2109 3727 2165 aliud

2130 2234 2216 2282 est
2241 2219 2645 2294 διαμασσᾶσθαι
2676 2216 2776 2289 τὴν
2818 2213 3051 2286 τροφήν,
3080 2208 3225 2265 aliud
3260 2201 3726 2287 μηρυκᾷνηειίιιά

2129 2317 2443 2376 masticare,
2478 2309 2628 2366 aliud
2666 2308 2969 2371 ruminare,
3002 2302 3149 2359 aliud
3195 2300 3393 2363 πίνειν,
3428 2295 3585 2353 aliud
3622 2313 3726 2349 κα-

2129 2405 2377 2462 ταπίνειν
2408 2442 2423 2466 ,
2473 2400 2610 2456 illud
2674 2399 2866 2455 bibere
2914 2378 3224 2467 signiﬁcat,
3270 2390 3376 2445 hoc
3421 2386 3721 2459 deglutire.

2131 2500 2311 2568 Quare
2345 2497 2550 2567 optime
2582 2490 2973 2549 animadvertit
3020 2489 3078 2543 in
3127 2483 3380 2541 eumdem
3413 2481 3630 2543 locum,
3667 2487 3724 2534 et

2129 2587 2293 2644 vertit
2343 2581 2757 2641 Rittershusius
2791 2577 3202 2635 :Animantium
3260 2590 3324 2629 ea
3377 2587 3492 2643 (μω
3542 2569 3723 2624 cibum

2130 2680 2437 2745 masticanl,
2463 2686 2619 2748 atque
2648 2675 3011 2731 comminuunt
3037 2670 3285 2739 viviparce
3300 2674 3443 2733 sunt,
3459 2680 3583 2735 quia
3602 2679 3721 2719 vero

2128 2772 2423 2844 deglutiunt
2471 2772 2759 2841 integrum,
2783 2767 3042 2836 oviparcc.
3070 2762 3148 2818 De
3196 2758 3571 2817 ruminatione
3602 2757 3721 2812 ani-

2129 2865 2352 2919 malium
2414 2862 2589 2917 multa
2643 2859 2925 2916 adnotavit
2979 2855 3298 2927 Hieronym.
3332 2851 3714 2916 Mercurialis,

2130 2954 2253 3009 libr.
2302 2970 2337 3009 v
2375 2952 2590 3008 Variar.
2642 2950 2945 3015 lectionum,
2995 2961 3117 3018 cap.
3166 2945 3256 3011 l5,
3298 2952 3354 3000 et
3398 2943 3584 3000 tribus
3633 2957 3721 2999 se-

2128 3051 2336 3190 (111ῗὲἒῖἱί
2378 3134 2476 3189 lin.
2535 3131 2622 3187 58.
2684 3132 2861 3185 Ἔστι
2898 3128 2967 3184 δὲ
2999 3127 3100 3183 και
3131 3129 3172 3196 ἡ
3204 3125 3417 3197 τροφή.
3449 3124 3717 3190 Basilius,

2135 3226 2283 3281 hom.
2326 3226 2357 3278 7
2385 3244 2398 3280 :
2424 3223 2614 3297 Τροφὴ
2658 3222 2717 3276 δὲ
2763 3220 2961 3292 ἰχθύων
2989 3216 3167 3284 ἄλλοις
3196 3218 3331 3289 ἄλλη
3376 3216 3524 3271 κατὰ
3565 3216 3721 3285 γένος

2136 3319 2490 3393 διωρισμένη.
2532 3318 2597 3373 Οί
2658 3317 2757 3388 μὲν
2802 3314 2912 3387 γὰρ
2942 3313 3049 3368 ἰλύῖ
3072 3313 3384 3385 τρέφονται,
3418 3310 3472 3363 οἱ
3506 3309 3573 3363 δὲ
3610 3311 3720 3372 τοῖς

2137 3412 2372 3485 φυκίοις,
2410 3410 2557 3467 ἄλλοι
2589 3410 2647 3465 δὲ
2687 3412 2809 3473 ταῖς
2840 3407 3092 3480 βοτάναις
3132 3408 3255 3471 ταῖς
3293 3402 3719 3477 ὲντρεφομέναις

2136 3506 2213 3578 τῷ
2240 3505 2390 3561 ὕδατι
2422 3502 2736 3577 ἀρκοῦνται.
2779 3500 3171 3575 Ἀλληλοφάγοι
3207 3499 3265 3554 δὲ
3292 3498 3405 3552 τῶν
3442 3496 3648 3568 ἰχθύων
3672 3495 3718 3548 oi

2136 3599 2405 3653 πλεῖστον
2429 3596 2523 3651 καὶ
2547 3596 2577 3649 ὁ
2607 3595 2928 3669 μικρότερος
2951 3594 3083 3666 παρ’
3104 3592 3335 3656 ὲκείνας
3374 3590 3586 3662 βρῶμά
3606 3591 3717 3642 ἐστι

2135 3694 2230 3748 τοῦ
2257 3692 2517 3764 μείζονος.
2541 3689 2659 3745 Κᾶν
2684 3706 2816 3743 ποτε
2841 3688 3022 3760 συμϐῇ
3044 3685 3138 3741 τὸν
3161 3684 3255 3739 τοῦ
3280 3684 3567 3747 ἐλάττονος
3590 3698 3719 3754 κρα-

2134 3786 2378 3857 τήσαντα
2436 3782 2625 3855 ἑτέρου
2673 3779 2929 3851 γενέσθαι
2987 3778 3233 3851 θήραμα,
3279 3775 3385 3829 ὑπὸ
3436 3774 3541 3847 τὴν
3597 3773 3718 3845 μίαν

2136 3877 2359 3947 ἄγονται
2413 3875 2656 3947 γαστέρα
2679 3873 2774 3929 τοῦ
2810 3872 3142 3927 τελευταίου.
3172 3869 3249 3927 De
3274 3867 3513 3940 piscium
3555 3881 3718 3939 ganeo

2136 3968 2311 4032 ribus,
2364 3965 2708 4031 diﬂ‘erentiis,
2758 3962 3211 4036 proprietatibus,
3239 3976 3303 4017 ac
3350 3961 3518 4026 cibis,
3567 3961 3719 4032 plura

2137 4057 2481 4122 Aristoteles,
2527 4054 2762 4121 Plinius,
2797 4053 3068 4120 Elianus,
3092 4052 3380 4110 Conradus
3412 4052 3717 4118 Gesnerus,

2136 4150 2377 4205 Achilles
2407 4148 2820 4213 Aldrovandus,
2851 4153 2906 4205 et
2936 4147 3051 4202 alii.

2208 4242 2371 4311 Ibid.,
2405 4244 2503 4299 lin.
2536 4242 2626 4298 42.
2674 4244 2730 4296 '0
2764 4243 2953 4314 πρίων
2981 4239 3297 4311 πτέρυγας.
3344 4237 3473 4296 Haec
3529 4240 3717 4297 eadem

2137 4336 2214 4392 ita
2240 4346 2429 4393 narrat
2460 4336 2659 4392 Petrus
2688 4334 3011 4401 Damianus,
3046 4335 3142 4390 lib.
3174 4351 3235 4399 ιι,
3267 4334 3428 4405 epist.
3458 4333 3573 4390 l8:
3602 4332 3717 4390 Ser-

2138 4444 2222 4494 ra,
2254 4429 2465 4483 marina
2496 4427 2696 4483 scilicet
2721 4426 2919 4493 bellua,
2951 4443 3070 4499 quce
3110 4443 3229 4481 cum
3259 4425 3501 4493 prolixus
3531 4424 3714 4479 habent

450 4519 734 4590 Quomodo
783 4519 928 4576 enim
978 4517 1158 4588 pisces
1211 4513 1513 4576 ruminant,
1565 4527 1690 4567 cum
1743 4511 1886 4567 inter
1936 4524 2031 4566 eos
2065 4512 2109 4567 D
2136 4537 2356 4591 ρεηηαε,
2406 4535 2530 4574 more
2559 4530 2620 4574 ut
2650 4519 2840 4575 viderit
2879 4536 3063 4574 navem
3104 4518 3475 4587 ueliﬁcantem,
3509 4518 3715 4571 alarum

450 4616 604 4672 solus
650 4627 845 4669 scarus
892 4608 948 4664 id
986 4608 1174 4663 faciat.
1208 4606 1275 4661 Et
1306 4606 1352 4661 si
1382 4607 1486 4661 iste
1519 4604 1699 4677 μήρυξ
1726 4605 1894 4676 piscis
1925 4610 2031 4669 est,

450 4722 575 4763 cum
610 4706 753 4762 inter
783 4704 964 4775 pisces
1012 4700 1330 4756 includatur
1378 4699 1582 4752 frustra
1641 4698 1697 4750 tit
1728 4696 1849 4767 ejus
1882 4710 2036 4751 men-

448 4802 559 4868 tio;
595 4799 644 4854 si
703 4813 813 4852 non
867 4794 1060 4867 piscis,
1107 4806 1280 4865 quare
1340 4792 1590 4846 muribus
1636 4789 1880 4845 Ponticis
1924 4803 2034 4843 non

450 4891 756 4961 conjunxit.
800 4887 910 4944 Sed
964 4889 1212 4945 sinamus
1268 4885 1402 4940 haec.
1430 4884 1593 4939 Certe
1629 4900 1694 4939 ex
1727 4884 1812 4940 bis
1850 4882 2033 4939 verbis

449 4999 730 5055 nunquam
762 4996 975 5036 murem
1013 4979 1302 5035 Ponticum
1334 4994 1455 5033 esse
1486 4978 1694 5048 piscem
1726 4977 2035 5048 deprehen-

448 5076 663 5140 demus,
686 5087 813 5127 cum
842 5086 967 5126 eum
997 5069 1321 5126 Aristoteles
1355 5084 1384 5122 a
1417 5069 1662 5138 piscibus
1694 5076 2029 5138 separatum,

447 5177 503 5224 et
534 5175 792 5236 tanquam
819 5164 949 5234 quid
989 5161 1265 5219 diversum
1293 5162 1362 5216 ab
1394 5161 1504 5215 illis
1535 5161 1588 5214 in
1616 5159 1857 5215 Historia
1891 5160 2035 5215 refe-

444 5266 551 5313 “at.
593 5257 865 5312 Praeterea
910 5255 1231 5310 Aristoteles
1287 5253 1412 5307 libr.
1443 5268 1540 5306 VIII
1571 5251 1650 5305 De
1682 5252 1871 5306 histor.
1915 5250 2034 5304 ani-

467 5351 605 5417 nal.,
636 5351 798 5421 capit.
837 5349 926 5412 l7,
963 5348 1154 5404 scribit
1208 5361 1418 5405 murem
1471 5344 1761 5400 Ponticum
1822 5344 2029 5409 album,

460 5440 611 5496 sicuti
633 5449 687 5496 et
708 5441 874 5511 glires
904 5440 959 5494 in
986 5438 1279 5494 arboribus
1309 5437 1564 5493 conditos
1590 5438 1807 5492 latitare
1827 5436 2026 5492 hieme.

452 5530 748 5586 Conﬁrmat
790 5531 1001 5586 Plinius
1039 5531 1165 5585 libr.
1203 5544 1322 5594 vm,
1364 5531 1534 5601 capit.
1566 5530 1671 5597 57;
1698 5536 1752 5584 et
1775 5527 2030 5584 Elianus

449 5622 527 5677 De
572 5623 757 5679 histor.
805 5621 1024 5679 animal.
1058 5623 1185 5678 libr.
1236 5639 1313 5687 vr,
1371 5622 1536 5692 capit.
1576 5622 1668 5686 41,
1706 5623 1759 5677 in
1787 5631 2029 5677 montem

448 5727 605 5767 more
640 5714 911 5768 exercitus
945 5712 1061 5765 acie
1084 5713 1354 5768 instructa
1384 5713 1650 5769 decedere
1691 5721 1883 5767 narrat
1908 5728 2031 5784 quas

450 5804 634 5859 nullus
671 5802 737 5861 de
781 5804 1048 5874 piscibus,
1077 5804 1184 5861 nisi
1228 5808 1510 5863 somnians
1538 5806 1849 5865 allirmaret.
1883 5806 2028 5875 Quid

2136 4621 2185 4667 et
2215 4614 2332 4681 ipsa
2380 4614 2668 4683 prwcincta
2707 4612 2938 4683 remigiis
2977 4610 3244 4665 contendit
3285 4610 3559 4679 veli/icore
3609 4616 3715 4679 post

2136 4722 2341 4761 nauem.
2375 4704 2479 4761 Sed
2508 4707 2596 4760 vix
2625 4721 2716 4774 per
2747 4706 3107 4777 quadraginta
3128 4703 3306 4759 stadia
3340 4704 3395 4758 in
3429 4703 3597 4774 hujus
3616 4718 3712 4757 cer-

2138 4800 2350 4852 taminis
2383 4798 2563 4853 labore
2594 4799 2882 4867 persistens
2915 4798 3115 4868 deﬁcit,
3156 4807 3205 4853 et
3240 4799 3317 4852 sic
3353 4796 3573 4866 defessa
3607 4796 3710 4851 alas
3756 4828 3757 4835 η

2136 4889 2273 4944 inter
2324 4888 2640 4944 discrimina
2693 4891 2905 4944 marina
2952 4889 3183 4958 deponit,
3213 4889 3379 4958 ﬂuctu
3424 4890 3710 4958 itaqueve-
3754 4922 3755 4933 ξ

2135 4981 2280 5036 laute
2338 4982 2696 5052 compellitur,
2726 4992 2778 5036 et
2823 4982 2891 5036 ad
2925 4982 3096 5035 locum
3125 4981 3262 5034 unde
3298 4981 3602 5051 remigrare
3623 4995 3711 5035 cato

2134 5085 2306 5145 perat,
2360 5075 2554 5129 iterum
2614 5074 2893 5129 relabitur.
2952 5072 3131 5131 Serra:
3160 5073 3331 5144 piscis
3377 5075 3637 5130 meminit
3664 5081 3711 5128 et

2135 5166 2346 5222 Plinius
2407 5167 2533 5221 libr.
2589 5181 2739 5221 x-xxu
2775 5165 2974 5220 .‘Vatur.
3007 5165 3220 5229 histor.,
3272 5165 3445 5235 capit.
3488 5166 3582 5221 Il.
3616 5163 3708 5220 Sed

2134 5259 2360 5315 dubium
2390 5267 2498 5321 est,
2531 5273 2599 5311 an
2625 5257 2692 5313 de
2721 5257 2823 5313 hoc
2852 5258 3141 5329 intelligat,
3172 5272 3299 5312 cum
3330 5273 3434 5314 nec
3466 5258 3527 5314 in
3550 5258 3708 5329 ειυιὶ-

2134 5352 2310 5407 canda
2344 5365 2511 5407 serrae
2541 5351 2712 5422 piscis
2741 5359 2943 5406 natura
2968 5352 3301 5407 conveniant
3334 5360 3620 5409 auctores.

2203 5442 2366 5507 Ibid.,
2401 5443 2500 5498 lin.
2533 5444 2619 5500 50.
2658 5443 2729 5498 Τὸ
2761 5443 2831 5498 δὲ
2878 5444 3060 5513 κῆτος
3087 5444 3119 5498 ὃ
3153 5443 3423 5500 καλεῖται
3448 5446 3588 5515 μέν.
3611 5444 3703 5499 Ba-
3738 5448 3743 5515 λ

2133 5534 2313 5599 silius,
2339 5533 2487 5587 hom.
2519 5533 2549 5587 7
2582 5552 2595 5588 :
2642 5532 2779 5586 Ἀλλ’
2805 5533 2994 5605 ἐπειδὴ
3024 5536 3139 5596 τοῖς
3164 5532 3445 5603 μεγίστοις
3468 5533 3619 5605 ὄρεσι
3637 5529 3701 5598 τῷ

2131 5627 2279 5697 ὄγκῳ
2311 5625 2403 5680 τοῦ
2446 5625 2694 5698 σώματος
2725 5624 3109 5698 παρισάζεται,
3130 5625 3239 5695 ἆγε
3266 5627 3361 5681 καὶ
3382 5629 3565 5699 νήσων
3591 5624 3699 5679 πολ-

2131 5718 2290 5782 λάκις
2338 5719 2637 5789 φαντασίαν
2689 5719 3010 5789 παρέχεται,
3048 5717 3269 5773 ἐπειδάν
3309 5735 3443 5772 ποτε
3495 5719 3591 5772 ἐπὶ
3618 5714 3697 5783 τὴν

2130 5809 2306 5882 ἄκραν
2359 5810 2681 5880 ἐπιφάνειαν
2726 5810 2820 5863 τοῦ
2852 5810 3069 5884 λῦδατος
3126 5811 3489 5883 ἀνανήχηπίιτςιι⁵
3546 5807 3695 5865 ταῦτα
3732 5832 3735 5911 4
