3810 6168
135 316 238 380 εει

1161 315 1228 370 IN
1274 315 1652 373 EUSTATHII
1677 302 2151 369 HEXAEMERON
2191 301 2417 357 NOTE.

3283 283 3388 340 882

140 438 344 509 μέντοι,
379 431 681 506 τηλικαῦτα
719 433 869 494 ὅντα,
909 431 969 484 οὐ
1006 432 1133 501 περὶ
1171 431 1365 495 ἀκτὰς,
1423 429 1544 484 οὐδὲ
1595 427 1721 499 περὶ
1751 439 1794 494 Α
1825 420 2042 492 χωρίοις
2100 417 2214 511 μεθ’
2259 417 2454 511 ἡδονῆς
2499 404 3060 511 διαθαλπόξιενονζκῇαἳ
3109 401 3242 511 ’βιρδς
3289 399 3388 511 τὴᾉν

133 499 413 598 αἰγιαλοὺς
434 499 736 594 διατρίϐει,
777 523 911 578 ἀλλά
946 524 1006 576 τὸ
1044 499 1388 576 Ἀτλαντικὸν
1425 522 1714 591 λεγόμενον
1816 515 2008 566 ἀκτῖνα
2043 510 2136 562 τοῦ
2181 510 2330 578 ἡλίου
2371 508 2473 598 τὰς
2518 507 2728 578 πτύχας
2766 499 3387 598 ὲᾳιξτοῦλδιαπξιθσαντξῑ»

131 619 372 688 πέλαγος
423 619 640 671 ἐνοικεῖ.
703 615 899 671 Petrus
945 615 1268 681 Damianus,
1300 615 1395 669 lib.
1444 630 1507 679 ιι,
1549 614 1711 684 epist.

132 711 204 766 18
235 729 250 765 :
276 708 433 766 Cetus
477 717 526 764 et
565 707 656 763 ille
700 709 939 762 marinus
970 707 1118 762 nobis
1153 709 1210 760 in
1242 707 1547 761 memoriam
1571 723 1714 760 revo-

132 809 289 856 catur
315 815 335 853 :
367 800 457 870 qui
487 800 740 853 nimirum
783 815 940 868 super
984 814 1194 853 enorme
1237 815 1426 868 corpus
1471 797 1714 852 sabulum

133 902 335 962 portat,
368 908 430 946 ac
458 901 601 963 terga
631 908 729 946 sua
759 907 915 960 super
963 892 1134 946 undas
1172 892 1356 955 elevat,
1388 900 1446 943 ut
1466 898 1713 960 tanquam

132 984 316 1038 imula
336 985 525 1052 [ludus
542 984 774 1038 marinos
796 983 1035 1038 excedat.
1064 983 1111 1036 Η
1120 999 1216 1037 anc
1238 983 1716 1053 igiturincunetan-

135 1087 216 1131 ter
235 1078 462 1132 insulam
475 1094 587 1132 esse
603 1075 868 1132 credentes
892 1080 1132 1147 remiges,
1158 1077 1447 1146 applicant,
1482 1077 1713 1147 paxillos

139 1170 328 1241 figunt,
355 1171 527 1224 navim
542 1171 758 1237 sistunt,
780 1171 924 1240 foros
947 1172 1253 1235 instruunt;
1273 1169 1362 1225 sed
1383 1170 1558 1223 bellua
1592 1186 1715 1224 mox

132 1273 193 1318 ut
223 1264 363 1334 ignis
383 1265 537 1318 sentit
562 1263 827 1328 ardorem,
852 1264 996 1318 illico
1015 1263 1270 1332 mergitur
1297 1263 1351 1316 in
1371 1262 1711 1331 profundum,

132 1367 184 1412 et
224 1373 404 1412 navem
450 1358 610 1412 simul
649 1374 711 1412 ac
744 1367 938 1412 nautas
975 1365 1124 1412 vorat
1162 1356 1325 1426 ferale
1351 1358 1708 1428 naufragium.

135 1447 283 1503 Nam
310 1459 360 1503 et
404 1447 672 1504 Gerardus
717 1458 896 1503 noster
945 1447 1182 1503 videlicet
1206 1447 1491 1502 monachus
1533 1447 1714 1501 retulit

133 1542 193 1595 in
227 1540 276 1594 Ν
283 1541 573 1597 ονηιαηάὶω
603 1541 874 1597 littoribus
921 1550 1130 1612 captam
1159 1557 1213 1595 se
1238 1539 1428 1594 vidisse
1449 1539 1713 1595 baltenam

133 1632 200 1688 de
224 1633 373 1703 cujus
407 1635 600 1705 lingua:
630 1635 878 1690 carnibus
902 1635 1300 1705 quatuordecim
1334 1635 1561 1704 agmarii
1590 1641 1714 1688 sunt

135 1741 244 1778 non
287 1724 466 1778 leviter
495 1720 732 1780 onerati.
789 1724 1022 1789 Plinius,
1065 1725 1159 1778 lib.
1205 1740 1378 1788 xxxu,
1432 1725 1598 1795 capit.
1635 1725 1659 1778 l
1695 1743 1708 1780 :

136 1815 293 1871 Cetas
318 1826 678 1872 sexcentarum
704 1817 892 1886 pedum
928 1817 1272 1889 longitudinis
1295 1827 1344 1873 et
1369 1827 1713 1873 trecentorum

134 1909 415 1979 sexaginta
476 1907 774 1963 latitudinis
830 1910 884 1963 in
938 1909 1134 1978 ﬂumen
1192 1910 1408 1966 Arabica
1452 1911 1714 1979 intrasse,

132 2000 416 2070 pinguique
437 2001 550 2070 ejus
571 2003 938 2072 negotiatores,
964 2013 1014 2058 et
1050 2003 1288 2057 omnium
1316 2004 1541 2072 piscium
1564 2003 1718 2073 adipe

132 2089 366 2144 camelos
393 2104 676 2161 perungere
704 2090 759 2145 in
785 2107 846 2146 eo
875 2091 1004 2158 situ,
1029 2101 1086 2146 ut
1125 2093 1291 2147 asilos
1323 2093 1388 2146 ab
1416 2093 1497 2148 his
1536 2093 1715 2164 fugent

130 2181 315 2236 odore.
404 2181 480 2237 De
531 2193 770 2239 cetorum
827 2185 1136 2256 generibus,
1167 2194 1221 2240 et
1273 2201 1463 2240 eorum
1505 2187 1716 2242 naturis

129 2281 188 2328 et
219 2273 552 2344 proprietate
600 2273 878 2342 zEliatius,
930 2276 1024 2331 lib.
1074 2292 1134 2343 ιι,
1164 2276 1244 2331 De
1290 2278 1478 2332 histor.
1525 2280 1713 2345 anim.,

129 2379 259 2435 cap.
291 2365 616 2432 15;1ί1).ιιι,
645 2381 767 2437 cap.
797 2366 901 2435 49;
928 2367 1024 2422 lib.
1044 2384 1160 2431 xw,
1182 2383 1305 2439 cap.
1332 2369 1430 2436 13;
1457 2369 1550 2425 lib.
1578 2386 1714 2437 χιιι,

132 2473 259 2528 cap.
311 2457 378 2534 6_;
438 2473 505 2512 ex
565 2459 828 2528 Opinione
891 2458 1219 2525 Onesicriti,
1295 2460 1616 2534 Orthagorae
1665 2472 1717 2519 et

132 2531 675 2621 Τὴθοοιῖεεθεοκλῆς
701 2550 756 2604 δὲ
789 2552 849 2604 ὲν
875 2554 942 2623 τῇ
970 2552 1012 2605 δ’
1045 2555 1172 2625 περὶ
1199 2554 1299 2625 τὴν
1331 2531 1526 2626 Σύρτιν
1569 2554 1716 2624 λέγει

131 2641 377 2710 γίνεσθαι
415 2643 553 2715 κήτη
580 2645 821 2715 τριήρων
855 2644 1093 2715 μείζονα.
1134 2647 1268 2718 Περὶ
1297 2647 1353 2700 δὲ
1381 2646 1477 2719 τὴν
1511 2648 1718 2719 Γεδρω-

135 2733 263 2789 σίαν
291 2733 477 2806 χώραν
507 2735 642 2804 (ἐστι
685 2736 743 2789 δὲ
789 2739 951 2808 μοῖρα
978 2739 1077 2808 τῆς
1109 2739 1212 2808 γῆς
1234 2739 1334 2808 τῆς
1372 2739 1596 2811 Ἰνδικῆς
1619 2741 1718 2794 οὐκ

134 2824 344 2897 ἄδοξος)
385 2827 753 2899 Ὀνησίκριτος
783 2828 952 2897 λέγει,
981 2830 1076 2882 καὶ
1093 2831 1446 2903 Ὀρθαγόρας,
1472 2832 1717 2900 γίνεσθαι

134 2921 280 2990 κήτη
294 2919 466 2991 ἥμισυ
488 2918 678 2989 έχοντα
710 2919 923 2973 σταδίου
946 2920 1007 2974 τὺ
1032 2923 1223 2993 μῆκος,
1260 2923 1461 2987 πλάτος
1500 2925 1554 2977 δὲ
1579 2925 1719 2978 κατά

134 3009 298 3079 λόγον
342 3009 436 3063 τοῦ
486 3011 712 3082 μήκους,
758 3010 1024 3065 καὶτοῦτο
1052 3012 1313 3082 δηλονότι.
1353 3014 1634 3086 Τοσαύτην
1663 3015 1718 3068 δέ

137 3117 307 3172 φασιν
337 3101 480 3173 ἔχειν
511 3102 734 3174 δύναμιν
763 3102 923 3167 αὐτὰ,
949 3103 1025 3168 ὡς
1053 3105 1330 3172 πολλάκις,
1357 3108 1485 3161 ὅταν
1515 3108 1720 3176 ἀναφυ-

138 3192 285 3266 σήσῃ
301 3194 412 3257 τοῖς
437 3193 757 3265 μυκτῆρσιν,
778 3197 837 3258 ὲς
856 3194 1107 3248 τοσοῦτον
1132 3196 1485 3267 ἀναρρίπτειν
1507 3199 1605 3269 τῆς
1631 3198 1724 3252 θα-

138 3283 346 3354 λάττης
407 3285 468 3337 τὸ
519 3284 827 3351 κλυδώνιον,
861 3285 937 3350 ὡς
981 3287 1158 3340 δοκεῖν
1207 3292 1321 3352 τοῖς
1367 3289 1598 3360 ἀμαθέσι
1631 3291 1724 3344 καὶ

139 3373 394 3445 ἀπείροις
416 3375 736 3446 πρηστῆρας
758 3369 896 3428 εἶναι
919 3375 1109 3429 ταῦτα.
1133 3375 1197 3430 Et
1227 3377 1321 3432 lib.
1349 3395 1457 3443 xw,
1483 3394 1600 3450 cap.
1635 3379 1720 3445 18,

135 3465 326 3521 varias
356 3473 601 3520 cetorum
625 3467 830 3522 formas
861 3475 915 3522 et
969 3469 1171 3538 ﬁguras
1219 3480 1557 3527 monstrosas
1599 3489 1725 3542 per-

138 3553 342 3622 currit,
387 3555 612 3626 vultque
659 3555 896 3627 ἀμφίϐια
929 3572 1072 3625 esse,
1110 3565 1165 3612 et
1210 3567 1375 3614 noctu
1423 3570 1633 3631 segetes
1670 3568 1724 3616 et

141 3647 346 3702 herbas
379 3648 436 3702 in
467 3655 614 3703 terra
634 3649 856 3721 depasci
888 3652 1067 3706 instar
1095 3653 1329 3707 aliorum
1381 3655 1720 3722 animalium,

141 3739 471 3808 crepusculo
512 3754 642 3794 vero
689 3741 961 3797 matutino
987 3742 1042 3796 in
1078 3758 1228 3798 mare
1259 3743 1458 3808 redire,
1487 3761 1724 3803 mersas-

143 3845 254 3900 que
283 3830 430 3886 abdi.
461 3829 558 3887 llis
585 3847 695 3887 non
724 3833 1014 3890 dissimilia
1046 3834 1214 3891 refert
1248 3837 1647 3907 Theodoretus,
1672 3852 1725 3898 et

143 3923 246 3978 lib.
295 3938 388 3976 ut
439 3921 940 3994 Histor.septentr.,
988 3943 1109 3999 cap.
1151 3929 1244 3995 44,
1293 3930 1459 3986 Olaus
1497 3932 1723 4004 Magnus
1785 3951 1788 3954 '

144 4025 560 4072 commemorat.
614 4017 690 4074 De
719 4035 912 4074 eorum
944 4023 1317 4093 magnitudine
1345 4034 1398 4080 et
1425 4026 1725 4096 piscatione

144 4105 550 4177 elegantissime
581 4107 863 4179 Oppianus
903 4111 1144 4166 Ἁλιευτ.
1175 4113 1270 4168 lib.
1306 4130 1358 4168 v.
1389 4112 1596 4169 Hebraei
1630 4117 1726 4170 ba-

146 4201 318 4255 laenas
344 4199 479 4256 duas
509 4209 719 4256 tantum
745 4213 955 4258 creatas
981 4219 1105 4259 esse
1134 4203 1344 4271 dicunt,
1365 4220 1432 4260 ne
1465 4205 1510 4259 si
1541 4207 1724 4276 plures

144 4298 357 4354 essent,
397 4291 578 4362 pisces
618 4307 808 4348 omnes
842 4294 1190 4361 devorarent,
1223 4302 1276 4350 et
1328 4311 1492 4352 naves
1533 4313 1724 4355 omnes

142 4384 526 4453 absorberent,
569 4387 779 4442 scilicet
818 4388 1099 4455 feminam,
1122 4404 1285 4458 quam
1323 4389 1465 4445 Deus
1497 4392 1720 4457 occidit,

139 4483 201 4532 et
262 4485 505 4532 reservat
553 4479 717 4548 justis
779 4479 848 4533 ad
903 4479 1230 4550 epulandum
1298 4489 1542 4551 tempore
1582 4482 1723 4537 Mes-
1757 4489 1798 4543 ι)

143 4571 264 4636 size,
299 4578 352 4626 et
384 4573 686 4628 masculum
724 4589 886 4643 quem
931 4583 1177 4630 reservat
1210 4582 1270 4628 ut
1309 4590 1431 4629 cum
1463 4591 1527 4630 eo
1557 4576 1722 4631 certis

143 4663 300 4720 horis
345 4665 496 4718 ludat
540 4666 773 4736 singulis
815 4666 1029 4732 diebus,
1058 4677 1118 4722 ut
1156 4669 1350 4738 psalm.
1379 4683 1473 4723 Clll
1501 4688 1515 4724 :
1548 4669 1723 4723 Draco

143 4755 246 4808 iste
272 4771 422 4825 quem
466 4755 712 4825 formasti
741 4757 827 4810 ad'
851 4756 1178 4810 illudendum
1201 4759 1270 4822 ei,
1328 4756 1608 4822 Hebraeus,
1666 4769 1724 4813 ut

145 4847 304 4902 ludas
335 4864 454 4901 cum
475 4865 556 4903 eo.
576 4847 728 4904 Hanc
747 4848 998 4905 fabellam
1023 4859 1376 4926 sumpserunt
1400 4868 1466 4907 ex
1515 4852 1638 4906 libr.
1670 4868 1722 4904 ιν

145 4938 360 5004 Esdrze,
393 4954 515 5009 cap.
556 4957 634 5004 Vt,
685 4943 762 4995 uti
810 4940 979 4996 refert
1011 4941 1280 5012 Lyranus,
1314 4951 1368 4999 et
1408 4944 1722 5001 Abulensis.

216 5029 336 5084 Col.
386 5031 509 5097 725,
542 5033 636 5088 lin.
686 5033 735 5088 7.
776 5033 860 5099 Τῷ
896 5034 966 5088 δὲ
993 5036 1254 5103 καρκίνῳ
1284 5037 1322 5104 ἡ
1356 5035 1534 5105 σάρξ.
1573 5037 1726 5091 Basi-

143 5120 276 5186 lius,
315 5121 463 5180 hom.
493 5123 559 5177 7:
607 5124 665 5176 '0
692 5126 948 5196 καρκῖνος
979 5125 1079 5194 τῆς
1102 5125 1304 5196 σαρκὸς
1349 5125 1602 5195 ἐπιθυμεῖ
1632 5125 1724 5178 τοῦ

142 5213 394 5284 ὀστρέου.
432 5215 591 5269 Ἀλλά
615 5216 919 5280 δυσάλωτος
945 5219 978 5288 ή
1004 5217 1147 5288 ἄγρα
1169 5215 1317 5287 αύτῷ
1340 5217 1427 5271 διὰ
1445 5216 1543 5288 τὴν
1576 5233 1728 5288 περι-

142 5302 309 5374 ϐολὴν
336 5303 430 5358 τοῦ
463 5305 730 5377 ὀστράκου
759 5306 990 5376 γίνεται.
1031 5308 1292 5379 Ἀῥραγεῖ
1333 5306 1442 5378 γὰρ
1471 5308 1640 5379 ἑρκίῳ
1667 5307 1728 5360 τὸ

145 5396 356 5450 ἁπαλὸν
390 5398 488 5470 τῆς
528 5400 728 5472 σαρκὸς
755 5403 788 5471 ή
825 5399 987 5470 φύσις
1017 5401 1475 5473 κατησιραλίσατο.
1509 5401 1598 5454 Διὸ
1633 5401 1728 5454 καὶ

143 5490 580 5564 ὀστρακόδερμον
603 5494 1062 5566 προσηγόρευται.
1093 5495 1204 5548 Καὶ
1223 5494 1407 5566 ἐπειδὴ
1436 5494 1528 5547 δύο
1555 5495 1731 5548 κοιλό-

143 5597 307 5651 τητες
349 5584 591 5657 ἀκριϐῶς
618 5585 876 5658 ἀλλήλαις
912 5588 1400 5659 προσήρμοσμέναι
1424 5587 1485 5641 τὸ
1507 5588 1730 5660 ὅστρεον

145 5675 630 5745 περιπτύσσονται,
678 5679 989 5749 ἀναγκαίως
1026 5680 1297 5752 ἄπρακτοι
1330 5681 1466 5733 εἰσιν
1489 5682 1544 5733 αἱ
1567 5681 1730 5752 χηλαὶ

145 5766 242 5821 τοῦ
277 5771 558 5840 καρκίνου.
593 5772 657 5825 Τί
685 5768 775 5826 οὖν
808 5775 954 5826 ποιεῖ
967 5789 980 5840 ;
1017 5775 1184 5828 Ὅταν
1213 5772 1295 5844 ἴδῃ
1333 5774 1390 5826 ὲν
1429 5771 1729 5844 ἀπηνέμοις

1814 607 1935 659 τότε
1982 602 2044 674 δὴ
2079 603 2252 672 λάθρα
2293 591 2499 672 ψηφῖδα
2548 593 2911 670 παρεμϐαλὼν
2956 587 3240 644 διακωλύει
3288 585 3390 656 τὴν

1818 695 2121 767 σύμπτυξιν
2168 693 2262 747 καὶ
2308 691 2618 762 εὑρίσκεται
2657 689 2717 742 τὸ
2755 689 2938 741 λεῖπον
2964 685 3063 755 τῆς
3108 681 3408 753 δυνάμεωςῑ

1814 787 1901 842 διὰ
1944 788 2046 858 τῆς
2084 785 2326 848 ἐπινοίας
2377 784 2782 855 περιεχόμενος.
2819 779 3020 834 Eadem
3064 777 3227 830 habet
3254 771 3408 827 Am?

1815 879 2055 942 brosius,
2111 877 2205 931 lib.
2259 892 2313 940 ν,
2379 889 2502 944 cap.
2529 873 2590 938 8;
2639 871 2879 927 Isidorus
2919 868 3014 922 lib.
3049 881 3150 931 xu,
3179 879 3302 934 cap.
3332 861 3388 917 6.

1815 971 2186 1026 Disertissime
2211 969 2339 1023 item
2369 967 2482 1021 haec
2514 965 2697 1019 omnia
2723 962 3004 1034 Oppianus
3042 960 3290 1014 Ἁλιευτ.
3327 971 3400 1010 ιι..

1815 1062 2053 1119 Consule
2084 1059 2437 1116 Plutarchum
2467 1066 2520 1112 et
2548 1056 2802 1120 Plinium,
2833 1062 2888 1109 et
2917 1052 3140 1108 Petrum
3173 1048 3402 1104 Damia~

1815 1169 1946 1210 num
1974 1153 2068 1209 lib.
2097 1168 2160 1217 ιι,
2196 1151 2361 1222 epist.
2404 1150 2494 1204 18.

1883 1246 2044 1310 lbid.,
2091 1246 2190 1300 lin.
2242 1245 2329 1299 14.
2372 1243 2425 1296 Ὁ
2455 1242 2524 1296 δὲ
2569 1240 2770 1311 ἐχῖνος
2797 1237 3208 1309 προγινώσκει.
3239 1233 3392 1288 Basi-

1815 1339 1945 1403 lius,
1975 1340 2120 1393 hom.
2157 1338 2187 1388 7
2213 1357 2226 1390 :
2262 1336 2503 1390 Ἤκουσα
2530 1332 2641 1401 ἐγὼ
2671 1332 2779 1386 τῶν
2810 1330 3088 1402 παραλίων
3118 1327 3283 1389 τινὸς,
3309 1327 3391 1378 ὃτι

1813 1432 1842 1484 ὁ
1873 1431 2160 1494 θαλάσσιος
2190 1432 2382 1500 ἐχῖνος,
2411 1427 2472 1480 τὸ
2512 1426 2704 1498 μικρὸν
2737 1423 3015 1486 παντελῶς
3048 1423 3142 1476 καὶ
3169 1421 3394 1474 εὐκατα-

1816 1527 2081 1598 φρόνητον
2131 1524 2292 1589 ζῶον,
2342 1519 2659 1583 διδάσκαλος
2714 1517 2969 1580 πολλάκις
3016 1515 3255 1586 γαλήνης
3299 1512 3394 1566 καὶ

1815 1619 2081 1682 κλύδωνος
2114 1621 2228 1681 τοῖς
2252 1616 2474 1669 πλέουσι
2501 1615 2730 1683 γίνεται,
2758 1611 2816 1674 ὃς
2839 1612 2966 1663 ὅταν
2993 1608 3185 1680 προῖδῃ
3219 1622 3390 1676 ταρα-

1815 1712 1913 1784 χὴν
1969 1711 2027 1779 ἐξ
2077 1712 2293 1782 ἀνέμων
2324 1707 2530 1778 ψηφῖδα
2565 1723 2686 1759 τινα
2718 1701 2963 1757 ὑπελθὼν
2997 1699 3270 1770 γενναίαν,
3306 1698 3392 1750 ἐπ’

1747 1785 1788 1843 Β
1816 1805 1988 1876 αὐτῆς
2020 1804 2208 1875 ὥσπερ
2238 1803 2342 1856 ἐπ’
2371 1802 2618 1870 ἀγκύρας
2655 1795 2870 1852 σαλεύει
2922 1793 3285 1864 κατεχόμενος
3316 1787 3395 1860 τῷ

1822 1899 1996 1972 βάρει,
2051 1896 2187 1969 πρὸς
2240 1894 2301 1949 τὸ
2351 1895 2424 1966 μὴ
2472 1892 2668 1964 ῥᾳδίως
2705 1891 2819 1952 τοῖς
2852 1887 3091 1959 κύμασιν
3123 1883 3395 1954 ἀποσύρε-

1821 1991 1963 2046 σθαι.
2016 1989 2229 2046 Similia
2263 1987 2452 2044 scribit
2487 1983 2816 2038 Ambrosius
2861 1981 3010 2035 hom.
3043 1979 3097 2038 5.
3130 1977 3295 2046 capit.
3321 1976 3392 2038 9;

1817 2084 1971 2139 Phile
1994 2085 2049 2138 in
2074 2081 2331 2146 Iambis.;
2355 2077 2678 2132 Aristoteles
2697 2092 2729 2129 γ
2761 2075 2839 2128 De
2866 2081 3098 2144 generat.
3139 2067 3394 2126 animat.

1820 2189 1922 2245 cap
1951 2175 2013 2241 '5;
2043 2171 2297 2228 JElianus
2329 2169 2406 2224 De
2437 2170 2624 2224 histor.
2651 2164 2899 2232 animal.,
2933 2163 3060 2219 libr.
3095 2175 3197 2226 vu,
3225 2160 3394 2229 capit.

1817 2267 1921 2321 ὅδε
1958 2265 2285 2320 Plutarchus
2312 2264 2368 2318 in
2393 2261 2618 2333 Dialogo
2640 2300 2655 2324 ,
2681 2259 2876 2315 Utrum
2904 2256 3258 2327 prudentiora
3286 2253 3397 2308 sint

1817 2355 2118 2418 terrestria,
2156 2370 2227 2409 an
2275 2351 2568 2425 aquatilia;
2599 2357 2651 2404 et
2681 2347 2892 2402 Plinius
2925 2345 3052 2400 libr.
3091 2359 3146 2398 ix
3171 2384 3186 2409 ,
3223 2341 3392 2410 capit.

1819 2448 1905 2503 51.
1961 2445 2199 2501 Tradunt
2245 2444 2501 2500 saevitiam
2543 2439 2708 2493 maris
2747 2437 3032 2507 prcesagire
3076 2450 3186 2500 eos,
3223 2447 3397 2485 corre-

1816 2541 2019 2610 ptisque
2061 2537 2268 2608 operari
2294 2535 2514 2604 lapillis,
2573 2531 2924 2587 mobilitatem
2971 2525 3198 2596 pondere
3232 2524 3399 2578 stabi-

1821 2629 2020 2684 lientes.
2048 2626 2251 2681 Nolunt
2284 2626 2604 2680 volutatione
2627 2623 2806 2690 spinas
2837 2627 3062 2674 atterere
3099 2632 3115 2670 :
3141 2613 3278 2686 quod
3307 2613 3397 2667 ubi

1819 2721 1992 2776 videre
2012 2718 2432 2782 nautici,statim
2465 2713 2705 2785 pluribus
2737 2709 2980 2764 anchoris
3004 2708 3215 2778 navigia
3232 2703 3396 2774 infre-

1820 2823 1969 2868 nant.
1988 2812 2287 2884 Oppianus,
2330 2811 2662 2870 Ἀλιευτικ.,
2689 2803 2816 2858 libr.
2856 2817 2895 2856 ιι
2921 2817 2934 2853 :

1824 2909 2000 2960 Ἔστι
2027 2905 2124 2975 καί
2157 2904 2521 2975 ὀέῖυιιόμοιοςιΔ
2540 2901 2700 2975 νόος,
2727 2897 2824 2952 καὶ
2847 2890 3301 2975 μῆτιςηέχήκοις,

1825 2977 1891 3030 Οἵ
1923 2977 1970 3029 τ’
1998 2961 2234 3044 ἀνέμωιιῖ·
2261 2961 2432 3026 Ζσᾶσι
2450 2972 2616 3044 βίας,
2631 2961 2908 3044 {aper-alie
2927 2979 2990 3017 τε
3011 2961 3272 3044 θυέλλας

1835 3032 2489 3116 ’ρρνυμέιῖαςηνώτοισι
2525 3032 2586 3094 δ”
2611 3032 3035 3116 ἀνρχλίζοςυσιν
3073 3032 3330 3116 ἕκαστος

1825 3103 2186 3178 Adam-daor-
2195 3103 2539 3181 βαρύθοντα
2567 3110 2700 3178 περὶ
2719 3103 3104 3181 σφετέροισικ
3114 3103 3402 3180 ἀκάνθαις

1837 3174 2102 3252 Ῥηϊδίως
2130 3174 2421 3252 φορέοιεν,
2452 3182 2538 3234 ἵν’
2568 3174 2744 3252 (luela
2766 3174 3035 3252 ’κύματος
3071 3174 3222 3252 ὁρμῇ

1826 3241 2168 3324 Βρίθόμεᾶθᾶι
2194 3241 2474 3324 μιμνωσι.
2525 3250 2596 3304 Τὸ
2633 3250 2745 3324 γὰρ
2769 3241 3086 3324 τρομέουσι
3111 3241 3400 3324 μάλιστα,

1823 3311 1920 3393 Μὴ
1941 3311 2103 3394 σέβας
2121 3311 2219 3377 ἐπὶ
2245 3311 2498 3392 ᾒόνεσσι
2528 3311 3069 3388 κυκώμενοιηόἷδμα
3107 3311 3397 3378 κυλίσσῃ.

1894 3436 2056 3499 lbid.,
2095 3435 2192 3488 lin.
2237 3434 2321 3487 ιτ.
2365 3417 2524 3485 Ὀ’δὲ
2553 3430 2889 3490 πολύπους.
2937 3424 3197 3487 Basilius,
3249 3422 3399 3476 hom.

1823 3529 1899 3582 7:
1934 3529 2046 3582 Οὐκ
2092 3526 2158 3580 ἂν
2217 3522 2546 3596 παρέλθοιμι
2592 3520 2653 3574 τὸ
2696 3519 2790 3573 τοῦ
2839 3515 3135 3578 πολύποδος
3165 3513 3400 3585 δολερὸν,

1824 3621 1918 3674 καὶ
1944 3619 2257 3683 ἐπίκλοπον,
2285 3616 2343 3679 ὃς
2372 3614 2534 3685 ὁποίᾳ
2562 3614 2680 3666 ποτ’
2705 3611 2770 3664 ἂν
2796 3609 3054 3663 ἑκάστοτε
3087 3606 3262 3678 πέτρᾳ
3291 3622 3402 3656 πε-

1827 3713 2084 3786 ριπλακῇ,
2115 3711 2213 3782 τὴν
2259 3710 2473 3779 ἐκείνης
2525 3705 2820 3776 ὑπέρχεται
2871 3701 3065 3772 χρόαν·
3109 3698 3248 3750 ὥστε
3278 3697 3402 3758 τοὺς

1824 3805 2052 3869 πολλοὺς
2085 3802 2194 3856 τῶν
2236 3802 2432 3872 ἰχθύων
2467 3797 2788 3870 ἀπροόπτως
2817 3792 3150 3865 νηχομένους
3182 3789 3259 3860 τῷ
3306 3806 3402 3840 πο-

1823 3893 2011 3946 λύποδι
2049 3892 2417 3963 περιπίπτειν,
2449 3889 2524 3952 ὡς
2560 3889 2625 3957 τῇ
2667 3885 2842 3956 πέτρᾳ
2860 3882 3038 3952 δῆθεν,
3068 3881 3160 3935 καὶ
3189 3881 3403 3949 ἕτοιμον

1822 3982 2066 4052 γίνεσθαι
2099 3981 2322 4052 θήραμα
2343 3979 2421 4050 τῷ
2452 3977 2761 4048 πανούργῳ.
2788 3972 3119 4044 Polypodem
3155 3971 3222 4024 ad
3251 3971 3404 4026 simi-

1824 4073 2106 4129 litudinem
2134 4073 2241 4128 loci
2272 4072 2511 4126 colorem
2541 4075 2754 4123 mutare
2780 4081 2906 4121 cum
2937 4062 3130 4120 iisdem
3155 4061 3404 4116 scribunt

1825 4163 2166 4228 Aristoteles,
2215 4161 2294 4216 De
2357 4160 2542 4213 histor.
2597 4155 2844 4218 animal.,
2877 4155 3003 4209 libr.
3047 4171 3120 4218 ιιι,
3157 4168 3278 4224 cap.
3309 4152 3401 4216 37;

1825 4255 2172 4318 Plutarchus,
2212 4254 2416 4319 Quwst.
2448 4263 2624 4306 natur.
2653 4248 3001 4315 l9;Plinius,
3035 4248 3402 4315 libr.ix,cap.

1826 4346 1926 4414 29;
1956 4346 2110 4401 Philo
2145 4345 2285 4414 Hepl
2307 4343 2494 4415 μέθης
2514 4359 2526 4372 ο
2552 4342 2948 4407 Nazianzenus,
2975 4340 3123 4394 hom.
3151 4349 3205 4394 et
3229 4353 3401 4393 carm.

1826 4441 1923 4503 Εἰς
1955 4439 2153 4493 αὐτόν·
2192 4439 2446 4493 Clemens
2489 4434 2912 4497 Alexandrinus,
2961 4433 3055 4488 lib.
3102 4447 3164 4486 tu
3209 4430 3406 4485 Pada-

1825 4531 1963 4600 gogi,
1988 4531 2156 4600 capit.
2191 4531 2277 4589 ll;
2299 4528 2575 4583 Lucianus
2598 4568 2612 4591 ,
2646 4528 2722 4581 De
2755 4525 3148 4587 saltatione;et
3177 4521 3403 4591 Dialogo

1828 4622 2056 4676 Menelai
2109 4633 2159 4678 et
2221 4621 2440 4686 Protei;
2499 4619 2842 4681 Ambrosius,
2887 4617 2980 4671 lib.
3035 4632 3069 4671 v
3119 4613 3402 4678 Hexaem.,

1825 4715 1989 4786 capit.
2036 4715 2097 4784 8;
2152 4714 2403 4778 Nonnus,
2453 4713 2830 4783 Dionysiacon.
2865 4710 3091 4780 primo;
3127 4707 3403 4771 fElianus,

1836 4806 2048 4860 Variar.
2089 4807 2275 4861 histor.
2322 4806 2446 4860 libr.
2497 4821 2536 4864 ι.
2587 4804 2750 4873 capit.
2794 4803 2852 4868 l;
2889 4800 3041 4855 Phile
3075 4799 3129 4853 in
3167 4797 3402 4860 lambis;

1827 4897 2107 4968 Oppianus
2135 4900 2385 4953 Ἀλιευτ.
2421 4915 2480 4961 ιι,
2506 4895 2831 4966 Phocylides
2866 4913 2878 4948 :

1825 4990 1978 5057 blri6‘
2021 4992 2101 5056 ὡς
2141 4988 2482 5058 πετρορυὴς
2514 4988 2829 5050 πολύπους
2853 4985 3002 5038 κατὰ
3032 4983 3224 5054 χῶρον
3243 4983 3406 5125 (Ligei-

3310 5071 3402 5106 ου.

3310 5071 3402 5106 Ου-

1828 5129 2027 5185 Πᾶσιν
2055 5129 2108 5182 δ’
2135 5128 2362 5196 ἄπλοος
2392 5129 2534 5194 ἴσθι,
2558 5125 2630 5182 τ’ἓι
2651 5127 2702 5180 δ’
2725 5128 2792 5181 ἐκ
2825 5125 3031 5195 ψυχῆς
3063 5126 3333 5194 ἀγόρευε.

1829 5224 1920 5277 Ion
1953 5222 2096 5292 apud
2150 5222 2500 5277 Athenaeum:
2534 5221 2642 5274 Kal
2675 5219 2781 5273 τὸν
2821 5218 3101 5287 πετραῖον
3145 5215 3405 5272 πλεκτὰ-

1828 5330 1964 5380 ναις
2009 5312 2289 5382 ἀναίμοσι
2335 5309 2536 5379 στυγῶ
2569 5308 3030 5379 μεταλλακτῆρα
3090 5308 3406 5361 πολύπουν

1829 5405 2029 5472 χροός.
2052 5401 2379 5456 Plutarchus
2401 5417 2465 5456 ex
2493 5400 2826 5470 Theognide,
2846 5399 2984 5466 Περὶ
3003 5398 3370 5466 πολυφιλίας
3389 5415 3403 5428 ·

1833 5494 2268 5564 Theophrastus,
2310 5493 2406 5547 lib.
2445 5493 2582 5561 Περὶ
2622 5490 2743 5545 τῶν
2768 5491 3269 5561 μεταϐαλλόντων
3301 5486 3407 5554 τὰς

1831 5589 2015 5657 χρόας
2035 5604 2048 5618 ο
2074 5585 2266 5640 Petrus
2294 5585 2608 5652 Damianus,
2641 5585 2764 5638 libr.
2786 5599 2844 5646 ιι,
2863 5585 3018 5654 epist.
3053 5583 3118 5636 18
3142 5579 3408 5635 :Ludovi-

1832 5695 1930 5735 cus
1957 5677 2266 5740 Fidelis,l)e
2297 5687 2484 5733 struet.
2522 5676 2726 5743 mund.,
2760 5675 2884 5731 libr.
2911 5692 2984 5744 ιί,
3019 5691 3138 5745 cap.
3179 5674 3250 5740 5;
3279 5672 3404 5729 Ovi-

1833 5772 1955 5828 dius
1983 5769 2262 5825 Halieut.:
