3810 6168
470 307 574 362 885

471 427 536 475 At
573 431 758 476 contra
785 423 1013 492 scopulis
1043 422 1233 477 crinali
1263 439 1474 492 corpore
1508 423 1677 490 segnis

466 491 700 562 Polypus
725 491 904 560 han-et,
926 505 976 548 et
999 493 1094 546 hac
1114 493 1278 547 eludit
1306 491 1439 547 retia
1470 493 1678 562 fraude,

467 562 537 634 Et
560 564 656 616 sub
693 564 801 634 lege
827 565 927 617 loci
954 565 1135 627 sumit,
1167 572 1434 634 mutatque
1458 565 1688 616 colorem

468 631 681 704 Semper
709 631 758 686 ei
780 635 967 704 similis
991 650 1147 701 quam
1170 631 1408 704 contigit,
1438 647 1589 702 atque
1608 634 1697 686 ubi
1727 634 1963 704 prwdam

473 702 788 774 Pendentem
812 703 935 757 setis
977 704 1159 756 avidus
1188 705 1345 769 rapit,
1377 703 1460 755 hic
1497 720 1696 774 quoque
1728 702 1895 774 fallit

470 771 626 825 Elato
652 773 857 826 calamo
883 790 998 826 cum
1037 774 1244 825 demum
1274 771 1517 826 emersus
1539 773 1592 825 in
1626 771 1786 827 auras

467 840 698 896 Brachia
721 844 980 909 dissolvit,
1005 843 1412 914 populatumque
1437 844 1642 911 exspuit
1673 844 1908 899 hamum.

467 955 603 1012 Hinc
616 966 741 1012 nata
757 958 945 1028 adagia
961 957 1211 1027 Polypus,
1229 956 1416 1026 Polgpi
1431 965 1605 1026 caput,
1617 956 1802 1026 Polypi
1815 968 2034 1012 mentem

467 1048 745 1116 obtinere;
781 1050 1005 1104 consule
1024 1049 1337 1119 adagiorum
1367 1049 1705 1104 collectores.
1738 1048 1846 1104 Nec
1863 1050 2032 1106 silen-

466 1141 596 1195 dum
626 1148 711 1195 est
764 1141 1061 1196 multorum
1088 1139 1256 1196 fuisse
1278 1141 1610 1209 opinionem,
1643 1142 1868 1212 polypos
1898 1141 2036 1212 seip-

467 1248 580 1298 sos,
610 1232 697 1288 vel
726 1231 912 1303 pedes,
943 1234 1028 1288 vel
1060 1233 1287 1305 cyrrbos
1321 1231 1462 1288 fame
1495 1242 1715 1290 coactos
1747 1235 2035 1290 absumere

466 1325 728 1381 rodendo.
768 1324 1059 1392 Hesiodus,
1092 1326 1185 1381 lib.
1233 1341 1269 1387 ι,
1307 1326 1428 1378 Ὂτ’
1460 1327 1754 1393 ἀνόστεος-ι
1778 1327 1851 1381 ὃν
1879 1329 2035 1382 πόδα

463 1417 654 1471 τένδει
675 1434 693 1482 ;
719 1417 1029 1473 Carneades
1048 1417 1190 1488 apud
1220 1417 1492 1474 Stobzeum
1513 1420 1648 1490 Περὶ
1667 1419 2030 1491 γραμμάτων⁸

466 1509 782 1580 Καρνεάδης
807 1510 903 1581 τὴν
925 1509 1264 1581 διαλεκτικὴν
1293 1511 1442 1579 ἔλεγε
1478 1511 1732 1564 πολύποδι
1767 1511 1999 1565 ἐοικέναι
2017 1527 2030 1540 '

466 1601 558 1651 καὶ
601 1598 710 1670 γὰρ
769 1602 970 1653 ἐκεῖνον
1017 1601 1339 1672 αὐξηθείσας
1405 1601 1504 1665 τὰς
1545 1601 1844 1665 πλεκτάνας
1900 1618 2033 1655 κατ-

1810 305 2053 361 LEONIS
2093 305 2368 362 ALLATII

2058 456 2102 510 Α
2133 433 2186 480 et
2215 424 2462 489 inferius,
2498 423 2750 478 Echeneis
2789 439 2909 493 ergo
2944 423 3058 494 ﬁgit
3091 423 3144 476 in
3172 419 3435 490 ﬂuctibus.
3461 409 3705 472 lsidorus

3600 305 3704 360 88-5

2135 518 2228 571 lib.
2270 532 2332 581 ιι,
2363 532 2483 587 cap.
2537 517 2594 580 2,
2654 516 2930 582 Echeneis,
2979 515 3174 584 inquit,
3208 528 3399 583 parvus
3450 520 3500 563 et
3544 511 3708 563 semi—

2131 609 2333 677 pedalis
2366 609 2649 678 pisciculus
2681 625 2868 662 nomen
2905 607 3128 675 sumpsit
3160 603 3296 676 quod
3315 618 3498 657 navem
3520 600 3707 654 adlue-

2133 699 2292 753 rendo
2325 701 2568 755 retineat.
2593 699 2767 752 {luant
2797 700 2913 753 licet
2932 697 3092 761 venti,
3111 706 3159 750 et
3186 696 3402 750 saeviant
3433 692 3704 761 procellte,

2134 793 2280 845 navis
2311 801 2483 846 tamen
2530 793 2682 862 quasi
2728 790 2974 844 radicata
3016 790 3073 843 in
3112 787 3252 842 mari
3291 795 3429 840 stare
3477 785 3704 848 videtur,

2134 898 2226 934 nec
2268 883 2486 947 moveri,
2516 898 2618 935 non
2655 881 2948 941 retinendo.
2993 878 3082 934 sed
3124 887 3328 932 tantum
3366 873 3704 929 adhazrcndo.

2138 965 2293 1019 Hunc
2321 965 2500 1020 Latini
2527 983 2732 1020 moram
2763 965 3114 1035 appellarunt,
3144 979 3202 1018 eo
3223 961 3359 1033 quod
3385 970 3528 1015 stare
3555 969 3709 1028 cogat

2135 1059 2365 1128 navigia.
2387 1057 2617 1122 Plinius,
2647 1058 2741 1112 lib.
2767 1072 2843 1121 ιιι,
2874 1071 2994 1126 cap.
3021 1056 3112 1120 25,
3140 1053 3279 1110 idem
3309 1051 3626 1116 conﬁrmat,
3656 1057 3708 1104 et

2137 1150 2232 1204 lib.
2266 1167 2440 1214 χχιιι,
2472 1165 2592 1220 cap.
2625 1151 2649 1204 l
2678 1170 2690 1204 :
2731 1150 2928 1204 Tamen
2954 1151 3130 1202 omnia
3159 1148 3269 1202 htec
3296 1147 3599 1217 pariterque
3625 1160 3710 1197 eo-

2135 1242 2251 1296 dem
2275 1242 2616 1310 impellentia,
2639 1258 2701 1296 ac
2729 1257 2920 1310 paruus
2943 1240 3222 1294 admodum
3243 1238 3530 1308 pisciculus
3562 1235 3710 1290 eche-

2135 1335 2244 1389 neis
2277 1335 2595 1404 appellatus,
2625 1336 2680 1388 in
2710 1351 2764 1388 se
2796 1342 2951 1388 tenet.
2977 1332 3154 1386 Ruunt
3184 1333 3316 1386 uenti
3347 1332 3491 1394 licet,
3520 1339 3574 1384 et
3611 1346 3711 1383 sa-

2135 1429 2276 1481 viant
2299 1429 2561 1496 procelltc,
2605 1429 2824 1496 imperat
2858 1426 3048 1494 furori,
3077 1427 3308 1495 viresque
3342 1432 3523 1477 tantas
3568 1439 3712 1474 com-

2134 1521 2318 1588 pescit,
2346 1529 2395 1576 et
2417 1521 2553 1590 cogit
2576 1529 2719 1574 stare
2746 1519 2992 1590 navigia:
3021 1516 3156 1588 quod
3197 1533 3298 1569 non
3330 1515 3544 1569 vincula
3573 1513 3707 1577 ulla,

2137 1628 2238 1665 non
2280 1612 2525 1667 anchora:
2573 1610 2799 1682 pondere
2857 1609 3188 1664 irrevocabili
3225 1608 3408 1676 jactte.
3462 1605 3710 1673 Infrenat

465 1690 686 1754 εσθίειν,
716 1693 810 1745 καὶ
839 1692 1056 1757 τούτους
1084 1693 1374 1764 προϊούσης
1391 1694 1488 1763 τῆς
1517 1695 1815 1764 δυνάμεως,
1849 1695 1942 1746 καὶ
1968 1693 2018 1746 τὲ

2136 1703 2380 1772 impetus,
2417 1715 2464 1759 et
2506 1705 2688 1758 domat
2731 1703 2913 1756 mundi
2955 1701 3148 1755 rabiem
3188 1700 3332 1754 nullo
3363 1716 3459 1752 suo
3506 1697 3709 1759 labore,

467 1782 681 1854 σφέτερ’
709 1785 1050 1855 ἀνατρέπειν.
1083 1787 1316 1841 Alcaeus
1347 1786 1552 1839 Ἔδωδα
1579 1785 1811 1856 ἐμαυτὸν
1831 1785 1904 1850 ὡς
1938 1803 2018 1839 πο

2134 1815 2237 1852 ηοη
2265 1796 2555 1864 retinendo,
2589 1805 2679 1849 aut
2705 1795 2810 1849 alio
2838 1794 3011 1856 modo,
3035 1809 3190 1863 quant
3216 1790 3555 1846 adhazrendo.
3583 1789 3711 1842 Hazc

466 1875 685 1941 λύπους.
713 1875 991 1947 Oppianus
1019 1879 1269 1935 Ἀλιευτ.
1290 1893 1363 1943 n;
1412 1876 1750 1949 Rhodiginus
1783 1878 1877 1932 lib.
1909 1893 2029 1942 xui,

466 1981 586 2038 cap.
622 1968 710 2023 3‘2.
743 1967 858 2024 Hoc
889 1969 1030 2024 idem
1057 1971 1304 2025 scribunt
1346 1971 1658 2033 Athenians,
1700 1968 1900 2037 Herus,
1926 1969 2032 2024 Eu-

467 2060 724 2125 stathius,
763 2059 1085 2132 Hesychius,
1125 2062 1322 2117 Suidas
1355 2068 1408 2118 et
1434 2063 1545 2117 alii.
1580 2062 1786 2132 Negant
1822 2063 2034 2118 Aristo-

466 2151 602 2207 teles
648 2151 769 2207 libr.
805 2167 924 2218 vm,
976 2154 1142 2223 capit.
1190 2154 1246 2218 2,
1295 2152 1374 2208 De
1417 2154 1602 2208 histor.
1640 2155 1827 2221 anim.,
1882 2156 1943 2207 Οἱ
1975 2153 2032 2207 δὲ

464 2241 689 2313 γόγγροι
720 2244 845 2308 τοὺς
896 2243 1198 2308 πολύποδας
1238 2244 1648 2298 κατεσθίουσιν’
1690 2253 1744 2299 et
1782 2262 1928 2309 mox,
1968 2248 2032 2298 Ὃ

461 2333 518 2388 δὲ
546 2335 760 2404 λέγουσί
778 2355 942 2403 τινες,
964 2339 1039 2402 ὡς
1065 2339 1221 2392 αὐτὸ(
1245 2338 1405 2391 αὐτὸν
1427 2337 1593 2390 ἐσθίει
1612 2379 1626 2401 ,
1647 2337 1838 2405 ψεῦδὸς
1863 2340 2027 2391 ἐστιν.

477 2425 632 2480 Ἀλλὰ
643 2445 709 2480 πε
715 2427 956 2499 ριεδηδεσ
963 2431 1125 2500 μένας
1137 2429 1258 2501 ἔχου
1265 2448 1346 2483 σιν
1361 2428 1489 2482 ἔνιοι
1505 2429 1602 2493 τὰς
1615 2429 1914 2494 πλεκτάνας
1930 2429 2033 2483 ὑπὸ

459 2516 568 2569 τῶν
601 2517 870 2590 γόγγρων.
906 2518 1231 2575 Plutarchus
1263 2519 1507 2590 Dialogo,
1558 2519 1750 2574 Utrum
1787 2521 2028 2590 pruden-

461 2607 603 2662 tiora
633 2609 761 2673 sint,
790 2618 922 2675 etc.,
950 2613 1214 2682 acongris
1235 2621 1288 2667 et
1318 2611 1574 2666 muraenis
1599 2613 1790 2666 scribit
1816 2613 2030 2670 cirrhos

459 2701 725 2756 consumi.
750 2701 982 2770 Plinius,
1015 2704 1136 2761 libr.
1165 2720 1238 2765 Ix,
1263 2705 1427 2773 capit.
1457 2703 1526 2756 29
1559 2722 1572 2758 :
1598 2701 1779 2772 Ipsum
1815 2703 2030 2758 brachia

459 2806 558 2844 sua
592 2793 770 2849 rodere
792 2794 934 2864 falsa
965 2795 1138 2862 opinio
1164 2804 1260 2848 est.
1296 2792 1360 2846 Id
1395 2795 1532 2847 enim
1561 2809 1594 2846 a
1622 2795 1830 2864 congris
1860 2795 2027 2848 evenit

458 2879 541 2942 8ίὶ
570 2880 659 2934 Sed
689 2885 894 2940 renasci
921 2885 1055 2939 sicut
1080 2883 1286 2948 colatis,
1309 2891 1358 2936 et
1387 2881 1596 2936 lacertis
1618 2881 1862 2949 caudam,
1887 2882 2028 2936 haud

485 2980 678 3036 alsum.

485 2980 678 3036 alsum.

458 2980 488 3047 Ι
529 3071 688 3137 lbid.,
714 3071 816 3132 lin,
836 3070 924 3126 ΞΟ.
955 3070 1324 3138 Μικρότατον
1349 3068 1417 3122 δὲ
1443 3068 1519 3137 τῇ
1541 3071 1741 3139 φύσει.
1769 3067 2024 3132 Basilius,

2137 1890 2352 1945 tantilla
2383 1899 2459 1943 est
2493 1891 2626 1943 satis
2657 1899 2841 1942 contra
2866 1895 2939 1940 tot
2967 1887 3187 1955 impetus
3220 1893 3274 1937 ut
3320 1892 3453 1936 vetet
3499 1883 3582 1935 ire
3614 1898 3709 1934 na—

2134 1984 2292 2053 vigia.
2342 1980 2445 2037 Sed
2488 1991 2711 2034 armata:
2755 1980 2950 2035 classes
3001 1979 3270 2048 imponunt
3313 1976 3413 2030 sibi
3472 1976 3706 2028 turrium

2133 2073 2528 2145 propugnacula
2567 2081 2623 2125 ut
2662 2073 2716 2125 in
2772 2072 2912 2125 mari
2961 2087 3160 2141 quoque
3199 2076 3456 2139 pugnetur
3499 2068 3641 2120 velut
3679 2083 3707 2120 e

2134 2168 2320 2222 muris.
2359 2166 2514 2221 Ileu!
2551 2167 2757 2219 vanitas
2788 2166 3040 2228 humana,
3085 2180 3199 2217 cum
3231 2170 3431 2216 rostra-
3456 2160 3559 2214 illa
3606 2177 3707 2216 me

2133 2260 2373 2330 ferroque
2401 2259 2470 2312 ad
2487 2261 2619 2312 ictus
2650 2267 2881 2321 armata,
2909 2255 3237 2326 semipedalis
3267 2253 3499 2308 inhibere
3515 2254 3701 2322 possit,

2135 2369 2196 2406 ac
2223 2363 2392 2406 tenere
2414 2352 2650 2409 devincta
2678 2350 2958 2418 pisciculus
2982 2349 3001 2401 !
3023 2349 3264 2404 Isidorus
3293 2349 3479 2418 itaque
3510 2363 3613 2402 sua
3641 2361 3703 2400 ex

2131 2443 2398 2500 Plinianis
2428 2444 2578 2499 hisce
2601 2451 2880 2499 mutuatus
2909 2448 3012 2505 est,
3039 2441 3139 2495 etsi
3174 2441 3345 2495 mavis
3367 2438 3700 2508 compilavit,

2131 2549 2240 2588 non
2271 2551 2333 2588 ex
2364 2533 2671 2599 Ambrosio,
2698 2539 2755 2586 ut
2783 2529 3167 2585 animadvertit
3198 2527 3603 2582 Rittershusius
3648 2527 3700 2578 in

2137 2624 2368 2696 Oppiani
2395 2624 2637 2679 Ἁλιευτ.
2665 2625 2758 2678 lib.
2790 2640 2827 2678 ι.
2852 2621 3046 2676 Subdit
3067 2619 3274 2674 Plinius
3287 2619 3504 2673 Attiaco
3533 2623 3702 2670 marte

2132 2716 2441 2787 praetoriam
2457 2730 2646 2770 navem
2670 2713 2891 2768 Antonii
2914 2712 3237 2783 pisciculum
3253 2710 3401 2764 hunc
3415 2708 3695 2764 tenuisse:

2129 2814 2184 2862 et
2218 2821 2317 2861 sua
2347 2805 2609 2861 memoria
2652 2803 2768 2860 Caii
2822 2803 3086 2874 principis
3134 2802 3201 2855 ab
3230 2800 3433 2857 Astura
3482 2799 3699 2852 Antium

2129 2897 2452 2968 remigantis
2485 2915 2497 2950 :
2531 2897 2634 2952 hoc
2661 2907 2715 2953 et
2746 2897 3102 2968 experientiis
3144 2903 3459 2950 nostrorum
3501 2901 3700 2962 tempo‘

2129 3005 2250 3044 rum
2270 2990 2681 3061 comprobatum
2717 2997 2823 3044 est.
2848 2987 3107 3043 Testatur
3125 2986 3424 3042 Guilelmus
3440 2983 3699 3037 Rondele—

2129 3081 2237 3138 tius
2254 3097 2313 3137 se
2332 3082 2651 3152 cognovisse
2663 3083 2959 3145 triremem,
2979 3078 3034 3134 in
3050 3093 3154 3149 qua
3171 3077 3465 3132 cardinalis
3483 3074 3698 3144 quidam

457 3164 606 3218 hom.
639 3164 704 3218 7:
730 3161 856 3217 Ἐὰν
883 3162 940 3216 δὲ
961 3161 1218 3232 ἀκούσῃς,
1248 3161 1328 3214 ὅτι
1347 3160 1416 3214 τὰ
1442 3161 1671 3231 μέγιστα
1690 3160 1797 3214 τῶν
1829 3160 2018 3213 πλοίων

2130 3173 2468 3230 Turonensis
2509 3172 2736 3227 Romam
2769 3181 2958 3228 vectus
2979 3179 3084 3234 est,
3117 3169 3296 3224 medio
3325 3183 3492 3222 cursu
3520 3164 3695 3220 omni-

455 3255 796 3328 ἡπ).ωμένοις
832 3255 1018 3317 ἱστίοις
1057 3253 1115 3318 ἐξ
1139 3253 1327 3325 οὐρίας
1363 3254 1637 3326 φερόμενα
1662 3252 1722 3305 τὸ
1765 3253 2026 3324 μικρότα-

454 3363 546 3400 τον
581 3345 811 3416 ἰχθύδιον
858 3345 892 3417 η
940 3342 1151 3415 ὲχενηῖς
1188 3342 1328 3396 οὕτω
1371 3345 1567 3416 ῥᾳδίως
1611 3343 1843 3414 ἵστησιν,
1885 3341 2025 3395 ὥστε

453 3440 710 3511 ἀκίνητον
733 3438 827 3493 ἐπὶ
855 3437 1103 3491 πλεῖστον
1133 3436 1446 3506 φυλάσσειν,
1475 3435 1664 3508 ὥσπερ
1693 3435 2026 3508 καταρῤιζω-

455 3531 545 3584 θὲν
578 3533 635 3585 ὲν
661 3529 808 3602 αύτῷ
848 3529 927 3600 τῷ
960 3529 1212 3598 πελάγει·
1244 3523 1332 3599 ἆρ’
1363 3527 1484 3598 οὐχ).
1527 3528 1620 3580 καὶ
1648 3529 1703 3580 ὲν
1736 3526 1813 3598 τῷ
1847 3523 2025 3598 μικρῷ

452 3624 627 3695 τούτῳ
672 3625 771 3694 τὴν
800 3621 966 3694 αὐτὴν
994 3621 1092 3693 τῆς
1125 3622 1218 3674 τοῦ
1265 3621 1547 3683 κτίσαντος
1575 3620 1854 3690 δυνάμεως
1883 3619 2023 3688 λαμ-

455 3717 639 3781 ϐάνεις
667 3715 966 3781 ἀπόδειξιν;
997 3714 1242 3778 Nonnus,
1281 3713 1496 3783 Dionys.
1526 3713 1586 3765 21
1621 3731 1634 3766 :

459 3831 717 3896 Ἔκλυες
745 3831 1018 3897 εἰναλίην
1047 3829 1345 3898 ἐχενηΐδα,
1370 3827 1496 3894 πῶς
1527 3827 1619 3880 ἐνὶ
1647 3829 1845 3898 πόντῳ

466 3900 661 3968 Ἰχθὺς
687 3901 887 3966 βαιὸς,
928 3897 1172 3968 (irarum
1197 3897 1452 3968 ἐπέχραε
1475 3897 1733 3968 πολλάκι
1750 3899 1994 3961 ναύταις

482 3919 661 3968 ιχσυς
687 3919 887 3966 patec,
928 3919 1172 3968 αναγκις
1197 3919 1304 3952 erce
1329 3919 1452 3967 pas
1475 3919 1733 3951 ﬂauam
1750 3919 1994 3961 ναυταις

455 3971 569 4036 “Ay/-
591 3970 1009 4038 ἀνασειράζων.
1050 3971 1257 4036 Ὀλίγῳ
1362 3968 1481 4023 ὑπὸ
1507 3967 1765 4038 χάσματι
1805 3966 2022 4038 statuo]?

451 4035 814 4109 Μήκεδανὴν
834 4040 1092 4108 ἀνέκοψε
1125 4035 1513 4106 κατάσχετον
1532 4035 1761 4092 ὁλκάδα
1799 4035 2017 4105 δεσμῷ.

526 4153 723 4210 Eadem
755 4154 1030 4224 eleganter
1047 4161 1100 4208 et
1115 4154 1334 4223 copiose
1347 4151 1628 4224 Oppianus
1655 4152 1895 4205 Ἁλιευτ.
1925 4150 2016 4204 lib.

451 4264 510 4313 ις
545 4252 599 4302 et
627 4243 1014 4307 Lucanus,lib.
1045 4259 1095 4296 νι
1131 4263 1142 4296 :

451 4356 578 4412 Non
598 4356 815 4425 puppim
848 4355 1072 4410 renitens
1099 4371 1226 4410 euro
1251 4353 1487 4409 tendente
1531 4353 1776 4406 rudentes

452 4427 520 4482 In
553 4427 740 4481 mediis
773 4426 1004 4480 echeneis
1028 4427 1199 4496 aquis.

513 4517 741 4580 Ovidius
776 4537 790 4573 :

450 4627 626 4683 Parva
654 4628 884 4683 echeneis
914 4625 1082 4692 adest,
1113 4625 1328 4689 mirum,
1356 4639 1505 4677 mora
1536 4623 1792 4692 puppibus
1815 4623 2014 4692 ingens.

446 4747 592 4804 Idem
617 4743 807 4799 scribit
849 4741 1198 4803 Plutarchus,
1241 4756 1278 4794 ιι
1324 4739 1566 4810 Sympos.
1603 4745 1796 4809 qumst.
1833 4739 1864 4791 7
1894 4745 1947 4792 et
1977 4755 2014 4792 ιι

446 4837 712 4912 problem.
753 4841 948 4905 quarst.
998 4833 1058 4898 7;
1104 4832 1450 4893 Ambrosius,
1497 4831 1595 4886 lib.
1631 4847 1684 4897 ν,
1732 4829 2012 4893 Heraean,

444 4947 568 5004 cap.
603 4929 703 4995 10;
730 4925 1059 4981 Franciscus
1106 4923 1422 4987 Petrarcha,
1471 4922 1707 4995 przcl‘at.,
1742 4922 1836 4978 lib.
1867 4937 1904 4982 ιι
1939 4920 2015 4974 De

445 5021 640 5078 remed.
676 5027 786 5072 utr.
812 5016 967 5086 [οι-Μ
1001 5013 1172 5070 Lilius
1201 5013 1480 5075 Giraldus,
1517 5013 1594 5067 De
1624 5013 1868 5082 navigiis,
1889 5027 2008 5081 cap.

347 5101 356 5174 Ῐ
443 5113 514 5180 5;
544 5099 783 5165 Joannes
814 5105 1122 5161 Sambucus
1152 5103 1415 5160 Emblem.
1441 5102 1578 5171 205;
1607 5101 1759 5157 Phile
1783 5103 1836 5156 in
1865 5102 2012 5155 Iam-

351 5197 356 5204 ’
443 5199 521 5253 bis
568 5215 663 5255 eas
709 5197 1018 5269 ναυκράτας
1063 5196 1298 5251 vocavit.
1358 5194 1600 5249 Meminit
1646 5192 2010 5249 Cassiodorus

442 5291 581 5346 lib.l
638 5289 763 5344 Var.
796 5287 1158 5343 Echeneidem
1193 5302 1454 5340 remoram
1483 5284 1660 5340 Latini
1707 5289 2008 5350 vocarunt;

440 5383 697 5438 Afranius
725 5388 776 5438 et
805 5380 1027 5435 Plautus
1057 5379 1200 5450 apud
1248 5377 1466 5435 Festum
1496 5379 1888 5448 remaliginem;
1911 5377 2011 5432 Pe-

443 5484 561 5530 trus
590 5473 906 5535 Damianus.
934 5475 1029 5528 lib.
1054 5491 1115 5540 ll,
1146 5472 1308 5542 epist.
1346 5473 1434 5536 l8,
1479 5473 1824 5538 echeneidem,
1872 5472 2009 5526 echi-

442 5582 570 5620 nam
592 5577 766 5629 vocat,
801 5567 944 5635 quod
979 5576 1106 5637 puto
1134 5566 1348 5620 incuria
1395 5566 1746 5634 scriptorum,
1773 5573 1827 5620 et
1852 5565 2010 5620 simi-

442 5655 672 5715 litudine
715 5657 954 5712 nominis
987 5657 1049 5712 id
1083 5658 1382 5723 accidisse;
1429 5673 1558 5727 ergo
1592 5656 1854 5711 Damiano
1883 5672 2009 5726 pro-

442 5749 643 5821 prium,
667 5756 722 5802 et
749 5749 1039 5815 scribatur,
1067 5749 1218 5817 Quod
1234 5750 1462 5804 echeneis
1487 5751 1643 5805 etiam
1669 5750 1854 5816 brevis,
1873 5757 2001 5816 elc.,

2129 3267 2232 3322 bus
2262 3266 2658 3322 admirantibus
2688 3266 2993 3320 inhibitam.
3052 3263 3120 3317 Et
3149 3278 3250 3333 ego
3277 3260 3408 3316 dum
3465 3259 3700 3315 Venetiis

2131 3373 2524 3421 commorarer,
2551 3358 2686 3412 alias
2709 3357 2949 3412 conchas
2974 3354 3111 3410 idem
3132 3354 3314 3409 valere
3341 3351 3698 3422 ejusdemque

2126 3465 2245 3506 esse
2286 3449 2539 3521 potentiae
2580 3448 2931 3519 deprehendi.
2965 3446 3096 3512 Qua:
3139 3452 3194 3499 et
3227 3444 3383 3498 navis
3436 3442 3696 3513 impetum

2125 3542 2449 3613 impediunt,
2495 3551 2548 3597 et
2583 3555 2806 3596 cursum
2847 3540 3152 3610 segniorem
3204 3537 3464 3599 reddunt,
3517 3536 3565 3590 si
3610 3549 3696 3588 ca-

2125 3634 2259 3688 rina:
2281 3634 2366 3688 vel
2405 3632 2471 3687 iis
2503 3631 2750 3703 partibus
2781 3629 3006 3699 navigii,
3038 3644 3158 3698 quae
3185 3627 3341 3698 aquis
3383 3641 3583 3680 mersae
3621 3625 3697 3678 ια.

2125 3731 2240 3779 tcnt
2284 3723 2644 3793 applicentur,
2677 3722 2798 3775 ideo
2829 3720 3011 3774 nautis
3053 3719 3106 3773 in
3146 3733 3296 3773 more
3341 3717 3588 3787 positum
3617 3722 3697 3771 est

2123 3831 2216 3872 eas
2249 3831 2313 3871 ex
2344 3815 2451 3870 illis
2481 3814 2748 3885 partibus,
2783 3813 2911 3867 dum
2947 3811 3014 3865 ad
3039 3812 3141 3864 iter
3170 3809 3438 3880 agendum
3479 3824 3541 3862 se
3563 3823 3695 3876 prae-

2123 3911 2337 3978 parant,
2359 3905 2661 3960 extrahere.
2698 3904 2759 3958 ln
2801 3902 2904 3958 hoc
2935 3911 3119 3956 tamen
3154 3908 3362 3953 natura:
3395 3913 3691 3961 consensu,

2124 3997 2365 4066 nullique
2387 3995 2553 4051 dubia
2579 3995 2909 4064 experientia
2928 3993 3146 4063 quidam
3170 4006 3292 4046 esse
3309 3991 3505 4044 volunt
3527 3991 3588 4042 οὐ
3605 4006 3693 4042 τα-

2123 4092 2415 4164 χυπειθεῖς,
2440 4100 2493 4147 et
2528 4108 2591 4147 ea
2619 4107 2739 4162 quae.
2773 4091 3010 4146 diximus
3043 4089 3120 4143 uti
3153 4088 3423 4150 fabulosa,
3464 4095 3521 4141 ct
3546 4102 3691 4140 com-

2121 4184 2367 4238 mentitia
2397 4183 2678 4237 damnant.
2711 4184 2857 4236 Inter
2900 4195 2996 4236 eos
3026 4187 3110 4236 est
3138 4179 3403 4234 Gerartus
3455 4177 3688 4231 Falken-

2121 4275 2345 4344 burgius
2371 4274 2424 4328 in
2461 4273 2784 4329 lectionibus
2815 4279 2867 4326 et
2894 4271 3222 4341 coniecturis
3258 4269 3324 4323 ad
3348 4267 3534 4322 Nonni
3567 4267 3687 4320 Dio-

2122 4367 2304 4436 nysica
2329 4383 2347 4420 :
2380 4366 2581 4436 quibus
2625 4363 2910 4434 responsio
2940 4363 2996 4416 in
3039 4369 3294 4432 promptu
3325 4377 3393 4416 ex
3417 4359 3681 4430 Oppiano.

2051 4484 2095 4537 ι)
2127 4455 2269 4521 Quid
2300 4471 2430 4511 vero
2460 4458 2532 4510 sit
2554 4457 2669 4510 haec
2699 4454 2953 4510 echeneis
2981 4469 3101 4524 quae
3130 4453 3436 4523 cogitatare
3455 4453 3681 4518 navigia,

2122 4555 2535 4603 controversum
2571 4547 2748 4603 adhuc
2775 4555 2878 4602 est.
2908 4545 3010 4610 Qui
3037 4544 3372 4614 temporibus
3403 4541 3523 4596 Caii
3548 4542 3682 4595 illam

2119 4638 2407 4702 viderunt,
2462 4640 2644 4694 limaci
2691 4652 2901 4708 magnas
2950 4637 3180 4692 similem
3231 4650 3356 4691 esse
3407 4633 3676 4689 dixerunt.

2117 4728 2426 4794 Mutianus,
2478 4733 2728 4784 muricem
2781 4745 2892 4783 esse
2942 4729 3182 4783 latiorem
3237 4743 3478 4796 purpura
3535 4741 3679 4796 neque

2117 4839 2301 4891 aspero
2324 4841 2484 4894 neque
2513 4826 2736 4878 rotundo
2759 4842 2865 4891 ore,
2892 4842 3051 4895 neque
3079 4826 3132 4876 in
3159 4822 3379 4892 angulos
3401 4822 3679 4889 prodeunte

2117 4925 2313 4980 rostro,
2345 4917 2435 4970 sed
2471 4917 2708 4986 simplice
2733 4918 2932 4970 concha
2961 4925 3180 4986 utroque
3208 4914 3373 4968 latere
3396 4929 3513 4967 sese
3535 4912 3677 4966 colli-

2114 5008 2593 5077 gente,rel'ercnte
2639 5008 2838 5063 Plinio.
2885 5007 3140 5061 Straboni
3186 5013 3270 5061 est
3303 5005 3530 5075 βδέλλας
3569 5004 3678 5057 aliis

2117 5101 2433 5169 pisciculus.
2457 5101 2744 5156 Cardanus
2772 5115 2878 5154 una
2913 5114 3036 5153 cum
3061 5097 3347 5167 torpedine
3370 5095 3675 5153 confundit.

2115 5195 2318 5264 aitque,
2342 5194 2624 5248 nominum
2649 5191 3028 5256 similitudine,
3061 5199 3113 5246 ct
3139 5190 3364 5245 etl‘cctus
3397 5190 3677 5258 deceptum

2111 5285 2460 5342 Aristotelem
2501 5284 2761 5356 deceptus
2791 5286 2908 5356 ipse
2944 5298 3125 5338 rerum
3159 5282 3498 5336 naturalium
3533 5281 3676 5349 igno-

2113 5378 2348 5439 ratione.
2377 5387 2429 5432 et
2465 5377 2649 5433 minus
2678 5384 2886 5431 attenta
2917 5374 3280 5430 Aristotelicas
3313 5371 3584 5425 doctrina:
3613 5369 3676 5421 lc-

2111 5471 2313 5526 ctionc.
2345 5468 2436 5524 Sic
2477 5471 2638 5525 etiam
2693 5467 2926 5523 Trebius
2972 5467 3134 5536 Niger
3164 5464 3410 5536 pedalem
3453 5477 3597 5523 esse,
3629 5465 3674 5512 et

2111 5565 2479 5620 craSsitudine
2507 5564 2749 5634 quinque
2789 5561 3084 5632 digitorum
3129 5557 3436 5618 allirmavit,
3472 5553 3703 5636 Plinius.

2111 5655 2832 5726 semipedalem.0ppiauus
2879 5653 3158 5722 ἰσὸπηχυν.
3215 5649 3401 5718 Neque
3463 5649 3520 5700 in
3577 5639 3702 5697 tra.’

2112 5749 2288 5806 denda
2319 5764 2484 5805 causa
2513 5747 2863 5804 conveniunt.
2894 5746 3252 5817 Hieronymus
3270 5739 3670 5801 Fracastnriur,
