3810 6168
484 322 587 377 887
1824 328 2069 385 LEONIS
2105 328 2376 385 ALLATlI
3616 333 3719 389 888

555 431 712 503 Ibid.,
744 434 841 494 lin.
868 436 961 493 θ.
1009 438 1143 494 Ἐὰν
1170 438 1239 493 δὲ
1253 440 1431 511 χάνῃ.
1465 441 1660 497 Mirum
1688 450 1770 497 est
1800 443 1943 513 quod
1975 443 2041 498 de

2154 444 2389 501 Achilles
2441 442 2653 500 Statius
2691 443 2787 501 lib.
2819 460 2894 509 ιν,
2936 451 2992 501 et
3030 445 3209 501 simile
3243 444 3394 516 quid,
3425 445 3533 501 etsi
3573 446 3631 499 in
3661 463 3717 501 re

483 542 671 583 eorum
701 529 847 584 victu
899 538 1087 585 narrat
1132 529 1371 588 Joannes
1424 532 1537 589 Leo
1577 534 1633 589 in
1688 534 2046 604 Descriptione
2154 536 2393 603 diversa,
2423 536 2624 608 legitur
2642 535 2787 608 apud
2813 536 3055 609 Longum
3076 539 3396 609 sophistam,
3416 537 3517 593 lib.
3542 554 3563 592 1
3592 539 3721 591 Ποι-

484 619 703 687 Africte,
732 619 830 676 lib.
854 637 907 676 ix
944 640 957 676 :
995 623 1199 677 Harum
1235 624 1527 679 belluarum
1561 626 1789 695 amplius
1819 637 2049 682 trecenta
2152 628 2414 701 μενικῶν,
2445 631 2502 684 in
2530 644 2639 699 quo
2671 630 2836 686 simili
2866 628 2992 686 dolo
3020 637 3267 701 pastores
3285 630 3443 701 lupos
3466 628 3713 700 capiunt.

485 712 660 780 capita
682 712 845 768 Cana:
871 714 1125 770 mtenibus
1153 714 1368 771 diducto
1405 718 1543 772 rictu
1573 719 1729 789 aﬂixa
1760 718 1884 787 vidi,
1918 719 2047 774 adeo

484 818 691 872 magna:
743 819 805 856 ac
838 803 1107 869 stupenda:
1148 807 1546 875 amplitudinis,
1572 816 1630 861 ut
1666 825 1878 862 vaccam
1917 810 2045 863 inte-

484 907 637 962 gram
682 908 865 962 capere
884 895 1197 961 potuissent,
1228 895 1472 951 dentibus
1500 898 1671 952 acutis
1704 908 1754 952 et
1780 915 2049 969 prtegran-

483 985 657 1040 dibus.
693 984 872 1040 Solent
902 996 1075 1041 autem
1103 987 1344 1059 Egyptii
1365 990 1650 1059 piscatores
1674 992 1932 1047 crocodilo
1959 1009 2050 1047 ca-

483 1085 575 1146 put
596 1078 960 1146 prtescindere,
982 1079 1390 1152 oppidorumqtte
1412 1082 1687 1147 moenibus,
1713 1082 2050 1153 quemadmo-

482 1167 611 1223 dum
638 1179 905 1225 venatores
938 1170 1173 1240 ferarum
1204 1174 1382 1242 capita
1415 1175 1639 1246 afﬁgere.

549 1260 713 1328 lbid.,
765 1263 865 1319 lin.
913 1263 1005 1320 45.
1043 1266 1096 1318 Ὀ
1145 1264 1214 1318 δέ
1254 1269 1579 1339 λεγόμενος
1620 1271 2047 1340 ἱπποπόταμος.

481 1351 740 1408 Eamdem
786 1353 1208 1424 descriptionem
1249 1357 1441 1412 iisdem
1484 1357 1597 1414 fere
1637 1360 1821 1414 verbis
1862 1361 2050 1430 paucis

481 1445 786 1502 immutatis
829 1448 996 1503 habes
1032 1448 1173 1517 apud
1223 1449 1490 1506 Achillem
1536 1449 1795 1515 Statium,
1828 1453 1923 1507 lib.
1957 1469 2047 1507 1v:

484 1534 712 1606 Ἔτυχον
754 1536 1019 1607 ποτάμιον
1046 1537 1252 1609 ⁸θηρίον
1295 1539 1486 1611 ἄνδρες
1525 1540 1889 1613 τεθηρακότες
1926 1540 2053 1608 θέας

481 1626 650 1692 ἄξιον.
682 1629 875 1685 Ἵππον
902 1631 959 1685 δὲ
995 1631 1155 1685 αὑτὸν
1181 1630 1276 1686 τοῦ
1309 1633 1500 1687 Νείλου
1533 1634 1759 1689 ἐκάλουν
1796 1638 1846 1689 οἰ
1888 1636 2055 1705 Αἰγύ-

480 1734 649 1773 πτιοι·
678 1722 774 1777 καὶ
799 1722 912 1777 ἐστι
945 1724 1043 1794 μὲν
1075 1724 1261 1789 ἵππος,
1297 1724 1374 1788 ὡς
1409 1727 1438 1777 ὁ
1468 1725 1625 1793 λόγος
1656 1725 1923 1796 βούλεται,
1955 1728 2051 1799 τὴν

2220 722 2338 779 Col.
2363 721 2490 786 728,
2513 722 2610 776 lin.
2638 723 2691 777 5.
2713 724 2997 792 Δεύτερον
3011 724 3183 790 βοός.
3202 722 3516 779 Cavebunc
3532 722 3717 777 locum

2148 815 2226 869 ita
2255 814 2552 886 intelligas,
2591 823 2653 870 ut
2680 816 3127 888 hippopotamum
3152 815 3529 887 magnitudine
3552 830 3719 884 supe-

2149 906 2263 962 rari
2293 906 2595 974 existimes,
2633 920 2699 964 ea
2742 907 2889 962 enim
2932 906 3228 962 maximum
3258 921 3589 977 quemquem
3622 906 3719 961 bo-

2152 1012 2271 1054 vem
2316 998 2635 1070 aequiperat.
2681 999 2918 1055 Achilles
2964 997 3191 1065 Statius,
3233 998 3547 1070 μὲγεθοςδὲ
3576 998 3721 1053 κατὰ

2151 1089 2280 1162 βοῦν
2309 1092 2401 1145 τὸν
2433 1092 2707 1163 μέγιστον.
2737 1088 2917 1158 Quare
2948 1090 3131 1146 locum
3164 1090 3311 1145 hunc
3348 1090 3425 1144 ita
3462 1090 3719 1152 restituo,

2150 1183 2363 1238 videtur
2393 1185 2539 1240 enim
2583 1184 2829 1247 mutilus,
2874 1183 2983 1238 Καὶ
3022 1185 3069 1238 οἰ
3109 1182 3364 1254 θηρευταὶ
3394 1181 3563 1244 εὐθὺς
3588 1180 3724 1233 ἀπο-

2152 1275 2409 1329 κλείουσι.
2450 1277 2561 1330 Kal
2598 1276 2715 1329 ἔστι
2759 1276 2856 1347 μὲν
2899 1277 2980 1338 εἰς
3015 1274 3185 1346 ἀλκὴν
3226 1273 3517 1344 ἐλέφαντος
3554 1272 3723 1326 Ἰνδοῦ

2150 1366 2417 1438 δεύτερον·
2446 1367 2566 1437 βοὸς
2593 1367 2649 1421 δὲ
2675 1368 2788 1438 ἔχει
2820 1367 2880 1420 τὸ
2906 1366 3093 1438 θηρίον
3115 1366 3177 1420 τὸ
3212 1364 3457 1437 μέγεθος.

2223 1456 2382 1524 lbid.,
2414 1459 2510 1513 lin.
2542 1460 2594 1514 5.
2631 1460 2728 1513 Ἑν
2745 1458 2814 1513 δὲ
2831 1458 2958 1523 τοῖς
2974 1460 3173 1528 ἰχθύσι
3199 1454 3401 1523 πολλή
3440 1472 3558 1521 τις.
3598 1453 3724 1508 Ari-

2153 1548 2378 1605 stoteles
2407 1556 2589 1605 tamen
2613 1548 2691 1603 De
2720 1550 3054 1619 generatione
3082 1550 3270 1611 anim.,
3292 1547 3389 1602 lib.
3410 1561 3499 1610 ιιι,
3518 1560 3650 1616 cap.
3676 1545 3725 1611 l,

2153 1637 2387 1708 piscium
2408 1647 2660 1693 naturam
2686 1638 3020 1709 lrigidiorem
3050 1652 3171 1693 esse
3202 1635 3451 1701 aﬂirmat,
3486 1635 3727 1705 ideoque

2156 1728 2230 1782 ita
2259 1727 2368 1783 illis
2396 1728 2539 1783 sicut
2576 1734 2631 1782 et
2675 1728 2869 1783 avibus
2908 1734 3191 1783 menstrua
3220 1726 3367 1780 nulla
3397 1725 3655 1795 prodire,
3676 1732 3727 1779 et

481 1811 723 1884 γαστέρα
764 1812 856 1867 καὶ
890 1815 1016 1878 τοὺς
1058 1815 1243 1879 πόδας,
1288 1814 1426 1888 πλὴν
1464 1816 1588 1873 ὅσον
1622 1818 1680 1871 ὲν
1709 1816 1847 1890 χηλῇ
1879 1819 2041 1890 σχίζει

2154 1827 2480 1889 conceptum
2528 1819 2833 1875 consistere
2864 1818 2982 1874 sine
3018 1819 3197 1885 coitu;
3227 1825 3282 1873 et
3310 1817 3406 1872 lib.
3428 1832 3555 1882 vni,
3600 1830 3723 1886 cap.

479 1903 580 1974 τὴν
656 1903 844 1977 ὁπλήν.
886 1906 1132 1975 Μέγεθος
1169 1906 1227 1960 δὲ
1278 1904 1419 1961 κατὰ
1464 1905 1589 1977 βοῦν
1632 1907 1726 1962 τὸν
1776 1908 2047 1979 μέγιστον.

482 1995 632 2066 Ούρά
660 1995 906 2067 βραχεῖα,
942 1997 1035 2052 καὶ
1064 1997 1193 2070 ψιλὴ
1222 1998 1445 2071 τριχῶν,
1483 1999 1566 2053 ὅτι
1603 2000 1698 2053 καὶ
1733 2000 1793 2054 τὸ
1822 2002 1930 2054 πᾶν
1958 1999 2051 2054 τοῦ

481 2086 732 2159 σώματος
758 2089 931 2155 οὕτως
974 2089 1104 2162 ἔχει’
1148 2090 1358 2163 κεφαλὴ
1391 2091 1692 2165 περιφερὴς
1721 2093 1782 2146 οὐ
1824 2108 2048 2164 σμικρα.

493 2179 691 2249 Ἐγγὺς
707 2180 872 2235 ἵππου
891 2183 1133 2254 παρειαί,
1157 2183 1371 2255 μυκτὴρ
1398 2185 1491 2237 ἐπὶ
1515 2182 1657 2254 μέγα
1680 2183 1942 2255 κεχηνὼς,
1961 2183 2055 2238 καὶ

479 2270 659 2324 πνέων
700 2270 920 2345 πυρώδη
951 2273 1176 2336 καπνὸν,
1210 2274 1285 2338 ὡς
1321 2274 1428 2328 ἀπὸ
1460 2274 1642 2346 πηγῆς
1669 2275 1858 2346 πυρός·
1893 2274 2054 2342 γένυς

480 2362 686 2433 εὐρεῖα,
718 2362 849 2416 ὡσεὶ
876 2366 967 2418 καὶ
992 2364 1213 2439 παρειά.
1244 2366 1421 2438 Μέχρι
1453 2364 1561 2420 τῶν
1594 2365 1879 2438 κροτάφων
1910 2365 2055 2419 άνοί-

480 2469 567 2522 γει
596 2451 656 2509 τὸ
702 2454 894 2527 στόμα.
939 2455 1091 2526 Ἔχει
1136 2454 1313 2510 δὲκαί
1359 2456 1677 2520 κυνόδοντας
1714 2456 2049 2528 καμπύλους,

479 2544 623 2601 κατὰ
674 2546 771 2617 μὲν
820 2545 919 2618 τὴν
961 2547 1103 2602 ἰδέαν
1153 2549 1247 2601 καὶ
1285 2547 1383 2619 τὴν
1430 2547 1578 2603 θέσιν
1619 2549 1695 2612 ὡς
1750 2549 1946 2615 ἵππος,
1992 2547 2053 2602 τὸ

479 2635 538 2691 δὲ
592 2636 822 2707 μέγεθος
877 2639 958 2702 εἰς
1003 2638 1342 2710 τριπλάσιον.
1395 2638 1463 2692 Ει
1514 2638 1725 2695 Plinius
1776 2640 1873 2696 lib.
1925 2655 2047 2704 vm,

481 2740 602 2798 cap.
628 2726 698 2781 39
729 2743 743 2779 ς
772 2725 952 2795 Major
981 2726 1262 2783 altitudine
1288 2730 1344 2783 in
1364 2729 1542 2785 eodem
1571 2728 1698 2783 Nilo
1728 2729 1903 2785 bellua
1935 2731 2053 2801 hip-

477 2827 788 2889 popotamus
840 2819 1015 2875 editur
1054 2836 1073 2876 :
1111 2822 1325 2892 ungulis
1369 2821 1568 2891 biﬁdis,
1612 2823 1795 2893 quales
1852 2823 2049 2889 bubus,

478 2911 637 2966 dorso
668 2913 807 2985 equi,
823 2923 873 2967 et
899 2912 1047 2978 iuba,
1075 2925 1126 2969 et
1151 2914 1379 2980 hinnitu,
1413 2924 1584 2969 rostra
1610 2917 1822 2983 resima,
1855 2917 2049 2981 cauda,

480 3011 532 3056 et
559 3000 801 3057 dentibus
831 3018 1101 3072 aprorum,
1136 3004 1356 3060 aduncis
1390 3005 1480 3060 sed
1504 3006 1676 3061 minus
1715 3008 1891 3063 noxiis
1912 3023 1933 3069 ;
1954 3017 2052 3063 ter-

479 3093 624 3164 goris
653 3093 723 3147 ad
748 3104 899 3151 scuta
939 3105 1219 3167 galeasque
1246 3097 1655 3166 impenetrabilis
1685 3109 1877 3169 praeter
1893 3116 2050 3171 quam

478 3184 528 3238 si
561 3183 777 3241 humore
807 3185 1040 3240 madeat.
1095 3186 1413 3257 Depascitur
1445 3199 1663 3261 segetes,
1699 3190 2049 3245 destinatione

480 3287 621 3345 ante,
656 3287 715 3332 ut
762 3278 961 3348 ferunt,
994 3278 1373 3336 determinatus
1406 3282 1462 3336 in
1513 3281 1672 3348 diem,
1701 3292 1754 3338 et
1801 3299 1867 3338 ea:
1922 3300 2046 3356 agro

480 3371 768 3441 ferentibus
799 3371 1052 3442 vestigiis,
1086 3388 1147 3427 ne
1167 3388 1284 3444 qua:
1304 3374 1579 3428 revertenti
1599 3372 1808 3428 insidia:
1836 3390 2050 3443 compa-

480 3470 683 3516 rentur.
717 3460 784 3515 Et
832 3462 928 3517 lib.
968 3478 1043 3527 tx,
1076 3478 1195 3534 cap.
1241 3464 1330 3529 ll,
1373 3465 1591 3520 diversa
1629 3464 1699 3520 ab
1736 3466 1947 3522 Achille
1995 3476 2049 3522 et

478 3550 769 3609 Eustathio
801 3554 1013 3619 scribit,
1051 3554 1470 3626 hippopotamos
1502 3558 1787 3621 duntaxat,
1823 3561 1964 3614 sicut
1993 3569 2048 3613 et

476 3644 680 3701 vitulos
705 3644 973 3716 aquatiles
995 3646 1145 3701 corio
1160 3655 1215 3702 et
1236 3646 1361 3717 pilis
1392 3647 1580 3716 integi.
1612 3646 1685 3702 De
1708 3647 1811 3703 hoc
1837 3648 2049 3705 Aristo-

477 3733 636 3800 teles,
666 3732 745 3789 De
772 3734 896 3792 hist.
930 3735 1093 3795 anim.
1128 3735 1223 3791 lib.
1250 3751 1312 3801 ιι,
1343 3751 1462 3807 cap.
1487 3737 1786 3805 7;Strabo,
1818 3738 1915 3794 lib.
1940 3756 2045 3807 xv;

477 3826 720 3885 Joannes
775 3829 906 3891 Leo.
961 3829 1343 3901 Descriptionis
1416 3830 1614 3900 Africa:
1670 3832 1764 3886 lib.
1818 3849 1904 3898 ιι,
1952 3834 2047 3904 qui

478 3921 647 3974 etiam
680 3934 777 3976 eos
806 3919 1012 3992 depiles
1047 3937 1171 3978 esse
1200 3921 1412 3977 scribit.
1439 3921 1517 3978 De
1553 3923 1674 3992 ejus
1703 3923 1758 3977 in
1790 3932 2047 3996 parentes

479 4008 758 4080 impietate
792 4019 847 4066 et
892 4012 1164 4083 injustitia
1197 4012 1551 4078 Plutarchus,
1582 4014 1675 4069 ιιι».
1712 4014 1787 4070 De
1827 4015 2048 4071 solertia

480 4103 679 4164 anim.;
703 4109 758 4158 et
786 4104 1061 4173 quomodo
1092 4105 1391 4176 symbolice
1429 4114 1582 4162 notet
1628 4106 2043 4177 impudentiam.

479 4192 648 4258 ldem,
667 4194 764 4249 lib.
794 4194 870 4249 De
887 4195 1052 4253 Iside.
1076 4195 1214 4250 Vide
1236 4195 1538 4263 jElianum,
1565 4197 1661 4252 lib.
1690 4212 1789 4263 vu,
1814 4213 1934 4268 cap.
1956 4197 2043 4262 l9,

478 4287 557 4341 De
603 4286 729 4343 hist.
775 4289 977 4354 anim.,
1006 4298 1061 4344 et
1111 4297 1307 4360 praeter
1348 4297 1572 4345 caeteros
1614 4287 1840 4355 Horum,
1891 4290 1966 4345 lib
2004 4307 2047 4355 ι,

477 4395 601 4451 cap.
640 4379 727 4435 16.

2155 1911 2242 1975 l9,
2278 1909 2356 1965 De
2381 1910 2569 1966 histor.
2597 1911 2783 1974 anim.,
2818 1910 2996 1980 pisces
3026 1911 3082 1964 in
3115 1910 3251 1965 locis
3283 1907 3500 1979 frigidis
3528 1921 3724 1977 parum

2154 2002 2358 2073 vigere.
2394 2000 2575 2069 Quare
2608 2001 2831 2056 minime
2861 2001 3060 2055 mirum
3089 2009 3173 2056 est
3218 1998 3451 2070 gelidam
3486 1998 3722 2052 hiemem

2155 2108 2345 2148 omnes
2377 2092 2602 2157 sentire,
2638 2090 2982 2162 maximeque
3010 2105 3129 2155 eos,
3166 2090 3258 2160 qui
3286 2088 3526 2160 lapidem
3555 2087 3724 2148 habe-

2154 2199 2212 2238 re
2247 2184 2303 2239 in
2335 2185 2513 2254 capite
2541 2184 2930 2240 existimantur
2960 2201 2975 2238 :
3008 2189 3063 2238 et
3106 2196 3232 2236 cum
3266 2194 3482 2251 asperae
3514 2179 3720 2233 hiemes

2157 2274 2375 2330 luerunt
2424 2275 2628 2331 multos
2677 2290 2852 2332 caecos
2893 2281 3084 2346 captos
3114 2272 3304 2337 fuisse,
3338 2271 3412 2326 ita
3450 2269 3721 2327 referente

2154 2366 2329 2422 Plinio
2349 2366 2446 2422 lib.
2478 2382 2555 2431 ιχ,
2587 2382 2709 2438 cap.
2740 2367 2842 2434 l6;
2870 2382 2936 2422 ex
2959 2364 3252 2422 Aristotele
3272 2362 3349 2417 De
3372 2363 3502 2417 hist.
3532 2362 3717 2423 anim,

2154 2459 2251 2514 lit).
2289 2474 2410 2524 vm,
2450 2474 2573 2530 cap.
2615 2459 2713 2526 l9;
2745 2463 2935 2528 sicque
2960 2458 3046 2513 his
3078 2455 3363 2512 mensibus
3381 2455 3571 2524 jacere
3603 2467 3718 2523 spe-

2156 2551 2334 2606 luncis
2359 2551 2634 2617 conditos,
2678 2550 2817 2607 alios
2849 2550 3053 2615 arenis,
3082 2550 3218 2623 alios
3247 2562 3513 2604 saxorum
3556 2561 3719 2614 angu-

2155 2640 2297 2696 stiis.
2322 2640 2428 2696 Ubi
2459 2655 2588 2696 vero
2610 2640 2926 2711 temperiem
2952 2641 3117 2717 aeris,
3139 2632 3195 2695 ei
3218 2638 3390 2695 maris
3410 2635 3718 2707 tranquilli-

2154 2740 2320 2788 tatem
2374 2732 2783 2802 prazsenserint,
2828 2732 3089 2789 continuo
3143 2747 3203 2788 se
3246 2730 3443 2787 eh‘erre
3474 2731 3719 2786 choreas-

2154 2839 2260 2895 que
2290 2824 2511 2880 ducere.
2538 2823 2890 2880 Cultissimus
2916 2822 3189 2889 Aillianus,
3212 2823 3307 2879 lib.
3351 2838 3432 2889 ιι,
3466 2838 3593 2893 cap.
3620 2822 3715 2878 5'1:

2166 2918 2255 2973 ‘Ev
2283 2916 2341 2971 δὲ
2372 2914 2448 2987 τῷ
2477 2914 2705 2987 χειμῶνι
2735 2914 3048 2987 βιαιοτάτῳ,
3086 2913 3458 2986 κυμαινούσης
3501 2915 3601 2984 μὲν
3627 2914 3717 2983 τῆς

2155 3006 2451 3078 θαλάσσης,
2482 3007 2716 3081 σκληρόν
2753 3025 2817 3078 γε
2846 3008 2953 3063 τῶν
2983 3008 3197 3079 ἀνέμων
3230 3008 3324 3061 καὶ
3354 3006 3536 3078 βίαιον
3560 3023 3717 3060 κατα-

2155 3100 2444 3166 πνεόντων,
2471 3100 2751 3173 φρίττουσι
2771 3102 2871 3174 τὴν
2893 3101 3188 3172 σύντροφόν
3219 3117 3280 3154 τε
3300 3100 3418 3171 ἅμα
3447 3101 3547 3154 καὶ
3568 3099 3717 3171 φίλην

2150 3195 2199 3249 οἰ
2232 3192 2412 3265 ἰχθύες
2448 3193 2737 3249 θάλατταν.
2774 3195 2885 3249 Καὶ⁵
2916 3195 2966 3248 οἰ
3011 3195 3110 3265 μὲν
3151 3194 3330 3248 αὐτῶν
3361 3196 3479 3259 τοῖς
3523 3209 3715 3263 πτερυ-

2147 3284 2288 3354 γίοις
2333 3283 2654 3356 ἐπαμῶνται
2696 3284 2796 3357 τὴν
2824 3283 3077 3356 ψάμμον,
3128 3284 3224 3338 καὶ
3266 3284 3497 3347 ἑαυτοὺς
3528 3284 3715 3355 ἐπηλυο

2147 3376 2417 3445 γάσαντες
2457 3376 2880 3431 ὑποθάλπουσιν·
2917 3379 2967 3430 οἰ
3000 3376 3055 3430 δὲ
3088 3374 3435 3429 ὑπειλοῦνταί
3467 3392 3592 3430 τινα
3625 3374 3713 3427 ne-

2150 3484 2305 3541 τραν,
2330 3470 2388 3522 ὲν
2410 3468 2586 3541 σκέπῃ
2613 3484 2673 3521 τε
2693 3466 2785 3523 τοῦ
2807 3466 3021 3539 κρύους,
3040 3468 3132 3520 καὶ
3146 3462 3204 3520 εὖ
3226 3465 3371 3537 μάλα
3387 3483 3452 3534 γε
3473 3466 3715 3537 ἀσμένως

2150 3556 2533 3630 ἡσυχάζουσιν·
2567 3559 2616 3612 οἰ
2650 3557 2707 3612 δὲ
2737 3558 2796 3621 ἐς
2821 3559 2946 3621 τοὺς
2975 3557 3177 3629 μυχοὺς
3202 3556 3297 3611 τοῦ
3328 3556 3605 3626 πελάγους
3626 3573 3713 3609 κα-

2146 3650 2446 3715 ταθέοντες,
2489 3646 2606 3704 εἶτα
2637 3650 2737 3721 τὴν
2773 3648 2978 3704 ἄνωθεν
3019 3649 3218 3721 φρίκην
3252 3649 3539 3715 ἐξέκλιναν
3576 3649 3715 3703 κάτω

2147 3743 2242 3797 καὶ
2263 3743 2321 3795 ὲν
2349 3741 2513 3814 βυθῷ.
2537 3732 2650 3812 Ούχ
2683 3739 2856 3804 οὕτως
2896 3740 3005 3811 γάρ
3034 3757 3218 3810 φασιν,
3254 3738 3443 3812 ὥσπερ
3490 3736 3584 3795 οὖν
3616 3740 3716 3793 ἄνω

2146 3834 2450 3890 διοιδαίνειν
2482 3851 2543 3888 τε
2585 3835 2678 3889 καὶ
2696 3833 2917 3888 τύπτειν
2938 3833 3000 3886 τὸ
3017 3832 3168 3905 κῦμα
3190 3835 3493 3905 ἀγριαῖνον.
3524 3834 3717 3904 Ὕπαρ-

2148 3929 2374 4001 χομὲνου
2396 3928 2455 3983 δὲ
2485 3926 2579 3981 τοῦ
2617 3923 2770 3998 ἦρος,
2805 3926 2899 3980 καὶ
2928 3924 3021 3979 τοῦ
3056 3926 3153 3997 μὲν
3184 3926 3343 3998 ἀέρος
3376 3925 3609 3997 φαιδροῦ
3631 3942 3715 3993 γε-

2146 4020 2393 4090 νομένου,
2426 4017 2534 4073 τῶν
2571 4018 2628 4071 δὲ
2671 4017 2852 4087 φυτῶν
2880 4016 3094 4072 θάλλειν
3123 4016 3463 4089 ἀρχομένων,
3495 4015 3713 4070 καὶτῶν

2147 4110 2423 4182 λειμώνων
2452 4109 2522 4164 τά
2553 4110 2826 4181 σύντροφα
2855 4108 3166 4181 κομώντων,
3198 4108 3410 4180 γαληνά
3438 4126 3502 4162 τε
3532 4108 3604 4162 τὰ
3627 4106 3710 4162 τοῦ

2148 4204 2416 4273 πελάγους
2437 4205 2533 4257 καὶ
2547 4204 2774 4258 ὑπεύδια
2793 4202 3100 4274 αἰσθόμενοι
3121 4203 3170 4254 οἰ
3200 4199 3401 4271 ἰχθύες,
3432 4200 3709 4254 ἀναθέουσι

2147 4297 2243 4351 καὶ
2276 4295 2505 4368 πηδῶσι,
2534 4296 2629 4348 καὶ
2656 4295 2880 4368 πλησίον
2905 4295 3003 4365 τῆς
3024 4294 3125 4365 γῆς
3149 4295 3404 4365 νήχονται
3431 4291 3705 4365 ὡσπεροῦν

2145 4389 2371 4460 ἥκοντες
2416 4388 2474 4455 ἐξ
2523 4387 2854 4461 ἀποδημίας.
2900 4386 3013 4443 Nec
3059 4395 3345 4458 propterea
3392 4384 3705 4439 Aristoteles

550 4469 711 4535 lbid.,
740 4468 835 4524 lin.
865 4470 954 4525 54.
980 4470 1090 4524 Καὶ
1129 4470 1300 4525 ἐστιν
1340 4469 1825 4541 ἁδηφαγώτατον.
1860 4470 2041 4525 Achil-

2154 4490 2310 4551 negat
2346 4480 2527 4551 pisces
2553 4496 2779 4538 voraces
2803 4495 2925 4537 esse
2945 4487 3000 4536 et
3020 4482 3263 4551 gulosus,
3282 4478 3380 4534 sed
3398 4479 3452 4533 id
3472 4478 3544 4533 ad
3556 4479 3703 4532 aliam

477 4562 560 4617 les
590 4561 819 4627 Statius,
842 4561 938 4616 lib.
970 4576 1057 4615 tv:
1090 4561 1313 4633 Πρῶτον
1350 4561 1450 4633 μὲν
1481 4561 1582 4633 τὴν
1615 4560 1777 4631 φύσιν
1811 4561 1906 4615 τοῦ
1945 4560 2043 4633 θη-

479 4655 596 4734 ρίου
628 4654 967 4723 καταλέγων,
999 4650 1119 4708 εἶτα
1149 4653 1359 4708 καὶτὸν
1389 4653 1589 4726 τρόπον
1614 4654 1713 4726 τῆς
1739 4655 1934 4727 ἄγρας,
1971 4653 2047 4718 ὥς

476 4746 593 4799 ἐστι
643 4745 742 4814 μὲν
780 4742 1225 4813 ἀδηφαγιῗπατον,
1284 4743 1379 4796 καὶ
1418 4745 1651 4795 ποιεῖται
1695 4743 1900 4815 τροφὴν
1927 4741 2046 4797 ὅλον

474 4835 642 4907 λήϊον.
671 4832 897 4890 Nonnus
926 4833 1284 4905 Dionysiacon
1307 4834 1404 4888 lib.
1430 4849 1555 4888 xxvi
1584 4852 1597 4888 :

789 4976 860 4987 ——
891 4946 1056 5013 ὲώιος
1096 4946 1276 5012 Ἰνδὸς
1300 4945 1625 5014 ’Υδάσπης.

473 5016 634 5073 Κεῖθι
666 5016 1086 5086 μελαμψηερίδι
1121 5016 1379 5082 διαξύων
1396 5018 1546 5085 ῥόον
1570 5016 1728 5086 ὁπλῇ

474 5087 734 5157 Νῄχεται
761 5086 1041 5157 Δὑδατόιιις
1069 5086 1396 5156 ποταμήϊος
1427 5087 1609 5157 ἵππος
1640 5086 1870 5156 ἀλήτης

479 5153 614 5221 Οἷός
640 5154 786 5227 ἐμοῦ
802 5226 807 5227 ί
825 5158 1058 5211 Νείλοιο
1088 5153 1415 5225 θερεὶγένὲς
1433 5153 1608 5227 οἶδμα
1628 5153 1959 5226 χαράσονωνι

474 5225 743 5297 Ναιετᾴει
768 5226 1007 5292 βυθίοιο
1031 5227 1104 5280 δι’
1135 5226 1350 5293 ὕδατος
1384 5225 1800 5297 amasset:an
1900 5244 1903 5245 '

474 5295 824 5367 Μηκεδανὸς
850 5297 1184 5367 τενέεσσιν,
1218 5298 1307 5351 ἐπ’
1338 5295 1626 5367 αἰγιαλοῖο
1649 5296 1717 5350 δὲ
1739 5298 1940 5362 βαίνει

474 5365 670 5436 Aburii
697 5365 1122 5436 καρχαρόδοντι
1152 5365 1467 5435 διασχίζων
1483 5366 1666 5436 ῥάχιν
1694 5368 1848 5436 ὕλης

476 5438 584 5516 Καὶ
604 5435 809 5516 διερὴν
827 5437 1166 5516 ἀχᾴρακτον
1186 5436 1539 5516 exoravere)?
1552 5435 1786 5516 ἅρπαγα
1804 5438 2045 5508 καρπῶν

476 5505 719 5577 ῼΙιμηλῇ
743 5505 1007 5577 (ipsde
1034 5505 1427 5576 σταχυηφόρα
1448 5505 1595 5574 λήϊα
1620 5505 1818 5577 τέμνει

489 5574 735 5643 Ὰμητὴρ
755 5574 1043 5645 ἀσίδηρος
1071 5574 1491 5647 ἀμφιλοφῖρου
1524 5574 1803 5633 conicio.

476 5662 746 5729 Albanus,
773 5666 867 5720 lib.
894 5684 947 5730 v,
976 5684 1096 5739 cap.
1129 5669 1217 5733 55,
1256 5678 1310 5722 et
1340 5670 1565 5733 Plinius,
1592 5671 1687 5725 lib.
1717 5688 1829 5727 vut.

547 5754 706 5823 Ibid.,
734 5756 831 5812 lin.
863 5757 951 5817 55.
1003 5758 1163 5814 Ἁπάι
1183 5778 1214 5831 ῃ
1246 5759 1313 5813 δὲ
1344 5760 1607 5833 θηρᾶται.
1650 5761 1848 5819 Eadem
1880 5764 2042 5819 habet

2148 4587 2393 4635 causam,
2416 4587 2523 4626 non
2545 4573 2610 4627 ad
2630 4572 2867 4627 calorem
2891 4570 3079 4634 refert,
3101 4585 3223 4640 qua:
3240 4578 3297 4625 et
3318 4569 3498 4641 magis
3519 4567 3705 4625 verosi-

2148 4664 2293 4720 milis
2310 4664 2550 4733 videtur;
2569 4666 2710 4720 libro
2728 4664 2874 4721 enim
2893 4680 2976 4728 ιιι,
2996 4662 3075 4718 De
3095 4671 3236 4731 part.
3249 4663 3444 4726 anim.,
3460 4677 3585 4732 cap.
3606 4660 3664 4715 ll
3692 4700 3700 4711 .

2149 4755 2321 4811 Genus
2344 4758 2567 4826 piscium
2597 4773 2768 4823 omne,
2792 4757 3039 4827 quoniam
3057 4754 3229 4809 cibum
3254 4757 3431 4808 minus
3462 4755 3699 4823 conﬁcere

2145 4848 2334 4917 possit,
2379 4849 2645 4919 crudaque
2692 4856 2886 4919 egerat,
2918 4857 2967 4901 et
3017 4860 3181 4901 uorax
3235 4853 3286 4900 et
3322 4844 3575 4915 gulosum
3612 4851 3697 4898 est.

2149 4935 2355 4991 thera
2387 4939 2546 4991 etiam
2579 4939 2779 5001 omnia,
2803 4937 2992 5009 quibus
3015 4935 3266 4991 intestina
3294 4944 3421 4990 sunt
3444 4945 3612 4997 recta,
3636 4936 3700 4986 ci-

2147 5029 2330 5083 borum
2363 5028 2518 5083 avida
2537 5040 2675 5084 sunt.
2696 5029 2828 5085 Cum
2848 5030 2984 5084 enim
3007 5028 3153 5082 cibus
3180 5028 3417 5083 celeriter
3446 5036 3697 5098 egeram,

2148 5121 2473 5192 proindeque
2497 5121 2663 5176 breuis
2692 5139 2821 5177 usus
2851 5120 3173 5191 fruendisit,
3197 5120 3335 5174 breui
3369 5129 3608 5190 repetant
3632 5118 3697 5169 ci-

2148 5211 2271 5267 bum
2294 5213 2449 5266 avida
2476 5229 2682 5269 necesse
2708 5222 2807 5271 est.

2215 5303 2374 5369 Ibid.,
2410 5305 2507 5359 lin.
2548 5304 2600 5360 9.
2656 5307 2719 5361 Ἠ
2751 5307 2819 5359 δὲ
2849 5306 3180 5374 θαλάσσιος
3219 5304 3491 5372 ἀλώπηξ.
3546 5304 3696 5359 Aliter

2142 5396 2247 5452 hoc
2280 5406 2466 5453 narrat
2489 5397 2739 5454 IElianus
2767 5398 2844 5454 De
2872 5399 2994 5455 hist.
3027 5400 3328 5465 anim.,lib.
3363 5411 3582 5468 Ix,cap.
3606 5394 3691 5459 ης

2145 5488 2382 5542 aitenim
2414 5487 2626 5559 vulpem
2651 5489 2915 5544 marinam
2946 5490 3107 5544 hamo
3126 5489 3384 5545 devorato
3415 5488 3601 5543 omnia
3628 5486 3695 5539 in-

2146 5566 2347 5634 teriora
2391 5595 2642 5636 evomere
2668 5590 2923 5653 tanquam
2952 5590 3159 5637 vestem
3193 5582 3578 5643 invertentem,
3604 5578 3689 5633 do-

2144 5686 2245 5726 nec
2287 5673 2508 5727 hamum
2559 5680 2765 5743 egerat,
2803 5673 3000 5730 deinde
3028 5674 3332 5733 resorbere.
3374 5673 3455 5729 Ex
3490 5672 3690 5733 Alliam

2142 5763 2433 5831 exscripsit
2462 5763 2615 5821 Phile
2650 5765 2704 5821 in
2727 5763 2926 5826 Ianthis
2953 5783 2972 5823 :
