3810 6168
410 290 510 345 891

403 1053 515 1123 ραί.
573 1053 652 1109 De
695 1059 872 1113 avium
922 1065 1235 1132 generibus,
1295 1068 1552 1140 ingeniis,
1603 1053 1976 1146 facultatibus,

399 1145 722 1215 caeterisque
745 1148 809 1203 ad
828 1165 923 1206 eas
945 1157 1320 1222 spectantibus
1342 1159 1521 1228 plura,
1555 1170 1609 1217 et
1633 1164 1973 1233 Aristoteles,

397 1244 453 1290 et
472 1235 700 1304 Plinius,
735 1248 790 1295 et
823 1240 1098 1312 Elianus,
1147 1257 1199 1302 et
1229 1247 1487 1308 Albertus
1518 1252 1744 1325 Magnus
1775 1265 1829 1313 et
1858 1260 1972 1324 alii,

397 1341 534 1394 quos
563 1327 611 1382 si
657 1329 789 1385 libet
819 1333 927 1386 adi.
966 1333 1144 1389 Unum
1180 1346 1393 1394 tantum
1435 1341 1746 1401 Aristotelis
1793 1348 1973 1404 locum

394 1413 449 1468 in
481 1416 719 1472 medium
769 1420 991 1476 aﬂ‘eram
1035 1441 1100 1480 ex
1135 1426 1230 1482 lib.
1272 1445 1335 1484 ιιι
1393 1430 1471 1487 De
1503 1435 1744 1503 partibus
1781 1440 1968 1506 anim.,

392 1503 556 1573 capit.
610 1507 698 1573 11,
751 1510 843 1579 qui
880 1515 1064 1569 omnia
1116 1516 1232 1574 hac
1285 1536 1405 1590 quae
1444 1537 1474 1576 a
1518 1532 1708 1582 nostro
1747 1503 1970 1587 auctore

392 1597 600 1653 strictis
629 1607 683 1655 et
714 1603 1060 1671 paucissimis
1112 1611 1294 1666 verbis
1329 1615 1690 1686 attinguntur,
1721 1623 1964 1691 exponit,

387 1703 618 1758 qumque
639 1698 1020 1751 commentarii
1048 1698 1166 1754 loco
1186 1701 1464 1760 deservire
1487 1719 1745 1777 possunt:
1765 1712 1963 1768 Avibus

389 1794 467 1841 os,
491 1779 632 1847 quod
666 1791 898 1837 rostrum
945 1797 1182 1852 vocatur,
1228 1790 1324 1846 hoc
1360 1795 1500 1848 enim
1545 1813 1640 1866 pro
1696 1798 1861 1854 labris
1915 1811 1964 1855 et

385 1867 628 1925 dentibus
658 1872 870 1942 habent,
907 1878 996 1931 sed
1029 1882 1171 1936 varie
1205 1898 1303 1947 pro
1337 1901 1434 1939 usu
1487 1896 1538 1942 et
1579 1891 1818 1956 auxilio;
1849 1909 1965 1962 quia

382 1962 528 2014 enim
567 1963 788 2020 aduncis
818 1969 1077 2040 unguibus
1116 1984 1262 2040 sunt,
1294 1979 1544 2046 quoniam
1575 1997 1734 2036 carne
1762 1984 1958 2052 vivunt,

380 2058 431 2104 et
485 2053 637 2106 nullo
685 2054 862 2123 fructu
901 2069 1212 2129 vescuntur,
1272 2077 1506 2121 rostrum
1551 2072 1732 2126 omnia
1772 2073 1962 2130 habent

380 2141 666 2200 aduncum.
713 2146 840 2202 Tale
883 2152 1020 2204 enim
1060 2162 1169 2207 tum
1198 2155 1267 2209 ad
1309 2159 1657 2228 retinendum,
1694 2171 1804 2218 tum
1842 2182 1959 2222 vero

379 2234 450 2287 ad
481 2237 584 2290 vim
616 2239 945 2308 inferendam
986 2249 1311 2306 commodius
1341 2261 1496 2323 atque
1531 2257 1708 2325 aptius
1736 2268 1851 2322 est;
1883 2262 1957 2315 vis

379 2337 555 2382 autem
586 2331 640 2384 in
681 2331 796 2398 hoc,
835 2344 885 2388 et
929 2336 984 2390 in
1019 2340 1280 2409 unguibus
1322 2345 1429 2398 sita
1467 2356 1564 2400 est.
1607 2347 1754 2403 Unde
1783 2352 1866 2421 ﬁt,
1900 2362 1958 2406 ut

374 2435 570 2490 ungues
603 2423 764 2477 etiam
794 2425 1023 2483 habeant
1050 2431 1383 2490 adunciores.
1419 2435 1746 2495 therarum
1781 2445 1956 2498 avium

373 2520 606 2567 rostrum
665 2515 794 2570 utile
833 2517 903 2571 ad
951 2521 1143 2576 victum
1180 2525 1432 2597 cujusque
1474 2538 1574 2594 est,
1613 2532 1753 2585 verbi
1781 2537 1955 2603 gratia

373 2601 580 2658 roborei
628 2610 854 2676 generis,
905 2620 956 2664 et
997 2615 1198 2668 corvini
1229 2617 1524 2687 robustum,
1566 2630 1720 2692 atque
1741 2626 1955 2692 prwdn-

372 2710 491 2748 rum
526 2713 582 2752 os
613 2707 691 2753 est
721 2716 740 2754 :
782 2703 972 2758 minuti
1012 2709 1213 2776 generis
1246 2710 1414 2764 latum
1451 2712 1520 2765 ad
1555 2723 1710 2770 terra:
1746 2718 1951 2786 fructus

371 2787 714 2858 colligendos,
741 2801 791 2846 et
829 2793 898 2847 ad
915 2795 1163 2853 bestiolas
1195 2803 1477 2871 capiendas
1517 2805 1785 2861 idoneum.
1821 2810 1952 2875 Quae

370 2889 547 2932 autem
575 2881 747 2937 herbis
790 2885 987 2953 vivunt,
1018 2907 1233 2962 qumque
1268 2894 1408 2958 apud
1437 2896 1657 2962 paludes
1688 2900 1947 2968 victitant,

369 2977 430 3022 ut
460 2982 665 3039 nantes,
705 2983 754 3028 et
795 2977 1114 3047 palmipedes
1153 2984 1350 3050 partim
1396 2986 1504 3040 alio
1535 2990 1763 3058 quodam
1798 2992 1950 3046 modo

367 3061 530 3114 rostri
589 3066 1017 3123 commoditatem
1080 3071 1358 3141 obtinent,
1405 3080 1603 3146 partim
1672 3081 1950 3138 latitudine

367 3151 531 3204 rostri
567 3151 670 3206 sibi
712 3155 989 3224 sufﬁciunt
1022 3175 1040 3213 :
1081 3164 1270 3233 quippe
1314 3181 1432 3233 quae
1470 3178 1646 3226 rostro
1687 3171 1950 3241 ejusmodi

365 3239 604 3310 infodere
634 3246 860 3312 possint,
896 3250 1051 3319 quale
1078 3253 1213 3308 inter
1252 3257 1618 3329 quadrupedes
1647 3239 1809 3318 etiam
1837 3265 1948 3319 suis

361 3340 483 3400 est;
516 3349 636 3388 nam
669 3336 715 3390 is
753 3337 892 3406 quod
925 3341 1163 3398 radicum
1194 3355 1437 3415 appetens
1468 3359 1567 3405 est.
1604 3351 1746 3418 Quin
1784 3355 1948 3410 etiam

364 3443 507 3492 aves,
531 3445 649 3499 quae
682 3429 792 3487 lato
819 3442 943 3487 sunt
973 3444 1146 3491 rostro
1176 3438 1482 3510 radicesque
1506 3443 1717 3511 esitant,
1741 3455 1791 3499 et
1821 3447 1948 3501 reli-

360 3535 585 3592 quarum
611 3523 774 3579 victus
801 3525 994 3580 similis
1021 3528 1290 3583 nonnullae
1308 3542 1571 3587 serratum
1593 3536 1755 3590 rostri
1774 3545 1947 3592 extre-

359 3629 505 3667 mum
530 3615 766 3670 habent:
801 3618 878 3672 ita
908 3620 1046 3674 enim
1072 3620 1354 3675 herbarum
1390 3635 1606 3694 carptus
1639 3643 1740 3696 quo
1768 3629 1946 3683 vivunt

358 3706 571 3774 facilius
596 3709 793 3778 agitur.
840 3709 950 3766 Nec
1007 3719 1217 3768 tantum
1269 3716 1338 3770 ad
1375 3719 1686 3773 necessaria
1721 3735 1942 3793 compa-

355 3801 529 3855 randa
560 3803 633 3855 ita
665 3810 790 3856 nata
822 3811 952 3858 sunt
1004 3807 1286 3873 animalia,
1331 3809 1427 3864 sed
1460 3819 1522 3863 ut
1569 3811 1942 3870 instrumenta

353 3890 614 3958 habeant,
642 3894 845 3963 quibus
883 3911 941 3951 se
980 3897 1050 3951 ab
1084 3898 1431 3954 inimicorum
1480 3901 1718 3968 insidiis,
1753 3906 1868 3962 sive
1901 3907 1940 3963 ii

354 3981 603 4040 homines
653 3987 784 4050 sint,
837 3987 952 4042 sive
1001 3988 1196 4044 bellum
1225 3991 1542 4061 defendant,
1584 4012 1708 4066 qua:
1754 4001 1938 4055 omnia

351 4074 556 4144 optime
620 4085 844 4143 norunt,
897 4086 952 4134 et
1011 4079 1138 4134 dum
1211 4085 1430 4140 occasio
1488 4085 1655 4142 fuerit
1700 4091 1937 4150 scientes

349 4174 605 4221 utuntur.
629 4167 1070 4241 Theophylactus
1103 4171 1412 4232 Simocatus
1454 4178 1510 4232 in
1541 4179 1743 4244 Quaest.
1777 4196 1936 4238 natu-

349 4260 573 4326 ralibus,
601 4271 797 4332 quaest.
829 4263 863 4318 5
893 4282 905 4317 :
948 4265 1133 4319 Ἔστιν
1159 4268 1412 4340 αἴσθησις
1437 4273 1532 4325 καὶ
1568 4278 1684 4338 τοῖς
1719 4275 1935 4344 ἀλόγοις

346 4353 529 4420 ζώοις,
573 4355 941 4429 Πολύκρατες,
989 4359 1111 4413 καθ’
1155 4362 1222 4432 ἢν
1267 4365 1364 4436 τῆς
1407 4367 1614 4432 οἰκείας
1658 4373 1932 4442 σωτηρίας

344 4447 679 4522 ἀπειλήφασι
705 4451 803 4520 τὴν
825 4450 1135 4520 διάγνωσιν.
1161 4451 1312 4508 Οἶδεν
1339 4459 1371 4527 ἠ
1401 4459 1572 4529 σηπία
1603 4464 1702 4532 τῆς
1720 4464 1928 4527 οἰκείας

345 4538 538 4608 ἀχλύος
564 4540 625 4594 τὸ
657 4541 896 4612 σόφισμα
925 4544 1018 4596 καί
1045 4561 1145 4597 που
1177 4545 1436 4618 θηραταῖς
1457 4549 1718 4621 ἀορασίαν
1751 4554 1926 4626 ἄγρας

345 4629 621 4701 ἐνέθηκεν.
655 4629 774 4686 Οῐδε
803 4634 871 4687 τὰ
895 4634 1232 4708 γαμψώνυχα
1252 4639 1349 4710 τὴν
1377 4640 1466 4694 διὰ
1490 4642 1598 4695 τῶν
1618 4643 1823 4715 ὀνύχων
1839 4647 1927 4700 ἀλ-

343 4723 465 4793 κήν.
486 4720 638 4779 Οἶδεν
661 4728 689 4779 ό
717 4725 927 4796 λαγωὸς
951 4728 1036 4782 διὰ
1057 4729 1150 4782 τοῦ
1167 4731 1367 4803 δρόμου
1393 4735 1604 4806 καὶτῆς
1619 4737 1727 4792 τῶν
1752 4739 1924 4792 ποδῶν

340 4813 596 4888 ὀξύτητος
633 4820 930 4888 κυνηγέτου
968 4821 1260 4887 ἐπιϐουλὰς
1298 4826 1738 4897 ἀποπέμπεσθαι.
1769 4827 1924 4886 Οἶδεν

341 4908 374 4977 ἡ
402 4907 594 4979 ἔλαφος
620 4912 1026 4985 ἀποκειραμένη
1052 4916 1121 4970 τὰ
1153 4917 1360 4989 κέρατα
1391 4920 1784 4994 ἀσθενεστέραν
1823 4923 1921 4996 τὴν

339 4998 501 5068 φύσιν
547 5001 849 5072 ἀμύνεσθαι
894 5007 1019 5070 τοὺς
1039 5006 1418 5080 ·λυπήσαντας,
1450 5022 1556 5071 etc.
1601 5014 1814 5083 Cicero,
1847 5017 1924 5073 De

340 5091 534 5159 finibus
566 5094 662 5150 lib.
693 5111 749 5156 v,
775 5097 868 5166 qui
899 5098 1152 5154 laudatur
1180 5116 1210 5154 a
1247 5101 1422 5159 Nonio
1457 5105 1714 5163 Marcello
1748 5129 1761 5164 :
1787 5109 1917 5165 Ser-

335 5199 454 5250 pere
483 5187 815 5256 anguiculos,
862 5199 1052 5245 natare
1090 5196 1413 5261 anaticulas,
1455 5200 1630 5255 volare
1662 5205 1915 5272 merulas,

335 5276 581 5332 cornibus
617 5280 696 5332 uti
737 5281 1006 5337 videamus
1052 5284 1200 5340 boves
1246 5289 1366 5359 (ego
1398 5291 1628 5361 legerem
1667 5296 1915 5350 cornibus

334 5367 480 5436 niti),
513 5385 670 5438 nepas
718 5374 937 5439 aculeis,
986 5391 1140 5431 suam
1181 5379 1400 5450 denique
1445 5384 1629 5454 cuique
1665 5397 1915 5442 naturam

332 5457 530 5511 essead
550 5461 818 5516 vivendum
849 5465 1055 5531 ducem;
1086 5476 1141 5522 et
1171 5471 1568 5530 mellitissimus
1597 5475 1908 5534 Anacreon:

685 5601 870 5676 φύσις
898 5604 1114 5676 κέρατα
1142 5608 1394 5676 ταύροις,

700 5670 917 5750 Ὡῆιὰς
944 5670 994 5724 δ’
1027 5670 1261 5750 ἕδωκειξ
1284 5670 1504 5750 irrisio/5,

689 5737 994 5810 Ηοδωκίην
1025 5748 1296 5814 λαγωοῖς,

1715 310 1960 368 LEONIS
1982 313 2257 373 ALLATH

409 404 559 462 hom.
584 407 649 462 8:
671 405 832 464 Ἀλλο
853 413 950 483 μὲν
976 408 1068 469 οὖν
1091 416 1246 484 γένος
1269 419 1331 471 τὸ
1354 419 1462 472 τῶν
1489 427 1869 494 σαρκοφάγων,
1894 430 1986 483 καὶ
2015 439 2061 490 Α

409 496 545 568 ἄλλη
576 504 889 576 κατασκευὴ
914 507 1197 577 πρέπουσα
1220 509 1297 580 τῷ
1319 511 1503 584 τρόπῳ
1530 515 1630 584 τῆς
1654 517 1862 590 διαίτης
1890 521 1988 572 αὑ-

407 590 538 654 τῶν,
571 593 776 664 ὀνύχων
805 598 999 669 ἀκμαί,
1038 604 1131 655 καὶ⁵
1165 604 1338 673 χεῖλος
1376 608 1628 675 ἀγκύλον,
1663 613 1756 666 καὶ
1789 617 1988 688 πτερὸν

408 679 523 746 ὀξὺ,
551 680 691 737 ὥστε
724 688 817 740 καὶ
852 690 1220 763 συλληφθῆναι
1266 698 1463 768 ῥᾳδίως
1502 702 1561 755 τὸ
1605 703 1847 777 θήραμα,
1894 679 1986 764 καὶ

407 771 780 848 διασπαραγὲν
819 785 1027 855 τροφὴν
1064 784 1142 856 τῷ
1172 787 1344 843 ἑλόντι
1389 771 1691 860 γενέσθαιοη
1878 801 1984 858 τῶν

407 868 796 940 σπερμολόγων
823 877 1152 949 κατασκευὴ,
1185 880 1315 952 ἄλλη
1347 883 1454 938 τῶν
1479 887 1544 939 ὲκ
1570 890 1769 954 παντὸς
1790 868 1984 964 τρεφο-

407 962 584 1030 μένων
606 963 699 1018 τοῦ
726 970 1096 1040 συντυχόντος,
1122 975 1216 1027 καὶ
1237 978 1294 1030 ὲν
1312 977 1521 1043 τούτοις
1541 982 1786 1037 πλεῖσται
1806 986 1982 1057 διαφο-

3567 351 3667 407 892

2441 444 2660 521 ᾼέρυονι
2697 448 2882 521 χάσμ’,
2913 452 3190 521 ὀδόντων,

2441 516 2567 592 [oio
2595 519 2612 568 l
2616 521 2796 592 101591
2817 516 2891 575 ’τὸ
2922 527 3167 592 νηκτόν,

2443 586 2570 661 (hic
2598 589 2828 661 ὀρνέοις
2858 586 3169 661 neruo-0m,

2444 656 2571 734 ζοῖς
2603 659 2861 734 ἁχδράσι
2881 656 3189 734 φρόνημά.

2434 728 2734 803 {premar
2749 728 2945 803 pone?
2971 728 3152 803 εἶχέν.

2534 793 2658 875 οὖν⁵
2676 799 2917 875 alaeam;
2943 793 3200 875 Κὰίκὶλος,

2453 867 2592 920 ’Art’
2626 869 2903 925 ἀσπίδων
2933 867 3204 932 emaci»:

2445 937 2586 1007 ἐυτ’
2615 939 2840 1007 ἐγχέων
2863 944 3162 1000 ἁπάντων·

2431 1005 2583 1082 ζγικᾷ
2709 1005 2808 1064 καὶ
2836 1014 3108 1082 σίδηρον,

2427 1078 2539 1131 Καὶ
2574 1079 2694 1147 πῦρ
2731 1081 2888 1150 καλή
2922 1078 3010 1151 τῖς
3041 1084 3218 1143 οὖσα.

2082 1205 2145 1260 Ει
2171 1207 2522 1282 Phocylides:

2079 1321 2301 1415 32.1.207-
2331 1324 2584 1415 ἑκάστῳ.
2608 1329 2776 1415 Κεᾷιε
2807 1335 2950 1415 Θεὸς
2999 1340 3212 1415 φύσινΔ
3232 1343 3611 1415 ἠερόφοιτονο

2078 1392 2301 1484 Pomm
2324 1392 2715 1484 {sermolibri
2735 1392 3034 1484 ταχύτῇττ,
3070 1392 3629 1484 figendi,

2079 1464 2319 1556 ¹ζοιύροις
2335 1465 2387 1518 δ’
2485 1486 2548 1522 το
2551 1464 2754 1556 χύέρις
2766 1464 3067 1545 κεράεσσι,
3082 1464 3658 1556 κένέραξιίεξέῖἇέἆίξι,

2076 1533 2376 1602 Ἔμςρυτον
2402 1533 2594 1610 ἄλκάρ
2617 1533 2857 1599 ἔδωκειᾶ

2068 1642 2298 1714 Plinius,
2331 1648 2426 1705 lib.
2462 1667 2517 1716 ιι,
2547 1667 2667 1724 cap.
2692 1655 2783 1721 24,
2814 1657 3160 1718 hirundinem
3197 1667 3366 1722 solam
3395 1686 3553 1726 avem
3588 1689 3656 1727 ex

2069 1736 2158 1802 iis,
2201 1752 2322 1807 quae
2369 1741 2614 1801 aduncos
2666 1763 2876 1819 ungues
2928 1768 3039 1807 non
3106 1756 3327 1823 habent,
3387 1763 3656 1820 carnibus

2069 1831 2218 1886 vesci
2251 1841 2423 1890 notat.

2138 1921 2299 1990 ιδιά..
2351 1928 2450 1985 lin.
2488 1930 2578 1985 40.
2625 1934 2734 1987 Kal
2770 1935 2841 1988 τὰ
2863 1937 2980 2006 μὲν
3006 1939 3178 1995 ἐστιν
3209 1943 3460 2016 ἄναρχα.
3497 1947 3652 2005 Basi-

2066 2014 2195 2082 lius,
2223 2018 2370 2074 hom.
2399 2022 2463 2076 8:
2498 2024 2668 2080 Πάλιν
2705 2029 2763 2080 ὲν
2795 2029 3005 2095 τούτοις
3027 2034 3095 2086 τὰ
3133 2037 3232 2105 μὲν
3261 2014 3475 2111 ἄναρχά
3509 2044 3646 2106 ἐστι,

2067 2109 2161 2162 καὶ
2192 2106 2302 2165 οἷον
2332 2115 2463 2168 αὐτὸ
2488 2117 2677 2189 ὄνομα,
2709 2120 2776 2174 τὰ
2802 2122 2857 2176 δὲ
2881 2127 2972 2194 ὑφ’
3002 2128 3228 2200 ἡγεμόνι
3258 2106 3521 2205 τετάχθαι
3551 2155 3648 2191 κα-

2064 2199 2416 2272 ταδεχόμενα,
2449 2207 2525 2270 ὡς
2553 2209 2608 2261 αἱ
2637 2210 2878 2282 γέρανοι.
2913 2217 3051 2288 Ἤδη
3081 2219 3138 2272 δέ
3164 2238 3244 2284 τις
3269 2225 3363 2276 καὶ
3393 2199 3561 2297 ἑτέρα
3590 2229 3648 2282 ὲν

2067 2291 2276 2358 τούτοις
2314 2297 2431 2350 ἐστὶ
2463 2298 2715 2373 διαφορὰ,
2759 2307 2879 2359 καθ’
2914 2309 2981 2379 ἢν
3027 2311 3094 2365 τὰ
3129 2315 3225 2384 μὲν
3268 2291 3647 2391 ἐπιδημητικά

2061 2383 2120 2435 τέ
2146 2386 2261 2439 ἐστι
2292 2390 2384 2443 καὶ
2412 2391 2672 2462 ἐγχώρια,
2705 2397 2773 2449 τὰ
2804 2397 2861 2451 δὲ
2889 2401 3146 2474 ἀπαίρειν
3181 2408 3393 2477 πέφυκε

2062 2475 2228 2540 τάτω,
2247 2482 2338 2533 καὶ
2355 2483 2620 2553 χειμῶνος
2631 2487 2938 2555 ἐγγίζοντος
2956 2475 3349 2563 ὲκτοπίζειν-ὡς
3366 2501 3434 2554 τὰ

2129 2589 2288 2654 ιδιά,
2330 2595 2426 2649 11η.
2473 2597 2562 2652 44.
2608 2602 2847 2670 Γαῦρον
2895 2609 2928 2660 ὁ
2965 2607 3326 2679 ἀλεκτρυών.
3380 2615 3644 2687 Basilius,

2059 2681 2205 2739 hom.
2263 2686 2337 2740 8:
2370 2688 2578 2762 Γαῦρον
2621 2695 2649 2747 ὀ
2693 2695 3026 2770 ἀλεκτρυὼν,
3067 2704 3353 2772 φιλόκαλον
3398 2712 3428 2763 ὀ
3475 2681 3642 2780 ταὼς,

2057 2772 2241 2842 λάγνοι
2275 2779 2331 2831 at
2369 2786 2685 2856 περιστεραὶ
2721 2790 2813 2842 καὶ
2843 2792 2897 2844 αί
2937 2795 3252 2852 κατοικίδιοι
3301 2800 3508 2873 ὄρνεις,
3552 2810 3642 2863 ἐπὶ

2059 2867 2261 2932 παντὸς
2289 2871 2482 2942 καιροῦ
2500 2873 2560 2927 τὸ
2591 2883 3032 2936 συνουσιαστικὸν
3063 2883 3302 2957 ἔχουσαι.
3328 2888 3634 2951 Lucillius:

2059 2999 2417 3087 gallinaceus,
2441 3024 2572 3087 cum
2602 3011 2766 3087 victor
2792 3032 2846 3069 se
2870 3019 3043 3087 gallus
3069 3021 3280 3080 honeste

2058 3069 2307 3138 Sustulit,
2339 3069 2608 3148 inrdigitos
2635 3069 3428 3169 primoresque"erigitvun’gues.

1977 3149 2019 3208 ο
2124 3181 2257 3239 Ibid.
2308 3187 2362 3238 'o
2397 3188 2659 3261 δὲιέραξ
2681 3198 3108 3271 εὐνούστατος.
3139 3207 3491 3280 Aristoteles,
3533 3218 3627 3273 lib.

2051 3278 2104 3328 ix
2145 3275 2218 3331 De
2244 3277 2431 3336 histor.
2458 3285 2646 3351 anim.,
2689 3304 2807 3360 cap.
2843 3292 2913 3347 '56
2941 3315 2952 3348 :
2993 3297 3080 3350 ’Ev
3112 3299 3169 3353 δὲ
3203 3301 3396 3379 Θρᾴκῃ
3428 3275 3496 3380 τῇ
3534 3329 3631 3364 κα-

2049 3366 2280 3442 λουμένῃ
2321 3375 2451 3427 ποτὲ
2487 3377 2816 3450 Κεδροπόλει
2857 3386 2913 3437 ὲν
2947 3387 3027 3459 τῷ
3063 3389 3172 3444 ἕλει
3218 3366 3550 3466 θηρεύουσιν
3585 3404 3630 3456 οε

2048 3460 2326 3533 ἄνθρωποι
2343 3465 2412 3520 τὰ
2439 3469 2646 3540 ὀρνίθια
2673 3479 2823 3547 κοινῇ
2850 3479 2987 3548 μετὰ
3005 3481 3114 3535 τῶν
3145 3460 3401 3556 ἱεράκων,
3436 3494 3503 3546 0!
3534 3497 3632 3565 μὲν

2046 3552 2156 3623 γὰρ
2180 3554 2393 3626 ἔχοντες
2421 3559 2553 3624 ξύλα
2583 3565 2800 3621 σοϐοὖσι
2827 3571 2919 3624 τὸν
2949 3552 3206 3646 κάλαμον-
3225 3581 3319 3632 καὶ
3347 3583 3446 3654 τὴν
3474 3552 3626 3658 ὓλην,

2046 3645 2132 3698 ἵνα
2158 3648 2428 3705 πέτωνται
2454 3654 2520 3708 τὰ
2542 3655 2770 3727 ὀρνίθια·
2807 3662 2855 3714 οἱ
2890 3663 2946 3717 δὲ
2977 3645 3191 3737 ἱέρακες
3222 3645 3432 3728 ἄνωθεν
3462 3645 3629 3750 ιῖιτ-εειρἐ

2045 3739 2358 3810 φαινόμενοι
2391 3746 2806 3804 καταδιώκουσι-
2841 3753 3013 3810 ταῦτα
3041 3758 3095 3812 δὲ
3131 3761 3444 3833 φοϐούμενα
3477 3771 3628 3826 κάτω

2044 3831 2264 3888 πέτεται
2291 3837 2452 3892 πάλιν
2481 3841 2616 3911 πρὸς
2645 3843 2742 3915 τὴν
2772 3849 2893 3917 γῆν·
2924 3851 2972 3902 οἱ
2998 3851 3054 3904 δὲ
3082 3831 3358 3926 ἀνθρωττοι
3395 3861 3625 3918 τύπτον-

2040 3940 2134 3986 τες
2169 3929 2280 3990 τοῖς
2314 3926 2491 3993 ξύλοις
2521 3931 2874 4003 λαμϐάνουσι,
2909 3943 3003 3995 καὶ
3043 3943 3145 4015 τῆς
3186 3946 3364 4020 θήρας
3407 3956 3623 4023 μεταδι-

2039 4011 2220 4067 δόασιν
2253 4017 2454 4083 αὐτοῖς,
2485 4022 2736 4092 ῥίπτουσι
2767 4027 2875 4100 γὰρ
2906 4031 3016 4084 τῶν
3041 4011 3290 4105 ὸρνιθωέλ,
3328 4011 3454 4094 οἶδὲ
3487 4046 3621 4099 ὑπο-

2039 4100 2422 4174 λαμϐάνουσιν.
2482 4111 2682 4168 Eadem
2739 4121 2935 4188 repetit
2985 4100 3166 4180 libello
3209 4130 3348 4196 Περὶ
3392 4136 3620 4203 θαυμα-

2037 4196 2188 4250 σίων
2234 4199 2669 4272 ἀκουσμάτων,
2738 4211 2827 4266 ubi
2905 4223 3088 4272 tamen
3157 4221 3487 4291 Ἀμφίπολιν
3506 4196 3621 4298 ἰιι-ο

2036 4287 2322 4361 Cedropoli
2366 4297 2632 4364 nominat,
2676 4317 2797 4370 quae
2845 4305 2919 4358 ita
2961 4287 3389 4371 vertebat‘P‘lin.
3427 4287 3537 4374 lib:
3562 4338 3614 4387 ι,

2035 4397 2085 4436 c.
2118 4385 2150 4436 8
2193 4403 2206 4438 :
2242 4384 2310 4438 ~In
2347 4387 2587 4444 Thracia;
2616 4404 2766 4460 parte
2792 4412 2948 4464 super
2977 4400 3333 4472 Amphipolim
3376 4384 3614 4467 homines

1959 4491 2004 4549 D
2035 4484 2189 4548 atque
2219 4483 2496 4550 accipitres
2519 4488 2768 4542 societate
2801 4491 3032 4560 quadam
3059 4509 3420 4567 ancupantnr.
3451 4503 3530 4558 Hi
3553 4522 3617 4560 ea:

2029 4569 2196 4630 silvis.
2243 4581 2293 4624 et
2324 4576 2656 4631 arundinetis
2683 4581 2912 4635 excitant
2948 4601 3066 4639 aves
3106 4604 3124 4640 :
3155 4589 3236 4642 illi
3267 4596 3613 4659 supervolan-

2029 4670 2103 4716 tes
2123 4663 2440 4732 deprimunt.
2480 4667 2683 4725 Rursus
2723 4684 2904 4746 captas
2947 4694 3174 4749 aucupes
3203 4683 3450 4741 dividunt
3491 4707 3611 4743 cum

2027 4751 2113 4804 iis.
2142 4751 2420 4808 Traditum
2444 4768 2522 4811 est
2545 4761 2735 4815 missas
2764 4763 2818 4816 in
2841 4765 3065 4822 sublime
3095 4770 3199 4824 sibi
3224 4777 3462 4844 excipere
3482 4797 3569 4833 eos
3589 4799 3608 4834 .-

2024 4849 2073 4894 et
2107 4858 2226 4895 cum
2256 4853 2454 4913 tempus
2489 4849 2558 4900 sit
2591 4859 2826 4918 captura:
2863 4854 3109 4926 clangore
3154 4875 3216 4913 ac
3273 4864 3485 4920 volatus
3520 4883 3605 4938 ge-

2025 4949 2146 4987 nere
2173 4934 2396 4990 invitare
2422 4937 2491 4991 ad
2515 4942 2862 4997 occasionem.
2889 4945 3100 5004 Similia
3133 4951 3293 5008 habet
3325 4955 3602 5026 Elianus,

2025 5024 2101 5078 De
2122 5025 2248 5083 hist.
2273 5030 2465 5097 anim.,
2503 5032 2596 5086 lib.
2633 5050 2696 5102 ιι,
2725 5052 2847 5108 cap.
2876 5037 2968 5103 42,
2994 5041 3086 5110 qui
3121 5043 3198 5097 ait
3225 5044 3481 5106 homines
3513 5024 3604 5106 ex;

2021 5116 2239 5185 plicatis
2269 5121 2476 5177 retibus
2513 5125 2816 5192 quiescere,
2850 5131 3144 5201 accipitres
3187 5142 3601 5207 supervolantes

2021 5221 2172 5273 aves,
2204 5219 2351 5265 metu
2386 5212 2632 5280 incusso,
2665 5217 2718 5269 in
2766 5220 2903 5273 retia
2951 5224 3297 5292 compellere.
3355 5229 3597 5288 Thraces

2020 5309 2212 5368 captas
2239 5315 2366 5357 aves
2392 5319 2517 5358 cum
2551 5305 2660 5361 illis
2689 5310 2898 5376 partiri,
2929 5319 2988 5365 ut
3018 5312 3154 5368 ﬁdos
3191 5318 3374 5373 socios
3408 5323 3480 5377 ad
3500 5340 3592 5377 au-

2018 5392 2238 5461 cupium
2263 5393 2518 5451 habeant.
2554 5396 2651 5451 Sin
2674 5400 2961 5469 accipitres
2986 5404 3053 5458 ab
3077 5405 3186 5461 illis
3207 5406 3462 5466 distracti
3486 5414 3571 5469 di.

2018 5483 2317 5536 sociantur.
2355 5486 2485 5550 Quae
2515 5489 2711 5557 repetit
2739 5489 2904 5545 etiam
2943 5492 3250 5566 Antigonus
3281 5499 3572 5573 Carystius

2015 5589 2137 5643 cap.
2165 5575 2265 5642 '54;
2292 5578 2527 5634 Joannes
2568 5579 2843 5640 Meursius
2871 5583 2927 5639 in
2972 5594 3110 5654 not.,
3153 5605 3276 5644 cum
3311 5591 3562 5665 Ccdropo
3601 5603 3611 5676 ἰ
3685 5666 3688 5668 γ

2015 5668 2130 5722 leos
2173 5670 2357 5726 nullus
2387 5679 2627 5727 veterum
2657 5678 2988 5733 mentionem
3023 5680 3290 5748 habuerit,
3342 5691 3562 5758 suspica

2016 5769 2107 5817 tur
2137 5778 2260 5822 esse
2287 5765 2542 5821 mendum
2580 5767 2634 5823 in
2663 5770 2956 5828 Aristotele
2988 5789 3096 5844 non
3133 5776 3294 5834 hodie
3329 5789 3423 5835 ant
3473 5781 3592 5837 heri
