3810 6168
161 337 271 395 893

1140 342 1209 398 ΙΝ
1242 340 1613 400 EUSTATHII
1651 338 2123 399 IIEXAEMEHON
2155 343 2386 401 NOTAE.

3304 353 3407 409 894

161 464 375 519 natum,
410 454 505 511 sed
531 456 646 527 jam
668 466 794 515 ante
821 457 1076 532 Antigoni
1111 469 1382 535 tempora,
1414 464 1507 536 qui
1542 464 1617 518 ita
1644 464 1722 519 in-

1834 463 2094 533 πέψωσιν,
2118 466 2424 538 ἐξεμοῦσιν,
2450 468 2537 523 ἵνα
2554 470 2872 540 χασκουσῶν
2890 470 2956 525 τὰ
2977 471 3111 542 κρέα
3133 472 3408 546 ἐξαιροῦν-

161 555 385 603 ventum
418 550 711 619 expressit,
750 554 1102 624 restituitque
1136 556 1433 627 Κεκροπίδι
1462 572 1583 627 qua:
1616 556 1735 611 Ste-

163 636 348 708 phano
375 637 621 694 Thracia:
659 642 810 713 regio
838 651 952 711 est;
983 644 1347 715 conciliatque
1387 661 1570 701 secum
1612 646 1735 700 Ari-

163 728 439 797 stotelem,
461 729 590 785 dum
615 731 979 805 Amphipolim
1005 736 1197 791 urbem
1225 737 1282 792 in
1306 736 1541 792 Thracia
1573 739 1733 793 sitam

159 817 219 873 in
252 818 553 889 Cecropide
586 823 810 894 regione
831 828 1005 894 ponit.
1383 896 1388 900 ρ

228 909 348 965 Col.
382 911 515 980 729,
551 912 648 967 lin.
711 914 764 970 5.
822 919 1185 973 Φιλότεκνον
1237 922 1269 972 ό
1307 918 1588 973 πελεκάν.
1628 916 1729 974 Cl'f.

170 1006 525 1081 Physialogus
557 1010 867 1084 Epiphanii,
889 1021 943 1069 et
973 1012 1167 1070 Petrus
1199 1013 1515 1079 Damianus,
1544 1013 1639 1068 lib.
1668 1028 1729 1078 ιι,

160 1096 328 1165 epist.
397 1098 508 1166 18;
577 1099 975 1172 Hieronymus,
1046 1103 1163 1158 sive
1230 1110 1424 1158 auctor
1484 1102 1726 1172 epistola:

160 1188 231 1241 ad
274 1188 630 1257 Praesidium,
675 1194 1060 1262 pelecanorum
1108 1194 1248 1250 ﬁlios
1297 1209 1328 1247 a
1387 1196 1731 1265 serpentibus

160 1282 360 1345 occidi,
397 1290 451 1336 et
481 1293 764 1354 parentum
799 1287 1061 1357 sanguine
1094 1288 1357 1343 viviﬁcari
1392 1295 1581 1342 auctor
1624 1298 1727 1344 est.

160 1372 404 1429 Isidorus
435 1375 527 1430 lib.
564 1392 664 1439 xu,
691 1392 740 1432 c.
780 1377 811 1429 7
838 1397 850 1431 :
883 1376 1165 1432 Pelicanus
1210 1379 1321 1433 avis
1347 1377 1602 1449 Egyptia
1632 1378 1730 1430 Ita-

160 1463 336 1517 bitans
384 1464 437 1518 in
482 1466 770 1521 solitudine
811 1465 927 1521 Nili
965 1468 1221 1537 ﬂuminis,
1262 1467 1401 1522 unde
1447 1478 1497 1522 et
1544 1484 1731 1522 nomen

159 1557 405 1625 sumpsit.
445 1554 588 1610 Nam
614 1556 881 1627 Canopius
912 1558 1177 1631 Egyptus
1207 1560 1425 1615 dicitur.
1463 1558 1661 1613 Fertur
1681 1560 1729 1613 si

158 1663 335 1703 verum
361 1658 459 1712 est,
499 1665 617 1703 eam
646 1651 879 1707 occidere
920 1663 1072 1707 natos
1103 1669 1247 1717 suos,
1278 1669 1466 1723 eosque
1498 1667 1591 1721 per
1626 1651 1727 1705 tri-

157 1737 322 1792 duum
356 1739 551 1810 lugere,
611 1741 795 1798 deinde
834 1744 1061 1813 seipsam
1106 1744 1404 1809 vulnerare,
1449 1751 1498 1796 et
1547 1757 1725 1812 asper-

158 1830 303 1884 sione
340 1831 424 1885 sui
480 1834 753 1903 sanguinis
782 1834 1042 1904 viviﬁcare
1062 1836 1223 1901 filios.
1259 1833 1402 1889 Idem
1433 1834 1596 1889 habet
1618 1834 1727 1887 Au-

157 1923 412 1993 gustinus
451 1923 505 1977 in
534 1925 726 1992 psalm.
749 1940 823 1988 cr,
869 1935 923 1981 et
943 1926 1240 1996 Gregorius
1272 1943 1430 1996 super
1453 1942 1487 1980 v
1530 1926 1723 1995 psalm.

159 2014 432 2081 paenitent.
458 2031 477 2079 ;
505 2015 761 2073 Alhertus
794 2016 1019 2087 Magnus
1051 2032 1176 2072 cum
1218 2028 1408 2074 nostro
1441 2016 1725 2072 Eustathio

158 2106 432 2173 convenit,
465 2107 557 2177 qui
608 2106 683 2161 ait
724 2116 976 2177 parentes
1011 2124 1041 2162 a
1078 2108 1202 2163 ﬁliis
1250 2115 1595 2179 provocatos,
1630 2124 1726 2163 eos

159 2194 484 2253 interﬁcere.
538 2197 777 2256 Consule
844 2198 1161 2257 Michaelem
1223 2200 1467 2273 Glycam,
1525 2200 1724 2256 Annal.

162 2286 283 2341 libr.
317 2305 366 2353 i;
393 2287 593 2345 [lorum
626 2291 746 2346 libr.
786 2307 826 2353 ι,
863 2293 1027 2362 capit.
1061 2292 1147 2348 54.
1177 2292 1353 2348 Aliam
1385 2293 1725 2363 φιλοτεκνίας

158 2392 380 2435 causam
404 2381 572 2438 habes
596 2383 738 2453 apud
766 2382 1065 2450 AZlianum,
1092 2384 1169 2439 De
1185 2386 1371 2441 nistor.
1389 2385 1721 2453 animalium,

158 2469 253 2526 lib.
286 2487 371 2536 ιιι,
401 2476 566 2543 capit.
596 2475 687 2530 24.
714 2474 872 2531 Hunc
898 2475 1110 2534 Plinius
1133 2478 1389 2548 plateam,
1412 2468 1720 2549 plataleam,

156 2561 371 2627 Cicero,
405 2563 786 2638 Hieronymus,
814 2575 868 2624 et
895 2566 1197 2625 Eucherius
1222 2569 1595 2625 onocrotalum
1621 2583 1722 2624 vo-

156 2661 372 2709 carunt.
399 2652 665 2711 Consalus
686 2655 914 2712 Pontius
937 2659 1083 2714 notis
1116 2658 1171 2712 in
1198 2655 1570 2729 Physiologum
1595 2656 1726 2729 Epi-

157 2743 372 2812 phanii,
399 2760 521 2814 quas
556 2746 625 2801 de
658 2747 916 2817 pelecano
958 2755 1234 2814 narratur,
1263 2748 1414 2803 nullo
1439 2756 1533 2803 aut
1560 2764 1723 2820 expe—

152 2834 411 2900 rimento,
460 2844 553 2889 aut
602 2838 769 2893 veteri
820 2840 1047 2908 probato
1099 2840 1415 2894 testimonio
1462 2839 1721 2896 alllrmari

151 2942 319 2998 posse
343 2928 643 2985 contendit.
676 2929 856 2998 Quare
880 2939 1037 3002 putat
1067 2947 1166 3002 pro
1191 2933 1464 3003 pictorum
1493 2934 1720 2990 arbitrio

153 3020 468 3078 hominibus
518 3022 839 3090 exhibitam,
893 3040 996 3081 nec
1047 3026 1211 3081 ullam
1256 3025 1482 3096 hujusce
1513 3034 1721 3081 natura:

151 3127 307 3168 avem
342 3129 572 3184 usquam
597 3130 742 3181 esse,
767 3118 1194 3189 comprobatque
1224 3117 1571 3173 Hebraeorum
1596 3134 1720 3173 sen-

151 3205 343 3270 tentia,
373 3207 468 3277 qui
502 3205 742 3264 fatentur
771 3209 984 3265 nescire
1008 3225 1067 3266 se
1092 3224 1212 3279 qua:
1246 3211 1361 3266 avis
1399 3210 1471 3266 sit
1502 3210 1721 3281 peleca-

150 3312 279 3353 nus.
315 3296 589 3377 Quidquid
612 3305 797 3355 tamen
827 3298 918 3365 sit,
950 3301 1068 3358 avis
1109 3301 1224 3357 haec
1260 3301 1361 3355 fuit
1386 3301 1599 3371 insigne
1623 3300 1722 3357 Ju-

150 3389 208 3443 lii
243 3389 466 3445 Antonii
525 3390 795 3447 Sanctorii
849 3393 1167 3457 cardinalis,
1222 3402 1347 3464 post
1397 3392 1719 3465 Gregorium

147 3482 419 3538 decimum
444 3484 662 3539 tertium
692 3484 1002 3555 pontiﬁcem
1030 3485 1316 3555 Optimum,
1339 3483 1551 3553 collegii
1571 3484 1721 3539 Gne-

147 3589 341 3629 corum
370 3577 606 3645 primum
633 3586 861 3648 patrem,
899 3577 1059 3649 primi
1089 3576 1509 3647 propugnatoris
1537 3590 1600 3630 ac
1627 3576 1721 3631 de-

148 3665 409 3732 lbnsoris,
442 3668 558 3737 qui,
591 3676 649 3723 ut
678 3668 987 3724 Graecorum
1023 3668 1119 3722 ﬁlii
1149 3683 1217 3723 ex
1254 3667 1421 3738 impia
1459 3667 1551 3721 illa
1582 3665 1722 3721 Tur-

148 3773 343 3814 carum
368 3761 655 3830 tyrannide
688 3769 742 3816 et
787 3761 1108 3829 ignorantiae
1149 3760 1388 3816 tenebris
1433 3760 1625 3829 elapsi,
1665 3765 1720 3815 et

148 3851 314 3907 bonis
335 3852 565 3918 artibus,
596 3859 651 3907 et
677 3851 991 3909 lectissimis
1015 3851 1259 3907 moribus
1292 3850 1717 3915 instruerentur,

150 3941 420 3998 adversus
465 3943 774 3999 malesanos
814 3943 1133 4007 nebulones,
1173 3942 1268 4013 qui
1314 3949 1526 3996 tantum
1582 3956 1721 4011 opus

151 4038 402 4089 evertere
421 4035 783 4098 conabantur,
814 4033 1052 4105 propriis
1077 4032 1268 4089 ofﬁciis
1290 4035 1594 4104 Opibusque
1625 4033 1721 4088 bo-

153 4139 227 4180 na
261 4140 295 4179 a
325 4122 585 4197 Gregorio
614 4126 811 4198 legata,
859 4126 1205 4181 alumnorum
1245 4126 1555 4183 educationi
1579 4168 1594 4192 ,
1625 4124 1721 4179 diu

144 4217 264 4287 jam
316 4217 646 4281 corruentia,
703 4217 1001 4284 immania,
1045 4231 1287 4288 sanaque
1336 4215 1613 4281 sustinuit,
1666 4222 1722 4270 et

146 4306 495 4364 conﬁrmavit
539 4309 812 4374 nutantia,
862 4309 977 4364 suis
1040 4307 1340 4364 commodis
1406 4305 1718 4362 Gmcorum

144 4398 513 4454 eruditionem
560 4406 932 4470 anteponens,
981 4405 1038 4456 et
1085 4414 1225 4467 quos
1274 4398 1389 4468 jam
1439 4397 1721 4452 charitatis

1834 571 1925 618 τες
1945 556 2184 611 ὲσθίωσι.
2214 557 2427 625 Cicero,
2462 559 2554 613 lib.
2583 574 2643 623 ιι,
2674 559 2751 615 De
2783 573 2962 620 natur.
2993 561 3209 617 deorum
3240 579 3259 617 :
3282 564 3409 634 Legi

1834 646 1995 699 etiam
2025 648 2277 715 scriptum
2305 664 2415 703 esse
2439 665 2580 702 avem
2600 649 2908 719 quamdam,
2940 669 3054 723 qute
3066 654 3299 722 platalea
3317 671 3406 708 no-

1836 739 2145 806 minaretur,
2162 756 2278 793 eam
2307 739 2410 794 sibi
2437 739 2608 794 cibum
2628 758 2860 812 quterere
2880 743 3211 799 advolantem
3228 744 3297 798 ad
3312 762 3401 799 eas

1834 841 1973 891 aves,
2002 843 2117 896 qua:
2132 843 2185 881 se
2213 828 2266 881 in
2284 829 2421 882 mari
2447 840 2752 901 mergerent,
2772 849 2886 902 quae
2910 850 3028 888 cum
3044 836 3397 900 emersissent,

1832 917 2126 987 piscemque
2154 920 2447 987 coepissent,
2472 937 2635 992 usque
2663 939 2723 976 eo
2754 938 2985 991 premere
3012 942 3196 980 earum
3223 928 3400 998 capita

1832 1002 2098 1062 mordicus
2127 1007 2256 1062 dum
2281 1018 2490 1078 captum
2532 1012 2642 1066 illa:
2677 1013 2997 1080 amitterent,
3035 1016 3090 1069 id
3120 1018 3258 1087 quod
3282 1019 3401 1087 ipsa

1831 1098 2116 1153 invaderet.
2167 1100 2466 1170 Eademque
2510 1102 2619 1157 lucc
2663 1107 2773 1160 avis
2815 1105 3063 1161 scribitur
3098 1108 3307 1163 conchis
3343 1126 3403 1165 se

1832 1186 1999 1241 solere
2028 1188 2306 1257 complere,
2356 1206 2545 1260 easque
2588 1208 2706 1246 cum
2747 1196 3002 1250 stomachi
3050 1200 3225 1252 calore
3272 1215 3398 1252 con-

1831 1277 2054 1344 coxerit,
2093 1294 2343 1345 evomere,
2374 1287 2529 1350 atque
2557 1282 2636 1335 ita
2677 1282 2865 1355 eligere
2908 1301 2973 1339 ea:
3019 1286 3084 1340 iis
3123 1303 3240 1357 quin
3273 1298 3397 1355 sunt

1830 1368 2116 1423 esculenta.
2150 1367 2377 1434 Plinius,
2418 1371 2516 1425 lib.
2545 1387 2602 1439 ιι,
2630 1387 2751 1444 cap.
2783 1375 2853 1430 40
2889 1393 2903 1432 :
2936 1376 3125 1431 Platea
3152 1394 3271 1431 cum
3304 1379 3398 1433 de-

1831 1460 2028 1513 voratis
2057 1477 2111 1514 se
2140 1460 2370 1530 implevit
2399 1464 2630 1529 conchis,
2664 1466 2838 1522 calore
2859 1470 3050 1524 ventris
3078 1481 3253 1526 coctas
3280 1489 3398 1527 evo-

1830 1554 1945 1616 mit,
1977 1561 2131 1619 atque
2152 1553 2230 1607 ita
2254 1570 2319 1609 ea:
2343 1555 2409 1609 iis
2437 1556 2707 1611 esculenta
2737 1559 2859 1629 legit
2905 1570 3065 1616 testas
3090 1578 3392 1634 excerpens.

1828 1644 1895 1699 Et
1922 1646 2195 1711 Elianus,
2224 1647 2299 1702 De
2326 1648 2448 1702 hist.
2476 1650 2640 1705 anim.
2677 1651 2772 1706 lib.
2812 1667 2896 1719 ιιι,
2930 1667 3051 1724 cap.
3084 1653 3155 1710 20
3176 1674 3189 1709 :
3214 1657 3278 1709 Oi
3301 1674 3397 1709 πε-

1829 1738 2053 1803 λεκᾶνες
2081 1741 2140 1793 ἐν
2165 1743 2279 1806 τοῖς
2308 1744 2573 1814 ποταμοῖς
2596 1744 2801 1815 κόγχας
2832 1744 3256 1817 περιχαξνοντες,
3279 1745 3398 1803 εἶτα

1833 1830 2241 1885 καταπίνουσιν.
2294 1832 2479 1886 Ἔνδον
2511 1832 2568 1885 δὲ
2611 1833 2707 1887 καὶ
2748 1835 2806 1887 ἐν
2843 1834 2997 1906 μυχῷ
3028 1836 3127 1906 τῆς
3163 1839 3397 1910 γαστρὸς

1831 1920 2239 1991 ὑποθάλψαντες
2261 1923 2543 1995 ἀνεμοῦσι.
2573 1926 2684 1981 Καὶ
2712 1926 2781 1979 τὰ
2811 1918 2908 1997 μὲν
2929 1928 3193 2000 ὀστράκια
3218 1930 3282 1983 ὲκ
3300 1933 3398 2002 τῆς

1832 2013 1995 2077 ἀλέας
2026 2014 2208 2085 διέστη
2232 2014 2516 2088 ὡσπεροῦν
2545 2015 2652 2071 τῶν
2681 2016 2878 2087 ἑφθῶν·
2906 2021 2954 2072 οἱ
2977 2019 3033 2073 δὲ
3055 2018 3396 2092 ὲξορύττουσι

1830 2105 1899 2159 τὰ
1921 2106 2077 2177 κρέα,
2105 2107 2200 2160 καὶ
2237 2107 2419 2180 ἔχουσι
2454 2108 2689 2165 δεῖπνον.
2723 2109 2855 2177 Quae
2887 2112 3129 2167 carmine
3165 2112 3397 2169 iambico

1831 2196 1908 2251 ita
1948 2196 2183 2254 reddidit
2209 2196 2362 2255 Phile
2398 2217 2412 2255 :

1896 2331 2139 2408 ζςᾴγχην
2162 2333 2231 2408 δὲ
2258 2334 2522 2408 tradendae
2546 2336 2820 2408 ἐμϐαλὼν
2844 2337 2969 2405 τοῖς
3000 2338 3287 2408 ἐγκὰτοις,

1896 2403 2250 2478 {animum
2275 2404 2468 2478 αῂτῂν
2499 2403 2846 2478 ὲξὲνεγκὼν,
2873 2403 3189 2476 ὀάτρᾶκοις

1903 2474 1973 2527 Τὸ
1987 2475 2258 2547 papula?
2283 2474 2547 2547 βέϐρωκε
2568 2474 2800 2546 ληφθὲν
2821 2474 3146 2547 εὐστόχως.

1902 2542 2015 2618 Ζῖοὖ
2048 2542 2158 2614 τὰρ
2184 2546 2365 2618 fere?
2394 2542 2677 2618 θλάσασᾶ
2710 2547 2818 2614 τὰς
2843 2542 3073 2618 κλεῖςῆ
3102 2542 3284 2616 item.

1901 2614 2167 2670 Ἕλυσεν
2197 2614 2271 2682 ἂς
2304 2615 2592 2687 ἐσφιγξεν
2619 2619 2657 2688 ἠ
2687 2618 2876 2688 κόγχη
2905 2614 3153 2688 πτύχας.

1897 2746 2059 2815 lbid.,
2090 2748 2190 2803 lin.
2222 2748 2314 2806 26.
2348 2752 2687 2805 Φιλόκιιλον
2717 2754 2752 2805 ὁ
2779 2749 2951 2818 ταώς.
2983 2750 3158 2822 Hujus
3188 2753 3394 2808 descri-

1828 2839 2070 2910 ptionem
2118 2840 2313 2897 iisdem
2353 2857 2492 2911 pene
2527 2842 2711 2898 verbis
2739 2840 2908 2898 habes
2948 2846 3089 2914 apud
3127 2843 3393 2900 Achillem

1826 2928 2065 2995 Tatium,
2098 2929 2193 2985 lib.
2228 2945 2247 2984 ι
2282 2948 2298 2984 :
2332 2930 2517 3003 Ταύτῃ
2557 2931 2653 2986 νῦν
2684 2924 2834 2994 οὗτος
2871 2931 2932 2985 τὸ
2964 2930 3156 2995 κάλλος
3192 2932 3394 2985 ἐπιδει·

1826 3035 2016 3074 κνυται
2048 3018 2290 3089 λειμῶνα
2321 3020 2554 3091 πτερῶν.
2592 3020 2652 3074 Ὀ
2675 3019 2732 3074 δὲ
2754 3020 2847 3074 τοῦ
2875 3019 2988 3074 ταὼ
3011 3019 3214 3092 λειμὼν
3235 3021 3393 3075 εὐαν-

1826 3109 2097 3180 θέστερος.
2135 3108 2476 3178 Πεφύτευται
2523 3109 2630 3183 γὰρ
2662 3110 2810 3182 αὐτῷ
2840 3112 2935 3165 καὶ
2964 3113 3161 3185 χρυσὸς
3196 3114 3253 3166 ὲν
3282 3116 3395 3177 τοῖς

1826 3204 2065 3273 πτεροῖς·
2088 3200 2272 3273 κύκλῳ
2286 3202 2344 3255 δὲ
2365 3202 2426 3254 τὸ
2441 3201 2706 3273 ἁλουργις
2719 3201 2810 3256 τὸν
2830 3204 3028 3275 χρυσὸν
3049 3203 3287 3276 περιθέει
3302 3204 3393 3258 τὸν

1824 3291 1937 3345 ἴσον
1953 3291 2171 3358 κύκλον,
2191 3293 2286 3346 καὶ
2304 3291 2450 3345 ἔστιν
2465 3292 2737 3364 ὀφθαλμὸς
2755 3296 2812 3347 ἐν
2826 3293 2903 3365 τῷ
2917 3294 3119 3366 πτερῷ.
3131 3294 3394 3352 Aristote-

1821 3381 1924 3445 les,
1952 3380 2047 3436 lib.
2074 3395 2092 3434 ι
2117 3379 2189 3434 De
2203 3379 2329 3435 hist.
2354 3380 2543 3444 anim.,
2565 3396 2689 3437 eum
2711 3381 2969 3454 φθονερὸν
2983 3384 3076 3437 καὶ⁵
3106 3383 3391 3453 φιλόκαλον

1820 3481 2009 3538 vocat;
2055 3471 2176 3542 ejus
2219 3472 2659 3537 ostentationem,
2706 3472 3019 3541 superbiam
3079 3488 3142 3528 ac
3189 3474 3389 3530 fastum

1818 3564 2052 3634 explicat
2086 3562 2337 3618 Elianus
2365 3563 2458 3618 lib.
2489 3578 2521 3614 v
2561 3562 2639 3616 De
2677 3562 2866 3617 histor.
2917 3566 3106 3630 anim.,
3137 3579 3257 3636 cap.
3286 3564 3388 3632 εἰς

1820 3654 2122 3725 Oppianus,
2146 3652 2225 3707 De
2245 3653 2533 3718 venatione,
2556 3652 2652 3708 lib.
2698 3668 2761 3716 ιι,
2793 3661 2847 3708 et
2870 3654 2965 3710 lib.
2987 3670 3073 3716 ιιι.
3095 3657 3190 3726 qui
3211 3657 3287 3710 ait
3310 3658 3388 3711 nil

1814 3747 2113 3818 jucundius
2154 3761 2218 3801 ac
2260 3746 2545 3816 pulchrius
2595 3759 2806 3815 pavone
2852 3746 2908 3800 in
2936 3747 3099 3803 rebus
3133 3764 3163 3801 a
3195 3756 3389 3803 natura

1818 3840 2152 3910 profectum;
2212 3837 2392 3904 Phile,
2450 3838 2506 3892 in
2560 3834 2805 3901 lambis;
2860 3837 3125 3911 Georgius
3181 3840 3387 3905 Pisida,

1818 3930 1897 3984 De
1925 3929 2108 3984 mundi
2142 3930 2350 3999 opiﬁc.;
2384 3926 2754 3984 Philostratus
2783 3926 2978 3984 Junior
3011 3928 3227 3987 Heroic.
3254 3931 3310 3994 2,
3335 3933 3389 3986 in

1818 4022 2164 4087 Alexandro;
2212 4021 2507 4093 Gregorius
2554 4020 2931 4078 Nazianzenus
2965 4023 3129 4077 Κατὰ
3173 4041 3391 4093 γυναι-

1819 4115 1942 4170 κῶν
1963 4113 2529 4184 καλλωπιζομένων,
2548 4113 2861 4178 Athenaeus,
2891 4114 3018 4169 libr.
3052 4130 3128 4180 ix,
3161 4115 3391 4185 Deipno-

1819 4207 2062 4276 sophist.;
2085 4208 2299 4271 Cicero,
2336 4223 2395 4261 ιιι
2432 4206 2509 4260 De
2535 4207 2761 4277 ﬁnibus;
2793 4207 3114 4275 Columella,
3140 4208 3237 4264 lib.
3267 4224 3384 4275 vm,

1819 4302 1984 4370 capit.
2007 4302 2065 4356 il
2089 4318 2105 4367 ;
2132 4300 2432 4365 Lucianus,
2458 4299 2535 4354 De
2549 4298 2737 4364 domo;
2761 4299 2987 4364 Gellius,
3015 4301 3108 4357 lib.
3134 4317 3227 4363 vn,
3262 4317 3384 4373 cap.

1821 4390 1920 4456 i7;
1954 4390 2054 4445 Dio
2081 4390 2530 4462 Chrysostomus,
2577 4392 2827 4446 oratione
2855 4390 3169 4462 Olympica;
3206 4391 3384 4448 Theo-

145 4488 336 4546 studio
366 4489 447 4545 uti
485 4488 626 4545 ﬁlios
674 4490 991 4560 complexus
1050 4487 1246 4551 fuerat,
1276 4487 1437 4542 etiam
1497 4486 1545 4542 si
1582 4500 1719 4555 opus
1750 4508 1796 4563 ι)
1823 4484 2109 4555 phylactus
2128 4482 2457 4546 Simocatus,
2485 4482 2648 4552 epist.
2671 4483 2770 4550 δίς
2799 4482 3131 4553 Epiphanius
3163 4484 3217 4536 in
3241 4483 3386 4553 Phy-

144 4579 367 4647 fuisset,
396 4580 481 4636 sui
509 4581 794 4650 sanguinis
829 4579 1020 4635 fovens
1040 4578 1324 4641 eﬁ'usione,
1356 4592 1391 4631 ο
1417 4591 1544 4632 vere
1571 4576 1719 4645 pele-

142 4688 373 4739 canum,
407 4688 535 4729 vere
585 4688 809 4728 aureum
830 4713 845 4737 ,
873 4686 999 4727 vere
1026 4670 1357 4739 φιλότεκνον.
1374 4666 1475 4747 'Ne
1505 4668 1718 4724 felicem

143 4775 202 4822 te
232 4765 521 4827 Greciam.
564 4764 749 4821 felices
779 4772 904 4819 tuos
943 4763 1403 4826 adolescentulos,
1449 4763 1585 4819 tanti
1619 4777 1716 4831 pa-

140 4855 293 4911 troni
315 4856 569 4928 praesidio
590 4856 646 4911 in
667 4856 903 4910 maxima
929 4853 1259 4909 necessitate
1290 4867 1417 4906 vere
1445 4850 1714 4906 defensos.

141 4946 359 5011 Gaude,
393 4947 588 5018 gaude.
642 4947 779 5001 tanti
824 4945 929 4999 viri
978 4945 1228 5013 exemplo
1281 4943 1718 5013 praestantissimi

138 5043 390 5112 quinque
417 5041 680 5112 praesules
707 5047 832 5096 tuos
860 5038 1022 5102 ﬁlios,
1053 5046 1108 5092 et
1146 5038 1318 5102 alunt,
1374 5045 1429 5093 et
1473 5037 1718 5093 moribus

144 5132 505 5202 scientiisque
522 5131 840 5193 informant,
854 5143 1087 5199 quorum
1110 5126 1296 5183 laudes
1315 5142 1461 5182 nunc
1478 5144 1582 5181 non
1610 5135 1719 5181 tam

135 5224 614 5292 praetermittimus,
637 5237 795 5293 quam
824 5222 894 5275 ad
925 5222 1179 5290 majorem
1209 5218 1468 5274 scribendi
1496 5218 1718 5290 diligen-

138 5317 280 5370 tiam
310 5331 656 5369 reservamus.

214 5406 379 5470 lbid.,
403 5407 502 5461 lin.
533 5408 614 5461 ll.
651 5401 825 5462 Οὗτοι
855 5405 922 5458 δὲ
951 5406 1004 5459 οἱ
1031 5403 1377 5469 πελεκᾶινες.
1416 5402 1559 5459 Idem
1589 5419 1717 5457 nar-

138 5506 231 5553 rat
260 5498 585 5553 Aristoteles
616 5497 711 5553 lib.
746 5498 886 5566 Περὶ
923 5496 1274 5565 θαυμασίων
1297 5494 1711 5563 ἀκουσμάτων,

1823 4574 2333 4646 siologo;;0vidius,
2366 4584 2421 4631 et
2449 4576 2564 4629 alii.
2601 4573 2832 4638 Plinius,
2868 4574 2962 4629 lib.
3008 4589 3063 4638 ι,
3099 4589 3220 4644 cap.
3262 4574 3335 4629 20
3369 4596 3381 4629 :

1824 4666 2153 4722 Gemmantes
2188 4668 2437 4722 laudatus
2462 4667 2713 4737 expandit
2735 4668 2955 4735 colores,
2978 4668 3194 4723 adverso
3221 4669 3389 4722 mari.

1821 4778 1902 4816 me
1930 4762 2059 4826 sole,
2088 4762 2215 4829 quia
2247 4763 2324 4815 sic
2353 4762 2639 4832 fulgentius
2678 4762 2913 4816 radiant.
2971 4759 3146 4815 Simul
3186 4760 3387 4817 umbrw

1819 4855 2075 4924 quosdam
2100 4868 2433 4922 repercussus
2451 4855 2676 4918 ueteris,
2693 4855 2749 4908 in
2771 4870 2931 4923 opaco
2949 4855 3147 4908 clarius
3166 4854 3381 4916 micant,

1820 4948 2077 5002 conchata
2101 4948 2291 5018 quaerit
2327 4946 2501 5001 cauda
2532 4963 2551 5000 :
2590 4962 2867 5016 omnesque
2903 4947 2958 5001 in
2992 4963 3230 5000 acervum
3262 4963 3387 5000 con-

1820 5040 1981 5093 trahit
2017 5056 2328 5109 pennarum,
2359 5056 2487 5110 quos
2519 5038 2744 5107 spectari
2786 5039 2977 5109 gaudet
3013 5039 3211 5093 oculos.
3252 5038 3388 5095 'l‘er-

1818 5133 2102 5196 tullianus,
2136 5132 2232 5188 lib.
2272 5132 2346 5186 De
2402 5132 2566 5200 pallio
2625 5148 2643 5185 :
2700 5131 2841 5185 Pavo
2888 5131 3069 5200 pluma
3109 5132 3290 5195 vestis,
3335 5141 3387 5185 et

1816 5221 2024 5293 quidem
2043 5222 2107 5276 de
2133 5220 2419 5285 cataclitis,
2452 5222 2557 5274 imo
2595 5224 2737 5275 omni
2767 5221 3037 5289 conchylio
3070 5219 3383 5288 depressior,

1815 5332 1920 5385 qua
1950 5314 2090 5368 colla
2128 5314 2339 5382 florent,
2370 5323 2420 5367 et
2466 5313 2609 5367 omni
2660 5312 2875 5381 patagio
2917 5311 3235 5375 inauratiar,
3275 5327 3389 5381 qua

1816 5417 1962 5476 terga
2002 5406 2233 5475 fulgent;
2263 5414 2311 5458 et
2343 5405 2487 5459 omni
2524 5411 2756 5474 syrmate
2795 5402 3040 5465 solutior,
3070 5417 3175 5472 qua
3203 5402 3388 5457 cauda:

1806 5497 2009 5566 jaceat,
2059 5494 2381 5559 multicolor,
2421 5503 2469 5549 et
2513 5494 2766 5557 discolor,
2812 5502 2862 5547 et
2909 5492 3213 5560 versicolor,
3244 5509 3385 5546 nunc

136 5596 195 5641 et
229 5588 324 5642 lib.
350 5603 407 5641 ix
423 5587 497 5641 De
527 5588 651 5644 hist.
690 5588 882 5649 anim.,
910 5603 1032 5657 cap.
1058 5588 1156 5639 1οε
1183 5583 1313 5637 υἱδὲ
1343 5584 1638 5649 πελεκᾶνες
1663 5587 1713 5639 οἱ
1813 5606 1969 5658 quam
1996 5590 2109 5658 ipsa
2129 5605 2330 5661 semper
2353 5589 2485 5655 alia,
2513 5587 2613 5642 etsi
2639 5602 2841 5655 semper
2867 5587 2981 5654 ipsa
3010 5586 3219 5655 quando
3242 5586 3385 5648 alia;

137 5684 200 5734 ὲν
222 5680 338 5742 τοῖς
370 5682 634 5749 ποταμοῖς
661 5679 933 5748 γινόμενοι
956 5678 1310 5732 καταπίνουσι
1342 5676 1441 5739 τὰς
1472 5679 1711 5748 μεγάλας

1825 5682 1967 5736 toties
1998 5680 2217 5752 denique
2247 5680 2505 5735 mutanda
2538 5681 2742 5751 quoties
2776 5677 3045 5733 movenda.
3091 5677 3220 5732 Vide
3249 5692 3384 5747 prac-

137 5771 347 5834 κιγγας
368 5770 460 5826 καὶ
482 5769 645 5837 λεξας·
665 5772 792 5825 ὅταν
810 5771 853 5826 δ’
883 5772 940 5826 ἐν
961 5772 1036 5837 τῷ
1070 5771 1172 5834 πρὸ
1204 5770 1301 5843 τῆς
1332 5770 1536 5835 κοιλίας
1561 5772 1711 5840 τόπῳ

1825 5782 1958 5829 terea
1982 5771 2247 5827 Joannem
2280 5770 2670 5836 Passeratium,
2699 5778 2752 5825 et
2780 5767 3028 5838 Ulyssem
3081 5766 3383 5823 Aldrovan~
