3810 6168
392 308 501 369 895

1717 293 1965 352 LEONIS
2000 293 2274 351 ALLATI]

3543 294 3648 352 896

392 426 546 483 dum.
595 420 840 492 Scaliger
893 417 1122 474 exercit.
1172 414 1299 480 258,
1342 412 1398 469 in
1447 410 1779 475 Cardanum,
1822 408 1970 481 quod
1998 412 2046 471 Α
2072 409 2366 481 ἀπόφασιν.
2393 407 2659 467 Referunt
2677 416 2862 467 tamen
2887 409 3110 483 quidam
3132 409 3189 466 in
3208 409 3470 467 interiore
3492 408 3645 465 India

394 532 505 574 non
547 513 864 583 infrequens
892 519 978 566 est
1014 507 1156 580 apud
1204 505 1525 577 scriptores,
1562 517 1827 575 pavonem
1863 501 1971 557 sci-

394 610 543 676 licet,
581 605 895 676 conspectis
933 602 1165 675 pedibus
1188 641 1203 665 ,
1249 598 1396 671 quod
1442 605 1630 669 turpes
1670 596 1779 652 sint
1822 595 1971 651 voci-

395 700 582 767 ferari,
632 697 974 754 anicularum
1026 694 1266 751 fabulam
1313 699 1491 748 vocat.
1537 689 1675 745 Vide
1708 688 1969 758 Pierium,

393 793 492 847 lib.
528 807 680 846 xxiv.

466 884 624 948 lbid.,
657 883 754 937 lin.
780 881 868 936 55.
906 880 961 932 '0
991 878 1059 933 δὲ
1082 876 1282 948 φοῖνιξ
1302 875 1552 947 μέγεθος
1577 873 1714 945 μέν.
1736 871 1968 941 Plinius,

394 977 491 1033 lib.
521 993 577 1042 x,
606 992 727 1048 cap.
768 976 803 1030 2
833 993 845 1029 :
883 973 1090 1043 Aquila:
1119 982 1375 1027 narratur
1419 967 1803 1041 magnitudine,
1849 966 1970 1021 auri

392 1068 597 1141 fulgore
624 1070 766 1123 circa
800 1070 962 1129 colla,
999 1077 1195 1121 caetera
1222 1080 1537 1134 purpureus,
1573 1066 1854 1119 eteruteam
1881 1076 1969 1114 ro-

390 1162 494 1216 seis
536 1160 767 1216 caudam
794 1159 976 1230 pennis
1012 1157 1479 1228 distinguentibus,
1529 1157 1708 1211 cristis
1752 1154 1967 1224 faciem,

389 1262 650 1323 caputque
667 1254 877 1322 plumeo
905 1252 1052 1319 apice
1078 1250 1469 1305 cohonestante.
1491 1249 1733 1305 Achilles
1753 1245 1967 1314 Tatius,

389 1345 487 1401 lib.
525 1343 812 1410 ιιιεΦοῖνιξ
839 1344 937 1415 μὲν
968 1344 998 1395 ὁ
1023 1343 1171 1413 ὅρνις
1194 1340 1385 1412 ὄνομα*
1413 1341 1474 1394 τὸ
1496 1339 1553 1393 δὲ
1575 1339 1731 1409 γένος
1752 1337 1966 1407 Αἰθίοψ,

393 1436 622 1507 μέγεθος
641 1438 784 1492 κατὰ
815 1434 1017 1489 ταῶνω
1047 1434 1147 1506 τὴν
1172 1432 1359 1504 χροιὰν
1388 1430 1532 1495 ταὼς
1561 1432 1618 1485 ἐν
1641 1429 1827 1484 κάλλει
1851 1429 1972 1484 δεύ-

388 1543 566 1601 τερος.
601 1528 948 1600 Κεκέρασται
994 1525 1094 1596 μὲν
1138 1523 1314 1594 πτερὰ
1349 1521 1534 1595 χρυσῷ
1565 1523 1660 1577 καὶ
1691 1523 1969 1595 πορφύρᾳ,

390 1621 548 1691 αὐχεῖ
571 1621 630 1674 δὲ
649 1620 741 1674 τὸν
764 1620 916 1690 ἥλιον
937 1619 1227 1691 δεσπότην,
1256 1618 1352 1673 καὶ
1378 1620 1411 1690 ἡ
1440 1615 1652 1687 κεφαλὴ
1683 1618 1968 1688 μαρτυρεῐο

388 1714 732 1785 ἐστεφάνωσε
758 1713 868 1783 γὰρ
893 1713 1062 1785 αὐτὴν
1084 1712 1286 1776 κύκλος
1307 1712 1534 1784 εὐφυὴς,
1559 1712 1714 1784 ἡλίου
1742 1711 1798 1765 δέ
1824 1712 1971 1765 ἐστιν

2071 516 2224 556 avem
2243 516 2367 558 esse
2385 501 2606 557 nomine
2627 501 2962 568 semendam,
2980 517 3101 573 qua:
3115 510 3353 558 rostrum
3372 502 3537 559 habet
3557 504 3647 556 tri-

2069 593 2196 665 plici
2217 592 2431 659 ordine,
2457 601 2622 665 atque
2642 602 2701 649 ut
2733 595 2788 650 in
2809 594 3118 668 ellycbiniis
3141 597 3504 667 undequaque
3525 611 3647 667 per-

2069 685 2330 754 foratum,
2346 701 2471 757 qua:
2490 686 2756 742 moritura
2776 686 2937 743 dulce
2958 697 3121 742 canat
3143 702 3444 760 cygnorum
3472 702 3643 742 more.

2070 776 2199 834 inde
2239 780 2486 835 collectis
2511 779 2803 837 sarmentis
2832 791 2982 837 motu
3025 780 3233 835 alarum
3264 777 3533 834 accendat
3557 795 3646 844 ea,

2072 882 2393 944 uraturque,
2435 888 2500 929 ex
2541 875 2701 944 cujus
2742 873 2928 930 cinere
2953 873 3175 936 vermis,
3214 881 3328 928 tum
3357 887 3423 927 ex
3466 886 3652 927 verme

2072 969 2187 1022 avis
2225 956 2422 1021 denuo'
2440 974 2781 1023 renascatur.
2814 965 3081 1039 Scaliger,
3104 964 3497 1022 exercitatione
3518 978 3652 1018 con-

2070 1066 2157 1112 tra
2182 1056 2494 1115 Cardanum
2531 1059 2639 1115 255
2666 1078 2680 1116 :
2712 1059 3032 1123 Phoenicem,
3063 1059 3259 1130 inquit,
3290 1075 3396 1112 non
3422 1073 3538 1112 esse
3562 1073 3653 1127 pe—

2070 1151 2213 1205 nitus
2251 1149 2552 1221 fabulosam
2582 1151 2800 1223 legimus
2832 1151 2886 1206 in
2915 1149 3319 1208 Commentariis
3354 1150 3655 1220 navigatio-

2072 1256 2198 1295 num
2234 1241 2290 1295 in
2336 1241 2732 1297 mediterraneis
2778 1241 2954 1297 India:
2993 1241 3229 1312 reperiri.
3262 1239 3528 1296 Semenda
3566 1255 3658 1293 eo-

2072 1344 2227 1389 catur
2253 1334 2319 1390 ab
2340 1335 2550 1392 incolis.
2592 1336 2855 1391 therum
2880 1335 3037 1405 hujus
3062 1335 3298 1389 historiae
3326 1333 3489 1404 ﬁdem
3517 1333 3657 1388 levat

2073 1426 2316 1482 additum
2344 1426 2697 1483 mendacium.
2725 1427 2890 1482 Aiunt
2911 1428 3050 1481 enim
3078 1427 3129 1480 ei
3169 1435 3400 1479 rostrum
3433 1424 3659 1493 trifistu-

2073 1521 2206 1591 lare,
2253 1530 2314 1575 ut
2346 1523 2608 1577 musicum
2655 1520 2777 1576 edat
2830 1536 3041 1576 sonum.
3085 1516 3251 1588 Cujus
3292 1517 3362 1572 ad
3391 1516 3657 1571 imitatio—

2074 1631 2191 1669 nem
2227 1622 2468 1685 pastores
2513 1614 2922 1670 instrumentum
2964 1611 3348 1685 composuerint
3385 1606 3533 1663 haud
3573 1608 3661 1662 in-

2075 1724 2256 1764 suave.

388 1770 1044 1877 erodittiukou'a'iéqaavo;
1068 1770 1688 1869 eluebv.kudvsbi;ibn,
1717 1805 1811 1858 καί
1831 1805 1971 1858 εἰσιν
2000 1770 2049 1831 Β
2144 1798 2306 1865 ibid.,
2343 1800 2440 1855 lin.
2468 1800 2534 1856 41
2567 1819 2582 1856 :
2624 1800 2716 1867 Ὡς
2741 1777 3063 1870 ἱστορῆσαι
3095 1796 3195 1853 καὶ
3225 1795 3478 1861 ἄλλους.
3519 1792 3661 1848 Car-

388 1892 549 1952 αὗται
599 1898 816 1970 πτερῶν
864 1898 1142 1953 άνατολαί.
1194 1895 1522 1969 Μερῐζονται
1571 1896 1631 1952 δὲ
1674 1895 1840 1950 αὑτοῦ
1876 1896 1973 1950 Al-

389 1991 577 2056 Θιοπες
625 1992 725 2063 μὲν
769 1992 870 2064 τὴν
918 1990 1084 2063 ζωὴν,
1127 1989 1417 2061 Αἰγύπτιοι
1461 1990 1520 2044 δὲ
1562 1990 1662 2063 τὴν
1691 1989 1969 2062 τελευτήν.

387 2084 704 2140 thnicem
728 2083 979 2156 deposito
1010 2083 1167 2139 senio
1187 2082 1521 2154 repullulare
1552 2096 1618 2137 ac
1644 2081 1974 2138 reviviscere

390 2186 550 2234 vetus
592 2177 784 2232 eadem
829 2185 886 2232 et
928 2191 1092 2242 nova,
1128 2175 1356 2231 tradunt
1408 2173 1680 2231 Aristides
1720 2175 1973 2231 oratione

387 2272 457 2326 de
488 2268 721 2342 Smyrna
751 2268 1116 2334 resediticata;
1150 2267 1514 2330 Claudianus,
1544 2275 1738 2323 auctor
1764 2267 1973 2323 carmi-

387 2362 476 2418 nis
513 2360 581 2418 de
612 2361 869 2434 phoenice
911 2359 1058 2432 apud
1086 2358 1435 2415 Lactantium
1459 2377 1477 2428 ;
1505 2357 1746 2415 Joannes
1776 2357 1973 2431 Xiphi--

387 2454 557 2521 linus,
584 2455 642 2509 in
672 2453 882 2509 Tiberio
901 2469 923 2520 ;
952 2452 1286 2517 Herodotus,
1319 2452 1415 2508 lib.
1449 2466 1529 2520 u;
1565 2450 1770 2521 Horus,
1798 2451 1896 2508 lib.
1928 2467 1969 2519 I,

386 2561 510 2617 cap.
543 2545 653 2614 55;
687 2543 932 2610 Solinus,
970 2558 1092 2615 cap.
1127 2543 1231 2612 '55;
1271 2542 1611 2614 Pomponius
1654 2541 1819 2609 Mela,
1868 2542 1967 2599 lib.

386 2655 474 2706 ιιι,
511 2654 633 2709 cap.
670 2639 738 2706 9;
772 2639 1025 2694 Clemens
1071 2635 1372 2694 Romanus.
1407 2637 1502 2691 lib.
1537 2653 1571 2692 v
1613 2636 1970 2692 Constitutio-

385 2745 536 2797 num,
571 2744 696 2800 cap.
726 2728 784 2795 6,
815 2744 979 2799 quem
1012 2729 1203 2784 laudat
1238 2726 1477 2800 Cyrillus
1514 2724 1969 2800 Hierosolymita-

386 2837 515 2885 nus,
558 2820 831 2877 Cateches.
870 2820 959 2886 18,
1010 2819 1086 2876 De
1117 2821 1553 2889 resurrectione;
1593 2818 1969 2876 Tertullianus

384 2914 483 2968 lib.
510 2911 587 2967 De
613 2923 923 2977 resurrect.,
952 2926 1076 2983 cap.
1113 2914 1215 2980 l5;
1274 2912 1619 2978 Ambrosius,
1664 2913 1759 2968 lib.
1793 2928 1873 2978 vr,
1910 2912 1969 2967 in

386 3004 648 3073 Hexaem,
676 3019 797 3076 cap.
827 3004 919 3071 25,
944 3010 1000 3059 et
1026 3003 1121 3060 lib.
1158 3002 1238 3059 De
1266 3002 1371 3074 ﬁde
1400 3004 1841 3072 resurrectionis;
1865 3002 1971 3059 Na-

388 3099 688 3195 zianzenus
708 3096 923 3164 ,Carm.
950 3095 1021 3150 ad
1052 3097 1282 3195 virgines
1299 3114 1319 3163 ;
1355 3096 1718 3195 Epiphanius,
1755 3098 1815 3153 in
1854 3099 1966 3153 An-
1993 3131 2042 3195 ϐ

387 3197 605 3251 corato;
649 3186 959 3258 Cyprianus
1013 3194 1069 3242 et
1124 3185 1381 3252 Ruﬁnus,
1414 3187 1472 3242 in
1512 3185 1794 3258 Symbolo.
1832 3187 1967 3259 Ejus
2000 3185 2039 3229 ‘-

338 3285 345 3289 '
386 3277 637 3334 meminit
664 3276 935 3332 Eusebius
964 3274 1340 3338 Cmsariensis,
1365 3276 1459 3331 lib.
1494 3290 1548 3331 Iv
1585 3276 1663 3332 De
1697 3279 1791 3334 vit.
1824 3276 1969 3334 Cana

386 3382 552 3430 stant.
583 3371 660 3428 De
703 3372 932 3427 historia
972 3371 1137 3442 hujus
1174 3371 1295 3427 avis
1330 3370 1544 3425 haesitat
1569 3368 1967 3437 Nazianzenus,

386 3473 442 3522 et
474 3468 527 3521 ln
568 3466 797 3521 dubium
829 3472 1011 3529 vocat,
1042 3465 1190 3520 hom.
1225 3465 1295 3521 de
1325 3463 1534 3536 Spiritu
1559 3471 1750 3521 sancto
1777 3485 1790 3521 :
1818 3466 1881 3519 Et
1910 3466 1969 3521 δέ

383 3576 464 3630 τῳ
507 3558 697 3622 πιστὸς
741 3559 771 3612 ό
808 3557 986 3628 λόγος,
1025 3559 1121 3611 καὶ
1170 3556 1328 3622 ἄλλος
1377 3555 1496 3611 ἐστὶ
1539 3555 1741 3630 τρόπος
1778 3558 1970 3629 γεννή-

387 3666 547 3714 σεως,
578 3649 711 3705 αὑτό
740 3666 793 3702 τι
838 3649 930 3718 ὑφ’
976 3647 1172 3703 ἑαυτοῦ
1221 3646 1631 3719 δαπανώμενον,
1666 3648 1761 3702 καὶ
1787 3649 1968 3702 τικτό-

389 3756 569 3811 μενον.
617 3739 685 3793 Et
718 3738 952 3804 Plinius,
980 3739 1072 3794 lib.
1106 3755 1166 3804 x,
1200 3754 1322 3810 cap.
1355 3739 1392 3793 2
1433 3758 1448 3795 :
1487 3737 1785 3809 Ethiopes,
1815 3751 1969 3810 atque

387 3828 514 3884 Indi
548 3829 833 3886 discolores
853 3832 1086 3885 maxime
1120 3841 1168 3885 et
1204 3830 1585 3886 inenarrabiles
1616 3831 1792 3902 ferunt
1825 3849 1964 3899 aves,

384 3930 439 3978 et
491 3931 613 3976 ante
666 3938 843 3977 omnes
903 3922 1135 3978 nobilem
1186 3924 1390 3978 Arabia
1442 3923 1781 3980 Phoenicem:
1824 3925 1968 3981 haud

388 4015 499 4069 scio
552 4031 623 4068 an
662 4014 924 4083 fabulose,
974 4031 1139 4069 unum
1188 4016 1244 4068 in
1295 4024 1404 4070 toto
1457 4014 1601 4083 orbe,
1649 4032 1741 4070 nec
1797 4019 1968 4072 nisum

387 4122 721 4178 magnopere.
762 4106 1130 4180 Hieronymus
1158 4106 1466 4174 Cardanus,
1502 4110 1597 4164 lib.
1634 4126 1688 4178 ιι,
1722 4108 1802 4165 De
1839 4110 1968 4165 sub-

389 4199 583 4254 tilitate
618 4216 639 4257 :
674 4199 991 4256 Phoenicem
1022 4201 1393 4272 praedicarunt
1436 4202 1615 4268 multi,
1649 4218 1825 4270 avem,
1883 4204 1968 4257 in-

388 4291 530 4362 quit,
563 4291 760 4346 fabulae
788 4307 950 4362 quam
983 4292 1195 4347 veritati
1228 4293 1538 4362 propiorem
1565 4310 1581 4360 ;
1616 4300 1671 4348 et
1698 4291 1967 4349 Maximus

388 4384 614 4457 Martyr,
649 4385 687 4439 l.
724 4383 792 4438 ad
835 4382 1059 4439 Petrum
1100 4384 1370 4441 illustrem
1407 4394 1604 4440 contra
1643 4383 1966 4440 Severi‘do-

2072 1889 2223 1946 mina
2260 1897 2390 1947 sunt
2426 1889 2726 1947 Ezechielis
2767 1889 3156 1962 tragtediarum
3189 1884 3505 1957 scriptoris,
3534 1897 3660 1954 qua:

2070 1985 2202 2041 item
2233 1983 2504 2042 Eusebius
2559 1984 2655 2040 lib.
2712 2000 2770 2040 ιι
2812 1984 2889 2038 De
2930 1981 3321 2054 praeparatione
3353 1975 3658 2048 evangelica

2070 2080 2279 2137 retulit.
2305 2078 2401 2137 Sic
2422 2080 2623 2136 debent
2637 2078 2904 2151 distingui
2926 2120 2939 2133 .

2145 2196 2389 2265 Ἕτερον
2417 2194 2488 2250 δὲ
2524 2194 2676 2265 πρὸς
2704 2192 2897 2265 Δτοῖσδ’
2924 2191 3165 2265 εἴδομεν
3190 2187 3336 2250 ζῶον
3364 2185 3575 2254 ξένον,

2143 2260 2523 2337 Θαυμαστὸν,
2551 2260 2680 2337 610+
2707 2263 2942 2337 οὐδέπω
2966 2260 3158 2337 ὥρακέ
3168 2277 3292 2337 pg.

2141 2326 2407 2393 Διπλοῦν
2571 2333 2651 2406 ἦν
2682 2334 2750 2388 τὸ
2776 2334 2972 2406 μῆκος
2998 2326 3198 2406 cetera?)
3229 2326 3483 2400 σχεδὸν,

2140 2408 2415 2476 Πτεροῒσι
2438 2402 2836 2469 στὸικῖλοισιόθ,
2852 2402 2979 2474 ίὴδὲ
3011 2402 3338 2476 χρώμασιν.

2143 2472 2372 2547 Στῆθος
2397 2478 2515 2548 μὲν
2549 2476 2736 2533 αὐτοῦ
2768 2472 3446 2548 πορφυροῦνρφᾳίΨο-

2141 2541 2438 2618 Eae-ﬁnde
2464 2541 2861 2620 μιλτόχρωτα,
3025 2544 3164 2620 κατ’.
3175 2541 3415 2620 αὐχένα

2138 2612 2535 2690 Κροκωτίνὸις
2562 2612 2893 2690 μαζῖλοῖσιν
2921 2612 3309 2690 εὐτρεπίζετο·

2138 2684 2306 2775 {idea
2329 2689 2404 2775 δὲ
2420 2684 2637 2775 ,κοῖτὴς
2674 2686 2916 2775 cespes
2944 2684 3317 2775 πμρεμῇερὲε

2139 2757 2249 2817 Καὶ
2278 2762 2508 2831 μηλίνῃ
2674 2757 2751 2828 τῇ
2783 2757 2932 2826 κόρῃ
2952 2757 3340 2831 *προσέβλεπε

2139 2827 2377 2898 Κύκᾶῖῴ,
2586 2829 2655 2883 δὲ
2685 2831 2905 2900 κόηκος
2932 2828 3013 2900 ᾡς
3035 2827 3333 2900 ἐφαίνετο.

2141 2894 2371 2971 Φωνὴᾷί
2385 2900 2454 2955 δὲ
2476 2894 2725 2971 Et:de
2750 2895 2914 2968 εἶχεν
2938 2894 3457 2971 ἐκπρεπεστάτην.

2140 2967 2442 3039 Βασιλεὺς
2471 2970 2541 3025 δὲ
2574 2967 2817 3024 πάντων
2832 2967 3382 3039 ὀρνέωνγέφαίνετο,

2153 3043 2247 3111 Ὠς
2278 3041 2359 3115 ἦν
2383 3035 2996 3115 νοῆσαιζηάντα-’γὰρ
3015 3035 3302 3115 manu.»
3327 3035 3485 3106 ὁμοῦ

2145 3108 2429 3169 "amem
2464 3108 2652 3167 αὐτοῦ
2682 3108 2969 3165 decium»?
3002 3108 3332 3171 ἐπέσσυτο,

2138 3183 2333 3265 θρίξ-ὸς
2368 3182 2439 3237 δὲ
2471 3183 2717 3265 πρόσᾷε,
2741 3181 2970 3265 ’ταῦρος
2998 3180 3079 3246 ὡς
3103 3179 3534 3265 γρυρούμξγοςι

2143 3248 2377 3310 Ἐὅαιᾶε
2402 3248 2696 3322 κραιπνὸν
2721 3248 2893 3323 βῆμα
2919 3248 3238 3317 βαστάζων
3266 3248 3480 3315 ποδός.

2138 3364 2299 3435 lbid.,
2329 3365 2428 3420 lin.
2472 3363 2561 3419 58.
2606 3363 2788 3419 Τοῦτό
2823 3379 2975 3434 φασι
3018 3362 3368 3434 μονογενὲς.
3418 3362 3651 3420 Michael

2068 3457 2287 3531 Glycas,
2321 3457 2419 3512 lib.
2447 3472 2464 3512 ι
2502 3456 2700 3512 Annal.
2722 3456 2816 3510 :'O
2845 3456 3023 3526 φοῖνιξ
3057 3459 3087 3511 ό
3130 3455 3421 3527 Ἀραὸικὺς
3449 3456 3652 3528 ὀρνέων

2067 3552 2284 3622 λέγεται
2320 3545 2461 3605 εἶναι
2508 3550 2793 3622 μονογενὲς
2837 3549 3040 3618 ἄζυγον
3080 3552 3139 3603 ἐν
3185 3551 3251 3620 τῇ
3291 3549 3647 3620 δημιουργίαι

2066 3644 2212 3699 κατὰ
2250 3643 2347 3717 ιτη
2402 3649 2454 3714 φ’
2505 3641 2665 3696 τοῦτο
2689 3643 2907 3714 πάσχει·
2950 3642 2979 3697 δ
3012 3642 3108 3697 καὶ
3154 3642 3388 3714 φαιδρὰν
3414 3643 3654 3715 παριστᾷ

2067 3737 2165 3810 τὴν
2190 3737 2504 3792 ἀνάστασιν.
2538 3736 2607 3791 Et
2631 3736 2735 3792 hoc
2759 3734 2862 3791 fuit
2897 3736 3231 3807 praecipuum
3268 3743 3653 3806 argumentum

2068 3831 2289 3886 Maximi
2332 3831 2607 3902 martyris.
2635 3829 2853 3884 Animal
2883 3844 3014 3900 ergo
3041 3843 3150 3884 non
3177 3829 3496 3900 singulare;
3536 3828 3652 3881 ani-

2069 3932 2274 3978 matum
2297 3923 2448 3993 quid,
2465 3931 2521 3979 et
2540 3937 2703 3979 sensu
2726 3921 3035 3993 praeditum,
3055 3935 3186 3992 ergo
3205 3935 3317 3976 non
3345 3921 3649 3992 singulare,

2067 4030 2192 4071 cum
2226 4017 2437 4071 nullum
2481 4015 2688 4070 animal
2727 4014 2927 4079 solum,
2973 4014 3182 4068 nullum
3213 4014 3544 4081 animatum,
3588 4028 3653 4069 ac

2067 4123 2233 4164 sensu
2260 4106 2583 4178 praeditum,
2633 4105 2764 4161 dum
2803 4104 3165 4176 generationi,
3215 4110 3272 4160 et
3303 4106 3650 4176 corruptioni

2067 4202 2363 4259 obnoxium
2391 4209 2497 4266 est,
2531 4200 2712 4257 solum
2753 4215 2877 4257 esse
2918 4199 3111 4271 possit.

2136 4294 2257 4351 Col.
2287 4294 2411 4359 732,
2439 4293 2539 4352 lin.
2568 4294 2594 4348 1
2637 4313 2651 4349 :
2685 4292 2797 4349 Kal
2831 4293 2937 4362 ἐτη
2970 4291 3078 4362 ζῇν
3120 4295 3513 4348 πεντακόσια.
3540 4291 3650 4349 Nec

2067 4386 2123 4442 in
2147 4387 2471 4459 explicando
2512 4386 2784 4458 phtenicis
2811 4387 2939 4443 vita:
2967 4385 3194 4457 periodo
3221 4393 3481 4442 auctores
3520 4400 3652 4442 oon-

390 4488 571 4549 gmata
594 4497 608 4531 :
634 4477 695 4530 Ei
727 4474 836 4547 γάρ
878 4477 1026 4529 ἐστιν
1065 4475 1215 4548 ὅρνις
1244 4479 1274 4531 ὁ
1302 4477 1497 4547 φοῖνιξ,
1534 4477 1628 4532 καὶ
1661 4477 1799 4542 ζῶον
1829 4478 1966 4533 πάν-

2086 4482 2318 4538 veniunt.
2348 4480 2560 4536 Plinius
2589 4486 2880 4536 sexcentos
2927 4479 3212 4550 sexaginta
3258 4492 3436 4532 annos
3470 4478 3652 4533 vivere

387 4587 498 4631 τως
529 4568 696 4623 ἐστίν.
733 4570 796 4621 Ei
835 4568 893 4622 δὲ
922 4566 1081 4634 ζῶον,
1112 4569 1329 4640 πρῶτον
1361 4570 1457 4641 μὲν
1485 4570 1547 4624 οὐ
1582 4570 1758 4642 πάντη
1798 4587 1964 4641 μονα-

388 4663 557 4727 δικδν,
580 4661 715 4716 καθὸ
740 4661 899 4730 ζῶον,
923 4661 985 4716 οὐ
1010 4662 1119 4733 γὰρ
1146 4662 1304 4733 μόνον
1332 4660 1488 4728 ζῶον·
1510 4661 1702 4715 ἔπειτα
1727 4661 1785 4715 δέ
1808 4662 1967 4735 εἴπερ

389 4752 549 4818 ζῶον,
595 4754 691 4808 καὶ
736 4753 896 4825 σῶμα
938 4751 1179 4824 ἔμψυχον
1223 4753 1558 4824 αἰσθητικόν.
1604 4753 1670 4807 Ei
1716 4752 1775 4807 δέ
1808 4753 1969 4825 σῶμα

389 4847 633 4919 ἔμψυχον
670 4847 987 4920 αἰσθητικόν
1021 4851 1169 4902 ἐστιν
1184 4849 1226 4901 ηό
1258 4847 1451 4918 φοῖνιξ.
1489 4849 1582 4903 καὶ
1620 4849 1725 4904 ὑπὸ
1752 4849 1968 4919 γένεσίν

389 4944 506 4995 ἐστι
541 4941 782 5014 δηλονότι
810 4942 905 4996 καὶ
941 4941 1168 5015 φθοράν
1202 4942 1400 5007 αὐτοὺς
1440 4944 1804 5016 ἐρωτήσωμεν
1838 4945 1968 5009 τοὺς

390 5033 589 5101 σοφοὺς
625 5032 734 5087 τῶν
769 5034 940 5088 ὄντων
977 5033 1269 5105 θεάμονας,
1305 5033 1353 5087 el
1381 5033 1604 5088 δυνατόν
1639 5033 1756 5087 ἐστί
1793 5034 1967 5089 τιτῶν

389 5124 495 5177 ὑπὸ
516 5124 726 5192 γένεσιν
746 5125 840 5179 καὶ
865 5125 1071 5195 φθορὰν
1100 5125 1362 5198 ἐμψύχων
1385 5126 1480 5180 καὶ
1504 5126 1835 5199 αἰσθητικῶν
1858 5143 1965 5181 σω-

392 5217 600 5290 μάτων,
632 5219 925 5292 μοναδικῆς
956 5220 1224 5293 ὑπάρχειν
1254 5219 1376 5274 καθ’
1402 5220 1697 5274 ὑπόστασιν
1727 5219 1963 5291 φύσεως,

388 5303 464 5365 ὧν
495 5312 529 5380 ὴ
561 5309 618 5377 ἐξ
650 5309 896 5382 ἀλλήλων
938 5313 1059 5367 κατ’
1093 5309 1235 5378 εἶδος
1273 5313 1490 5386 διαδοχὴ
1521 5313 1771 5386 ἀρίδηλος
1804 5330 1967 5387 χαρα-

389 5402 527 5474 κτὴρ
556 5401 656 5455 τοῦ
674 5398 814 5456 εἶναι
836 5403 931 5457 καὶ
955 5404 1080 5476 ὄρος
1095 5403 1230 5469 ἐστὶ,
1249 5403 1498 5476 καθάπερ
1524 5404 1665 5475 καὶὴ
1683 5404 1801 5458 Θεία
1824 5421 1965 5476 μαρ-

388 5496 543 5565 τυρεί
570 5495 761 5567 Γραφὴ
778 5494 838 5548 τὸ
857 5494 1074 5565 βέϐαιον
1090 5496 1156 5549 δι’
1187 5496 1384 5566 ἑαυτῆς
1411 5494 1504 5548 τοῦ
1535 5495 1695 5564 λόγου
1726 5512 1962 5567 παρεχο-

394 5581 529 5651 μένη
553 5580 632 5653 τῷ
659 5582 849 5653 δικαίῳ
873 5583 1016 5648 Νῶε,
1039 5584 1294 5638 Εισελθε
1325 5583 1406 5637 σὺ
1434 5583 1533 5638 καὶ
1561 5582 1701 5651 πᾶς,
1727 5590 1860 5651 etc.,
1882 5580 1964 5650 οἷς

391 5672 548 5743 εἰπερ
567 5671 642 5735 ὡς
660 5674 861 5743 πτηνὸν
879 5674 1014 5737 ζῶον
1041 5677 1069 5728 ό
1094 5674 1270 5743 φοῖνίξ
1285 5676 1434 5727 ἐστιν
1450 5674 1785 5747 ἐναρίθμιος,
1805 5692 1964 5748 μονα-

391 5762 544 5837 διιεῆς
575 5760 695 5817 καθ’
731 5763 1022 5823 ὑπόστασιν
1051 5765 1264 5835 φύσεως
1293 5766 1394 5820 οὐκ
1410 5767 1522 5821 ἔστι
1540 5768 1680 5825 κατὰ
1697 5768 1793 5840 τὴν
1811 5768 1962 5824 θείαν

2070 4574 2165 4641 ait,
2230 4571 2452 4629 Solinus
2500 4573 2828 4644 quingentos
2895 4570 3290 4642 quadraginta,
3339 4567 3647 4627 Philostra-

2069 4678 2159 4723 tus
2198 4671 2509 4729 sexcentos,
2552 4663 2805 4726 Nonnus,
2849 4662 3159 4733 Dionysiae.
3198 4661 3295 4716 lib.
3344 4676 3436 4726 ιι,
3479 4660 3648 4727 mille,

2069 4758 2316 4829 quidam,
2378 4756 2655 4813 referente
2726 4754 2941 4818 Tacito,
3008 4754 3160 4810 mille
3213 4752 3650 4825 quadringentos

2067 4852 2358 4923 sexaginta
2390 4865 2587 4914 unum,
2623 4848 2864 4905 Joannes
2894 4848 3123 4904 Tzetzes
3170 4863 3234 4903 ex
3284 4845 3648 4903 Chmremone

2066 4942 2326 5016 Egyptio
2350 4957 2634 4999 sacrarum
2672 4941 2974 4998 litterarum
3005 4939 3208 5005 scriba,
3237 4953 3335 4995 sex
3355 4949 3411 4994 et
3438 4946 3647 5009 septem

2067 5037 2309 5092 millibus
2360 5036 2521 5091 annis
2572 5035 2757 5090 vivere
2787 5033 2942 5088 illum
3001 5038 3319 5088 constanter
3370 5029 3647 5093 aﬂirmat;

2065 5127 2265 5185 Noster
2321 5126 2681 5189 Eustathius,
2735 5124 3066 5189 Herodotus,
3130 5123 3378 5186 Tacitus,
3443 5121 3645 5187 Horus,

2064 5216 2322 5274 Aurelius
2381 5214 2587 5280 Victor,
2646 5213 2843 5286 Glycas
2895 5221 2950 5269 et
3012 5212 3105 5267 alii
3159 5212 3500 5283 quingentis.
3560 5210 3647 5265 Sic

2065 5311 2229 5366 etiam
2263 5309 2598 5380 Epiphanius
2625 5308 2682 5364 in
2714 5307 3053 5379 Physiologo,
3085 5321 3207 5376 cap.
3234 5305 3323 5360 11.

2135 5401 2293 5469 lbid.,
2322 5402 2420 5457 lin.
2454 5402 2511 5456 2.
2547 5401 2656 5456 Καὶ
2688 5402 2758 5455 ἐν
2783 5400 2966 5469 καιρῷ
2991 5398 3096 5453 τοῦ
3113 5398 3390 5468 μέλλειν.
3421 5394 3645 5451 Michael

2065 5495 2283 5568 Glycas,
2317 5494 2515 5550 Annal.
2546 5502 2681 5550 tom.
2722 5492 2745 5546 Ι
2775 5494 2976 5549 εΑὑτοὶ
3020 5491 3130 5563 γὰρ
3166 5491 3263 5545 καὶ
3302 5491 3355 5544 οἱ
3390 5490 3648 5560 Ἕλληνες

2065 5587 2195 5660 περὶ
2221 5585 2387 5640 αὑτοῦ
2415 5584 2750 5658 διηγοῦνται,
2789 5585 2873 5638 ὅτι
2906 5584 3175 5656 προγνοὺς
3201 5581 3264 5635 τὺ
3297 5580 3456 5644 τέλος
3486 5577 3646 5633 αὐτοῦ

2065 5678 2283 5751 ἔρχεται
2315 5678 2444 5750 περὶ
2482 5678 2583 5749 τὴν
2628 5677 2921 5746 Αἴγυπτον,
2965 5676 3059 5730 καὶ
3096 5675 3331 5745 ἀντικρὺ
3361 5672 3461 5727 τοῦ
3501 5670 3647 5744 ἡλίου

2065 5772 2299 5838 ἵσταται,
2319 5766 2438 5827 εἶτα
2462 5769 2774 5842 τεφροῦται,
2804 5769 2898 5827 καὶ
2924 5766 3148 5824 ἀπδτοῦ
3163 5766 3289 5839 χοὸς
3314 5767 3485 5823 αὐτοῦ
3516 5762 3649 5820 σκώ-
