3810 6168
144 356 257 414 89Ἰ

1148 342 1214 399 IN
1242 337 1613 399 EUSTATHII
1650 330 2121 393 HEXAEMERON
2166 329 2402 387 NOTIE.

3279 316 3387 375 898

138 470 245 545 ληξ
274 468 551 541 γεννᾶται,
590 464 684 518 καὶ
711 462 871 526 αὐτὸς
901 456 1055 523 αὖθις
1086 461 1165 522 εἰς
1206 457 1405 530 πτηνὸν
1446 452 1712 527 μεταϐάλ-
1739 494 1749 517 Α

1844 439 2019 505 femus
2061 447 2247 503 Musaei
2279 445 2349 501 de
2383 456 2612 498 numero
2634 453 2862 496 ovorum
2894 435 3199 507 aquilarum
3221 434 3269 489 is
3302 441 3388 491 est

2073 535 2094 545 -
2158 544 2163 545 ,
2208 536 2222 545 .
2274 536 2286 545 .
2329 542 2337 545 ,
2387 534 2453 545 -.
2569 532 2601 545 ..
2644 538 2656 545 .
2726 530 2740 545 .
2796 544 2832 545 η
2912 525 3376 545 -.ηιημυιηημ

139 565 294 618 λεται
323 559 417 614 τὸν
449 556 684 628 φοίνικα.
721 552 974 617 Nonnus,
1004 551 1059 606 d.
1092 550 1213 606 loco
1241 567 1257 605 :

140 678 255 735 Kal
288 677 445 742 ξύλα
471 658 736 742 κηώεντα
761 668 957 742 saepem
986 664 1338 742 γαμψώνυξι
1364 659 1565 742 φρονεῖ)

142 730 423 814 iussam;-
449 730 951 814 σοέοόςᾼὸργῖιςῖἐῇ
982 730 1212 814 ὲὺᾷδέιῳ
1234 730 1341 788 σέο

150 800 352 880 diois-t5
370 800 566 884 ’τέρμᾶ
588 800 749 878 βιοῖο
776 800 969 879 saepe)?
997 800 1265 861 αῠτὸοίπο
1303 820 1376 857 ον
1400 800 1599 871 ἀρχὴν

150 893 415 943 Τικτεται
448 884 756 938 ἱσοτύποιο
793 879 1014 948 χρόνου
1052 822 1483 948 adlaudat)er
1518 870 1715 948 elicior,

145 941 357 1025 lived;
373 956 424 1010 δ’
443 956 513 1010 ὲν
530 954 672 1022 πυρὶ
921 948 1219 1019 ἀμείϐεται
1240 941 1315 998 ea
1336 942 1526 1014 πυρός
1542 941 1716 1011 ἥϐην.

149 1068 399 1125 Alcimus
420 1066 611 1120 Avitus
641 1082 654 1116 :

156 1185 260 1240 Hie
285 1198 403 1254 qua:
425 1179 614 1234 donari
636 1175 885 1254 mentitur
915 1172 1063 1244 fama
1097 1169 1301 1254 Sabaeis

149 1238 431 1327 Cunn'ama
465 1238 959 1327 nascuntur,vivaa:
987 1258 1103 1314 qua:
1132 1240 1333 1310 colligit
1379 1238 1509 1307 ales,

149 1316 345 1381 N'utali
375 1339 491 1379 cum
522 1323 624 1390 ﬁne
658 1319 812 1388 perit,
848 1316 1071 1390 nidoque
1095 1322 1309 1380 perusto

149 1395 444 1454 Succedens
484 1380 688 1447 sibimet
714 1386 935 1459 quasita
984 1380 1150 1459 morte
1182 1380 1448 1459 resurgit;

151 1449 274 1522 Nec
296 1449 541 1519 contenta
562 1476 658 1517 suo
693 1449 899 1513 tantum
929 1454 1086 1510 semel
1109 1452 1292 1507 ordine
1321 1449 1491 1515 nasci,

148 1537 335 1608 Longa
362 1532 618 1608 veternosi
651 1537 929 1605 renovatur
953 1524 1188 1608 corporis
1217 1531 1380 1587 setas,

151 1596 533 1676 Inse'nsamque
572 1601 742 1657 levant
776 1596 1022 1653 incendia
1059 1596 1240 1649 crebra
1266 1599 1544 1647 senectam.

145 816 352 880 Φοῖνιξ
372 808 566 884 ’τέρμα
588 808 749 878 βίοὶο
776 809 969 884 saepe)?
997 808 1376 884 αὐτόο-πορον

152 1719 328 1775 Aliter
355 1724 535 1773 tamen
584 1719 813 1769 narrant
854 1710 975 1781 ejus
1010 1715 1242 1764 mortem
1291 1706 1490 1771 llorus,
1535 1702 1629 1759 lib.
1660 1715 1723 1781 ιι,

153 1769 729 1884 capfsiviilrigenes,
765 1804 860 1860 lib.
881 1769 953 1857 ⁷ιιι
994 1809 1180 1857 contra
1209 1796 1452 1861 Celsum;
1479 1769 1728 1851 'Achill‘es
1760 1797 1803 1857 Β

154 1904 371 1969 Tatius,
406 1901 501 1957 lib.
544 1915 627 1962 tu,
682 1898 740 1951 in
779 1896 907 1951 line.
949 1891 1286 1964 Epiphanius
1318 1889 1374 1943 in
1415 1885 1731 1959 Physiologo

153 1998 233 2052 ait
268 2016 283 2051 :
320 1995 613 2064 Postquam
650 1990 704 2044 in
737 1990 977 2043 cinerem
1005 1992 1119 2040 tota
1149 1987 1474 2051 consumpta
1503 1985 1608 2045 est,
1643 1992 1733 2034 se-

152 2090 346 2164 quenti
375 2089 464 2144 die
493 2086 595 2141 alis
622 2083 828 2139 renatis
857 2080 1112 2147 inveniri,
1143 2077 1306 2133 tertio
1346 2076 1611 2145 integram
1645 2087 1735 2128 sa-

152 2182 437 2240 cerdotem
467 2178 723 2241 salutare,
747 2180 1223 2243 restauratamque
1243 2167 1412 2224 abire.
1456 2165 1732 2228 Albertus,

155 2277 303 2348 ignis
337 2275 391 2331 vi
419 2275 474 2328 in
503 2272 741 2327 cinerem
769 2267 931 2331 verti,
962 2264 1052 2320 die
1080 2264 1254 2318 altero
1284 2274 1516 2316 vermem
1566 2258 1624 2313 in
1651 2256 1734 2312 ci-

154 2385 291 2426 nere
319 2367 492 2433 nasei,
522 2364 614 2436 qui
641 2362 744 2418 alis
779 2361 865 2417 die
888 2358 1047 2414 tertia
1094 2352 1392 2423 assumptis
1433 2352 1575 2406 intra
1605 2364 1736 2420 pau-

155 2476 257 2517 cos
288 2459 407 2516 dies
437 2459 492 2513 in
538 2471 690 2511 avem
745 2454 992 2526 pristinae
1038 2448 1225 2519 ﬁgurae
1261 2450 1653 2506 commutatur,
1684 2450 1739 2497 et

160 2551 369 2606 avolat.
425 2548 824 2612 Artemidorus,
872 2541 1170 2599 Onerocrit.
1214 2538 1335 2602 lib.,
1375 2549 1495 2605 cap.
1518 2531 1610 2596 49,
1655 2531 1738 2584 lo—

160 2658 292 2699 cum
323 2657 391 2697 ex
413 2655 519 2710 quo
538 2639 757 2710 phmnix
782 2635 959 2692 evolet
991 2634 1047 2688 in
1069 2630 1388 2710 Egyptum,
1409 2632 1464 2680 et
1486 2624 1551 2678 ad
1576 2635 1737 2692 quem

158 2749 297 2790 mox
336 2737 671 2793 revertatur,
704 2729 779 2783 ait.
822 2725 1080 2798 ignorari.
1119 2708 1523 2777 Artemidorum
1557 2722 1741 2769 trans-

160 2825 361 2898 cripsit
388 2821 586 2879 Suidas
605 2821 772 2876 verbo
797 2814 996 2883 Φοϊνιξ.
1015 2815 1093 2871 De
1109 2813 1365 2886 pbmnice
1383 2815 1439 2865 et
1463 2808 1580 2879 ejus
1608 2818 1740 2877 rogo

157 2917 291 2976 vide
315 2914 537 2971 Petrum
566 2911 905 2976 Damianum,
938 2908 1032 2962 lib.
1063 2920 1124 2972 ll,
1154 2904 1314 2974 epist.
1346 2900 1436 2955 18.

236 3004 400 3073 lbid.,
427 3004 526 3058 lin.
557 3002 647 3056 10.
676 3000 730 3053 Ὁ
764 2998 832 3052 δὲ
862 2996 1033 3062 ἀετὸς
1061 2994 1194 3063 περὶ
1222 2991 1340 3061 τὴν
1366 2983 1738 3057 ἀνατροφήν.

161 3101 430 3163 Basilius,
461 3098 615 3152 hom.
653 3094 687 3150 8
712 3111 724 3148 :
770 3089 1127 3151 ’Δδικώτατος
1158 3086 1286 3157 περὶ
1314 3084 1413 3155 τὴν
1441 3080 1551 3135 τῶν
1579 3076 1738 3148 ἐκγό-

163 3156 279 3249 νων
314 3156 585 3261 ὲκτοοφὴν
616 3188 645 3240 ὁ
674 3184 851 3249 ἀετός.
885 3180 989 3235 Δύο
1017 3180 1126 3250 γὰρ
1150 3156 1435 3246 ἐξαγαγὼν
1464 3172 1737 3235 νεοσσοὺς,
1767 3156 1808 3213 C

163 3290 260 3340 τὸν
284 3283 470 3354 ἕτερον
484 3277 661 3335 αὐτῶν
680 3278 757 3341 εις
773 3274 877 3346 γῆν
898 3271 1328 3343 ωταρρήγνυσι,
1358 3267 1477 3328 ταῖς
1502 3263 1740 3333 πληγαῖς

163 3379 280 3434 τῶν
312 3373 529 3447 πτερῶν
559 3368 977 3447 ὑπωθούμενος.
1003 3362 1181 3447 Τὸνῌδ’
1210 3362 1397 3447 ἕτερον
1426 3356 1584 3447 μόνον
1612 3354 1742 3407 ἀνα-

164 3455 354 3512 λαϐὼν
407 3434 718 3514 οἰκειοῦται,
780 3434 867 3502 διὰ
931 3445 997 3499 τὸ
1071 3443 1169 3514 τῆς
1221 3438 1427 3512 τροφῆς
1487 3434 1742 3489 ἐπίπονον

166 3544 607 3617 ἁποποιούμενος
643 3539 703 3594 ὃν
752 3538 1061 3608 ἐγέννησεν.
1116 3531 1254 3586 Ἀλλ’
1302 3529 1401 3583 οὐκ
1431 3527 1497 3598 ὲᾷ
1533 3522 1740 3584 τοῦτον,

167 3639 252 3705 ὥς
299 3612 459 3708 eam,
506 3631 871 3707 διαφθαρῆναι
919 3630 953 3699 ή
1004 3626 1176 3697 φήνη,
1230 3621 1345 3676 ἀλλ’
1402 3612 1745 3671 ὑπολαϐοῦσα

172 3706 342 3786 αὐτὸν
384 3730 496 3793 τοῖς
539 3725 758 3787 οἰκείοις
815 3719 1012 3790 ἑαυτῆς
1076 3716 1316 3777 νεοσσοῖς
1370 3706 1745 3779 συνεκτρέφει.

174 3826 365 3893 Quare
392 3819 574 3893 aquila
609 3832 740 3873 suos
779 3813 962 3885 pullos
992 3808 1177 3879 ejiciat
1217 3805 1378 3858 aliam
1425 3797 1582 3855 atl‘ert
1623 3810 1750 3851 cau-

174 3885 302 3975 52m
337 3885 679 3973 Aristoteles,
700 3907 797 3962 lib.
833 3920 889 3959 ιιι
920 3903 998 3958 De
1024 3901 1150 3954 hist.
1184 3915 1298 3960 an.,
1334 3909 1456 3964 cap.
1476 3889 1545 3945 st
1570 3909 1585 3944 ς
1613 3885 1748 3941 Hit-

176 4011 247 4066 tit
264 4023 487 4078 namque
524 4020 647 4059 suos
673 3999 851 4073 aquila
892 4004 1173 4065 antequam
1230 3999 1431 4057 tempus
1459 3986 1550 4047 sit,
1579 3980 1750 4035 adhuc

174 4104 417 4175 parentis
450 4111 663 4167 operam
700 4071 1079 4149 desiderantes,
1124 4098 1215 4138 nec
1263 4076 1477 4136 volandi
1535 4071 1751 4141 adeptos

179 4163 495 4267 facultatem
536 4205 554 4242 :
581 4183 718 4258 quod
752 4198 842 4253 per
870 4178 1123 4235 invidiam
1168 4173 1224 4228 id
1263 4172 1436 4242 facere
1466 4163 1704 4221 creditur
1732 4174 1752 4214 .'

181 4298 386 4345 natura
410 4282 548 4338 enim
573 4275 756 4334 invida
775 4282 823 4328 et
844 4269 1089 4343 famelica
1110 4275 1207 4334 est,
1224 4279 1317 4319 nec
1351 4262 1563 4329 copiosa
1595 4270 1754 4310 vena-

185 4380 328 4434 tione
352 4390 370 4430 :
398 4386 645 4443 magnum
667 4377 841 4422 tamen
867 4359 991 4434 quid
1013 4356 1335 4415 nanciscitur
1365 4366 1485 4406 cum
1516 4356 1753 4403 venatur.

187 4469 398 4526 Invidet
417 4439 540 4537 erqo
571 4463 681 4518 suis
699 4458 825 4530 ﬁliis
831 4455 950 4526 jam
973 4448 1246 4510 masculis,
1269 4459 1424 4515 atque
1446 4439 1757 4496 edaciuscu-

188 4561 284 4623 lis,
299 4566 349 4613 et
376 4557 440 4611 ob
460 4532 576 4610 eam
593 4566 701 4606 rem
725 4545 984 4618 unguibus
1012 4548 1171 4597 secat.
1205 4536 1352 4591 Pulli
1371 4532 1679 4588 etiaminter
1702 4543 1757 4582 se

188 4665 427 4723 pugnare
455 4644 711 4714 incipiunt
735 4636 798 4694 de
821 4635 943 4692 sede
970 4643 1021 4690 et
1050 4640 1239 4701 pastu;
1272 4629 1452 4698 itaque
1486 4641 1519 4678 a
1542 4629 1758 4693 parente

187 4712 502 4808 eliciuntur,
520 4712 571 4792 et
596 4733 902 4806 pulsantur,
936 4724 1123 4796 dejecti
1140 4719 1514 4791 vociferantur,
1544 4712 1762 4784 pericli-

191 4803 516 4903 tanturque;
548 4803 606 4883 et
628 4825 724 4880 lib.
750 4839 827 4887 vi,
860 4834 980 4890 cap.
1016 4816 1071 4881 6,
1100 4814 1262 4870 taedio
1290 4811 1454 4867 etiam
1482 4803 1762 4861 nutriendi

192 4927 322 4983 illos
348 4900 622 4992 erpellere
641 4916 861 4978 fatetur,
874 4926 941 4966 eo
964 4907 1110 4964 enim
1136 4916 1381 4973 tempore
1403 4900 1759 4971 degenerare,

187 5025 250 5073 et
290 4988 583 5070 hebcsCere
606 5008 829 5070 dicitur,
862 5016 1076 5073 ungues
1109 4994 1332 5059 inverti,
1369 5005 1578 5063 pennas
1614 4988 1764 5042 albe-

189 5122 373 5170 scere,
396 5118 566 5175 quare
594 5108 653 5157 ut
677 5100 746 5154 ad
770 5097 1016 5167 rapinam
1040 5095 1258 5162 ineptae,
1276 5086 1455 5159 pullos
1470 5098 1608 5156 quos
1631 5079 1765 5136 edu-

194 5211 329 5253 care
384 5170 683 5263 nequeunt,
730 5186 860 5241 odio
911 5181 1144 5254 quodam
1198 5174 1467 5245 taedioque
1522 5170 1762 5225 mittunt.

191 5287 433 5352 Plinius,
467 5283 580 5340 lib..
601 5298 654 5345 ι,
689 5294 810 5349 cap.
853 5277 927 5332 5:
979 5270 1279 5341 Nidiﬁcant
1324 5268 1377 5320 in
1402 5264 1565 5336 petris
1598 5271 1648 5315 et
1681 5274 1769 5314 ar-

194 5378 414 5435 boribus
446 5376 703 5445 :pariunt
724 5386 821 5426 ova
851 5378 1022 5428 terna,
1056 5361 1342 5418 excludunt
1368 5356 1540 5427 pullos
1577 5353 1766 5406 binos:

195 5471 303 5529 visi
330 5478 455 5523 sunt
488 5442 542 5521 iet
568 5476 670 5519 tres
698 5456 1007 5534 aliquando,
1043 5455 1271 5509 alterum
1305 5445 1570 5516 expellunt
1610 5442 1767 5497 twdio

195 5559 489 5619 nutriendi.
524 5558 723 5626 Quippe
743 5570 802 5609 eo
834 5565 1061 5621 tempore
1084 5547 1212 5613 ipsis
1241 5542 1413 5598 cibum
1428 5538 1632 5609 negavit
1674 5551 1773 5589 na-

197 5666 326 5711 tura
345 5649 688 5721 prospiciens,
724 5663 788 5700 ne
806 5644 1041 5698 omnium
1075 5640 1314 5710 ferarum
1344 5633 1479 5704 [etus
1519 5643 1771 5698 raperen-

199 5759 311 5804 tur.
342 5720 546 5815 Ungues
572 5755 772 5812 quoque
791 5753 974 5792 earum
989 5738 1322 5790 invertuntur
1340 5724 1523 5782 diebus
1552 5738 1622 5777 xv
1649 5737 1664 5786 ;
1698 5720 1776 5774 al-

203 5813 620 5898 bescuntiinedia
647 5846 828 5902 penna:
848 5871 863 5900 ,
886 5839 945 5884 ut
972 5828 1162 5883 merito
1181 5830 1367 5882 partus
1395 5832 1517 5874 suos
1541 5813 1766 5869 oderint.

1816 553 1978 608 quem
2004 535 2171 593 refert
2193 534 2518 590 Aristoteles
2550 532 2697 587 dicto
2726 530 2868 594 loco,
2901 534 2957 584 et
2980 525 3311 581 Plutarchus
3328 526 3387 581 in

1816 628 1995 683 Hario
2029 642 2049 682 :

1895 721 1990 784 ’ος
2018 718 2143 790 τρία
2174 718 2273 791 μὲν
2297 716 2495 780 τίκτει,
2517 714 2610 769 δύο
2638 710 2929 775 δ’ὲκλέπει,
2965 708 3024 763 ἓν
3041 708 3087 761 δ’
3118 706 3382 776 ἀλεγίζειο

1818 812 1933 868 Hoc
1970 812 2164 867 ultimo
2192 808 2569 878 Dalccampius
2624 808 2776 877 legit,
2831 803 2890 859 ἓν
2931 802 2976 856 δ’
3009 800 3278 866 ἀλιϐάζει,
3333 807 3390 855 et

1820 906 2143 963 sententiam
2170 918 2288 957 eam
2312 917 2435 958 esse
2453 901 2586 965 vult,
2609 898 2845 970 aquilam
2876 911 3044 950 unum
3071 908 3233 950 ovum
3265 906 3391 947 cor-

1820 1010 2096 1068 rumpere,
2167 992 2413 1064 perdere,
2477 990 2587 1046 duo
2640 987 2954 1053 excludere,
3008 984 3117 1039 tria
3174 997 3387 1053 parere,

1820 1086 2312 1155 animadvertitque
2344 1083 2400 1137 in
2432 1083 2779 1152 interpretem
2807 1079 2900 1148 qui
2935 1075 3068 1130 illud
3091 1076 3150 1128 ἓν
3174 1072 3242 1127 ad
3272 1072 3393 1143 pul-

1821 1180 1957 1245 lum,
1984 1193 2095 1234 non
2129 1176 2197 1231 ad
2225 1189 2386 1229 ovum
2419 1171 2695 1237 retulerit;
2716 1184 2816 1225 nec
2847 1169 2964 1239 ipse
2992 1173 3175 1220 tamen
3200 1161 3389 1219 Musaei

1824 1272 2150 1331 sententiam
2170 1277 2455 1326 assecutus
2475 1274 2580 1331 est,
2612 1279 2774 1335 quam
2806 1279 2873 1317 ex
2903 1260 3209 1332 aquilarum
3228 1257 3396 1313 histo-

1823 1372 1906 1426 ria
1933 1368 2161 1434 claram,
2192 1362 2382 1420 nescio
2406 1359 2678 1433 quomodo
2707 1356 2984 1429 pervertit,
3016 1370 3081 1411 ea
3103 1355 3250 1411 enim
3271 1359 3390 1409 est:

1822 1459 2075 1531 Aquilam
2107 1456 2210 1512 tria
2238 1469 2342 1510 ova
2371 1466 2655 1524 generare,
2712 1448 2822 1503 duo
2875 1444 3186 1509 excludere,
3220 1456 3393 1499 unum

1826 1553 2036 1610 scilicet
2080 1549 2313 1620 pullum,
2344 1560 2469 1601 cum
2503 1544 2616 1614 jam
2674 1555 2774 1596 ova
2809 1556 2920 1594 non
2953 1546 3100 1604 sunt,
3132 1536 3392 1598 educare,

1827 1648 2079 1716 alereque
2107 1642 2227 1714 ejus
2250 1654 2437 1695 curam
2468 1635 2727 1709 gerendo.
2760 1633 2941 1701 Quare
2968 1637 3157 1703 postea
3178 1629 3395 1685 Aristo-

1828 1740 1963 1795 teles
1994 1735 2211 1794 subdit:
2237 1732 2498 1801 Quamvis
2523 1745 2722 1801 magna
2748 1744 2815 1784 ex
2845 1734 2999 1798 parte
3020 1725 3073 1801 id
3101 1723 3212 1788 ﬂat,
3244 1720 3395 1776 vide-

1830 1832 1977 1895 licet,
2008 1843 2178 1884 unum
2209 1826 2463 1890 educere,
2512 1800 2697 1878 tamen
2738 1817 3030 1890 aliquando
3048 1800 3118 1872 'et
3149 1825 3262 1871 tres
3293 1812 3402 1868 visi

1832 1930 1960 1979 sunt
1984 1921 2135 1992 pulli.
2167 1917 2279 1974 Nec
2315 1915 2627 1971 Aristotelis
2659 1911 2983 1968 sententiam
3007 1909 3273 1979 integram
3303 1920 3401 1959 ex-

1833 2016 2032 2088 pressit
2054 2012 2264 2067 Plinius
2285 2028 2299 2065 :
2320 2008 2548 2063 Pariunt
2575 2023 2671 2060 ova
2701 2006 2843 2058 trina
2870 2019 2884 2056 :
2930 2000 3212 2057 excludunt
3226 1996 3401 2069 pullos

1834 2087 1981 2163 binos
2011 2123 2028 2161 :
2057 2105 2152 2160 visi
2179 2113 2300 2159 sunt
2320 2112 2369 2157 et
2399 2112 2504 2155 tres
2539 2097 2856 2169 aliquando;
2875 2094 3061 2149 omisit
3092 2090 3237 2146 enim
3267 2087 3403 2144 illud

1833 2197 1978 2270 quod
2011 2203 2128 2253 erat
2149 2207 2361 2250 summe
2391 2189 2781 2252 necessarium,
2801 2200 2964 2239 unum
2999 2181 3115 2236 alit.
3147 2179 3238 2234 Sic
3255 2178 3405 2234 enim

1835 2289 2116 2349 sententiae
2169 2285 2432 2341 absolutae
2484 2280 2734 2350 exceptio
2787 2279 2900 2343 illa,
2951 2284 3005 2332 et
3037 2271 3196 2345 quasi
3226 2287 3293 2328 ex
3332 2270 3404 2326 iis

1834 2398 1955 2454 quae
1982 2393 2110 2434 raro
2177 2375 2502 2444 contingunt
2546 2368 2957 2432 notatiunculae,
3020 2363 3138 2418 Visi
3189 2370 3311 2417 sunt
3351 2367 3406 2413 et

1835 2452 1939 2528 tres
1964 2467 2275 2541 aliquando,
2317 2462 2788 2535 corresponderet.
2823 2458 2933 2514 Nec
2956 2457 3147 2511 dubito
3191 2452 3404 2510 exscri-

1837 2575 2054 2637 ptorum
2084 2562 2138 2617 id
2183 2559 2410 2615 incuriae
2465 2557 2668 2628 potius,
2709 2566 2870 2623 quam
2902 2549 3064 2605 Plinii
3101 2545 3407 2604 oscitantiat

1838 2654 2219 2721 tribuendum;
2252 2651 2346 2723 qui
2379 2650 2586 2720 optima
2622 2660 2851 2717 quaeque
2903 2644 2972 2698 ab
3015 2641 3139 2696 aliis
3173 2640 3402 2700 dictata,

1836 2752 1922 2807 vel
1968 2750 2191 2819 scripta,
2242 2740 2657 2817 perversissime
2709 2736 3010 2808 excipiunt,
3058 2737 3408 2805 pervertunta

1839 2856 1964 2914 que.

1911 2933 2068 2998 lbid.,
2089 2931 2188 2985 lin.
2208 2929 2295 2984 l5.
2323 2927 2383 2984 Ἠ
2399 2923 2468 2980 δὲ
2483 2922 2645 2994 φήνῃ
2666 2920 2774 2976 τὸν
2795 2920 3042 2975 arronei.
3060 2912 3410 2982 Aristoteles,

1840 3028 1936 3083 lib.
1969 3043 2021 3082 vt
2065 3024 2139 3078 De
2162 3022 2351 3076 histor.
2389 3018 2583 3080 anim.,
2611 3029 2730 3084 cap.
2764 3014 2818 3076 6,
2849 3011 2952 3065 Τὸν
2980 3010 3039 3064 δὲ
3082 3006 3412 3079 ἐκϐληθέντα

1841 3125 2077 3194 δέχεται,
2107 3119 2202 3174 καὶ
2227 3115 2416 3188 τρέφει
2439 3116 2473 3185 ὴ
2501 3113 2665 3184 φήνη.
2699 3118 2754 3166 et
2775 3109 2870 3163 lib.
2904 3124 2980 3173 Ix,
3005 3122 3124 3176 cap.
3158 3105 3247 3169 54,
3273 3106 3334 3158 Oi
3356 3103 3413 3156 δὲ

1846 3212 2231 3284 ἐκϐαλλόμενοι
2263 3204 2448 3280 βοῶσι,
2481 3201 2787 3284 scalptore);
2821 3199 3192 3270 ὑπολαμϐάνει
3217 3196 3415 3258 αὐτοὺς

1844 3275 2341 3378 hminum,
2376 3297 2472 3352 lib.
2504 3311 2561 3359 ι,
2585 3275 2707 3364 cap.
2739 3292 2811 3347 3:
2841 3289 2943 3346 Sed
2982 3290 3172 3359 ejectos
3222 3286 3286 3341 ab
3330 3286 3413 3340 his

1843 3405 2126 3470 cognatum
2158 3408 2318 3463 genus
2348 3389 2628 3459 ossifragae
2647 3384 2932 3454 excipiunt,
2961 3391 3012 3437 et
3039 3380 3264 3435 educant
3292 3393 3415 3431 cum

1844 3490 1975 3544 suis.
2015 3486 2167 3541 Hanc
2216 3482 2542 3552 ossifragam
2578 3494 2689 3533 non
2730 3476 2964 3532 multum
3015 3473 3192 3529 oculis
3230 3472 3417 3527 valere

1846 3578 2014 3635 tradit
2034 3575 2377 3632 Aristoteles.
2408 3571 2485 3626 De
2504 3568 2687 3640 aquila
2719 3567 2822 3621 hoc
2853 3564 2998 3620 idem
3030 3562 3197 3617 habet
3216 3559 3416 3616 Petrus

1846 3670 2163 3732 Damianus,
2200 3667 2295 3721 lib.
2348 3680 2410 3728 ιι,
2445 3661 2605 3732 epist.
2642 3658 2727 3713 18.
2759 3656 2948 3712 Obiter
2981 3663 3165 3709 tamen
3217 3662 3419 3709 notau-

1846 3766 1976 3822 dum
2012 3762 2102 3817 hic
2141 3766 2228 3816 est
2290 3757 2443 3811 illum
2479 3752 2748 3808 allirmare
2783 3748 2990 3819 pullum
3037 3747 3231 3818 aquilae
3264 3742 3417 3814 deje-

1849 3865 1996 3912 ctum
2013 3867 2126 3908 non
2163 3850 2233 3905 ab
2268 3847 2473 3919 aquila,
2501 3858 2623 3915 qua:
2655 3839 2925 3910 ossifraga
2958 3837 3180 3901 dicitur,
3211 3835 3440 3905 suscipi.

1849 3958 1904 4006 et
1926 3943 2179 4009 enutriri,
2211 3941 2307 3998 sed
2340 3956 2369 3995 a
2392 3937 2602 4009 plebeia
2634 3933 2867 4005 quadam
2920 3930 3028 3995 avi,
3071 3929 3238 3984 fulica
3267 3928 3420 3985 vide-

1850 4042 2010 4095 licet:
2042 4034 2342 4094 secundum
2367 4032 2482 4087 vult
2520 4028 2742 4084 fulicam
2773 4024 2948 4095 φήνην
2976 4020 3163 4080 Grmce
3200 4035 3419 4075 nuncu-

1852 4133 1990 4204 pari.
2036 4128 2256 4183 Falsum
2290 4134 2584 4190 utrumque
2611 4123 2666 4173 et
2696 4124 2891 4187 praeter
2945 4111 3189 4168 historiae
3220 4111 3421 4166 verita-

1852 4201 1986 4279 iem.
2007 4220 2117 4276 Nec
2153 4218 2297 4274 enim
2324 4214 2507 4287 pullus
2525 4211 2615 4266 ille
2648 4225 2679 4264 a
2706 4205 2917 4280 plebeia
2956 4205 3045 4259 avi
3086 4201 3420 4273 suscipitur;

1853 4323 1907 4372 et
1933 4313 2078 4368 aliud
2103 4320 2188 4367 est
2213 4309 2398 4371 fulica,
2426 4303 2573 4359 aliud
2613 4302 2779 4373 φὴνη.

1918 4404 2080 4470 Ibid.,
2098 4403 2198 4457 lin.
2223 4401 2311 4456 15.
2340 4395 2576 4466 Θρέψας
2590 4391 2658 4446 δὲ
2677 4390 2785 4445 τὸν
2813 4389 3075 4445 νεοττόν.
3095 4384 3296 4441 Eadem
3322 4384 3423 4438 ba-

1789 4529 1833 4584 Β
1859 4500 1949 4555 bet
1978 4494 2296 4552 Aristoteles
2317 4492 2436 4546 loco
2454 4489 2534 4551 d.,
2563 4493 2618 4541 et
2638 4484 2879 4539 Plinius:
2898 4481 3193 4534 Halimetus
3216 4483 3422 4530 tantum

1861 4591 2136 4659 implumes
2162 4587 2447 4641 etiamnum
2484 4579 2658 4650 pullos
2705 4592 2829 4631 suos
2865 4572 3158 4644 percutiens
3203 4566 3425 4621 subinde

1859 4684 1994 4755 cogit
2016 4681 2260 4736 adversos
2291 4675 2484 4730 intueri
2513 4671 2639 4726 solis
2661 4668 2861 4731 radios,
2895 4675 2944 4720 et
2970 4665 3015 4718 si
3044 4660 3421 4722 conniventem,

1860 4748 2342 4843 hu'mectantemque
2358 4764 2750 4826 animadvertit,
2773 4757 3074 4830 praecipitat
3112 4769 3139 4808 e
3168 4751 3290 4806 nido
3320 4748 3429 4805 vel-

1862 4879 1918 4924 ut
1941 4841 2298 4923 adulterinum
2332 4871 2484 4932 atque
2517 4858 2818 4928 degenerem
2852 4867 2869 4904 :
2899 4849 3054 4903 illum
3085 4845 3236 4916 cujus
3284 4841 3424 4896 acies

1865 4962 2022 5031 ﬁrma
2046 4966 2231 5012 contra
2261 4955 2502 5016 steterit,
2531 4947 2741 5004 educat.
2773 4940 2928 5013 Apud
2960 4938 3306 4994 Aristotelem
3344 4939 3430 4987 est

1865 5026 2048 5121 aquila
2080 5047 2262 5113 ἀετός,
2300 5061 2413 5100 non
2463 5041 2764 5101 haliaeetos,
2811 5030 3064 5104 quamvis
3087 5031 3155 5083 de
3180 5026 3430 5080 haliaeeto

1865 5116 2275 5212 intelligendum
2310 5150 2432 5191 esse
2475 5129 2680 5189 nemini
2718 5126 2967 5187 dubium,
3017 5135 3142 5176 cum
3194 5116 3431 5188 aquilam

1867 5236 2008 5291 hanc
2034 5208 2129 5304 per
2166 5242 2317 5284 mare
2342 5235 2398 5281 et
2428 5225 2637 5287 littora,
2667 5218 2814 5273 unde
2841 5226 3038 5269 nomen
3076 5208 3303 5278 accepit,
3338 5219 3436 5259 va-

1870 5329 1984 5398 gari
2010 5326 2187 5381 tradat
2212 5322 2367 5377 Phile
2395 5320 2451 5374 in
2482 5316 2511 5372 1
2517 5315 2683 5371 ambis

1945 5461 2049 5524 Ὃς
2075 5454 2215 5520 τοὺς
2235 5448 2515 5524 νεοττοὺς
2543 5447 2721 5524 ὄντας
2741 5438 3016 5524 ἀιπξτῆνας
3038 5434 3179 5501 τέως

1953 5505 2584 5592 ’ἑέιιέἐνίηνίβάσανῖον
2610 5505 2936 5592 ὡς’νόθούς
2969 5505 3156 5592 arma.

1943 5576 2419 5660 ᾖοιεῐτὲιφιᾶσὶὴν
2445 5576 2774 5660 «peragranda
2790 5582 2898 5660 τρν
2916 5576 3262 5660 φωσὲίόρον.

1957 5597 2110 5652 Ποιεῐ
2124 5592 2419 5660 δικαστὴν
2445 5592 2770 5670 πρακτικὸν
2790 5592 2898 5662 tor
2918 5592 3262 5699 φωσεὲἓρον.

1957 5670 2017 5721 ’0
2041 5665 2158 5736 μὲν
2180 5663 2290 5736 γὰρ
2313 5664 2496 5736 αὐτοι)
2517 5656 2877 5736 ταιςβολίιις
2896 5646 3092 5736 adventi
3108 5732 3125 5736 Α

1950 5716 2388 5804 Τῖὒῖίέὸιλτᾶῒων
2420 5716 2688 5804 τίςέσέίν
2725 5722 2823 5778 καὶ
2850 5716 3299 5804 τρνῥὲκξίῗῗδθὲ

1962 5785 2287 5876 laede—lc
2315 5785 2574 5868 καθαρὸς
2598 5785 2939 5860 dvomas-06¢
2961 5785 3237 5849 ὑποψίας
3257 5798 3304 5839 ⁸.
