  <div class='ocr_page' id='page_1' title='image "/cluster/home/n/w/nwhite01/storage/ocr_20150623/18/nnc1.0046978550/457.png"; bbox 0 0 3810 6168; ppageno 0'>
   <div class='ocr_carea' id='block_1_1' title="bbox 413 260 519 339">
    <p class='ocr_par' dir='ltr' id='par_1_1' title="bbox 413 260 519 339">
     <span class='ocr_line' id='line_1_1' title="bbox 413 260 519 339; baseline -0.009 0"><span class='ocrx_word' id='word_1_1' title='bbox 413 260 519 339; x_wconf 77' lang='grc'><strong><em>899</em></strong></span> 
     </span>
    </p>
   </div>
   <div class='ocr_carea' id='block_1_2' title="bbox 1762 262 2315 323">
    <p class='ocr_par' dir='ltr' id='par_1_2' title="bbox 1762 262 2315 323">
     <span class='ocr_line' id='line_1_2' title="bbox 1762 262 2315 323; baseline -0.011 -1"><span class='ocrx_word' id='word_1_2' title='bbox 1762 264 2010 323; x_wconf 79' lang='lat' dir='ltr'><strong>LEONIS</strong></span> <span class='ocrx_word' id='word_1_3' title='bbox 2041 262 2315 319; x_wconf 79' lang='lat' dir='ltr'><strong><em>ALLATII</em></strong></span> 
     </span>
    </p>
   </div>
   <div class='ocr_carea' id='block_1_3' title="bbox 3581 255 3677 311">
    <p class='ocr_par' dir='ltr' id='par_1_3' title="bbox 3581 255 3677 311">
     <span class='ocr_line' id='line_1_3' title="bbox 3581 255 3677 311; baseline 0 0"><span class='ocrx_word' id='word_1_4' title='bbox 3581 255 3677 311; x_wconf 79' lang='lat'><strong><em>900</em></strong></span> 
     </span>
    </p>
   </div>
   <div class='ocr_carea' id='block_1_4' title="bbox 501 377 1998 467">
    <p class='ocr_par' dir='ltr' id='par_1_4' title="bbox 501 390 1917 467">
     <span class='ocr_line' id='line_1_4' title="bbox 501 390 1917 467; baseline -0.007 -13"><span class='ocrx_word' id='word_1_5' title='bbox 501 400 561 454; x_wconf 86' lang='lat'><strong><em>&#39;0</em></strong></span> <span class='ocrx_word' id='word_1_6' title='bbox 583 400 634 453; x_wconf 85' lang='grc' dir='ltr'>δ’</span> <span class='ocrx_word' id='word_1_7' title='bbox 667 394 769 460; x_wconf 82' lang='grc' dir='ltr'><strong><em>αὖ,</em></strong></span> <span class='ocrx_word' id='word_1_8' title='bbox 798 399 949 467; x_wconf 65' lang='grc' dir='ltr'><strong><em>πρὸς</em></strong></span> <span class='ocrx_word' id='word_1_9' title='bbox 988 396 1178 452; x_wconf 84' lang='grc' dir='ltr'><strong><em>αὑτὸν</em></strong></span> <span class='ocrx_word' id='word_1_10' title='bbox 1204 392 1657 467; x_wconf 60' lang='grc' dir='ltr'>σχαρδαμρξας,</span> <span class='ocrx_word' id='word_1_11' title='bbox 1699 390 1917 457; x_wconf 85' lang='grc' dir='ltr'><strong><em>εὐθέως</em></strong></span> 
     </span>
    </p>
   </div>
   <div class='ocr_carea' id='block_1_5' title="bbox 2109 377 3677 467">
    <p class='ocr_par' dir='ltr' id='par_1_5' title="bbox 2109 377 3677 467">
     <span class='ocr_line' id='line_1_5' title="bbox 2109 377 3677 467; baseline -0.006 -26"><span class='ocrx_word' id='word_1_12' title='bbox 2109 386 2253 443; x_wconf 88' lang='lat' dir='ltr'><strong><em>Nam</em></strong></span> <span class='ocrx_word' id='word_1_13' title='bbox 2296 385 2457 442; x_wconf 82' lang='lat' dir='ltr'><strong><em>herile</em></strong></span> <span class='ocrx_word' id='word_1_14' title='bbox 2492 401 2584 455; x_wconf 95' lang='lat' dir='ltr'><strong><em>ego</em></strong></span> <span class='ocrx_word' id='word_1_15' title='bbox 2630 395 2677 438; x_wconf 88' lang='lat' dir='ltr'><strong><em>te</em></strong></span> <span class='ocrx_word' id='word_1_16' title='bbox 2725 380 2891 437; x_wconf 82' lang='lat' dir='ltr'><strong><em>barba</em></strong></span> <span class='ocrx_word' id='word_1_17' title='bbox 2938 377 3495 467; x_wconf 8' lang='lat' dir='ltr'><strong><em>contirriuoqarripiam.</em></strong></span> <span class='ocrx_word' id='word_1_18' title='bbox 3532 386 3585 432; x_wconf 85' lang='lat' dir='ltr'><strong><em>et</em></strong></span> <span class='ocrx_word' id='word_1_19' title='bbox 3628 380 3677 432; x_wconf 78' lang='lat' dir='ltr'><strong><em>in</em></strong></span> 
     </span>
    </p>
   </div>
   <div class='ocr_carea' id='block_1_6' title="bbox 499 463 1738 539">
    <p class='ocr_par' dir='ltr' id='par_1_6' title="bbox 499 463 1738 539">
     <span class='ocr_line' id='line_1_6' title="bbox 499 463 1738 539; baseline -0.008 -14"><span class='ocrx_word' id='word_1_20' title='bbox 499 463 1036 539; x_wconf 59' lang='grc' dir='ltr'>Ἆλλοτριούτᾴκος</span> <span class='ocrx_word' id='word_1_21' title='bbox 1051 468 1100 521; x_wconf 85' lang='grc' dir='ltr'><strong><em>θ’</em></strong></span> <span class='ocrx_word' id='word_1_22' title='bbox 1123 465 1335 539; x_wconf 62' lang='grc' dir='ltr'>εὑρέθη</span> <span class='ocrx_word' id='word_1_23' title='bbox 1359 463 1738 539; x_wconf 64' lang='grc' dir='ltr'>σπέρματος,</span> 
     </span>
    </p>
   </div>
   <div class='ocr_carea' id='block_1_7' title="bbox 486 534 1655 608">
    <p class='ocr_par' dir='ltr' id='par_1_7' title="bbox 486 534 1655 608">
     <span class='ocr_line' id='line_1_7' title="bbox 486 534 1655 608; baseline -0.006 -13"><span class='ocrx_word' id='word_1_24' title='bbox 486 541 597 595; x_wconf 82' lang='lat' dir='ltr'><strong><em>Kal</em></strong></span> <span class='ocrx_word' id='word_1_25' title='bbox 619 534 726 608; x_wconf 72' lang='grc' dir='ltr'><strong><em>τῆξ</em></strong></span> <span class='ocrx_word' id='word_1_26' title='bbox 756 537 972 605; x_wconf 58' lang='grc' dir='ltr'><em>καλιᾶς</em></span> <span class='ocrx_word' id='word_1_27' title='bbox 993 534 1312 606; x_wconf 67' lang='grc' dir='ltr'><strong><em>δυστυχῶς</em></strong></span> <span class='ocrx_word' id='word_1_28' title='bbox 1340 534 1655 602; x_wconf 78' lang='grc' dir='ltr'><strong><em>ἀπεκρίθη.</em></strong></span> 
     </span>
    </p>
   </div>
   <div class='ocr_carea' id='block_1_8' title="bbox 413 622 1994 689">
    <p class='ocr_par' dir='ltr' id='par_1_8' title="bbox 413 622 1994 689">
     <span class='ocr_line' id='line_1_8' title="bbox 413 622 1994 689; baseline -0.006 -5"><span class='ocrx_word' id='word_1_29' title='bbox 413 628 535 686; x_wconf 90' lang='lat' dir='ltr'><strong><em>Huc</em></strong></span> <span class='ocrx_word' id='word_1_30' title='bbox 559 630 813 686; x_wconf 90' lang='lat' dir='ltr'><strong><em>allusisse</em></strong></span> <span class='ocrx_word' id='word_1_31' title='bbox 835 628 1056 684; x_wconf 87' lang='lat' dir='ltr'><strong><em>videtur</em></strong></span> <span class='ocrx_word' id='word_1_32' title='bbox 1080 623 1468 689; x_wconf 87' lang='lat' dir='ltr'><strong><em>Cassiodorus,</em></strong></span> <span class='ocrx_word' id='word_1_33' title='bbox 1507 623 1787 678; x_wconf 86' lang='lat' dir='ltr'><strong><em>Variarum</em></strong></span> <span class='ocrx_word' id='word_1_34' title='bbox 1811 622 1848 676; x_wconf 87' lang='grc' dir='ltr'><strong><em>ι.</em></strong></span> <span class='ocrx_word' id='word_1_35' title='bbox 1873 636 1994 681; x_wconf 81' lang='grc' dir='ltr'>νιιι,</span> 
     </span>
    </p>
   </div>
   <div class='ocr_carea' id='block_1_9' title="bbox 413 715 1995 794">
    <p class='ocr_par' dir='ltr' id='par_1_9' title="bbox 413 715 1995 794">
     <span class='ocr_line' id='line_1_9' title="bbox 413 715 1995 794; baseline -0.006 -16"><span class='ocrx_word' id='word_1_36' title='bbox 413 724 574 794; x_wconf 90' lang='lat' dir='ltr'><strong><em>epist.</em></strong></span> <span class='ocrx_word' id='word_1_37' title='bbox 614 722 680 777; x_wconf 77' lang='lat'><strong><em>2|</em></strong></span> <span class='ocrx_word' id='word_1_38' title='bbox 722 738 735 773; x_wconf 90' lang='lat'><strong>:</strong></span> <span class='ocrx_word' id='word_1_39' title='bbox 774 720 865 777; x_wconf 88' lang='lat' dir='ltr'><strong><em>Sic</em></strong></span> <span class='ocrx_word' id='word_1_40' title='bbox 897 721 1035 791; x_wconf 84' lang='lat' dir='ltr'><strong><em>[etus</em></strong></span> <span class='ocrx_word' id='word_1_41' title='bbox 1070 720 1148 772; x_wconf 87' lang='lat' dir='ltr'><strong><em>tui</em></strong></span> <span class='ocrx_word' id='word_1_42' title='bbox 1193 735 1337 773; x_wconf 87' lang='lat' dir='ltr'><strong><em>more</em></strong></span> <span class='ocrx_word' id='word_1_43' title='bbox 1373 717 1567 789; x_wconf 76' lang='lat' dir='ltr'><strong><em>aquila:</em></strong></span> <span class='ocrx_word' id='word_1_44' title='bbox 1599 733 1654 771; x_wconf 89' lang='lat' dir='ltr'><strong><em>se</em></strong></span> <span class='ocrx_word' id='word_1_45' title='bbox 1693 715 1995 786; x_wconf 76' lang='lat' dir='ltr'><strong><em>probantes,</em></strong></span> 
     </span>
    </p>
   </div>
   <div class='ocr_carea' id='block_1_10' title="bbox 414 808 1995 887">
    <p class='ocr_par' dir='ltr' id='par_1_10' title="bbox 414 808 1995 887">
     <span class='ocr_line' id='line_1_10' title="bbox 414 808 1995 887; baseline -0.003 -19"><span class='ocrx_word' id='word_1_46' title='bbox 414 817 619 887; x_wconf 89' lang='lat' dir='ltr'><strong><em>regales</em></strong></span> <span class='ocrx_word' id='word_1_47' title='bbox 653 813 835 872; x_wconf 86' lang='lat' dir='ltr'><strong><em>oculos</em></strong></span> <span class='ocrx_word' id='word_1_48' title='bbox 869 812 935 866; x_wconf 94' lang='lat' dir='ltr'><strong><em>ab</em></strong></span> <span class='ocrx_word' id='word_1_49' title='bbox 969 813 1095 882; x_wconf 89' lang='lat' dir='ltr'><strong><em>ipsis</em></strong></span> <span class='ocrx_word' id='word_1_50' title='bbox 1147 827 1275 880; x_wconf 88' lang='lat' dir='ltr'><strong><em>pene</em></strong></span> <span class='ocrx_word' id='word_1_51' title='bbox 1314 808 1592 864; x_wconf 76' lang='lat' dir='ltr'><strong><em>cunabulis</em></strong></span> <span class='ocrx_word' id='word_1_52' title='bbox 1623 809 1995 878; x_wconf 72' lang='lat' dir='ltr'><strong><em>pertulerunt.</em></strong></span> 
     </span>
    </p>
   </div>
   <div class='ocr_carea' id='block_1_11' title="bbox 489 899 1996 971">
    <p class='ocr_par' dir='ltr' id='par_1_11' title="bbox 489 899 1996 971">
     <span class='ocr_line' id='line_1_11' title="bbox 489 899 1996 971; baseline -0.001 -14"><span class='ocrx_word' id='word_1_53' title='bbox 489 904 650 970; x_wconf 88' lang='lat' dir='ltr'><strong><em>lbid.,</em></strong></span> <span class='ocrx_word' id='word_1_54' title='bbox 681 904 778 959; x_wconf 90' lang='lat' dir='ltr'><strong><em>lin.</em></strong></span> <span class='ocrx_word' id='word_1_55' title='bbox 827 902 917 957; x_wconf 72' lang='lat'><strong><em>2|.</em></strong></span> <span class='ocrx_word' id='word_1_56' title='bbox 982 900 1138 955; x_wconf 79' lang='grc' dir='ltr'><strong><em>Φασὶ</em></strong></span> <span class='ocrx_word' id='word_1_57' title='bbox 1185 900 1297 971; x_wconf 76' lang='grc' dir='ltr'><strong><em>γὰρ</em></strong></span> <span class='ocrx_word' id='word_1_58' title='bbox 1348 899 1718 971; x_wconf 73' lang='grc' dir='ltr'><strong><em>γηράσαντα.</em></strong></span> <span class='ocrx_word' id='word_1_59' title='bbox 1763 899 1996 966; x_wconf 85' lang='lat' dir='ltr'><strong><em>Plinius,</em></strong></span> 
     </span>
    </p>
   </div>
   <div class='ocr_carea' id='block_1_12' title="bbox 415 991 1993 1067">
    <p class='ocr_par' dir='ltr' id='par_1_12' title="bbox 415 991 1993 1067">
     <span class='ocr_line' id='line_1_12' title="bbox 415 991 1993 1067; baseline -0.004 -15"><span class='ocrx_word' id='word_1_60' title='bbox 415 998 512 1053; x_wconf 91' lang='lat' dir='ltr'><strong><em>lib.</em></strong></span> <span class='ocrx_word' id='word_1_61' title='bbox 540 1013 598 1061; x_wconf 74' lang='grc' dir='ltr'>ι,</span> <span class='ocrx_word' id='word_1_62' title='bbox 626 1012 746 1067; x_wconf 88' lang='lat' dir='ltr'><strong><em>cap.</em></strong></span> <span class='ocrx_word' id='word_1_63' title='bbox 780 996 852 1050; x_wconf 81' lang='lat'>5:</span> <span class='ocrx_word' id='word_1_64' title='bbox 881 994 1143 1064; x_wconf 85' lang='lat' dir='ltr'><strong><em>Oppetunt</em></strong></span> <span class='ocrx_word' id='word_1_65' title='bbox 1181 1010 1285 1048; x_wconf 89' lang='lat' dir='ltr'><strong><em>non</em></strong></span> <span class='ocrx_word' id='word_1_66' title='bbox 1314 993 1479 1058; x_wconf 90' lang='lat' dir='ltr'><strong><em>senio,</em></strong></span> <span class='ocrx_word' id='word_1_67' title='bbox 1523 1008 1615 1046; x_wconf 91' lang='lat' dir='ltr'><strong><em>nec</em></strong></span> <span class='ocrx_word' id='word_1_68' title='bbox 1660 991 1993 1062; x_wconf 68' lang='lat' dir='ltr'><strong><em>(egritudine,</em></strong></span> 
     </span>
    </p>
   </div>
   <div class='ocr_carea' id='block_1_13' title="bbox 414 1088 1997 1159">
    <p class='ocr_par' dir='ltr' id='par_1_13' title="bbox 414 1088 1997 1159">
     <span class='ocr_line' id='line_1_13' title="bbox 414 1088 1997 1159; baseline -0.005 -14"><span class='ocrx_word' id='word_1_69' title='bbox 414 1089 506 1145; x_wconf 88' lang='lat' dir='ltr'><strong><em>sed</em></strong></span> <span class='ocrx_word' id='word_1_70' title='bbox 532 1089 693 1159; x_wconf 78' lang='lat' dir='ltr'><strong><em>fame,</em></strong></span> <span class='ocrx_word' id='word_1_71' title='bbox 724 1089 778 1141; x_wconf 91' lang='lat' dir='ltr'><strong><em>in</em></strong></span> <span class='ocrx_word' id='word_1_72' title='bbox 806 1097 1012 1141; x_wconf 91' lang='lat' dir='ltr'><strong><em>tantum</em></strong></span> <span class='ocrx_word' id='word_1_73' title='bbox 1047 1088 1316 1156; x_wconf 79' lang='lat' dir='ltr'><strong><em>superiore</em></strong></span> <span class='ocrx_word' id='word_1_74' title='bbox 1347 1094 1670 1139; x_wconf 74' lang='lat' dir='ltr'><strong><em>accrescente</em></strong></span> <span class='ocrx_word' id='word_1_75' title='bbox 1709 1094 1907 1150; x_wconf 88' lang='lat' dir='ltr'><strong><em>rostro,</em></strong></span> <span class='ocrx_word' id='word_1_76' title='bbox 1938 1093 1997 1138; x_wconf 90' lang='lat' dir='ltr'><strong><em>ut</em></strong></span> 
     </span>
    </p>
   </div>
   <div class='ocr_carea' id='block_1_14' title="bbox 414 1176 1995 1250">
    <p class='ocr_par' dir='ltr' id='par_1_14' title="bbox 414 1176 1995 1250">
     <span class='ocr_line' id='line_1_14' title="bbox 414 1176 1995 1250; baseline -0.003 -14"><span class='ocrx_word' id='word_1_77' title='bbox 414 1182 697 1238; x_wconf 85' lang='lat' dir='ltr'><strong><em>aduncitas</em></strong></span> <span class='ocrx_word' id='word_1_78' title='bbox 726 1182 920 1250; x_wconf 89' lang='lat' dir='ltr'><strong><em>aperiri</em></strong></span> <span class='ocrx_word' id='word_1_79' title='bbox 964 1197 1071 1234; x_wconf 91' lang='lat' dir='ltr'><strong><em>non</em></strong></span> <span class='ocrx_word' id='word_1_80' title='bbox 1122 1187 1298 1250; x_wconf 89' lang='lat' dir='ltr'><strong><em>queat.</em></strong></span> <span class='ocrx_word' id='word_1_81' title='bbox 1340 1176 1555 1232; x_wconf 80' lang='lat' dir='ltr'><strong><em>Similia</em></strong></span> <span class='ocrx_word' id='word_1_82' title='bbox 1587 1177 1753 1233; x_wconf 83' lang='lat' dir='ltr'><strong><em>habet</em></strong></span> <span class='ocrx_word' id='word_1_83' title='bbox 1790 1176 1995 1242; x_wconf 81' lang='lat' dir='ltr'><strong><em>Herus,</em></strong></span> 
     </span>
    </p>
   </div>
   <div class='ocr_carea' id='block_1_15' title="bbox 413 1270 1994 1346">
    <p class='ocr_par' dir='ltr' id='par_1_15' title="bbox 413 1270 1994 1346">
     <span class='ocr_line' id='line_1_15' title="bbox 413 1270 1994 1346; baseline -0.004 -18"><span class='ocrx_word' id='word_1_84' title='bbox 413 1275 512 1330; x_wconf 87' lang='lat' dir='ltr'><strong>lib.</strong></span> <span class='ocrx_word' id='word_1_85' title='bbox 538 1290 602 1338; x_wconf 89' lang='grc' dir='ltr'><strong><em>ιι,</em></strong></span> <span class='ocrx_word' id='word_1_86' title='bbox 627 1288 747 1346; x_wconf 92' lang='lat' dir='ltr'><strong><em>cap.</em></strong></span> <span class='ocrx_word' id='word_1_87' title='bbox 769 1273 861 1334; x_wconf 82' lang='lat'><strong><em>96,</em></strong></span> <span class='ocrx_word' id='word_1_88' title='bbox 880 1271 1223 1339; x_wconf 83' lang='lat' dir='ltr'><strong><em>Aristoteles,</em></strong></span> <span class='ocrx_word' id='word_1_89' title='bbox 1251 1270 1349 1326; x_wconf 92' lang='lat' dir='ltr'><strong>lib.</strong></span> <span class='ocrx_word' id='word_1_90' title='bbox 1377 1286 1454 1334; x_wconf 75' lang='grc' dir='ltr'>ιιι,</span> <span class='ocrx_word' id='word_1_91' title='bbox 1482 1270 1560 1325; x_wconf 91' lang='lat' dir='ltr'><strong><em>De</em></strong></span> <span class='ocrx_word' id='word_1_92' title='bbox 1587 1271 1778 1327; x_wconf 82' lang='lat' dir='ltr'><strong><em>histor.</em></strong></span> <span class='ocrx_word' id='word_1_93' title='bbox 1805 1271 1994 1338; x_wconf 89' lang='lat' dir='ltr'><strong><em>anim.,</em></strong></span> 
     </span>
    </p>
   </div>
   <div class='ocr_carea' id='block_1_16' title="bbox 412 1358 1741 1433">
    <p class='ocr_par' dir='ltr' id='par_1_16' title="bbox 412 1358 1741 1433">
     <span class='ocr_line' id='line_1_16' title="bbox 412 1358 1741 1433; baseline -0.002 -17"><span class='ocrx_word' id='word_1_94' title='bbox 412 1376 535 1433; x_wconf 85' lang='lat' dir='ltr'><strong><em>cap.</em></strong></span> <span class='ocrx_word' id='word_1_95' title='bbox 570 1361 669 1431; x_wconf 74' lang='lat'><strong><em>52;</em></strong></span> <span class='ocrx_word' id='word_1_96' title='bbox 707 1360 1048 1432; x_wconf 86' lang='lat' dir='ltr'><strong><em>Epiphanius</em></strong></span> <span class='ocrx_word' id='word_1_97' title='bbox 1081 1360 1139 1413; x_wconf 89' lang='lat' dir='ltr'><strong><em>in</em></strong></span> <span class='ocrx_word' id='word_1_98' title='bbox 1173 1358 1516 1430; x_wconf 84' lang='lat' dir='ltr'><strong><em>Physiologo,</em></strong></span> <span class='ocrx_word' id='word_1_99' title='bbox 1540 1369 1595 1416; x_wconf 83' lang='lat' dir='ltr'><strong><em>et</em></strong></span> <span class='ocrx_word' id='word_1_100' title='bbox 1627 1359 1741 1414; x_wconf 86' lang='lat' dir='ltr'><strong>alii.</strong></span> 
     </span>
    </p>
   </div>
   <div class='ocr_carea' id='block_1_17' title="bbox 482 1450 1997 1522">
    <p class='ocr_par' dir='ltr' id='par_1_17' title="bbox 482 1450 1997 1522">
     <span class='ocr_line' id='line_1_17' title="bbox 482 1450 1997 1522; baseline -0.001 -13"><span class='ocrx_word' id='word_1_101' title='bbox 482 1454 643 1519; x_wconf 86' lang='lat' dir='ltr'><strong><em>lbid.,</em></strong></span> <span class='ocrx_word' id='word_1_102' title='bbox 676 1454 773 1509; x_wconf 90' lang='lat' dir='ltr'><strong><em>lin.</em></strong></span> <span class='ocrx_word' id='word_1_103' title='bbox 804 1453 895 1507; x_wconf 72' lang='grc'><strong><em>22.</em></strong></span> <span class='ocrx_word' id='word_1_104' title='bbox 923 1451 1032 1507; x_wconf 80' lang='grc' dir='ltr'><strong><em>Καὶ</em></strong></span> <span class='ocrx_word' id='word_1_105' title='bbox 1070 1454 1158 1517; x_wconf 81' lang='grc' dir='ltr'><strong><em>εὶς</em></strong></span> <span class='ocrx_word' id='word_1_106' title='bbox 1182 1451 1387 1522; x_wconf 77' lang='grc' dir='ltr'><strong><em>πηγὴν</em></strong></span> <span class='ocrx_word' id='word_1_107' title='bbox 1406 1450 1803 1522; x_wconf 63' lang='grc' dir='ltr'><strong><em>ἀφικνεῖσθαι.</em></strong></span> <span class='ocrx_word' id='word_1_108' title='bbox 1843 1450 1997 1508; x_wconf 83' lang='lat' dir='ltr'><strong><em>Hanc</em></strong></span> 
     </span>
    </p>
   </div>
   <div class='ocr_carea' id='block_1_18' title="bbox 418 1546 1995 1619">
    <p class='ocr_par' dir='ltr' id='par_1_18' title="bbox 418 1546 1995 1619">
     <span class='ocr_line' id='line_1_18' title="bbox 418 1546 1995 1619; baseline 0 -18"><span class='ocrx_word' id='word_1_109' title='bbox 418 1548 615 1619; x_wconf 78' lang='lat' dir='ltr'><strong><em>aquila:</em></strong></span> <span class='ocrx_word' id='word_1_110' title='bbox 640 1548 1047 1603; x_wconf 87' lang='lat' dir='ltr'><strong><em>renovationem</em></strong></span> <span class='ocrx_word' id='word_1_111' title='bbox 1078 1547 1170 1601; x_wconf 87' lang='lat' dir='ltr'><strong>alii</strong></span> <span class='ocrx_word' id='word_1_112' title='bbox 1199 1546 1356 1601; x_wconf 80' lang='lat' dir='ltr'><strong>aliter</strong></span> <span class='ocrx_word' id='word_1_113' title='bbox 1381 1555 1627 1601; x_wconf 88' lang='lat' dir='ltr'><strong><em>narrant.</em></strong></span> <span class='ocrx_word' id='word_1_114' title='bbox 1658 1546 1995 1617; x_wconf 79' lang='lat' dir='ltr'><strong>Epiphanius</strong></span> 
     </span>
    </p>
   </div>
   <div class='ocr_carea' id='block_1_19' title="bbox 415 1638 1997 1712">
    <p class='ocr_par' dir='ltr' id='par_1_19' title="bbox 415 1638 1997 1712">
     <span class='ocr_line' id='line_1_19' title="bbox 415 1638 1997 1712; baseline 0.003 -20"><span class='ocrx_word' id='word_1_115' title='bbox 415 1640 493 1693; x_wconf 87' lang='lat' dir='ltr'><strong><em>ait</em></strong></span> <span class='ocrx_word' id='word_1_116' title='bbox 549 1639 606 1694; x_wconf 92' lang='lat' dir='ltr'><strong><em>in</em></strong></span> <span class='ocrx_word' id='word_1_117' title='bbox 650 1639 818 1693; x_wconf 91' lang='lat' dir='ltr'><strong><em>altum</em></strong></span> <span class='ocrx_word' id='word_1_118' title='bbox 867 1654 988 1695; x_wconf 89' lang='lat' dir='ltr'><strong><em>sese</em></strong></span> <span class='ocrx_word' id='word_1_119' title='bbox 1031 1638 1299 1701; x_wconf 88' lang='lat' dir='ltr'><strong><em>attollere,</em></strong></span> <span class='ocrx_word' id='word_1_120' title='bbox 1352 1645 1407 1692; x_wconf 90' lang='lat' dir='ltr'><strong><em>et</em></strong></span> <span class='ocrx_word' id='word_1_121' title='bbox 1463 1639 1519 1693; x_wconf 90' lang='lat' dir='ltr'><strong><em>in</em></strong></span> <span class='ocrx_word' id='word_1_122' title='bbox 1564 1650 1892 1712; x_wconf 69' lang='lat' dir='ltr'><strong><em>praeruptam</em></strong></span> <span class='ocrx_word' id='word_1_123' title='bbox 1937 1658 1997 1698; x_wconf 88' lang='lat' dir='ltr'><strong><em>se</em></strong></span> 
     </span>
    </p>
   </div>
   <div class='ocr_carea' id='block_1_20' title="bbox 3085 448 3612 522">
    <p class='ocr_par' dir='ltr' id='par_1_20' title="bbox 3085 448 3612 522">
     <span class='ocr_line' id='line_1_20' title="bbox 3085 448 3612 522; baseline -0.004 -19"><span class='ocrx_word' id='word_1_124' title='bbox 3085 448 3275 522; x_wconf 87' lang='lat' dir='ltr'><strong><em>[ignem</em></strong></span> <span class='ocrx_word' id='word_1_125' title='bbox 3300 449 3612 522; x_wconf 76' lang='lat' dir='ltr'><strong><em>conjiciunt,</em></strong></span> 
     </span>
    </p>
   </div>
   <div class='ocr_carea' id='block_1_21' title="bbox 2102 518 3675 598">
    <p class='ocr_par' dir='ltr' id='par_1_21' title="bbox 2102 518 3675 598">
     <span class='ocr_line' id='line_1_21' title="bbox 2102 518 3675 598; baseline -0.005 -16"><span class='ocrx_word' id='word_1_126' title='bbox 2102 526 2271 598; x_wconf 84' lang='lat' dir='ltr'><strong><em>Teque</em></strong></span> <span class='ocrx_word' id='word_1_127' title='bbox 2288 525 2706 581; x_wconf 72' lang='lat' dir='ltr'><strong><em>ambustulatum</em></strong></span> <span class='ocrx_word' id='word_1_128' title='bbox 2723 522 2968 595; x_wconf 81' lang='lat' dir='ltr'><strong><em>objiciam</em></strong></span> <span class='ocrx_word' id='word_1_129' title='bbox 2987 518 3190 592; x_wconf 77' lang='lat' dir='ltr'><strong><em>magnis</em></strong></span> <span class='ocrx_word' id='word_1_130' title='bbox 3206 519 3385 574; x_wconf 81' lang='lat' dir='ltr'><strong><em>avibus</em></strong></span> <span class='ocrx_word' id='word_1_131' title='bbox 3406 518 3675 588; x_wconf 75' lang='lat' dir='ltr'><strong><em>pabulum.</em></strong></span> 
     </span>
    </p>
   </div>
   <div class='ocr_carea' id='block_1_22' title="bbox 2100 631 3679 714">
    <p class='ocr_par' dir='ltr' id='par_1_22' title="bbox 2100 631 3679 714">
     <span class='ocr_line' id='line_1_22' title="bbox 2100 631 3679 714; baseline -0.008 -17"><span class='ocrx_word' id='word_1_132' title='bbox 2100 641 2237 699; x_wconf 82' lang='lat' dir='ltr'><strong><em>Vide</em></strong></span> <span class='ocrx_word' id='word_1_133' title='bbox 2269 651 2530 714; x_wconf 65' lang='lat' dir='ltr'><strong><em>praeterea</em></strong></span> <span class='ocrx_word' id='word_1_134' title='bbox 2557 637 3026 708; x_wconf 76' lang='lat' dir='ltr'><strong><em>Theophylactum</em></strong></span> <span class='ocrx_word' id='word_1_135' title='bbox 3052 631 3412 697; x_wconf 89' lang='lat' dir='ltr'><strong><em>Simocatum,</em></strong></span> <span class='ocrx_word' id='word_1_136' title='bbox 3443 632 3503 687; x_wconf 88' lang='lat' dir='ltr'><strong><em>in</em></strong></span> <span class='ocrx_word' id='word_1_137' title='bbox 3534 631 3679 699; x_wconf 71' lang='lat' dir='ltr'><strong><em>Qua-</em></strong></span> 
     </span>
    </p>
   </div>
   <div class='ocr_carea' id='block_1_23' title="bbox 2102 721 3677 797">
    <p class='ocr_par' dir='ltr' id='par_1_23' title="bbox 2102 721 3677 797">
     <span class='ocr_line' id='line_1_23' title="bbox 2102 721 3677 797; baseline -0.008 -10"><span class='ocrx_word' id='word_1_138' title='bbox 2102 731 2366 788; x_wconf 88' lang='lat' dir='ltr'><strong><em>stionibus</em></strong></span> <span class='ocrx_word' id='word_1_139' title='bbox 2397 727 2754 792; x_wconf 72' lang='lat' dir='ltr'><strong><em>naturalibus,</em></strong></span> <span class='ocrx_word' id='word_1_140' title='bbox 2790 732 2985 797; x_wconf 53' lang='lat' dir='ltr'><strong><em>quaest.</em></strong></span> <span class='ocrx_word' id='word_1_141' title='bbox 3017 724 3071 789; x_wconf 91' lang='lat'><strong><em>8,</em></strong></span> <span class='ocrx_word' id='word_1_142' title='bbox 3094 723 3189 795; x_wconf 88' lang='lat' dir='ltr'><strong>qui</strong></span> <span class='ocrx_word' id='word_1_143' title='bbox 3218 738 3317 779; x_wconf 89' lang='lat' dir='ltr'><strong><em>sua</em></strong></span> <span class='ocrx_word' id='word_1_144' title='bbox 3360 738 3431 778; x_wconf 82' lang='lat' dir='ltr'><strong><em>ex</em></strong></span> <span class='ocrx_word' id='word_1_145' title='bbox 3464 721 3677 776; x_wconf 67' lang='lat' dir='ltr'><strong><em>Eliano</em></strong></span> 
     </span>
    </p>
   </div>
   <div class='ocr_carea' id='block_1_24' title="bbox 2099 810 3678 889">
    <p class='ocr_par' dir='ltr' id='par_1_24' title="bbox 2099 810 3678 889">
     <span class='ocr_line' id='line_1_24' title="bbox 2099 810 3678 889; baseline -0.011 -9"><span class='ocrx_word' id='word_1_146' title='bbox 2099 832 2382 880; x_wconf 89' lang='lat' dir='ltr'><strong><em>mutuatus</em></strong></span> <span class='ocrx_word' id='word_1_147' title='bbox 2412 829 2518 889; x_wconf 90' lang='lat' dir='ltr'><strong><em>est,</em></strong></span> <span class='ocrx_word' id='word_1_148' title='bbox 2549 828 2604 876; x_wconf 93' lang='lat' dir='ltr'><strong><em>et</em></strong></span> <span class='ocrx_word' id='word_1_149' title='bbox 2634 819 2937 889; x_wconf 89' lang='lat' dir='ltr'><strong><em>Gasparum</em></strong></span> <span class='ocrx_word' id='word_1_150' title='bbox 2970 814 3330 877; x_wconf 87' lang='lat' dir='ltr'><strong><em>Bauchinum,</em></strong></span> <span class='ocrx_word' id='word_1_151' title='bbox 3368 810 3449 865; x_wconf 84' lang='lat' dir='ltr'><strong><em>De</em></strong></span> <span class='ocrx_word' id='word_1_152' title='bbox 3476 811 3678 866; x_wconf 82' lang='lat' dir='ltr'><strong><em>herma-</em></strong></span> 
     </span>
    </p>
   </div>
   <div class='ocr_carea' id='block_1_25' title="bbox 2097 900 3675 987">
    <p class='ocr_par' dir='ltr' id='par_1_25' title="bbox 2097 900 3675 987">
     <span class='ocr_line' id='line_1_25' title="bbox 2097 900 3675 987; baseline -0.011 -15"><span class='ocrx_word' id='word_1_153' title='bbox 2097 915 2467 987; x_wconf 81' lang='lat' dir='ltr'><strong><em>phroditorum</em></strong></span> <span class='ocrx_word' id='word_1_154' title='bbox 2511 918 3031 978; x_wconf 86' lang='lat' dir='ltr'><strong><em>monstrosorumque</em></strong></span> <span class='ocrx_word' id='word_1_155' title='bbox 3059 915 3311 976; x_wconf 87' lang='lat' dir='ltr'><strong><em>partuum</em></strong></span> <span class='ocrx_word' id='word_1_156' title='bbox 3336 911 3561 969; x_wconf 82' lang='lat' dir='ltr'><strong><em>natura,</em></strong></span> <span class='ocrx_word' id='word_1_157' title='bbox 3590 900 3675 955; x_wconf 87' lang='lat' dir='ltr'><strong>lib.</strong></span> 
     </span>
    </p>
   </div>
   <div class='ocr_carea' id='block_1_26' title="bbox 2100 1008 2566 1080">
    <p class='ocr_par' dir='ltr' id='par_1_26' title="bbox 2100 1008 2566 1080">
     <span class='ocr_line' id='line_1_26' title="bbox 2100 1008 2566 1080; baseline -0.015 -12"><span class='ocrx_word' id='word_1_158' title='bbox 2100 1027 2163 1078; x_wconf 86' lang='grc' dir='ltr'><strong><em>ιι,</em></strong></span> <span class='ocrx_word' id='word_1_159' title='bbox 2198 1024 2320 1080; x_wconf 86' lang='lat' dir='ltr'><strong>cap.</strong></span> <span class='ocrx_word' id='word_1_160' title='bbox 2354 1008 2566 1063; x_wconf 89' lang='lat' dir='ltr'><strong><em>ultimo.</em></strong></span> 
     </span>
    </p>
   </div>
   <div class='ocr_carea' id='block_1_27' title="bbox 2170 1085 3679 1168">
    <p class='ocr_par' dir='ltr' id='par_1_27' title="bbox 2170 1085 3679 1168">
     <span class='ocr_line' id='line_1_27' title="bbox 2170 1085 3679 1168; baseline -0.012 -10"><span class='ocrx_word' id='word_1_161' title='bbox 2170 1102 2332 1168; x_wconf 86' lang='lat' dir='ltr'><strong><em>lbid.,</em></strong></span> <span class='ocrx_word' id='word_1_162' title='bbox 2363 1101 2463 1155; x_wconf 89' lang='lat' dir='ltr'><strong><em>lin.</em></strong></span> <span class='ocrx_word' id='word_1_163' title='bbox 2510 1099 2601 1154; x_wconf 77' lang='lat' dir='ltr'><strong><em>5i.</em></strong></span> <span class='ocrx_word' id='word_1_164' title='bbox 2645 1093 2971 1157; x_wconf 76' lang='grc' dir='ltr'>Δύλίζεται.</span> <span class='ocrx_word' id='word_1_165' title='bbox 3003 1091 3345 1154; x_wconf 86' lang='lat' dir='ltr'><strong><em>Aristoteles,</em></strong></span> <span class='ocrx_word' id='word_1_166' title='bbox 3388 1087 3491 1142; x_wconf 89' lang='lat' dir='ltr'><strong>lib.</strong></span> <span class='ocrx_word' id='word_1_167' title='bbox 3532 1102 3584 1140; x_wconf 70' lang='lat' dir='ltr'><strong><em>VI</em></strong></span> <span class='ocrx_word' id='word_1_168' title='bbox 3614 1085 3679 1140; x_wconf 88' lang='lat' dir='ltr'><strong><em>De</em></strong></span> 
     </span>
    </p>
   </div>
   <div class='ocr_carea' id='block_1_28' title="bbox 2098 1180 3678 1263">
    <p class='ocr_par' dir='ltr' id='par_1_28' title="bbox 2098 1180 3678 1263">
     <span class='ocr_line' id='line_1_28' title="bbox 2098 1180 3678 1263; baseline -0.011 -12"><span class='ocrx_word' id='word_1_169' title='bbox 2098 1199 2287 1253; x_wconf 78' lang='lat' dir='ltr'><strong><em>histor.</em></strong></span> <span class='ocrx_word' id='word_1_170' title='bbox 2314 1196 2510 1258; x_wconf 86' lang='lat' dir='ltr'><strong><em>anim.,</em></strong></span> <span class='ocrx_word' id='word_1_171' title='bbox 2542 1208 2664 1263; x_wconf 88' lang='lat' dir='ltr'><strong><em>cap.</em></strong></span> <span class='ocrx_word' id='word_1_172' title='bbox 2694 1192 2750 1255; x_wconf 84' lang='lat'><strong><em>5,</em></strong></span> <span class='ocrx_word' id='word_1_173' title='bbox 2783 1190 2974 1247; x_wconf 81' lang='lat' dir='ltr'><strong>scribit</strong></span> <span class='ocrx_word' id='word_1_174' title='bbox 3009 1188 3256 1242; x_wconf 81' lang='lat' dir='ltr'><strong><em>vultures</em></strong></span> <span class='ocrx_word' id='word_1_175' title='bbox 3297 1181 3589 1238; x_wconf 81' lang='lat' dir='ltr'><strong><em>nidiﬁcare</em></strong></span> <span class='ocrx_word' id='word_1_176' title='bbox 3629 1180 3678 1233; x_wconf 91' lang='lat' dir='ltr'><strong><em>in</em></strong></span> 
     </span>
    </p>
   </div>
   <div class='ocr_carea' id='block_1_29' title="bbox 2097 1274 3679 1357">
    <p class='ocr_par' dir='ltr' id='par_1_29' title="bbox 2097 1274 3679 1357">
     <span class='ocr_line' id='line_1_29' title="bbox 2097 1274 3679 1357; baseline -0.013 -9"><span class='ocrx_word' id='word_1_177' title='bbox 2097 1289 2491 1348; x_wconf 81' lang='lat' dir='ltr'><strong><em>excelsissimis</em></strong></span> <span class='ocrx_word' id='word_1_178' title='bbox 2543 1286 2792 1357; x_wconf 83' lang='lat' dir='ltr'><strong><em>rupibus,</em></strong></span> <span class='ocrx_word' id='word_1_179' title='bbox 2839 1282 2984 1339; x_wconf 91' lang='lat' dir='ltr'><strong><em>unde</em></strong></span> <span class='ocrx_word' id='word_1_180' title='bbox 3032 1281 3092 1336; x_wconf 82' lang='lat' dir='ltr'><strong><em>lit</em></strong></span> <span class='ocrx_word' id='word_1_181' title='bbox 3141 1289 3201 1334; x_wconf 93' lang='lat' dir='ltr'><strong><em>ut</em></strong></span> <span class='ocrx_word' id='word_1_182' title='bbox 3251 1292 3375 1333; x_wconf 90' lang='lat' dir='ltr'><strong><em>raro</em></strong></span> <span class='ocrx_word' id='word_1_183' title='bbox 3426 1274 3597 1330; x_wconf 82' lang='lat' dir='ltr'><strong><em>nidus</em></strong></span> <span class='ocrx_word' id='word_1_184' title='bbox 3631 1281 3679 1327; x_wconf 87' lang='lat' dir='ltr'><strong><em>et</em></strong></span> 
     </span>
    </p>
   </div>
   <div class='ocr_carea' id='block_1_30' title="bbox 2098 1366 3679 1455">
    <p class='ocr_par' dir='ltr' id='par_1_30' title="bbox 2098 1366 3679 1455">
     <span class='ocr_line' id='line_1_30' title="bbox 2098 1366 3679 1455; baseline -0.012 -16"><span class='ocrx_word' id='word_1_185' title='bbox 2098 1385 2233 1455; x_wconf 89' lang='lat' dir='ltr'><strong><em>pulli</em></strong></span> <span class='ocrx_word' id='word_1_186' title='bbox 2265 1381 2502 1439; x_wconf 81' lang='lat' dir='ltr'><strong><em>vulturis</em></strong></span> <span class='ocrx_word' id='word_1_187' title='bbox 2531 1386 2848 1435; x_wconf 83' lang='lat' dir='ltr'><strong><em>cernantur.</em></strong></span> <span class='ocrx_word' id='word_1_188' title='bbox 2882 1374 3153 1443; x_wconf 89' lang='lat' dir='ltr'><strong><em>Quocirca</em></strong></span> <span class='ocrx_word' id='word_1_189' title='bbox 3199 1370 3515 1428; x_wconf 83' lang='lat' dir='ltr'><strong><em>Herodotus</em></strong></span> <span class='ocrx_word' id='word_1_190' title='bbox 3555 1366 3679 1437; x_wconf 79' lang='lat' dir='ltr'><strong><em>Bry-</em></strong></span> 
     </span>
    </p>
   </div>
   <div class='ocr_carea' id='block_1_31' title="bbox 2099 1459 3676 1542">
    <p class='ocr_par' dir='ltr' id='par_1_31' title="bbox 2099 1459 3676 1542">
     <span class='ocr_line' id='line_1_31' title="bbox 2099 1459 3676 1542; baseline -0.012 -11"><span class='ocrx_word' id='word_1_191' title='bbox 2099 1476 2253 1531; x_wconf 90' lang='lat' dir='ltr'><strong><em>sonis</em></strong></span> <span class='ocrx_word' id='word_1_192' title='bbox 2282 1471 2526 1530; x_wconf 84' lang='lat' dir='ltr'><strong><em>rhetoris</em></strong></span> <span class='ocrx_word' id='word_1_193' title='bbox 2554 1478 2708 1542; x_wconf 84' lang='lat' dir='ltr'><strong><em>pater</em></strong></span> <span class='ocrx_word' id='word_1_194' title='bbox 2738 1469 2984 1525; x_wconf 80' lang='lat' dir='ltr'><strong><em>vultures</em></strong></span> <span class='ocrx_word' id='word_1_195' title='bbox 3012 1483 3077 1523; x_wconf 82' lang='lat' dir='ltr'><strong><em>ex</em></strong></span> <span class='ocrx_word' id='word_1_196' title='bbox 3105 1466 3323 1521; x_wconf 85' lang='lat' dir='ltr'><strong><em>diverso</em></strong></span> <span class='ocrx_word' id='word_1_197' title='bbox 3363 1462 3504 1517; x_wconf 86' lang='lat' dir='ltr'><strong><em>orbe</em></strong></span> <span class='ocrx_word' id='word_1_198' title='bbox 3529 1459 3676 1515; x_wconf 86' lang='lat' dir='ltr'><strong><em>nobis</em></strong></span> 
     </span>
    </p>
   </div>
   <div class='ocr_carea' id='block_1_32' title="bbox 2098 1548 3672 1636">
    <p class='ocr_par' dir='ltr' id='par_1_32' title="bbox 2098 1548 3672 1636">
     <span class='ocr_line' id='line_1_32' title="bbox 2098 1548 3672 1636; baseline -0.011 -17"><span class='ocrx_word' id='word_1_199' title='bbox 2098 1565 2377 1636; x_wconf 90' lang='lat' dir='ltr'><strong><em>incognito</em></strong></span> <span class='ocrx_word' id='word_1_200' title='bbox 2416 1562 2671 1618; x_wconf 81' lang='lat' dir='ltr'><strong><em>advolare</em></strong></span> <span class='ocrx_word' id='word_1_201' title='bbox 2699 1559 2976 1616; x_wconf 86' lang='lat' dir='ltr'><strong><em>credebat.</em></strong></span> <span class='ocrx_word' id='word_1_202' title='bbox 3026 1556 3226 1611; x_wconf 88' lang='lat' dir='ltr'><strong><em>Eadem</em></strong></span> <span class='ocrx_word' id='word_1_203' title='bbox 3254 1553 3453 1624; x_wconf 88' lang='lat' dir='ltr'><strong><em>repetit</em></strong></span> <span class='ocrx_word' id='word_1_204' title='bbox 3491 1557 3549 1606; x_wconf 91' lang='lat' dir='ltr'><strong><em>et</em></strong></span> <span class='ocrx_word' id='word_1_205' title='bbox 3587 1548 3672 1604; x_wconf 91' lang='lat' dir='ltr'><strong>lib.</strong></span> 
     </span>
    </p>
   </div>
   <div class='ocr_carea' id='block_1_33' title="bbox 2100 1639 3675 1727">
    <p class='ocr_par' dir='ltr' id='par_1_33' title="bbox 2100 1639 3675 1727">
     <span class='ocr_line' id='line_1_33' title="bbox 2100 1639 3675 1727; baseline -0.012 -15"><span class='ocrx_word' id='word_1_206' title='bbox 2100 1674 2173 1725; x_wconf 76' lang='lat' dir='ltr'><strong><em>is,</em></strong></span> <span class='ocrx_word' id='word_1_207' title='bbox 2200 1672 2321 1727; x_wconf 85' lang='lat' dir='ltr'><strong><em>cap.</em></strong></span> <span class='ocrx_word' id='word_1_208' title='bbox 2361 1656 2447 1722; x_wconf 81' lang='lat' dir='ltr'><strong><em>ll,</em></strong></span> <span class='ocrx_word' id='word_1_209' title='bbox 2472 1653 2829 1722; x_wconf 79' lang='lat' dir='ltr'><strong><em>allirinatque,</em></strong></span> <span class='ocrx_word' id='word_1_210' title='bbox 2861 1649 3112 1721; x_wconf 86' lang='lat' dir='ltr'><strong><em>quamvis</em></strong></span> <span class='ocrx_word' id='word_1_211' title='bbox 3140 1646 3192 1701; x_wconf 89' lang='lat' dir='ltr'><strong><em>id</em></strong></span> <span class='ocrx_word' id='word_1_212' title='bbox 3237 1645 3309 1700; x_wconf 90' lang='lat' dir='ltr'><strong><em>sit</em></strong></span> <span class='ocrx_word' id='word_1_213' title='bbox 3335 1640 3579 1705; x_wconf 75' lang='lat' dir='ltr'><strong><em>diliicile,</em></strong></span> <span class='ocrx_word' id='word_1_214' title='bbox 3604 1639 3675 1694; x_wconf 77' lang='lat' dir='ltr'><strong><em>vi-</em></strong></span> 
     </span>
    </p>
   </div>
   <div class='ocr_carea' id='block_1_34' title="bbox 415 1729 1998 1816">
    <p class='ocr_par' dir='ltr' id='par_1_34' title="bbox 415 1729 1998 1801">
     <span class='ocr_line' id='line_1_34' title="bbox 415 1729 1998 1801; baseline 0.004 -18"><span class='ocrx_word' id='word_1_215' title='bbox 415 1729 686 1801; x_wconf 89' lang='lat' dir='ltr'><strong><em>projicere</em></strong></span> <span class='ocrx_word' id='word_1_216' title='bbox 713 1746 928 1800; x_wconf 81' lang='lat' dir='ltr'><strong><em>rupem,</em></strong></span> <span class='ocrx_word' id='word_1_217' title='bbox 959 1730 1027 1785; x_wconf 89' lang='lat' dir='ltr'><strong><em>ad</em></strong></span> <span class='ocrx_word' id='word_1_218' title='bbox 1054 1746 1219 1801; x_wconf 88' lang='lat' dir='ltr'><strong><em>quam</em></strong></span> <span class='ocrx_word' id='word_1_219' title='bbox 1260 1740 1502 1787; x_wconf 88' lang='lat' dir='ltr'><strong><em>rostrum</em></strong></span> <span class='ocrx_word' id='word_1_220' title='bbox 1534 1732 1741 1801; x_wconf 83' lang='lat' dir='ltr'><strong><em>allidit;</em></strong></span> <span class='ocrx_word' id='word_1_221' title='bbox 1778 1742 1833 1790; x_wconf 89' lang='lat' dir='ltr'><strong><em>et</em></strong></span> <span class='ocrx_word' id='word_1_222' title='bbox 1872 1748 1998 1789; x_wconf 92' lang='lat' dir='ltr'><strong><em>cum</em></strong></span> 
     </span>
    </p>
   </div>
   <div class='ocr_carea' id='block_1_35' title="bbox 2109 1729 3669 1816">
    <p class='ocr_par' dir='ltr' id='par_1_35' title="bbox 2109 1733 3669 1816">
     <span class='ocr_line' id='line_1_35' title="bbox 2109 1733 3669 1816; baseline -0.012 -12"><span class='ocrx_word' id='word_1_223' title='bbox 2109 1763 2223 1805; x_wconf 88' lang='lat' dir='ltr'><strong><em>sum</em></strong></span> <span class='ocrx_word' id='word_1_224' title='bbox 2253 1755 2436 1802; x_wconf 88' lang='lat' dir='ltr'><strong><em>tamen</em></strong></span> <span class='ocrx_word' id='word_1_225' title='bbox 2480 1743 2776 1816; x_wconf 86' lang='lat' dir='ltr'><strong><em>aliquando</em></strong></span> <span class='ocrx_word' id='word_1_226' title='bbox 2806 1742 2925 1812; x_wconf 81' lang='lat' dir='ltr'><strong><em>ejus</em></strong></span> <span class='ocrx_word' id='word_1_227' title='bbox 2964 1738 3172 1795; x_wconf 89' lang='lat' dir='ltr'><strong><em>nidum.</em></strong></span> <span class='ocrx_word' id='word_1_228' title='bbox 3220 1736 3455 1801; x_wconf 84' lang='lat' dir='ltr'><strong><em>Plinius,</em></strong></span> <span class='ocrx_word' id='word_1_229' title='bbox 3490 1733 3584 1788; x_wconf 87' lang='lat' dir='ltr'><strong><em>lib.</em></strong></span> <span class='ocrx_word' id='word_1_230' title='bbox 3619 1747 3669 1796; x_wconf 71' lang='grc' dir='ltr'><strong><em>ι,</em></strong></span> 
     </span>
    </p>
   </div>
   <div class='ocr_carea' id='block_1_36' title="bbox 415 1820 1997 1893">
    <p class='ocr_par' dir='ltr' id='par_1_36' title="bbox 415 1820 1997 1893">
     <span class='ocr_line' id='line_1_36' title="bbox 415 1820 1997 1893; baseline 0.003 -15"><span class='ocrx_word' id='word_1_231' title='bbox 415 1837 477 1878; x_wconf 87' lang='lat' dir='ltr'><strong><em>se</em></strong></span> <span class='ocrx_word' id='word_1_232' title='bbox 503 1820 717 1892; x_wconf 80' lang='lat' dir='ltr'><strong><em>frigidis</em></strong></span> <span class='ocrx_word' id='word_1_233' title='bbox 747 1823 1076 1878; x_wconf 87' lang='lat' dir='ltr'><strong><em>immerserit</em></strong></span> <span class='ocrx_word' id='word_1_234' title='bbox 1104 1824 1283 1893; x_wconf 85' lang='lat' dir='ltr'><strong><em>aquis,</em></strong></span> <span class='ocrx_word' id='word_1_235' title='bbox 1318 1823 1384 1878; x_wconf 91' lang='lat' dir='ltr'><strong><em>ad</em></strong></span> <span class='ocrx_word' id='word_1_236' title='bbox 1416 1824 1624 1880; x_wconf 77' lang='lat' dir='ltr'><strong><em>soleres</em></strong></span> <span class='ocrx_word' id='word_1_237' title='bbox 1652 1823 1839 1879; x_wconf 90' lang='lat' dir='ltr'><strong><em>radios</em></strong></span> <span class='ocrx_word' id='word_1_238' title='bbox 1874 1840 1997 1881; x_wconf 91' lang='lat' dir='ltr'><strong><em>sese</em></strong></span> 
     </span>
    </p>
   </div>
   <div class='ocr_carea' id='block_1_37' title="bbox 415 1917 1996 1988">
    <p class='ocr_par' dir='ltr' id='par_1_37' title="bbox 415 1917 1996 1988">
     <span class='ocr_line' id='line_1_37' title="bbox 415 1917 1996 1988; baseline 0.003 -19"><span class='ocrx_word' id='word_1_239' title='bbox 415 1930 714 1987; x_wconf 90' lang='lat' dir='ltr'><strong><em>opponere,</em></strong></span> <span class='ocrx_word' id='word_1_240' title='bbox 746 1924 984 1986; x_wconf 89' lang='lat' dir='ltr'><strong><em>tuncque</em></strong></span> <span class='ocrx_word' id='word_1_241' title='bbox 1011 1932 1077 1971; x_wconf 80' lang='lat' dir='ltr'><strong><em>ex</em></strong></span> <span class='ocrx_word' id='word_1_242' title='bbox 1104 1918 1281 1974; x_wconf 91' lang='lat' dir='ltr'><strong><em>oculis</em></strong></span> <span class='ocrx_word' id='word_1_243' title='bbox 1306 1917 1503 1973; x_wconf 88' lang='lat' dir='ltr'><strong><em>cadere</em></strong></span> <span class='ocrx_word' id='word_1_244' title='bbox 1534 1918 1911 1988; x_wconf 88' lang='lat' dir='ltr'><strong><em>lippitudines,</em></strong></span> <span class='ocrx_word' id='word_1_245' title='bbox 1942 1926 1996 1973; x_wconf 88' lang='lat' dir='ltr'><strong><em>et</em></strong></span> 
     </span>
    </p>
   </div>
   <div class='ocr_carea' id='block_1_38' title="bbox 414 2007 1990 2081">
    <p class='ocr_par' dir='ltr' id='par_1_38' title="bbox 414 2007 1990 2081">
     <span class='ocr_line' id='line_1_38' title="bbox 414 2007 1990 2081; baseline 0.002 -19"><span class='ocrx_word' id='word_1_246' title='bbox 414 2007 493 2062; x_wconf 88' lang='lat' dir='ltr'><strong><em>ita</em></strong></span> <span class='ocrx_word' id='word_1_247' title='bbox 511 2007 886 2077; x_wconf 86' lang='lat' dir='ltr'><strong><em>juvenescere.</em></strong></span> <span class='ocrx_word' id='word_1_248' title='bbox 909 2008 1105 2066; x_wconf 87' lang='lat' dir='ltr'><strong><em>Petrus</em></strong></span> <span class='ocrx_word' id='word_1_249' title='bbox 1128 2009 1444 2077; x_wconf 89' lang='lat' dir='ltr'><strong><em>Damianus,</em></strong></span> <span class='ocrx_word' id='word_1_250' title='bbox 1471 2011 1567 2066; x_wconf 89' lang='lat' dir='ltr'><strong>lib.</strong></span> <span class='ocrx_word' id='word_1_251' title='bbox 1599 2028 1658 2077; x_wconf 89' lang='grc' dir='ltr'><strong><em>ιι,</em></strong></span> <span class='ocrx_word' id='word_1_252' title='bbox 1687 2012 1847 2081; x_wconf 89' lang='lat' dir='ltr'><strong><em>epist.</em></strong></span> <span class='ocrx_word' id='word_1_253' title='bbox 1883 2011 1948 2067; x_wconf 88' lang='lat' dir='ltr'><strong><em>l8</em></strong></span> <span class='ocrx_word' id='word_1_254' title='bbox 1978 2028 1990 2065; x_wconf 90' lang='lat'>:</span> 
     </span>
    </p>
   </div>
   <div class='ocr_carea' id='block_1_39' title="bbox 414 2101 1998 2174">
    <p class='ocr_par' dir='ltr' id='par_1_39' title="bbox 414 2101 1998 2174">
     <span class='ocr_line' id='line_1_39' title="bbox 414 2101 1998 2174; baseline 0.003 -19"><span class='ocrx_word' id='word_1_255' title='bbox 414 2101 631 2173; x_wconf 78' lang='lat' dir='ltr'><strong><em>Aquila,</em></strong></span> <span class='ocrx_word' id='word_1_256' title='bbox 661 2102 758 2167; x_wconf 85' lang='lat' dir='ltr'><strong><em>ait,</em></strong></span> <span class='ocrx_word' id='word_1_257' title='bbox 804 2118 920 2155; x_wconf 87' lang='lat' dir='ltr'><strong><em>cum</em></strong></span> <span class='ocrx_word' id='word_1_258' title='bbox 965 2103 1215 2170; x_wconf 88' lang='lat' dir='ltr'><strong><em>senuerit,</em></strong></span> <span class='ocrx_word' id='word_1_259' title='bbox 1264 2112 1315 2157; x_wconf 91' lang='lat' dir='ltr'><strong><em>et</em></strong></span> <span class='ocrx_word' id='word_1_260' title='bbox 1360 2105 1574 2174; x_wconf 88' lang='lat' dir='ltr'><strong><em>gravari</em></strong></span> <span class='ocrx_word' id='word_1_261' title='bbox 1618 2105 1867 2173; x_wconf 72' lang='lat' dir='ltr'><strong><em>cmperint</em></strong></span> <span class='ocrx_word' id='word_1_262' title='bbox 1895 2105 1998 2160; x_wconf 74' lang='lat' dir='ltr'><strong><em>ala:</em></strong></span> 
     </span>
    </p>
   </div>
   <div class='ocr_carea' id='block_1_40' title="bbox 414 2192 1998 2266">
    <p class='ocr_par' dir='ltr' id='par_1_40' title="bbox 414 2192 1998 2266">
     <span class='ocr_line' id='line_1_40' title="bbox 414 2192 1998 2266; baseline 0.001 -18"><span class='ocrx_word' id='word_1_263' title='bbox 414 2195 552 2264; x_wconf 85' lang='lat' dir='ltr'><strong><em>ejus,</em></strong></span> <span class='ocrx_word' id='word_1_264' title='bbox 581 2206 736 2266; x_wconf 87' lang='lat' dir='ltr'><strong><em>atque</em></strong></span> <span class='ocrx_word' id='word_1_265' title='bbox 777 2192 916 2248; x_wconf 88' lang='lat' dir='ltr'><strong><em>oculi</em></strong></span> <span class='ocrx_word' id='word_1_266' title='bbox 955 2193 1208 2264; x_wconf 86' lang='lat' dir='ltr'><strong><em>caligare,</em></strong></span> <span class='ocrx_word' id='word_1_267' title='bbox 1234 2203 1355 2247; x_wconf 89' lang='lat' dir='ltr'><strong><em>tunc</em></strong></span> <span class='ocrx_word' id='word_1_268' title='bbox 1396 2195 1584 2264; x_wconf 65' lang='lat' dir='ltr'><strong><em>quierit</em></strong></span> <span class='ocrx_word' id='word_1_269' title='bbox 1612 2195 1808 2264; x_wconf 83' lang='lat' dir='ltr'><strong><em>{antem</em></strong></span> <span class='ocrx_word' id='word_1_270' title='bbox 1847 2212 1998 2266; x_wconf 74' lang='lat' dir='ltr'><strong><em>aqua:</em></strong></span> 
     </span>
    </p>
   </div>
   <div class='ocr_carea' id='block_1_41' title="bbox 338 2288 1995 2369">
    <p class='ocr_par' dir='ltr' id='par_1_41' title="bbox 338 2288 1995 2369">
     <span class='ocr_line' id='line_1_41' title="bbox 338 2288 1995 2369; baseline 0 -25"><span class='ocrx_word' id='word_1_271' title='bbox 338 2360 349 2369; x_wconf 35' lang='grc' dir='ltr'><em>ο</em></span> <span class='ocrx_word' id='word_1_272' title='bbox 415 2296 604 2344; x_wconf 89' lang='lat' dir='ltr'><strong><em>contra</em></strong></span> <span class='ocrx_word' id='word_1_273' title='bbox 644 2303 796 2358; x_wconf 83' lang='lat' dir='ltr'><strong><em>quem</em></strong></span> <span class='ocrx_word' id='word_1_274' title='bbox 839 2288 1014 2357; x_wconf 86' lang='lat' dir='ltr'><strong><em>posita</em></strong></span> <span class='ocrx_word' id='word_1_275' title='bbox 1046 2288 1187 2342; x_wconf 85' lang='lat' dir='ltr'><strong><em>volat</em></strong></span> <span class='ocrx_word' id='word_1_276' title='bbox 1228 2304 1391 2359; x_wconf 87' lang='lat' dir='ltr'><strong><em>usque</em></strong></span> <span class='ocrx_word' id='word_1_277' title='bbox 1437 2289 1505 2342; x_wconf 91' lang='lat' dir='ltr'><strong><em>ad</em></strong></span> <span class='ocrx_word' id='word_1_278' title='bbox 1554 2289 1809 2343; x_wconf 87' lang='lat' dir='ltr'><strong><em>circulum</em></strong></span> <span class='ocrx_word' id='word_1_279' title='bbox 1844 2291 1995 2355; x_wconf 80' lang='lat' dir='ltr'><strong><em>solis,</em></strong></span> 
     </span>
    </p>
   </div>
   <div class='ocr_carea' id='block_1_42' title="bbox 414 2378 2001 2451">
    <p class='ocr_par' dir='ltr' id='par_1_42' title="bbox 414 2378 2001 2451">
     <span class='ocr_line' id='line_1_42' title="bbox 414 2378 2001 2451; baseline 0.002 -17"><span class='ocrx_word' id='word_1_280' title='bbox 414 2379 629 2451; x_wconf 89' lang='lat' dir='ltr'><strong><em>illicque</em></strong></span> <span class='ocrx_word' id='word_1_281' title='bbox 665 2380 724 2433; x_wconf 92' lang='lat' dir='ltr'><strong><em>in</em></strong></span> <span class='ocrx_word' id='word_1_282' title='bbox 766 2378 970 2449; x_wconf 89' lang='lat' dir='ltr'><strong><em>puriori</em></strong></span> <span class='ocrx_word' id='word_1_283' title='bbox 1001 2380 1211 2434; x_wconf 70' lang='lat' dir='ltr'><strong><em>aztlteris</em></strong></span> <span class='ocrx_word' id='word_1_284' title='bbox 1249 2382 1498 2436; x_wconf 83' lang='lat' dir='ltr'><strong><em>vastitate</em></strong></span> <span class='ocrx_word' id='word_1_285' title='bbox 1525 2381 1722 2436; x_wconf 88' lang='lat' dir='ltr'><strong><em>librata</em></strong></span> <span class='ocrx_word' id='word_1_286' title='bbox 1743 2381 1813 2435; x_wconf 90' lang='lat' dir='ltr'><strong><em>ad</em></strong></span> <span class='ocrx_word' id='word_1_287' title='bbox 1841 2398 2001 2451; x_wconf 80' lang='lat' dir='ltr'><strong><em>vapo-</em></strong></span> 
     </span>
    </p>
   </div>
   <div class='ocr_carea' id='block_1_43' title="bbox 415 2469 1999 2542">
    <p class='ocr_par' dir='ltr' id='par_1_43' title="bbox 415 2469 1999 2542">
     <span class='ocr_line' id='line_1_43' title="bbox 415 2469 1999 2542; baseline 0.001 -17"><span class='ocrx_word' id='word_1_288' title='bbox 415 2486 527 2525; x_wconf 84' lang='lat' dir='ltr'><strong><em>rem</em></strong></span> <span class='ocrx_word' id='word_1_289' title='bbox 572 2471 700 2525; x_wconf 88' lang='lat' dir='ltr'><strong><em>solis</em></strong></span> <span class='ocrx_word' id='word_1_290' title='bbox 755 2479 804 2523; x_wconf 91' lang='lat' dir='ltr'><strong><em>et</em></strong></span> <span class='ocrx_word' id='word_1_291' title='bbox 868 2469 985 2523; x_wconf 91' lang='lat' dir='ltr'><strong><em>alas</em></strong></span> <span class='ocrx_word' id='word_1_292' title='bbox 1028 2469 1258 2524; x_wconf 83' lang='lat' dir='ltr'><strong><em>incendit</em></strong></span> <span class='ocrx_word' id='word_1_293' title='bbox 1308 2480 1359 2525; x_wconf 93' lang='lat' dir='ltr'><strong><em>et</em></strong></span> <span class='ocrx_word' id='word_1_294' title='bbox 1405 2471 1682 2542; x_wconf 84' lang='lat' dir='ltr'><strong><em>caliginem</em></strong></span> <span class='ocrx_word' id='word_1_295' title='bbox 1727 2475 1999 2527; x_wconf 89' lang='lat' dir='ltr'><strong><em>oculorum</em></strong></span> 
     </span>
    </p>
   </div>
   <div class='ocr_carea' id='block_1_44' title="bbox 414 2556 1997 2632">
    <p class='ocr_par' dir='ltr' id='par_1_44' title="bbox 414 2556 1997 2632">
     <span class='ocr_line' id='line_1_44' title="bbox 414 2556 1997 2632; baseline 0.003 -20"><span class='ocrx_word' id='word_1_296' title='bbox 414 2573 634 2628; x_wconf 82' lang='lat' dir='ltr'><strong><em>prorsus</em></strong></span> <span class='ocrx_word' id='word_1_297' title='bbox 673 2558 868 2622; x_wconf 68' lang='lat' dir='ltr'><strong><em>exurit,</em></strong></span> <span class='ocrx_word' id='word_1_298' title='bbox 919 2572 1141 2628; x_wconf 67' lang='lat' dir='ltr'><strong><em>moxque</em></strong></span> <span class='ocrx_word' id='word_1_299' title='bbox 1167 2556 1481 2615; x_wconf 82' lang='lat' dir='ltr'><strong><em>descendens</em></strong></span> <span class='ocrx_word' id='word_1_300' title='bbox 1518 2562 1685 2616; x_wconf 89' lang='lat' dir='ltr'><strong><em>tribus</em></strong></span> <span class='ocrx_word' id='word_1_301' title='bbox 1716 2563 1771 2617; x_wconf 91' lang='lat' dir='ltr'><strong><em>in</em></strong></span> <span class='ocrx_word' id='word_1_302' title='bbox 1801 2562 1997 2632; x_wconf 84' lang='lat' dir='ltr'><strong><em>fontem</em></strong></span> 
     </span>
    </p>
   </div>
   <div class='ocr_carea' id='block_1_45' title="bbox 415 2649 1999 2723">
    <p class='ocr_par' dir='ltr' id='par_1_45' title="bbox 415 2649 1999 2723">
     <span class='ocr_line' id='line_1_45' title="bbox 415 2649 1999 2723; baseline 0.002 -17"><span class='ocrx_word' id='word_1_303' title='bbox 415 2649 613 2706; x_wconf 77' lang='lat' dir='ltr'><strong><em>vicibus</em></strong></span> <span class='ocrx_word' id='word_1_304' title='bbox 642 2651 913 2721; x_wconf 84' lang='lat' dir='ltr'><strong><em>mergitur,</em></strong></span> <span class='ocrx_word' id='word_1_305' title='bbox 953 2660 1003 2704; x_wconf 91' lang='lat' dir='ltr'><strong><em>et</em></strong></span> <span class='ocrx_word' id='word_1_306' title='bbox 1045 2651 1123 2705; x_wconf 88' lang='lat' dir='ltr'><strong><em>sic</em></strong></span> <span class='ocrx_word' id='word_1_307' title='bbox 1156 2651 1367 2705; x_wconf 88' lang='lat' dir='ltr'><strong><em>alarum</em></strong></span> <span class='ocrx_word' id='word_1_308' title='bbox 1416 2654 1581 2723; x_wconf 80' lang='lat' dir='ltr'><strong><em>vigor,</em></strong></span> <span class='ocrx_word' id='word_1_309' title='bbox 1624 2666 1675 2707; x_wconf 87' lang='lat' dir='ltr'><strong><em>et</em></strong></span> <span class='ocrx_word' id='word_1_310' title='bbox 1725 2654 1999 2709; x_wconf 89' lang='lat' dir='ltr'><strong><em>oculorum</em></strong></span> 
     </span>
    </p>
   </div>
   <div class='ocr_carea' id='block_1_46' title="bbox 415 2739 1999 2811">
    <p class='ocr_par' dir='ltr' id='par_1_46' title="bbox 415 2739 1999 2811">
     <span class='ocr_line' id='line_1_46' title="bbox 415 2739 1999 2811; baseline 0.003 -16"><span class='ocrx_word' id='word_1_311' title='bbox 415 2740 555 2795; x_wconf 86' lang='lat' dir='ltr'><strong><em>acies</em></strong></span> <span class='ocrx_word' id='word_1_312' title='bbox 607 2739 771 2794; x_wconf 89' lang='lat' dir='ltr'><strong><em>multo</em></strong></span> <span class='ocrx_word' id='word_1_313' title='bbox 807 2740 991 2795; x_wconf 87' lang='lat' dir='ltr'><strong><em>melius</em></strong></span> <span class='ocrx_word' id='word_1_314' title='bbox 1038 2756 1196 2810; x_wconf 89' lang='lat' dir='ltr'><strong><em>quam</em></strong></span> <span class='ocrx_word' id='word_1_315' title='bbox 1245 2740 1490 2810; x_wconf 80' lang='lat' dir='ltr'><strong><em>juventus</em></strong></span> <span class='ocrx_word' id='word_1_316' title='bbox 1540 2740 1812 2811; x_wconf 87' lang='lat' dir='ltr'><strong><em>attulerat,</em></strong></span> <span class='ocrx_word' id='word_1_317' title='bbox 1845 2762 1999 2800; x_wconf 89' lang='lat' dir='ltr'><strong><em>reno-</em></strong></span> 
     </span>
    </p>
   </div>
   <div class='ocr_carea' id='block_1_47' title="bbox 416 2829 1997 2908">
    <p class='ocr_par' dir='ltr' id='par_1_47' title="bbox 416 2829 1997 2908">
     <span class='ocr_line' id='line_1_47' title="bbox 416 2829 1997 2908; baseline 0.004 -22"><span class='ocrx_word' id='word_1_318' title='bbox 416 2840 593 2887; x_wconf 74' lang='lat' dir='ltr'><strong><em>vatur.</em></strong></span> <span class='ocrx_word' id='word_1_319' title='bbox 633 2829 803 2885; x_wconf 83' lang='lat' dir='ltr'><strong><em>Multa</em></strong></span> <span class='ocrx_word' id='word_1_320' title='bbox 845 2832 899 2884; x_wconf 92' lang='lat' dir='ltr'><strong><em>in</em></strong></span> <span class='ocrx_word' id='word_1_321' title='bbox 950 2830 1092 2886; x_wconf 89' lang='lat' dir='ltr'><strong><em>hanc</em></strong></span> <span class='ocrx_word' id='word_1_322' title='bbox 1147 2831 1472 2887; x_wconf 84' lang='lat' dir='ltr'><strong><em>sententiam</em></strong></span> <span class='ocrx_word' id='word_1_323' title='bbox 1515 2848 1582 2888; x_wconf 82' lang='lat' dir='ltr'><strong><em>ex</em></strong></span> <span class='ocrx_word' id='word_1_324' title='bbox 1628 2832 1997 2908; x_wconf 83' lang='lat' dir='ltr'><strong><em>Hieronymo,</em></strong></span> 
     </span>
    </p>
   </div>
   <div class='ocr_carea' id='block_1_48' title="bbox 416 2920 2000 2998">
    <p class='ocr_par' dir='ltr' id='par_1_48' title="bbox 416 2920 2000 2998">
     <span class='ocr_line' id='line_1_48' title="bbox 416 2920 2000 2998; baseline 0.006 -22"><span class='ocrx_word' id='word_1_325' title='bbox 416 2921 746 2993; x_wconf 75' lang='lat' dir='ltr'><strong><em>Augustino,</em></strong></span> <span class='ocrx_word' id='word_1_326' title='bbox 778 2921 932 2975; x_wconf 89' lang='lat' dir='ltr'><strong><em>rabbi</em></strong></span> <span class='ocrx_word' id='word_1_327' title='bbox 965 2920 1156 2987; x_wconf 90' lang='lat' dir='ltr'><strong><em>David,</em></strong></span> <span class='ocrx_word' id='word_1_328' title='bbox 1185 2921 1495 2989; x_wconf 79' lang='lat' dir='ltr'><strong><em>Vincentio,</em></strong></span> <span class='ocrx_word' id='word_1_329' title='bbox 1535 2926 1744 2998; x_wconf 85' lang='lat' dir='ltr'><strong><em>colligit</em></strong></span> <span class='ocrx_word' id='word_1_330' title='bbox 1769 2927 2000 2987; x_wconf 85' lang='lat' dir='ltr'><strong><em>Pontius</em></strong></span> 
     </span>
    </p>
   </div>
   <div class='ocr_carea' id='block_1_49' title="bbox 417 3012 1999 3085">
    <p class='ocr_par' dir='ltr' id='par_1_49' title="bbox 417 3012 1999 3085">
     <span class='ocr_line' id='line_1_49' title="bbox 417 3012 1999 3085; baseline 0.005 -16"><span class='ocrx_word' id='word_1_331' title='bbox 417 3014 477 3069; x_wconf 91' lang='lat' dir='ltr'><strong><em>in</em></strong></span> <span class='ocrx_word' id='word_1_332' title='bbox 505 3012 712 3067; x_wconf 89' lang='lat' dir='ltr'><strong><em>dictum</em></strong></span> <span class='ocrx_word' id='word_1_333' title='bbox 742 3013 919 3068; x_wconf 87' lang='lat' dir='ltr'><strong><em>locum</em></strong></span> <span class='ocrx_word' id='word_1_334' title='bbox 947 3012 1255 3084; x_wconf 86' lang='lat' dir='ltr'><strong><em>Epiphanii,</em></strong></span> <span class='ocrx_word' id='word_1_335' title='bbox 1284 3031 1445 3085; x_wconf 89' lang='lat' dir='ltr'><strong><em>quem</em></strong></span> <span class='ocrx_word' id='word_1_336' title='bbox 1469 3019 1712 3075; x_wconf 90' lang='lat' dir='ltr'><strong><em>consule.</em></strong></span> <span class='ocrx_word' id='word_1_337' title='bbox 1747 3018 1999 3077; x_wconf 85' lang='lat' dir='ltr'><strong><em>Theodo-</em></strong></span> 
     </span>
    </p>
   </div>
   <div class='ocr_carea' id='block_1_50' title="bbox 2103 1828 3672 1917">
    <p class='ocr_par' dir='ltr' id='par_1_50' title="bbox 2103 1828 3672 1917">
     <span class='ocr_line' id='line_1_50' title="bbox 2103 1828 3672 1917; baseline -0.014 -15"><span class='ocrx_word' id='word_1_338' title='bbox 2103 1862 2224 1917; x_wconf 87' lang='lat' dir='ltr'><strong><em>cap.</em></strong></span> <span class='ocrx_word' id='word_1_339' title='bbox 2251 1844 2283 1898; x_wconf 81' lang='lat'><strong>6</strong></span> <span class='ocrx_word' id='word_1_340' title='bbox 2311 1861 2324 1897; x_wconf 92' lang='lat'>:</span> <span class='ocrx_word' id='word_1_341' title='bbox 2368 1843 2649 1899; x_wconf 86' lang='lat' dir='ltr'><strong><em>Vulturum</em></strong></span> <span class='ocrx_word' id='word_1_342' title='bbox 2674 1837 2957 1909; x_wconf 76' lang='lat' dir='ltr'><strong><em>prtevalent</em></strong></span> <span class='ocrx_word' id='word_1_343' title='bbox 2980 1836 3138 1905; x_wconf 86' lang='lat' dir='ltr'><strong><em>nigri.</em></strong></span> <span class='ocrx_word' id='word_1_344' title='bbox 3170 1831 3340 1887; x_wconf 78' lang='lat' dir='ltr'><strong><em>Nidus</em></strong></span> <span class='ocrx_word' id='word_1_345' title='bbox 3369 1845 3525 1884; x_wconf 89' lang='lat' dir='ltr'><strong><em>nemo</em></strong></span> <span class='ocrx_word' id='word_1_346' title='bbox 3556 1828 3672 1882; x_wconf 85' lang='lat' dir='ltr'><strong><em>atti-</em></strong></span> 
     </span>
    </p>
   </div>
   <div class='ocr_carea' id='block_1_51' title="bbox 2102 1921 3672 2010">
    <p class='ocr_par' dir='ltr' id='par_1_51' title="bbox 2102 1921 3672 2010">
     <span class='ocr_line' id='line_1_51' title="bbox 2102 1921 3672 2010; baseline -0.013 -17"><span class='ocrx_word' id='word_1_347' title='bbox 2102 1941 2192 2010; x_wconf 90' lang='lat' dir='ltr'><strong><em>git.</em></strong></span> <span class='ocrx_word' id='word_1_348' title='bbox 2227 1937 2353 1992; x_wconf 86' lang='lat' dir='ltr'><strong><em>Ideo</em></strong></span> <span class='ocrx_word' id='word_1_349' title='bbox 2392 1937 2551 1991; x_wconf 90' lang='lat' dir='ltr'><strong><em>etiam</em></strong></span> <span class='ocrx_word' id='word_1_350' title='bbox 2585 1935 2729 2003; x_wconf 78' lang='lat' dir='ltr'><strong><em>fuere</em></strong></span> <span class='ocrx_word' id='word_1_351' title='bbox 2775 1932 2865 2003; x_wconf 88' lang='lat' dir='ltr'><strong><em>qui</em></strong></span> <span class='ocrx_word' id='word_1_352' title='bbox 2908 1935 3154 1999; x_wconf 86' lang='lat' dir='ltr'><strong><em>putarent</em></strong></span> <span class='ocrx_word' id='word_1_353' title='bbox 3193 1925 3315 1979; x_wconf 90' lang='lat' dir='ltr'><strong><em>illos</em></strong></span> <span class='ocrx_word' id='word_1_354' title='bbox 3357 1939 3427 1978; x_wconf 82' lang='lat' dir='ltr'><strong><em>ea:</em></strong></span> <span class='ocrx_word' id='word_1_355' title='bbox 3464 1921 3672 1976; x_wconf 74' lang='lat' dir='ltr'><strong><em>aduerso</em></strong></span> 
     </span>
    </p>
   </div>
   <div class='ocr_carea' id='block_1_52' title="bbox 2104 2012 3673 2092">
    <p class='ocr_par' dir='ltr' id='par_1_52' title="bbox 2104 2012 3673 2092">
     <span class='ocr_line' id='line_1_52' title="bbox 2104 2012 3673 2092; baseline -0.011 -7"><span class='ocrx_word' id='word_1_356' title='bbox 2104 2030 2225 2085; x_wconf 91' lang='lat' dir='ltr'><strong><em>orbe</em></strong></span> <span class='ocrx_word' id='word_1_357' title='bbox 2254 2028 2521 2084; x_wconf 89' lang='lat' dir='ltr'><strong><em>advolare.</em></strong></span> <span class='ocrx_word' id='word_1_358' title='bbox 2553 2024 2601 2079; x_wconf 86' lang='lat' dir='ltr'><em>F</em></span> <span class='ocrx_word' id='word_1_359' title='bbox 2604 2027 2718 2080; x_wconf 91' lang='lat' dir='ltr'><strong><em>also</em></strong></span> <span class='ocrx_word' id='word_1_360' title='bbox 2747 2039 2765 2076; x_wconf 92' lang='lat'><strong><em>:</em></strong></span> <span class='ocrx_word' id='word_1_361' title='bbox 2802 2022 3081 2092; x_wconf 80' lang='lat' dir='ltr'><strong><em>nidiﬁcant</em></strong></span> <span class='ocrx_word' id='word_1_362' title='bbox 3127 2020 3263 2073; x_wconf 90' lang='lat' dir='ltr'><strong><em>enim</em></strong></span> <span class='ocrx_word' id='word_1_363' title='bbox 3303 2016 3361 2070; x_wconf 88' lang='lat' dir='ltr'><strong><em>in</em></strong></span> <span class='ocrx_word' id='word_1_364' title='bbox 3386 2012 3673 2070; x_wconf 66' lang='lat' dir='ltr'><strong><em>excelsissi-</em></strong></span> 
     </span>
    </p>
   </div>
   <div class='ocr_carea' id='block_1_53' title="bbox 2104 2101 3672 2189">
    <p class='ocr_par' dir='ltr' id='par_1_53' title="bbox 2104 2101 3672 2189">
     <span class='ocr_line' id='line_1_53' title="bbox 2104 2101 3672 2189; baseline -0.011 -13"><span class='ocrx_word' id='word_1_365' title='bbox 2104 2123 2204 2176; x_wconf 85' lang='lat' dir='ltr'><strong><em>mis</em></strong></span> <span class='ocrx_word' id='word_1_366' title='bbox 2243 2120 2478 2189; x_wconf 85' lang='lat' dir='ltr'><strong><em>rupibus.</em></strong></span> <span class='ocrx_word' id='word_1_367' title='bbox 2516 2116 2828 2184; x_wconf 88' lang='lat' dir='ltr'><strong><em>Juvenalis,</em></strong></span> <span class='ocrx_word' id='word_1_368' title='bbox 2857 2119 3027 2183; x_wconf 82' lang='lat' dir='ltr'><strong><em>satyr.</em></strong></span> <span class='ocrx_word' id='word_1_369' title='bbox 3054 2110 3140 2175; x_wconf 78' lang='grc'><strong><em>15,</em></strong></span> <span class='ocrx_word' id='word_1_370' title='bbox 3170 2105 3403 2164; x_wconf 86' lang='lat' dir='ltr'><strong><em>credidit</em></strong></span> <span class='ocrx_word' id='word_1_371' title='bbox 3435 2105 3495 2160; x_wconf 88' lang='lat' dir='ltr'><strong><em>in</em></strong></span> <span class='ocrx_word' id='word_1_372' title='bbox 3523 2101 3672 2159; x_wconf 84' lang='lat' dir='ltr'><strong><em>arbo-</em></strong></span> 
     </span>
    </p>
   </div>
   <div class='ocr_carea' id='block_1_54' title="bbox 2104 2211 2704 2270">
    <p class='ocr_par' dir='ltr' id='par_1_54' title="bbox 2104 2211 2704 2270">
     <span class='ocr_line' id='line_1_54' title="bbox 2104 2211 2704 2270; baseline -0.01 0"><span class='ocrx_word' id='word_1_373' title='bbox 2104 2215 2257 2270; x_wconf 89' lang='lat' dir='ltr'><strong><em>ribus</em></strong></span> <span class='ocrx_word' id='word_1_374' title='bbox 2286 2211 2446 2267; x_wconf 89' lang='lat' dir='ltr'><strong><em>nidos</em></strong></span> <span class='ocrx_word' id='word_1_375' title='bbox 2486 2211 2665 2265; x_wconf 88' lang='lat' dir='ltr'><strong><em>l‘acere</em></strong></span> <span class='ocrx_word' id='word_1_376' title='bbox 2691 2229 2704 2264; x_wconf 93' lang='lat'>:</span> 
     </span>
    </p>
   </div>
   <div class='ocr_carea' id='block_1_55' title="bbox 2114 2313 3550 2396">
    <p class='ocr_par' dir='ltr' id='par_1_55' title="bbox 2114 2313 3550 2396">
     <span class='ocr_line' id='line_1_55' title="bbox 2114 2313 3550 2396; baseline -0.01 -16"><span class='ocrx_word' id='word_1_377' title='bbox 2114 2326 2325 2391; x_wconf 87' lang='lat' dir='ltr'><strong><em>Vultur,</em></strong></span> <span class='ocrx_word' id='word_1_378' title='bbox 2350 2325 2589 2396; x_wconf 72' lang='lat' dir='ltr'><strong><em>iumento</em></strong></span> <span class='ocrx_word' id='word_1_379' title='bbox 2627 2331 2676 2377; x_wconf 93' lang='lat' dir='ltr'><strong><em>et</em></strong></span> <span class='ocrx_word' id='word_1_380' title='bbox 2703 2320 2921 2375; x_wconf 87' lang='lat' dir='ltr'><strong><em>canibus</em></strong></span> <span class='ocrx_word' id='word_1_381' title='bbox 2946 2318 3289 2396; x_wconf 71' lang='lat' dir='ltr'><strong><em>crucibusque</em></strong></span> <span class='ocrx_word' id='word_1_382' title='bbox 3320 2313 3550 2396; x_wconf 60' lang='lat' dir='ltr'><strong><em>relictis,</em></strong></span> 
     </span>
    </p>
   </div>
   <div class='ocr_carea' id='block_1_56' title="bbox 2106 2386 3477 2465">
    <p class='ocr_par' dir='ltr' id='par_1_56' title="bbox 2106 2386 3477 2465">
     <span class='ocr_line' id='line_1_56' title="bbox 2106 2386 3477 2465; baseline -0.009 -15"><span class='ocrx_word' id='word_1_383' title='bbox 2106 2397 2186 2450; x_wconf 82' lang='lat' dir='ltr'><strong><em>Ad</em></strong></span> <span class='ocrx_word' id='word_1_384' title='bbox 2217 2386 2366 2465; x_wconf 70' lang='grc' dir='ltr'>[εειὶέ</span> <span class='ocrx_word' id='word_1_385' title='bbox 2381 2403 2626 2465; x_wconf 87' lang='lat' dir='ltr'><strong><em>properat</em></strong></span> <span class='ocrx_word' id='word_1_386' title='bbox 2653 2401 2956 2465; x_wconf 82' lang='lat' dir='ltr'><strong><em>partemque</em></strong></span> <span class='ocrx_word' id='word_1_387' title='bbox 2992 2388 3261 2465; x_wconf 83' lang='lat' dir='ltr'><strong><em>cadaueris</em></strong></span> <span class='ocrx_word' id='word_1_388' title='bbox 3292 2386 3477 2465; x_wconf 67' lang='lat' dir='ltr'><strong><em>affert,</em></strong></span> 
     </span>
    </p>
   </div>
   <div class='ocr_carea' id='block_1_57' title="bbox 2108 2457 3516 2535">
    <p class='ocr_par' dir='ltr' id='par_1_57' title="bbox 2108 2457 3516 2535">
     <span class='ocr_line' id='line_1_57' title="bbox 2108 2457 3516 2535; baseline -0.009 -15"><span class='ocrx_word' id='word_1_389' title='bbox 2108 2457 2314 2521; x_wconf 49' lang='lat' dir='ltr'><strong><em>Hie&#39;est</em></strong></span> <span class='ocrx_word' id='word_1_390' title='bbox 2342 2457 2852 2535; x_wconf 38' lang='lat' dir='ltr'><strong><em>ergo-cibus‘magni</em></strong></span> <span class='ocrx_word' id='word_1_391' title='bbox 2871 2457 3082 2535; x_wconf 80' lang='lat' dir='ltr'><strong><em>quoque</em></strong></span> <span class='ocrx_word' id='word_1_392' title='bbox 3112 2457 3356 2535; x_wconf 77' lang='lat' dir='ltr'><strong><em>vulturis,</em></strong></span> <span class='ocrx_word' id='word_1_393' title='bbox 3383 2466 3441 2535; x_wconf 68' lang='lat' dir='ltr'><strong><em>et</em></strong></span> <span class='ocrx_word' id='word_1_394' title='bbox 3460 2470 3516 2507; x_wconf 91' lang='lat' dir='ltr'><strong><em>se</em></strong></span> 
     </span>
    </p>
   </div>
   <div class='ocr_carea' id='block_1_58' title="bbox 2107 2524 3526 2606">
    <p class='ocr_par' dir='ltr' id='par_1_58' title="bbox 2107 2524 3526 2606">
     <span class='ocr_line' id='line_1_58' title="bbox 2107 2524 3526 2606; baseline -0.009 -14"><span class='ocrx_word' id='word_1_395' title='bbox 2107 2524 2422 2601; x_wconf 52' lang='lat' dir='ltr'><strong><em>Pascentis,’</em></strong></span> <span class='ocrx_word' id='word_1_396' title='bbox 2441 2536 2659 2606; x_wconf 86' lang='lat' dir='ltr'><strong><em>propria</em></strong></span> <span class='ocrx_word' id='word_1_397' title='bbox 2687 2524 2805 2587; x_wconf 73' lang='lat' dir='ltr'><strong><em>cum</em></strong></span> <span class='ocrx_word' id='word_1_398' title='bbox 2825 2524 2941 2602; x_wconf 81' lang='lat' dir='ltr'><strong><em>jam</em></strong></span> <span class='ocrx_word' id='word_1_399' title='bbox 2973 2524 3103 2599; x_wconf 77' lang='lat' dir='ltr'><strong><em>facit</em></strong></span> <span class='ocrx_word' id='word_1_400' title='bbox 3134 2527 3320 2582; x_wconf 90' lang='lat' dir='ltr'><strong><em>arbore</em></strong></span> <span class='ocrx_word' id='word_1_401' title='bbox 3346 2524 3526 2579; x_wconf 89' lang='lat' dir='ltr'><strong><em>nidos.</em></strong></span> 
     </span>
    </p>
   </div>
   <div class='ocr_carea' id='block_1_59' title="bbox 2176 2633 3665 2713">
    <p class='ocr_par' dir='ltr' id='par_1_59' title="bbox 2176 2633 3665 2713">
     <span class='ocr_line' id='line_1_59' title="bbox 2176 2633 3665 2713; baseline -0.012 -7"><span class='ocrx_word' id='word_1_402' title='bbox 2176 2650 2338 2713; x_wconf 89' lang='lat' dir='ltr'><strong><em>lbid.,</em></strong></span> <span class='ocrx_word' id='word_1_403' title='bbox 2378 2649 2476 2703; x_wconf 91' lang='lat' dir='ltr'><strong><em>lin.</em></strong></span> <span class='ocrx_word' id='word_1_404' title='bbox 2527 2648 2617 2703; x_wconf 76' lang='lat'><strong><em>53.</em></strong></span> <span class='ocrx_word' id='word_1_405' title='bbox 2652 2644 2763 2701; x_wconf 88' lang='lat' dir='ltr'><strong><em>Kal</em></strong></span> <span class='ocrx_word' id='word_1_406' title='bbox 2806 2643 3007 2699; x_wconf 77' lang='grc' dir='ltr'><em>λαϐὼν</em></span> <span class='ocrx_word' id='word_1_407' title='bbox 3046 2641 3155 2696; x_wconf 82' lang='grc' dir='ltr'><strong><em>τὸν</em></strong></span> <span class='ocrx_word' id='word_1_408' title='bbox 3184 2639 3482 2695; x_wconf 73' lang='grc' dir='ltr'>εὐτόκιον.</span> <span class='ocrx_word' id='word_1_409' title='bbox 3521 2633 3665 2690; x_wconf 82' lang='grc' dir='ltr'>Ειιιο-</span> 
     </span>
    </p>
   </div>
   <div class='ocr_carea' id='block_1_60' title="bbox 2104 2724 3666 2810">
    <p class='ocr_par' dir='ltr' id='par_1_60' title="bbox 2104 2724 3666 2810">
     <span class='ocr_line' id='line_1_60' title="bbox 2104 2724 3666 2810; baseline -0.01 -14"><span class='ocrx_word' id='word_1_410' title='bbox 2104 2741 2251 2796; x_wconf 88' lang='lat' dir='ltr'><strong><em>cium</em></strong></span> <span class='ocrx_word' id='word_1_411' title='bbox 2279 2740 2511 2810; x_wconf 88' lang='lat' dir='ltr'><strong><em>lapidem</em></strong></span> <span class='ocrx_word' id='word_1_412' title='bbox 2541 2738 2756 2792; x_wconf 87' lang='lat' dir='ltr'><strong><em>aetitem</em></strong></span> <span class='ocrx_word' id='word_1_413' title='bbox 2782 2750 2923 2798; x_wconf 88' lang='lat' dir='ltr'><strong><em>esse,</em></strong></span> <span class='ocrx_word' id='word_1_414' title='bbox 2948 2733 3150 2790; x_wconf 89' lang='lat' dir='ltr'><strong><em>nemini</em></strong></span> <span class='ocrx_word' id='word_1_415' title='bbox 3184 2730 3412 2786; x_wconf 89' lang='lat' dir='ltr'><strong><em>dubium</em></strong></span> <span class='ocrx_word' id='word_1_416' title='bbox 3438 2742 3558 2784; x_wconf 89' lang='lat' dir='ltr'><strong><em>esse</em></strong></span> <span class='ocrx_word' id='word_1_417' title='bbox 3583 2724 3666 2780; x_wconf 83' lang='lat' dir='ltr'><strong><em>de-</em></strong></span> 
     </span>
    </p>
   </div>
   <div class='ocr_carea' id='block_1_61' title="bbox 2105 2817 3666 2902">
    <p class='ocr_par' dir='ltr' id='par_1_61' title="bbox 2105 2817 3666 2902">
     <span class='ocr_line' id='line_1_61' title="bbox 2105 2817 3666 2902; baseline -0.013 -13"><span class='ocrx_word' id='word_1_418' title='bbox 2105 2835 2216 2900; x_wconf 90' lang='lat' dir='ltr'><strong><em>bet,</em></strong></span> <span class='ocrx_word' id='word_1_419' title='bbox 2246 2847 2371 2888; x_wconf 93' lang='lat' dir='ltr'><strong><em>cum</em></strong></span> <span class='ocrx_word' id='word_1_420' title='bbox 2398 2846 2519 2902; x_wconf 85' lang='lat' dir='ltr'><strong><em>quae</em></strong></span> <span class='ocrx_word' id='word_1_421' title='bbox 2540 2832 2608 2886; x_wconf 88' lang='lat' dir='ltr'><strong><em>de</em></strong></span> <span class='ocrx_word' id='word_1_422' title='bbox 2645 2829 2861 2885; x_wconf 88' lang='lat' dir='ltr'><strong><em>eutocio</em></strong></span> <span class='ocrx_word' id='word_1_423' title='bbox 2883 2826 3200 2883; x_wconf 88' lang='lat' dir='ltr'><strong><em>Eustathius</em></strong></span> <span class='ocrx_word' id='word_1_424' title='bbox 3224 2821 3419 2887; x_wconf 78' lang='lat' dir='ltr'><strong><em>refert,</em></strong></span> <span class='ocrx_word' id='word_1_425' title='bbox 3439 2821 3508 2877; x_wconf 87' lang='lat' dir='ltr'><strong><em>de</em></strong></span> <span class='ocrx_word' id='word_1_426' title='bbox 3527 2817 3666 2873; x_wconf 83' lang='lat' dir='ltr'><strong><em>aetite</em></strong></span> 
     </span>
    </p>
   </div>
   <div class='ocr_carea' id='block_1_62' title="bbox 2106 2910 3661 2990">
    <p class='ocr_par' dir='ltr' id='par_1_62' title="bbox 2106 2910 3661 2990">
     <span class='ocr_line' id='line_1_62' title="bbox 2106 2910 3661 2990; baseline -0.009 -11"><span class='ocrx_word' id='word_1_427' title='bbox 2106 2926 2195 2980; x_wconf 80' lang='lat' dir='ltr'><strong><em>alii</em></strong></span> <span class='ocrx_word' id='word_1_428' title='bbox 2221 2926 2424 2981; x_wconf 89' lang='lat' dir='ltr'><strong><em>dicant.</em></strong></span> <span class='ocrx_word' id='word_1_429' title='bbox 2452 2922 2683 2988; x_wconf 85' lang='lat' dir='ltr'><strong><em>Plinius,</em></strong></span> <span class='ocrx_word' id='word_1_430' title='bbox 2712 2921 2807 2976; x_wconf 91' lang='lat' dir='ltr'><strong><em>lib.</em></strong></span> <span class='ocrx_word' id='word_1_431' title='bbox 2839 2938 2894 2985; x_wconf 76' lang='grc' dir='ltr'><strong><em>ιι,</em></strong></span> <span class='ocrx_word' id='word_1_432' title='bbox 2927 2919 3091 2990; x_wconf 87' lang='lat' dir='ltr'><strong><em>capit.</em></strong></span> <span class='ocrx_word' id='word_1_433' title='bbox 3126 2933 3178 2972; x_wconf 84' lang='lat' dir='ltr'><strong><em>Iv</em></strong></span> <span class='ocrx_word' id='word_1_434' title='bbox 3209 2936 3221 2971; x_wconf 91' lang='lat'><strong>:</strong></span> <span class='ocrx_word' id='word_1_435' title='bbox 3252 2914 3448 2969; x_wconf 88' lang='lat' dir='ltr'><strong><em>Tribus</em></strong></span> <span class='ocrx_word' id='word_1_436' title='bbox 3477 2910 3661 2984; x_wconf 73' lang='lat' dir='ltr'><strong><em>primis,</em></strong></span> 
     </span>
    </p>
   </div>
   <div class='ocr_carea' id='block_1_63' title="bbox 2104 2999 3666 3086">
    <p class='ocr_par' dir='ltr' id='par_1_63' title="bbox 2104 2999 3666 3086">
     <span class='ocr_line' id='line_1_63' title="bbox 2104 2999 3666 3086; baseline -0.012 -17"><span class='ocrx_word' id='word_1_437' title='bbox 2104 3024 2153 3068; x_wconf 89' lang='lat' dir='ltr'><strong><em>et</em></strong></span> <span class='ocrx_word' id='word_1_438' title='bbox 2198 3017 2379 3086; x_wconf 88' lang='lat' dir='ltr'><strong><em>quinto</em></strong></span> <span class='ocrx_word' id='word_1_439' title='bbox 2421 3013 2722 3083; x_wconf 88' lang='lat' dir='ltr'><strong><em>aquilarum</em></strong></span> <span class='ocrx_word' id='word_1_440' title='bbox 2763 3010 2938 3081; x_wconf 89' lang='lat' dir='ltr'><strong><em>generi</em></strong></span> <span class='ocrx_word' id='word_1_441' title='bbox 2979 3006 3337 3077; x_wconf 76' lang='lat' dir='ltr'><strong><em>incediﬁcatur</em></strong></span> <span class='ocrx_word' id='word_1_442' title='bbox 3376 3002 3506 3058; x_wconf 87' lang='lat' dir='ltr'><strong><em>nido</em></strong></span> <span class='ocrx_word' id='word_1_443' title='bbox 3551 2999 3666 3068; x_wconf 79' lang='lat' dir='ltr'><strong><em>lapis</em></strong></span> 
     </span>
    </p>
   </div>
   <div class='ocr_carea' id='block_1_64' title="bbox 418 3097 3663 3180">
    <p class='ocr_par' dir='ltr' id='par_1_64' title="bbox 418 3097 3663 3180">
     <span class='ocr_line' id='line_1_64' title="bbox 418 3097 3663 3180; baseline -0.005 -19"><span class='ocrx_word' id='word_1_444' title='bbox 418 3120 517 3162; x_wconf 88' lang='lat' dir='ltr'><strong><em>rus</em></strong></span> <span class='ocrx_word' id='word_1_445' title='bbox 544 3112 726 3160; x_wconf 86' lang='lat' dir='ltr'><strong><em>tamen</em></strong></span> <span class='ocrx_word' id='word_1_446' title='bbox 759 3102 1159 3171; x_wconf 83' lang='lat' dir='ltr'><strong><em>Heracleensis,</em></strong></span> <span class='ocrx_word' id='word_1_447' title='bbox 1195 3104 1486 3163; x_wconf 88' lang='lat' dir='ltr'><strong><em>Comment.</em></strong></span> <span class='ocrx_word' id='word_1_448' title='bbox 1516 3110 1572 3163; x_wconf 91' lang='lat' dir='ltr'><strong><em>in</em></strong></span> <span class='ocrx_word' id='word_1_449' title='bbox 1607 3111 1744 3180; x_wconf 90' lang='lat' dir='ltr'><strong><em>psal.</em></strong></span> <span class='ocrx_word' id='word_1_450' title='bbox 1772 3126 1867 3178; x_wconf 85' lang='lat' dir='ltr'><strong><em>cn,</em></strong></span> <span class='ocrx_word' id='word_1_451' title='bbox 1901 3130 2001 3169; x_wconf 84' lang='lat' dir='ltr'><strong><em>ne-</em></strong></span> <span class='ocrx_word' id='word_1_452' title='bbox 2028 3098 2072 3156; x_wconf 86' lang='lat' dir='ltr'><strong>C</strong></span> <span class='ocrx_word' id='word_1_453' title='bbox 2103 3107 2310 3170; x_wconf 88' lang='lat' dir='ltr'><strong><em>aetites,</em></strong></span> <span class='ocrx_word' id='word_1_454' title='bbox 2354 3123 2505 3177; x_wconf 89' lang='lat' dir='ltr'><strong><em>quem</em></strong></span> <span class='ocrx_word' id='word_1_455' title='bbox 2534 3104 2699 3176; x_wconf 90' lang='lat' dir='ltr'><strong><em>aliqui</em></strong></span> <span class='ocrx_word' id='word_1_456' title='bbox 2727 3104 2906 3157; x_wconf 71' lang='lat' dir='ltr'><strong><em>dixere</em></strong></span> <span class='ocrx_word' id='word_1_457' title='bbox 2929 3109 3193 3174; x_wconf 89' lang='lat' dir='ltr'><strong><em>gagatem,</em></strong></span> <span class='ocrx_word' id='word_1_458' title='bbox 3225 3098 3294 3153; x_wconf 88' lang='lat' dir='ltr'><strong><em>ad</em></strong></span> <span class='ocrx_word' id='word_1_459' title='bbox 3320 3097 3494 3151; x_wconf 87' lang='lat' dir='ltr'><strong><em>multa</em></strong></span> <span class='ocrx_word' id='word_1_460' title='bbox 3520 3107 3663 3147; x_wconf 80' lang='lat' dir='ltr'><strong><em>reme-</em></strong></span> 
     </span>
    </p>
   </div>
   <div class='ocr_carea' id='block_1_65' title="bbox 417 3196 2005 3272">
    <p class='ocr_par' dir='ltr' id='par_1_65' title="bbox 417 3196 2005 3272">
     <span class='ocr_line' id='line_1_65' title="bbox 417 3196 2005 3272; baseline 0.005 -21"><span class='ocrx_word' id='word_1_461' title='bbox 417 3204 511 3270; x_wconf 80' lang='lat' dir='ltr'><strong><em>gat</em></strong></span> <span class='ocrx_word' id='word_1_462' title='bbox 568 3196 809 3267; x_wconf 84' lang='lat' dir='ltr'><strong><em>aquilam</em></strong></span> <span class='ocrx_word' id='word_1_463' title='bbox 861 3198 1113 3251; x_wconf 85' lang='lat' dir='ltr'><strong><em>renovari</em></strong></span> <span class='ocrx_word' id='word_1_464' title='bbox 1148 3215 1162 3252; x_wconf 92' lang='lat'>:</span> <span class='ocrx_word' id='word_1_465' title='bbox 1201 3196 1275 3250; x_wconf 83' lang='grc' dir='ltr'><strong><em>Οὐ</em></strong></span> <span class='ocrx_word' id='word_1_466' title='bbox 1313 3198 1472 3252; x_wconf 83' lang='grc' dir='ltr'>τοῦτο</span> <span class='ocrx_word' id='word_1_467' title='bbox 1520 3200 1767 3272; x_wconf 86' lang='grc' dir='ltr'>βούλεται</span> <span class='ocrx_word' id='word_1_468' title='bbox 1811 3206 2005 3270; x_wconf 75' lang='grc' dir='ltr'>εἰπεῖν,</span> 
     </span>
    </p>
   </div>
   <div class='ocr_carea' id='block_1_66' title="bbox 417 3287 2009 3365">
    <p class='ocr_par' dir='ltr' id='par_1_66' title="bbox 417 3287 2009 3365">
     <span class='ocr_line' id='line_1_66' title="bbox 417 3287 2009 3365; baseline 0.003 -22"><span class='ocrx_word' id='word_1_469' title='bbox 417 3292 503 3344; x_wconf 82' lang='grc' dir='ltr'>ὅτι</span> <span class='ocrx_word' id='word_1_470' title='bbox 538 3287 940 3352; x_wconf 82' lang='grc' dir='ltr'>ἀνακαινίζεται</span> <span class='ocrx_word' id='word_1_471' title='bbox 973 3290 1001 3341; x_wconf 98' lang='lat'><strong><em>6</em></strong></span> <span class='ocrx_word' id='word_1_472' title='bbox 1032 3287 1189 3354; x_wconf 84' lang='grc' dir='ltr'>ἀετός</span> <span class='ocrx_word' id='word_1_473' title='bbox 1211 3307 1224 3319; x_wconf 91' lang='grc'>·</span> <span class='ocrx_word' id='word_1_474' title='bbox 1258 3292 1319 3344; x_wconf 81' lang='grc' dir='ltr'>οὐ</span> <span class='ocrx_word' id='word_1_475' title='bbox 1356 3291 1465 3365; x_wconf 84' lang='grc' dir='ltr'>γὰρ</span> <span class='ocrx_word' id='word_1_476' title='bbox 1504 3292 1927 3362; x_wconf 76' lang='grc' dir='ltr'>ἅνακαινίζεται,</span> <span class='ocrx_word' id='word_1_477' title='bbox 1961 3306 2009 3357; x_wconf 71' lang='grc' dir='ltr'>εξ</span> 
     </span>
    </p>
   </div>
   <div class='ocr_carea' id='block_1_67' title="bbox 422 3378 2008 3459">
    <p class='ocr_par' dir='ltr' id='par_1_67' title="bbox 422 3378 2008 3459">
     <span class='ocr_line' id='line_1_67' title="bbox 422 3378 2008 3459; baseline 0.004 -24"><span class='ocrx_word' id='word_1_478' title='bbox 422 3382 499 3454; x_wconf 81' lang='grc' dir='ltr'><strong><em>μὴ</em></strong></span> <span class='ocrx_word' id='word_1_479' title='bbox 528 3380 708 3452; x_wconf 86' lang='grc' dir='ltr'>μόνον,</span> <span class='ocrx_word' id='word_1_480' title='bbox 734 3378 810 3444; x_wconf 82' lang='grc' dir='ltr'>ὥς</span> <span class='ocrx_word' id='word_1_481' title='bbox 838 3397 1023 3449; x_wconf 80' lang='grc' dir='ltr'>φασιν,</span> <span class='ocrx_word' id='word_1_482' title='bbox 1057 3382 1086 3434; x_wconf 89' lang='lat'><strong><em>6</em></strong></span> <span class='ocrx_word' id='word_1_483' title='bbox 1126 3382 1305 3449; x_wconf 81' lang='grc' dir='ltr'>φοῖνιξ</span> <span class='ocrx_word' id='word_1_484' title='bbox 1336 3382 1397 3437; x_wconf 78' lang='grc' dir='ltr'>τὸ</span> <span class='ocrx_word' id='word_1_485' title='bbox 1426 3384 1638 3456; x_wconf 80' lang='grc' dir='ltr'><strong><em>ὄρνεον·</em></strong></span> <span class='ocrx_word' id='word_1_486' title='bbox 1674 3386 1789 3440; x_wconf 86' lang='grc' dir='ltr'>ἀλλ’</span> <span class='ocrx_word' id='word_1_487' title='bbox 1822 3389 2008 3459; x_wconf 80' lang='grc' dir='ltr'>ἐπειδὴ</span> 
     </span>
    </p>
   </div>
   <div class='ocr_carea' id='block_1_68' title="bbox 418 3472 2009 3550">
    <p class='ocr_par' dir='ltr' id='par_1_68' title="bbox 418 3472 2009 3550">
     <span class='ocr_line' id='line_1_68' title="bbox 418 3472 2009 3550; baseline 0.004 -22"><span class='ocrx_word' id='word_1_488' title='bbox 418 3477 448 3528; x_wconf 91' lang='grc' dir='ltr'>ὁ</span> <span class='ocrx_word' id='word_1_489' title='bbox 475 3473 630 3538; x_wconf 80' lang='grc' dir='ltr'>ἀετὸς</span> <span class='ocrx_word' id='word_1_490' title='bbox 657 3474 803 3527; x_wconf 88' lang='grc' dir='ltr'><strong><em>δοκεί</em></strong></span> <span class='ocrx_word' id='word_1_491' title='bbox 827 3472 1129 3544; x_wconf 77' lang='grc' dir='ltr'><strong><em>βασιλεύειν</em></strong></span> <span class='ocrx_word' id='word_1_492' title='bbox 1161 3474 1270 3529; x_wconf 85' lang='grc' dir='ltr'><strong><em>τῶν</em></strong></span> <span class='ocrx_word' id='word_1_493' title='bbox 1304 3476 1567 3531; x_wconf 85' lang='grc' dir='ltr'>πετεινῶν</span> <span class='ocrx_word' id='word_1_494' title='bbox 1589 3478 1866 3543; x_wconf 80' lang='grc' dir='ltr'>ἁπάντων,</span> <span class='ocrx_word' id='word_1_495' title='bbox 1893 3480 2009 3550; x_wconf 78' lang='grc' dir='ltr'><strong><em>βού-</em></strong></span> 
     </span>
    </p>
   </div>
   <div class='ocr_carea' id='block_1_69' title="bbox 417 3560 2006 3638">
    <p class='ocr_par' dir='ltr' id='par_1_69' title="bbox 417 3560 2006 3638">
     <span class='ocr_line' id='line_1_69' title="bbox 417 3560 2006 3638; baseline 0.003 -19"><span class='ocrx_word' id='word_1_496' title='bbox 417 3565 570 3619; x_wconf 84' lang='grc' dir='ltr'>λεται</span> <span class='ocrx_word' id='word_1_497' title='bbox 611 3566 807 3629; x_wconf 83' lang='grc' dir='ltr'>εἰπεῖν,</span> <span class='ocrx_word' id='word_1_498' title='bbox 842 3565 924 3618; x_wconf 85' lang='grc' dir='ltr'><strong><em>δτι</em></strong></span> <span class='ocrx_word' id='word_1_499' title='bbox 954 3566 987 3636; x_wconf 83' lang='grc' dir='ltr'><strong>ή</strong></span> <span class='ocrx_word' id='word_1_500' title='bbox 1021 3564 1321 3635; x_wconf 85' lang='grc' dir='ltr'><strong><em>παλαιότης</em></strong></span> <span class='ocrx_word' id='word_1_501' title='bbox 1350 3565 1508 3637; x_wconf 80' lang='grc' dir='ltr'><strong><em>ἡμῶν</em></strong></span> <span class='ocrx_word' id='word_1_502' title='bbox 1553 3569 1586 3638; x_wconf 79' lang='grc' dir='ltr'>ἡ</span> <span class='ocrx_word' id='word_1_503' title='bbox 1628 3569 1687 3621; x_wconf 83' lang='grc' dir='ltr'>ἐν</span> <span class='ocrx_word' id='word_1_504' title='bbox 1729 3560 2006 3623; x_wconf 77' lang='grc' dir='ltr'>Βαϐυλῶνι</span> 
     </span>
    </p>
   </div>
   <div class='ocr_carea' id='block_1_70' title="bbox 419 3654 2008 3733">
    <p class='ocr_par' dir='ltr' id='par_1_70' title="bbox 419 3654 2008 3733">
     <span class='ocr_line' id='line_1_70' title="bbox 419 3654 2008 3733; baseline 0.001 -19"><span class='ocrx_word' id='word_1_505' title='bbox 419 3659 933 3730; x_wconf 83' lang='grc' dir='ltr'>ἀνακαινισθήσεται</span> <span class='ocrx_word' id='word_1_506' title='bbox 967 3659 1046 3721; x_wconf 76' lang='grc' dir='ltr'>εἰς</span> <span class='ocrx_word' id='word_1_507' title='bbox 1086 3657 1359 3728; x_wconf 83' lang='grc' dir='ltr'>βασιλείαν</span> <span class='ocrx_word' id='word_1_508' title='bbox 1403 3654 1577 3725; x_wconf 78' lang='grc' dir='ltr'>αὖθις,</span> <span class='ocrx_word' id='word_1_509' title='bbox 1624 3659 1814 3733; x_wconf 82' lang='grc' dir='ltr'>ὥσπερ</span> <span class='ocrx_word' id='word_1_510' title='bbox 1866 3657 2008 3733; x_wconf 80' lang='grc' dir='ltr'><strong><em>ἦμέν</em></strong></span> 
     </span>
    </p>
   </div>
   <div class='ocr_carea' id='block_1_71' title="bbox 421 3746 2006 3822">
    <p class='ocr_par' dir='ltr' id='par_1_71' title="bbox 421 3746 2006 3822">
     <span class='ocr_line' id='line_1_71' title="bbox 421 3746 2006 3822; baseline 0 -18"><span class='ocrx_word' id='word_1_511' title='bbox 421 3767 575 3805; x_wconf 84' lang='grc' dir='ltr'>ποτε.</span> <span class='ocrx_word' id='word_1_512' title='bbox 604 3749 702 3803; x_wconf 82' lang='grc' dir='ltr'><strong><em>Διὰ</em></strong></span> <span class='ocrx_word' id='word_1_513' title='bbox 728 3748 838 3821; x_wconf 85' lang='grc' dir='ltr'>γὰρ</span> <span class='ocrx_word' id='word_1_514' title='bbox 872 3746 968 3802; x_wconf 79' lang='grc' dir='ltr'>τοῦ</span> <span class='ocrx_word' id='word_1_515' title='bbox 1001 3748 1214 3820; x_wconf 76' lang='grc' dir='ltr'>ὄρνιθος</span> <span class='ocrx_word' id='word_1_516' title='bbox 1244 3748 1337 3801; x_wconf 81' lang='grc' dir='ltr'><strong><em>τοῦ</em></strong></span> <span class='ocrx_word' id='word_1_517' title='bbox 1384 3748 1544 3802; x_wconf 80' lang='grc' dir='ltr'><strong><em>ἀετοῦ</em></strong></span> <span class='ocrx_word' id='word_1_518' title='bbox 1588 3749 1687 3822; x_wconf 86' lang='grc' dir='ltr'>τὴν</span> <span class='ocrx_word' id='word_1_519' title='bbox 1729 3750 2006 3821; x_wconf 72' lang='grc' dir='ltr'>βασιλείαν</span> 
     </span>
    </p>
   </div>
   <div class='ocr_carea' id='block_1_72' title="bbox 421 3840 2003 3915">
    <p class='ocr_par' dir='ltr' id='par_1_72' title="bbox 421 3840 2003 3915">
     <span class='ocr_line' id='line_1_72' title="bbox 421 3840 2003 3915; baseline 0.001 -17"><span class='ocrx_word' id='word_1_520' title='bbox 421 3842 735 3898; x_wconf 78' lang='grc' dir='ltr'><strong><em>αἰνίττεται.</em></strong></span> <span class='ocrx_word' id='word_1_521' title='bbox 764 3840 1002 3898; x_wconf 84' lang='lat' dir='ltr'><strong><em>Consule</em></strong></span> <span class='ocrx_word' id='word_1_522' title='bbox 1041 3841 1172 3897; x_wconf 88' lang='lat' dir='ltr'><strong><em>item</em></strong></span> <span class='ocrx_word' id='word_1_523' title='bbox 1213 3840 1436 3897; x_wconf 65' lang='lat' dir='ltr'><strong><em>Caelium</em></strong></span> <span class='ocrx_word' id='word_1_524' title='bbox 1469 3840 1781 3915; x_wconf 81' lang='lat' dir='ltr'><strong><em>Rodigium,</em></strong></span> <span class='ocrx_word' id='word_1_525' title='bbox 1811 3844 1848 3900; x_wconf 91' lang='lat' dir='ltr'><strong><em>l.</em></strong></span> <span class='ocrx_word' id='word_1_526' title='bbox 1883 3860 2003 3912; x_wconf 78' lang='lat' dir='ltr'><strong><em>xui,</em></strong></span> 
     </span>
    </p>
   </div>
   <div class='ocr_carea' id='block_1_73' title="bbox 423 3931 672 4004">
    <p class='ocr_par' dir='ltr' id='par_1_73' title="bbox 423 3931 672 4004">
     <span class='ocr_line' id='line_1_73' title="bbox 423 3931 672 4004; baseline -0.004 -16"><span class='ocrx_word' id='word_1_527' title='bbox 423 3947 545 4004; x_wconf 78' lang='lat' dir='ltr'><strong><em>cap.</em></strong></span> <span class='ocrx_word' id='word_1_528' title='bbox 581 3931 672 3987; x_wconf 71' lang='lat'><strong><em>20.</em></strong></span> 
     </span>
    </p>
   </div>
   <div class='ocr_carea' id='block_1_74' title="bbox 495 4041 2005 4117">
    <p class='ocr_par' dir='ltr' id='par_1_74' title="bbox 495 4041 2005 4117">
     <span class='ocr_line' id='line_1_74' title="bbox 495 4041 2005 4117; baseline 0.003 -20"><span class='ocrx_word' id='word_1_529' title='bbox 495 4042 656 4107; x_wconf 89' lang='lat' dir='ltr'><strong><em>lbid.,</em></strong></span> <span class='ocrx_word' id='word_1_530' title='bbox 686 4041 787 4097; x_wconf 89' lang='lat' dir='ltr'><strong><em>lin.</em></strong></span> <span class='ocrx_word' id='word_1_531' title='bbox 816 4042 908 4098; x_wconf 70' lang='lat'><strong><em>29.</em></strong></span> <span class='ocrx_word' id='word_1_532' title='bbox 946 4043 1011 4097; x_wconf 91' lang='lat'><strong><em>&#39;0</em></strong></span> <span class='ocrx_word' id='word_1_533' title='bbox 1038 4042 1107 4097; x_wconf 85' lang='grc' dir='ltr'>δὲ</span> <span class='ocrx_word' id='word_1_534' title='bbox 1137 4044 1266 4115; x_wconf 71' lang='grc' dir='ltr'><strong><em>γὺψ</em></strong></span> <span class='ocrx_word' id='word_1_535' title='bbox 1285 4045 1635 4117; x_wconf 78' lang='grc' dir='ltr'><strong><em>ὑπηνέμιον.</em></strong></span> <span class='ocrx_word' id='word_1_536' title='bbox 1671 4044 1867 4103; x_wconf 86' lang='lat' dir='ltr'><strong><em>Petrus</em></strong></span> <span class='ocrx_word' id='word_1_537' title='bbox 1902 4046 2005 4102; x_wconf 86' lang='lat' dir='ltr'><strong><em>Da-</em></strong></span> 
     </span>
    </p>
   </div>
   <div class='ocr_carea' id='block_1_75' title="bbox 424 4134 2003 4206">
    <p class='ocr_par' dir='ltr' id='par_1_75' title="bbox 424 4134 2003 4206">
     <span class='ocr_line' id='line_1_75' title="bbox 424 4134 2003 4206; baseline 0.003 -16"><span class='ocrx_word' id='word_1_538' title='bbox 424 4135 662 4200; x_wconf 88' lang='lat' dir='ltr'><strong><em>mianus,</em></strong></span> <span class='ocrx_word' id='word_1_539' title='bbox 693 4134 789 4189; x_wconf 91' lang='lat' dir='ltr'><strong><em>lib.</em></strong></span> <span class='ocrx_word' id='word_1_540' title='bbox 820 4151 881 4204; x_wconf 86' lang='lat' dir='ltr'><strong><em>n,</em></strong></span> <span class='ocrx_word' id='word_1_541' title='bbox 901 4136 1061 4206; x_wconf 91' lang='lat' dir='ltr'><strong><em>epist.</em></strong></span> <span class='ocrx_word' id='word_1_542' title='bbox 1087 4136 1157 4190; x_wconf 75' lang='grc'><strong><em>18</em></strong></span> <span class='ocrx_word' id='word_1_543' title='bbox 1186 4155 1198 4191; x_wconf 91' lang='lat'><strong>:</strong></span> <span class='ocrx_word' id='word_1_544' title='bbox 1232 4136 1585 4192; x_wconf 82' lang='lat' dir='ltr'><strong><em>Perhibentur</em></strong></span> <span class='ocrx_word' id='word_1_545' title='bbox 1604 4138 1837 4193; x_wconf 77' lang='lat' dir='ltr'><strong><em>vultures</em></strong></span> <span class='ocrx_word' id='word_1_546' title='bbox 1897 4156 2003 4194; x_wconf 81' lang='lat' dir='ltr'><strong><em>ca:-</em></strong></span> 
     </span>
    </p>
   </div>
   <div class='ocr_carea' id='block_1_76' title="bbox 425 4225 2002 4300">
    <p class='ocr_par' dir='ltr' id='par_1_76' title="bbox 425 4225 2002 4300">
     <span class='ocr_line' id='line_1_76' title="bbox 425 4225 2002 4300; baseline 0.004 -22"><span class='ocrx_word' id='word_1_547' title='bbox 425 4234 658 4279; x_wconf 88' lang='lat' dir='ltr'><strong><em>terarum</em></strong></span> <span class='ocrx_word' id='word_1_548' title='bbox 681 4225 854 4278; x_wconf 86' lang='lat' dir='ltr'><strong><em>avium</em></strong></span> <span class='ocrx_word' id='word_1_549' title='bbox 879 4241 1041 4291; x_wconf 89' lang='lat' dir='ltr'><strong><em>more,</em></strong></span> <span class='ocrx_word' id='word_1_550' title='bbox 1066 4226 1363 4281; x_wconf 87' lang='lat' dir='ltr'><strong><em>concubitui</em></strong></span> <span class='ocrx_word' id='word_1_551' title='bbox 1386 4227 1686 4284; x_wconf 82' lang='lat' dir='ltr'><strong><em>nullatenus</em></strong></span> <span class='ocrx_word' id='word_1_552' title='bbox 1703 4229 2002 4300; x_wconf 89' lang='lat' dir='ltr'><strong><em>indulgere:</em></strong></span> 
     </span>
    </p>
   </div>
   <div class='ocr_carea' id='block_1_77' title="bbox 422 4317 2005 4388">
    <p class='ocr_par' dir='ltr' id='par_1_77' title="bbox 422 4317 2005 4388">
     <span class='ocr_line' id='line_1_77' title="bbox 422 4317 2005 4388; baseline 0.003 -15"><span class='ocrx_word' id='word_1_553' title='bbox 422 4318 514 4374; x_wconf 85' lang='lat' dir='ltr'><strong><em>sed</em></strong></span> <span class='ocrx_word' id='word_1_554' title='bbox 542 4321 734 4388; x_wconf 88' lang='lat' dir='ltr'><strong><em>absque</em></strong></span> <span class='ocrx_word' id='word_1_555' title='bbox 765 4317 879 4371; x_wconf 88' lang='lat' dir='ltr'><strong><em>ulla</em></strong></span> <span class='ocrx_word' id='word_1_556' title='bbox 911 4334 1128 4388; x_wconf 88' lang='lat' dir='ltr'><strong><em>prorsus</em></strong></span> <span class='ocrx_word' id='word_1_557' title='bbox 1174 4319 1459 4374; x_wconf 87' lang='lat' dir='ltr'><strong><em>masculini</em></strong></span> <span class='ocrx_word' id='word_1_558' title='bbox 1502 4337 1658 4376; x_wconf 75' lang='lat' dir='ltr'><strong><em>sexus</em></strong></span> <span class='ocrx_word' id='word_1_559' title='bbox 1689 4321 2005 4378; x_wconf 90' lang='lat' dir='ltr'><strong><em>admistione</em></strong></span> 
     </span>
    </p>
   </div>
   <div class='ocr_carea' id='block_1_78' title="bbox 2110 3180 3666 3267">
    <p class='ocr_par' dir='ltr' id='par_1_78' title="bbox 2110 3180 3666 3267">
     <span class='ocr_line' id='line_1_78' title="bbox 2110 3180 3666 3267; baseline -0.012 -16"><span class='ocrx_word' id='word_1_560' title='bbox 2110 3198 2202 3251; x_wconf 90' lang='lat' dir='ltr'><strong><em>dia</em></strong></span> <span class='ocrx_word' id='word_1_561' title='bbox 2232 3196 2409 3267; x_wconf 79' lang='lat' dir='ltr'><strong><em>utilis,</em></strong></span> <span class='ocrx_word' id='word_1_562' title='bbox 2436 3196 2569 3250; x_wconf 83' lang='lat' dir='ltr'><strong><em>nihil</em></strong></span> <span class='ocrx_word' id='word_1_563' title='bbox 2599 3196 2717 3265; x_wconf 89' lang='lat' dir='ltr'><strong><em>igne</em></strong></span> <span class='ocrx_word' id='word_1_564' title='bbox 2744 3191 3047 3262; x_wconf 90' lang='lat' dir='ltr'><strong><em>deperdens.</em></strong></span> <span class='ocrx_word' id='word_1_565' title='bbox 3091 3187 3189 3244; x_wconf 88' lang='lat' dir='ltr'><strong><em>Est</em></strong></span> <span class='ocrx_word' id='word_1_566' title='bbox 3218 3197 3397 3242; x_wconf 81' lang='lat' dir='ltr'><strong><em>autem</em></strong></span> <span class='ocrx_word' id='word_1_567' title='bbox 3427 3181 3561 3253; x_wconf 85' lang='lat' dir='ltr'><strong><em>lapis</em></strong></span> <span class='ocrx_word' id='word_1_568' title='bbox 3584 3180 3666 3234; x_wconf 79' lang='lat' dir='ltr'><strong><em>iste</em></strong></span> 
     </span>
    </p>
   </div>
   <div class='ocr_carea' id='block_1_79' title="bbox 2107 3278 3665 3359">
    <p class='ocr_par' dir='ltr' id='par_1_79' title="bbox 2107 3278 3665 3359">
     <span class='ocr_line' id='line_1_79' title="bbox 2107 3278 3665 3359; baseline -0.01 -16"><span class='ocrx_word' id='word_1_569' title='bbox 2107 3304 2408 3359; x_wconf 72' lang='lat' dir='ltr'><strong><em>pra&#39;gnans,</em></strong></span> <span class='ocrx_word' id='word_1_570' title='bbox 2439 3286 2581 3340; x_wconf 83' lang='lat' dir='ltr'><strong><em>intus</em></strong></span> <span class='ocrx_word' id='word_1_571' title='bbox 2610 3301 2728 3339; x_wconf 91' lang='lat' dir='ltr'><strong><em>cum</em></strong></span> <span class='ocrx_word' id='word_1_572' title='bbox 2756 3285 2992 3354; x_wconf 89' lang='lat' dir='ltr'><strong><em>quatias,</em></strong></span> <span class='ocrx_word' id='word_1_573' title='bbox 3031 3282 3138 3336; x_wconf 76' lang='lat' dir='ltr'><strong><em>alia</em></strong></span> <span class='ocrx_word' id='word_1_574' title='bbox 3168 3279 3304 3334; x_wconf 75' lang='lat' dir='ltr'><strong><em>velut</em></strong></span> <span class='ocrx_word' id='word_1_575' title='bbox 3334 3278 3389 3329; x_wconf 88' lang='lat' dir='ltr'><strong><em>in</em></strong></span> <span class='ocrx_word' id='word_1_576' title='bbox 3414 3285 3562 3328; x_wconf 79' lang='lat' dir='ltr'><strong><em>utero</em></strong></span> <span class='ocrx_word' id='word_1_577' title='bbox 3594 3289 3665 3328; x_wconf 87' lang='lat' dir='ltr'><strong><em>so-</em></strong></span> 
     </span>
    </p>
   </div>
   <div class='ocr_carea' id='block_1_80' title="bbox 2109 3365 3662 3447">
    <p class='ocr_par' dir='ltr' id='par_1_80' title="bbox 2109 3365 3662 3447">
     <span class='ocr_line' id='line_1_80' title="bbox 2109 3365 3662 3447; baseline -0.012 -12"><span class='ocrx_word' id='word_1_578' title='bbox 2109 3391 2285 3447; x_wconf 87' lang='lat' dir='ltr'><strong><em>nante,</em></strong></span> <span class='ocrx_word' id='word_1_579' title='bbox 2310 3379 2399 3434; x_wconf 83' lang='lat' dir='ltr'><strong><em>sed</em></strong></span> <span class='ocrx_word' id='word_1_580' title='bbox 2423 3381 2499 3434; x_wconf 80' lang='lat' dir='ltr'><strong><em>vis</em></strong></span> <span class='ocrx_word' id='word_1_581' title='bbox 2524 3379 2622 3433; x_wconf 77' lang='lat' dir='ltr'><strong><em>illa</em></strong></span> <span class='ocrx_word' id='word_1_582' title='bbox 2652 3377 2856 3432; x_wconf 89' lang='lat' dir='ltr'><strong><em>medica</em></strong></span> <span class='ocrx_word' id='word_1_583' title='bbox 2875 3393 2978 3431; x_wconf 88' lang='lat' dir='ltr'><strong><em>non</em></strong></span> <span class='ocrx_word' id='word_1_584' title='bbox 3005 3376 3109 3430; x_wconf 90' lang='lat' dir='ltr'><strong><em>nisi</em></strong></span> <span class='ocrx_word' id='word_1_585' title='bbox 3133 3374 3257 3427; x_wconf 89' lang='lat' dir='ltr'><strong><em>nido</em></strong></span> <span class='ocrx_word' id='word_1_586' title='bbox 3285 3369 3530 3430; x_wconf 76' lang='lat' dir='ltr'><strong><em>direptis.</em></strong></span> <span class='ocrx_word' id='word_1_587' title='bbox 3552 3365 3662 3424; x_wconf 68' lang='lat' dir='ltr'><strong><em>One</em></strong></span> 
     </span>
    </p>
   </div>
   <div class='ocr_carea' id='block_1_81' title="bbox 2106 3466 3663 3537">
    <p class='ocr_par' dir='ltr' id='par_1_81' title="bbox 2106 3466 3663 3537">
     <span class='ocr_line' id='line_1_81' title="bbox 2106 3466 3663 3537; baseline -0.009 -15"><span class='ocrx_word' id='word_1_588' title='bbox 2106 3467 2318 3524; x_wconf 90' lang='lat' dir='ltr'><strong><em>Plinius</em></strong></span> <span class='ocrx_word' id='word_1_589' title='bbox 2360 3483 2471 3523; x_wconf 88' lang='lat' dir='ltr'><strong><em>non</em></strong></span> <span class='ocrx_word' id='word_1_590' title='bbox 2525 3468 2660 3523; x_wconf 89' lang='lat' dir='ltr'><strong><em>satis</em></strong></span> <span class='ocrx_word' id='word_1_591' title='bbox 2714 3466 3025 3537; x_wconf 78' lang='lat' dir='ltr'><strong><em>distinguit,</em></strong></span> <span class='ocrx_word' id='word_1_592' title='bbox 3081 3466 3208 3520; x_wconf 90' lang='lat' dir='ltr'><strong><em>dum</em></strong></span> <span class='ocrx_word' id='word_1_593' title='bbox 3264 3471 3513 3533; x_wconf 86' lang='lat' dir='ltr'><strong><em>gagatem</em></strong></span> <span class='ocrx_word' id='word_1_594' title='bbox 3558 3470 3663 3513; x_wconf 85' lang='lat' dir='ltr'><strong><em>cum</em></strong></span> 
     </span>
    </p>
   </div>
   <div class='ocr_carea' id='block_1_82' title="bbox 2109 3553 3660 3629">
    <p class='ocr_par' dir='ltr' id='par_1_82' title="bbox 2109 3553 3660 3629">
     <span class='ocr_line' id='line_1_82' title="bbox 2109 3553 3660 3629; baseline -0.004 -16"><span class='ocrx_word' id='word_1_595' title='bbox 2109 3560 2271 3616; x_wconf 88' lang='lat' dir='ltr'><strong><em>aetite</em></strong></span> <span class='ocrx_word' id='word_1_596' title='bbox 2309 3558 2615 3615; x_wconf 81' lang='lat' dir='ltr'><strong><em>confundit.</em></strong></span> <span class='ocrx_word' id='word_1_597' title='bbox 2646 3558 2886 3615; x_wconf 87' lang='lat' dir='ltr'><strong><em>Consule</em></strong></span> <span class='ocrx_word' id='word_1_598' title='bbox 2932 3560 3108 3629; x_wconf 91' lang='lat' dir='ltr'><strong><em>ipsum</em></strong></span> <span class='ocrx_word' id='word_1_599' title='bbox 3157 3556 3252 3611; x_wconf 91' lang='lat' dir='ltr'><strong><em>lib.</em></strong></span> <span class='ocrx_word' id='word_1_600' title='bbox 3295 3569 3487 3619; x_wconf 76' lang='lat' dir='ltr'><strong><em>xxxvi,</em></strong></span> <span class='ocrx_word' id='word_1_601' title='bbox 3520 3553 3660 3621; x_wconf 76' lang='lat' dir='ltr'><strong><em>capit.</em></strong></span> 
     </span>
    </p>
   </div>
   <div class='ocr_carea' id='block_1_83' title="bbox 2106 3644 3662 3725">
    <p class='ocr_par' dir='ltr' id='par_1_83' title="bbox 2106 3644 3662 3725">
     <span class='ocr_line' id='line_1_83' title="bbox 2106 3644 3662 3725; baseline -0.008 -18"><span class='ocrx_word' id='word_1_602' title='bbox 2106 3653 2171 3707; x_wconf 76' lang='lat'><strong><em>21</em></strong></span> <span class='ocrx_word' id='word_1_603' title='bbox 2208 3661 2263 3709; x_wconf 91' lang='lat' dir='ltr'><strong><em>et</em></strong></span> <span class='ocrx_word' id='word_1_604' title='bbox 2297 3654 2461 3725; x_wconf 88' lang='lat' dir='ltr'><strong><em>capit.</em></strong></span> <span class='ocrx_word' id='word_1_605' title='bbox 2491 3653 2576 3718; x_wconf 87' lang='lat' dir='ltr'><strong><em>l9,</em></strong></span> <span class='ocrx_word' id='word_1_606' title='bbox 2604 3652 2870 3708; x_wconf 87' lang='lat' dir='ltr'><strong><em>Galenum</em></strong></span> <span class='ocrx_word' id='word_1_607' title='bbox 2904 3658 2958 3707; x_wconf 91' lang='lat' dir='ltr'><strong><em>et</em></strong></span> <span class='ocrx_word' id='word_1_608' title='bbox 2997 3648 3394 3705; x_wconf 85' lang='lat' dir='ltr'><strong><em>Dioscoridcm.</em></strong></span> <span class='ocrx_word' id='word_1_609' title='bbox 3428 3644 3662 3717; x_wconf 88' lang='lat' dir='ltr'><strong><em>Lapidem</em></strong></span> 
     </span>
    </p>
   </div>
   <div class='ocr_carea' id='block_1_84' title="bbox 2107 3742 3660 3817">
    <p class='ocr_par' dir='ltr' id='par_1_84' title="bbox 2107 3742 3660 3817">
     <span class='ocr_line' id='line_1_84' title="bbox 2107 3742 3660 3817; baseline -0.003 -17"><span class='ocrx_word' id='word_1_610' title='bbox 2107 3746 2252 3801; x_wconf 87' lang='lat' dir='ltr'><strong><em>hunc</em></strong></span> <span class='ocrx_word' id='word_1_611' title='bbox 2302 3746 2656 3817; x_wconf 84' lang='lat' dir='ltr'><strong><em>Harpocratio</em></strong></span> <span class='ocrx_word' id='word_1_612' title='bbox 2715 3744 3116 3801; x_wconf 78' lang='lat' dir='ltr'><strong><em>Alexandrinus</em></strong></span> <span class='ocrx_word' id='word_1_613' title='bbox 3162 3742 3455 3815; x_wconf 85' lang='lat' dir='ltr'><strong><em>ocytocion</em></strong></span> <span class='ocrx_word' id='word_1_614' title='bbox 3509 3746 3660 3796; x_wconf 75' lang='lat' dir='ltr'><strong><em>vocat.</em></strong></span> 
     </span>
    </p>
   </div>
   <div class='ocr_carea' id='block_1_85' title="bbox 2107 3827 3662 3910">
    <p class='ocr_par' dir='ltr' id='par_1_85' title="bbox 2107 3827 3662 3910">
     <span class='ocr_line' id='line_1_85' title="bbox 2107 3827 3662 3910; baseline -0.009 -17"><span class='ocrx_word' id='word_1_615' title='bbox 2107 3838 2504 3910; x_wconf 79' lang='lat' dir='ltr'><strong><em>distinguitque</em></strong></span> <span class='ocrx_word' id='word_1_616' title='bbox 2558 3839 2626 3894; x_wconf 88' lang='lat' dir='ltr'><strong><em>ab</em></strong></span> <span class='ocrx_word' id='word_1_617' title='bbox 2680 3839 2846 3894; x_wconf 89' lang='lat' dir='ltr'><strong><em>aetite</em></strong></span> <span class='ocrx_word' id='word_1_618' title='bbox 2900 3857 2914 3893; x_wconf 90' lang='lat'><strong>:</strong></span> <span class='ocrx_word' id='word_1_619' title='bbox 2969 3836 3277 3899; x_wconf 81' lang='grc' dir='ltr'><strong><em>Ὠκυτὸκιος</em></strong></span> <span class='ocrx_word' id='word_1_620' title='bbox 3335 3832 3486 3896; x_wconf 82' lang='grc' dir='ltr'>λίθος</span> <span class='ocrx_word' id='word_1_621' title='bbox 3537 3827 3662 3883; x_wconf 72' lang='grc' dir='ltr'>ἐστὶν</span> 
     </span>
    </p>
   </div>
   <div class='ocr_carea' id='block_1_86' title="bbox 2106 3923 3662 4003">
    <p class='ocr_par' dir='ltr' id='par_1_86' title="bbox 2106 3923 3662 4003">
     <span class='ocr_line' id='line_1_86' title="bbox 2106 3923 3662 4003; baseline -0.004 -18"><span class='ocrx_word' id='word_1_622' title='bbox 2106 3932 2299 3995; x_wconf 76' lang='grc' dir='ltr'><strong><em>ἐοικὼς</em></strong></span> <span class='ocrx_word' id='word_1_623' title='bbox 2324 3932 2403 4003; x_wconf 83' lang='grc' dir='ltr'>τῷ</span> <span class='ocrx_word' id='word_1_624' title='bbox 2427 3932 2635 4003; x_wconf 84' lang='grc' dir='ltr'>ἀετίτῃ,</span> <span class='ocrx_word' id='word_1_625' title='bbox 2673 3931 2995 4003; x_wconf 81' lang='grc' dir='ltr'>μικρότερος</span> <span class='ocrx_word' id='word_1_626' title='bbox 3018 3930 3073 3983; x_wconf 79' lang='grc' dir='ltr'>δὲ</span> <span class='ocrx_word' id='word_1_627' title='bbox 3114 3928 3346 3990; x_wconf 76' lang='grc' dir='ltr'>ἐκείνου,</span> <span class='ocrx_word' id='word_1_628' title='bbox 3376 3925 3518 3996; x_wconf 76' lang='grc' dir='ltr'>πλὴν</span> <span class='ocrx_word' id='word_1_629' title='bbox 3540 3923 3662 3989; x_wconf 73' lang='grc' dir='ltr'>ἁπη-</span> 
     </span>
    </p>
   </div>
   <div class='ocr_carea' id='block_1_87' title="bbox 2106 4014 3662 4095">
    <p class='ocr_par' dir='ltr' id='par_1_87' title="bbox 2106 4014 3662 4095">
     <span class='ocr_line' id='line_1_87' title="bbox 2106 4014 3662 4095; baseline -0.004 -18"><span class='ocrx_word' id='word_1_630' title='bbox 2106 4023 2234 4095; x_wconf 86' lang='grc' dir='ltr'>χῶν,</span> <span class='ocrx_word' id='word_1_631' title='bbox 2260 4024 2336 4089; x_wconf 82' lang='grc' dir='ltr'><strong><em>ὡς</em></strong></span> <span class='ocrx_word' id='word_1_632' title='bbox 2368 4025 2596 4089; x_wconf 73' lang='grc' dir='ltr'>ἐκεῖνος,</span> <span class='ocrx_word' id='word_1_633' title='bbox 2631 4026 2689 4077; x_wconf 80' lang='grc' dir='ltr'>ὲν</span> <span class='ocrx_word' id='word_1_634' title='bbox 2720 4024 2798 4095; x_wconf 83' lang='grc' dir='ltr'><strong><em>τῷ</em></strong></span> <span class='ocrx_word' id='word_1_635' title='bbox 2831 4021 3097 4077; x_wconf 82' lang='grc' dir='ltr'>κινεῖσθαι</span> <span class='ocrx_word' id='word_1_636' title='bbox 3131 4021 3281 4094; x_wconf 80' lang='grc' dir='ltr'>παρὰ</span> <span class='ocrx_word' id='word_1_637' title='bbox 3302 4020 3364 4074; x_wconf 83' lang='grc' dir='ltr'>τὸ</span> <span class='ocrx_word' id='word_1_638' title='bbox 3388 4014 3507 4083; x_wconf 77' lang='grc' dir='ltr'>οὖς.</span> <span class='ocrx_word' id='word_1_639' title='bbox 3531 4015 3662 4069; x_wconf 78' lang='grc' dir='ltr'>Ἔστι</span> 
     </span>
    </p>
   </div>
   <div class='ocr_carea' id='block_1_88' title="bbox 2104 4114 2711 4189">
    <p class='ocr_par' dir='ltr' id='par_1_88' title="bbox 2104 4114 2711 4189">
     <span class='ocr_line' id='line_1_88' title="bbox 2104 4114 2711 4189; baseline 0.002 -21"><span class='ocrx_word' id='word_1_640' title='bbox 2104 4114 2162 4168; x_wconf 84' lang='grc' dir='ltr'>δὲ</span> <span class='ocrx_word' id='word_1_641' title='bbox 2193 4115 2286 4169; x_wconf 77' lang='grc' dir='ltr'><strong><em>καὶ</em></strong></span> <span class='ocrx_word' id='word_1_642' title='bbox 2323 4115 2465 4180; x_wconf 84' lang='grc' dir='ltr'>λεῖος</span> <span class='ocrx_word' id='word_1_643' title='bbox 2490 4119 2558 4189; x_wconf 81' lang='grc' dir='ltr'>τῇ</span> <span class='ocrx_word' id='word_1_644' title='bbox 2590 4115 2711 4188; x_wconf 80' lang='grc' dir='ltr'>θέᾳ.</span> 
     </span>
    </p>
   </div>
   <div class='ocr_carea' id='block_1_89' title="bbox 2173 4225 3659 4294">
    <p class='ocr_par' dir='ltr' id='par_1_89' title="bbox 2173 4225 3659 4294">
     <span class='ocr_line' id='line_1_89' title="bbox 2173 4225 3659 4294; baseline -0.006 -8"><span class='ocrx_word' id='word_1_645' title='bbox 2173 4232 2334 4294; x_wconf 88' lang='lat' dir='ltr'><strong><em>lbid.,</em></strong></span> <span class='ocrx_word' id='word_1_646' title='bbox 2361 4231 2456 4286; x_wconf 87' lang='lat' dir='ltr'><strong><em>lib.</em></strong></span> <span class='ocrx_word' id='word_1_647' title='bbox 2492 4232 2581 4288; x_wconf 73' lang='lat'><strong><em>55.</em></strong></span> <span class='ocrx_word' id='word_1_648' title='bbox 2606 4231 2713 4286; x_wconf 85' lang='lat' dir='ltr'><strong><em>Kal</em></strong></span> <span class='ocrx_word' id='word_1_649' title='bbox 2737 4232 3057 4287; x_wconf 76' lang='grc' dir='ltr'>ἀποτίκτει.</span> <span class='ocrx_word' id='word_1_650' title='bbox 3085 4228 3316 4291; x_wconf 87' lang='lat' dir='ltr'><strong><em>Plinius,</em></strong></span> <span class='ocrx_word' id='word_1_651' title='bbox 3346 4225 3448 4282; x_wconf 83' lang='lat' dir='ltr'><strong><em>lib.</em></strong></span> <span class='ocrx_word' id='word_1_652' title='bbox 3480 4240 3535 4290; x_wconf 70' lang='grc' dir='ltr'>Χ,</span> <span class='ocrx_word' id='word_1_653' title='bbox 3558 4236 3659 4291; x_wconf 82' lang='lat' dir='ltr'><strong><em>cap.</em></strong></span> 
     </span>
    </p>
   </div>
   <div class='ocr_carea' id='block_1_90' title="bbox 2105 4316 3661 4396">
    <p class='ocr_par' dir='ltr' id='par_1_90' title="bbox 2105 4316 3661 4396">
     <span class='ocr_line' id='line_1_90' title="bbox 2105 4316 3661 4396; baseline -0.008 -17"><span class='ocrx_word' id='word_1_654' title='bbox 2105 4323 2139 4379; x_wconf 88' lang='lat'><strong>6</strong></span> <span class='ocrx_word' id='word_1_655' title='bbox 2182 4344 2194 4378; x_wconf 91' lang='lat'>:</span> <span class='ocrx_word' id='word_1_656' title='bbox 2257 4324 2420 4379; x_wconf 84' lang='lat' dir='ltr'><strong><em>Fetus</em></strong></span> <span class='ocrx_word' id='word_1_657' title='bbox 2468 4323 2676 4396; x_wconf 88' lang='lat' dir='ltr'><strong><em>quidem</em></strong></span> <span class='ocrx_word' id='word_1_658' title='bbox 2723 4333 3008 4379; x_wconf 88' lang='lat' dir='ltr'><strong><em>cernuntur</em></strong></span> <span class='ocrx_word' id='word_1_659' title='bbox 3062 4323 3170 4392; x_wconf 76' lang='lat' dir='ltr'><strong><em>fere</em></strong></span> <span class='ocrx_word' id='word_1_660' title='bbox 3218 4320 3345 4374; x_wconf 92' lang='lat' dir='ltr'><strong><em>bini.</em></strong></span> <span class='ocrx_word' id='word_1_661' title='bbox 3382 4316 3661 4373; x_wconf 77' lang='lat' dir='ltr'><strong><em>Umbricius</em></strong></span> 
     </span>
    </p>
   </div>
   <div class='ocr_carea' id='block_1_91' title="bbox 421 4404 3663 4501">
    <p class='ocr_par' dir='ltr' id='par_1_91' title="bbox 421 4404 3663 4501">
     <span class='ocr_line' id='line_1_91' title="bbox 421 4404 3663 4501; baseline -0.003 -36"><span class='ocrx_word' id='word_1_662' title='bbox 421 4411 708 4481; x_wconf 86' lang='lat' dir='ltr'><strong><em>concipere.</em></strong></span> <span class='ocrx_word' id='word_1_663' title='bbox 742 4408 1028 4476; x_wconf 85' lang='lat' dir='ltr'><strong><em>Quomodo</em></strong></span> <span class='ocrx_word' id='word_1_664' title='bbox 1079 4418 1262 4466; x_wconf 90' lang='lat' dir='ltr'><strong><em>autem</em></strong></span> <span class='ocrx_word' id='word_1_665' title='bbox 1307 4411 1361 4465; x_wconf 94' lang='lat' dir='ltr'><strong><em>id</em></strong></span> <span class='ocrx_word' id='word_1_666' title='bbox 1402 4412 1495 4467; x_wconf 84' lang='lat' dir='ltr'><strong><em>[iat</em></strong></span> <span class='ocrx_word' id='word_1_667' title='bbox 1523 4414 1774 4483; x_wconf 87' lang='lat' dir='ltr'><strong><em>pluribus</em></strong></span> <span class='ocrx_word' id='word_1_668' title='bbox 1814 4425 2003 4470; x_wconf 84' lang='lat' dir='ltr'><strong><em>narrat</em></strong></span> <span class='ocrx_word' id='word_1_669' title='bbox 2033 4445 2078 4501; x_wconf 73' lang='grc' dir='ltr'><strong><em>Ι)</em></strong></span> <span class='ocrx_word' id='word_1_670' title='bbox 2106 4415 2411 4484; x_wconf 84' lang='lat' dir='ltr'><strong><em>aruspicum</em></strong></span> <span class='ocrx_word' id='word_1_671' title='bbox 2461 4415 2517 4468; x_wconf 90' lang='lat' dir='ltr'><strong><em>in</em></strong></span> <span class='ocrx_word' id='word_1_672' title='bbox 2563 4423 2744 4468; x_wconf 87' lang='lat' dir='ltr'><strong><em>nostra</em></strong></span> <span class='ocrx_word' id='word_1_673' title='bbox 2777 4430 2886 4468; x_wconf 71' lang='lat' dir='ltr'><strong><em>cura</em></strong></span> <span class='ocrx_word' id='word_1_674' title='bbox 2926 4412 3277 4482; x_wconf 87' lang='lat' dir='ltr'><strong><em>peritissimus</em></strong></span> <span class='ocrx_word' id='word_1_675' title='bbox 3305 4425 3497 4480; x_wconf 88' lang='lat' dir='ltr'><strong><em>parere</em></strong></span> <span class='ocrx_word' id='word_1_676' title='bbox 3523 4404 3663 4459; x_wconf 86' lang='lat' dir='ltr'><strong><em>tradit</em></strong></span> 
     </span>
    </p>
   </div>
   <div class='ocr_carea' id='block_1_92' title="bbox 421 4499 2002 4571">
    <p class='ocr_par' dir='ltr' id='par_1_92' title="bbox 421 4499 2002 4571">
     <span class='ocr_line' id='line_1_92' title="bbox 421 4499 2002 4571; baseline 0.003 -15"><span class='ocrx_word' id='word_1_677' title='bbox 421 4499 604 4557; x_wconf 76' lang='lat' dir='ltr'><strong><em>Herus</em></strong></span> <span class='ocrx_word' id='word_1_678' title='bbox 659 4500 755 4556; x_wconf 87' lang='lat' dir='ltr'><strong><em>lib.</em></strong></span> <span class='ocrx_word' id='word_1_679' title='bbox 804 4517 844 4566; x_wconf 90' lang='grc' dir='ltr'><strong><em>ι,</em></strong></span> <span class='ocrx_word' id='word_1_680' title='bbox 905 4515 1029 4571; x_wconf 90' lang='lat' dir='ltr'><strong><em>cap.</em></strong></span> <span class='ocrx_word' id='word_1_681' title='bbox 1085 4500 1184 4567; x_wconf 80' lang='lat' dir='ltr'><strong><em>ll;</em></strong></span> <span class='ocrx_word' id='word_1_682' title='bbox 1230 4499 1580 4567; x_wconf 86' lang='lat' dir='ltr'><strong><em>Plutarchus,</em></strong></span> <span class='ocrx_word' id='word_1_683' title='bbox 1633 4502 2002 4561; x_wconf 83' lang='lat' dir='ltr'><strong><em>Romanarum</em></strong></span> 
     </span>
    </p>
   </div>
   <div class='ocr_carea' id='block_1_93' title="bbox 420 4594 2006 4666">
    <p class='ocr_par' dir='ltr' id='par_1_93' title="bbox 420 4594 2006 4666">
     <span class='ocr_line' id='line_1_93' title="bbox 420 4594 2006 4666; baseline 0.003 -17"><span class='ocrx_word' id='word_1_684' title='bbox 420 4596 709 4666; x_wconf 56' lang='lat' dir='ltr'><strong><em>quaestion.</em></strong></span> <span class='ocrx_word' id='word_1_685' title='bbox 742 4594 811 4651; x_wconf 80' lang='lat'><strong><em>9&#39;5</em></strong></span> <span class='ocrx_word' id='word_1_686' title='bbox 841 4613 855 4649; x_wconf 92' lang='lat'><strong>:</strong></span> <span class='ocrx_word' id='word_1_687' title='bbox 890 4594 1034 4666; x_wconf 82' lang='grc' dir='ltr'><strong><em>Θῆλυ</em></strong></span> <span class='ocrx_word' id='word_1_688' title='bbox 1071 4594 1176 4649; x_wconf 84' lang='grc' dir='ltr'><strong><em>πᾶν</em></strong></span> <span class='ocrx_word' id='word_1_689' title='bbox 1207 4595 1269 4648; x_wconf 88' lang='grc' dir='ltr'>τὸ</span> <span class='ocrx_word' id='word_1_690' title='bbox 1296 4597 1451 4665; x_wconf 83' lang='grc' dir='ltr'>γένος</span> <span class='ocrx_word' id='word_1_691' title='bbox 1490 4598 1608 4651; x_wconf 78' lang='grc' dir='ltr'>ἐστὶ</span> <span class='ocrx_word' id='word_1_692' title='bbox 1630 4600 1723 4652; x_wconf 81' lang='grc' dir='ltr'><strong><em>καὶ</em></strong></span> <span class='ocrx_word' id='word_1_693' title='bbox 1755 4600 2006 4654; x_wconf 77' lang='grc' dir='ltr'>κυΐσκον-</span> 
     </span>
    </p>
   </div>
   <div class='ocr_carea' id='block_1_94' title="bbox 420 4684 2004 4762">
    <p class='ocr_par' dir='ltr' id='par_1_94' title="bbox 420 4684 2004 4762">
     <span class='ocr_line' id='line_1_94' title="bbox 420 4684 2004 4762; baseline 0.002 -21"><span class='ocrx_word' id='word_1_694' title='bbox 420 4703 510 4741; x_wconf 87' lang='grc' dir='ltr'><strong><em>ται</em></strong></span> <span class='ocrx_word' id='word_1_695' title='bbox 537 4688 820 4758; x_wconf 85' lang='grc' dir='ltr'>δεχόμεναι</span> <span class='ocrx_word' id='word_1_696' title='bbox 853 4686 944 4740; x_wconf 84' lang='grc' dir='ltr'>τὸν</span> <span class='ocrx_word' id='word_1_697' title='bbox 984 4684 1321 4759; x_wconf 82' lang='grc' dir='ltr'><strong><em>ἀπηλιώτην,</em></strong></span> <span class='ocrx_word' id='word_1_698' title='bbox 1356 4686 1544 4761; x_wconf 82' lang='grc' dir='ltr'>ὥσπερ</span> <span class='ocrx_word' id='word_1_699' title='bbox 1577 4688 1646 4743; x_wconf 82' lang='grc' dir='ltr'>τὰ</span> <span class='ocrx_word' id='word_1_700' title='bbox 1686 4689 1876 4762; x_wconf 78' lang='grc' dir='ltr'>δένδρα</span> <span class='ocrx_word' id='word_1_701' title='bbox 1914 4689 2004 4745; x_wconf 82' lang='grc' dir='ltr'>τὸν</span> 
     </span>
    </p>
   </div>
   <div class='ocr_carea' id='block_1_95' title="bbox 421 4778 2007 4854">
    <p class='ocr_par' dir='ltr' id='par_1_95' title="bbox 421 4778 2007 4854">
     <span class='ocr_line' id='line_1_95' title="bbox 421 4778 2007 4854; baseline 0.004 -23"><span class='ocrx_word' id='word_1_702' title='bbox 421 4778 677 4852; x_wconf 80' lang='grc' dir='ltr'><strong><em>ζέφυρον.</em></strong></span> <span class='ocrx_word' id='word_1_703' title='bbox 711 4778 984 4843; x_wconf 69' lang='grc' dir='ltr'>ιλΕιίαιιυε,</span> <span class='ocrx_word' id='word_1_704' title='bbox 1021 4779 1116 4835; x_wconf 92' lang='lat' dir='ltr'><strong><em>lib.</em></strong></span> <span class='ocrx_word' id='word_1_705' title='bbox 1147 4795 1203 4842; x_wconf 89' lang='lat' dir='ltr'><strong><em>ll,</em></strong></span> <span class='ocrx_word' id='word_1_706' title='bbox 1232 4796 1354 4851; x_wconf 85' lang='lat' dir='ltr'><strong><em>cap.</em></strong></span> <span class='ocrx_word' id='word_1_707' title='bbox 1383 4779 1492 4835; x_wconf 71' lang='lat'><strong><em>46:</em></strong></span> <span class='ocrx_word' id='word_1_708' title='bbox 1524 4780 1678 4835; x_wconf 84' lang='grc' dir='ltr'><strong><em>Γῦπα</em></strong></span> <span class='ocrx_word' id='word_1_709' title='bbox 1712 4781 1768 4836; x_wconf 80' lang='grc' dir='ltr'>δὲ</span> <span class='ocrx_word' id='word_1_710' title='bbox 1801 4781 2007 4854; x_wconf 72' lang='grc' dir='ltr'>ἄρρενα</span> 
     </span>
    </p>
   </div>
   <div class='ocr_carea' id='block_1_96' title="bbox 420 4868 2006 4946">
    <p class='ocr_par' dir='ltr' id='par_1_96' title="bbox 420 4868 2006 4946">
     <span class='ocr_line' id='line_1_96' title="bbox 420 4868 2006 4946; baseline 0.001 -23"><span class='ocrx_word' id='word_1_711' title='bbox 420 4871 482 4923; x_wconf 84' lang='grc' dir='ltr'>οὑ</span> <span class='ocrx_word' id='word_1_712' title='bbox 512 4872 645 4939; x_wconf 79' lang='grc' dir='ltr'>φασὶ</span> <span class='ocrx_word' id='word_1_713' title='bbox 668 4869 921 4940; x_wconf 80' lang='grc' dir='ltr'>γενέσθαι</span> <span class='ocrx_word' id='word_1_714' title='bbox 962 4870 1113 4935; x_wconf 84' lang='grc' dir='ltr'>ποτὲ,</span> <span class='ocrx_word' id='word_1_715' title='bbox 1142 4868 1277 4923; x_wconf 74' lang='grc' dir='ltr'>ἀλλὰ</span> <span class='ocrx_word' id='word_1_716' title='bbox 1303 4869 1524 4942; x_wconf 84' lang='grc' dir='ltr'><strong><em>θηλείας</em></strong></span> <span class='ocrx_word' id='word_1_717' title='bbox 1560 4873 1796 4935; x_wconf 84' lang='grc' dir='ltr'><strong><em>ἁπάσας.</em></strong></span> <span class='ocrx_word' id='word_1_718' title='bbox 1827 4873 2006 4946; x_wconf 81' lang='grc' dir='ltr'>Ὅπερ</span> 
     </span>
    </p>
   </div>
   <div class='ocr_carea' id='block_1_97' title="bbox 423 4965 2006 5039">
    <p class='ocr_par' dir='ltr' id='par_1_97' title="bbox 423 4965 2006 5039">
     <span class='ocr_line' id='line_1_97' title="bbox 423 4965 2006 5039; baseline 0.001 -21"><span class='ocrx_word' id='word_1_719' title='bbox 423 4966 763 5037; x_wconf 84' lang='grc' dir='ltr'>ὲπιστάμενα</span> <span class='ocrx_word' id='word_1_720' title='bbox 790 4966 860 5019; x_wconf 84' lang='grc' dir='ltr'>τὰ</span> <span class='ocrx_word' id='word_1_721' title='bbox 889 4965 1024 5031; x_wconf 79' lang='grc' dir='ltr'>ζῶα,</span> <span class='ocrx_word' id='word_1_722' title='bbox 1049 4967 1144 5019; x_wconf 78' lang='grc' dir='ltr'><strong><em>καὶ</em></strong></span> <span class='ocrx_word' id='word_1_723' title='bbox 1170 4966 1406 5039; x_wconf 78' lang='grc' dir='ltr'>ἐρημίαν</span> <span class='ocrx_word' id='word_1_724' title='bbox 1433 4965 1641 5019; x_wconf 82' lang='grc' dir='ltr'>τέκνων</span> <span class='ocrx_word' id='word_1_725' title='bbox 1667 4966 1898 5032; x_wconf 85' lang='grc' dir='ltr'>δεδιότα,</span> <span class='ocrx_word' id='word_1_726' title='bbox 1927 4969 2006 5031; x_wconf 84' lang='grc' dir='ltr'>είς</span> 
     </span>
    </p>
   </div>
   <div class='ocr_carea' id='block_1_98' title="bbox 424 5058 2006 5132">
    <p class='ocr_par' dir='ltr' id='par_1_98' title="bbox 424 5058 2006 5132">
     <span class='ocr_line' id='line_1_98' title="bbox 424 5058 2006 5132; baseline -0.002 -19"><span class='ocrx_word' id='word_1_727' title='bbox 424 5058 680 5128; x_wconf 83' lang='grc' dir='ltr'>ἐπιγονὴν</span> <span class='ocrx_word' id='word_1_728' title='bbox 705 5058 909 5112; x_wconf 83' lang='grc' dir='ltr'>τέκνων</span> <span class='ocrx_word' id='word_1_729' title='bbox 949 5058 1174 5114; x_wconf 83' lang='grc' dir='ltr'>τοιαῦτα</span> <span class='ocrx_word' id='word_1_730' title='bbox 1223 5061 1344 5132; x_wconf 87' lang='grc' dir='ltr'>δρᾷ.</span> <span class='ocrx_word' id='word_1_731' title='bbox 1387 5060 1740 5131; x_wconf 82' lang='grc' dir='ltr'>Ἀντίπρωροι</span> <span class='ocrx_word' id='word_1_732' title='bbox 1767 5058 1845 5129; x_wconf 83' lang='grc' dir='ltr'>τῷ</span> <span class='ocrx_word' id='word_1_733' title='bbox 1870 5059 2006 5129; x_wconf 83' lang='grc' dir='ltr'>νότῳ</span> 
     </span>
    </p>
   </div>
   <div class='ocr_carea' id='block_1_99' title="bbox 422 5134 2004 5224">
    <p class='ocr_par' dir='ltr' id='par_1_99' title="bbox 422 5134 2004 5224">
     <span class='ocr_line' id='line_1_99' title="bbox 422 5134 2004 5224; baseline -0.001 -17"><span class='ocrx_word' id='word_1_734' title='bbox 422 5152 705 5217; x_wconf 76' lang='grc' dir='ltr'>πέτονται,</span> <span class='ocrx_word' id='word_1_735' title='bbox 754 5153 803 5205; x_wconf 83' lang='grc' dir='ltr'><strong><em>εί</em></strong></span> <span class='ocrx_word' id='word_1_736' title='bbox 847 5151 905 5205; x_wconf 82' lang='grc' dir='ltr'>δὲ</span> <span class='ocrx_word' id='word_1_737' title='bbox 948 5151 1021 5224; x_wconf 85' lang='grc' dir='ltr'>μὴ</span> <span class='ocrx_word' id='word_1_738' title='bbox 1059 5153 1142 5224; x_wconf 75' lang='grc' dir='ltr'>εἴη</span> <span class='ocrx_word' id='word_1_739' title='bbox 1176 5134 1460 5222; x_wconf 53' lang='grc' dir='ltr'>νότοςξτῷ</span> <span class='ocrx_word' id='word_1_740' title='bbox 1509 5151 1653 5223; x_wconf 75' lang='grc' dir='ltr'>εὔρῳ</span> <span class='ocrx_word' id='word_1_741' title='bbox 1712 5153 2004 5222; x_wconf 78' lang='grc' dir='ltr'>κεχήνασι,</span> 
     </span>
    </p>
   </div>
   <div class='ocr_carea' id='block_1_100' title="bbox 420 5241 2005 5317">
    <p class='ocr_par' dir='ltr' id='par_1_100' title="bbox 420 5241 2005 5317">
     <span class='ocr_line' id='line_1_100' title="bbox 420 5241 2005 5317; baseline -0.003 -18"><span class='ocrx_word' id='word_1_742' title='bbox 420 5247 516 5299; x_wconf 73' lang='grc' dir='ltr'><strong><em>καὶ</em></strong></span> <span class='ocrx_word' id='word_1_743' title='bbox 554 5244 617 5298; x_wconf 83' lang='grc' dir='ltr'>τὸ</span> <span class='ocrx_word' id='word_1_744' title='bbox 669 5243 886 5314; x_wconf 80' lang='grc' dir='ltr'>πνεῦμα</span> <span class='ocrx_word' id='word_1_745' title='bbox 934 5244 1143 5316; x_wconf 80' lang='grc' dir='ltr'>εἰσρέον</span> <span class='ocrx_word' id='word_1_746' title='bbox 1184 5242 1383 5317; x_wconf 81' lang='grc' dir='ltr'>πληροῖ</span> <span class='ocrx_word' id='word_1_747' title='bbox 1419 5241 1622 5306; x_wconf 77' lang='grc' dir='ltr'>αὐτὰς,</span> <span class='ocrx_word' id='word_1_748' title='bbox 1678 5243 1772 5296; x_wconf 78' lang='grc' dir='ltr'><strong><em>καὶ</em></strong></span> <span class='ocrx_word' id='word_1_749' title='bbox 1816 5243 2005 5296; x_wconf 83' lang='grc' dir='ltr'>κύουσι</span> 
     </span>
    </p>
   </div>
   <div class='ocr_carea' id='block_1_101' title="bbox 420 5334 2002 5409">
    <p class='ocr_par' dir='ltr' id='par_1_101' title="bbox 420 5334 2002 5409">
     <span class='ocr_line' id='line_1_101' title="bbox 420 5334 2002 5409; baseline 0 -19"><span class='ocrx_word' id='word_1_750' title='bbox 420 5337 586 5409; x_wconf 81' lang='grc' dir='ltr'>τριῶν</span> <span class='ocrx_word' id='word_1_751' title='bbox 619 5336 775 5391; x_wconf 82' lang='grc' dir='ltr'>ἐτῶν.</span> <span class='ocrx_word' id='word_1_752' title='bbox 812 5336 945 5402; x_wconf 69' lang='lat' dir='ltr'><strong><em>Qua:</em></strong></span> <span class='ocrx_word' id='word_1_753' title='bbox 972 5337 1214 5392; x_wconf 89' lang='lat' dir='ltr'><strong><em>carmine</em></strong></span> <span class='ocrx_word' id='word_1_754' title='bbox 1245 5335 1479 5392; x_wconf 85' lang='lat' dir='ltr'><strong><em>reddidit</em></strong></span> <span class='ocrx_word' id='word_1_755' title='bbox 1510 5336 1563 5390; x_wconf 91' lang='lat' dir='ltr'><strong><em>in</em></strong></span> <span class='ocrx_word' id='word_1_756' title='bbox 1600 5334 1804 5391; x_wconf 82' lang='lat' dir='ltr'><strong><em>lambis</em></strong></span> <span class='ocrx_word' id='word_1_757' title='bbox 1831 5336 2002 5391; x_wconf 89' lang='lat' dir='ltr'><strong><em>Phile.</em></strong></span> 
     </span>
    </p>
   </div>
   <div class='ocr_carea' id='block_1_102' title="bbox 422 5430 2002 5503">
    <p class='ocr_par' dir='ltr' id='par_1_102' title="bbox 422 5430 2002 5503">
     <span class='ocr_line' id='line_1_102' title="bbox 422 5430 2002 5503; baseline 0 -18"><span class='ocrx_word' id='word_1_758' title='bbox 422 5431 698 5486; x_wconf 76' lang='lat' dir='ltr'><strong><em>Adrianus</em></strong></span> <span class='ocrx_word' id='word_1_759' title='bbox 745 5430 1067 5497; x_wconf 91' lang='lat' dir='ltr'><strong><em>Turnebus,</em></strong></span> <span class='ocrx_word' id='word_1_760' title='bbox 1121 5431 1216 5486; x_wconf 91' lang='lat' dir='ltr'><strong><em>lib.</em></strong></span> <span class='ocrx_word' id='word_1_761' title='bbox 1251 5446 1377 5486; x_wconf 78' lang='lat' dir='ltr'><strong><em>xxvr</em></strong></span> <span class='ocrx_word' id='word_1_762' title='bbox 1403 5471 1416 5495; x_wconf 92' lang='lat'><strong><em>,</em></strong></span> <span class='ocrx_word' id='word_1_763' title='bbox 1466 5431 1634 5500; x_wconf 84' lang='lat' dir='ltr'><strong><em>capit.</em></strong></span> <span class='ocrx_word' id='word_1_764' title='bbox 1675 5430 1710 5483; x_wconf 71' lang='grc'>2</span> <span class='ocrx_word' id='word_1_765' title='bbox 1736 5471 1750 5496; x_wconf 90' lang='grc'><strong><em>,</em></strong></span> <span class='ocrx_word' id='word_1_766' title='bbox 1807 5440 1860 5486; x_wconf 87' lang='lat' dir='ltr'><strong><em>et</em></strong></span> <span class='ocrx_word' id='word_1_767' title='bbox 1896 5432 2002 5503; x_wconf 33' lang='lat' dir='ltr'><strong><em>‘lib.</em></strong></span> 
     </span>
    </p>
   </div>
   <div class='ocr_carea' id='block_1_103' title="bbox 422 5521 2006 5591">
    <p class='ocr_par' dir='ltr' id='par_1_103' title="bbox 422 5521 2006 5591">
     <span class='ocr_line' id='line_1_103' title="bbox 422 5521 2006 5591; baseline 0.003 -14"><span class='ocrx_word' id='word_1_768' title='bbox 422 5538 582 5586; x_wconf 67' lang='grc' dir='ltr'>χχιιι,</span> <span class='ocrx_word' id='word_1_769' title='bbox 612 5522 776 5591; x_wconf 89' lang='lat' dir='ltr'><strong><em>capit.</em></strong></span> <span class='ocrx_word' id='word_1_770' title='bbox 833 5523 886 5587; x_wconf 77' lang='lat'><strong><em>5,</em></strong></span> <span class='ocrx_word' id='word_1_771' title='bbox 938 5531 992 5578; x_wconf 93' lang='lat' dir='ltr'><strong><em>et</em></strong></span> <span class='ocrx_word' id='word_1_772' title='bbox 1039 5521 1417 5591; x_wconf 90' lang='lat' dir='ltr'><strong><em>Dalecampius</em></strong></span> <span class='ocrx_word' id='word_1_773' title='bbox 1474 5524 1723 5578; x_wconf 88' lang='lat' dir='ltr'><strong><em>scribunt</em></strong></span> <span class='ocrx_word' id='word_1_774' title='bbox 1763 5525 2006 5581; x_wconf 82' lang='lat' dir='ltr'><strong><em>vultures</em></strong></span> 
     </span>
    </p>
   </div>
   <div class='ocr_carea' id='block_1_104' title="bbox 423 5613 2005 5686">
    <p class='ocr_par' dir='ltr' id='par_1_104' title="bbox 423 5613 2005 5686">
     <span class='ocr_line' id='line_1_104' title="bbox 423 5613 2005 5686; baseline 0.003 -20"><span class='ocrx_word' id='word_1_775' title='bbox 423 5628 651 5684; x_wconf 80' lang='lat' dir='ltr'><strong><em>magnas</em></strong></span> <span class='ocrx_word' id='word_1_776' title='bbox 683 5628 811 5669; x_wconf 85' lang='lat' dir='ltr'><strong><em>aves</em></strong></span> <span class='ocrx_word' id='word_1_777' title='bbox 851 5629 882 5668; x_wconf 88' lang='lat' dir='ltr'><strong>a</strong></span> <span class='ocrx_word' id='word_1_778' title='bbox 930 5614 1124 5670; x_wconf 87' lang='lat' dir='ltr'><strong><em>Plauto</em></strong></span> <span class='ocrx_word' id='word_1_779' title='bbox 1164 5615 1217 5670; x_wconf 81' lang='lat' dir='ltr'><strong><em>in</em></strong></span> <span class='ocrx_word' id='word_1_780' title='bbox 1259 5613 1493 5669; x_wconf 84' lang='lat' dir='ltr'><strong><em>Rudente</em></strong></span> <span class='ocrx_word' id='word_1_781' title='bbox 1550 5625 1893 5686; x_wconf 83' lang='lat' dir='ltr'><strong><em>nuncupatas</em></strong></span> <span class='ocrx_word' id='word_1_782' title='bbox 1949 5615 2005 5670; x_wconf 90' lang='lat' dir='ltr'><strong><em>in</em></strong></span> 
     </span>
    </p>
   </div>
   <div class='ocr_carea' id='block_1_105' title="bbox 425 5705 870 5761">
    <p class='ocr_par' dir='ltr' id='par_1_105' title="bbox 425 5705 870 5761">
     <span class='ocr_line' id='line_1_105' title="bbox 425 5705 870 5761; baseline 0.007 -3"><span class='ocrx_word' id='word_1_783' title='bbox 425 5705 534 5761; x_wconf 90' lang='lat' dir='ltr'><strong><em>illis</em></strong></span> <span class='ocrx_word' id='word_1_784' title='bbox 572 5705 824 5761; x_wconf 82' lang='lat' dir='ltr'><strong><em>versibus</em></strong></span> <span class='ocrx_word' id='word_1_785' title='bbox 857 5726 870 5761; x_wconf 91' lang='lat'><strong>:</strong></span> 
     </span>
    </p>
   </div>
   <div class='ocr_carea' id='block_1_106' title="bbox 2106 4502 3659 4576">
    <p class='ocr_par' dir='ltr' id='par_1_106' title="bbox 2106 4502 3659 4576">
     <span class='ocr_line' id='line_1_106' title="bbox 2106 4502 3659 4576; baseline -0.007 -15"><span class='ocrx_word' id='word_1_786' title='bbox 2106 4522 2202 4561; x_wconf 84' lang='lat' dir='ltr'><strong><em>ova</em></strong></span> <span class='ocrx_word' id='word_1_787' title='bbox 2223 4507 2329 4560; x_wconf 89' lang='lat' dir='ltr'><strong><em>tria</em></strong></span> <span class='ocrx_word' id='word_1_788' title='bbox 2356 4522 2374 4560; x_wconf 91' lang='lat'><em>:</em></span> <span class='ocrx_word' id='word_1_789' title='bbox 2402 4522 2506 4561; x_wconf 88' lang='lat' dir='ltr'><strong><em>uno</em></strong></span> <span class='ocrx_word' id='word_1_790' title='bbox 2535 4522 2599 4560; x_wconf 81' lang='lat' dir='ltr'><strong><em>ea:</em></strong></span> <span class='ocrx_word' id='word_1_791' title='bbox 2641 4507 2708 4561; x_wconf 92' lang='lat' dir='ltr'><strong><em>iis</em></strong></span> <span class='ocrx_word' id='word_1_792' title='bbox 2756 4506 2958 4576; x_wconf 87' lang='lat' dir='ltr'><strong><em>reliqua</em></strong></span> <span class='ocrx_word' id='word_1_793' title='bbox 2997 4522 3093 4560; x_wconf 84' lang='lat' dir='ltr'><strong><em>ova</em></strong></span> <span class='ocrx_word' id='word_1_794' title='bbox 3122 4503 3406 4573; x_wconf 86' lang='lat' dir='ltr'><strong><em>nidumque</em></strong></span> <span class='ocrx_word' id='word_1_795' title='bbox 3438 4502 3659 4559; x_wconf 84' lang='lat' dir='ltr'><strong><em>lustrare,</em></strong></span> 
     </span>
    </p>
   </div>
   <div class='ocr_carea' id='block_1_107' title="bbox 2105 4592 3658 4669">
    <p class='ocr_par' dir='ltr' id='par_1_107' title="bbox 2105 4592 3658 4669">
     <span class='ocr_line' id='line_1_107' title="bbox 2105 4592 3658 4669; baseline -0.001 -16"><span class='ocrx_word' id='word_1_796' title='bbox 2105 4614 2229 4653; x_wconf 64' lang='lat' dir='ltr'><strong><em>mox</em></strong></span> <span class='ocrx_word' id='word_1_797' title='bbox 2258 4599 2508 4669; x_wconf 87' lang='lat' dir='ltr'><strong><em>abjicere.</em></strong></span> <span class='ocrx_word' id='word_1_798' title='bbox 2551 4596 2699 4655; x_wconf 82' lang='lat' dir='ltr'><strong><em>Idem</em></strong></span> <span class='ocrx_word' id='word_1_799' title='bbox 2745 4599 2908 4655; x_wconf 87' lang='lat' dir='ltr'><strong><em>habet</em></strong></span> <span class='ocrx_word' id='word_1_800' title='bbox 2958 4598 3187 4654; x_wconf 87' lang='lat' dir='ltr'><strong><em>Aristot.</em></strong></span> <span class='ocrx_word' id='word_1_801' title='bbox 3228 4595 3305 4650; x_wconf 86' lang='lat' dir='ltr'><strong><em>De</em></strong></span> <span class='ocrx_word' id='word_1_802' title='bbox 3340 4595 3472 4651; x_wconf 83' lang='lat' dir='ltr'><strong><em>hist.</em></strong></span> <span class='ocrx_word' id='word_1_803' title='bbox 3498 4592 3658 4651; x_wconf 64' lang='lat' dir='ltr'><strong><em>anim.</em></strong></span> 
     </span>
    </p>
   </div>
   <div class='ocr_carea' id='block_1_108' title="bbox 2106 4686 3659 4762">
    <p class='ocr_par' dir='ltr' id='par_1_108' title="bbox 2106 4686 3659 4762">
     <span class='ocr_line' id='line_1_108' title="bbox 2106 4686 3659 4762; baseline -0.006 -15"><span class='ocrx_word' id='word_1_804' title='bbox 2106 4708 2226 4762; x_wconf 88' lang='lat' dir='ltr'><strong><em>cap.</em></strong></span> <span class='ocrx_word' id='word_1_805' title='bbox 2265 4691 2318 4747; x_wconf 87' lang='lat'><strong><em>6.</em></strong></span> <span class='ocrx_word' id='word_1_806' title='bbox 2354 4689 2582 4756; x_wconf 84' lang='lat' dir='ltr'><strong><em>Tamen,</em></strong></span> <span class='ocrx_word' id='word_1_807' title='bbox 2614 4693 2710 4747; x_wconf 92' lang='lat' dir='ltr'><strong><em>lib.</em></strong></span> <span class='ocrx_word' id='word_1_808' title='bbox 2764 4708 2836 4757; x_wconf 80' lang='lat' dir='ltr'><strong><em>Ix,</em></strong></span> <span class='ocrx_word' id='word_1_809' title='bbox 2868 4707 2991 4761; x_wconf 89' lang='lat' dir='ltr'><strong><em>cap.</em></strong></span> <span class='ocrx_word' id='word_1_810' title='bbox 3028 4690 3117 4756; x_wconf 78' lang='lat' dir='ltr'><strong><em>H,</em></strong></span> <span class='ocrx_word' id='word_1_811' title='bbox 3150 4689 3341 4746; x_wconf 88' lang='lat' dir='ltr'><strong><em>scribit</em></strong></span> <span class='ocrx_word' id='word_1_812' title='bbox 3370 4706 3384 4741; x_wconf 90' lang='lat'><strong>:</strong></span> <span class='ocrx_word' id='word_1_813' title='bbox 3429 4686 3549 4742; x_wconf 85' lang='lat' dir='ltr'><strong><em>Edit</em></strong></span> <span class='ocrx_word' id='word_1_814' title='bbox 3576 4699 3659 4739; x_wconf 79' lang='lat' dir='ltr'><strong><em>non</em></strong></span> 
     </span>
    </p>
   </div>
   <div class='ocr_carea' id='block_1_109' title="bbox 2105 4772 3657 4857">
    <p class='ocr_par' dir='ltr' id='par_1_109' title="bbox 2105 4772 3657 4857">
     <span class='ocr_line' id='line_1_109' title="bbox 2105 4772 3657 4857; baseline -0.006 -18"><span class='ocrx_word' id='word_1_815' title='bbox 2105 4786 2224 4855; x_wconf 89' lang='lat' dir='ltr'><strong><em>plus</em></strong></span> <span class='ocrx_word' id='word_1_816' title='bbox 2252 4803 2411 4857; x_wconf 89' lang='lat' dir='ltr'><strong><em>quam</em></strong></span> <span class='ocrx_word' id='word_1_817' title='bbox 2440 4802 2601 4839; x_wconf 89' lang='lat' dir='ltr'><strong><em>unum</em></strong></span> <span class='ocrx_word' id='word_1_818' title='bbox 2626 4801 2798 4849; x_wconf 85' lang='lat' dir='ltr'><strong><em>ovum,</em></strong></span> <span class='ocrx_word' id='word_1_819' title='bbox 2818 4793 2910 4837; x_wconf 90' lang='lat' dir='ltr'><strong><em>aut</em></strong></span> <span class='ocrx_word' id='word_1_820' title='bbox 2926 4784 3030 4837; x_wconf 89' lang='lat' dir='ltr'><strong><em>duo</em></strong></span> <span class='ocrx_word' id='word_1_821' title='bbox 3046 4782 3477 4851; x_wconf 82' lang='lat' dir='ltr'><strong><em>complurimum.</em></strong></span> <span class='ocrx_word' id='word_1_822' title='bbox 3494 4779 3610 4846; x_wconf 62' lang='lat' dir='ltr'><strong><em>Qua</em></strong></span> <span class='ocrx_word' id='word_1_823' title='bbox 3621 4772 3657 4830; x_wconf 85' lang='lat' dir='ltr'><strong><em>si</em></strong></span> 
     </span>
    </p>
   </div>
   <div class='ocr_carea' id='block_1_110' title="bbox 2107 4872 3658 4943">
    <p class='ocr_par' dir='ltr' id='par_1_110' title="bbox 2107 4872 3658 4943">
     <span class='ocr_line' id='line_1_110' title="bbox 2107 4872 3658 4943; baseline -0.005 -13"><span class='ocrx_word' id='word_1_824' title='bbox 2107 4883 2359 4930; x_wconf 86' lang='lat' dir='ltr'><strong><em>naturam</em></strong></span> <span class='ocrx_word' id='word_1_825' title='bbox 2382 4875 2564 4931; x_wconf 76' lang='lat' dir='ltr'><strong><em>avium</em></strong></span> <span class='ocrx_word' id='word_1_826' title='bbox 2594 4884 2742 4931; x_wconf 91' lang='lat' dir='ltr'><strong><em>recte</em></strong></span> <span class='ocrx_word' id='word_1_827' title='bbox 2771 4874 3108 4938; x_wconf 89' lang='lat' dir='ltr'><strong><em>consideres,</em></strong></span> <span class='ocrx_word' id='word_1_828' title='bbox 3136 4875 3261 4943; x_wconf 89' lang='lat' dir='ltr'><strong><em>quis</em></strong></span> <span class='ocrx_word' id='word_1_829' title='bbox 3289 4873 3364 4926; x_wconf 86' lang='lat' dir='ltr'><strong><em>ita</em></strong></span> <span class='ocrx_word' id='word_1_830' title='bbox 3385 4872 3599 4941; x_wconf 83' lang='lat' dir='ltr'><strong><em>iniquus</em></strong></span> <span class='ocrx_word' id='word_1_831' title='bbox 3612 4872 3658 4918; x_wconf 82' lang='lat' dir='ltr'><strong><em>ut</em></strong></span> 
     </span>
    </p>
   </div>
   <div class='ocr_carea' id='block_1_111' title="bbox 2110 4958 3656 5037">
    <p class='ocr_par' dir='ltr' id='par_1_111' title="bbox 2110 4958 3656 5037">
     <span class='ocr_line' id='line_1_111' title="bbox 2110 4958 3656 5037; baseline -0.006 -16"><span class='ocrx_word' id='word_1_832' title='bbox 2110 4982 2307 5037; x_wconf 82' lang='lat' dir='ltr'><strong><em>negare</em></strong></span> <span class='ocrx_word' id='word_1_833' title='bbox 2341 4966 2538 5022; x_wconf 86' lang='lat' dir='ltr'><strong><em>audeat</em></strong></span> <span class='ocrx_word' id='word_1_834' title='bbox 2576 4968 2846 5022; x_wconf 79' lang='lat' dir='ltr'><strong><em>vulturem</em></strong></span> <span class='ocrx_word' id='word_1_835' title='bbox 2871 4980 3027 5019; x_wconf 85' lang='lat' dir='ltr'><strong><em>avem</em></strong></span> <span class='ocrx_word' id='word_1_836' title='bbox 3053 4979 3154 5019; x_wconf 75' lang='lat' dir='ltr'><strong><em>Ova</em></strong></span> <span class='ocrx_word' id='word_1_837' title='bbox 3169 4963 3428 5035; x_wconf 79' lang='lat' dir='ltr'><strong><em>gignere?</em></strong></span> <span class='ocrx_word' id='word_1_838' title='bbox 3451 4958 3656 5015; x_wconf 80' lang='lat' dir='ltr'><strong><em>Atluere</em></strong></span> 
     </span>
    </p>
   </div>
   <div class='ocr_carea' id='block_1_112' title="bbox 2108 5054 3654 5127">
    <p class='ocr_par' dir='ltr' id='par_1_112' title="bbox 2108 5054 3654 5127">
     <span class='ocr_line' id='line_1_112' title="bbox 2108 5054 3654 5127; baseline -0.003 -17"><span class='ocrx_word' id='word_1_839' title='bbox 2108 5060 2201 5127; x_wconf 88' lang='lat' dir='ltr'><strong><em>qui</em></strong></span> <span class='ocrx_word' id='word_1_840' title='bbox 2225 5059 2470 5113; x_wconf 88' lang='lat' dir='ltr'><strong><em>dicerent</em></strong></span> <span class='ocrx_word' id='word_1_841' title='bbox 2496 5074 2591 5114; x_wconf 85' lang='lat' dir='ltr'><strong><em>eos</em></strong></span> <span class='ocrx_word' id='word_1_842' title='bbox 2616 5073 2718 5113; x_wconf 88' lang='lat' dir='ltr'><strong><em>ova</em></strong></span> <span class='ocrx_word' id='word_1_843' title='bbox 2754 5074 2866 5112; x_wconf 87' lang='lat' dir='ltr'><strong><em>non</em></strong></span> <span class='ocrx_word' id='word_1_844' title='bbox 2906 5056 3216 5120; x_wconf 82' lang='lat' dir='ltr'><strong><em>excludere,</em></strong></span> <span class='ocrx_word' id='word_1_845' title='bbox 3249 5055 3347 5111; x_wconf 88' lang='lat' dir='ltr'><strong><em>sed</em></strong></span> <span class='ocrx_word' id='word_1_846' title='bbox 3379 5054 3551 5127; x_wconf 90' lang='lat' dir='ltr'><strong><em>pullos</em></strong></span> <span class='ocrx_word' id='word_1_847' title='bbox 3576 5063 3654 5119; x_wconf 75' lang='lat' dir='ltr'><strong><em>pa-</em></strong></span> 
     </span>
    </p>
   </div>
   <div class='ocr_carea' id='block_1_113' title="bbox 2106 5144 3652 5221">
    <p class='ocr_par' dir='ltr' id='par_1_113' title="bbox 2106 5144 3652 5221">
     <span class='ocr_line' id='line_1_113' title="bbox 2106 5144 3652 5221; baseline -0.001 -17"><span class='ocrx_word' id='word_1_848' title='bbox 2106 5165 2250 5213; x_wconf 88' lang='lat' dir='ltr'><strong><em>rere,</em></strong></span> <span class='ocrx_word' id='word_1_849' title='bbox 2279 5166 2484 5221; x_wconf 90' lang='lat' dir='ltr'><strong><em>eosque</em></strong></span> <span class='ocrx_word' id='word_1_850' title='bbox 2510 5151 2694 5204; x_wconf 84' lang='lat' dir='ltr'><strong><em>statim</em></strong></span> <span class='ocrx_word' id='word_1_851' title='bbox 2721 5165 2752 5203; x_wconf 89' lang='lat' dir='ltr'><strong><em>a</em></strong></span> <span class='ocrx_word' id='word_1_852' title='bbox 2780 5161 2939 5219; x_wconf 88' lang='lat' dir='ltr'><strong><em>partu</em></strong></span> <span class='ocrx_word' id='word_1_853' title='bbox 2966 5149 3216 5205; x_wconf 90' lang='lat' dir='ltr'><strong><em>volatiles</em></strong></span> <span class='ocrx_word' id='word_1_854' title='bbox 3238 5162 3382 5204; x_wconf 90' lang='lat' dir='ltr'><strong><em>esse.</em></strong></span> <span class='ocrx_word' id='word_1_855' title='bbox 3413 5144 3652 5202; x_wconf 59' lang='lat' dir='ltr'><strong><em>Allienus,</em></strong></span> 
     </span>
    </p>
   </div>
   <div class='ocr_carea' id='block_1_114' title="bbox 2107 5238 3651 5314">
    <p class='ocr_par' dir='ltr' id='par_1_114' title="bbox 2107 5238 3651 5314">
     <span class='ocr_line' id='line_1_114' title="bbox 2107 5238 3651 5314; baseline -0.005 -17"><span class='ocrx_word' id='word_1_856' title='bbox 2107 5243 2205 5300; x_wconf 90' lang='lat' dir='ltr'><strong><em>lib.</em></strong></span> <span class='ocrx_word' id='word_1_857' title='bbox 2236 5259 2298 5311; x_wconf 87' lang='grc' dir='ltr'><strong><em>ιι,</em></strong></span> <span class='ocrx_word' id='word_1_858' title='bbox 2323 5259 2445 5314; x_wconf 87' lang='lat' dir='ltr'><strong><em>cap.</em></strong></span> <span class='ocrx_word' id='word_1_859' title='bbox 2479 5242 2549 5297; x_wconf 68' lang='lat'>66</span> <span class='ocrx_word' id='word_1_860' title='bbox 2575 5264 2587 5297; x_wconf 89' lang='lat'><strong>:</strong></span> <span class='ocrx_word' id='word_1_861' title='bbox 2621 5242 2804 5305; x_wconf 82' lang='grc' dir='ltr'><strong><em>Γῦπας</em></strong></span> <span class='ocrx_word' id='word_1_862' title='bbox 2835 5242 2891 5295; x_wconf 82' lang='grc' dir='ltr'>δὲ</span> <span class='ocrx_word' id='word_1_863' title='bbox 2921 5242 2994 5312; x_wconf 81' lang='grc' dir='ltr'>μὴ</span> <span class='ocrx_word' id='word_1_864' title='bbox 3023 5240 3108 5294; x_wconf 82' lang='grc' dir='ltr'><strong><em>ὠὰ</em></strong></span> <span class='ocrx_word' id='word_1_865' title='bbox 3128 5241 3332 5294; x_wconf 80' lang='grc' dir='ltr'>τίκτειν</span> <span class='ocrx_word' id='word_1_866' title='bbox 3362 5238 3651 5304; x_wconf 65' lang='grc' dir='ltr'>πέπεισμαι,</span> 
     </span>
    </p>
   </div>
   <div class='ocr_carea' id='block_1_115' title="bbox 2108 5329 3653 5402">
    <p class='ocr_par' dir='ltr' id='par_1_115' title="bbox 2108 5329 3653 5402">
     <span class='ocr_line' id='line_1_115' title="bbox 2108 5329 3653 5402; baseline -0.008 -12"><span class='ocrx_word' id='word_1_867' title='bbox 2108 5338 2355 5400; x_wconf 80' lang='grc' dir='ltr'>νεοττοὺς</span> <span class='ocrx_word' id='word_1_868' title='bbox 2394 5336 2450 5389; x_wconf 81' lang='grc' dir='ltr'>δὲ</span> <span class='ocrx_word' id='word_1_869' title='bbox 2484 5335 2715 5389; x_wconf 78' lang='grc' dir='ltr'>ὠδίνειν.</span> <span class='ocrx_word' id='word_1_870' title='bbox 2757 5335 2867 5388; x_wconf 73' lang='grc' dir='ltr'><strong><em>Καὶ</em></strong></span> <span class='ocrx_word' id='word_1_871' title='bbox 2916 5335 2990 5398; x_wconf 77' lang='lat' dir='ltr'><strong><em>t‘o;</em></strong></span> <span class='ocrx_word' id='word_1_872' title='bbox 3048 5334 3156 5389; x_wconf 76' lang='grc' dir='ltr'><strong><em>ἀπὸ</em></strong></span> <span class='ocrx_word' id='word_1_873' title='bbox 3186 5334 3380 5402; x_wconf 77' lang='grc' dir='ltr'>γενεᾶς</span> <span class='ocrx_word' id='word_1_874' title='bbox 3410 5329 3653 5385; x_wconf 80' lang='grc' dir='ltr'>κατάπτε-</span> 
     </span>
    </p>
   </div>
   <div class='ocr_carea' id='block_1_116' title="bbox 2111 5421 3652 5502">
    <p class='ocr_par' dir='ltr' id='par_1_116' title="bbox 2111 5421 3652 5502">
     <span class='ocr_line' id='line_1_116' title="bbox 2111 5421 3652 5502; baseline -0.008 -19"><span class='ocrx_word' id='word_1_875' title='bbox 2111 5429 2194 5502; x_wconf 89' lang='grc' dir='ltr'><strong><em>ροί</em></strong></span> <span class='ocrx_word' id='word_1_876' title='bbox 2214 5431 2340 5494; x_wconf 80' lang='grc' dir='ltr'>εἰσι,</span> <span class='ocrx_word' id='word_1_877' title='bbox 2362 5429 2453 5483; x_wconf 70' lang='grc' dir='ltr'><strong><em>καὶ</em></strong></span> <span class='ocrx_word' id='word_1_878' title='bbox 2481 5426 2638 5482; x_wconf 79' lang='grc' dir='ltr'>τοῦτο</span> <span class='ocrx_word' id='word_1_879' title='bbox 2667 5428 2897 5499; x_wconf 73' lang='grc' dir='ltr'>ἤκουσα.</span> <span class='ocrx_word' id='word_1_880' title='bbox 2923 5425 2991 5480; x_wconf 86' lang='lat' dir='ltr'><strong><em>Et</em></strong></span> <span class='ocrx_word' id='word_1_881' title='bbox 3028 5425 3468 5497; x_wconf 83' lang='lat' dir='ltr'><strong><em>Theophylactus</em></strong></span> <span class='ocrx_word' id='word_1_882' title='bbox 3502 5421 3652 5495; x_wconf 44' lang='lat' dir='ltr'><strong><em>Simo:</em></strong></span> 
     </span>
    </p>
   </div>
   <div class='ocr_carea' id='block_1_117' title="bbox 2107 5512 3761 5590">
    <p class='ocr_par' dir='ltr' id='par_1_117' title="bbox 2107 5512 3761 5590">
     <span class='ocr_line' id='line_1_117' title="bbox 2107 5512 3761 5590; baseline -0.01 -14"><span class='ocrx_word' id='word_1_883' title='bbox 2107 5522 2287 5584; x_wconf 84' lang='lat' dir='ltr'><strong><em>catus,</em></strong></span> <span class='ocrx_word' id='word_1_884' title='bbox 2335 5523 2390 5575; x_wconf 91' lang='lat' dir='ltr'><strong><em>in</em></strong></span> <span class='ocrx_word' id='word_1_885' title='bbox 2434 5520 2638 5586; x_wconf 77' lang='lat' dir='ltr'><strong><em>Quazst.</em></strong></span> <span class='ocrx_word' id='word_1_886' title='bbox 2671 5532 2876 5585; x_wconf 87' lang='lat' dir='ltr'><strong><em>natur.,</em></strong></span> <span class='ocrx_word' id='word_1_887' title='bbox 2912 5526 3105 5590; x_wconf 64' lang='lat' dir='ltr'><strong><em>quaest.</em></strong></span> <span class='ocrx_word' id='word_1_888' title='bbox 3141 5517 3196 5586; x_wconf 88' lang='grc'>8,</span> <span class='ocrx_word' id='word_1_889' title='bbox 3245 5518 3312 5572; x_wconf 86' lang='lat' dir='ltr'><strong><em>de</em></strong></span> <span class='ocrx_word' id='word_1_890' title='bbox 3338 5512 3649 5569; x_wconf 82' lang='lat' dir='ltr'><strong><em>vulturibus:</em></strong></span> <span class='ocrx_word' id='word_1_891' title='bbox 3760 5520 3761 5590; x_wconf 30' lang='grc' dir='ltr'><strong><em>ι</em></strong></span> 
     </span>
    </p>
   </div>
   <div class='ocr_carea' id='block_1_118' title="bbox 2107 5602 3761 5681">
    <p class='ocr_par' dir='ltr' id='par_1_118' title="bbox 2107 5602 3761 5681">
     <span class='ocr_line' id='line_1_118' title="bbox 2107 5602 3761 5681; baseline -0.008 -15"><span class='ocrx_word' id='word_1_892' title='bbox 2107 5603 2220 5666; x_wconf 73' lang='grc' dir='ltr'><strong><em>Καὶ</em></strong></span> <span class='ocrx_word' id='word_1_893' title='bbox 2263 5613 2504 5666; x_wconf 84' lang='grc' dir='ltr'>τίκτουσι</span> <span class='ocrx_word' id='word_1_894' title='bbox 2548 5611 2685 5677; x_wconf 79' lang='grc' dir='ltr'>ζῶα,</span> <span class='ocrx_word' id='word_1_895' title='bbox 2736 5612 2838 5665; x_wconf 78' lang='grc' dir='ltr'><strong><em>οὐκ</em></strong></span> <span class='ocrx_word' id='word_1_896' title='bbox 2869 5610 2951 5664; x_wconf 62' lang='lat' dir='ltr'><strong><em>ea</em></strong></span> <span class='ocrx_word' id='word_1_897' title='bbox 2984 5610 3281 5681; x_wconf 79' lang='grc' dir='ltr'>ὑπηνέμια.</span> <span class='ocrx_word' id='word_1_898' title='bbox 3316 5607 3406 5661; x_wconf 77' lang='grc' dir='ltr'><strong><em>Διὸ</em></strong></span> <span class='ocrx_word' id='word_1_899' title='bbox 3436 5603 3650 5658; x_wconf 79' lang='grc' dir='ltr'>πλείστου</span> <span class='ocrx_word' id='word_1_900' title='bbox 3760 5602 3761 5605; x_wconf 71' lang='grc'>’</span> 
     </span>
    </p>
   </div>
   <div class='ocr_carea' id='block_1_119' title="bbox 2109 5690 3649 5777">
    <p class='ocr_par' dir='ltr' id='par_1_119' title="bbox 2109 5690 3649 5777">
     <span class='ocr_line' id='line_1_119' title="bbox 2109 5690 3649 5777; baseline -0.008 -19"><span class='ocrx_word' id='word_1_901' title='bbox 2109 5705 2301 5777; x_wconf 84' lang='grc' dir='ltr'>χρόνου</span> <span class='ocrx_word' id='word_1_902' title='bbox 2332 5706 2500 5759; x_wconf 74' lang='grc' dir='ltr'>δεῖται</span> <span class='ocrx_word' id='word_1_903' title='bbox 2532 5704 2566 5776; x_wconf 83' lang='grc' dir='ltr'><strong>ἡ</strong></span> <span class='ocrx_word' id='word_1_904' title='bbox 2598 5703 2759 5773; x_wconf 76' lang='grc' dir='ltr'>φύσις</span> <span class='ocrx_word' id='word_1_905' title='bbox 2789 5704 2927 5775; x_wconf 77' lang='grc' dir='ltr'><strong><em>πρὸς</em></strong></span> <span class='ocrx_word' id='word_1_906' title='bbox 2960 5701 3099 5768; x_wconf 82' lang='grc' dir='ltr'><strong><em>ζώου</em></strong></span> <span class='ocrx_word' id='word_1_907' title='bbox 3132 5699 3544 5769; x_wconf 76' lang='grc' dir='ltr'>τελεσιουργίαν,</span> <span class='ocrx_word' id='word_1_908' title='bbox 3567 5690 3649 5745; x_wconf 72' lang='grc' dir='ltr'><strong><em>[ιον</em></strong></span> 
     </span>
    </p>
   </div>
  </div>
