3810 6168
141 254 356 327 901'

141 466 273 521 etc.,
308 464 364 513 et
394 456 569 524 Phile,
604 459 661 513 in
692 456 896 514 lambis
924 475 943 513 :

141 590 349 665 Θῆλυς
375 591 453 665 es,
472 592 590 658 πᾶς
614 593 759 665 γὺψ,
782 594 880 649 καί
911 595 1145 665 σπορᾶς
1177 592 1323 649 ἄνευ
1349 596 1497 650 κύει.

138 664 377 717 Χαίνων
394 664 503 734 γὰρ
533 665 898 733 ἀντίπρωρος
927 667 1090 734 ὑψοῦ
1118 667 1265 734 πρὸς
1295 667 1492 730 νότον,

136 732 558 805 Συλλαμϐἀνει
585 735 651 789 τὸ
676 732 931 805 πνεῦμα,
966 732 1063 790 καὶ
1100 732 1297 805 τρίτου
1327 738 1549 804 χρόνου

136 803 486 894 frequooizc,
505 803 838 894 πτερωτοὺς
868 806 958 875 ἄρ’
981 807 1100 894 ἀπὸ
1129 803 1373 894 μήτρας
1391 805 1607 876 ἐξάγει.

132 872 200 924 ΟΖ
226 872 407 946 ζῶσιν
428 872 703 940 εὺθένςήέξ
724 872 960 946 ὀνύχων
995 872 1275 946 ἀρπᾶγων

134 944 252 997 Πνί
256 961 400 1014 γους
424 932 648 1001 καλιῶ
666 932 1007 1016 ἑῠρεθῖἔντες
1034 932 1387 1015 κρείττονες.

208 1078 372 1146 lbid.,
403 1079 499 1133 lin.
525 1080 614 1135 58.
638 1081 790 1138 Φασὶ
814 1081 882 1136 δὲ
902 1080 1010 1138 τὸν
1030 1083 1208 1153 γῦπα.
1232 1080 1442 1140 Plinius
1470 1084 1712 1139 vultures

135 1168 307 1225 odore
330 1167 527 1240 fugari,
566 1172 661 1227 lib.
695 1188 755 1238 ιι,
803 1187 925 1243 cap.
969 1172 1058 1241 63,
1097 1173 1307 1229 scribit.
1352 1173 1499 1229 idem
1542 1171 1714 1229 Elia—

133 1278 264 1328 nus,
294 1261 390 1317 lib.
420 1277 502 1329 ιιι,
529 1278 651 1334 cap.
688 1263 738 1328 7,
764 1272 819 1320 et
850 1264 946 1319 lib.
984 1280 1058 1331 Iv,
1084 1280 1205 1337 cap.
1242 1265 1338 1334 l8;
1369 1266 1711 1335 Aristoteles,

133 1349 233 1403 lib.
264 1350 401 1418 Περὶ
436 1352 779 1419 θαυμασίων
822 1352 1235 1423 ἀκουσμάτων.
1283 1352 1710 1426 Theophrastus,

132 1441 234 1496 lib.
293 1441 373 1497 De
427 1442 674 1498 odoribus
712 1460 732 1498 :
779 1446 966 1501 Πονεῖν
1009 1445 1065 1499 δὲ
1119 1445 1237 1501 ἔνια
1284 1448 1535 1518 φαίνεται
1591 1451 1712 1515 ταῖς

132 1533 332 1604 ὀσμαῖς
368 1535 461 1588 καὶ
496 1537 616 1599 ταῖς
666 1535 936 1604 εὐωδίαις,
961 1540 1009 1591 εί
1040 1537 1235 1610 ἀληθὲς
1258 1539 1318 1593 τὸ
1348 1541 1441 1595 ἐπὶ
1473 1541 1582 1595 τῶν
1612 1559 1699 1610 γυ-

133 1622 256 1677 πῶν
305 1624 400 1678 καὶ
441 1625 744 1698 κανθάρων.
801 1628 868 1681 Ει
924 1629 1182 1684 collector
1227 1628 1565 1700 Geoponicor.
1614 1634 1706 1690 lib.

1152 272 1223 330 IN
1261 271 1632 329 EUSTATBII
1672 271 2147 331 HEXAEMERON
2168 274 2403 334 NOTAE.

142 364 430 437 λύκρατεςη.
477 366 724 421 Χαλεπὸν
764 365 873 438 γὰρ
920 367 1013 421 καὶ
1042 365 1160 421 λίαν
1186 368 1420 440 ἐργῶδες
1446 371 1512 440 τῇ
1540 368 1716 439 φύσει,
1749 376 1799 431 Α

3297 269 3399 332 909

1964 367 2184 441 Qiconia
2211 371 2374 441 etiam
2399 377 2575 440 grata,
2605 370 2899 441 peregrina,
2935 368 3160 441 hospita,

1961 438 2188 511 Pietatis
2217 438 2432 511 cultriai,
2463 438 2761 510 gracilipes,
2786 439 3115 511 glotoristria

1961 508 2089 564 Avis
2118 510 2271 564 exsul
2304 508 2512 574 hiemis,
2542 519 2648 567 etc.

1817 621 2054 679 Consule
2100 622 2325 678 Adriani
2363 621 2512 677 Junii
2543 623 2877 678 Animadver.
2913 622 3009 678 lib.
3034 639 3111 690 vr,
3142 637 3262 693 cap.
3309 622 3396 677 15.

1887 714 2048 782 lbid.,
2094 715 2190 770 lin.
2245 716 2334 771 47.
2388 714 2955 785 Τετραυματισμέναι
2994 713 3124 784 γάρ.
3160 713 3277 780 Qua
3308 727 3383 766 ra-

1814 804 1963 861 tione
2010 806 2114 862 sibi
2165 806 2484 862 medeantur
2521 806 2745 861 ciconire
2779 822 2902 862 cum
2932 806 3133 860 vulnus
3166 818 3395 875 accepe-

1814 890 1948 959 rint,
1977 891 2251 960 IElianus,
2278 894 2374 949 lib.
2409 910 2464 961 ν,
2504 909 2625 966 cap.
2651 893 2756 960 46;
2789 904 2844 949 et
2872 894 3215 950 Aristoteles.

1883 983 2043 1050 lbid.,
2072 986 2168 1039 lin.
2201 986 2290 1040 48.
2337 986 2477 1041 Ἐὰν
2521 985 2590 1039 δὲ
2622 986 2881 1056 γηράσῃ.
2935 986 3200 1052 Basilius,
3240 985 3388 1042 hom.

1815 1075 1848 1130 8
1874 1093 1885 1128 :
1932 1077 2157 1129 Ἐκεῖνοι
2181 1076 2269 1130 τὸν
2316 1078 2544 1151 πατέρα,
2574 1080 2679 1133 ὑπὸ
2707 1080 2799 1133 τοῦ
2838 1081 3023 1151 γήρως
3051 1082 3393 1152 πτερορρυή-

1814 1184 2004 1232 σαντα,
2037 1169 2392 1242 περιστάντες
2427 1172 2484 1225 ἐν
2521 1171 2726 1243 κύκλῳ,
2754 1173 2866 1235 τοῖς
2911 1172 3132 1236 οἰκείοις
3173 1176 3391 1246 πτεροῖς

1811 1258 2181 1326 διαθάλπουσι,
2222 1262 2317 1315 καὶ
2363 1262 2459 1326 τὰς
2511 1263 2716 1334 τροφὰς
2761 1263 3007 1334 ἀφθόνως
3044 1265 3394 1333 παρασκευά-

1813 1350 2016 1421 ζοντες,
2054 1354 2153 1426 τὴν
2194 1353 2420 1426 δυνατὴν
2466 1354 2564 1408 καὶ
2607 1356 2664 1409 ὲν
2709 1359 2775 1427 τῇ
2820 1358 3014 1428 πτήσει
3061 1358 3389 1430 παρέχονται

1814 1442 2085 1514 βοήθειαν,
2118 1447 2301 1518 ἡρέμα
2324 1445 2400 1518 τῷ
2430 1446 2615 1519 πτερῷ
2642 1445 2985 1517 κουφίζοντες
3028 1451 3384 1523 ἑκατέρωθεν.

1810 1537 1922 1590 Καὶ
1971 1536 2113 1590 οὕτω
2144 1538 2300 1591 τοῦτο
2325 1537 2474 1610 παρά
2520 1541 2653 1593 πᾶσι
2696 1539 3073 1613 διαϐεϐόηται,
3108 1542 3247 1597 ὥστε
3284 1543 3388 1614 ἤδη

1810 1629 1953 1692 τινὲς
1979 1630 2078 1700 τὴν
2102 1629 2209 1683 τῶν
2252 1631 2700 1705 εὐεργετημάτων
2734 1630 3017 1696 ἀντίδοσιν,
3063 1632 3387 1705 ἀντιπελάρ-

134 1731 265 1771 XIV:
310 1717 686 1790 Ἀριστοτέλης
716 1721 848 1793 φησὶ
884 1721 1066 1791 γῦπας
1106 1722 1276 1795 μύρου
1306 1725 1447 1796 ὀσμῇ
1480 1724 1694 1779 ἀπόλλυ-

1810 1738 1979 1790 γωσιν
2014 1721 2356 1791 ὀνομάζουσι.
2388 1721 2803 1791 Aristophanes,
2832 1721 2887 1776 in
2915 1721 3113 1777 Avibus
3138 1739 3157 1777 :

134 1806 292 1861 σθαι·
332 1808 632 1881 κανθάρους
661 1810 717 1863 δὲ
746 1815 810 1883 τῇ
845 1813 986 1886 ὀσμῇ
1030 1814 1139 1869 τῶν
1184 1815 1372 1886 ῥόδων.
1415 1812 1568 1872 Εἶναι
1600 1817 1708 1889 γὰρ

130 1898 344 1963 τούτοις
376 1902 639 1973 σωτήριον
670 1903 767 1974 τὴν
802 1904 1086 1960 δυσωδίαν.

201 1988 366 2057 lbid.,
392 1992 486 2048 lin.
511 1994 599 2048 41.
640 1994 847 2050 Ἦνίκα
875 1996 943 2051 δέ
966 2014 1158 2068 φασιν
1182 2000 1416 2070 ἄνδρες.
1447 2001 1705 2069 Basilius,

130 2083 281 2138 hom.
313 2083 348 2140 8
375 2104 387 2138 :
419 2085 515 2150 Τίς
540 2088 652 2151 τοῖς
691 2087 824 2157 γυψὶ
852 2092 1319 2161 προαπαγγέλλων
1361 2093 1469 2148 τῶν
1499 2094 1710 2167 ἀνθρώ-

131 2192 250 2230 πων
272 2176 369 2230 τὸν
407 2177 654 2243 θάνατον,
679 2179 809 2234 ὅταν
837 2183 960 2235 κατ’
993 2181 1237 2256 ἀλλήλων
1270 2186 1708 2258 ἐπιστρατεύσω-

134 2284 216 2321 σιν
242 2284 258 2334 ;
294 2268 455 2333 Ἵδοις
480 2269 590 2342 γὰρ
614 2269 683 2324 ἂν
714 2272 915 2342 μυρίας
953 2274 1152 2343 ἀγέλας
1177 2275 1367 2344 γυπῶν
1397 2279 1509 2340 τοῖς
1547 2294 1710 2349 στρα-

129 2359 379 2425 τοπέδοις
421 2362 840 2435 παρεπομὲνας,
890 2366 956 2420 ὲκ
1000 2367 1100 2434 τῆς
1149 2367 1257 2422 τῶν
1304 2369 1481 2424 ὅπλων
1533 2388 1710 2443 παρα-

132 2451 335 2523 σκευῆς
384 2455 829 2527 τεκμαιρομένων
879 2457 980 2529 τὴν
1043 2457 1284 2513 ἔκϐασιν.
1346 2458 1492 2517 Idem
1546 2462 1686 2519 habe

129 2542 407 2610 .Elianus,
433 2545 528 2602 lib.
575 2562 638 2613 ιι,
674 2549 841 2620 capit.
876 2549 946 2605 46
971 2567 988 2620 ;
1032 2549 1264 2618 Plinius,
1299 2552 1395 2609 lib.
1440 2570 1495 2618 ι,
1541 2555 1705 2625 capit.

126 2634 206 2691 6:
249 2635 451 2692 Triduo
503 2648 679 2695 autem
721 2650 864 2706 ante,
908 2653 1002 2697 aut
1049 2643 1208 2700 biduo
1253 2647 1430 2701 volare
1466 2664 1575 2712 eos,
1619 2648 1709 2703 ubi

126 2726 393 2784 cadavera
418 2731 603 2801 futura
626 2743 770 2790 sunt.
805 2733 873 2789 Et
900 2735 1127 2794 Plautus
1149 2738 1208 2793 in
1240 2737 1557 2795 Truculento
1583 2756 1602 2795 :

127 2843 283 2921 illud
301 2854 420 2901 est:
454 2848 568 2921 vide
596 2857 655 2903 ut
683 2850 795 2912 iam
820 2852 977 2921 quasi
1004 2853 1238 2917 volturii,
1263 2854 1439 2908 triduo

123 2915 295 2970 Prius
324 2917 675 2986 pradivinant
701 2937 802 2991 quo
828 2915 913 2976 die
940 2924 1083 2978 esuri
1104 2915 1258 2977 sient.

1890 1830 2041 1884 Ἀλλ’
2065 1830 2240 1900 ἐστιν
2261 1830 2405 1900 ἡμῖν
2431 1830 2625 1900 τοῖσιν
2645 1830 2880 1900 ὄρνισιν
2905 1831 3089 1899 νόμος

1879 1899 2163 1968 Παλαιὸς,
2193 1902 2264 1955 ἐν
2282 1899 2406 1967 τοῖς
2442 1899 2560 1954 τῶν
2584 1899 2897 1970 πελαργῶν
2924 1903 3211 1969 κύρϐεσιν
3228 1920 3241 1935 ·

1891 1970 2075 2040 Ἐπὴν
2094 1974 2127 2025 ό
2154 1971 2348 2039 πατὴρ
2373 1975 2406 2026 ό
2428 1971 2725 2040 πελαργὸς
2750 1971 3190 2041 ἐκπετησίμους

1878 2040 2119 2112 Πάντας
2141 2041 2365 2110 ποιῆσῃ
2399 2042 2539 2108 τοὺς
2569 2042 2946 2112 πεωρτιδεῖς
2975 2040 3228 2112 τρέφων,

1877 2111 1979 2166 Δεῖ
2001 2112 2141 2178 τοὺς
2160 2112 2439 2179 νεοττοὺς
2460 2113 2567 2166 τὸν
2593 2111 2818 2181 πατέρα
2849 2111 3037 2167 πάλιν
3057 2111 3312 2183 τρέφειν.

1809 2222 2065 2279 Ciconias
2110 2222 2344 2294 juvenes
2413 2222 2530 2292 jam
2584 2225 2994 2280 senescentibus
3063 2226 3386 2295 parentlms

1810 2330 1969 2387 opem
1998 2314 2143 2371 ferre
2166 2328 2373 2385 eosque
2394 2313 2629 2370 educare
2672 2316 2842 2371 tradit
2878 2315 3055 2381 Plato,
3100 2316 3382 2374 Alcibiade

1807 2409 1979 2478 primo
1999 2405 2142 2461 κατά
2169 2405 2229 2460 τὸ
2268 2405 2453 2470 τέλοςυ
2487 2405 2809 2462 Aristoteles
2837 2406 2915 2462 De
2932 2406 3118 2463 histor.
3156 2410 3380 2464 animal.

1808 2500 1902 2555 lib.
1934 2512 2153 2569 rx,cap.
2181 2497 2282 2564 l5;
2314 2496 2589 2563 Elianus,
2610 2498 2705 2553 lib.
2731 2513 2816 2573 ιιι,
2836 2513 2958 2570 cap.
2993 2499 3084 2567 25,
3114 2507 3169 2556 et
3194 2501 3291 2557 lib.
3322 2518 3380 2568 ι,

1807 2607 1932 2662 cap.
1964 2590 2067 2659 16;
2095 2590 2497 2657 Artemidorus,
2539 2589 2837 2646 Onerocrit.
2881 2593 2979 2647 lib.
3010 2607 3073 2660 ιι,
3118 2609 3241 2665 cap.
3277 2593 3383 2663 20;

1806 2679 2039 2746 Plinius,
2075 2680 2172 2735 lib.
2225 2696 2283 2744 ι,
2319 2696 2441 2752 cap.
2476 2681 2580 2747 25;
2629 2680 2831 2749 Horus,
2871 2683 2969 2739 lib.
3013 2699 3077 2753 ιι,
3111 2699 3232 2756 cap.
3273 2686 3380 2754 5i;

1807 2771 1984 2841 Philo,
2022 2773 2078 2839 in
2130 2772 2473 2842 Expositione
2517 2774 2801 2847 Decalogi;
2849 2774 3135 2848 Origenes,
3192 2787 3383 2834 contra

1809 2861 2043 2928 Celsum,
2069 2864 2162 2919 lib.
2184 2879 2239 2919 Iv
2261 2882 2275 2931 ;
2294 2863 2682 2932 Philostratus,
2704 2867 2778 2922 De
2801 2869 2894 2925 vit.
2932 2869 3203 2939 Apollonii
3234 2870 3379 2943 Tya-

1810 2953 1913 3019 uei,
1938 2969 2061 3024 pag.
2101 2953 2202 3021 l9;
2236 2954 2471 3010 Basilius
2493 2955 2744 3026 Magnus,
2776 2966 2916 3013 orat.
2953 2960 3021 3015 de
3043 2960 3251 3017 honore
3269 2975 3380 3032 quo

120 3027 272 3123 9iim
324 3029 491 3086 etiam
548 3029 721 3088 lberis
774 3033 1021 3090 vultures
1068 3032 1220 3091 fuere
1274 3036 1510 3108 sepulcri
1565 3039 1704 3097 loco.
1736 3061 1778 3118 ο
1812 3054 1941 3100 sunt
1980 3044 2247 3101 alliciendi
2272 3046 2933 3119 parentes;Epipbanius,
2958 3050 3011 3104 in
3037 3027 3379 3123 Physioloqo,

120 3115 301 3174 Silius
333 3137 346 3174 :

197 3225 435 3307 Zellure,
456 3236 516 3282 ut
538 3230 841 3307 perhibent,
867 3233 912 3288 is
941 3250 1057 3307 mos
1092 3236 1341 3307 antiquus
1373 3236 1533 3293 lbera

196 3295 467 3353 Ezanima
498 3295 748 3359 obscenus
779 3295 1040 3359 consumit
1073 3295 1298 3377 corpora
1325 3310 1521 3365 vultur.

190 3410 359 3480 lbid.,
390 3414 488 3469 lin.
518 3414 610 3470 44.
637 3417 703 3471 Ol
725 3415 796 3470 es
822 3419 1128 3489 πελαργοί.
1162 3418 1418 3488 Basilius,
1452 3422 1599 3477 hom.
1623 3422 1657 3479 8
1688 3443 1701 3480 :

117 3505 201 3561 Τδ
228 3505 288 3560 δὲ
310 3506 420 3561 τῶν
446 3508 735 3581 πελαργῶν
761 3508 883 3564 οὐδὲ
929 3510 1120 3583 πόρρω
1170 3513 1287 3566 ἐστὶ
1332 3513 1596 3579 συνέσεως
1621 3516 1708 3569 λο-

122 3598 317 3670 γικῆς,
345 3597 488 3653 οὕτω
527 3600 625 3671 μὲν
646 3601 788 3657 κατά
815 3602 905 3656 τὸν
930 3602 1026 3659 ἕνα
1063 3603 1253 3676 καιρὸν
1284 3604 1493 3670 πάντας
1520 3607 1708 3679 ἐπιδη-

121 3693 250 3763 μεῖν
279 3692 394 3756 τοῖς
432 3692 561 3765 τῇδε
609 3694 850 3766 χωρίοις,
877 3694 1021 3750 οὕτω
1059 3696 1118 3751 δὲ
1153 3698 1242 3767 ὑφ’
1284 3697 1366 3751 ἐνὶ
1406 3698 1706 3771 συνθήματι

118 3784 335 3849 πάντας
379 3784 652 3858 ἀπαίρειν.
713 3787 1079 3860 Δορυφοροῦσι
1134 3788 1190 3842 δὲ
1232 3789 1430 3854 αὐτοὺς
1472 3791 1528 3844 αἱ
1578 3794 1706 3863 παρ’

117 3880 258 3951 ἡμῖν
296 3878 533 3950 κορῶναι
568 3880 664 3934 καὶ
689 3882 1171 3953 παραπέμπουσιν,
1204 3882 1554 3955 ἐμοὶδοκεῖν,
1613 3884 1708 3939 καὶ

119 3970 447 4044 συμμαχίαν
492 3972 615 4027 τινὰ
672 3973 1040 4046 παρεχόμεναι
1090 3975 1227 4049 πρὸς
1276 3975 1495 4050 ὄρνιθας
1549 3978 1710 4032 πολε-

120 4063 307 4136 μίους.
333 4063 565 4134 Σημεῖω
589 4063 648 4117 δὲ
678 4064 891 4137 πρῶτον
938 4066 1037 4138 μὲν
1069 4066 1130 4120 τὸ
1178 4066 1253 4138 μὴ
1291 4067 1573 4137 φαίνεσθαι
1602 4068 1709 4123 ὑπὸ

113 4157 212 4210 τὸν
250 4154 443 4228 καιρὸν
482 4157 688 4211 ἐκεῖνον
724 4156 969 4231 κορώνην
1002 4157 1380 4213 παντάπασιν·
1420 4157 1590 4213 ἔπειθ’
1624 4161 1707 4213 ὅτι

118 4248 266 4320 μετά
309 4248 638 4319 τραυμάτων
691 4248 1117 4320 ἐπανερχόμεναι
1171 4249 1379 4321 ἐναργῆ
1430 4249 1524 4304 τοῦ
1584 4268 1708 4305 συν-

113 4339 401 4414 ασπισμοῦ
433 4341 527 4395 καὶ
558 4340 658 4412 τῆς
706 4340 1002 4412 ἐπιμαχίας
1038 4341 1108 4395 τὰ
1157 4345 1361 4414 σημεῖα
1398 4340 1700 4414 κομίζουσι.

1810 3152 1930 3207 cap.
1953 3136 2043 3191 25.
2069 3136 2207 3192 llinc
2222 3146 2413 3191 natum
2434 3139 2779 3208 proverbium
2795 3142 3232 3215 ἀντιπελαργεῖν,
3258 3159 3383 3199 mu-

1808 3233 1959 3280 tuam
1980 3225 2142 3281 olIicii
2171 3226 2353 3283 vicem
2379 3228 2700 3299 rependere.
2739 3228 3036 3295 Zenobius.
3088 3232 3379 3299 Erasmus,

1807 3315 2188 3383 Aristaenetus,
2228 3318 2326 3373 lib.
2353 3333 2394 3385 ι,
2425 3319 2588 3389 epist.
2623 3320 2716 3386 25,
2740 3322 2805 3374 Τί
2836 3322 2892 3376 δὲ
2920 3324 3021 3377 οὐκ
3041 3323 3260 3395 ἔμελλον
3290 3326 3384 3397 ζή-

1806 3407 1906 3481 λην
1941 3411 2064 3481 ἐμοὶ
2085 3410 2375 3483 καθορῶσα
2390 3411 2490 3483 τὴν
2522 3413 2940 3485 ὲμὴν..ἀδελφὴν,
2967 3416 3035 3487 ἢν
3053 3420 3174 3482 ταῖς
3217 3419 3379 3489 ἐμαῖς

1808 3504 2099 3574 ἀνέτρεφον
2125 3503 2396 3572 ἀγκάλαις
2422 3520 2438 3572 ;
2467 3505 2703 3562 Τοιαῦτά
2725 3525 2814 3578 μοι
2844 3508 3150 3580 παράύτῆς
3174 3511 3243 3565 τὰ
3254 3529 3381 3583 τρο-

1807 3595 2111 3667 (palumbem
2137 3614 2205 3669 με
2226 3595 2323 3651 νῦν
2352 3598 2820 3672 ἀντιπελαργοῦσα
2843 3599 3060 3655 δικαίαν
3086 3603 3380 3659 ἀποδίδωσι

1806 3690 1985 3763 χάριν.
2011 3690 2076 3744 Et
2102 3691 2295 3747 Crates
2326 3692 2553 3763 cynicus
2586 3693 2834 3751 scribens
2867 3694 3213 3765 Hipparchize
3242 3711 3380 3752 uxo-

1805 3784 1852 3838 ri
1883 3784 1950 3838 de
1980 3781 2089 3839 tilio
2121 3791 2273 3849 nato,
2329 3784 2621 3855 pollicetur
2674 3786 2778 3842 sibi
2834 3801 2982 3842 curae
3011 3786 3280 3855 futurum,
3318 3799 3381 3846 ut

1808 3875 1964 3929 illum
1985 3876 2148 3929 matri
2174 3875 2441 3931 ciconiam
2470 3891 2570 3947 pro
2591 3892 2725 3932 cane
2758 3879 3002 3934 remittat
3030 3881 3089 3936 in
3126 3890 3375 3939 senecta.

1807 3964 1989 4021 Horus
2034 3964 2303 4020 ciconiam
2334 3966 2506 4022 solam
2549 3982 2616 4023 ex
2642 3969 3012 4026 animantibus
3044 3971 3253 4028 ratione
3280 3988 3377 4029 ca-

1806 4057 2057 4112 rentibus
2093 4056 2383 4111 educatam
2421 4071 2452 4110 a
2492 4058 2812 4127 parentibus
2843 4060 3036 4117 iisdem
3062 4077 3249 4133 parem
3284 4080 3375 4120 re-

1808 4145 1950 4202 ferre
1965 4147 2193 4219 gratiam
2216 4145 2368 4201 dicit.
2387 4145 2734 4215 Aristoteles,
2757 4150 2987 4217 Plinius,
3009 4152 3103 4208 lib.
3127 4168 3183 4218 ιι,
3204 4169 3254 4209 c.
3270 4154 3374 4218 50;

1808 4239 2079 4306 Elianus,
2110 4256 2167 4294 ιι
2196 4239 2275 4293 De
2314 4240 2503 4294 histor.
2567 4241 2757 4309 anim.,
2812 4255 2935 4314 cap.
2983 4244 3089 4314 30;
3127 4245 3377 4317 MerOpas

1807 4332 1949 4387 idem
1996 4330 2178 4386 facere
2237 4332 2505 4387 scribunt.
2550 4331 2816 4404 Scaliger,
2850 4333 3146 4390 Exercitat.
3190 4347 3376 4392 contra

110 4430 355 4495 Plinius,
386 4430 481 4485 lib.
511 4446 566 4495 ι,
599 4445 718 4500 cap.
750 4429 814 4484 31
852 4447 866 4483 :
903 4426 1131 4484 Ciconia:
1162 4447 1389 4501 quonam
1414 4447 1442 4485 e
1477 4431 1589 4487 loco
1619 4448 1702 4487 ve-
1734 4437 1779 4493 D
1804 4423 2131 4487 Cardanum.
2196 4425 2288 4489 25,
2361 4427 2427 4488 4,
2481 4424 2652 4481 relerl
2705 4427 3024 4482 Africanum
3097 4429 3375 4486 Vulturem

111 4519 296 4584 niant,
334 4527 426 4571 aut
463 4533 565 4588 quo
611 4534 666 4571 se
692 4516 966 4586 conferant
994 4518 1372 4589 incompertum
1398 4519 1568 4574 adhuc
1598 4529 1696 4575 est.

112 4608 167 4663 E
210 4608 497 4679 longinquo
527 4610 698 4664 venire
731 4625 834 4662 non
874 4607 1112 4675 dubium,
1166 4609 1347 4666 eodem
1392 4628 1493 4683 quo
1543 4629 1698 4683 grues

113 4702 319 4755 modo:
346 4701 472 4757 illas
510 4702 731 4767 hiemis,
780 4701 876 4756 has
920 4703 1121 4757 wstatis
1164 4701 1413 4759 advenas.
1460 4703 1699 4759 Abiturus

112 4805 505 4865 congregantur
553 4796 608 4849 in
654 4795 768 4849 loco
834 4803 1013 4861 certo,
1074 4796 1437 4866 comitataque
1490 4798 1588 4861 sic,
1641 4806 1699 4851 ut

113 4887 271 4942 nulla
314 4889 399 4942 sui
437 4889 638 4958 generis
669 4888 1028 4958 relinquatur,
1072 4889 1176 4943 nisi
1211 4891 1415 4958 captiva
1450 4899 1500 4944 et
1526 4907 1696 4955 serva,

112 4995 213 5033 ceu
230 4977 343 5048 lege
379 4979 634 5046 prazdicta
655 4978 740 5033 die
768 4979 1033 5034 recedunt.
1052 4982 1219 5035 Nemo
1237 4982 1364 5035 vidit
1384 4999 1566 5053 agmen
1581 4984 1697 5037 dis-

112 5069 411 5124 cedentium
434 5088 550 5124 cum
574 5071 929 5127 discessurum
964 5082 1217 5142 appareat
1240 5089 1258 5126 :
1279 5090 1370 5128 nec
1386 5076 1576 5140 venire,
1608 5073 1699 5129 sed

110 5161 321 5216 venisse
368 5163 666 5230 cernimus;
712 5175 989 5235 utrumque
1040 5164 1310 5218 nocturnis
1352 5164 1413 5234 ﬁt
1457 5168 1700 5235 tempori-

112 5253 236 5306 bus.
271 5250 339 5305 Et
387 5256 620 5323 quamvis
664 5255 810 5310 ultra
858 5259 1053 5311 citrave
1092 5257 1387 5327 pervolant,
1434 5273 1698 5327 nunquam

111 5358 301 5400 tamen
355 5346 622 5401 advenisse
673 5365 898 5418 usquam
947 5350 1053 5403 nisi
1101 5358 1256 5403 noctu
1304 5351 1693 5404 existimantur.

109 5435 377 5490 Pithonos
424 5454 605 5492 comen
657 5448 843 5493 vocant
875 5439 930 5493 in
967 5440 1100 5493 Asia
1143 5438 1441 5507 patentibus
1474 5439 1696 5508 campis,

108 5527 205 5582 ubi
232 5539 560 5600 congregatur
589 5531 724 5584 inter
742 5548 800 5586 se
833 5538 1308 5593 commurmurant,
1340 5546 1557 5600 eamque
1582 5546 1699 5601 qua:

109 5622 411 5677 novissima
444 5625 654 5679 advenit
680 5626 936 5687 lacerant,
969 5634 1121 5696 atque
1148 5625 1224 5678 ita
1254 5622 1463 5677 abeunt.
1505 5623 1696 5681 Petro-

111 5715 245 5772 nius
279 5716 500 5773 Arbiter
530 5718 613 5775 his
652 5719 903 5790 epithetis
939 5718 1013 5773 ita
1044 5733 1163 5775 eam
1193 5718 1448 5773 honestat
1477 5736 1489 5770 :

1803 4516 1988 4571 tandiu
2022 4518 2078 4571 in
2127 4517 2298 4589 Libya
2334 4527 2388 4572 et
2427 4516 2651 4573 Atlante
2705 4528 2891 4574 monte
2930 4519 3022 4574 ubi
3065 4533 3191 4575 eum
3233 4518 3375 4583 Sner

1798 4617 2019 4675 vocant,
2068 4611 2270 4677 vivere,
2306 4612 2486 4682 quoad
2524 4611 2708 4667 nudus
2757 4612 2954 4682 pennis
2974 4612 3150 4668 a'suis
3195 4613 3376 4668 alatur

1799 4703 1987 4774 pullis.
2019 4701 2157 4757 llinc
2188 4704 2523 4774 lepidissime
2551 4704 2771 4772 jocatur
2816 4705 2873 4759 in
2911 4703 3152 4770 Gnaeos,
3211 4705 3374 4776 quasi

1800 4810 1864 4849 ex
1885 4795 2008 4859 hac,
2033 4809 2195 4864 quam
2223 4795 2339 4864 ipse
2368 4801 2529 4850 vocat
2561 4809 2758 4849 novam
2793 4794 3080 4851 historiam
3108 4810 3211 4851 nec
3241 4811 3376 4851 con-

1798 4885 2169 4950 temnendam,
2201 4885 2511 4956 ﬁngendum
2539 4887 2611 4941 sit
2653 4887 2724 4941 iis
2753 4886 2901 4940 aliud
2946 4902 3166 4953 nomen,
3209 4904 3375 4959 quam

1800 4977 2233 5047 ἀντιπελαργεϊν,
2260 4992 2456 5046 nempe
2480 4978 2810 5031 ἀντοιωνεῖν.
2841 4976 2965 5030 Πωο
2987 4987 3167 5031 tamen
3185 4984 3373 5032 tantus

1797 5068 1986 5133 homo,
2029 5068 2230 5123 Graecae
2262 5069 2461 5139 lingua:
2489 5066 2805 5138 Latinzeque
2855 5077 3134 5125 corrector
3159 5077 3215 5123 et
3247 5084 3377 5139 pro-

1799 5168 2026 5230 pagator
2074 5159 2443 5232 ἀπορῤοιὸδεῖ,
2493 5160 2586 5213 καὶ
2639 5159 2819 5223 τοίους
2851 5160 2916 5212 ὲκ
2956 5158 3205 5230 τρίποδος
3229 5159 3373 5230 βδέει

1799 5252 2148 5319 λιϐανωτούς,
2176 5262 2230 5308 et
2256 5252 2361 5307 sibi
2397 5253 2535 5309 bene
2561 5254 2709 5308 olere
2733 5253 2968 5308 videtur.
2987 5250 3197 5308 Nomen
3223 5252 3376 5308 Grae-

1801 5343 1881 5399 cis
1910 5344 2272 5415 eﬂingendum
2307 5361 2338 5401 a
2367 5348 2581 5403 vulture
2614 5346 2829 5401 desurni
2858 5345 3036 5411 debet,
3068 5345 3227 5415 cujus
3272 5359 3373 5399 na-

1802 5443 1924 5491 tura
1963 5438 2351 5511 ingeniumque
2414 5440 2851 5511 exprimendum,
2907 5455 3018 5495 non
3049 5440 3121 5495 ab
3156 5440 3371 5508 avibus,

1800 5545 2032 5600 quorum
2064 5533 2310 5605 plerique
2354 5533 2410 5588 in
2441 5541 2693 5604 parentes
2730 5533 2883 5604 impii
2915 5547 3038 5589 esse
3066 5531 3374 5604 deprehen-

1801 5621 2025 5678 duntur.
2052 5625 2187 5680 Cum
2212 5627 2356 5681 enim
2380 5626 2706 5682 sententiam
2735 5625 2877 5681 hanc
2898 5641 3010 5696 prae
3033 5640 3092 5682 se
3120 5624 3265 5681 ferre
3279 5624 3376 5680 de-

1800 5717 1948 5783 beat,
1970 5718 2119 5775 vices
2142 5719 2393 5776 videlicet
2421 5720 2670 5777 beneﬁcii
2703 5719 3021 5795 rependere,
3050 5720 3197 5793 quod
3228 5719 3376 5775 aliti-
