3810 6168
431 270 537 326 905

1760 253 2005 312 LLONIS
2040 253 2317 311 ALLATll

3567 269 3669 326 903

433 379 538 435 bus
566 377 821 433 omnibus
851 392 959 432 non
998 374 1276 441 convenit,
1328 388 1438 429 non
1465 372 1534 428 ab
1561 370 1693 438 illis,
1731 369 1823 427 sed
1855 376 1997 428 a‘re,
2029 368 2072 423 Α
2100 373 2343 436 pretatus
2370 374 2454 425 est
2481 370 2647 426 verba
2676 369 2863 429 στω
2890 372 3157 446 Georgius
3182 375 3361 432 Dousa
3396 376 3453 432 in
3481 376 3666 436 Geor-

433 473 502 527 de
527 468 706 542 quaid
736 468 881 539 quod
917 483 1014 538 per
1042 482 1243 522 nomen
1271 465 1577 536 explicatur
1602 461 1829 524 dicitur,
1862 468 1916 513 at
1934 456 2002 512 de

432 564 649 618 vulture
688 563 741 617 id
771 569 982 616 tantum
1033 574 1223 616 verum
1258 573 1412 625 esse;
1455 555 1731 628 quomodo
1758 566 1889 623 ergo
1915 551 2002 604 ἁν-

433 656 674 709 τοιωνεῖν
697 654 750 710 id
781 656 1096 725 explicaret.
1146 650 1251 708 Sed
1301 650 1583 721 Scaligero
1614 647 1759 704 sicut
1803 652 1999 700 sonant

434 748 641 811 omnia,
669 747 743 800 ita
775 746 985 812 ethoc;
1027 753 1083 800 et
1117 742 1359 814 Scaliger
1394 742 1471 795 ita
1519 738 1741 809 ellingit.
1779 734 2002 790 Graacns

435 854 547 894 non
578 839 728 902 item,
750 837 864 907 qui,
891 838 935 892 si
964 851 994 890 a
1027 836 1244 890 vulture
1266 833 1320 888 id
1347 833 1509 888 vellet
1533 832 1787 895 formare,
1813 827 2003 898 utique

435 945 538 984 nec
567 931 867 998 incongrue
911 926 1119 982 diceret
1174 924 1567 994 ἀντιγυπίζειν,
1630 931 1689 977 ut
1749 930 2001 976 naturam

434 1019 578 1075 hanc
597 1019 830 1074 vulturis
852 1019 1201 1088 exprimeret,
1238 1014 1467 1072 sicutad
1493 1015 1719 1071 ciconiae
1750 1021 2000 1067 naturam

433 1103 842 1174 exprimendam
886 1102 1299 1174 ἀντιπελαργεῖν
1339 1100 1604 1157 vocabulo
1630 1113 1767 1154 usus
1797 1096 1995 1151 fuerat.

431 1193 513 1248 En
545 1192 819 1249 Graeculos
838 1193 1059 1257 sciolos,
1077 1207 1217 1263 quos
1240 1200 1301 1247 tu
1329 1191 1469 1247 male
1501 1199 1693 1247 contra
1726 1188 1808 1243 fas
1830 1199 1996 1241 omne

434 1285 642 1343 laceras
670 1286 913 1356 iniquus,
969 1292 1090 1340 utut
1112 1291 1261 1349 sunt,
1288 1291 1411 1339 tuas
1433 1292 1614 1339 tamen
1635 1285 1997 1352 cognoscunt,

430 1388 489 1437 et
542 1381 813 1444 inscitias,
845 1388 899 1436 et
946 1386 1315 1449 nugamenta:
1346 1378 1469 1433 aliis
1503 1376 1711 1431 fumum
1742 1371 1996 1439 vendita;

430 1472 510 1529 illi
534 1473 707 1529 lucem
736 1470 1037 1543 possident.

503 1563 671 1636 Egre
704 1565 809 1619 fert
838 1566 1081 1618 calamus
1122 1561 1458 1616 ciconiarum
1487 1560 1542 1615 in
1582 1558 1873 1633 Byzantios
1903 1563 2000 1619 be-

435 1656 615 1711 nolicii
656 1671 765 1709 non
817 1653 1183 1715 comminisci,
1219 1668 1449 1723 quarum
1497 1668 1597 1723 0pc
1645 1654 1839 1711 civitas
1902 1657 1993 1710 illa

433 1761 632 1801 noxam
665 1751 979 1815 serpentum
1015 1743 1243 1815 depulit.
1289 1743 1477 1800 Dinmo
1510 1759 1745 1816 namque
1792 1744 2002 1819 Byzan-

432 1837 636 1893 tiorum
667 1836 807 1891 duce
844 1836 1064 1906 plurimi
1094 1836 1360 1892 dracones
1387 1836 1533 1889 illam
1564 1837 1913 1901 infestabant,
1947 1849 2000 1895 et

432 1930 726 2001 perniciem
757 1927 969 1983 civibus
996 1926 1318 1999 aﬂ‘erebant;
1346 1943 1441 1984 eos
1471 1927 1816 1983 inductarum
1851 1931 2000 1986 cico-

431 2019 647 2074 niarum
681 2032 783 2088 ope
806 2015 1164 2073 sustulerunt.
1188 2014 1382 2070 Postea
1409 2029 1533 2069 cum
1565 2007 1791 2069 ciconia:
1822 2017 1999 2070 noxiae

430 2115 616 2164 essent
644 2107 854 2162 civibus
907 2103 1201 2175 multisque
1234 2112 1464 2159 mortem
1516 2103 1797 2170 ail‘errent,
1850 2106 1998 2175 quod

430 2205 710 2270 serpentes
746 2199 801 2253 in
826 2208 1019 2268 puteos
1042 2196 1352 2266 injicerent,
1369 2197 1558 2266 sicque
1586 2210 1759 2266 aquas
1781 2196 2001 2253 infesta-

429 2297 573 2350 rent,
623 2291 707 2346 vel
730 2288 875 2360 quod
905 2289 959 2343 in
990 2288 1138 2344 cives
1166 2288 1220 2342 in
1246 2287 1424 2343 triviis
1454 2287 1731 2358 insperato
1759 2289 1994 2359 projice-

429 2389 571 2447 rent,
603 2382 805 2453 populo
832 2388 975 2434 metu
995 2380 1180 2440 anxio.
1202 2386 1256 2434 et
1287 2379 1504 2435 concilii
1539 2380 1689 2450 inopi
1722 2397 1880 2450 opem
1906 2389 1996 2436 tu-

428 2473 490 2528 lit
517 2471 768 2544 Tyaneus
794 2469 1115 2541 Apollonius
1142 2470 1318 2525 tribus
1344 2469 1574 2526 ciconiis
1594 2486 1625 2526 e
1647 2471 1824 2540 lapide
1854 2470 1996 2527 inter

428 2580 490 2621 se
517 2563 768 2621 obversis
814 2562 1034 2627 erectis,
1066 2576 1188 2638 qua.
1225 2560 1482 2632 deinceps
1517 2562 1639 2618 aliis
1668 2562 1895 2617 ciconiis
1927 2578 1995 2618 ne

427 2655 621 2711 urbem
653 2653 1012 2709 escenderent
1043 2660 1201 2708 erant
1240 2652 1652 2723 impedimento.
1704 2651 1880 2723 Hujus
1909 2654 1995 2709 hi-

428 2747 614 2803 storia
641 2754 832 2801 auctor
862 2752 947 2799 est
972 2742 1274 2815 Hesychius
1303 2742 1550 2800 Milesius
1580 2744 1762 2799 libello
1792 2744 1867 2800 De
1909 2761 1994 2799 re-

429 2839 526 2893 bus
546 2838 736 2907 patriis
780 2834 1404 2902 Constantinopolitanis.
1431 2834 1609 2891 Verba
1657 2836 1778 2906 ejus
1811 2845 1941 2891 sum
1973 2853 1988 2892 :

428 2927 638 2999 Μικρὸν
669 2927 767 2998 μὲν
810 2925 1035 2996 ὕστερον
1078 2924 1289 2988 διαϐὰς,
1325 2923 1545 2980 Dinteus
1579 2940 1795 2996 nempe,
1822 2927 1879 2979 ἐν
1921 2928 1988 2997 τῇ

428 3018 605 3084 πόλει,
629 3019 724 3072 κα)¹
744 3019 870 3080 τοὺς
889 3015 1196 3088 βαρϐάρους
1223 3016 1601 3088 ἀπωσάμενος,
1619 3017 1992 3111 αὑτὸς-εστρα-
2020 3052 2063 3111 c

426 3112 635 3181 τήγησε
663 3109 759 3163 τοῦ
791 3109 962 3181 δήμου
993 3107 1100 3162 τῶν
1136 3108 1461 3173 Βυζαντίων.
1500 3107 1637 3161 Καθ’
1663 3107 1756 3172 οὒς
1780 3108 1845 3180 δὴ
1872 3108 1995 3181 χρό-

427 3218 553 3265 νους
584 3201 680 3255 καὶ
701 3200 1012 3273 δρακόντων
1036 3198 1262 3252 πλεῖστα
1283 3197 1415 3267 γένη
1449 3199 1773 3270 ὲπεφοίτησε
1792 3202 1859 3270 τῇ
1893 3199 1992 3252 πό-

426 3293 532 3358 λει,
563 3292 640 3356 ὡς
658 3292 785 3355 τοὺς
812 3290 1092 3354 οἰκοῦντας
1119 3290 1287 3361 αὐτὴν
1311 3289 1715 3362 διαφθείρεσθαι
1748 3306 1763 3321 ⁸
1812 3290 1904 3356 οὒς
1930 3291 1995 3363 δὴ

427 3384 495 3453 τῇ
527 3379 637 3434 τῶν
666 3379 1014 3452 καλουμένων
1045 3379 1334 3452 πελαργῶν
1360 3379 1590 3452 ὀρνίθων
1631 3382 1872 3453 ὲπιφορᾷ
1917 3382 1997 3435 δι-

426 3474 749 3545 εχρήσαντο,
783 3471 1133 3537 Ποσειδῶνος,
1161 3471 1236 3536 ὥς
1253 3489 1406 3543 φασι,
1440 3473 1888 3545 συνεργήσαντος.
1917 3475 1992 3529 Οὐ

428 3564 570 3635 μετὰ
604 3563 738 3617 πολὺ
763 3562 820 3616 δὲ
847 3565 942 3617 καὶ
972 3563 1081 3617 τῶν
1110 3562 1339 3635 ὀρνίθων
1372 3563 1555 3628 αὐτοῖς
1601 3564 1820 3619 ἐναντία
1863 3580 1994 3636 φρο-

425 3657 681 3721 νούντων,
736 3658 831 3712 καὶ
884 3656 1130 3712 θανάτων
1181 3659 1361 3713 αἰτίαν
1391 3657 1724 3727 ἐπαγόντων,
1758 3658 1883 3722 τούς
1932 3676 1992 3711 τε

425 3748 818 3820 ἁλισκομένους
842 3749 1026 3813 αὐτοῖς
1044 3750 1194 3819 ὄφεις
1224 3750 1360 3821 πρὸς
1379 3749 1475 3814 τὰς
1491 3750 1598 3804 τῶν
1620 3750 1825 3805 ὑδάτων
1841 3750 1993 3816 δεξα-

429 3841 597 3913 μενὰς
647 3840 1053 3908 ἀκοντιζόντων,
1103 3841 1197 3895 καὶ
1252 3844 1365 3905 τοῖς
1388 3858 1452 3910 γε
1488 3841 1733 3904 πολίταις
1772 3841 1991 3913 ἀφανῶς

424 3932 842 3996 ἐπιϐαλλόντων,
867 3933 925 3986 ὲν
947 3933 1156 4005 ἀφασία
1181 3933 1466 3988 διετέλουν.
1512 3934 1675 4006 Ἀνὴρ
1697 3934 1757 3988 δέ
1783 3952 1866 3999 τις
1887 3936 1991 3989 τῶν

424 4023 493 4075 ὲκ
502 4021 743 4087 Τυάνων,
758 4020 995 4092 τοῦνομα
1008 4021 1380 4087 Ἀπολλώνιος,
1398 4025 1463 4077 ὲκ
1477 4022 1623 4077 λίθου
1640 4023 1825 4090 ξεστοῦ
1845 4027 1991 4095 τρεῖς

425 4114 758 4183 ἀνεστήσατο
784 4113 1087 4185 πελαργοὺς
1108 4114 1535 4187 ἀντιπροσώπως
1557 4114 1804 4186 ἀλλήλοις
1822 4115 1990 4185 ὁρῶν-

426 4221 546 4269 τας,
581 4204 629 4257 οἳ
662 4205 756 4257 καὶ
787 4204 947 4275 μέχρι
979 4204 1087 4259 τῶν
1118 4204 1213 4259 νῦν
1253 4204 1567 4277 διαμένουσι
1616 4205 1726 4261 τῶν
1759 4206 1987 4276 χρόνων,

425 4294 487 4347 οὐ
519 4292 922 4365 συγχωροῦντες
967 4293 1312 4364 ὲπιφοιτῆσαι
1366 4295 1433 4364 τῇ
1478 4293 1629 4347 πόλει
1665 4294 1726 4347 τὸ
1755 4294 1864 4348 τῶν
1903 4311 1992 4348 πε-

2103 456 2177 525 gii
2202 455 2394 512 Cadini
2420 460 2602 517 libello
2624 461 2702 517 De
2730 465 2883 519 rebus
2903 468 3094 537 patriis
3112 465 3663 539 Constantinopoleos,

2101 561 2227 601 cum
2255 549 2330 603 ita
2352 551 2671 622 scripserit:
2706 554 2831 611 Non
2860 558 3008 628 longe
3035 568 3174 627 post,
3205 576 3321 613 cum
3351 577 3467 615 aues
3491 563 3668 616 inimi-

2103 654 2219 693 cum
2246 643 2481 696 animum
2504 644 2820 713 induissent,
2845 658 3064 704 mortem
3092 651 3304 719 insuper
3317 652 3594 720 inferrent,
3619 665 3673 708 el

2102 738 2363 798 serpentes
2397 732 2450 785 in
2485 748 2624 803 aqua
2666 748 2846 805 captos
2878 739 2933 791 in
2960 739 3099 792 viam
3142 740 3405 809 publicam
3433 745 3671 813 projice-

2101 827 2236 883 rent,
2271 821 2407 874 cives
2430 829 2642 890 stupore
2671 825 2900 891 perculsi
2926 835 3098 881 erant.

2172 908 2331 977 lbid.,
2364 910 2460 966 lin.
2480 912 2568 967 54.
2614 918 2684 968 Ai
2725 914 2793 970 δὲ
2828 916 3063 987 γέρανοι
3091 917 3239 988 ὁμοῦ
3269 917 3473 975 πᾶσαι.
3519 919 3677 979 Basi-

2102 1002 2229 1071 lius,
2275 1004 2422 1059 hom.
2458 1004 2521 1060 8:
2556 1008 2679 1072 Πῶς
2717 1009 2816 1080 μὲν
2849 1012 2904 1064 αἱ
2940 1011 3160 1084 γέρανοι
3187 1013 3287 1078 τὰς
3315 1017 3372 1069 ὲν
3409 1019 3475 1089 τῇ
3509 1021 3677 1072 νυκτὶ

2102 1095 2346 1165 φυλακὰς
2396 1099 2461 1151 ἐκ
2510 1102 2859 1172 περιτροπῆς
2885 1103 3263 1175 ὑποδέχονται;
3316 1107 3407 1160 καὶ
3454 1110 3515 1163 αἱ
3540 1136 3548 1142 ο
3572 1109 3675 1180 μὲν

2100 1185 2470 1253 καθεύδουσιν,
2489 1191 2547 1242 αἱ
2572 1190 2628 1244 δὲ
2649 1191 2833 1265 κύκλῳ
2855 1195 3161 1265 περιῖοῦσαι
3193 1199 3366 1250 πᾶσαν
3387 1186 3592 1264 αὑταῖς
3613 1204 3676 1255 ἐν

2098 1276 2176 1347 τῷ
2204 1276 2359 1351 ὕπνῳ
2382 1282 2709 1353 παρέχονται
2734 1285 2832 1356 τὴν
2853 1284 3171 1355 ἀσφάλειαν.
3197 1286 3331 1344 Εἶτα
3346 1291 3437 1344 τοῦ
3465 1293 3674 1365 καιροῦ

2097 1369 2197 1441 τῆς
2244 1371 2488 1444 φυλακῆς
2542 1374 2946 1448 πληρουμένου,
2998 1380 3031 1450 ἡ
3097 1379 3196 1451 μὲν
3232 1379 3471 1451 βοήσασα
3532 1385 3676 1454 πρὸς

2100 1457 2267 1515 ὕπνον
2296 1464 2584 1534 ἐτράπετο,
2616 1469 2650 1537 ἡ
2679 1466 2735 1520 δὲ
2756 1468 2853 1538 τὴν
2885 1468 3135 1542 διαδοχὴν
3168 1471 3567 1547 ὑποδεξαμένη,
3606 1473 3676 1548 ἦς

2101 1548 2289 1621 ἔτυχεν
2313 1553 2608 1622 ἀσφαλείας
2623 1556 2919 1611 ἀντέδωκεν
2944 1560 3002 1613 ὲν
3034 1559 3110 1630 τῷ
3140 1559 3313 1631 μέρει.
3339 1562 3565 1634 Ταύτην
3581 1565 3678 1617 καὶ

2106 1642 2163 1695 ὲν
2186 1645 2254 1714 τῇ
2272 1645 2469 1715 πτήσει
2485 1645 2582 1716 τὴν
2604 1647 2853 1713 εὐταξίαν
2883 1648 3126 1719 κατόψει.
3156 1650 3372 1705 Ἀλλοτε
3403 1653 3518 1724 γὰρ
3534 1654 3675 1725 ἄλλη

2105 1733 2204 1803 τὴν
2232 1735 2453 1807 ὁδηγίαν
2478 1738 2779 1809 ἐκδέχεται,
2813 1741 2906 1794 καὶ
2940 1742 3137 1796 τακτόν
3159 1761 3278 1798 τινα
3308 1746 3499 1816 χρόνον
3531 1762 3677 1816 προ-
3778 1784 3779 1795 η

2106 1820 2530 1896 καθηγησαμένη
2556 1825 2655 1896 τῆς
2686 1828 2957 1899 πτήσεως,
2991 1832 3072 1894 είς
3101 1832 3159 1886 τὸ
3191 1835 3417 1887 κατόπιν
3446 1836 3679 1906 περιελ-

2107 1912 2275 1967 θοῦσα
2310 1918 2374 1986 τῇ
2401 1915 2519 1986 μεθ’
2542 1918 2710 1990 αὐτὴν
2744 1920 2840 1989 τὴν
2866 1922 3161 1993 ἡγεμονίαν
3181 1925 3277 1996 τῆς
3303 1924 3420 1979 όδοῦ
3445 1928 3679 1998 παραδὶ-
3778 1972 3779 1989 γ

2102 2001 2289 2058 δωσιν.
2323 2002 2533 2059 Similia
2568 2009 2760 2063 scribit
2791 2010 3134 2078 Aristoteles,
3182 2014 3277 2070 lib.
3324 2032 3377 2070 rx
3407 2015 3489 2071 De
3540 2017 3675 2073 hist.
3778 2004 3779 2009 “

2104 2094 2294 2161 anim.,
2325 2110 2446 2166 cap.
2474 2099 2573 2166 10;
2602 2098 2834 2167 Plinius,
2863 2103 2961 2160 lib.
2992 2121 3048 2172 ιι,
3081 2119 3199 2175 cap.
3227 2105 3334 2174 25;
3377 2105 3562 2175 Phile,
3611 2111 3671 2166 in

2104 2186 2339 2255 lambis;
2365 2188 2635 2258 Elianus,
2670 2194 2765 2249 lib.
2802 2210 2843 2249 ιι
2872 2194 2950 2250 De
2972 2197 3095 2253 hist.
3127 2198 3314 2264 anim.,
3345 2216 3465 2270 cap.
3506 2201 3565 2256 1.

2172 2278 2291 2335 Col.
2327 2280 2448 2349 753,
2484 2284 2583 2338 lin.
2621 2285 2671 2340 l.
2734 2286 2838 2341 Ἐν
2865 2286 2935 2340 δέ
2962 2287 3044 2355 τῷ
3071 2289 3398 2344 καθεύδειν.
3425 2290 3671 2359 Plinius,

2101 2369 2196 2427 lib.
2228 2388 2286 2439 x,
2314 2388 2433 2445 cap.
2482 2374 2587 2443 2'5;
2639 2375 2991 2445 Plutarchus,
3039 2379 3119 2435 De
3169 2382 3350 2436 solert.
3411 2385 3672 2450 animal;

2101 2460 2305 2529 Horus,
2331 2464 2429 2521 lib.
2460 2481 2520 2533 ιι,
2553 2481 2675 2537 cap.
2704 2467 2809 2536 94;
2859 2469 3205 2536 Aristoteles,
3235 2472 3330 2529 lib.
3363 2490 3442 2538 Ix,
3465 2474 3557 2530 De
3589 2477 3672 2531 Iri-

2100 2564 2231 2611 stor.
2289 2557 2537 2622 animal,
2598 2574 2721 2630 cap.
2782 2560 2883 2629 10;
2931 2561 3225 2633 Gregorius
3261 2564 3670 2639 Nazianzenus,

2099 2656 2239 2702 orat.
2272 2647 2327 2713 2,
2359 2649 2427 2705 de
2481 2650 2812 2721 Theologia;
2849 2652 3125 2723 Elianus,
3163 2659 3256 2714 lib.
3296 2673 3380 2725 ιιι,
3422 2660 3507 2717 De
3539 2663 3667 2718 hist.

2100 2742 2289 2808 anim.,
2322 2756 2444 2824 cap.
2476 2743 2577 2810 13;
2608 2744 2877 2803 Maximus
2900 2749 3120 2820 Tyrius,
3146 2760 3285 2808 orat.
3311 2754 3414 2820 40;
3443 2753 3668 2824 Cicero,

2099 2846 2138 2884 ιι
2173 2830 2246 2885 De
2274 2819 2469 2887 natura
2520 2832 2781 2902 deorum;
2828 2819 3073 2904 Solinus,
3102 2840 3349 2899 Andreas
3393 2819 3667 2912 Alciatus,

2097 2922 2191 2979 lib.
2228 2923 2585 2996 tParergon.,
2618 2941 2739 2998 cap.
2770 2928 2861 2994 20,
2894 2932 2987 3001 qui
3023 2942 3135 2987 tum
3163 2933 3231 2989 de
3267 2950 3461 3005 gruum
3498 2952 3671 2993 excu-

2096 3017 2224 3081 biis,
2275 3026 2390 3072 tum
2441 3020 2624 3074 volatu
2657 3028 2918 3077 tractant.
2950 3024 3017 3078 Et
3042 3026 3427 3094 Cassiodorus,
3447 3028 3553 3084 lib.
3590 3047 3667 3095 ix,

2095 3108 2255 3178 epist.
2288 3108 2324 3161 2
2355 3127 2367 3162 :
2407 3106 2569 3165 Grues
2594 3112 2847 3167 moralem
2880 3125 3129 3170 noverunt
3166 3133 3404 3174 exercere
3441 3136 3667 3175 concor-

2095 3200 2241 3254 diam
2270 3216 2289 3255 :
2318 3202 2454 3256 inter
2489 3221 2621 3274 quas
2672 3206 2851 3260 nullus
2911 3210 3172 3277 primatus
3218 3214 3508 3281 queritur;
3539 3216 3668 3284 quia

2095 3290 2391 3360 iniquitatis
2421 3293 2651 3349 ambitus
2674 3312 2779 3350 non
2826 3296 3068 3353 habetur.
3128 3298 3361 3369 Vigilant
3403 3302 3663 3371 uicissim,

2096 3384 2358 3438 communi
2389 3401 2444 3439 se
2470 3387 2679 3441 cautela
2710 3388 3035 3454 custodiunt,
3069 3391 3177 3459 ipse
3196 3402 3381 3460 pastus
3423 3394 3663 3450 attentus

2093 3482 2191 3529 est.
2224 3473 2313 3529 Sic
2341 3473 2508 3530 honor
2530 3478 2691 3533 nullis
2716 3478 2993 3544 adimitur,
3025 3479 3151 3533 dum
3190 3482 3368 3536 omnia
3398 3483 3495 3538 sub
3528 3502 3669 3539 com-

2095 3566 2338 3620 munione
2365 3578 2658 3624 servantur.
2684 3568 2729 3623 Η
2738 3570 2782 3624 is
2804 3571 2965 3625 etiam
2992 3570 3196 3625 uolatus
3218 3572 3417 3626 vicaria
3444 3579 3665 3643 aquati-

2097 3665 2202 3711 tate
2230 3657 2548 3725 disponitur,
2594 3662 2786 3715 ultima
2813 3662 2876 3729 ﬁt
2911 3663 3107 3731 prima,
3150 3672 3200 3716 et
3229 3679 3345 3734 qua:
3373 3665 3665 3731 primatum

2095 3750 2260 3803 tenuit
2281 3766 2393 3805 esse
2417 3752 2675 3820 posterior
2703 3769 2806 3806 non
2835 3762 3063 3809 recusat.
3108 3753 3197 3808 Sic
3224 3755 3457 3826 quadam
3519 3773 3666 3812 cont-

2093 3840 2338 3895 munione
2380 3841 2596 3896 sociata:
2618 3841 2719 3895 sibi
2757 3843 2869 3896 sine
2902 3844 3107 3914 regibus
3139 3844 3518 3914 obsequuntur,
3552 3848 3666 3901 sine

2093 3928 2369 3984 dominatu
2392 3940 2598 4000 parent,
2624 3932 2735 3986 sine
2763 3942 2962 3988 terrore
3007 3935 3356 4001 famulantur.
3402 3935 3666 3992 Volunta—

2092 4020 2188 4074 ria:
2233 4020 2503 4074 serviendo
2560 4020 2737 4075 liberte
2777 4032 2921 4088 sunt,
2959 4032 3009 4077 et
3039 4025 3256 4079 invicem
3288 4043 3343 4081 se
3388 4027 3665 4098 diligendo

2091 4112 2419 4167 muniuntur.
2439 4111 2678 4176 Quarum
2699 4129 2876 4168 rerum
2903 4116 3205 4183 scriptores,
3242 4133 3418 4170 rerum
3442 4128 3667 4173 natura-

2092 4200 2221 4254 lium
2249 4209 2571 4269 contuentes,
2620 4203 2863 4272 politiam
2895 4205 3279 4276 quodammodo
3328 4208 3467 4261 inter
3522 4210 3664 4277 ipsos

2090 4307 2202 4345 esse
2232 4308 2661 4361 commemorant,
2679 4314 2810 4365 quas
2828 4299 2988 4352 civica
3015 4298 3205 4367 aﬂ‘ectu
3227 4299 3389 4353 uiuere
3410 4317 3665 4370 cognove-

427 4382 645 4455 λαργῶν
696 4383 872 4453 γένος.
915 4381 1047 4448 Quae
1078 4398 1359 4453 perperam
1388 4383 1547 4437 aliter
1576 4381 1769 4437 Latine
1815 4383 1987 4438 intcr-
2017 4398 2067 4458 ι)
2093 4389 2236 4436 runt.
2289 4382 2445 4448 Quod
2497 4392 2678 4439 autem
2735 4388 2888 4440 multi
2934 4395 3159 4441 narrant
3204 4388 3271 4443 de
3304 4388 3508 4458 lapide,
3556 4407 3665 4460 quo

428 4486 638 4547 pretata
672 4483 819 4540 sunt,
864 4489 989 4529 cum
1022 4474 1304 4529 sententia:
1360 4472 1603 4528 auctoris
1649 4472 1851 4530 Graeca:
1880 4474 1985 4529 La-

430 4571 544 4622 tina
572 4580 682 4620 non
711 4563 1097 4634 respondeant.
1130 4561 1250 4617 Non
1282 4562 1427 4618 enim
1461 4564 1687 4620 ciconia
1720 4580 1788 4619 ex
1826 4568 1987 4636 aquis

425 4656 786 4714 extrahebant
838 4661 1140 4724 serpentes,
1197 4668 1335 4724 quos
1391 4653 1447 4707 in
1483 4654 1690 4725 plateas
1741 4656 1987 4726 publicas

426 4750 785 4822 projicerent;
825 4747 921 4802 sed
952 4745 1178 4801 ciconiae
1213 4745 1457 4800 sublatos
1517 4752 1819 4816 serpentes,
1861 4762 1989 4817 par-

425 4843 526 4897 tim
557 4842 611 4895 in
641 4849 858 4911 puteos,
892 4838 1007 4893 sive
1037 4837 1308 4892 cisternas
1345 4834 1724 4899 demittebant,
1753 4852 1986 4908 quorum

426 4947 637 4988 veneno
667 4945 822 5001 aquae
852 4928 1257 4992 inliciebantur,
1293 4926 1524 4996 ideoque
1550 4927 1762 4984 civibus
1793 4929 1987 4985 biben-

425 5025 573 5079 tibus
595 5024 791 5087 noxiaa,
824 5021 907 5076 vel
934 5021 1125 5076 saltem
1148 5029 1417 5090 suspectae
1441 5018 1830 5087 reddebantur,
1861 5037 1987 5092 par-

425 5121 523 5173 tim
558 5131 724 5186 super
741 5115 888 5185 ipsos
919 5114 1064 5169 cives
1090 5112 1237 5167 aliud
1263 5120 1511 5183 agentes,
1543 5113 1628 5167 vel
1662 5114 1832 5169 rebus
1862 5114 1985 5168 aliis

426 5210 482 5264 in
526 5209 705 5264 triviis
754 5214 809 5262 et
847 5205 1042 5276 plateis
1092 5204 1324 5275 publicis
1379 5204 1754 5260 incumbentes
1790 5214 1982 5275 praeter

427 5317 600 5370 spem,
637 5312 690 5354 et
713 5298 992 5368 absqueeo
1016 5295 1163 5368 quod
1194 5295 1297 5365 ipsi
1330 5295 1383 5349 id
1406 5296 1786 5363 odorarentur,
1812 5298 1986 5368 conji-

429 5392 662 5445 ciebant.
686 5387 865 5455 Quare
890 5390 1038 5441 cives
1068 5392 1123 5441 et
1169 5394 1316 5439 metu
1354 5387 1602 5455 periculi,
1654 5397 1709 5442 et
1762 5390 1984 5445 remedii

427 5481 624 5551 ignari,
644 5480 897 5535 maximis
913 5479 1244 5549 urgebantur
1264 5479 1552 5546 angustiis.
1580 5478 1751 5533 Simili
1777 5495 1981 5546 errore,

425 5583 479 5626 et
508 5572 624 5641 pari
663 5571 941 5627 sententiae
967 5570 1305 5642 ignoratione
1326 5569 1381 5625 in
1420 5570 1690 5626 similibus
1719 5573 1900 5634 verbis
1931 5582 1985 5628 et

430 5661 621 5720 eadem
657 5663 904 5731 materia,
935 5663 1180 5733 quamvis
1213 5661 1270 5717 in
1312 5670 1532 5719 auctore
1554 5661 1770 5720 diverso
1802 5665 1976 5721 inter-

2089 4486 2253 4539 grues
2295 4481 2555 4544 tanquam
2608 4473 2924 4530 fulcimento
2972 4484 3221 4541 utuntur,
3267 4477 3399 4531 dum
3449 4480 3660 4542 volant,

2089 4561 2287 4618 falsum
2343 4581 2465 4621 esse
2504 4566 2637 4619 dicit
2682 4565 3024 4634 Aristoteles,
3089 4567 3184 4622 lib.
3233 4583 3353 4633 vm,
3407 4567 3485 4623 De
3533 4570 3656 4623 hist.

2091 4659 2277 4722 anim.,
2310 4673 2431 4729 cap.
2464 4657 2562 4712 12:
2598 4656 2700 4711 Sed
2737 4659 2911 4711 avium
2933 4676 3109 4729 grues,
3150 4669 3208 4711 ut
3233 4660 3433 4713 dictum
3461 4671 3567 4724 est,
3598 4676 3661 4715 ea;

2089 4750 2290 4804 ultimis
2315 4750 2368 4804 in
2389 4750 2583 4803 ultima
2610 4749 2822 4815 abeunt,
2860 4751 3037 4804 uolant
3066 4752 3201 4819 ﬂatu
3224 4751 3473 4806 secundo.
3506 4752 3659 4819 Quod

2088 4839 2151 4894 de
2178 4840 2351 4909 lapide
2387 4848 2631 4905 narrant,
2676 4838 2872 4908 falsum
2906 4849 3004 4900 est,
3033 4842 3255 4910 lapidem
3290 4843 3433 4895 enim
3462 4859 3556 4896 eas
3582 4853 3656 4897 te-

2088 4949 2207 4986 nere
2239 4931 2564 5001 fulcimento,
2601 4948 2750 5001 quem
2777 4931 2866 4985 ubi
2893 4931 3166 4997 deciderit,
3200 4934 3369 5000 accipi
3392 4934 3575 4987 utilem
3592 4932 3658 4986 ad

2089 5025 2210 5080 auri
2222 5024 2583 5095 probationem
2615 5024 2787 5077 aiunt.
2831 5023 3018 5094 Neque
3054 5025 3273 5080 silentio
3320 5034 3657 5096 praetereun-

2089 5115 2216 5170 dum
2279 5113 2424 5186 quod
2470 5113 2647 5169 Julius
2684 5112 2930 5186 Scaliger
2974 5115 3030 5169 in
3080 5114 3310 5170 Poeticis
3344 5117 3402 5170 in
3436 5114 3654 5172 Graecos

2089 5206 2491 5262 animadvertit.
2532 5203 2792 5260 Fabulam
2815 5221 2938 5262 esse
2963 5207 3272 5277 graculam,
3308 5223 3434 5277 quae
3459 5207 3655 5263 Home-

2087 5313 2183 5352 rus
2211 5294 2378 5350 refert
2403 5293 2470 5349 de
2509 5309 2703 5365 gruum
2755 5310 2878 5349 cum
2932 5297 3192 5367 pygmaais
3245 5312 3451 5368 pugna.
3499 5295 3652 5363 Quod

2088 5404 2212 5445 cum
2263 5397 2411 5443 esset
2456 5385 2827 5450 Homericum,
2857 5389 2926 5443 ab
2970 5387 3204 5444 Homero
3240 5388 3472 5455 dictum,
3522 5390 3651 5445 nihil

2087 5481 2286 5535 mirum
2329 5479 2375 5534 si
2403 5495 2511 5534 non
2556 5479 2761 5535 arridet
2786 5478 3081 5551 Scaligero.
3116 5480 3252 5535 Illud
3282 5481 3484 5536 mirum
3514 5497 3648 5553 quo-

2087 5566 2249 5627 mOdo
2281 5571 2361 5625 illi
2399 5586 2507 5625 non
2532 5570 2798 5635 arriserit,
2838 5571 2978 5626 idem
3012 5570 3315 5629 aﬂirmante
3335 5575 3645 5629 Aristotele.

2086 5662 2187 5717 Hic
2216 5676 2470 5732 namque,
2525 5659 2620 5717 lib.
2656 5662 2880 5737 vnnDe
2917 5663 3041 5719 hist.
3076 5666 3265 5730 anim.,
3307 5680 3430 5728 cap.
3469 5665 3539 5722 12
3567 5663 3643 5720 vel
