3810 6168
101 259 223 314 905

1248 257 1312 312 ΙΝ
1347 256 1722 338 EUSTATHII
1761 257 2234 313 HEXAEMERON
2271 253 2499 314 NOTAL‘.

3267 262 3372 318 906

102 375 200 438 15,
227 380 290 428 ιιι
315 372 431 426 vult
477 371 739 441 Scaliger,
785 374 856 428 ita
890 373 1102 435 scribit,
1149 373 1303 425 Ἔστι
1360 372 1417 426 δὲ
1461 374 1486 426 ὑ
1531 374 1687 436 τόπος

1800 374 1977 443 pluvia
2016 377 2207 428 divino
2241 376 2473 444 quodam
2505 377 2728 430 numine
2767 389 2930 431 canes
2980 376 3268 434 latratibus
3299 380 3378 433 ci-

95 461 268 530 οὗτος
290 465 418 536 ττι-τρὶ⁸
449 465 510 518 ὃν
544 467 592 516 οἱ
622 467 892 536 Πυγμαῖοι
929 464 1292 518 κατοικοῦσιν.
1317 466 1390 516 Οὐ
1425 465 1533 533 γάρ
1579 467 1693 520 ἐστι

95 559 272 612 τοῦτο
305 557 494 628 μῦθος,
523 557 636 610 ἀλλ’
664 557 778 611 ἔστι
807 558 947 610 κατὰ
965 558 1064 628 τὴν
1097 555 1355 626 ἀλήθειαν
1376 597 1392 622 ,
1421 556 1578 625 γένος
1607 575 1696 628 μι-

96 649 245 722 κρὸν
282 650 382 720 μὲν
419 648 606 721 ὥσπερ
660 649 896 716 λέγεται,
939 650 1033 702 καὶ
1079 650 1232 703 αὐτοὶ
1285 650 1378 702 καὶ
1429 650 1478 702 οἱ
1510 650 1690 714 ἵπποι,

97 740 480 812 τρωγλοδύται
509 740 552 792 δ’
576 742 684 793 εἰσὶ
707 740 798 793 τὸν
827 741 957 810 βίον.
990 741 1234 806 Quorum
1265 756 1328 794 ea
1356 750 1440 795 est
1474 748 1696 796 senten-

93 835 205 896 tia,
243 833 302 887 1's
329 833 472 885 locus
491 843 591 896 est,
623 848 776 902 quem
806 835 1030 902 pygmwi
1057 831 1341 885 habitant:
1369 847 1530 903 neque
1553 833 1693 886 enim

89 927 204 981 hoc
266 926 451 996 fabula
483 935 581 990 est,
631 925 722 979 sed
755 935 832 978 est
881 925 1166 978 secundum
1198 926 1488 987 ueritatem,
1535 942 1694 994 genus

87 1019 384 1087 pusillum,
405 1027 460 1070 ut
489 1016 722 1070 traditur
747 1025 797 1070 et
826 1017 948 1085 ipsi,
978 1027 1027 1070 et
1057 1017 1192 1087 equi,
1219 1026 1266 1068 et
1299 1027 1356 1068 ut
1385 999 1696 1086 troglodyta:

91 1111 303 1180 reliqui
344 1110 506 1163 vitam
538 1110 753 1180 degunt.
789 1106 1000 1173 Quibus
1056 1107 1240 1162 verbis
1285 1105 1416 1175 quid
1463 1105 1694 1159 manife-

89 1204 473 1274 stius?ncgat
507 1215 630 1257 esse
659 1200 921 1265 fabulam,
953 1199 1244 1254 conlirmat
1273 1198 1577 1253 secundum
1603 1213 1696 1251 ve-

90 1297 332 1351 ritatem
383 1294 455 1347 ita
491 1306 551 1347 se
605 1290 826 1356 habere,
885 1290 1032 1361 quod
1070 1291 1234 1358 vulgo
1286 1288 1692 1351 circumfertur,

91 1401 408 1461 pygmteos,
437 1399 741 1456 eorumque
770 1399 943 1454 equos
977 1383 1204 1452 pusillos
1226 1397 1368 1438 esse.
1405 1380 1692 1447 Quomodo

88 1495 242 1552 ergo
266 1479 487 1533 fabula?
508 1479 620 1542 Ait,
650 1476 1037 1547 philosophum
1071 1490 1287 1544 semper
1328 1473 1691 1536 moderatum,

89 1584 151 1628 et
187 1571 522 1642 prudentem
554 1569 692 1626 illud
738 1568 1015 1625 addidisse
1043 1565 1232 1637 ὥσπερ
1260 1565 1502 1634 λέγεται.
1533 1565 1695 1620 Certe

88 1677 208 1718 nec
227 1661 539 1716 Aristotelis
561 1667 798 1715 mentem
817 1674 919 1715 nec
936 1658 1263 1714 sententiam
1281 1662 1569 1711 assecutus
1588 1661 1706 1711 est;

1796 477 1890 517 ves
1927 462 2038 530 jam
2101 479 2294 518 somno
2343 464 2549 533 sopitos
2606 463 2951 530 excitarunt;
3005 466 3206 534 quibus
3251 483 3375 522 cum

1796 554 2096 622 lampades,
2132 571 2226 610 seu
2262 555 2434 609 nubes
2466 570 2708 610 accensae
2733 555 3030 624 periculum
3057 557 3168 625 jam
3197 559 3372 612 i'mmi-

1799 661 1934 700 nens
1978 645 2348 700 ostendissent
2395 646 2560 699 alacri
2589 647 2770 700 animo
2800 646 3013 701 hostem
3059 647 3127 701 ab
3162 647 3250 701 illa
3284 665 3376 702 ur—

1795 737 1880 793 bis
1935 731 2218 793 obsidione
2260 740 2592 809 repnlerunt.
2631 739 2921 794 llesichius
2966 739 3229 803 Milesius.
3277 742 3370 796 lib.

1795 825 1874 879 De
1921 826 2074 881 rebus
2121 829 2307 897 patriis
2360 827 2958 898 Constantinopolitanis
3001 847 3018 884 :
3068 832 3183 900 Ἐφ’
3206 828 3377 904 οὗπερ

1793 919 2054 983 Φίλιππος
2107 924 2134 974 ό
2186 921 2294 973 τῶν
2342 922 2666 975 Μακεδόνων
2719 923 2994 992 βασιλεὺς,
3036 925 3064 976 ό
3112 924 3371 994 Ἀμύντου

1797 1013 1924 1074 παῖς
1954 1011 2212 1080 γεγονὼς,
2246 1013 2446 1085 πολλὴν
2481 1017 2821 1085 ἐπαγόμενος
2851 1017 3078 1088 δύναμιν
3123 1018 3400 1088 ἐπολιόρα-

1796 1119 1881 1155 κει
1910 1104 2008 1174 τὴν
2044 1105 2214 1168 πόλιν,
2250 1105 2466 1176 διώρυξε
2511 1124 2570 1159 τε
2613 1109 2704 1162 καὶ
2749 1113 3020 1174 παντοίοις
3061 1110 3376 1181 πολεμικοῖς

1800 1196 2157 1267 μηχανήμασι
2199 1200 2311 1260 τοῖς
2350 1198 2552 1268 τείχεσι
2590 1202 2998 1271 προσπελαζων.
3049 1204 3158 1256 Καὶ
3208 1204 3272 1275 δὴ
3309 1191 3374 1257 ἂν

1794 1287 1999 1357 ταύτην
2051 1287 2218 1352 ἐξεῖλε
2265 1290 2456 1354 νυκτὸς
2503 1291 2890 1362 ἐπιλαϐόμενος
2935 1294 3234 1365 ἀσελήνου,
3280 1297 3375 1349 καὶ

1797 1378 2002 1452 ὅμδρου
2052 1383 2496 1452 καταρραγέντος
2546 1383 2805 1447 ἐξαισίου,
2858 1388 2905 1438 εἰ
2954 1388 3026 1457 μή
3075 1405 3156 1449 τις
3192 1388 3374 1450 αὐτοῖς

1797 1471 1891 1524 τοῦ
1929 1473 2072 1526 θείου
2105 1475 2292 1542 γεγόνε
2327 1475 2612 1547 συμμαχίσι
2638 1477 2763 1539 τοὺς
2804 1477 2944 1530 κατὰ
2971 1479 3067 1550 τὴν
3096 1479 3244 1531 πόλιν
3273 1479 3365 1532 κύο

1795 1583 1891 1629 νας
1920 1567 2056 1638 πρὸς
2087 1567 2289 1640 ὑλακὴν
2328 1569 2727 1641 ἀναστήσαντος
2747 1610 2760 1633 ,
2805 1572 2898 1623 καὶ
2931 1571 3155 1640 νεφέλας
3204 1572 3373 1642 πυρὸς

1797 1663 1910 1723 τοῖς
1965 1659 2232 1732 ὰρκτῴοις
2286 1663 2656 1731 ἐπαγαγόντος
2693 1664 2947 1735 μέρεσιν·
2995 1663 3053 1730 ἐξ
3096 1661 3265 1736 οὗπερ
3320 1669 3369 1717 οἱ

88 1753 359 1824 Namque
384 1753 518 1808 illud
545 1753 733 1824 ὥσπερ
755 1751 994 1820 λέγεται,
1028 1757 1083 1805 et
1111 1763 1219 1802 una
1241 1762 1455 1804 mecum
1483 1745 1687 1802 Aristo-

1800 1751 1955 1823 δῆμοι
1984 1752 2369 1825 διεγερθέντες,
2399 1756 2490 1808 καὶ
2532 1755 2747 1825 θερμῶς
2781 1759 2894 1820 τοῖς
2935 1755 3211 1828 πολεμίοις
3252 1774 3375 1810 συν-

89 1847 233 1902 telis
253 1846 440 1910 verba,
471 1845 660 1910 lector,
685 1843 992 1907 considera,
1028 1856 1138 1896 non
1169 1838 1406 1895 refertur
1437 1837 1502 1893 ad
1541 1838 1696 1892 fabu-

88 1940 237 2003 lam,
289 1937 449 2007 quasi
493 1937 624 1992 velit
679 1935 1002 1992 Aristoteles
1068 1947 1440 2005 pygmaeorum
1490 1929 1693 1985 famam

91 2046 219 2086 non
249 2045 375 2086 esse
407 2029 643 2085 fabulam
674 2028 862 2101 ὥσπερ
911 2026 1150 2095 λέγεται,
1191 2023 1288 2080 sed
1313 2022 1380 2078 ad
1420 2038 1693 2095 pygmazos

90 2127 282 2194 ipsos,
310 2124 404 2195 qui
439 2125 794 2189 utdicuntur,
823 2122 1024 2192 pusillo
1045 2128 1174 2176 sunt
1203 2135 1424 2191 genere,
1450 2134 1574 2173 cum
1595 2133 1692 2175 eos

90 2216 440 2273 Aristoteles
465 2232 576 2273 non
605 2215 820 2271 viderit.
870 2213 976 2269 Sed
1025 2215 1149 2270 vide
1188 2215 1483 2284 pessimam
1518 2212 1695 2266 homi-

92 2309 194 2362 nis
233 2309 543 2375 audaciam,
573 2316 738 2379 atque
758 2307 1145 2372 temeritatem,
1182 2306 1238 2361 in
1265 2298 1378 2362 'sua
1425 2308 1694 2376 interpre-

91 2399 322 2454 tatione
351 2399 542 2454 Latina
563 2399 748 2455 omisit
774 2413 896 2469 quae
920 2405 1115 2452 contra
1148 2413 1208 2454 se
1236 2399 1476 2452 militare
1497 2397 1692 2453 existi-

89 2490 318 2554 mabat,
351 2500 407 2546 et
427 2491 681 2558 reddidit,
724 2489 809 2544 Ea
843 2491 959 2546 loca
993 2500 1116 2545 sunt
1143 2506 1260 2561 qua:
1285 2491 1509 2561 pygmari
1549 2492 1692 2542 inco-

92 2585 228 2636 lunt
259 2597 278 2634 :
311 2583 566 2651 pusillum
627 2601 814 2655 genus,
861 2593 921 2636 ut
959 2584 1109 2638 aiunt
1142 2583 1268 2652 ipsi,
1320 2591 1480 2652 atque
1529 2582 1691 2635 etiam

89 2676 269 2746 equi:
301 2693 654 2747 cavernasque
709 2678 970 2732 habitant.
1032 2675 1230 2732 Haecne
1269 2683 1372 2742 est,
1425 2673 1689 2745 Scaliger,

91 2783 259 2833 vera,
295 2767 420 2834 lida,
448 2777 502 2824 et
529 2784 694 2839 quam
730 2770 785 2824 in
815 2769 940 2825 aliis
967 2783 1079 2824 non
1108 2767 1560 2841 reprehenderes,
1608 2767 1692 2820 in-

92 2861 464 2931 terpretatio?
505 2861 770 2918 Omittere
820 2878 943 2934 qua:
969 2870 1160 2919 contra
1195 2871 1347 2917 tuam
1380 2862 1691 2932 opinionem

95 2951 358 3006 faciunt?
382 2951 546 3008 verba
574 2952 667 3007 illa
691 2952 753 3005 οὐ
773 2953 888 3024 γάρ
916 2955 1032 3008 ἐστι
1050 2954 1208 3008 τοῦτο
1237 2953 1426 3026 μῦθος,
1444 2952 1557 3006 ἀλλ’
1576 2952 1692 3006 ἔστι

95 3041 254 3097 κατὰ
303 3042 402 3114 τὴν
449 3043 727 3116 ἀλήθειαν,
771 3044 944 3101 Sorex
988 3046 1281 3118 quispiam,
1340 3053 1401 3101 ut
1429 3053 1580 3116 puto,
1623 3061 1689 3100 ex

93 3245 220 3296 res,
261 3230 380 3284 haec
412 3239 508 3286 tua
539 3232 721 3301 qualia
767 3233 951 3302 qualia
1007 3239 1137 3288 sunt
1188 3232 1371 3304 potius
1412 3230 1689 3286 erodendo

94 3322 454 3386 committere
482 3322 738 3380 debuisti.
772 3323 880 3380 Sed
905 3340 967 3380 ea
991 3333 1215 3379 manent
1235 3324 1423 3394 pejora
1454 3324 1587 3376 fata.
1612 3321 1692 3377 lte

96 3429 259 3469 nunc
279 3415 481 3484 quibus
509 3418 697 3471 tantus
722 3415 885 3473 homo
909 3417 1045 3472 deus
1069 3422 1175 3481 est,
1195 3423 1250 3470 et
1276 3416 1396 3484 ejus
1422 3415 1690 3484 interpre—

94 3507 437 3571 tationibus,
467 3522 532 3562 ac
559 3509 847 3564 sententiis
877 3515 1117 3564 mentem
1147 3507 1353 3562 inllate.
1385 3506 1489 3560 Sed
1517 3507 1584 3562 de
1608 3507 1693 3560 his

96 3600 278 3655 latius
315 3613 540 3671 agemus
562 3601 619 3655 in
652 3611 840 3656 nostro
863 3598 1100 3657 Homero
1125 3615 1155 3654 a
1187 3598 1478 3655 calumniis
1508 3597 1692 3652 vindi-

97 3699 258 3747 cato.

172 3782 350 3848 lbid.,
399 3783 497 3837 lin.
551 3782 604 3837 6.
671 3783 738 3838 Τό
790 3783 860 3837 δὲ
911 3783 1112 3856 γιηνῶν
1166 3783 1361 3854 γένος.
1427 3781 1686 3847 Basilius,

94 3879 258 3930 hom.
287 3874 342 3940 8,
378 3875 500 3939 Πῶς
545 3877 823 3947 ἄγρυπνον
870 3877 932 3929 τὸ
977 3875 1087 3928 τῶν
1130 3877 1312 3947 γηνῶν
1369 3875 1548 3942 γένος,
1596 3875 1692 3927 καὶ

92 3964 246 4039 πρὸς
268 3964 368 4037 τὴν
389 3966 497 4019 τῶν
521 3965 893 4020 λανθανόντων
921 3966 1175 4037 αἴσθησιν
1213 3964 1494 4030 ὀξύτατον.
1532 3963 1600 4016 Oi
1626 3962 1692 4030 γέ

92 4075 239 4112 ποτε
275 4057 372 4110 καὶ
415 4055 513 4128 τὴν
541 4042 809 4127 ,βασιλίδα
848 4056 1001 4109 πόλιν
1047 4053 1476 4127 περιεσώσαντο.
1541 4052 1695 4104 πολε-

94 4151 269 4223 μίους
301 4150 451 4214 τινὰς
474 4153 717 4220 ἀφανεῖς,
749 4150 794 4204 δ’
819 4149 1106 4221 ὑπονόμων
1150 4146 1374 4217 ἀφανῶν
1422 4146 1523 4218 ἤδη
1567 4145 1693 4216 μέλ-

86 4246 301 4306 λοντας
341 4243 439 4314 τὴν
467 4243 644 4314 ἄκραν
674 4243 774 4314 τῆς
810 4241 1000 4314 ῥώμης
1029 4239 1472 4311 καταλαμϐάνειν
1521 4255 1691 4292 κατα-

92 4335 471 4410 μηνύσαντες.
493 4337 560 4391 Et
582 4335 811 4401 Plinius,
841 4335 936 4390 lib.
970 4351 1024 4400 ιι,
1059 4349 1179 4405 cap.
1215 4333 1309 4398 22,
1342 4331 1440 4386 Est
1460 4339 1510 4385 et
1537 4345 1693 4384 anse-

90 4431 145 4483 ri
175 4426 312 4498 vigil
341 4443 501 4492 cura;
527 4435 579 4481 ct
608 4427 874 4493 Isidorus,
914 4427 1011 4480 lib.
1036 4441 1135 4492 xu,
1169 4440 1291 4496 cap.
1318 4424 1372 4490 7,
1405 4421 1517 4476 Iste
1549 4422 1683 4493 vigi-
1719 4441 1764 4495 ι)
1792 4455 2022 4520 Plinius,

87 4522 211 4574 lias
238 4520 410 4573 noctis
440 4519 754 4574 assiduitate
781 4519 1046 4589 clangoris
1074 4527 1325 4572 testatur.

169 4609 340 4672 lbid.,
390 4611 484 4664 lin.
545 4611 598 4666 8.
649 4611 811 4664 Οὕτω
856 4611 1004 4680 γοῦν
1049 4611 1370 4679 πολεμίων.
1422 4607 1689 4675 Isidorus,

88 4709 229 4763 loco
263 4704 414 4758 dicto
443 4723 455 4758 :
492 4703 715 4758 Nullum
744 4713 922 4758 autem
950 4703 1154 4759 animal
1183 4706 1259 4757 ita
1285 4703 1494 4756 odorem
1523 4703 1691 4758 homi-

88 4803 182 4856 nis
212 4799 373 4853 sentit
406 4808 463 4850 ut
501 4814 655 4852 anser
677 4814 696 4851 :
737 4797 876 4851 unde
903 4806 952 4850 et
992 4797 1236 4866 clangore
1268 4796 1381 4864 ejus
1413 4794 1691 4848 Gallorum

88 4910 356 4951 ascensus
391 4893 443 4944 in
469 4889 728 4961 Capitolio
759 4889 1106 4959 deprehensus
1131 4897 1230 4942 est.
1262 4886 1501 4941 Meminit
1527 4887 1691 4954 hujus

89 4983 352 5041 historiae
382 4981 612 5048 Plinius,
647 4981 739 5034 lib.
772 4997 828 5046 ιι,
859 4995 978 5050 cap.
1029 4979 1122 5041 22,
1155 4983 1209 5032 et
1256 4977 1349 5030 lib.
1385 4991 1536 5040 xxix,
1568 4993 1688 5046 cap.

87 5080 146 5143 5,
187 5089 409 5131 necnon
439 5074 602 5129 etiam
645 5073 891 5136 honoris,
920 5085 1084 5141 quem
1115 5083 1385 5133 meruere,
1414 5070 1689 5138 quomodo

89 5177 288 5222 autem
320 5165 373 5219 id
409 5165 669 5220 acciderit
701 5170 885 5217 narrat
925 5160 1201 5227 IElianus,
1234 5158 1308 5213 De
1349 5159 1534 5213 histor.
1571 5159 1692 5211 ani-

87 5256 234 5312 mal.
293 5255 390 5310 lib.
441 5271 538 5316 xu,
587 5255 753 5325 capit.
801 5254 889 5308 55.
939 5251 1178 5308 Consule
1220 5250 1438 5304 Livium
1463 5257 1517 5306 et
1554 5250 1692 5306 alios

89 5354 368 5410 Romanae
416 5350 660 5406 historiae
705 5349 1021 5419 scriptores.
1059 5344 1170 5402 Nec
1199 5344 1452 5401 dissimili
1482 5345 1694 5400 ratione

87 5459 271 5501 canes
293 5452 584 5499 servarunt
611 5441 885 5511 iuniorem
907 5437 1163 5501 Romam,
1189 5443 1320 5490 tunc
1346 5433 1689 5505 Byzantium.

90 5538 240 5593 Dum
275 5535 423 5592 enim
464 5535 769 5604 Philippus,
803 5531 976 5601 copiis
1025 5527 1277 5584 adductis
1322 5525 1555 5596 aliisque
1602 5523 1694 5604 ins

86 5628 426 5686 stramentis
455 5602 690 5690 bellicis,
723 5624 996 5682 moenibus
1041 5623 1354 5676 immineret
1393 5624 1450 5672 et
1477 5602 1696 5671 tantum

86 5737 212 5779 non
238 5726 498 5788 cepisset,
552 5718 610 5771 in
652 5723 807 5770 tanto
845 5713 1110 5785 periculo,
1166 5717 1326 5768 nocte
1383 5708 1580 5776 illumi,
1632 5713 1690 5762 e‘

380 5815 656 5876 PATROL.
689 5812 804 5871 Gn.
831 5809 1061 5871 XVIII.

1797 1842 2130 1913 ενεχθέντες,
2169 1845 2266 1916 ἤδη
2302 1846 2399 1917 τὴν
2437 1846 2587 1900 πόλιν
2619 1847 2722 1899 ὑπὸ
2753 1846 2832 1918 τῷ
2859 1848 3110 1919 Φιλίππῳ
3145 1850 3372 1919 γενομέ-

1803 1951 1900 2004 νην
1929 1934 2206 2006 ἐρύσαντο.

1865 2025 2024 2089 lbid.,
2057 2027 2151 2080 lin.
2184 2027 2236 2080 9.
2272 2029 2351 2080 Δι’
2395 2015 2713 2097 ὑπονόμων
2758 2029 3131 2085 ὑποδύντων.
3165 2030 3373 2096 Livius,

1797 2118 1890 2172 lib.
1933 2135 1981 2183 ν,
2042 2120 2233 2174 scribit
2289 2119 2471 2175 Gallos
2525 2122 2890 2175 animadverso
2947 2122 3016 2175 ad
3075 2123 3374 2178 Carmentis

1795 2226 1984 2264 saxum
2030 2228 2248 2265 ascensu
2295 2228 2464 2280 ecquo,
2523 2222 2671 2265 nocte
2730 2213 2986 2267 sublustri
3033 2231 3152 2267 cum
3202 2217 3374 2284 primo

1793 2303 2064 2368 inermem,
2093 2305 2182 2373 qui
2212 2313 2430 2358 tentaret
2470 2304 2606 2357 viam
2635 2305 3015 2374 prazmisissent
3040 2345 3055 2370 ,
3110 2308 3375 2361 tradentes

1794 2393 1915 2449 inde
1947 2411 2120 2458 arma,
2153 2395 2242 2448 ubi
2270 2395 2396 2464 quid
2433 2397 2598 2467 iniqui
2621 2403 2774 2460 esset,
2807 2395 3000 2449 alterni
3025 2397 3220 2461 innixi,
3251 2399 3374 2452 sub-

1794 2486 2124 2556 levantesque
2152 2487 2390 2551 invicem,
2421 2498 2471 2541 et
2505 2488 2766 2542 trahentes
2810 2486 2906 2540 alii
2935 2488 3068 2542 alios
3097 2497 3252 2557 prout
3279 2505 3375 2558 po-

1794 2578 2018 2632 stularet
2053 2579 2218 2642 locus,
2249 2579 2305 2632 in
2338 2595 2605 2632 summum
2650 2579 2898 2634 evasisse.
2943 2577 3008 2634 Et
3046 2578 3374 2635 PlutarchUs

1795 2668 2022 2725 Camillo
2049 2685 2069 2723 :
2095 2671 2231 2742 Περὶ
2263 2670 2431 2742 μέσας
2469 2670 2668 2735 νύκτας
2713 2671 3003 2734 ἐπιϐάντες
3030 2671 3146 2743 ἅμα
3189 2671 3374 2725 πολλοὶ

1792 2763 1892 2832 τῆς
1929 2759 2130 2831 πέτρας
2157 2758 2394 2832 ἐχώρουν
2424 2760 2535 2814 ἄνω
2571 2761 2708 2829 μετὰ
2743 2761 2991 2832 σιωπῆς;
3024 2758 3250 2818 Servius
3287 2771 3372 2816 ta-

1795 2867 1940 2919 men,
1969 2870 2066 2908 vtu
2095 2851 2356 2908 zEncidos
2400 2853 2457 2908 in
2499 2853 2633 2908 illud
2660 2872 2674 2908 :

1867 2967 2008 3020 Galli
2035 2982 2126 3036 per
2155 2966 2342 3022 dumos
2375 2966 2618 3032 aderant,
2651 2983 2925 3038 arcemque
2959 2968 3304 3038 triumphant,

97 3079 254 3097 ’“”’”“”
316 3079 401 3114 ’Ψ
449 3079 727 3151 “FW”?
771 3079 944 3150 “vf”
988 3079 1307 3152 ξί“¹⁸¹’ν¹“³⁸¹¹’,
1343 3079 1401 3101 ⁸³⁵
1430 3079 1580 3116 Pw”
1623 3079 1689 3100 ⁵⁸
1718 3099 1759 3155 C
1797 3083 1911 3138 haec
1940 3083 2163 3138 adnotat
2195 3101 2208 3135 :
2244 3081 2448 3144 Gallos,
2479 3081 2576 3134 alii
2609 3096 2700 3148 per
2729 3079 2944 3134 dumeta
2976 3093 3025 3135 et
3056 3097 3193 3136 saxa
3224 3099 3373 3151 aspe-

94 3145 203 3192 tuo
228 3137 530 3207 exemplari
557 3146 748 3206 erosnt,
778 3154 867 3194 cui
889 3156 958 3194 ne
989 3147 1238 3210 ingratus
1260 3154 1406 3194 vnces
1427 3137 1689 3207 repende-
1792 3191 1854 3210 η
1908 3176 2002 3210 nm
2029 3191 2118 3210 Μ,
2145 3173 2414 3210 Μηδηηηε
2470 3171 2648 3210 tum",
2677 3181 2892 3210 mm,“
2927 3186 3040 3210 pm,
3073 3171 3351 3210 “MM,”

1792 3191 1876 3238 ra,
1907 3176 2002 3228 alii
2029 3191 2118 3243 per
2144 3173 2436 3235 cuniculos,
2470 3171 2648 3224 dicunt
2677 3181 2892 3224 conatos
2927 3186 3040 3224 esse
3073 3171 3370 3226 ascendere.

1861 3266 2022 3329 lbid.,
2053 3267 2150 3321 lin.
2183 3265 2265 3319 15.
2295 3261 2554 3318 Ἀλκυὼν
2586 3264 2717 3316 ἐστι
2745 3261 3082 3317 θαλάττιον.
3115 3263 3369 3322 Basilius,

1791 3358 1939 3411 hom.
1970 3357 2002 3411 8
2037 3377 2050 3411 :
2095 3354 2331 3409 Ἀλκυὼν
2363 3358 2478 3408 ἐστι
2511 3354 2794 3408 θαλάττιον
2829 3353 3033 3424 ὄρνεον.
3066 3355 3213 3425 Αὕτη
3241 3356 3370 3424 παρ’

1791 3448 1988 3510 αὐτοὺς
2016 3447 2286 3500 νοσσεύειν
2314 3447 2439 3509 τοὺς
2475 3445 2754 3514 αἰγιαλοὺς
2785 3446 3045 3514 πέφυκεν,
3085 3445 3173 3498 ἐπ’
3203 3446 3371 3514 αὐτῆς

1791 3539 1860 3590 τά
1903 3539 1985 3591 ὠά
2026 3538 2125 3608 τῆς
2155 3537 2382 3608 ψάμμου
2417 3536 2762 3607 καταθεμένη
2784 3553 2797 3566 ·
2833 3536 2926 3589 καὶ
2953 3536 3196 3589 νοσσεύει
3229 3538 3371 3590 κατὰ

1797 3629 1958 3700 μέσον
2007 3647 2108 3682 που
2148 3629 2240 3682 τὸν
2294 3627 2578 3698 χειμῶνα,
2627 3629 2716 3680 ὅτε
2774 3627 2986 3700 πολλοῖς
3034 3627 3126 3680 καὶ
3177 3627 3371 3697 βιαίοις

1791 3699 2013 3792 ἀνέμοις
2040 3722 2074 3792 ἡ
2102 3719 2340 3774 Θάλαττα
2365 3723 2430 3791 τῇ
2455 3722 2526 3790 γῇ
2559 3699 3020 3790 προσαράσσεται.
3060 3718 3198 3772 Ἀλλ’
3223 3720 3372 3790 ὅμως

1794 3814 2127 3884 κοιμίζονται
2163 3813 2260 3882 μὲν
2289 3813 2488 3875 πάντες
2534 3812 2762 3883 ἄνεμοι,
2812 3811 3073 3884 ἡσυχάζει
3119 3812 3177 3866 δὲ
3221 3813 3373 3884 κῦμα

1793 3905 2093 3972 θαλάττιον,
2138 3907 2262 3958 ὅταν
2296 3904 2510 3958 ἀλκυὼν
2547 3904 2770 3978 ἐπωάζῃ
2815 3903 2914 3968 τὰς
2962 3903 3102 3958 ἐπτὰ
3137 3905 3368 3976 ἡμέρας.

1805 4001 1891 4052 Ἐν
1918 3999 2207 4063 τοσαύταις
2239 3998 2347 4070 γὰρ
2377 3999 2568 4070 μόναις
2613 3998 2886 4063 ἐκλεπίζει
2937 3999 3064 4062 τοὺς
3103 3999 3369 4063 νεοττούς.

1805 4092 1954 4144 Ἐπεὶ
1981 4091 2037 4143 δὲ
2063 4092 2156 4144 καῖ⁵
2183 4092 2388 4162 τροφῆς
2420 4091 2604 4153 αὐτοῖς
2632 4090 2810 4162 χρεία,
2845 4089 3012 4152 ἄλλας
3053 4088 3194 4142 ἐπτὰ
3237 4089 3372 4160 πρὸς

1791 4185 1889 4256 τὴν
1937 4182 2046 4235 τῶν
2087 4183 2314 4236 νεοττῶν
2367 4180 2594 4252 αὔξησιν
2635 4183 2664 4233 ὁ
2715 4181 3084 4253 μεγαλόδωρος
3124 4180 3256 4244 Θεὸς
3295 4181 3372 4250 τῷ

1795 4275 2105 4348 μικροτάτῳ
2136 4275 2257 4345 ζώῳ
2284 4274 2608 4346 παρέσχετο.
2647 4272 2744 4330 llis
2776 4273 2954 4327 allinia
2983 4275 3146 4328 tradit
3177 4271 3371 4328 Petrus

1794 4365 2111 4429 Damianus,
2162 4365 2257 4418 lib.
2315 4381 2374 4430 ιι,
2423 4365 2583 4434 epist.
2628 4363 2732 4429 18;
2785 4364 3065 4434 alcyonem
3111 4361 3372 4418 describit

2067 4457 2160 4511 lib.
2207 4473 2260 4522 ι,
2304 4471 2427 4526 cap.
2461 4456 2571 4510 '52:
2606 4454 2733 4524 Ipsa
2791 4456 2900 4509 avis
2942 4454 3100 4524 paulo
3147 4454 3375 4522 amplior

1792 4569 2023 4621 passere,
2071 4551 2243 4606 colore
2279 4569 2509 4622 cyanea,
2565 4567 2629 4605 ex
2679 4559 2828 4620 parte
2883 4549 3124 4616 majore,
3169 4557 3376 4602 tantum

1793 4645 2066 4713 purpureis
2107 4654 2155 4696 et
2198 4644 2438 4696 candidis
2491 4642 2735 4694 admistis
2779 4640 2981 4709 pennis,
3011 4638 3146 4692 collo
3183 4639 3376 4709 gracili

1795 4752 1856 4789 ac
1899 4751 2132 4802 procero.
2178 4734 2309 4799 Quae
2361 4735 2543 4789 omnia
2600 4733 2789 4787 habuit
2837 4747 2903 4786 ex
2952 4730 3266 4798 Aristotele,
3299 4729 3377 4783 De

1794 4827 1982 4880 histor.
2027 4828 2246 4879 animal.
2279 4826 2372 4880 lib.
2409 4843 2462 4888 ν,
2495 4841 2614 4894 cap.
2655 4825 2710 4882 8.
2739 4833 2793 4878 et
2838 4824 2933 4877 lib.
2988 4837 3066 4886 Ix,
3115 4837 3237 4892 cap.
3285 4824 3373 4878 14.

1797 4919 1971 4987 llujus
2006 4919 2142 4982 avis,
2193 4933 2312 4986 quae
2361 4918 2641 4970 rarissima
2685 4915 2918 4978 videtur,
2956 4922 3018 4967 ut
3053 4914 3376 4969 Aristoteles

1795 5019 1850 5065 et
1875 5009 2084 5064 Plinius
2119 5009 2380 5071 referunt,
2411 5007 2706 5062 meminere
2735 5005 3006 5060 Pacuvius
3037 5005 3094 5059 in
3132 5005 3332 5058 Teucro
3357 5023 3375 5059 :

1797 5121 2115 5177 Flexanima
2151 5131 2400 5191 tanquam
2433 5119 2702 5190 lymphata
2731 5127 2782 5172 et
2811 5117 3007 5172 Bacchi
3039 5119 3209 5172 sacris

1795 5193 2091 5260 Commota,
2131 5195 2182 5246 in
2223 5193 2440 5246 tumulis
2497 5191 2752 5244 Teucrum
2798 5206 3132 5245 commorans
3175 5205 3371 5254 meum,

1796 5265 2047 5335 Alcyonis
2075 5265 2181 5316 ritu
2211 5262 2358 5317 littus
2381 5262 2652 5330 peruolans
2683 5261 2844 5330 feror.

1793 5378 2018 5432 Plautus
2048 5377 2104 5431 in
2137 5376 2398 5431 Pseudolo
2432 5391 2450 5430 :

1793 5491 1938 5560 1am,
1966 5491 2170 5547 hercle!
2194 5502 2249 5545 tu
2269 5491 2472 5561 peristi,
2503 5491 2608 5546 nisi
2636 5489 2789 5546 illam
2818 5488 2948 5544 mihi
2972 5497 3080 5573 tam
3110 5492 3371 5573 trqnquil-

2273 5560 2276 5561 ⁷
2992 5560 3128 5632 [lam
3165 5560 3302 5630 facis

1795 5633 1970 5702 Quam
2007 5648 2152 5688 mare
2178 5640 2255 5688 est
2289 5631 2436 5696 olim,
2475 5647 2594 5688 cum
2634 5633 2706 5688 ibi
2747 5631 2930 5688 alcedo
2976 5632 3375 5775 pulloqsfgsucit

3159 5719 3302 5760 suos.

3019 5800 3099 5858 29
