3810 6168
443 249 548 306 οοτ

1779 245 1957 302 LEON
1963 245 2023 301 IS
2061 244 2343 300 ΑιιΑτιι.

443 366 644 421 Iiarum
699 367 806 422 duo
853 379 1050 436 genera
1090 363 1329 426 tradunt,
1372 376 1542 433 eaque
1592 363 1853 435 distingui
1893 381 2012 420 ma-
2042 371 2086 428 Α
2119 365 2291 432 ferunt
2353 363 2482 419 alio.
2527 362 2647 418 ιιιω
2686 365 2896 436 quidem
2936 373 2985 417 et
3033 365 3254 418 maritos
3313 381 3438 420 suos
3472 365 3711 434 fallunt,

441 457 725 528 gnitudine
758 465 812 513 et
839 465 1001 510 cantu
1031 475 1043 512 :
1080 464 1134 511 et
1174 455 1414 511 minores
1452 455 1508 509 in
1549 455 1891 512 arundinetis
1923 471 2014 511 ca-

441 565 592 604 nere.
622 547 796 603 Mares
824 548 988 620 eeryli
1025 556 1310 609 vocantur,
1343 554 1402 599 ut
1433 545 1816 601 animadvertit
1858 547 2016 601 Anti-

439 656 614 710 gonus
648 640 935 702 Caristius,
965 640 1057 694 lib.
1097 638 1169 692 De
1197 637 1430 692 mirabil.
1467 648 1675 693 narrat.
1705 638 1846 705 Qui,
1887 654 2010 693 cum

439 731 595 790 senio
645 733 852 786 viribus
898 730 1136 794 amissis,
1169 730 1352 784 volare
1400 745 1564 800 posse
1604 729 1882 795 desinunt,
1917 747 2014 802 ge-

439 831 660 879 stantur
700 822 801 878 alis
852 821 1208 877 femellarum.
1259 820 1370 874 Hoc
1419 836 1584 876 senex
1631 821 1743 890 jam
1783 830 1837 877 et
1873 838 2016 892 aeger

436 915 690 980 Alcman,
722 929 823 968 nec
855 928 959 968 una
988 928 1112 966 cum
1147 912 1343 982 puellis
1369 912 1568 968 choros
1599 912 1799 968 ducere
1824 915 2011 970 valens

439 1006 507 1060 ad
539 1006 842 1078 eerylorum
891 1005 1303 1060 similitudinem
1351 1004 1503 1075 cupit
1534 1005 1733 1076 gestari
1773 1021 1804 1059 a
1848 1007 2015 1080 virgi-

437 1098 622 1155 nibus.

430 1210 512 1264 Οὔ
539 1210 601 1278 μ’
629 1209 713 1280 ἐτι
745 1209 1092 1280 παρθενικαὶ
1117 1205 1475 1280 μελιγάροες
1497 1205 1803 1280 ἱερόφωνοι

435 1275 588 1355 [via
627 1275 836 1348 φέρειν’
867 1275 1135 1335 δύναται.
1179 1275 1336 1331 Βᾶλε
1365 1275 1464 1344 δὴ,
1506 1275 1687 1338 βάλε.
1740 1279 2014 1366 βῃρύλος

437 1419 597 1472 'Oo't'
625 1419 722 1488 ἐπι
748 1419 1011 1488 κύματος
1039 1419 1222 1483 ἄνθος
1241 1416 1337 1487 ἅμ’
1366 1348 2013 1488 ἁλκυόνεσσέῗόζῖται

431 1488 662 1558 Νηλεὲς
686 1485 834 1559 ἦτορ
852 1488 1009 1557 ἔχων
1028 1485 1438 1556 ἁλιπόρφυρος
1462 1491 1660 1557 εἴαρος
1686 1489 1869 1558 ὄρνις.

434 1600 570 1656 Illud
606 1601 972 1673 ἁλιπόρφυρος
1017 1601 1083 1655 ad
1137 1601 1379 1672 cerylum
1420 1603 1599 1672 ipsum
1655 1609 1888 1672 spectat,
1915 1601 2012 1672 qui

433 1693 713 1750 coloribus
747 1707 954 1763 cyaneo
980 1707 1364 1765 purpureoque
1393 1693 1768 1764 distinguitur,
1802 1710 1912 1749 non
1942 1693 2009 1748 ad

435 1785 610 1840 undas
661 1784 901 1839 marinas
966 1793 1026 1838 ut
1087 1783 1406 1842 Guilielmus
1463 1785 1755 1858 thlander
1807 1795 2008 1842 temere

435 1877 620 1931 vertit.

504 1965 665 2029 Ibid.,
699 1965 796 2020 lin.
843 1965 934 2021 50.
984 1965 1094 2019 Καὶ
1138 1965 1296 2034 παρὰ
1342 1965 1482 2032 τοὺς
1531 1963 1640 2033 τῆς
1691 1964 2009 2033 θαλάττης.

431 2056 780 2120 Plutarchus,
811 2056 907 2110 lib.
942 2055 1020 2110 De
1043 2072 1221 2110 amore
1244 2065 1521 2124 parentum
1558 2058 1612 2109 in
1637 2057 1803 2125 ﬁlios,
1831 2057 2014 2126 alcyo-

433 2150 518 2202 nei
569 2148 682 2202 nidi
731 2157 1063 2203 structuram
1121 2148 1313 2202 miram
1365 2149 1788 2219 elegantissimis
1829 2150 2011 2205 verbis

430 2239 800 2312 prosequitur,
855 2239 1000 2310 quod
1059 2238 1326 2310 prolixius
1390 2241 1730 2310 exsequitur,
1784 2241 1880 2296 lib.
1935 2239 2012 2295 De

429 2330 695 2397 industria
731 2331 1065 2386 animalium.
1110 2330 1242 2388 Vide
1284 2330 1506 2386 omnino
1553 2328 1857 2395 JElianum,
1908 2331 2008 2386 lib.

345 2487 356 2499 γ
431 2436 515 2487 ix,
571 2422 647 2475 De
692 2421 881 2478 histor.
927 2422 1174 2486 animal.,
1219 2436 1338 2492 cap.
1388 2421 1475 2487 I7,
1545 2422 1638 2492 qui
1703 2421 2008 2477 admirabili

429 2515 716 2568 verborum
749 2513 968 2584 eloquio
997 2515 1124 2570 talis
1157 2513 1267 2568 nidi
1295 2522 1633 2569 structuram
1661 2515 1904 2584 exponit.

500 2604 661 2671 Ibid.,
690 2606 785 2661 lin.
817 2605 1096 2661 15.⁹⁹Οταν
1121 2601 1236 2660 οὖν
1255 2605 1598 2673 ἐπωάζηται.
1623 2604 1858 2677 Ideoque
1887 2607 2006 2664 dies

428 2697 505 2752 illi
561 2697 876 2770 aleyonides
917 2706 1206 2765 vocantur,
1252 2697 1318 2753 de
1374 2698 1724 2767 tranquillam
1768 2707 1823 2754 et
1863 2700 2006 2756 otio-

428 2803 546 2844 sam
581 2789 748 2843 vitam
776 2789 1084 2859 agentibus.
1113 2788 1510 2858 AristOphanes
1541 2790 1594 2843 in
1617 2789 1831 2844 Avibns.

583 2879 970 2945 Ἀλκυονίδας
1012 2880 1062 2933 τ’
1105 2879 1266 2948 ἤγεθ’
1305 2879 1528 2948 ἡμέρας
1559 2880 1671 2934 ἀεί.

426 2972 666 3028 Consule
721 2970 949 3026 Luciani
1003 2970 1286 3041 Dialogum
1335 2973 1424 3026 cui
1484 2973 1676 3028 titulus
1710 2973 1993 3030 Ἀλκυὼν.

427 3063 689 3134 Virgilius
719 3065 862 3119 inter
890 3065 1238 3136 prognostica
1285 3063 1484 3118 futura:
1531 3068 1868 3134 tempestatis
1892 3066 1996 3122 hoc
2025 3079 2067 3138 (ζ

425 3171 644 3225 quoque
672 3155 841 3211 refert
868 3173 883 3212 :

428 3266 552 3321 Non
598 3268 827 3338 tepidum
877 3267 944 3322 ad
979 3269 1140 3323 solem
1184 3260 1382 3338 pennas
1427 3271 1482 3324 in
1535 3269 1712 3324 littore
1754 3269 2028 3338 pandunt-

423 3338 647 3393 Dilectte
677 3339 882 3394 Thetidi
919 3341 1184 3410 alcyones.

423 3451 504 3505 Ad
535 3451 639 3506 hoc
675 3452 859 3507 allusit
889 3459 942 3507 et
971 3450 1295 3507 Theocritus
1330 3451 1382 3506 in

421 3585 769 3654 Χὰλκυόνες
799 3586 1189 3655 στορεσεῦντι
1237 3586 1309 3638 τὰ
1351 3587 1602 3655 κύματα,
1638 3586 1762 3728 tam
1787 3603 1851 3639 τε
1889 3585 1990 3640 θά-

1765 3671 1990 3718 ασσαν,

1765 3671 1991 3718 ασσαν,

428 3725 539 3778 Τόν
565 3742 626 3778 τε
641 3727 841 3789 νότον,
865 3725 972 3778 τόν
997 3727 1045 3778 τ’
1066 3721 1270 3793 εὖρον,
1285 3725 1352 3790 ὃς
1372 3725 1599 3795 ἔσχατα
1615 3721 1802 3794 Quieta
1821 3726 1988 3780 κινεῖ.

435 3795 758 3865 ῗΑλκυόνες
782 3795 1070 3865 γλαυκαῑς
1101 3799 1354 3864 Νηρηΐσι
1381 3799 1475 3850 ταί
1509 3813 1571 3848 τε
1588 3796 1855 3863 μάλιστα

433 3864 706 3932 Ὀρνίθων
730 3864 1067 3934 Ἐφίλαθεν,
1098 3866 1272 3932 ὅσαις
1298 3865 1360 3919 τέ
1381 3883 1489 3934 περ
1511 3866 1580 3930 ἐξ
1597 3867 1744 3932 ἁλὸς
1763 3866 1932 3935 ἄγρα.

488 3978 649 4043 Ibid.,
692 3978 790 4034 lin.
839 3979 925 4034 18.
970 3979 1246 4034 Ἐπειδὰν
1275 3972 1392 4034 οὖν
1421 3981 1783 4048 περιγλύψιῃ.
1817 3977 1992 4033 Varia?

420 4070 584 4125 etiam
645 4079 771 4126 sunt
823 4073 1152 4141 scriptorum
1207 4073 1513 4142 opiniones.
1560 4071 1905 4135 Aristoteles,
1937 4079 1991 4125 et

423 4160 730 4217 Simonides
780 4161 1039 4232 quinque,
1101 4160 1430 4232 Demagoras
1489 4160 1705 4216 Samius
1757 4167 1988 4230 septem,

418 4252 776 4308 Philochorus
828 4268 1042 4318 novem,
1079 4253 1328 4308 nonnulli
1372 4251 1805 4323 quatuordecim.
1843 4250 1989 4304 Con-

417 4345 537 4400 sule
585 4344 935 4416 Rodiginum,
969 4345 1063 4400 lib.
1102 4361 1213 4410 stv,
1249 4360 1369 4415 cap.
1397 4346 1482 4399 11.
1510 4343 1739 4414 Dignum
1766 4342 1984 4397 tandem

2115 459 2362 527 quoniam
2392 458 2794 526 intemperantia
2819 457 3053 510 libidinis
3075 456 3326 527 frangunt
3356 473 3541 510 earum
3576 475 3708 521 ova,

2115 565 2181 601 ne
2239 548 2533 602 incubando
2594 549 2946 602 detineantur.
3017 547 3171 602 Unde
3225 557 3280 604 et
3335 550 3710 622 Aristophani

2117 641 2300 696 ﬁctum
2337 641 2562 696 verbum
2590 641 2644 694 in
2667 640 2860 694 Avibus
2893 640 3315 710 ὲκπερδικίζειν,
3359 643 3396 695 i.
3424 658 3475 698 e.
3511 653 3711 700 astute

2115 733 2255 787 elabi
2310 732 2724 803 periculumque
2771 731 2960 786 vitare.
3026 730 3162 787 Vide
3207 731 3558 803 Rodiginum.
3601 735 3705 792 lib.

2115 840 2266 888 xxix,
2323 838 2444 895 cap.
2493 823 2582 878 26.
2618 823 2844 888 Tamen,
2894 831 2953 878 ut
2998 839 3096 894 ego
3141 826 3355 895 opinor,
3381 835 3580 882 auctor
3609 827 3706 882 hic

2114 923 2303 970 noster
2328 930 2448 971 eam
2475 915 2780 988 πανοῦργον
2808 917 3096 987 appellavit
3124 919 3194 972 ob
3226 919 3467 975 libidinis
3498 922 3708 975 intem-

2115 1007 2439 1074 perantiam,
2498 1007 2566 1062 de
2617 1023 2724 1078 qua
2758 1009 2879 1063 vide
2923 1008 3152 1074 Horum,
3204 1011 3299 1065 lib.
3338 1027 3400 1077 ιι,
3430 1028 3559 1082 cap.
3592 1014 3700 1080 95;

2114 1093 2349 1149 Plinium
2403 1095 2460 1151 d.
2513 1097 2673 1164 Ioco;
2724 1099 3062 1162 Athenaeum,
3107 1101 3200 1154 lib.
3259 1102 3702 1169 tx;1£lianum,

2115 1189 2209 1242 lib.
2235 1203 2327 1255 Ill;
2365 1204 2486 1260 cap.
2513 1190 2615 1256 I6;
2650 1191 2877 1247 Aristot.
2905 1207 2978 1256 rx,
3014 1189 3091 1244 De
3113 1191 3234 1246 hist.
3264 1194 3453 1258 anim.,
3485 1210 3615 1266 cap.
3641 1195 3701 1256 8,

2114 1295 2236 1350 quae
2272 1281 2501 1335 aliorum
2543 1282 2855 1336 animalium
2901 1283 3109 1338 viribus
3135 1300 3241 1337 non
3279 1295 3566 1350 euntenta,
3598 1302 3700 1341 ne-

2112 1369 2248 1426 farie
2273 1372 2327 1425 in
2351 1373 2623 1427 masculos
2650 1388 2770 1427 sese
2793 1373 2987 1442 agitat;
3009 1389 3109 1428 nec
3133 1391 3254 1428 cum
3276 1375 3464 1429 eadem
3487 1377 3700 1444 specie,

2114 1463 2211 1520 sed
2263 1471 2317 1518 et
2362 1479 2485 1517 cum
2528 1463 2729 1519 diversi
2778 1465 2992 1532 generis
3026 1465 3219 1520 avibus
3248 1482 3305 1520 se
3339 1468 3697 1526 commiscet.

2114 1555 2160 1610 si
2187 1555 2462 1608 Aristoteli
2487 1553 2763 1609 credimus
2789 1553 2865 1606 De
2885 1554 3214 1622 generatione
3244 1555 3467 1608 animal.
3487 1570 3615 1624 cap.
3635 1554 3696 1608 5.

2113 1642 2395 1714 Origenes,
2423 1643 2569 1696 hom.
2600 1642 2654 1696 4.
2691 1643 2747 1695 in
2778 1640 3065 1696 Jeremiam
3101 1660 3120 1698 :
3151 1641 3304 1695 Ἐστι
3335 1643 3390 1695 δὲ
3424 1643 3520 1695 καὶ
3553 1643 3702 1696 ἀκά-

2045 1745 2082 1800 B
2112 1736 2330 1810 θαρτον,
2386 1736 2526 1790 ὥστε
2584 1736 2710 1800 τοὺς
2767 1735 3093 1807 Θηρεύοντας
3142 1736 3283 1806 (lego
3331 1735 3698 1806 χηρεύοντας)

2119 1833 2442 1903 μονομαχεῖν
2474 1829 2719 1900 ἀλλήλοις
2767 1830 2896 1900 περὶ
2941 1829 3038 1898 τῆς
3091 1828 3309 1898 μίξεως,
3339 1828 3434 1880 καὶ
3480 1828 3698 1899 ᾰρῤενα

2117 1923 2256 1992 μετὰ
2277 1922 2434 1991 νίκην
2463 1920 2758 1974 ἐπιϐαίνειν
2779 1920 2872 1973 τοῦ
2905 1921 3150 1992 ἄρρενος.
3174 1919 3287 1974 Nisi
3314 1927 3498 1974 tamen
3528 1921 3696 1974 aliter

2115 2011 2292 2066 locum
2327 2013 2462 2068 velis
2485 2027 2549 2066 ex
2595 2011 2816 2076 Basilio,
2850 2011 2998 2064 hom.
3032 2012 3086 2074 8,
3131 2011 3305 2080 legere
3344 2028 3356 2064 :
3387 2010 3623 2081 Δολερὺν
3661 2014 3696 2066 ὀ

2113 2101 2320 2174 πέρδιξ,
2351 2103 2446 2156 καὶ
2474 2102 2789 2173 ζηλότυπον,
2816 2100 3138 2171 κακούργως
3172 2101 3542 2170 συμπράττων
3572 2103 3695 2164 τοῖς

2113 2193 2402 2265 Θηρευταῖς
2447 2195 2582 2264 πρὸς
2623 2193 2721 2266 τὴν
2766 2192 2962 2264 ἄγραν.
3002 2191 3093 2246 Sic
3131 2192 3276 2246 enim
3319 2207 3432 2246 non
3467 2191 3535 2245 ad
3569 2192 3695 2261 ejus

2111 2284 2411 2348 libidinem,
2441 2283 2534 2338 sed
2573 2281 2642 2336 ad
2695 2283 2977 2347 callidum,
3003 2282 3447 2351 malitiosumque
3477 2280 3692 2336 referes

2111 2375 2407 2447 ingenium,
2459 2389 2568 2444 quo
2611 2373 2957 2428 venatoribus
3001 2379 3060 2426 ut
3117 2372 3250 2427 alias
3291 2372 3550 2443 deceptas
3596 2387 3689 2426 ca-

2109 2467 2279 2537 piant,
2311 2479 2531 2536 0peram
2561 2472 2806 2536 prastat.

2173 2557 2310 2612 Ibid.
2341 2558 2438 2612 lin.
2468 2555 2557 2610 22.
2587 2555 2990 2626 Συμπρὰττων
3022 2554 3145 2622 τοῖς
3175 2553 3509 2624 θηρευταῖς.
3538 2551 3688 2608 Voce

2106 2651 2248 2705 enim
2293 2649 2430 2704 alias
2469 2649 2736 2714 alliciunt,
2780 2649 3115 2720 laqueosque
3147 2657 3457 2720 praeparant
3489 2648 3687 2702 amicis

2104 2743 2525 2812 iuexspeetatos,
2585 2741 2928 2812 praedamque
3004 2742 3271 2812 objiciunt
3341 2740 3682 2796 hominibus.

2103 2831 2498 2896 Theodoretus,
2538 2840 2719 2888 caten.
2770 2834 2826 2886 in
2857 2831 3080 2897 Jerem.,
3136 2847 3258 2902 cap.
3291 2849 3424 2886 xvn.
3458 2832 3686 2900 Λέγοιτο

2099 2923 2143 2976 δ’
2180 2924 2246 2978 ἂν
2276 2925 2464 2996 πέρδιξ
2497 2924 2788 2996 Θηρατικὸς
2823 2926 2915 2978 καὶ
2947 2927 2974 2978 ὁ
3001 2923 3360 2987 Βαϐυλώνιος.
3391 2924 3686 2986 Τοιούτους

2100 3016 2208 3088 γὰρ
2237 3017 2284 3069 οἱ
2318 3015 2424 3070 τῶν
2452 3016 2721 3088 περδίκων
2745 3017 3100 3088 περιφέρουσι
3128 3016 3407 3087 Θηρευταὶ,
3441 3011 3518 3070 ὧν
3550 3016 3686 3087 πρὸς

2103 3108 2200 3178 τὴν
2239 3109 2422 3178 φωνὴν
2462 3108 2512 3160 οἱ
2547 3109 2824 3178 ὁμογενεῖς
2861 3107 3245 3177 συντρέχοντες
3274 3107 3531 3179 πέρδικες
3572 3109 3688 3171 τοῖς

2102 3199 2391 3272 θηράτροις
2431 3200 2811 3271 ἐμπίπτουσιν.
2837 3198 3015 3256 lllices
3066 3199 3297 3264 Latinis,
3335 3201 3544 3256 Graecis
3580 3217 3683 3252 πα-

2100 3289 2358 3361 λευτρίαι.
2414 3289 2594 3356 Quare
2635 3298 2688 3345 et
2743 3289 3052 3354 Turnebus,
3104 3290 3309 3344 advers.
3363 3290 3458 3344 lib.
3529 3308 3680 3356 χειν,

2100 3401 2222 3454 cap.
2269 3386 2360 3449 58,
2420 3387 2600 3440 locum
2651 3385 2810 3439 Plinii
2854 3386 2928 3439 ita
2964 3385 3456 3456 Iegit:Capiuntur
3479 3401 3683 3456 quoque

2097 3481 2452 3550 pugnacitate,
2482 3489 2668 3533 contra
2715 3479 2932 3548 aucupis
2971 3478 3168 3533 illicem
3203 3488 3421 3532 exeunte
3450 3480 3505 3532 in
3545 3494 3679 3546 pra:-

2101 3572 2227 3624 lium
2281 3570 2410 3624 duce
2465 3572 2623 3624 totius
2670 3571 2860 3640 gregis.
2917 3567 3195 3638 Oppianus
3247 3568 3321 3622 De
3381 3571 3674 3630 venatione,

2099 3659 2194 3714 lib.
2229 3676 2288 3716 II.
2339 3659 2658 3714 Perdicibus
2722 3659 2971 3712 homines
3013 3659 3092 3712 uti
3137 3659 3204 3711 ad
3235 3659 3428 3714 damas
3457 3663 3677 3729 capien-

2099 3748 2216 3813 das,
2242 3750 2522 3820 damisque
2546 3748 2613 3803 ad
2651 3740 2922 3818 perdices,
2951 3757 3136 3802 mutua
3169 3763 3406 3817 namque
3441 3749 3677 3804 familia-

2099 3840 2280 3902 ritate,
2308 3846 2361 3892 et
2395 3837 2756 3896 contubernio
2787 3837 3032 3901 devictae,
3064 3839 3245 3893 vicina
3288 3839 3498 3893 habent
3523 3840 3678 3893 cubi-

2098 3929 2190 3992 lia,
2215 3927 2513 4000 eodemque
2545 3937 2846 4000 pascuntur
2871 3930 2926 3983 in
2957 3929 3096 3983 loco.

2097 4043 2378 4110 Πέρδικες
2405 4043 2602 4111 θοῦροι
2637 4043 2705 4096 δὲ
2741 4043 3041 4111 πυρώδεες
3075 4042 3427 4110 (ιιολόδειροι

2096 4116 2427 4180 Δόρκοισιν,
2482 4115 2691 4182 φιλίην
2729 4115 2887 4181 παρὰ
2933 4114 3220 4182 τέμπεσιν
3278 4113 3666 4168 ἐσπείσαντο.

2111 4184 2380 4238 Ἦθαλεοί
2408 4200 2469 4236 τε
2499 4182 2794 4237 πέλουσιν
2830 4185 2924 4236 καὶ
2945 4183 3308 4248 ἀλλήλοισιν
3325 4183 3603 4250 riparum,

2098 4253 2296 4317 Εὺνάς
2311 4254 2358 4306 τ’
2371 4253 2400 4304 ὲ
2487 4253 2498 4269 ‘
2518 4273 2549 4317 ς
2565 4253 2798 4320 ἔχουσι,
2815 4255 2911 4305 καὶ
2925 4256 3034 4306 οὐκ
3047 4252 3346 4306 ἀπάνευθε
3364 4253 3666 4318 νέμονται.

2098 4319 2178 4376 ’11
2211 4323 2371 4376 uella
2399 4271 2861 4376 mugtdmoﬂer
2882 4323 3173 4376 ἐταιοείης
3195 4322 3347 4376 τὰγα
3382 4323 3604 4376 macerie

2439 4341 2473 4390 η

2096 4319 2178 4378 Ἦ
2205 4323 2371 4392 μάλα
2399 4319 2473 4390 δὴ
2499 4319 2861 4391 μέτόπισθεν
2882 4323 3173 4390 ἐταιρείης
3195 4322 3347 4390 τάχα
3382 4323 3604 4390 πικρῆς

2095 4393 2202 4446 Καὶ
2235 4393 2832 4462 φιλίηςάπέλιιυσαν
2869 4393 3166 4461 ἀμειδέος.
3209 4394 3436 4445 ὁππότε
3479 4393 3668 4461 φῶτες

416 4443 604 4491 notatu
637 4447 738 4501 est,
792 4437 936 4507 quod
985 4439 1052 4492 de
1099 4438 1387 4508 alcyonum
1437 4437 1568 4501 pelle
1611 4435 1987 4490 animadvertit

2101 4435 2431 4528 Κερδῖιλέοΐ
2443 4461 2734 4516 δειλοῖσιν
2777 4435 3067 4531 ἐπίέρονα
3090 4435 3450 4531 ᾖητίσαιντο

415 4527 825 4599 Theophrastus
909 4528 1232 4586 Paracelsus
1296 4531 1364 4584 de
1431 4529 1642 4584 caelesti
1693 4527 1985 4594 medicina,

413 4629 575 4677 tract.
612 4621 663 4683 I,
691 4620 824 4675 Item
853 4623 985 4676 vires
1027 4622 1198 4676 adhuc
1238 4623 1457 4675 retinere
1491 4629 1608 4688 post
1633 4629 1850 4672 mortem
1885 4618 1988 4671 ali-

411 4727 517 4780 qua
544 4715 706 4779 probo
756 4729 846 4782 per
894 4715 1164 4783 alcyonem
1216 4727 1385 4775 avem,
1423 4711 1574 4779 cujus
1619 4709 1771 4778 pellis
1814 4724 1848 4761 a
1890 4724 1986 4761 suo

411 4801 662 4856 cadavere
688 4812 934 4872 separata
965 4804 1112 4858 clavo
1141 4818 1397 4872 suspensa
1421 4812 1471 4856 et
1496 4803 1764 4856 exsiccata
1799 4800 1983 4868 singu-

412 4897 477 4949 lis
505 4897 656 4950 annis
686 4899 894 4966 plumas
918 4899 1108 4968 rejicit,
1128 4899 1346 4968 aliteque
1372 4905 1662 4951 nascuntur
1685 4896 1752 4961 ei,
1778 4911 1840 4948 ne
1860 4895 1985 4947 dum

409 5003 515 5041 uno
545 4988 622 5041 vel
646 4987 849 5043 duobus
873 4991 1048 5054 annis,
1073 4999 1129 5042 at
1156 4988 1394 5056 pluribus
1428 5005 1532 5042 uno
1561 4998 1676 5054 post
1709 4988 1893 5042 alium.

482 5077 642 5144 Ibid.,
672 5079 769 5132 lin.
799 5078 889 5132 21.
913 5081 1172 5148 Δολερὸν
1196 5084 1230 5133 ό
1260 5079 1492 5147 πέρδιξ.
1524 5077 1694 5132 Multa
1731 5079 1819 5132 hic
1855 5093 1984 5148 pos-

409 5179 551 5237 sent,
592 5186 657 5226 ει
693 5171 934 5238 Eliano,
960 5171 1158 5238 Plinio,
1190 5172 1483 5227 Aristotele
1512 5172 1745 5241 aliisque
1773 5171 1981 5236 aﬂerri,

407 5263 606 5331 quibus
662 5263 766 5316 hoc
819 5263 1020 5316 animal
1066 5263 1300 5334 δολερὸν,
1343 5261 1672 5334 πανοῦργον,
1703 5263 1794 5315 καὶ
1825 5261 1983 5332 ζηλό-

406 5370 574 5408 τυπον
619 5362 806 5424 posset
852 5355 1137 5424 convinci;
1173 5371 1297 5410 nam
1325 5357 1480 5424 spina
1517 5365 1566 5408 et
1596 5354 1806 5424 frutice,
1842 5352 1980 5408 refe-

406 5457 560 5506 rente
596 5449 793 5514 Plinio,
829 5451 907 5505 sic
959 5453 1202 5504 muniunt
1252 5449 1664 5519 receptaculum,
1705 5457 1763 5501 ut
1793 5457 1980 5502 contra

406 5539 548 5606 feras
599 5539 804 5594 abunde
839 5541 1119 5596 vallentur.
1159 5539 1265 5606 Qui
1306 5540 1626 5610 stragulum,
1673 5540 1822 5592 molli
1857 5538 1979 5606 pul-

406 5647 520 5685 vere
547 5633 933 5697 contumulant,
968 5649 1058 5686 nec
1083 5634 1139 5686 in
1170 5650 1270 5702 quo
1296 5633 1410 5688 loco
1436 5648 1675 5702 peperere
1703 5631 1976 5696 incubant,

2093 4532 2381 4599 Πέρδικας
2405 4533 2669 4601 δόρκοισι
2705 4535 2905 4601 φίλοις
2935 4533 3236 4596 ἀπατήλια
3262 4531 3470 4598 θέντες

2097 4604 2359 4672 Ἐμπαλι
2385 4603 2436 4655 δ’
2461 4599 2538 4657 αὖ
2578 4599 2830 4672 δόρφὶους
2866 4603 3098 4671 ἑτάροις
3125 4603 3232 4655 ἴσα
3251 4601 3658 4670 περδίκεσσιν.

2159 4713 2294 4770 Ibid.
2327 4717 2636 4784 ’Λλλότρια
2665 4715 2732 4768 δὲ
2771 4715 3062 4772 κλέπτων.
3119 4715 3384 4778 Isidorus,
3414 4716 3513 4771 Iib.
3567 4731 3656 4771 xu.

2091 4811 2255 4880 capit.
2311 4809 2365 4874 7,
2423 4808 2564 4863 Adeo
2613 4818 2786 4862 autem
2838 4808 3199 4873 fraudulenta,
3252 4815 3311 4860 ut
3362 4808 3522 4860 alteri
3569 4823 3657 4860 ova

2089 4901 2339 4968 diripiens
2370 4899 2539 4968 foveat
2570 4916 2589 4952 :
2631 4899 2782 4966 fraus
2822 4897 3054 4966 fructum
3084 4913 3186 4950 non
3227 4897 3402 4952 habet.
3431 4897 3657 4966 Denique

2087 4989 2214 5042 dum
2253 4989 2385 5056 pulli
2410 4988 2640 5057 propria:
2663 5004 2834 5042 vocem
2863 4988 3134 5057 genitricis
3185 4988 3476 5052 audierint,
3502 4999 3654 5042 nats-

2087 5079 2192 5132 rali
2211 5078 2437 5149 quodam
2458 5079 2710 5131 instinctu
2730 5079 2884 5139 hanc,
2903 5094 3019 5146 qua:
3043 5094 3132 5130 eos
3160 5077 3309 5147 fovit,
3339 5078 3650 5148 relinquunt,

2085 5181 2136 5225 et
2194 5171 2263 5225 ad
2314 5170 2549 5226 eamdem
2587 5186 2703 5240 qua:
2743 5172 2917 5240 genuit
2961 5179 3310 5225 revertuntur.
3339 5170 3649 5225 Consimilia

2087 5261 2252 5316 habet
2290 5260 2637 5327 Ambrosius,
2700 5260 2796 5315 lib.
2853 5275 2938 5322 vi,
2987 5275 3108 5330 cap.
3153 5260 3219 5322 5,
3269 5259 3326 5311 in
3365 5256 3647 5319 Heraean;

2085 5352 2238 5407 Phile
2267 5355 2322 5406 in
2354 5351 2578 5418 iambis;
2608 5349 2945 5422 Epiphanius
2975 5352 3028 5404 in
3059 5348 3400 5421 Physiologo,
3452 5349 3645 5420 cap.9;

2085 5443 2448 5516 Hieronymus
2496 5443 2550 5497 in
2605 5458 2726 5513 cap.
2751 5458 2860 5496 xvn
2897 5441 3164 5507 Jeremiae,
3199 5447 3255 5497 in
3282 5457 3446 5512 quem
3480 5444 3645 5496 locum

2081 5545 2137 5592 et
2198 5535 2522 5607 Hippolytus
2594 5544 2802 5606 martyr
2868 5535 2924 5588 in
2973 5542 3190 5598 catena,
3247 5536 3323 5587 Οὐ
3396 5535 3574 5606 μάτην
3619 5534 3646 5584 ὁ

2081 5631 2368 5701 προφήτης
2397 5628 2708 5698 ἀπεφήνετο
2731 5628 2792 5680 τὸ
2824 5626 2986 5699 ῥητὸν
3013 5630 3080 5697 τῇ
3115 5626 3208 5680 τοῦ
3243 5626 3383 5691 ζώου
3413 5625 3646 5698 παρασο-

405 5739 526 5777 neve
562 5725 644 5776 cui
680 5722 998 5793 frequentior
1029 5728 1354 5782 conversatio
1393 5728 1461 5781 sit
1488 5735 1751 5796 suspecta,
1794 5733 1973 5779 trans-

2101 5724 2147 5796 ιῇ
2169 5721 2465 5793 χρώμενος.
2498 5719 2605 5775 Τοῦ
2622 5719 2731 5790 γὰρ
2748 5719 3002 5792 πέρδικος
3026 5719 3306 5788 κενοδόξου
3331 5719 3474 5784 {dion
3495 5719 3647 5776 ὑπόα-
