3810 6168
128 289 242 344 909
1265 291 1336 348 IN
1374 293 1701 352 EUSTATH

1810 296 2271 355 IEXAE'MERON
2302 294 2535 356 ΝΟΤιΕ.
3293 307 3396 362 910

128 423 344 478 κοντος,
399 407 537 462 ἐπὰν
592 410 817 482 πλησίον
857 411 942 484 ἴδῃ
1000 412 1184 484 ἑτέρου
1234 411 1488 484 πέρδικος
1526 415 1701 469 καλιὰι

1823 425 1916 470 aut
1971 420 2197 487 pavonis
2243 421 2418 473 cauda
2476 433 2585 473 non
2639 418 2905 490 dignosci,
2947 421 3017 476 oh
3075 423 3396 477 continuum

130 502 386 564 νεοττοὺς
413 499 662 571 ἔχουσαν,
693 504 1034 566 ἀποπτὰντος
1060 503 1154 557 τοῦ
1191 507 1394 576 πατρὸς
1417 505 1596 560 αὐτῶν
1626 509 1720 561 ἐπὶ

129 593 234 665 τὴν
259 593 449 664 νομὴν,
472 592 804 664 μιμούμενος
826 594 922 665 τὴν
936 593 1030 646 τοῦ
1047 594 1327 664 ἀλλοτρίου
1351 597 1532 669 φωνὴν
1553 615 1719 670 προσ-

130 682 382 737 καλεῖται
433 684 570 754 πρὸς
610 683 799 736 ἑαυτὸν
845 685 971 748 τοὺς
1007 685 1272 748 νεοττούς.
1305 687 1367 738 Οἱ
1405 685 1462 738 δὲ
1487 690 1715 753 νεοσσοὶ,

129 777 457 848 νομίσαντες
492 777 584 829 τὸν
611 776 742 830 ἴδιον
771 777 948 830 αὐτῶν
983 777 1249 848 ὑπάρχειν
1284 777 1514 850 πατέρα,
1550 794 1717 848 προσ-

129 869 420 940 τρέχουσιν
477 867 644 939 αὐτῷ.
693 869 749 922 ’0
787 869 844 923 δὲ
893 870 1160 941 ὲγγαυριᾷ
1199 871 1256 922 ὲν
1286 869 1584 942 ἀλλοτρίοις
1623 869 1715 922 τέ-

129 977 286 1023 κνοις
322 959 397 1023 ὡς
437 959 604 1023 ἰδίοις.
648 959 922 1022 Ἐλθόντος
962 959 1019 1013 δὲ
1059 960 1154 1014 τοῦ
1195 961 1327 1015 ἰδίου
1362 961 1586 1036 πατρὸς,
1621 963 1715 1015 καὶ

131 1050 450 1122 βοήσαντος,
495 1051 593 1122 τὴν
648 1050 782 1104 ἰδίαν
820 1053 1003 1122 φωνὴν
1039 1053 1354 1119 ἐπιγνόντες
1381 1053 1431 1105 οἱ
1465 1053 1712 1118 νεοσσοὶ,

132 1142 526 1206 καταλιπόντες
550 1143 640 1197 τὸν
665 1143 836 1204 νόθον,
859 1144 993 1215 πρὸς
1011 1144 1100 1197 τὸν
1132 1145 1262 1198 ἴδιον
1293 1146 1505 1218 πατέρα
1527 1145 1716 1216 πορεύ-

130 1251 307 1288 ονται.
331 1234 394 1289 Et
412 1234 830 1306 Olympiodorus
855 1254 868 1290 :
897 1238 958 1288 '0
985 1235 1191 1308 πέρδιξ,
1221 1236 1295 1300 ὣς
1320 1255 1501 1307 φασιν,
1539 1238 1707 1308 ὑπερ-

127 1329 342 1398 ήφανος
357 1327 451 1390 ὢν,
470 1326 558 1380 διὰ
575 1329 672 1398 τῆς
689 1329 872 1398 φωνῆς
901 1332 1026 1392 τοὺς
1055 1332 1365 1403 ἀλλοτρίους
1393 1331 1714 1403 προσκαλεῖ-

125 1435 220 1470 ται
247 1417 494 1481 νεοττούς
517 1437 532 1450 ·
569 1421 778 1484 Οἴτινες
804 1421 1024 1489 γνόντες
1054 1421 1298 1495 ὕστερον,
1331 1425 1411 1476 ὃτι
1445 1423 1545 1475 οὐκ
1575 1423 1712 1475 εἰσὶν

123 1507 317 1573 αὑτοῦ,
371 1509 872 1582 καταλιμπάνουσιν
931 1510 1112 1566 αὐτόν.
1162 1510 1590 1582 Chrysostomus
1655 1509 1710 1563 in

121 1600 380 1653 eumdem
405 1601 604 1656 locum.
633 1601 972 1665 Perdicibus,
1004 1603 1178 1665 aiunt,
1212 1601 1316 1655 hoc
1345 1616 1468 1656 esse
1503 1600 1558 1654 in
1606 1617 1709 1656 usu

121 1699 252 1760 post
280 1706 506 1746 ovorum
536 1693 909 1748 exclusionem
932 1693 1113 1762 pullos
1147 1693 1386 1747 clamore
1414 1692 1704 1757 advocare,

121 1785 306 1853 iisque
334 1793 560 1839 matrem
601 1785 835 1855 privare.
865 1785 1046 1850 Ἐθος,
1079 1787 1210 1856 φησὶ
1228 1785 1368 1855 (lego
1381 1783 1556 1855 φασὶ),
1581 1782 1708 1848 τοὺς
1741 1776 1780 1831 Β

121 1874 411 1946 πέρδικας,
446 1876 582 1948 μετὰ
626 1877 684 1930 τὸ
725 1879 1092 1950 ἀποτεχθῆναι
1122 1877 1230 1932 τῶν
1255 1876 1377 1930 ὠῶν
1405 1879 1532 1941 τοὺς
1559 1894 1708 1930 νεοτ-

119 1968 251 2032 τοὺς
279 1971 345 2040 τῇ
382 1972 531 2042 φωνῇ
572 1970 1018 2039 προσκαλεῖσθαι,
1065 1972 1160 2025 καὶ
1206 1969 1448 2042 γυμνοῦν
1489 1971 1587 2044 τὴν
1618 1987 1708 2023 τε·

120 2063 224 2118 κοῦ
234 2081 352 2117 σαν.

193 2156 358 2223 Ibid.,
388 2156 487 2211 lin.
519 2157 608 2211 26.
643 2156 881 2228 Λάγνον
923 2158 960 2226 ἡ
1006 2156 1346 2226 περιστερά.
1383 2155 1498 2212 Mas
1535 2155 1702 2220 enim,

120 2259 185 2305 ut
233 2251 401 2305 tradit
432 2250 630 2318 llorus,
666 2253 757 2306 ubi
805 2253 1084 2309 robustior
1114 2253 1352 2308 evaserit
1374 2268 1441 2307 ex
1474 2265 1703 2306 consor-

121 2343 203 2394 tio
233 2344 442 2406 matris,
467 2353 674 2413 patrem
707 2344 948 2413 expellit,
973 2343 1162 2412 sicque
1189 2345 1237 2397 ei
1272 2343 1553 2398 connubio
1575 2342 1708 2411 juno

119 2435 291 2503 gitur.
341 2433 398 2486 Ὀ
426 2435 533 2507 γὰρ
562 2436 758 2507 ἄρσην,
795 2437 1140 2508 ἰσχυρότερος
1175 2435 1484 2506 γενόμενος,
1521 2433 1705 2488 διώκει

117 2526 220 2578 τὸν
255 2525 446 2580 ἑαυτοῦ
481 2528 690 2599 πατέρα
715 2528 823 2582 ἀπὸ
852 2529 950 2600 τῆς
986 2528 1212 2599 μητρὸς,
1233 2528 1326 2580 καὶ
1355 2526 1527 2590 οὕτως
1565 2527 1702 2598 αὐτῇ

119 2620 266 2690 πρὸς
315 2619 490 2689 γάμον
554 2619 806 2690 μίσγεται
845 2637 858 2673 :
895 2619 977 2674 vel
1028 2626 1088 2672 ut
1139 2619 1463 2674 Aristoteles
1516 2618 1703 2682 tradit,

122 2712 253 2765 libr.
289 2705 382 2773 ιι,Δ
415 2709 491 2765 De
517 2710 706 2763 histor.
734 2711 923 2774 anim.,
961 2725 1080 2779 cap.
1139 2709 1190 2771 7,
1254 2709 1433 2780 pullos
1488 2707 1706 2763 adultos

114 2803 260 2872 jam,
293 2816 414 2856 cum
449 2809 662 2872 tempus
693 2802 1000 2872 prodeundi
1027 2817 1091 2856 ex
1117 2802 1246 2855 nido
1277 2809 1382 2867 est,
1409 2816 1526 2854 mas
1576 2801 1708 2856 sub-

119 2895 248 2967 igit.
281 2892 379 2947 Vel
411 2895 536 2964 quia
570 2910 634 2949 ex
693 2894 883 2949 eodem
935 2894 1031 2948 lib.
1071 2909 1150 2959 γι,
1187 2909 1308 2964 cap.
1336 2893 1390 2958 2,
1423 2901 1475 2947 et
1526 2891 1705 2946 Plinio

121 2985 224 3038 lib.
261 2999 318 3045 ι,
348 2998 472 3054 cap.
515 2983 605 3046 58,
640 2983 916 3055 peculiare
951 2985 1021 3038 sit
1056 2983 1184 3047 illis,
1221 2991 1282 3038 ut
1330 2985 1387 3038 in
1416 2984 1562 3037 coitu
1599 2983 1702 3038 nisi

121 3083 256 3128 ante
279 3082 468 3129 mutuo
494 3075 833 3140 osculentur,
857 3089 976 3130 mas
1000 3089 1109 3129 non
1131 3075 1411 3139 ascendat,
1436 3075 1521 3128 vel
1549 3075 1699 3144 quia,

120 3178 185 3222 ut
239 3183 307 3220 ex
357 3167 651 3223 Aristotele
684 3167 852 3222 refert
884 3167 1180 3222 Athenaeus
1234 3167 1329 3222 lib.
1374 3181 1450 3230 Ix,
1487 3165 1702 3220 feminae

119 3260 356 3315 absente
411 3275 562 3314 mare
600 3275 722 3316 sese
768 3260 1109 3326 osculantur,
1151 3259 1435 3330 subigunt,
1474 3266 1528 3314 et
1577 3274 1704 3313 cum

119 3353 179 3406 in
242 3367 364 3407 sese
414 3352 676 3422 genitura:
730 3352 866 3406 nihil
905 3332 1213 3415 effundant,
1241 3365 1343 3403 ova
1396 3351 1638 3418 pariunt,
1675 3364 1706 3402 e

119 3446 330 3516 quibus
384 3446 564 3516 pullus
608 3461 716 3500 non
756 3445 955 3500 editur.
999 3445 1181 3510 Quare
1207 3452 1262 3498 et
1289 3439 1490 3497 Veneri
1522 3457 1702 3516 sacra,

118 3511 272 3608 apud
299 3511 570 3593 Elianum
602 3537 680 3592 De
703 3539 892 3593 histor.
924 3539 1151 3602 anima.,
1181 3535 1274 3590 lib.
1344 3551 1418 3599 Iv,
1468 3550 1591 3604 cap.
1643 3511 1712 3599 2:

119 3637 176 3682 et
207 3626 286 3681 De
320 3629 466 3681 varia
497 3629 710 3692 histor.,
765 3630 859 3684 lib.
913 3645 953 3694 ι,
991 3644 1113 3698 cap.
1156 3628 1243 3692 15,
1280 3628 1476 3697 legitur
1521 3635 1705 3680 tamen

118 3723 191 3773 de
221 3721 352 3784 illis,
375 3720 688 3791 pudicitiam
717 3722 827 3776 illis
855 3737 980 3776 esse
1007 3722 1261 3791 primam,
1291 3727 1347 3773 et
1370 3718 1547 3773 neutri
1575 3725 1703 3771 nota

118 3809 418 3873 adulteria,
454 3810 802 3880 conjugiique
838 3809 999 3865 tidem
1047 3825 1158 3865 non
1194 3809 1424 3874 violare,
1459 3822 1704 3862 commu-

117 3915 364 3969 nemque
399 3916 618 3957 servare
654 3901 900 3956 domum.

192 3992 331 4048 Ibid.
369 3995 541 4048 Ἔστι
568 3995 636 4048 δὲ
659 3994 930 4064 δένδρον.
947 3995 1143 4053 Petrus
1175 3995 1494 4058 Damianus,
1517 3996 1609 4050 lib.
1636 4009 1699 4057 ll,

116 4101 209 4155 ep.
263 4085 353 4149 18,
416 4085 529 4149 Est,
586 4088 784 4158 inquit,
847 4089 903 4141 in
926 4087 1099 4144 Indiae
1139 4089 1333 4158 ﬁnibus
1375 4088 1554 4152 arbor,
1586 4104 1704 4158 quae

118 4177 309 4231 Greece
339 4177 660 4246 perideazium
690 4190 925 4243 vocatur,
943 4184 1094 4249 cujus
1115 4182 1291 4250 utique
1315 4180 1519 4248 fructus
1546 4181 1702 4234 nimis

113 4279 199 4324 est
229 4256 426 4333 dulcis,
459 4282 507 4324 et
561 4271 710 4325 valde
739 4273 939 4337 suavis,
995 4274 1049 4325 in
1098 4272 1253 4340 hujus
1293 4272 1500 4327 arboris
1543 4273 1704 4342 igitur

113 4360 301 4432 gratia
327 4361 582 4416 columba:
611 4379 716 4416 non
741 4363 939 4417 modice
972 4363 1329 4426 delectantur;
1361 4363 1512 4432 cujus
1545 4362 1703 4414 nimi-

1818 507 1977 573 lucis,
1996 516 2047 560 et
2071 519 2376 564 atomorum
2407 508 2846 580 elﬂuxum,quod
2878 510 3192 575 Lucretius,
3213 513 3308 567 lib.
3336 532 3393 571 ιι.

1817 597 1903 652 his
1938 599 2186 654 versibus
2213 600 2451 655 asseruit
2481 621 2492 632 -

1818 729 2027 808 Pluma.
2065 732 2425 808 columbarum
2476 752 2577 805 quo
2618 749 2772 804 pacto
2802 739 2856 790 in
2883 737 2992 792 sole
3027 739 3229 792 videtur

1819 801 1950 878 Quae
1981 804 2085 856 sita
2111 807 2329 878 cervices
2359 801 2578 878 circum,
2612 801 2906 878 collumque
2938 819 3180 863 coronat.

1819 870 2062 948 1_Vamq_ue
2094 873 2230 928 alias
2259 877 2318 948 ﬁt
2353 878 2428 928 uti
2471 876 2616 930 claro
2651 881 2719 931 sit
2767 870 2927 931 rubra
2962 895 3200 948 pyropo;

1817 940 2093 1015 Interdum
2134 940 2361 1015 quodam
2399 963 2553 1000 sensu
2583 951 2643 1015 ﬁt
2684 949 2763 1000 uti
2807 940 3046 1002 videaitir

1815 1011 1968 1088 Innter
1990 1011 2268 1068 caeruleum
2296 1017 2484 1088 virides
2510 1011 2724 1072 miscere
2750 1021 3086 1088 smaragdos,

1816 1081 2103 1158 Qaudaque
2128 1088 2344 1153 pavonis
2374 1087 2525 1156 larga
2548 1105 2666 1140 cum
2701 1091 2812 1142 luce
2841 1081 3037 1158 repleta
3066 1081 3144 1145 est

1817 1152 2099 1208 Consimili
2130 1152 2300 1209 mutat
2343 1152 2546 1211 ratione
2576 1159 2791 1212 obversa
2817 1152 3039 1215 colores.

1817 1263 2016 1322 Sextus
2034 1265 2363 1338 Empiricus,
2388 1268 2655 1341 Pyrrhon.
2676 1270 2947 1344 Hypotyp.
2973 1274 3068 1327 lib.
3093 1291 3131 1338 ι,
3161 1288 3282 1344 cap.
3305 1275 3390 1339 H,

1813 1359 1922 1411 Καὶ
1945 1361 1992 1412 οἱ
2021 1360 2280 1432 τράχηλοι
2311 1362 2366 1415 δὲ
2397 1363 2504 1417 τῶν
2542 1367 2881 1436 περιστερῶν
2913 1365 3062 1438 παρὰ
3088 1365 3185 1430 τὰς
3207 1367 3391 1435 διαφό-

1817 1467 1943 1521 ρους
1992 1453 2290 1517 ἐπικλίσεις
2325 1455 2568 1527 διάφοροι
2635 1457 2910 1525 φαίνονται
2972 1460 3114 1512 κατὰ
3173 1460 3388 1532 χρῶμα.

1812 1539 1966 1607 Quod
1999 1544 2072 1596 ita
2103 1546 2375 1614 expressit
2420 1545 2809 1619 Hieronymus.
2843 1546 3221 1604 Columbarum
3251 1551 3391 1605 colla

1811 1635 1881 1687 ad
1912 1636 2148 1706 singulas
2182 1640 2540 1693 conversiones
2567 1640 2797 1694 colorem
2831 1651 3059 1695 mutant.
3091 1642 3390 1696 Martianus

1811 1724 1888 1780 De
1935 1728 2131 1795 nuptiis
2157 1725 2312 1781 Philo
2343 1747 2356 1783 :
2391 1730 2677 1788 Arcesilas.
2711 1731 2909 1800 inquit,
2940 1732 3134 1785 collum
3181 1733 3388 1787 intuens

1808 1817 2163 1872 columbinum
2222 1819 2501 1875 dubitabat
2563 1838 2581 1875 :
2633 1823 2889 1892 siquidem
2964 1824 3062 1878 hac
3120 1835 3388 1893 permotus

1807 1911 2078 1965 varietatis
2131 1913 2501 1968 incertitudine
2545 1917 2771 1984 amplius
2823 1927 3060 1972 astruere
3097 1919 3390 1972 ἀκανταλι-

1805 1999 1935 2069 ψίαν
1967 2005 2138 2070 erepit.
2171 2005 2450 2075 Apuleius,
2484 2006 2563 2061 De
2604 2009 2774 2072 asino,
2807 2008 2902 2064 lib.
2940 2023 2979 2063 ιι
3016 2029 3029 2064 :
3077 2009 3234 2064 Nunc
3273 2028 3390 2066 cor-

1807 2095 1927 2149 vina
1971 2097 2236 2166 nigredine
2265 2098 2541 2164 cazruleus,
2565 2101 2930 2155 columbarum
2974 2103 3098 2157 colli
3135 2105 3388 2172 flosculus

1808 2185 2110 2254 a’mulatur,
2160 2187 2235 2241 vel
2284 2205 2402 2242 cum
2433 2192 2596 2259 guttis
2619 2192 2861 2245 Arabicis
2909 2193 3187 2257 obunctus,
3220 2206 3271 2248 et
3299 2211 3390 2263 pe-

1808 2278 1961 2331 ctinis
2013 2281 2188 2350 arguti
2235 2279 2385 2335 dente
2419 2284 2560 2336 tenui
2590 2282 3013 2338 discriminatur.
3041 2285 3257 2342 Modum
3290 2303 3387 2341 au-

1808 2375 1917 2422 tem
1945 2380 2064 2440 'quo
2123 2372 2392 2426 columba:
2435 2373 2798 2430 versicolores
2841 2375 3146 2430 cﬂiciantur
3175 2380 3248 2430 ita
3293 2393 3388 2433 ex-

1811 2462 2010 2529 pressit
2041 2460 2342 2533 Oppianus,
2373 2465 2468 2519 lib.
2511 2481 2550 2530 ι,
2579 2465 2652 2519 De
2682 2476 2874 2532 venat,
2905 2483 3050 2524 vers.
3076 2469 3180 2524 548
3214 2487 3226 2522 :

1813 2572 1953 2650 T‘oid
1974 2591 2071 2650 fu
2101 2577 2376 2650 κάκεῖνοι,
2394 2578 2549 2631 τοῖσι
2577 2578 2829 2647 δόνακες
2863 2581 3245 2650 μεμέληνται,

1807 2644 2437 2718 Μησάθην-πυξιινοῖσι
2469 2650 2767 2717 νοήμασιν
2802 2644 3106 2718 ἰξευτῆρεξ-

1821 2715 2082 2787 ξυππόεε
2103 2716 2469 2772 διιιδάλλωσι
2494 2715 2889 2786 πεληϊάὸεσσι
2913 2715 3230 2787 νεὸσσούς.

1803 2784 1956 2859 {iure
1984 2785 2093 2859 γὰρ
2119 2788 2184 2853 ἐς
2219 2789 2509 2859 φιλότητα
2534 2784 2662 2843 θοαὶ
2699 2791 2994 2859 τρήρωνες
3022 2793 3173 2852 ἴωσι.

1807 2857 2177 2932 Μιγνρμενῳ
2224 2858 2590 2932 στομάτεσσι
2623 2857 3071 2932 ,ϐαρυφθόγτιοις
3116 2863 3382 2932 ἀλόχοιο.

1807 2923 2239 3001 ρὴτόέελμῆτιν
2262 2923 2476 3001 iiscum
2501 2923 2736 2998 κλυτὴν
2751 2923 3193 3001 ’έιθασὸτρὸεεος
3207 2923 3382 3001 ἀνὴρ,

1814 2996 1986 3064 Ἀγχι
2029 2996 2096 3049 δὲ
2144 2997 2548 3066 θηλυτέρῃσιν
2598 2996 2852 3066 ἐθήκατο
2900 2996 3385 3057 δαίδαλα-πολλὰ

1809 3067 2037 3137 Ετμιιτα
2059 3070 2378 3136 πορφύρεα.
2420 3072 2518 3124 Tal
2545 3069 2612 3123 δὲ
2637 3071 2845 3126 κλιδὸν
2878 3072 3030 3126 ὄσσε
3051 3073 3380 3137 βαλοῦσαι,

1731 3113 1772 3177 (ἶ
1809 3113 2008 3204 Θυῖιὸν
2048 3113 2370 3207 ωιῖἔμὲναι
2423 3140 2686 3195 τίκτουσ⁸
2749 3113 3129 3212 ἀλιπόρςριῖα
3179 3113 3378 3198 cetera:

1876 3236 2038 3313 lbid.,
2087 3250 2185 3306 lin.
2232 3249 2321 3304 40.
2359 3252 2721 3305 Φιλότεκνον
2742 3253 2780 3320 ἡ
2812 3251 3063 3320 κορώνη.
3117 3252 3377 3316 Basilius,

1809 3341 1955 3396 hom.
1990 3341 2042 3408 8,
2080 3342 2390 3397 Ἐπαινετὸν
2427 3345 2530 3414 τῆς
2571 3342 2817 3416 κορώνης
2859 3345 2919 3396 τὸ
2968 3343 3278 3412 φιλότεκνον
3307 3345 3383 3416 ’ἡ

1806 3435 1902 3487 καὶ
1935 3434 2254 3504 πετομένοις
2285 3435 2386 3506 ἤδη
2409 3434 2718 3506 παρέπεται
2748 3435 3022 3499 σιτίζουσα
3050 3436 3266 3499 αὐτοὺς,
3291 3436 3385 3489 καὶ

1805 3524 2146 3596 ἐκτρέφουσα
2169 3525 2334 3595 μέχρι
2359 3524 2633 3578 πλείστου.
2673 3523 2851 3593 Hujus
2879 3523 3258 3596 φιλοστοργίαν
3289 3540 3375 3578 ex-

1806 3613 1972 3682 plicat
1999 3611 2200 3674 Horus,
2255 3615 2347 3668 lib.
2404 3630 2466 3678 ιι,
2496 3629 2618 3683 cap.
2665 3613 2758 3676 97,
2806 3621 2861 3668 et
2907 3613 3258 3676 Aristoteles,
3303 3611 3382 3667 De

1805 3705 1994 3760 histor.
2046 3704 2269 3758 animal.
2309 3704 2406 3759 lib.
2444 3721 2518 3769 γι,
2560 3720 2682 3774 cap.
2717 3704 2772 3766 6,
2824 3704 3018 3760 Omnes
3065 3705 3172 3774 fere
3229 3705 3382 3759 alites

1806 3797 1993 3868 quibus
2021 3813 2218 3868 ungues
2256 3795 2450 3849 adunci
2479 3795 2674 3862 pullos,
2701 3813 2820 3851 cum
2843 3799 3072 3867 primum
3103 3797 3382 3866 provolan-

1805 3888 1861 3941 di
1894 3889 2126 3959 facultas
2164 3889 2346 3957 fuerit,
2406 3888 2532 3942 nido
2575 3889 2866 3957 expellunt,
2935 3891 3383 3959 percutientesque

1804 3990 2000 4050 cogunt
2030 3980 2326 4043 discedere;
2353 3990 2402 4034 et
2433 3990 2636 4035 creterra
2657 3997 2856 4051 quoque
2883 3997 3000 4034 aves
3017 3982 3250 4034 maxima
3275 3981 3384 4050 fere

1805 4075 1890 4126 sui
1918 4082 2068 4141 parte
2089 4113 2103 4135 ,
2131 4082 2190 4126 ut
2229 4074 2428 4126 dictum
2457 4083 2556 4136 est,
2590 4073 2729 4126 idem
2757 4073 2853 4126 hoc
2883 4073 3086 4142 faciunt
3117 4088 3136 4126 :
3165 4089 3383 4143 cumque

1804 4166 2118 4219 enutrierint
2151 4165 2283 4219 nihil
2305 4175 2564 4235 praeterea
2596 4164 2844 4219 adhibent
2871 4181 3012 4220 curse
3027 4174 3242 4235 excepta
3265 4181 3383 4219 cor-

1805 4257 1940 4316 nice,
1983 4273 2101 4326 qua:
2127 4255 2439 4327 aliquandiu
2465 4257 2702 4324 providet
2732 4275 2749 4311 :
2775 4258 2964 4327 quippe
3003 4274 3119 4327 qua:
3148 4257 3380 4311 volantes

1796 4349 1914 4418 jam
1946 4365 2068 4403 suos
2105 4349 2279 4417 pullos
2307 4366 2524 4417 pascens
2567 4351 2685 4420 ipsa
2713 4351 3009 4405 comitetur.
3044 4349 3110 4402 Et
3145 4348 3376 4413 Plinius,

115 4470 241 4506 rimi
277 4469 392 4516 eas,
436 4461 482 4506 et
535 4454 735 4522 fructus
781 4455 966 4522 reﬁcit,
991 4464 1039 4508 et
1089 4455 1274 4507 umbra
1316 4454 1567 4522 defendit.
1607 4453 1701 4507 Te-

1810 4443 1905 4496 lib.
1937 4457 1991 4504 x,
2023 4456 2142 4510 cap.
2184 4441 2272 4504 12,
2301 4441 2567 4496 Prteterea
2617 4442 2736 4496 sola
2785 4443 2896 4497 hcce
2943 4443 3104 4496 etiam
3141 4442 3376 4497 volantes

116 4546 374 4600 terrimus
437 4546 574 4598 enim
628 4545 788 4599 draco
845 4545 1000 4614 ferali
1044 4562 1133 4599 eas
1170 4546 1501 4599 immanitate
1523 4559 1698 4610 perse-

112 4640 324 4710 quitur,
354 4647 403 4690 et
459 4639 655 4694 cruenti
683 4641 909 4709 gutturis
947 4637 1194 4692 barathro
1225 4637 1487 4691 inhiantes
1520 4636 1700 4690 absor-

114 4732 238 4784 bere
263 4730 501 4784 molitur.
528 4729 629 4783 Sed
651 4732 787 4784 sicut
809 4730 1063 4784 columbte
1088 4729 1391 4793 draconem,
1410 4730 1488 4782 ita
1505 4729 1699 4783 nihilo-

111 4822 297 4874 minus
338 4821 501 4874 draco
534 4820 786 4890 formidat
811 4839 947 4884 eam,
972 4839 1129 4892 quam
1158 4822 1502 4890 praediximus
1535 4824 1697 4875 arbo-

113 4928 252 4976 rem,
283 4909 377 4964 sed
421 4912 680 4978 pra’cipue
732 4913 873 4965 timet
920 4912 1185 4974 umbram,
1219 4913 1296 4966 ita
1325 4921 1385 4965 ut
1421 4913 1468 4965 si
1507 4913 1698 4965 umbra

114 5005 282 5072 fuerit
318 5019 350 5054 a
379 5012 529 5070 parte
575 5001 782 5056 arboris
805 5003 1014 5066 dextra,
1042 5005 1138 5058 illa
1172 5004 1290 5058 licet
1319 5003 1504 5074 procul
1529 5004 1698 5074 fugiat

113 5096 185 5149 ad
215 5095 515 5157 sinistram,
545 5093 682 5164 quod
715 5095 762 5148 si
791 5094 978 5148 umbra
1007 5095 1237 5148 cernitur
1257 5095 1311 5148 in
1337 5095 1578 5157 sinistra,
1607 5094 1698 5146 ille

112 5195 359 5239 vertatur
393 5183 461 5236 ad
498 5183 788 5239 dexteram.
823 5183 998 5238 Donec
1035 5201 1159 5254 ergo
1190 5184 1444 5239 columbte
1475 5185 1570 5238 sub
1605 5202 1696 5238 ar-

112 5281 258 5333 boris
287 5277 436 5331 illius
467 5277 774 5331 umbraculo
805 5273 998 5346 fuerint
1038 5291 1397 5342 commoratae,
1417 5279 1577 5332 nullis
1607 5296 1696 5332 eas

109 5370 348 5424 crudelis
391 5368 487 5422 illa
525 5369 689 5422 bestia
738 5369 874 5422 valet
915 5368 1121 5422 insidiis
1154 5367 1363 5426 laedere.
1389 5369 1621 5440 alioquin
1650 5371 1696 5422 si

107 5465 300 5531 procul
331 5478 422 5514 eas
453 5461 727 5525 invenerit,
759 5463 870 5517 sine
903 5461 1014 5515 ullo
1044 5461 1478 5515 contradictionis
1515 5461 1696 5516 obsta-

106 5559 229 5610 culo
261 5557 564 5623 repentinus
593 5556 814 5608 invadit.

193 5648 358 5709 Ibid.,
399 5646 498 5699 lin.
534 5646 623 5699 5-1.
658 5645 766 5697 O‘la
795 5645 863 5698 δέ
891 5646 1062 5700 ἐστιν
1093 5646 1131 5712 ἠ
1163 5647 1367 5712 φύσις.
1409 5644 1698 5717 Anaxago-

105 5757 197 5794 "ss
228 5739 467 5793 colorem
497 5747 702 5791 certum
728 5736 1036 5806 plumarum
1058 5737 1116 5792 in
1145 5737 1288 5792 collo
1315 5735 1693 5793 columbarum

1806 4532 1980 4602 pullos
2011 4533 2324 4602 aliquandiu
2363 4535 2532 4602 pascit
2563 4522 3061 4601 inauspicatissima
3091 4532 3228 4601 fetus
3256 4543 3380 4587 tem-

1804 4641 1949 4694 pore,
1982 4627 2078 4679 hoc
2095 4635 2172 4680 est
2197 4635 2314 4694 post
2335 4626 2642 4680 solstitium.
2681 4625 2900 4679 Cteterte
2923 4641 3098 4679 omnes
3121 4639 3186 4678 ea:
3201 4624 3379 4678 eodem

1806 4735 1988 4787 genere
2038 4719 2241 4786 pellunt
2270 4718 2409 4771 nidis
2439 4718 2637 4788 pullos,
2671 4733 2734 4771 ac
2764 4719 2943 4771 volare
2973 4726 3184 4783 cogunt,
3240 4718 3380 4769 sicut

1805 4823 1852 4866 et
1889 4813 2031 4866 corvi
2063 4813 2197 4880 :qui
2235 4821 2283 4865 et
2317 4811 2419 4880 ipsi
2468 4826 2572 4864 non
2593 4825 2752 4863 carne
2781 4819 2988 4862 tantum
3022 4808 3260 4871 aluntur,
3284 4807 3374 4862 sed

1805 4918 1853 4961 et
1873 4906 2116 4960 robustos
2142 4921 2342 4975 quoque
2362 4903 2498 4972 fetus
2521 4919 2649 4956 suos
2686 4901 2874 4972 fugant
2919 4901 3146 4970 longius.

1874 4997 2012 5053 Ibid.
2060 4996 2173 5051 Kal
2221 4995 2583 5064 μόνανδρον.
2616 4993 2791 5050 Mares
2837 4993 3053 5049 feminis
3099 4989 3378 5046 connubio

1799 5090 2007 5160 junctis
2029 5103 2244 5158 semper
2270 5087 2429 5150 ﬁdos,
2450 5101 2732 5156 nunquam
2765 5085 2831 5140 ad
2857 5086 3080 5140 alteram
3108 5083 3376 5136 divertere

1805 5182 2084 5239 comitem,
2115 5196 2178 5235 ac
2206 5195 2307 5235 nec
2339 5181 2488 5250 ipsas
2514 5178 2734 5250 quidem
2774 5177 3026 5234 feminas.
3075 5171 3255 5245 quoad
3291 5173 3378 5227 vi-

1804 5283 1960 5336 vunt,
2003 5273 2068 5327 ad
2110 5275 2367 5338 alterum,
2427 5272 2523 5327 sed
2565 5269 2874 5340 disjunctos
2935 5268 3084 5323 solos
3119 5267 3379 5335 deinceps

1804 5383 2020 5437 semper
2047 5368 2243 5437 degere
2271 5374 2504 5421 testatur
2533 5363 2736 5426 Horus,
2771 5363 2864 5416 lib.
2899 5362 2951 5425 1,
2989 5375 3112 5429 cap.
3153 5357 3208 5413 8.
3241 5357 3372 5412 Plu-

1805 5460 2028 5513 tarchus
2061 5457 2268 5528 Gryllo,
2309 5457 2606 5526 Gregorius
2637 5454 3020 5509 Nazianzenus
3049 5449 3267 5505 Paraén.
3305 5449 3378 5504 ad

1810 5551 1979 5620 Virg.;
2025 5551 2275 5606 Elianus
2305 5551 2567 5614 item,lib.
2595 5565 2679 5612 ιιι,
2724 5548 2794 5601 De
2823 5549 3013 5601 histor.
3047 5547 3210 5599 anim.
3238 5558 3289 5597 c.
3318 5542 3376 5604 9,

1804 5644 2056 5716 Κορῶναι
2077 5644 2334 5714 ἀλλήλαις
2368 5644 2474 5696 εἰσὶ
2504 5642 2824 5696 πιστόταται
2857 5659 2869 5670 ⁸
2893 5642 2987 5696 καὶ
3018 5641 3142 5694 ὅταν
3159 5640 3240 5702 εἰς
3262 5653 3380 5692 κοι-

1804 5737 1999 5793 νωνίαν
2035 5736 2330 5792 συνέλθωσι
2361 5735 2505 5791 πάνυ
2545 5735 2746 5807 σφόδρα
2785 5734 3039 5805 ἀγαπῶσι
3081 5747 3248 5803 σφας,
3277 5728 3378 5784 καὶ
