3810 6168
385 239 481 291 9H

1715 227 1959 285 LEONIS
1990 227 2266 285 ALLATll

3513 233 3628 289 9η

382 350 484 405 οὐκ
513 349 578 404 ἀν
614 348 713 403 ῐδοι
738 364 822 412 τις
849 345 1152 418 μιγνύμενα
1175 343 1348 399 ταῦτα
1378 343 1448 397 τά
1479 342 1594 409 ζῶα
1620 341 1836 414 ἀνέδην,
1854 343 1949 397 καὶ

2073 344 2180 411 mis,
2200 345 2360 398 simul
2405 359 2469 398 ne
2516 342 2683 399 durus
2711 343 2781 398 sit
2814 343 3111 415 infantibus
3134 343 3319 416 pullis.
3362 342 3630 402 Elianus

382 441 458 504 ὡς
480 438 660 512 ἔτυχε.
703 438 935 507 Λέγουσι
964 437 1023 492 δὲ
1053 439 1103 490 ol
1127 435 1198 491 τά
1244 435 1374 506 περὶ
1414 433 1621 488 τούτων
1653 432 1951 505 ἀκριϐοῦν-

385 549 496 597 τες,
534 533 638 597 ὅτι,
667 531 772 585 κάν
792 530 1050 584 ἀποθάνοι
1080 528 1143 582 τὸ
1172 528 1380 600 ἕτερον,
1406 528 1468 581 τὸ
1494 526 1678 581 λοιπὸν
1707 524 1951 597 χηρεύει.

398 622 607 677 ’Δκούω
639 622 698 675 δὲ
727 623 854 687 τοὺς
884 621 1050 676 πάλαι
1086 620 1179 675 καὶ
1208 621 1268 674 ὲν
1307 623 1421 684 τοῖς
1454 618 1654 690 γάμοις
1695 618 1834 690 μετά
1865 619 1955 673 τὸν

389 717 638 788 ὑμέναιον
651 716 750 789 τὴν
775 714 1017 789 κορώνην
1037 712 1239 779 καλεῖν,
1260 712 1511 786 σύνθημα
1530 714 1781 786 ὁμονοίας
1800 713 1957 768 τοῦτο

388 812 501 875 τοῖς
537 809 807 865 συνιοῦσιν
858 809 951 863 ἐπὶ
975 808 1286 879 παιδοποιίᾳ
1339 807 1593 872 διδόντες.
1669 805 1752 863 Ob
1814 807 1957 863 hanc

388 917 522 975 ergo
578 904 748 958 maris
778 910 835 958 et
862 900 1076 959 feminae
1123 900 1496 965 concordiam,
1542 908 1596 956 et
1632 907 1954 971 perpetuam

390 996 649 1053 connubii
682 997 855 1068 legem
884 1010 948 1051 ac
981 995 1160 1061 fidem,
1195 993 1454 1051 solitaria:
1490 994 1729 1051 cornicis
1756 1008 1953 1050 occur-

391 1104 486 1146 sus
514 1088 717 1144 malum
758 1102 918 1143 omen
963 1087 1201 1144 faciebat
1234 1085 1491 1143 IElianus
1536 1085 1685 1141 dicto
1732 1086 1853 1144 loco
1897 1093 1952 1141 ct

387 1180 499 1237 alii.

457 1270 619 1340 lbid.,
640 1272 737 1327 lin.
762 1271 852 1327 45.
902 1272 955 1324 '0
991 1269 1061 1323 δὲ
1086 1270 1469 1339 νυκτικόραξ.
1501 1268 1678 1340 Hujus
1706 1270 1955 1326 meminit

388 1364 644 1427 Basilius,
674 1363 822 1420 hom.
854 1361 887 1417 8
919 1363 975 1416 in
1012 1361 1296 1427 Hexaem.;
1320 1361 1521 1428 Horus,
1548 1362 1644 1417 lib.
1670 1378 1732 1426 ιι,
1759 1376 1816 1417 c.
1850 1361 1952 1428 25;

387 1456 730 1522 Aristoteles,
765 1454 842 1509 De
868 1455 1059 1510 histor.
1111 1455 1305 1520 anim.,
1364 1453 1461 1509 lib.
1501 1468 1622 1517 Vlll,
1649 1468 1771 1523 cap.
1812 1453 1867 1516 5,
1901 1462 1955 1509 et

388 1544 485 1601 lib.
529 1560 605 1611 lx,
642 1559 763 1616 cap.
792 1542 884 1601 59.
915 1543 1256 1615 Apollinario
1290 1544 1486 1617 psalm.
1526 1558 1601 1614 cr,
1650 1551 1736 1601 est
1763 1544 1956 1609 νυκτὸς

387 1637 580 1710 κόραξ.

364 1792 373 1797 -
458 1751 777 1823 Δέρκεσθαι
802 1751 983 1820 φαίης
1002 1766 1109 1805 κεν
1126 1749 1501 1823 ἐρῃμονόμον
1520 1745 1881 1823 uelamina,

465 1816 543 1878 Ἦ
567 1816 1039 1890 νυκτὸς-[κόρακα
1060 1816 1257 1890 mal-t1ch
1278 1818 1554 1890 δαπέδων
1570 1816 1849 1890 νιπτῆρα,

462 1895 538 1947 Ἣ
547 1886 845 1961 στρουθὸν
858 1886 969 1945 τιν’
986 1886 1218 1945 ἄϋπνον
1227 1888 1381 1944 ἐόντ’
1392 1889 1463 1943 ἐν
1476 1886 1695 1959 δώματι
1703 1888 1953 1958 μοῦνον.

464 2006 623 2071 lbid.,
659 2006 757 2061 lin.
809 2004 898 2060 45.
932 2005 1335 2074 Φιλόστοργος
1382 2004 1416 2057 ό
1455 2003 1639 2071 ἔποψ.
1679 1999 1955 2062 Ᾱὲιὶιιηιιε,

391 2098 488 2152 lib.
524 2113 579 2162 ι,
602 2110 725 2167 cap.
765 2096 852 2160 16,
899 2094 1188 2167 Egyptios
1245 2095 1321 2148 ait
1358 2091 1621 2154 ciconias,
1665 2090 1958 2162 vulpanse-

394 2203 503 2249 res,
562 2195 616 2241 et
655 2201 869 2256 upupas
899 2187 954 2240 in
976 2186 1183 2241 honore
1225 2184 1450 2251 habere,
1489 2182 1636 2254 quod
1676 2187 1962 2237 senectute

394 2278 613 2334 allectos
646 2286 902 2348 parentes
941 2279 1115 2333 alunt.
1150 2275 1403 2347 Upupam
1445 2275 1636 2331 nidum
1664 2289 1695 2329 e
1718 2282 1962 2331 stercore

392 2369 663 2439 prmcipue
678 2369 915 2423 humano
929 2369 1197 2424 coniicere
1221 2366 1390 2421 tradit
1412 2364 1736 2421 Aristoteles
1762 2365 1855 2419 lib.
1882 2377 1958 2428 ιτ,

394 2476 515 2532 cap.
544 2462 629 2528 15,
666 2461 743 2517 De
772 2461 897 2516 hist.
918 2462 1109 2526 anim.;
1147 2461 1238 2531 qui
1284 2468 1489 2526 tamen,
1520 2475 1643 2529 cap.
1670 2459 1724 2524 1,
1757 2457 1853 2513 lib.
1883 2472 1959 2521 vi,

398 2568 637 2624 upupam
681 2570 787 2610 non
839 2554 1123 2611 nidiﬁcare
1170 2555 1264 2619 ait,
1309 2554 1405 2609 sed
1440 2554 1495 2608 in
1521 2552 1671 2608 cavis
1704 2555 1960 2606 arborum

393 2662 586 2718 parere
611 2647 731 2704 sine
753 2648 863 2704 ullo
879 2654 1201 2713 stramento,
1237 2646 1341 2701 '06‘
1362 2645 1502 2715 ἔποψ
1528 2646 1686 2717 μόνος
1709 2644 1769 2697 οὐ
1794 2646 1964 2697 ποιεῖ-

392 2757 484 2795 ται
514 2740 786 2794 νεοττείαν
833 2738 942 2792 τῶν
978 2738 1102 2792 καθ’
1143 2738 1336 2792 ἑαυτὸν
1386 2736 1791 2803 νεοττευόντων,
1849 2734 1963 2789 ἀλλ’

395 2833 735 2905 εἰσ-δυόμενος
787 2832 866 2896 είς
906 2831 974 2887 τά
1017 2830 1266 2901 στελέχη,
1315 2830 1373 2884 ὲν
1421 2831 1533 2894 τοῖς
1562 2827 1759 2892 κοίλοις
1786 2826 1966 2882 αὐτῶν

399 2925 597 2989 τίκτει,
620 2922 769 2977 οὐδὲν
796 2920 1258 2993 συμφορούμενος.

2053 438 2132 494 De
2183 438 2369 493 histor.
2405 439 2595 501 anim.,
2623 436 2720 493 lib.
2751 453 2834 501 ιιι,
2866 452 2988 508 cap.
3033 437 3127 506 24,
3191 436 3257 491 Ἦ
3285 437 3344 491 δὲ
3369 437 3627 509 χελιδὼν,

2053 530 2141 583 ὅτε
2167 527 2424 599 εὐποροίη
2451 525 2624 599 πηλοῦ
2646 528 2759 590 τοῖς
2779 524 2928 591 ὄνυξι
2953 526 3133 599 φέρει,
3155 526 3247 580 καὶ
3276 526 3629 597 συμπλάττει

2052 622 2150 694 τήν
2169 621 2383 676 καλιάν.
2415 622 2477 675 El
2493 619 2548 674 δὲ
2569 618 2772 690 ἀπορία
2793 621 2901 689 εἴη,
2937 619 3013 682 ὡς
3054 617 3424 690 Ἀριστοτέλης
3441 617 3629 687 λέγει,

2055 715 2251 785 ἑαυτὴν
2276 712 2480 784 βρέχει,
2513 713 2605 765 καὶ
2634 714 2715 776 είς
2744 711 2893 765 κόνιν
2912 709 3087 782 ,φόρει
3126 709 3195 764 τά
3238 709 3413 781 πτερά
3444 710 3631 781 ἐμπε-

2057 808 2245 874 σοῦσα,
2275 805 2477 861 καὶτοῦ
2507 804 2678 876 πηλοῦ
2695 802 3110 875 περιπαγέντος,
3130 800 3374 856 ἐντεῦθεν
3405 801 3632 855 ὑπαποο

2054 903 2300 974 ψήχουσα
2342 899 2420 971 τῷ
2469 899 2675 970 ράμφει
2731 896 2831 967 τὴν
2885 894 3252 968 προκειμένην
3309 892 3631 963 οἰκοδομίαν

2056 992 2382 1064 χειρουργεῖ.
2423 988 2633 1044 Ἀπαλά
2658 1005 2719 1041 τε
2744 986 2874 1041 ὅντα
2899 986 2968 1040 τὰ
2982 985 3213 1046 νεόττια,
3248 984 3342 1037 καὶ
3369 981 3474 1037 τῶν
3498 983 3634 1037 πτί-

2054 1087 2161 1140 λων
2190 1084 2372 1154 γυμνὰ
2410 1078 2520 1137 οἵδε
2571 1080 2748 1143 καλῶς
2794 1079 2887 1133 ἐπὶ
2930 1076 3101 1148 ψιλῶν
3150 1080 3371 1148 καρφῶν
3400 1077 3448 1130 εί
3482 1076 3632 1130 ἅνα-

2056 1179 2302 1243 παύοιτο,
2339 1178 2421 1232 ὅτι
2466 1173 2857 1245 κολασθήσεται
2884 1171 3171 1241 ἀλγοῦντα.
3201 1170 3405 1226 Οὐκοῦν
3427 1171 3526 1225 ὲπὶ
3557 1170 3634 1224 τὰ

2055 1270 2200 1325 νῶτα
2230 1268 2339 1324 τῶν
2366 1268 2653 1340 προὸάτων
2699 1265 2868 1329 ἱζάνει
2893 1264 2990 1319 καὶ
3014 1265 3235 1336 ἀποσπᾷ
3260 1263 3353 1319 τοῦ
3393 1262 3630 1335 μαλλοῦ,

2055 1364 2149 1417 καὶ
2200 1360 2448 1417 ἐντεῦθεν
2483 1362 2595 1422 τοῖς
2622 1360 2816 1429 έαυτῆς
2853 1357 3074 1430 βρέφεσι
3105 1357 3167 1410 τὸ
3192 1356 3348 1427 λέχος
3379 1354 3633 1427 μαλακὸν

2055 1456 2314 1527 ἔστρωσε.
2356 1452 2492 1508 Vide
2524 1451 2899 1513 Plutarchum,
2938 1449 3014 1505 De
3043 1449 3260 1505 solertia
3288 1449 3631 1503 animalium.

2053 1546 2241 1618 Neque
2287 1543 2506 1601 silentio
2573 1540 3011 1614 praetereundum
3044 1538 3190 1611 quod
3221 1538 3385 1593 tradit
3417 1536 3633 1598 Horus,

2056 1639 2150 1693 lib.
2176 1653 2234 1703 ιι,
2274 1651 2374 1707 cap
2403 1634 2492 1703 51,
2542 1634 2690 1688 illam
2717 1632 2830 1703 jam
2880 1631 3043 1687 morti
3082 1630 3381 1701 proximam
3418 1629 3543 1682 luto
3573 1642 3639 1682 se

1985 1706 2029 1765 Β
2059 1730 2233 1799 ipsam
2301 1706 2581 1789 volutare,
2640 1730 2696 1779 et
2767 1723 2931 1793 pullis
2994 1721 3230 1776 latebras
3282 1732 3636 1789 comparare.

2069 1820 2284 1890 Ἐκείνη
2322 1817 2431 1890 γὰρ
2453 1815 2626 1871 κυλίει
2651 1815 2845 1887 ἑαυτὴν
2868 1816 2949 1878 είς
2986 1812 3175 1884 πηλὸν,
3198 1813 3294 1866 καὶ
3313 1812 3485 1876 κτίζει
3517 1810 3640 1873 τοῖς

2058 1912 2290 1974 νεοττοῖς
2326 1907 2529 1978 φωλεὸν
2569 1906 2836 1979 μέλλουσα
2857 1905 3147 1960 τεθνάναι
3183 1902 3328 1976 quod
3357 1916 3469 1957 non
3513 1917 3642 1956 me-

2059 1999 2194 2054 mini
2228 2014 2315 2053 me
2333 1997 2462 2053 alibi
2490 1997 2712 2068 legisse.

2131 2087 2293 2152 lbid.,
2326 2088 2422 2142 lin.
2457 2087 2546 2142 51.
2591 2085 2940 2156 Μόνανδρος
2978 2084 3017 2153 ἠ
3066 2082 3315 2154 τρυγών.
3366 2081 3636 2144 Basilius,

2060 2181 2210 2237 hom.
2233 2181 2288 2245 8,
2322 2181 2432 2253 Τὴν
2460 2179 2695 2254 τρυγόνα
2738 2180 2893 2249 φασὶ,
2940 2176 3345 2248 διαζευχθεῖσαν
3370 2176 3505 2228 ποτε
3537 2173 3643 2228 τοῦ

2060 2270 2347 2343 ὁμόζυγος,
2386 2270 2581 2343 μηκέτι
2609 2272 2708 2342 τὴν
2734 2271 2870 2343 πρὸς
2896 2269 3082 2341 ἕτερον
3104 2267 3497 2339 καταδέχεσθαι
3517 2268 3657 2321 κοι-’

2062 2364 2276 2429 νωνίαν,
2321 2363 2457 2417 ἀλλὰ
2505 2362 2686 2433 μένειν
2728 2361 3093 2415 ἀσυνδύαστον
3141 2362 3329 2432 μνήμῃ
3364 2358 3461 2413 τοῦ
3502 2376 3640 2412 ποτε

2065 2453 2468 2525 συζευχθέντος,
2492 2453 2589 2525 τὴν
2612 2453 2746 2524 πρὸς
2771 2453 2955 2524 ἕτερον
2980 2452 3265 2506 κοινωνίαν
3292 2452 3645 2524 ἀπαρνουμέ-

2064 2561 2184 2617 νην.
2213 2545 2465 2601 Clemens
2509 2543 2935 2607 Alexandrinus,
2989 2540 3187 2596 Strom.
3225 2542 3292 2608 2;
3335 2539 3642 2613 Gregorius

2064 2635 2417 2700 Naz‘ianzen.,
2470 2635 2650 2691 Carm.
2683 2636 2752 2688 ad
2782 2636 2913 2705 virg.
2940 2633 3147 2706 .Mirum
3181 2634 3236 2689 id
3269 2634 3415 2704 quod
3449 2641 3646 2689 narrat

2067 2727 2321 2784 .‘Elianus
2379 2728 2447 2783 de
2501 2736 2776 2782 turturum
2839 2741 2904 2780 ac
2965 2724 3339 2780 columbarum
3389 2724 3643 2778 albarum

2066 2820 2344 2875 castitate.
2377 2818 2435 2874 Si
2457 2820 2602 2874 enim
2632 2816 2924 2887 impudicis
2957 2816 3254 2881 amoribus,
3284 2816 3644 2885 externisque

2065 2910 2360 2967 inservisse
2392 2908 2782 2980 persenserint,
2813 2907 3037 2977 reliqua:
3059 2914 3323 2972 turtures,
3347 2913 3401 2961 et
3431 2905 3648 2960 colum-

468 3016 632 3081 nam,
680 3015 777 3070 lin.
799 3014 890 3070 49.
949 3015 1018 3069 Ἠ
1052 3014 1121 3068 δὲ
1152 3012 1409 3083 χελιδὼν
1436 3013 1598 3078 ἅπαξ
1617 3012 1821 3084 γεννᾷ.
1850 3014 1966 3068 Ari-

2073 3005 2151 3058 ιω
2183 3017 2388 3063 marem
2429 3002 2764 3071 discerpunt,
2800 3012 2854 3057 et
2890 3000 3126 3070 pessime
3156 2998 3388 3068 perdunt
3426 3016 3441 3051 ι
3483 2996 3649 3052 femi-

399 3108 622 3165 stoteles
651 3113 838 3162 tamen
859 3105 956 3161 lib.
998 3123 1055 3172 ν,
1092 3104 1167 3160 De
1200 3105 1325 3159 hist.
1358 3106 1548 3169 anim.,
1582 3120 1704 3176 cap.
1750 3106 1838 3169 15,
1876 3106 1963 3160 1ιὶ-

397 3198 689 3255 rundinem
727 3199 803 3253 ait
842 3198 928 3254 bis
960 3212 1103 3252 anno
1138 3212 1349 3269 parere,
1379 3196 1526 3268 quod
1575 3196 1870 3253 conﬁrmat
1914 3206 1970 3254 et

398 3287 631 3356 Plinius,
660 3287 756 3344 lib.
788 3304 844 3353 ι,
877 3301 998 3357 cap.
1031 3287 1120 3350 55,
1150 3284 1478 3342 Hirundines
1507 3296 1557 3342 et
1573 3288 1791 3343 merula:
1810 3298 1859 3342 et
1879 3304 1971 3356 pa-

401 3383 586 3449 lumbi,
608 3390 659 3437 et
691 3390 922 3436 turtures
950 3380 1030 3435 bis
1055 3396 1197 3434 anno
1219 3381 1453 3449 pariunt,
1485 3391 1690 3436 cratera:
1712 3397 1829 3435 aves
1861 3382 1971 3450 fere

404 3474 586 3531 semel.
621 3472 755 3529 Avis
784 3471 902 3527 haec
926 3473 1069 3527 inter
1097 3471 1234 3527 alias
1279 3471 1452 3526 multa
1494 3471 1657 3527 habet
1708 3472 1820 3527 illis
1860 3487 1970 3528 non

401 3563 735 3630 communia,
763 3578 885 3633 quae
907 3561 1152 3617 referunt
1180 3562 1218 3617 ii
1241 3563 1335 3633 qui
1355 3562 1426 3618 de
1456 3561 1784 3618 animalibus
1806 3562 1973 3617 histo-

402 3655 517 3712 rias
563 3655 854 3726 scripsere.
904 3651 1012 3709 Sed
1057 3653 1390 3724 pracipuum
1421 3661 1478 3709 et
1507 3652 1745 3708 maxime
1796 3654 1971 3709 admi-

404 3746 641 3803 randum
670 3746 806 3802 illud
848 3760 972 3804 esse
1014 3744 1150 3801 mihi
1198 3744 1437 3811 videtur,
1487 3745 1634 3816 quod
1680 3746 1748 3801 de
1782 3760 1974 3802 earum

406 3839 555 3895 coitu
580 3839 774 3894 scribit
799 3836 1072 3901 Elianus,
1094 3836 1172 3893 De
1195 3836 1382 3893 histor.
1412 3837 1602 3905 anim.,
1640 3838 1737 3893 lib.
1763 3854 1825 3902 ιι,
1850 3855 1970 3910 cap.

406 3930 475 3984 ὃς
499 3930 563 3983 Ol
595 3927 694 3998 μὲν
718 3926 928 3999 ὄρνιθες
948 3929 994 3980 οἱ
1021 3928 1195 3999 ἕτεροι
1215 3927 1611 3992 ἀναϐαίνονται,
1626 3927 1702 3994 ὡς
1724 3928 1900 3997 λόγος,
1917 3928 1977 3983 al

409 4022 467 4075 δὲ
486 4019 750 4091 χελιδόνες
776 4018 859 4084 οὒ,
891 4018 1028 4073 ἀλλά
1056 4019 1260 4074 τούτων
1274 4037 1340 4089 γε
1366 4021 1632 4091 ὲναντίαή
1658 4019 1802 4091 μίξις
1834 4021 1975 4085 ἐστὶ,

412 4110 506 4163 καὶ
539 4110 600 4163 τὸ
621 4109 789 4164 αἴτιον
817 4104 1006 4181 οἷδενή
1035 4109 1216 4178 φύσιςο
1252 4110 1414 4180 Λέγει
1441 4110 1497 4164 δὲ
1515 4114 1544 4165 ὁ
1574 4110 1774 4165 πλείων
1794 4111 1973 4180 λόγος,

412 4204 494 4257 ὅτι
521 4202 818 4274 πεφρίκασι
846 4202 936 4256 τὸν
966 4202 1159 4274 τηρέα,
1197 4203 1290 4257 καὶ
1320 4202 1613 4267 δεδοίκασι,
1644 4203 1853 4275 μήποτε
1869 4203 1978 4274 ἄρα

414 4293 800 4367 προσερπύσας
848 4293 1041 4366 λάθρα,
1069 4290 1191 4348 εἶτα
1213 4295 1512 4366 ἐργάσηται
1550 4295 1851 4367 τραγῳδίαν
1882 4295 1976 4349 καὶ

414 4402 530 4440 νυν.

484 4476 649 4542 lbid.,
706 4476 1062 4546 Πηγνυμένη
1111 4476 1181 4531 δὲ
1225 4476 1362 4547 τήν.
1390 4475 1650 4544 Basilius,
1713 4479 1862 4536 hom.
1893 4478 1928 4535 8
1966 4501 1979 4534 :

428 4571 641 4640 Ἐκείνη
662 4568 773 4642 γὰρ
797 4571 896 4641 τὴν
922 4568 1117 4624 καλιάν
1159 4570 1502 4643 πηγνυμένη,
1544 4570 1616 4625 τά
1657 4571 1756 4643 μὲν
1788 4572 1976 4645 κάρφη

414 4660 493 4732 τῷ
517 4660 745 4732 στόματι
769 4658 1091 4730 διακομίζει,
1126 4660 1296 4732 πηλὸν
1321 4660 1380 4715 δὲ
1408 4664 1519 4728 τοῖς
1543 4663 1701 4717 ποσίν
1731 4660 1868 4735 ἆραι
1907 4663 1982 4735 μὴ

415 4752 710 4823 δυναμένη,
732 4749 803 4806 τὰ
840 4750 987 4822 ἄκρα
1014 4750 1122 4804 τῶν
1174 4750 1351 4804 ποδῶν
1398 4749 1551 4805 ὕδατι
1580 4751 1836 4824 βρέξασα,
1865 4748 1983 4807 εἶτα

415 4846 483 4915 τῇ
541 4842 842 4913 λεπτοτάτῃ
871 4841 1017 4896 κόνει
1061 4841 1412 4912 ὲνειληθεῖσα,
1442 4841 1615 4907 οὕτως
1646 4844 1851 4897 ἐπινοεῖ
1884 4844 1980 4897 τοῦ

419 4936 592 5009 πηλοῦ
639 4934 738 5007 τὴν
785 4934 995 5007 χρείαν,
1055 4934 1150 4989 καὶ
1211 4935 1350 4989 κατά
1398 4934 1590 5007 μικρὸν
1634 4936 1884 5009 ἀλλήλοις
1915 4937 1985 4991 τά

420 5030 606 5101 κάρφη
638 5024 750 5082 οἷον
785 5027 953 5101 κόλλῃ
970 5025 1077 5081 τινὶ
1104 5023 1184 5097 τῷ
1210 5025 1369 5098 πηλῷ
1394 5027 1719 5099 συνδήσασα,
1749 5029 1810 5082 ὲν
1838 5030 1979 5102 αὐτῇ

418 5121 546 5183 τοὺς
576 5119 821 5182 νεοττοὺς
869 5117 1142 5189 ἐκτρέφει.
1202 5116 1279 5173 De
1320 5118 1674 5175 hirundinum
1715 5120 1988 5177 industria

420 5209 480 5264 in
502 5210 642 5265 nidis
675 5208 1031 5265 conﬁciendis
1060 5206 1404 5274 Aristoteles,
1434 5209 1529 5265 lib.
1561 5226 1637 5276 ιι,
1670 5227 1791 5282 cap.
1827 5213 1880 5278 7,
1905 5213 1985 5267 De

422 5298 609 5355 histor.
646 5299 981 5364 animal.,ex
1013 5312 1124 5369 quo
1156 5313 1258 5354 sua
1300 5299 1492 5354 habuit
1528 5298 1739 5358 Plinius
1783 5302 1878 5359 lib.
1927 5320 1987 5369 ι,

426 5404 542 5460 cap.
566 5390 655 5459 35,
695 5390 1026 5449 Hirundines
1076 5394 1187 5449 luto
1216 5403 1546 5458 construunt,
1572 5404 1865 5451 stramento
1895 5413 1986 5449 ro-

424 5479 633 5536 borant.
658 5479 718 5537 Si
743 5484 953 5553 quando
980 5484 1159 5553 inopia
1187 5494 1265 5539 est
1295 5484 1420 5552 luti,
1458 5484 1773 5556 madefacta:
1811 5485 1984 5540 multa

425 5587 565 5640 aqua
583 5576 763 5643 pennis
789 5576 1052 5645 pulverem
1097 5589 1373 5649 spargunt,
1418 5580 1596 5651 ipsum
1643 5596 1763 5634 vero
1797 5579 1987 5633 nidum

428 5663 673 5721 mollibus
695 5668 911 5737 plumis,
943 5669 1223 5740 [lactisque
1249 5680 1587 5727 consternunt
1611 5671 1985 5743 tepefacieudis

2071 3110 2155 3149 me
2181 3109 2312 3150 vero
2349 3092 2723 3149 misericordia
2762 3098 3041 3161 permota,
3080 3089 3233 3143 nulla
3269 3088 3420 3143 illata
3468 3087 3647 3143 mole-

2071 3187 2177 3241 stia
2205 3186 2260 3241 in
2306 3185 2571 3242 viduitate
2618 3184 2885 3254 reliquam
2934 3192 3145 3238 aetatem
3175 3183 3378 3238 ducere
3411 3181 3650 3252 permit-

2070 3286 2213 3341 tunt,
2249 3279 2353 3334 hoc
2375 3277 2519 3333 idem
2550 3275 2610 3334 et'
2627 3277 2908 3347 palumbes
2939 3276 3116 3331 l'..cere
3140 3274 3391 3339 aﬂirmat,
3423 3281 3652 3344 praster-

2072 3386 2234 3442 quam
2266 3370 2412 3442 quod
2449 3369 2550 3435 illi,
2574 3398 2575 3405 ι
2599 3377 2655 3425 et
2697 3384 2926 3433 marem,
2968 3376 3024 3423 et
3064 3366 3320 3421 feminam
3362 3364 3648 3420 occidunt.

2073 3464 2150 3518 De
2172 3465 2357 3519 histor.
2382 3461 2629 3530 animal.,
2652 3461 2747 3518 lib.
2803 3476 2886 3528 ιιι,
2929 3475 3050 3531 cap.
3081 3460 3173 3524 44,
3198 3459 3653 3533 Σωφρονέσταται

2072 3555 2300 3628 ὀρνίθων
2332 3555 2389 3609 αί
2422 3555 2623 3624 φᾶτται
2650 3554 2884 3626 ᾅδονται.
2927 3553 2985 3607 Ὀ
3019 3552 3150 3622 γοῦν
3177 3553 3354 3625 ἄρρην
3380 3554 3478 3605 xai.
3497 3555 3527 3605 ό
3555 3553 3654 3624 0?;-

2073 3648 2190 3714 λυς,
2233 3646 2670 3713 συνδυασθέντες,
2713 3648 2807 3701 καὶ
2852 3648 3014 3701 οἱονεὶ
3050 3645 3535 3717 συμπνεύσαντες,
3571 3648 3654 3710 είς

2074 3741 2251 3810 γάμον
2281 3738 2524 3809 ἀλλήλων
2549 3737 2783 3808 ἔχονται,
2818 3738 2912 3791 καὶ
2935 3739 3292 3809 σωφρονοῦσι,
3323 3738 3422 3791 καὶ
3456 3737 3561 3791 οὐκ
3586 3738 3654 3793 ἂν

2076 3833 2282 3886 όθνείου
2311 3831 2499 3902 λέχους
2531 3831 2809 3903 οὐδέτερος
2840 3830 3036 3900 ἅψεται
3062 3830 3169 3886 τῶν
3202 3830 3433 3903 ὀρνίθων
3458 3830 3647 3885 τῶνδε.

2089 3926 2215 3980 Ἐὰν
2248 3924 2303 3977 δὲ
2334 3922 2847 3993 ὲποφθαλμιάσωσιν
2872 3922 3098 3993 ἑτέροις,
3139 3922 3524 3993 περιέρχονται
3556 3923 3655 3975 αὑ-

2075 4018 2198 4079 τοὺς
2224 4017 2273 4069 οἱ
2295 4016 2492 4069 λοιποί·
2528 4015 2623 4069 καὶ
2648 4015 2740 4068 τὸν
2772 4014 2869 4084 μὲν
2898 4014 3105 4087 ἄρρενα
3140 4016 3188 4068 οί
3221 4017 3507 4084 ὁμογενεῖς
3536 4014 3653 4069 δια·

2079 4109 2309 4173 σπῶσιν,
2340 4111 2395 4162 αἱ
2435 4108 2647 4179 θήλειαι
2687 4107 2743 4160 δὲ
2777 4110 2869 4161 τὸν
2913 4107 3096 4178 θῆλυν.
3139 4107 3324 4171 Οὕτως
3357 4107 3468 4178 ἄρα
3498 4110 3528 4162 ὁ
3559 4109 3656 4179 τῆς

2081 4203 2433 4274 σωφροσύνης
2467 4203 2629 4273 νόμος
2660 4201 2755 4256 καὶ
2792 4203 2850 4265 ὲς
2883 4200 2984 4265 τὰς
3014 4200 3282 4273 τρυγόνας
3320 4202 3652 4271 ἀφικνεῖται,

2079 4294 2175 4347 καὶ
2218 4293 2482 4364 ἄτρεπτος
2542 4296 2718 4365 μένει,
2769 4294 2866 4347 καὶ
2916 4294 2975 4357 ὲς
3034 4292 3135 4357 τὰς
3192 4292 3525 4363 περιστερὰς
3560 4292 3654 4356 τὰς

1989 4394 2052 4450 τι)
2079 4384 2295 4449 λευκὰς,
2331 4385 2469 4457 πλὴν
2518 4382 2610 4438 τοῦ
2661 4383 3021 4438 θανατοῦσθαι
3061 4385 3321 4456 ἑκάτερον
3357 4384 3451 4438 τὸν
3484 4384 3651 4455 ὄρνιν·

2083 4477 2205 4531 ἐπεὶ
2231 4476 2325 4531 τὸν
2355 4477 2452 4547 μὲν
2482 4476 2685 4547 ἄρρενα
2715 4475 3019 4548 ἀναιροῦσι,
3059 4475 3158 4546 τὴν
3183 4476 3241 4529 δὲ
3272 4474 3443 4544 θῆλυν
3466 4475 3656 4547 qut-:5:-

2087 4583 2209 4638 ραν,
2257 4566 2355 4621 καὶ
2403 4568 2592 4620 εῐασαν
2635 4566 2822 4639 ἀπαθῆ
2864 4567 2981 4633 ,καὶ
3030 4566 3271 4639 περίεισι
3315 4567 3507 4638 χῆρος.
3558 4566 3657 4621 Hic

2084 4659 2214 4714 dum
2254 4658 2322 4715 de
2362 4666 2577 4715 turture
2616 4674 2924 4716 sermonem
2963 4659 3252 4724 habemus,
3295 4658 3452 4713 nullo
3497 4663 3656 4714 modo

2085 4747 2328 4805 silendus
2360 4757 2446 4805 est
2473 4748 2697 4806 Davidis
2734 4748 3031 4806 Hcescbelil
3060 4764 3219 4804 error
3247 4749 3523 4805 maximus
3544 4751 3656 4803 ἀνι-

2089 4840 2397 4913 στορησίας.
2435 4841 2574 4897 Cum
2601 4841 2748 4897 enim
2778 4838 2962 4898 Horus
3006 4839 3107 4896 lib.
3140 4854 3205 4904 ιι,
3249 4854 3372 4910 cap.
3419 4839 3547 4907 112,
3591 4840 3654 4893 de

2087 4938 2300 4988 turture
2354 4933 2566 4988 marina
2608 4932 2945 5002 loqueretur,
2988 4932 3246 5003 illiusque
3275 4931 3557 5003 ingenium
3591 4946 3655 4986 ex

2087 5023 2468 5097 Egyptiorum
2497 5027 2768 5081 sententia
2810 5031 3129 5095 exponeret,
3169 5021 3516 5091 Hmschelins
3547 5036 3653 5077 non

2088 5116 2524 5173 animadvertens
2563 5115 2632 5172 de
2687 5129 2926 5187 quonam
2965 5130 3151 5172 sermo
3183 5124 3353 5181 esset,
3384 5114 3572 5180 lueret,
3603 5124 3652 5168 et

2086 5217 2147 5263 ut
2174 5209 2388 5265 videtur
2417 5209 2485 5264 de
2521 5215 2738 5265 turture
2766 5209 3067 5265 accilorum
3107 5209 3259 5263 illum
3302 5208 3577 5278 intelligit,
3605 5219 3654 5261 ct

2087 5298 2333 5369 quadam
2374 5299 2478 5354 alia
2512 5298 2782 5372 πάρεργα,
2815 5299 2910 5353 καὶ
2938 5299 3043 5367 ἔξω
3078 5301 3177 5354 τοῦ
3206 5298 3412 5353 σκοποῦ
3448 5298 3507 5354 in
3542 5314 3653 5353 me-

2088 5392 2238 5448 dium
2281 5390 2457 5459 aliert,
2503 5372 2644 5461 quae,
2684 5399 2746 5447 ut
2792 5391 2912 5462 ipse
2942 5392 3286 5464 opinabatur,
3335 5407 3370 5447 a
3415 5392 3653 5462 subjecta

2087 5483 2315 5540 materia
2341 5483 2565 5539 minime
2591 5491 2749 5539 erant
2775 5484 2976 5550 aliena,
3009 5492 3141 5556 puto
3173 5484 3279 5540 hoc
3310 5484 3390 5540 illi
3414 5484 3534 5555 jam
3579 5483 3655 5539 la-

2088 5576 2313 5633 boribus
2364 5576 2547 5647 potius
2577 5576 2636 5632 in
2679 5579 2827 5634 notis
2868 5578 2981 5633 illis
3013 5576 3371 5634 conﬁciendis
3421 5577 3651 5635 defesso.

2088 5686 2248 5740 quam
2286 5670 2503 5726 inscitia
2532 5670 2804 5729 evenisse.
2835 5671 3199 5742 Antiquorum
3229 5671 3417 5740 itaque
3448 5680 3656 5727 senten-
