3810 6168
190 322 299 378 913

1309 323 1377 406 1N
1415 325 1786 384 EUSTATHII
1827 331 2298 396 l-IEXAEMEROIV
2339 333 2572 396 NOTAE.

3336 353 3438 407 9H

187 441 289 495 tiis
320 437 491 503 ducti,
523 437 726 493 Horum
759 453 870 494 non
901 438 969 495 de
1002 427 1532 507 terrestrfturture,
1561 452 1615 499 et
1645 460 1738 501 ave

1939 447 2099 514 lbid.,
2133 453 2229 507 lin.
2261 454 2346 510 l4.
2389 458 2555 513 Ἕνια
2585 459 2654 512 δὲ
2677 459 2797 514 τῶν
2825 462 3062 531 ὀρνέων.
3097 463 3170 520 De
3200 465 3285 521 his
3314 469 3437 522 vide

187 530 290 584 sed
341 528 408 584 de
458 529 738 599 pastinaca
785 530 1020 594 marina,
1077 531 1319 586 loculum
1357 532 1612 590 dicimus.
1649 535 1766 606 Ipsa

185 619 338 674 enim
371 619 534 673 hamo
565 619 848 690 implicita,
875 622 1086 691 spinam
1113 635 1278 690 quam
1310 623 1364 676 in
1396 625 1568 678 cauda
1603 625 1767 680 habet

188 712 381 781 abjicit
413 730 426 766 :
455 720 508 767 et
551 711 639 767 hic
670 714 886 769 videtur
933 729 1128 770 sensus
1163 714 1313 769 Heri.
1353 714 1430 772 De
1475 733 1579 788 qua
1610 718 1764 788 plura

187 801 472 873 Oppianus
515 801 753 868 Halicut,
789 805 885 860 lib.
923 820 963 870 ι,
996 813 1051 860 et
1104 821 1177 873 n;
1233 807 1484 872 Aristot.,
1525 808 1621 863 lib.
1683 800 1761 871 ix,

186 911 314 967 cap.
346 898 444 962 57;
480 894 844 966 Dioscorides,
893 898 988 954 lib.
1025 915 1124 964 vn,
1168 915 1288 970 cap.
1320 900 1374 965 8,
1414 908 1468 956 et
1509 902 1604 955 lib.
1641 917 1761 967 νιιι,

186 1001 316 1057 cap,
347 989 411 1055 7;
439 989 671 1054 Plinius,
708 989 801 1046 lib.
836 1006 914 1055 ιιι,
947 1005 1069 1061 cap.
1107 991 1211 1057 48;
1245 990 1514 1048 Nicander
1544 994 1597 1048 in
1631 993 1764 1050 The-

188 1082 392 1146 riacis;
415 1080 566 1137 Phile
594 1082 650 1136 in
674 1082 893 1148 iambis,
926 1089 981 1138 et
1019 1083 1132 1146 alii,
1168 1083 1316 1153 quod
1348 1084 1436 1138 hic
1474 1099 1763 1141 recensere

185 1172 521 1242 superﬂuum
554 1189 676 1229 esse
707 1172 858 1228 duxi.
892 1173 1194 1229 Conﬁrmat
1222 1181 1402 1230 autem
1432 1190 1607 1230 meam
1631 1191 1761 1231 sen-

182 1262 413 1318 tentiam
435 1263 580 1332 quod
603 1263 792 1319 scribit
807 1262 1095 1321 Cornelius
1117 1264 1309 1322 Celsus
1342 1265 1436 1319 lib.
1464 1282 1538 1329 vi,
1556 1281 1680 1337 cap.
1705 1267 1760 1322 9.

181 1352 350 1407 Plani
378 1354 560 1422 piscis,
608 1353 806 1424 inquit,
848 1371 998 1425 quem
1028 1356 1359 1424 pastinacam
1396 1358 1584 1420 nostri,
1631 1375 1762 1429 τρυ-

180 1444 320 1510 γόνα
348 1442 517 1498 ϐαρεῖ
547 1453 754 1509 vocant,
788 1445 1002 1499 aculeus
1033 1455 1284 1511 torretur,
1310 1446 1496 1500 deinde
1529 1448 1758 1502 conteri-

182 1545 294 1598 tur,
321 1537 596 1607 resinaque
635 1537 917 1607 excipitur,
949 1554 1066 1608 qua:
1093 1539 1235 1593 denti
1267 1540 1599 1594 circumdata
1623 1540 1759 1594 hunc

179 1628 360 1682 solvit.
395 1626 462 1680 Et
489 1627 717 1696 Plinius,
753 1629 846 1684 lib.
886 1647 962 1694 ix,
995 1645 1116 1700 cap.
1152 1630 1244 1698 48,
1276 1629 1380 1685 Sed
1424 1631 1629 1685 nullum
1666 1648 1759 1686 us-

177 1736 337 1790 quam
360 1721 756 1787 exsecrabilius,
789 1738 946 1792 quam
975 1723 1157 1776 radius
1192 1737 1347 1791 super
1374 1723 1600 1776 caudam
1625 1725 1755 1778 emi-

1868 538 2241 610 Aristotelem,
2273 544 2573 616 Elianum,
2611 549 2844 606 Plinium
2875 562 2929 608 et
2958 555 3117 609 alios.

1935 631 2097 697 lbid.,
2161 637 2257 690 lin.
2318 639 2406 693 16.
2475 643 2649 696 Ἀλλὰ
2691 645 2786 699 καὶ
2826 645 2934 713 τὰς
2971 649 3432 717 ὑπογαστρίους.

1868 720 2104 780 Consule
2135 727 2504 797 Aristotelem,
2530 734 2624 792 lib.
2645 751 2721 801 vr,
2759 736 2852 808 De}
2870 738 2994 792 hist.
3023 741 3212 804 anim.,
3236 753 3357 808 cap.
3380 740 3430 804 l,

1867 819 1922 865 et
1946 811 2204 881 Plinium,
2240 817 2336 874 lib.
2372 836 2452 885 ιιι,
2484 836 2604 893 cap.
2637 825 2724 879 55.

1940 900 2097 968 lbid.,
2140 905 2240 962 lin.
2267 908 2355 963 i9.
2391 913 2460 963 Αἱ
2497 910 2564 962 δὲ
2587 911 2818 978 θήλειαι
2853 914 3061 983 ὄρνεις.
3091 915 3429 980 Aristoteles,

1864 992 1956 1047 lib.
1996 1009 2068 1058 tv,
2105 995 2183 1051 De
2225 1015 2398 1068 gener.
2451 1004 2615 1056 anim.
2659 1020 2778 1074 cap.
2814 1006 2868 1071 5,
2903 1007 3060 1076 μόνα,
3101 1007 3298 1081 inquit,
3324 1010 3433 1063 τῶν

1864 1084 2016 1150 ζώων
2049 1088 2230 1158 ὀχείαν
2279 1091 2614 1162 ἐπιδέχονται
2658 1097 2889 1152 κυοῦντα
2932 1096 3066 1170 γύνη
3106 1100 3202 1154 καὶ
3245 1101 3426 1166 ἵππος.

1868 1175 2047 1234 Herus
2075 1178 2143 1234 de
2169 1182 2350 1251 aquila
2381 1186 2569 1240 scribit
2602 1206 2615 1241 :
2643 1186 2780 1242 Cum
2805 1190 3011 1260 reliqua
3043 1192 3298 1250 animalia
3319 1210 3428 1250 non

1862 1283 2077 1339 semper
2111 1275 2250 1326 mari
2296 1273 2362 1327 ad
2415 1290 2629 1332 omnem
2673 1279 2980 1336 mistionem
3023 1297 3216 1352 parere
3239 1285 3426 1347 velint.

1861 1362 2041 1430 aquila
2091 1378 2325 1435 semper.
2385 1365 2674 1425 Ter-decies
2727 1371 2870 1426 enim
2901 1374 2954 1426 in
2980 1374 3069 1430 die
3114 1390 3426 1448 compressa

1859 1461 2145 1524 postquam
2181 1459 2439 1522 surrexit,
2471 1461 2516 1514 si
2573 1476 2690 1517 mas
2733 1470 2908 1527 vocet,
2941 1463 3120 1521 denuo
3163 1470 3422 1534 accurrit,

1859 1543 1996 1599 adeo
2020 1544 2075 1600 in
2108 1545 2370 1604 Venerem
2401 1565 2572 1619 prona
2601 1562 2702 1608 est.
2741 1551 2831 1609 Sic
2861 1553 3159 1626 Oppianus,
3196 1560 3290 1616 lib.
3341 1577 3422 1627 ιιι,

1859 1637 2070 1709 Κυνηγ.
2111 1638 2374 1696 Ursarum
2403 1642 2660 1699 eﬁreitem
2693 1645 2770 1700 ait
2798 1661 2921 1704 esse
2959 1647 3260 1714 libidinem,
3293 1653 3426 1709 adeo

1858 1739 1918 1783 ut
1950 1746 2018 1785 ne
2051 1731 2266 1801 quidem
2300 1736 2620 1805 gestationis
2645 1745 2886 1808 tempore
2930 1754 2963 1795 a
3003 1742 3294 1798 concubitu
3327 1745 3426 1800 ab-

175 1827 308 1865 nens
357 1812 610 1882 trygonis,
671 1828 824 1882 quem
875 1813 1044 1866 nostri
1089 1815 1421 1882 pastinacam
1489 1813 1754 1883 appellant
1788 1794 1828 1848 Β
1859 1794 2098 1880 stineant
2119 1842 2134 1893 ;
2159 1794 2390 1892 Plinius,
2416 1827 2512 1883 lib.
2536 1845 2632 1892 vn,
2659 1794 2778 1901 capl.
2805 1832 2891 1886 u.
2921 1794 3426 1892 Praeter—mulierem

173 1904 458 1973 quincunci
488 1904 869 1974 magnitudine.
896 1904 1126 1976 Ideoque
1153 1920 1273 1960 eam
1303 1905 1515 1961 vocavit
1536 1905 1754 1960 ὀπισθό-

174 2011 402 2066 κεντρον
453 1993 834 2066 Epicbarmus,
892 2005 1030 2052 teste
1080 1997 1362 2061 Athenaeo,
1396 1997 1493 2051 lib.
1525 2013 1624 2064 vn,
1658 1998 1751 2054 sed

173 2087 235 2141 in
266 2099 329 2141 re
353 2086 500 2142 clara
528 2095 583 2143 et
606 2095 795 2158 aperta
820 2088 938 2143 haec
961 2089 1209 2144 innuisse
1239 2087 1374 2144 satis
1409 2089 1500 2145 sit.

245 2200 410 2267 lbid.,
435 2201 535 2256 lin.
563 2202 650 2257 58.
703 2204 776 2257 Al
806 2203 876 2258 δὲ
906 2204 1270 2260 κατοικίδιοι.
1305 2202 1562 2270 Basilius,
1601 2203 1746 2258 hom.

169 2291 230 2354 8,
265 2291 375 2344 Kal.
413 2294 468 2346 αἱ
509 2292 829 2347 κατοικίδιοι
868 2294 1050 2366 ὄρνεις
1083 2294 1177 2349 ἐπὶ
1223 2293 1428 2358 παντὸς
1459 2291 1654 2366 καιροῦ
1691 2292 1752 2345 τὸ

171 2385 616 2438 συνουσιαστικὸν
674 2384 892 2456 ἔχουσαι
925 2403 940 2440 :
979 2396 1034 2441 et
1059 2384 1402 2450 Aristoteles,
1448 2384 1544 2440 lib.
1584 2399 1618 2438 ν
1673 2381 1750 2436 De

167 2477 298 2531 hist.
339 2477 587 2545 animal.,
624 2492 747 2549 cap.
789 2480 888 2546 l5;
920 2486 975 2534 et
1001 2478 1235 2547 Plinius,
1282 2478 1380 2537 lib.
1409 2493 1466 2544 x,
1502 2491 1622 2547 cap.
1657 2476 1745 2531 53.

169 2567 241 2624 Et
272 2570 410 2626 ratio
432 2579 516 2625 est
538 2571 594 2625 in
619 2578 874 2642 promptu
906 2594 918 2627 :
952 2571 1080 2642 quia
1124 2571 1457 2636 callidiores,
1487 2579 1541 2625 et
1567 2571 1748 2626 minus

173 2663 614 2720 revolutionibus
660 2671 970 2734 temporum
1008 2663 1278 2726 obnoxiae,
1325 2679 1429 2718 nec
1467 2663 1746 2718 laboribus

166 2753 381 2818 fractae,
417 2764 512 2808 aut
541 2761 711 2818 metu,
744 2754 830 2808 vel
862 2760 1188 2824 tempestate
1219 2750 1434 2822 fugatae.

238 2866 360 2923 Col.
389 2865 512 2925 736.
551 2867 648 2920 lin.
693 2867 744 2920 1.
781 2867 857 2921 Τὰ
884 2865 953 2918 δὲ
984 2864 1266 2935 φίλυδρα.
1302 2864 1563 2929 Basilius,
1592 2865 1740 2920 hom.

163 2958 223 3025 8,
259 2944 426 3012 Πάλιν
469 2957 537 3010 τὰ
581 2957 811 3029 φίλυδρα
841 2956 949 3011 τῶν
979 2955 1132 3021 ζώων
1165 2954 1519 3027 καταμαθὼν,
1554 2956 1744 3026 ἑτέραν

163 3055 226 3105 ὲν
269 3051 452 3114 αὐτοῖς
500 3049 844 3119 κατασκευὴν
875 3047 1152 3120 εὑρήσεις,
1190 3047 1355 3110 πόδας
1393 3046 1515 3099 οὔτε
1545 3047 1744 3117 διεσχι-

163 3141 419 3212 σμένους,
453 3139 528 3204 ὡς
572 3141 698 3203 τοὺς
736 3140 834 3210 τῆς
874 3139 1141 3210 κορώνης,
1177 3139 1302 3192 οὕτε
1341 3139 1631 3208 ἀγκύλους,
1669 3141 1743 3205 ὡς
1770 3137 1812 3194 C

158 3234 292 3296 τοὺς
312 3232 421 3285 τῶν
443 3232 826 3304 σαρκοφάγων,
859 3231 994 3285 ἀλλὰ
1034 3232 1256 3295 πλατεῖς
1292 3232 1387 3285 καὶ
1427 3232 1738 3302 ὑμενώδεις,

159 3327 255 3380 ἵνα
285 3325 482 3397 ῥαδίως
505 3325 871 3396 ὲπινήχωνται
895 3323 972 3395 τῷ
1003 3323 1176 3389 ὕδατι,
1207 3325 1368 3379 οἱονεὶ
1391 3325 1602 3389 κώπαις
1631 3323 1741 3379 τισὶ

157 3421 276 3481 τοῖς
307 3418 412 3470 τῶν
443 3416 620 3470 ποδῶν
645 3415 807 3488 ὑμέσι
832 3414 893 3468 τὸ
922 3414 1086 3487 ὑγρὸν
1106 3412 1475 3485 διωθούμενοι.

232 3531 396 3598 lbid.,
420 3533 519 3588 lin.
541 3531 595 3588 6.
636 3531 690 3584 '0
717 3530 785 3603 δὲ
809 3531 1034 3597 κύκνος
1055 3531 1454 3600 μακρότερον.
1480 3527 1736 3592 Basilius,

156 3625 314 3679 hom.
347 3624 401 3690 8,
445 3621 570 3676 Ἐὰν
596 3621 654 3674 δὲ
684 3619 1010 3692 καταμάθῃς
1033 3621 1180 3683 ὅπως
1203 3621 1282 3683 εἰς
1307 3619 1470 3690 βάθος
1496 3621 1523 3672 ὁ
1545 3618 1740 3681 κύκνος

156 3716 373 3780 καθιεὶς
405 3715 494 3770 τὸν
525 3718 730 3788 αὐχένα
761 3714 1005 3769 κάτωθεν
1040 3712 1217 3784 ἑαυτῷ
1245 3712 1342 3782 τὴν
1370 3710 1574 3783 τροφὴν
1605 3712 1737 3764 ἀνα-

155 3809 341 3882 φέρει,
378 3809 497 3863 τότε
529 3809 783 3880 εὑρήσεις
823 3809 920 3878 τὴν
968 3806 1160 3876 σοφίαν
1192 3804 1284 3858 τοῦ
1315 3804 1620 3867 κτίσαντος,
1655 3803 1736 3857 ὅτι

153 3901 248 3955 διὰ
291 3900 448 3954 τοῦτο
484 3901 822 3972 μακρότερον
867 3898 974 3952 τῶν
1004 3897 1179 3951 ποδῶν
1208 3897 1299 3950 τὸν
1334 3895 1537 3967 αὐχένα
1571 3911 1736 3966 προσ-

155 3991 379 4062 έθηκεν,
411 3991 498 4045 ῐνα
525 3990 712 4062 ὥσπερ
753 3989 879 4042 τινὰ
919 3988 1118 4060 ὁρμιὰν
1149 3986 1404 4056 κατάγων
1437 3987 1535 4060 τὴν
1567 3987 1626 4040 ὲν
1657 3984 1734 4056 τῷ

153 4081 316 4153 βάθει
339 4081 725 4153 κεκρυμμένην
745 4079 952 4152 τροφὴν
984 4078 1356 4151 ὲκπορίζηται.

227 4193 392 4259 lbid.,
445 4193 542 4248 lin.
593 4193 647 4249 8.
709 4192 831 4246 Τῶν
869 4191 938 4245 δὲ
977 4191 1198 4261 ὀρνέων
1242 4189 1464 4246 πολλὰ.
1511 4188 1589 4243 De
1625 4189 1730 4244 hoc

151 4283 316 4355 plura
350 4283 694 4350 Aristoteles,
738 4284 832 4338 lib.
871 4299 931 4336 ιιι
978 4283 1050 4337 De
1084 4282 1210 4336 hist.
1259 4285 1447 4347 anim.,
1483 4298 1601 4354 cap.
1640 4283 1725 4348 l2,

149 4385 211 4433 et
238 4376 336 4431 lib.
375 4392 450 4441 1x,
476 4391 600 4447 cap.
629 4377 719 4441 M,
751 4383 806 4431 et
839 4375 1072 4439 Plinius,
1104 4376 1198 4430 lib.
1232 4392 1289 4438 x,
1316 4391 1434 4445 cap.
1461 4377 1548 4430 i9.

1858 1927 2029 1983 pauca
2058 1915 2313 1971 animalia
2343 1917 2546 1974 coitum
2576 1935 2779 1976 novere
2816 1921 3055 1992 gravida.
3092 1922 3270 1980 Unum
3301 1929 3424 1998 qui-

1856 2001 1976 2056 dem
2017 2014 2111 2058 aut
2151 2005 2381 2061 alterum
2417 2008 2732 2074 superfetat.
2776 2009 2951 2082 Hujus
2984 2019 3164 2069 autem
3202 2029 3422 2072 causam

1854 2093 2032 2149 reddit
2062 2093 2400 2165 Lactantius,
2427 2099 2522 2155 lib.
2551 2116 2606 2155 vr
2657 2101 2836 2156 Dicin.
2862 2103 3274 2172 institutionum,
3299 2122 3421 2179 cap.

1851 2185 1960 2254 2'5;
1993 2201 2156 2258 quam
2200 2190 2363 2246 etiam
2416 2193 2816 2253 incertitudinis
2869 2196 2925 2254 in
2970 2205 3217 2272 tempore
3247 2203 3423 2259 coitus

1852 2293 2073 2335 causam
2110 2279 2452 2349 Ambrosius,
2481 2301 2536 2351 ν,
2571 2284 2854 2353 Hexaem.,
2907 2303 3030 2361 cap.
3060 2291 3148 2357 10,
3179 2293 3255 2347 ait
3276 2308 3421 2360 esse,

1851 2385 1951 2425 cur
2003 2371 2059 2425 in
2088 2387 2283 2442 genere
2305 2373 2546 2430 humano
2571 2377 2766 2434 mulier
2791 2379 3002 2436 nullum
3034 2383 3229 2440 habeat
3252 2385 3420 2441 ﬁxum

1852 2475 1916 2518 ac
1961 2471 2162 2520 statum
2209 2468 2337 2523 anni
2367 2477 2580 2541 tempus
2613 2471 2678 2526 ad
2710 2473 3054 2543 pariendum,
3081 2486 3141 2532 ut
3173 2477 3287 2536 fere
3316 2497 3420 2539 cae-

1850 2557 1964 2607 tera
1989 2554 2266 2610 animalia.
2292 2557 2610 2630 Exemplum
2633 2577 2797 2631 super
2819 2563 2922 2620 hoc
2949 2563 3199 2624 Zenobiae
3221 2573 3417 2628 castis-

1849 2641 1998 2696 simae
2022 2640 2453 2702 Palmirenorum
2488 2651 2688 2720 regina:
2721 2652 2886 2709 habes
2914 2655 3057 2724 apud
3087 2654 3416 2714 Trebellium

1847 2731 2170 2794 Pollionem.

1919 2825 2078 2890 lbid.,
2115 2826 2213 2881 lin.
2242 2828 2332 2895 22,
2370 2834 2436 2885 Οἱ
2461 2831 2531 2885 δὲ
2575 2832 2858 2905 κάνθαροι
2885 2837 3013 2892 ἐάν.
3061 2839 3208 2895 Idem
3249 2839 3417 2897 refert

1847 2915 2282 2988 Theophrastus,
2315 2921 2392 2976 De
2424 2925 2673 2980 odoribus
2696 2941 2716 2979 :
2742 2925 3013 2984 Collector
3042 2929 3412 3001 Geoponicon.,

1847 3007 1942 3062 lib.
1975 3024 2083 3073 xiv,
2117 3024 2236 3081 cap.
2260 3011 2395 3080 ult.;
2425 3015 2768 3084 Aristoteles,
2792 3020 2886 3074 lib.
2914 3023 3054 3089 Περὶ
3073 3025 3418 3093 θαυμασίων

1844 3097 2274 3168 ἀκουσμάτων;
2303 3100 2573 3171 Elianus,
2610 3106 2704 3162 lib.
2746 3125 2820 3173 IV,
2849 3125 2971 3182 cap.
3012 3113 3098 3180 18,
3133 3115 3415 3186 Κάνθαρον

1843 3192 1901 3246 δὲ
1929 3193 2166 3262 ἀπολεῖς,
2199 3195 2246 3249 εἰ
2277 3198 2540 3271 ὲπιϐάλῃς
2578 3202 2684 3255 τῶν
2715 3204 2883 3273 ῥόδων
2926 3204 3093 3276 αὐτῷ.
3127 3206 3307 3273 Quare
3340 3211 3415 3263 nil

1843 3285 2064 3354 mirum,
2103 3287 2148 3342 si
2189 3288 2618 3359 impurissimum
2651 3295 2754 3348 hoc
2787 3296 2988 3350 animal
3043 3299 3414 3368 impurissimo

1843 3377 2129 3436 Moamethi
2162 3381 2236 3435 ita
2267 3382 2430 3437 fuerit
2457 3385 2703 3450 charum,
2737 3395 2790 3441 et
2817 3388 2870 3441 in
2899 3389 3130 3453 deliciis,
3161 3401 3218 3444 ut
3259 3395 3414 3454 iussu

1843 3469 1937 3526 Dei
1969 3471 2023 3526 id
2083 3473 2139 3527 in
2200 3473 2528 3529 sacriﬁcium
2587 3477 2864 3532 obtulerit.
2895 3479 2974 3533 Ita
3011 3483 3156 3536 enim
3186 3482 3314 3538 dicit
3345 3501 3410 3540 ex

1840 3578 2071 3632 persona
2126 3563 2242 3632 Dei,
2287 3566 2475 3637 Ἡμεῖς
2523 3566 2831 3640 δεδώκαμέν
2879 3586 2981 3634 σοι,
3028 3572 3104 3626 ita
3138 3574 3412 3632 scribente

1840 3653 2128 3727 Euthymio
2163 3657 2218 3711 in
2271 3657 2554 3726 Panoplia,
2610 3659 2699 3713 τὸν
2741 3661 3030 3733 κάνθαρον,
3077 3660 3228 3731 εὖξαι
3272 3667 3410 3739 πρὸς

1838 3746 1928 3801 τὸν
1949 3747 2136 3821 κύριόν
2179 3766 2295 3815 σου,
2345 3751 2437 3803 καλ¹
2481 3750 2699 3820 σφάξον.
2735 3752 3125 3809 Admirandum
3160 3771 3292 3813 sane
3321 3773 3410 3815 sa-

1838 3839 2124 3906 criﬁcium,
2177 3849 2231 3896 et
2277 3843 2646 3914 magniﬁcum,
2706 3844 2910 3916 talique
2952 3845 3265 3917 legislatore
3319 3848 3407 3905 di-

1837 3947 2023 4002 gnum.

1902 4021 2068 4090 lbid.,
2102 4024 2202 4078 lin.
2232 4022 2325 4079 25.
2357 4026 2428 4080 At
2458 4023 2526 4077 δὲ
2552 4025 2844 4094 μέλισσαι
2879 4027 2980 4081 καὶ
3014 4027 3266 4097 σφῆκες.
3303 4027 3409 4083 Ba-

1835 4111 2008 4177 silius,
2047 4111 2196 4166 hom.
2231 4113 2288 4178 8,
2330 4112 2397 4168 de
2435 4112 2654 4180 iisdem,
2701 4115 2901 4188 Διόπερ
2927 4115 3021 4172 καὶ
3050 4116 3214 4189 ἐλαίῳ
3234 4135 3404 4172 κατα-

1835 4203 2130 4276 ϐρεχθέντα
2193 4204 2470 4274 φθείρεται
2535 4205 2645 4259 τῶν
2708 4207 2891 4278 πόρων
2951 4209 3400 4280 ἀποφραγέντων.

1833 4296 2025 4360 Ὀξους
2058 4296 2115 4350 δὲ
2149 4296 2310 4360 εὐθὺς
2340 4296 2741 4368 ἐπιϐληθέντος,
2791 4299 2951 4353 πάλιν
2984 4299 3399 4366 ἀναϐιώσκεται,

1826 4384 1937 4440 τῶν
1984 4385 2228 4452 διεξόδων
2271 4387 2656 4458 ἀνοιγομένων.
2701 4387 2937 4455 Plinius,
2985 4391 3076 4446 lib.
3132 4408 3246 4456 xxi,
3276 4409 3400 4463 cap,

223 4466 386 4529 lbid.,
409 4468 508 4524 lin.
533 4467 588 4522 9.
633 4467 685 4520 '0
713 4466 825 4537 γὰρ
849 4467 1160 4537 κόττυφος.
1191 4465 1536 4533 Aristoteles,
1557 4467 1651 4521 lib.
1668 4483 1722 4521 ιιι
1754 4473 1798 4527 D
1833 4475 1919 4538 ιε,
1955 4475 2030 4529 ait
2080 4481 2335 4530 constare
2387 4492 2515 4548 apes
2545 4478 2702 4531 olivae
2745 4478 2932 4533 ﬁerem
2964 4494 3072 4534 non
3111 4481 3396 4552 attingere,

148 4559 231 4614 De
266 4560 395 4614 hist.
420 4562 608 4624 anim.,
642 4575 765 4631 cap.
793 4560 884 4626 49,
915 4559 1024 4613 Καὶ
1056 4558 1190 4613 ἄλλα
1216 4559 1272 4612 δὲ
1303 4559 1472 4613 πολλὰ
1497 4559 1605 4613 τῶν
1630 4562 1722 4633 ὀρ-

145 4651 316 4707 νίθων
351 4652 740 4724 μεταϐάλλουσι
774 4652 914 4706 κατὰ
951 4652 1049 4715 τὰς
1085 4650 1251 4723 ὥρας.
1285 4653 1383 4706 καὶ
1413 4653 1473 4705 τὸ
1505 4651 1718 4723 χρῶμα,

145 4745 247 4798 καὶ
274 4744 372 4815 τὴν
405 4743 609 4814 φωνὴν,
640 4738 749 4798 οἷον
776 4743 805 4794 ὁ
827 4744 1091 4812 κόττυφος
1111 4743 1232 4795 ἀντὶ
1265 4743 1492 4814 μέλανος
1511 4742 1720 4808 ξανθὸς,

146 4834 246 4886 καὶ
267 4831 368 4901 τὴν
397 4832 579 4902 φωνὴν
614 4829 772 4901 ἴσχει.
819 4831 905 4883 Ἐν
935 4829 1032 4902 μὲν
1055 4831 1162 4902 γὰρ
1189 4830 1266 4902 τῷ
1293 4830 1437 4896 θέρει
1460 4830 1593 4902 ᾄδει,
1627 4831 1718 4883 τοῦ

141 4925 206 4981 δὲ
234 4924 502 4996 χειμῶνος
523 4926 780 4993 παταγεῖ,
811 4925 1132 4994 καὶγίνεται
1161 4925 1478 4996 θορυϐῶδες.
1505 4923 1582 4978 Ex
1611 4939 1719 4994 quo

143 5035 248 5074 sua
281 5018 472 5073 habuit
501 5016 714 5073 Plinius
746 5019 800 5072 d.
834 5018 975 5072 loco.
1017 5017 1224 5072 Merula
1258 5033 1318 5071 cx
1361 5018 1515 5088 nigra
1554 5016 1716 5071 ruﬁe—

142 5113 274 5178 scit,
309 5111 459 5167 canit
501 5119 713 5177 aestate,
745 5111 923 5166 hieme
955 5109 1206 5173 balbutit,
1242 5111 1386 5163 circa
1422 5110 1714 5165 solstitium

141 5211 321 5258 muta.

213 5295 374 5359 lbid.,
409 5297 504 5350 lin.
544 5296 630 5352 ιο.
673 5296 822 5350 Ἡδὲ
855 5296 1056 5364 ἀηδὼν
1087 5296 1153 5348 τὸ
1193 5295 1414 5364 χρῶμα.
1456 5295 1710 5356 Basilius.

138 5392 294 5444 hom.
333 5387 387 5449 8,
416 5386 539 5448 Πῶς
571 5388 846 5458 ἄγρυπνον
885 5389 918 5456 ἡ
965 5385 1160 5456 ἀηδὼν,
1209 5387 1333 5438 ὅταν
1373 5387 1592 5458 ὲπωάζῃ
1627 5388 1713 5442 διὰ

136 5481 326 5548 πάσης
368 5479 563 5542 νυκτὸς
599 5480 696 5548 τῆς
747 5478 1006 5549 μελῳδίας
1055 5478 1128 5548 μὴ
1168 5479 1530 5548 ἁπολήγουσα.
1568 5479 1712 5534 Con—

133 5567 259 5623 sule
294 5566 524 5620 Aristot.
559 5565 612 5620 d.
654 5569 792 5621 loco.
828 5565 1210 5621 Lusciniarum
1246 5578 1438 5622 cantus
1476 5570 1709 5626 varieta-

129 5666 274 5719 tem,
303 5663 357 5711 et
380 5656 710 5711 suavitatem
743 5656 1152 5726 elegantissime
1180 5660 1453 5728 expressit
1480 5658 1706 5728 Plinius,

135 5749 235 5805 lib.
271 5764 327 5815 ιι,
358 5764 478 5819 cap.
506 5748 597 5815 29,
631 5756 685 5804 et
712 5748 1001 5806 Homerus.

1831 4569 2060 4639 ideoque
2076 4569 2216 4624 hanc
2248 4569 2498 4626 arborem
2528 4571 2718 4640 procul
2747 4586 2869 4626 esse
2892 4571 3088 4626 melius
3111 4580 3227 4628 est:
3253 4573 3399 4644 quod

1830 4668 1990 4715 antea
2021 4675 2240 4725 vanum,
2292 4659 2602 4731 falsumque
2649 4675 2770 4716 esse
2804 4661 3124 4726 tradiderat,
3169 4662 3266 4717 lib.
3319 4680 3397 4732 ιι,

1827 4764 1948 4820 cap.
1988 4748 2042 4810 8,
2077 4747 2125 4800 F
2129 4751 2264 4812 also,
2299 4759 2349 4803 et
2372 4751 2514 4804 oleas
2545 4752 2714 4819 excipi
2753 4749 3006 4817 arbitror,
3035 4753 3220 4823 quippe
3249 4755 3398 4809 oliva:

1826 4850 2074 4906 proventu
2126 4840 2356 4907 plurima
2403 4843 2648 4894 examina
2691 4842 2833 4911 gigni
2882 4852 3082 4895 certam
3133 4853 3230 4899 est.
3287 4844 3396 4900 Nec

1826 4932 1971 4985 aliud
2008 4931 2250 4986 sensisse
2293 4932 2612 4988 Aristoteles
2645 4931 2876 4999 videtur,
2914 4934 3011 4988 lib.
3039 4951 3092 4999 ν,
3137 4950 3258 5006 cap.
3301 4937 3391 4998 22,

1824 5020 1902 5075 De
1954 5024 2139 5076 histor.
2205 5023 2392 5086 anim.,
2443 5007 2549 5077 illis
2603 5023 2805 5088 verbis,
2852 5023 2989 5077 Ἀλλ’
3036 5025 3245 5096 αὐχμοῦ
3296 5028 3394 5095 μὲν

1822 5111 1993 5175 ὄντος,
2031 5111 2150 5182 μέλι
2180 5111 2498 5182 ἐργάζονται
2529 5113 2746 5182 μᾶλλον,
2774 5113 3078 5184 ἐπομϐρίας
3109 5115 3185 5178 δὲ,
3216 5114 3390 5183 γόνον.

1823 5204 1910 5255 Διὸ
1948 5204 2039 5256 καὶ
2068 5203 2181 5272 ἅμα
2213 5204 2494 5274 συμϐαίνει
2527 5205 2719 5259 ἐλαιῶν
2757 5205 2896 5277 φορὰ
2925 5207 3020 5260 καὶ
3046 5206 3246 5277 ἐσμῶν.
3288 5207 3393 5262 F.0-

1823 5295 1943 5348 dem
1971 5295 2130 5363 igitur
2161 5306 2367 5347 naturae
2389 5295 2604 5364 ingenio
2634 5295 2880 5350 feruntur
2899 5298 2966 5352 ad
2990 5296 3199 5355 fructus
3227 5299 3392 5355 eden-

1821 5385 1921 5439 dos
1953 5386 2129 5447 oliva),
2164 5392 2216 5438 et
2253 5401 2402 5454 apes,
2451 5395 2505 5439 et
2539 5388 2682 5455 quod
2721 5387 2876 5442 oliva:
2912 5389 3169 5443 damnum
3211 5389 3386 5452 τίσει-ι,

1821 5476 1960 5530 idem
1992 5486 2044 5531 et
2077 5478 2271 5546 apibus
2301 5489 2632 5533 nocumento
2654 5487 2756 5534 est.
2794 5479 3062 5536 Imbribus
3094 5481 3266 5537 olivas
3296 5483 3391 5536 mi-

1819 5585 1924 5623 nus
1951 5570 2062 5623 olei.
2090 5569 2268 5625 facere
2318 5572 2504 5626 multis
2539 5573 2848 5628 rationibus
2907 5582 2962 5628 et
3004 5575 3389 5644 experimentis

1820 5669 2157 5730 compertum
2192 5678 2298 5728 εει,
2339 5673 2393 5719 et
2443 5667 2786 5721 conﬁrmavit
2823 5664 3251 5737 Theophrastus.
3312 5667 3388 5723 υε

1822 5754 1994 5808 causis
2026 5755 2220 5823 plant.,
2246 5756 2338 5812 lib.
2375 5773 2450 5824 vr,
2485 5774 2607 5828 cap.
2638 5760 2722 5819 H.
2761 5759 2881 5810 Ὅτι
2911 5759 3075 5817 δ’,οὐκ
3107 5761 3164 5812 ὲν
3193 5759 3386 5818 πλήθει
