3810 6168
419 329 524 387 015

1767 330 2011 388 LEONIS
2047 322 2321 386 ALLATII

3570 335 3683 390 916

418 446 646 516 τροφῆς,
683 445 788 498 οὐδ’
831 447 887 500 ἐν
923 444 1192 515 σὺσαρκίᾳ
1231 444 1338 498 τῶν
1369 444 1562 498 ἐλαιῶν
1589 445 1651 497 τὸ
1689 445 1781 498 τοῦ
1820 446 1980 499 ἐλαίοι

2101 462 2198 516 que
2240 456 2408 510 tusas,
2439 445 2509 500 ad
2552 445 2692 514 fores
2729 462 2906 500 eorum
2933 449 3170 517 posuisse
3200 451 3478 507 conveniet.
3536 450 3682 506 Item

418 537 642 608 πλῆθος,
662 539 726 591 ἐκ
743 536 950 590 πολλῶν
970 536 1219 607 φανερόν.
1239 536 1306 588 Αἵ
1319 552 1376 588 τε
1393 536 1500 608 γὰρ
1519 536 1810 608 ἐπομϐρίαι
1829 537 2005 590 ποιοῦ-

421 648 504 684 σιν
539 629 778 694 ἔλαττον,
815 630 874 683 αἴ
899 629 946 681 τ’
977 629 1268 700 ἀρδόμεναι
1296 631 1474 700 χεῖρον
1503 628 1736 699 ῥέουσιν.
1769 630 2002 684 Consule

419 723 601 776 locum
639 730 695 776 et
725 737 844 791 cap.
888 720 958 774 i2
1005 720 1248 789 ejusdem
1304 721 1450 775 libri.
1498 719 1652 786 Quod
1705 729 1883 776 autem
1926 723 2001 775 ait

424 816 515 869 hic
546 823 732 870 noster
761 814 1082 870 Eustathius
1115 830 1304 868 verum
1333 829 1456 869 esse
1487 815 1723 885 quisque
1763 816 1995 869 arbitra-

418 907 586 971 bitur,
621 908 710 977 qui
745 917 953 961 meatus
979 905 1170 959 horum
1204 906 1528 959 animalium
1579 908 1999 978 angustissimos

417 1013 542 1053 esse
572 1013 680 1052 non
712 1003 954 1068 ignorat;
985 1014 1156 1067 quare
1189 1005 1241 1052 et
1265 997 1425 1053 laedis
1457 998 1738 1062 odoribus,
1780 1000 1909 1068 quin
1944 1009 1998 1054 et

421 1091 1044 1160 unguentorumdeliciis
1084 1091 1321 1145 maxime
1358 1092 1701 1158 cruciantur,
1720 1104 1774 1146 et
1799 1108 1997 1162 percu-

422 1182 564 1234 tiunt
602 1181 709 1234 illis
739 1181 1032 1234 delibutus.
1075 1181 1418 1243 Aristoteles,
1469 1181 1564 1235 lib.
1601 1198 1676 1246 Ix,
1708 1181 1784 1237 De
1808 1184 1992 1238 histor.

421 1273 610 1335 anim.,
647 1287 769 1342 cap.
803 1273 895 1336 40,
937 1272 1347 1326 Mundissimum
1393 1275 1625 1328 omnium
1666 1275 1760 1330 hoc
1799 1277 1998 1331 animal

419 1373 535 1429 est,
588 1364 926 1433 quamobrem
969 1381 1341 1432 swpenumero,
1384 1383 1501 1420 cum
1549 1368 1655 1421 alvi
1715 1371 1995 1425 necessitas

419 1461 521 1516 est,
566 1454 800 1518 avolant,
845 1464 894 1508 et
947 1455 1002 1508 in
1043 1472 1248 1510 secessu
1303 1457 1527 1512 reddunt
1589 1470 1994 1525 excrementum,

419 1548 667 1616 quoniam
707 1548 845 1602 male
885 1549 1058 1613 oleat;
1090 1548 1308 1604 oderunt
1339 1568 1441 1604 non
1477 1551 1648 1606 solum
1673 1551 1836 1621 fazdos
1864 1553 1994 1608 odo-

421 1656 524 1702 res,
581 1639 671 1693 sed
711 1641 871 1694 etiam
905 1653 1290 1710 unguentorum
1323 1643 1542 1700 delicias
1574 1662 1592 1699 :
1620 1663 1684 1700 ex
1711 1664 1812 1717 quo
1845 1648 1907 1716 fit
1937 1657 1994 1701 ut

418 1729 653 1785 homines
714 1732 797 1785 his
849 1731 1107 1788 delibutas
1157 1738 1472 1804 percutiant.
1544 1737 1745 1794 Eadem
1809 1750 1995 1794 narrat

2105 539 2258 593 lanas
2292 549 2491 593 tractas
2521 539 2780 594 madentes
2807 556 2983 609 passo,
3019 552 3112 595 aut
3138 541 3366 611 defruto,
3395 554 3483 596 aut
3532 559 3684 615 aqua

2104 626 2296 680 mulsa.
2336 626 2670 680 Gallinarum
2699 629 2859 681 etiam
2890 629 3083 683 crudas
3111 646 3315 685 carnes.
3343 629 3680 695 Quibusdam

2101 718 2258 770 etiam
2305 720 2577 772 testatibus
2612 719 2769 773 iidem
2807 719 2909 774 cibi
2962 723 3271 789 prwstandi,
3301 739 3416 776 cum
3453 726 3678 778 siccitas

2105 811 2357 863 continua
2384 811 2577 878 florum
2603 813 2907 866 alimentum
2936 815 3175 870 abstulit.
3204 814 3398 870 Eadem
3429 815 3546 871 lere
3577 817 3680 869 ha-

2100 901 2189 956 bet
2218 903 2537 966 Columella,
2575 904 2666 958 lib.
2698 903 2776 967 d.,
2799 920 2917 974 cap.
2963 905 3050 968 14,
3082 905 3260 959 diﬂ'ert
3281 915 3455 961 tamen
3476 909 3554 961 ab
3581 922 3676 972 eo,

2100 993 2246 1064 quod
2269 1010 2374 1048 non
2400 995 2651 1064 gallinas,
2675 995 2769 1050 sed
2796 1012 2943 1060 aves,
2969 997 3144 1066 iisque
3173 997 3458 1054 interaneis
3477 1015 3681 1053 exem-

2098 1086 2205 1155 ptis
2234 1086 2513 1141 includant
2545 1087 2772 1142 hiberno
2802 1095 3044 1157 tempore
3077 1099 3133 1142 ut
3158 1090 3356 1158 plumis
3391 1090 3678 1159 praebeant

2098 1185 2340 1248 teporem
2382 1179 2574 1248 apibus
2619 1180 2772 1243 dicit,
2817 1180 2950 1234 Tum
2989 1182 3197 1234 etiamsi
3236 1190 3357 1234 sunt
3387 1182 3679 1251 absumpta

2098 1270 2304 1324 cibaria
2337 1272 2605 1327 commode
2642 1282 2930 1341 pascuntur
2955 1275 3258 1336 esurientes,
3290 1291 3378 1328 nec
3408 1276 3507 1330 nisi
3539 1292 3676 1329 ossa

2098 1378 2282 1416 earum
2324 1363 2643 1433 relinquunt.
2677 1363 2771 1419 Sin
2807 1376 2979 1419 autent
3007 1366 3112 1435 favi
3149 1367 3411 1435 sufﬁcient
3453 1383 3678 1435 perma-

2103 1465 2224 1509 nent
2257 1456 2500 1521 illibata’,
2533 1475 2624 1512 nec
2667 1461 2901 1529 quamvis
2941 1461 3332 1516 amantissimas
3369 1462 3677 1516 munditia-

2096 1563 2214 1599 rum
2248 1547 2518 1616 o/I’endunt
2573 1549 2731 1604 odore
2779 1567 2894 1607 suo.
2931 1549 3125 1605 Verum
3174 1551 3420 1608 Elianus
3457 1555 3674 1610 nullius

2095 1638 2348 1692 animalis
2376 1654 2570 1694 carnes
2602 1641 2782 1704 edere,
2813 1641 2908 1696 sed
2949 1642 3058 1696 illis
3092 1643 3228 1698 satis
3273 1658 3392 1698 esse
3431 1643 3673 1699 ﬂoribus

2094 1731 2241 1784 vesci
2296 1732 2597 1795 contendit,
2632 1733 2726 1787 lib.
2782 1749 2834 1795 ν,
2887 1731 2964 1786 De
3017 1733 3142 1787 hist.
3182 1734 3366 1797 anim.,
3402 1749 3524 1804 cap.
3571 1735 3670 1796 11,

423 1821 698 1886 ᾸΞιίιιηιιε,
730 1823 801 1877 De
823 1825 949 1879 hist.
980 1803 1170 1890 anim.,
1199 1829 1293 1883 lib.
1317 1844 1521 1900 v,'cap.
1557 1833 1642 1886 14.
1673 1830 1810 1887 Hinc
1831 1834 1980 1888 etiam

2099 1823 2220 1876 Blov
2251 1823 2308 1877 δὲ
2338 1824 2572 1896 καθαρὸν
2597 1825 2660 1897 ζῇ
2689 1826 2928 1896 μέλιττα,
2958 1827 3050 1880 καὶ
3077 1827 3212 1892 ζώου
3241 1829 3339 1881 οὐκ
3366 1827 3429 1880 ἂν
3445 1803 3675 1892 ουδενδς

421 1918 479 1970 tit
520 1928 578 1972 ut
628 1919 836 1972 nullum
872 1920 1102 1976 cadaver
1141 1922 1432 1995 attingant.
1488 1923 1729 1992 Plinius,
1775 1927 1869 1983 lib.
1913 1942 1990 1994 xl,

421 2026 542 2080 cap.
575 2011 668 2066 25.

489 2103 651 2169 lbid.,
685 2104 780 2159 lin.
811 2104 902 2160 25.
942 2106 1097 2172 '0£et
1127 2103 1241 2163 οὖν
1262 2108 1592 2163 ἁναὸιοῦσι.
1626 2108 1804 2163 Alium
1833 2124 1992 2179 repa-

419 2197 649 2252 rationis
701 2197 919 2252 modum
972 2206 1157 2252 narrat
1217 2198 1448 2264 Plinius,
1491 2200 1584 2254 lib.
1633 2216 1709 2268 xu,
1742 2216 1862 2270 cap.
1897 2200 1988 2267 20,

417 2285 555 2340 Sunt
582 2288 672 2356 qui
702 2297 956 2352 mortuas,
994 2291 1039 2343 si
1073 2291 1214 2344 intra
1258 2301 1448 2345 tectum
1491 2292 1657 2347 hieme
1697 2304 1985 2358 serventur,

416 2377 601 2432 deinde
634 2379 744 2433 sole
773 2396 924 2433 verno
953 2387 1272 2445 terreantur,
1307 2399 1370 2436 ac
1401 2383 1625 2451 ficulneo
1669 2385 1838 2438 cinere
1881 2393 1989 2438 toto

414 2468 500 2523 die
535 2469 833 2539 foveantur,
861 2481 1038 2539 putent
1071 2473 1393 2528 reviviscere.
1429 2473 1483 2526 Id
1517 2484 1692 2529 autem
1724 2473 1988 2546 Hyginius

415 2561 654 2630 majores
709 2569 930 2616 secutus
984 2568 1236 2617 auctores
1282 2562 1612 2632 prodiderat.
1663 2563 1984 2629 Columella,

416 2649 494 2706 De
521 2667 575 2706 re
607 2661 768 2716 rust.,
794 2653 888 2706 lib.
917 2668 992 2716 rx,
1034 2667 1154 2723 cap.
1191 2653 1276 2716 l3,
1325 2651 1467 2706 Nam
1507 2652 1640 2706 illud
1660 2653 1797 2723 quod
1835 2653 1988 2724 [ligi-

417 2747 534 2798 nius
588 2745 817 2814 majores
877 2757 1085 2801 secutus
1132 2756 1372 2800 auctores
1429 2747 1684 2815 prodidit,
1726 2749 1836 2814 ipse
1882 2764 1986 2801 non

413 2845 656 2903 expertus
703 2853 998 2890 asseverare
1055 2855 1158 2890 non
1219 2837 1383 2892 audeo
1416 2855 1434 2891 :
1464 2837 1751 2893 volentibus
1812 2847 1986 2893 tamen

417 2929 590 2983 licebit
636 2931 898 3000 experiri;
976 2931 1230 3000 siquidem
1269 2932 1503 3000 prtecipit
1545 2949 1698 3001 apum
1743 2947 1983 3000 corpora,

413 3037 529 3088 qua:
558 3037 674 3075 cum
702 3020 966 3091 ejusmodi
994 3023 1154 3091 pestis
1181 3024 1413 3088 incessit,
1455 3023 1550 3078 sub
1587 3025 1723 3092 favis
1768 3042 1984 3080 acerva-

2097 1917 2331 1970 πάσαιτό
2363 1935 2512 1982 ποτε,
2552 1918 2646 1972 καὶ
2687 1919 2746 1972 οὐ
2788 1919 2953 1972 δεῖται
2997 1920 3310 1991 Πυθαγόρου
3356 1919 3670 1990 συμϐούλου

2092 2007 2215 2061 οὐδὲ
2243 2007 2322 2071 ἐν,
2351 2007 2498 2076 quod
2526 2015 2580 2062 et
2606 2017 2738 2063 ante
2762 2024 2884 2062 eum
2916 2007 3236 2063 Aristoteles
3263 2008 3665 2068 insinuaverat,

2092 2099 2187 2153 lib.
2221 2115 2299 2161 Ix,
2339 2097 2415 2152 De
2435 2098 2558 2152 hist.
2581 2099 2771 2163 anim.,
2798 2114 2920 2169 cap.
2951 2100 3039 2164 40,
3064 2100 3206 2171 Πρὸς
3236 2100 3404 2171 σάρκα
3428 2099 3481 2152 δὲ
3505 2100 3669 2153 οὐδε-

2090 2189 2179 2252 νὸς
2209 2189 2448 2256 καθίζει,
2475 2189 2580 2243 οὐδ’
2603 2190 2883 2260 ὀψοφαγεῖ.
2919 2190 3052 2256 Quis
3081 2206 3210 2262 ergo
3238 2191 3394 2246 hasce
3423 2192 3474 2245 in
3498 2199 3666 2246 tanta

2090 2280 2336 2336 ciborum
2369 2282 2544 2352 copia,
2574 2297 2864 2336 succorum
2890 2281 3159 2337 afﬂuentia
3189 2297 3312 2338 aere
3338 2283 3533 2337 nutriri
3556 2298 3666 2337 un-

2087 2388 2254 2443 quam
2286 2373 2659 2428 existimaret?
2689 2374 2814 2444 quis
2844 2374 2998 2429 cibos
3029 2383 3372 2446 pmpararet,
3403 2375 3530 2444 quis
3562 2391 3664 2429 eas

2088 2472 2304 2520 curaret
2337 2465 2582 2527 alendas,
2616 2466 2814 2535 quibus
2853 2481 2952 2520 nec
3012 2467 3169 2521 cibus
3221 2467 3409 2521 deeese
3451 2476 3661 2536 potest,

2089 2573 2188 2613 nec
2222 2558 2379 2613 laniis
2427 2559 2694 2621 cruciare,
2747 2573 2870 2612 cum
2922 2547 3135 2628 semper
3188 2558 3420 2614 habeant
3465 2573 3660 2616 aerem

2085 2656 2380 2719 patentem.
2409 2662 2517 2718 quo
2549 2647 2760 2717 possint
2792 2649 3063 2702 exiutriri?

2158 2739 2316 2802 lbid.,
2365 2739 2463 2798 lin.
2509 2739 2599 2792 26.
2660 2742 2907 2809 Ἔχουσι
2948 2739 3017 2793 δὲ
3057 2740 3338 2805 βασιλέα.
3393 2739 3660 2802 Basilius.

2084 2831 2235 2886 hom.
2284 2831 2336 2896 8,
2387 2832 2541 2885 Ἔστι
2583 2831 2640 2884 δέ
2679 2849 2804 2886 τινα
2845 2834 2940 2886 καὶ
2983 2831 3233 2886 πολιτικὰ
3271 2831 3374 2884 τῶν
3417 2831 3655 2900 ἀλόγων·

2086 2923 2242 2996 εἴπερ
2282 2923 2555 2988 πολιτείας
2591 2923 2722 2976 ἴδιον
2759 2925 2819 2977 τὸ
2850 2924 2986 2994 πρὸς
3024 2924 3082 2976 ἓν
3117 2925 3290 2994 πέρας
3327 2923 3496 2976 κοινὸν
3528 2941 3661 2976 συν-

2085 3015 2258 3070 νεύειν
2279 3017 2376 3088 τὴν
2397 3018 2676 3089 ἐνέργειαν
2694 3017 2801 3069 τῶν
2822 3017 2940 3070 καθ’
2963 3017 3208 3081 ἕκαστον,
3235 3015 3418 3086 ὥσπερ
3434 3017 3525 3068 ἐπὶ
3544 3015 3659 3068 τῶν

416 3117 510 3169 tim
541 3126 731 3169 enecta:
757 3115 1104 3182 reperiuntur,
1139 3116 1278 3169 sicco
1325 3115 1435 3168 loco
1465 3131 1556 3184 per
1581 3117 1799 3171 hiemem
1833 3125 1980 3188 repo-

2089 3106 2361 3178 μελισσῶν
2401 3107 2466 3162 ἄν
2505 3125 2588 3171 τις
2624 3106 2742 3161 ἴδοι.
2780 3107 2889 3162 Καὶ
2912 3107 3019 3180 γάρ
3049 3108 3270 3162 ἐκείνων
3303 3108 3451 3178 κοινὴ
3489 3109 3597 3178 μὲν
3622 3112 3661 3179 ἡ

413 3209 518 3263 sita
548 3209 690 3261 circa
734 3208 1087 3277 wquinoxium
1129 3223 1360 3271 vernum,
1401 3225 1518 3261 cum
1558 3209 1833 3264 clementia
1876 3209 1980 3264 diei

2089 3199 2318 3271 οἴκησις,
2355 3199 2510 3271 κοινὴ
2543 3199 2599 3253 δέ
2632 3203 2666 3270 ἡ
2703 3204 2918 3272 πτῆσις,
2950 3202 3179 3272 ἐργασία
3210 3201 3267 3254 δέ
3291 3201 3500 3254 πάντων
3527 3202 3655 3271 μιιν

412 3307 639 3360 suaserit
667 3314 784 3373 post
821 3306 1005 3358 horam
1038 3303 1246 3357 tertiam
1264 3305 1316 3356 in
1347 3303 1508 3358 solem
1541 3307 1794 3374 proferre,
1826 3307 1982 3376 ficul-

413 3414 605 3467 neoque
637 3398 806 3451 cinere
839 3396 1074 3452 obruere.
1103 3397 1218 3464 Quo
1245 3397 1386 3466 facto
1420 3398 1653 3466 affirmat
1677 3399 1820 3452 intra
1844 3397 1978 3453 duas

411 3486 568 3540 horas
615 3503 734 3540 cum
781 3487 945 3540 vivido
982 3488 1151 3541 halitu
1185 3489 1376 3542 caloris
1411 3490 1660 3542 animata:
1701 3501 1843 3554 sunt,
1897 3507 1980 3545 re-

411 3590 618 3648 sumpto
647 3581 836 3648 spiritu
868 3581 923 3634 in
950 3590 1304 3650 prwparatum
1335 3599 1447 3644 vas,
1479 3582 1527 3637 si
1565 3580 1868 3650 obiiciatur,
1900 3583 1979 3636 ir-

409 3688 609 3740 repere.

482 3762 612 3818 Ibid.
662 3765 977 3833 Τρέφονται
1030 3766 1098 3820 δὲ
1130 3766 1209 3832 τῷ
1243 3767 1389 3836 ἔαρι.
1431 3767 1687 3832 Basilius,
1735 3768 1882 3822 hom.
1921 3767 1974 3833 8,

420 3855 557 3909 Ἀλλ’
589 3856 683 3908 ὅλα
709 3857 776 3910 δι’
809 3857 932 3910 ὅλου
964 3859 1221 3929 τρέφεται
1257 3859 1334 3931 τῷ
1355 3861 1496 3932 ἀέρι.
1531 3861 1871 3924 Aristotcles,
1902 3860 1978 3914 De

407 3948 531 4002 hist.
562 3949 750 4012 anim.,
787 3950 881 4005 lib.
918 3967 994 4015 ix.
1027 3966 1145 4020 cap.
1172 3952 1261 4016 40,
1289 3951 1518 4007 amrmat
1550 3969 1644 4009 eas
1672 3955 1881 4008 esurire
1909 3953 1976 4007 ab

408 4039 585 4092 hieme
610 4041 951 4108 potissimum
995 4057 1117 4096 cum
1154 4059 1291 4113 opus
1322 4045 1620 4114 incipiunt,
1664 4052 1717 4098 et
1757 4045 1852 4098 lib.
1900 4060 1973 4108 IV,

408 4127 484 4180 De
503 4139 642 4196 part.
672 4131 859 4194 anim.,
891 4145 1012 4200 cap.
1041 4132 1094 4194 6,
1121 4134 1195 4186 ait
1224 4149 1316 4207 eas
1349 4133 1470 4187 ideo
1499 4150 1620 4189 esse
1643 4134 1974 4204 quadrigen-

406 4233 525 4280 nes,
560 4228 614 4274 et
650 4222 1044 4290 corpulentiam
1088 4223 1287 4278 habere
1325 4225 1600 4292 leviorem,
1635 4225 1761 4295 quia
1788 4232 1841 4278 et
1880 4239 1975 4293 pa-

406 4310 554 4366 scuis
591 4311 799 4377 vivunt,
841 4321 896 4368 et
934 4329 1157 4371 necesse
1193 4316 1392 4372 habent
1425 4318 1608 4387 pabuli
1639 4331 1806 4372 causa
1843 4333 1972 4372 eva-

403 4403 544 4473 gari,
575 4412 630 4459 et
660 4405 754 4460 lib.
783 4422 858 4471 ιι,
887 4406 965 4462 De
989 4407 1113 4463 hist.
1149 4409 1336 4472 anim.,
1363 4425 1483 4480 cap.
1517 4411 1606 4477 40,
1643 4409 1972 4465 determinat

2083 3293 2179 3347 καὶ
2205 3293 2294 3346 τὸν
2331 3292 2609 3364 μέγιστον,
2642 3293 2724 3346 ὃτι
2756 3294 2860 3347 ὑπὸ
2890 3293 3098 3364 βασιλεῖ
3122 3295 3216 3348 καὶ
3240 3294 3513 3364 ταξιάρχῳ
3546 3297 3662 3350 τινὶ

2079 3383 2187 3437 τῶν
2211 3382 2385 3454 ἔργων
2417 3382 2702 3450 ἅπτονται,
2730 3384 2793 3437 οὐ
2821 3384 3082 3454 πρότερον
3110 3384 3533 3454 καταδεχόμεναι
3560 3385 3660 3439 ἐπὶ

2078 3475 2205 3539 τοὺς
2224 3475 2496 3546 λειμῶνας
2521 3475 2713 3539 ἐλθεῖν,
2749 3477 2878 3548 πρὶν
2916 3477 2980 3529 ἂν
3016 3476 3165 3528 ἴδωσι
3198 3475 3541 3546 κατάρξαντα
3562 3475 3658 3528 τὸν

2079 3563 2304 3634 βασιλέα
2332 3564 2430 3636 τῆς
2464 3565 2736 3636 πτήσεως.
2794 3565 2903 3617 Καὶ
2930 3563 3074 3617 ἐστιν
3103 3565 3291 3628 αὑταῖς
3325 3565 3383 3617 οὐ
3413 3581 3661 3635 χειροτο-

2077 3658 2235 3728 νητὸς
2265 3657 2533 3728 βασιλεύς.
2560 3657 2625 3710 Ει
2657 3657 2906 3723 inferius,
2943 3658 3079 3710 Ἀλλ’
3104 3659 3167 3710 ἐκ
3195 3657 3406 3726 φύσεως
3434 3656 3579 3726 ἔχων
3599 3659 3661 3710 τὸ

2078 3747 2218 3800 κατὰ
2261 3748 2476 3801 πάντων
2520 3751 2802 3819 πρωτεῖον,
2832 3749 2925 3801 καὶ
2971 3748 3189 3820 μεγέθει
3229 3748 3522 3820 διαφέρων,
3563 3752 3663 3802 καὶ

2080 3839 2337 3910 σχήματι,
2375 3839 2470 3892 καὶ
2502 3841 2567 3911 τῇ
2596 3838 2688 3892 τοῦ
2717 3838 2879 3911 ἤθους
2905 3840 3190 3910 πραότητι.
3225 3842 3377 3894 Ἔστι
3414 3842 3511 3910 μὲν
3546 3844 3661 3914 γάρ

2080 3931 2300 4002 κέντρον
2325 3930 2403 4002 τῷ
2430 3931 2656 4002 βασιλεῖ,
2688 3930 2824 3984 ἀλλὰ
2851 3931 2910 3983 οὐ
2941 3931 3137 4002 χρῆται
3166 3931 3321 3984 τοῦτο
3350 3932 3487 4002 πρὸς
3510 3933 3658 4002 ἄμυ-

2077 4040 2191 4076 ναν.
2227 4022 2368 4078 Solae
2391 4024 2536 4079 enim
2569 4024 2650 4078 hae
2679 4039 2744 4079 ex
2771 4024 3014 4078 omnium
3045 4023 3404 4076 animantium
3429 4039 3656 4093 genere,

2075 4122 2135 4170 ut
2163 4123 2357 4169 auctor
2384 4123 2469 4170 est
2502 4115 2703 4181 Horas,
2739 4115 2832 4169 lib.
2853 4131 2891 4179 ι,
2909 4129 3030 4185 cap.
3050 4114 3138 4178 62,
3160 4123 3212 4169 et
3229 4129 3409 4184 regem
3430 4115 3656 4176 habent,

2073 4210 2129 4258 et
2181 4203 2258 4257 illi
2297 4219 2408 4258 non
2443 4219 2603 4258 secus
2639 4218 2704 4258 ac
2742 4203 2936 4274 vulgus
2977 4205 3088 4274 regi
3118 4205 3514 4273 obtemperant.
3542 4206 3658 4259 Καὶ

2073 4294 2183 4367 γὰρ
2209 4296 2365 4366 μόνον
2386 4295 2494 4349 τῶν
2524 4295 2698 4350 ἄλλων
2724 4293 2876 4359 ζώων
2906 4295 3126 4366 βασιλέα
3156 4296 3289 4367 ἔχει,
3316 4289 3361 4364 ᾧ
3384 4297 3446 4348 τὸ
3466 4296 3655 4348 λοιπὸν

2073 4391 2180 4454 τῶν
2201 4391 2467 4462 μελισσῶν
2483 4393 2675 4446 ’ἐπεται
2693 4392 2916 4464 πλῆθος,
2943 4393 3074 4448 καθὸ
3097 4395 3187 4447 καὶ
3211 4395 3260 4446 οἱ
3289 4394 3403 4448 άνοι
3429 4394 3656 4448 ἕπονται

403 4510 496 4548 eas
527 4495 661 4548 nihil
693 4497 901 4562 venari,
959 4498 1054 4554 sed
1101 4499 1234 4568 ipsis
1279 4501 1382 4556 sibi
1436 4502 1643 4555 cibaria
1688 4499 1887 4563 facere,
1919 4510 1973 4555 et

2089 4483 2313 4553 βασιλεῖ.
2345 4484 2410 4538 Ει
2449 4484 2732 4556 Didymus,
2779 4487 2835 4540 in
2882 4487 3170 4558 Georgicis,
3197 4488 3308 4540 Καὶ
3338 4488 3371 4556 ἡ
3405 4487 3654 4541 πολιτεία

406 4590 720 4650 recondere,
757 4599 808 4644 et
851 4607 1038 4646 earum
1073 4594 1253 4648 cibum
1295 4610 1417 4651 esse
1455 4595 1580 4660 mel,
1619 4596 1768 4663 cujus
1796 4597 1871 4648 rei
1897 4599 1978 4649 in-

401 4677 598 4734 dicium
621 4681 846 4750 faciunt,
878 4701 995 4738 cum
1026 4687 1220 4754 apiarii
1251 4689 1476 4742 eximere
1506 4688 1764 4756 incipiunt
1790 4688 1974 4758 favos;

400 4775 637 4841 quamvis
671 4776 808 4828 enim
839 4777 1148 4845 sufﬁantur,
1179 4779 1593 4848 vehementerque
1617 4795 1683 4833 ea:
1714 4780 1859 4849 fumo
1893 4781 1976 4835 la-

402 4864 612 4927 borent;
634 4872 806 4917 tamen
846 4869 964 4933 plus
1005 4867 1173 4920 mellis
1215 4878 1336 4922 tunc
1365 4872 1546 4934 edunt,
1597 4887 1754 4938 quam
1801 4874 1968 4940 prius.

401 4953 553 5018 Quod
581 4955 720 5007 enim
748 4955 852 5008 cibi
889 4972 1053 5010 causa
1087 4958 1189 5011 sibi
1222 4960 1632 5026 recondiderint,
1667 4963 1879 5028 parcius
1912 4979 1971 5016 eo

398 5045 714 5106 temporibus
760 5047 963 5100 caeteris
991 5056 1230 5101 utuntur.
1267 5049 1368 5104 Sed
1417 5050 1607 5104 habent
1659 5053 1819 5105 etiam
1869 5070 1970 5122 quo

396 5137 565 5189 altero
603 5136 720 5191 cibo
747 5137 985 5201 alantur,
1009 5139 1149 5206 quod
1172 5140 1386 5208 quidam
1413 5142 1730 5212 ceraginem,
1767 5143 1864 5196 alii
1896 5159 1973 5197 ce‘

395 5243 540 5281 reum
577 5238 782 5290 vocant,
833 5245 1006 5283 verum
1050 5230 1146 5284 hoc
1193 5229 1420 5285 deterius
1457 5243 1554 5298 est,
1597 5244 1646 5288 et
1699 5234 1968 5288 dulcedine

395 5335 553 5388 prope
569 5321 700 5388 ﬁcus
718 5336 736 5373 :
754 5331 1040 5391 congerunt
1071 5323 1124 5376 id
1149 5335 1348 5393 quoque
1377 5332 1435 5378 ut
1463 5341 1634 5378 ceram
1660 5329 1769 5379 suis
1793 5329 1962 5380 cruri-

395 5404 508 5460 bus.
544 5406 606 5459 Et
634 5406 886 5473 inferius,
912 5408 1113 5465 Pastus
1147 5415 1480 5482 gratissimus
1511 5414 1696 5483 apibus
1732 5416 1967 5486 thymum

393 5506 510 5548 est:
541 5498 629 5551 sed
660 5499 848 5554 rubido
887 5501 1065 5556 album
1095 5504 1396 5573 prwfertur.
1448 5505 1513 5558 Et
1551 5507 1645 5559 lib.
1690 5519 1961 5577 vnl,,cap.

397 5583 482 5648 Η,
527 5587 658 5655 Apis
697 5604 801 5642 una
837 5592 998 5645 nullis
1033 5594 1232 5662 putidis
1270 5595 1488 5659 assidet,
1527 5612 1618 5650 nec
1662 5598 1828 5651 utitur
1859 5599 1965 5652 alio

393 5667 505 5720 cibo
545 5688 706 5741 quam
757 5672 917 5730 dulci.
946 5675 1114 5743 Plin.,
1147 5680 1242 5732 lib.
1292 5695 1407 5746 ni,
1436 5696 1555 5753 cap.
1592 5683 1679 5743 Μ.
1725 5683 1787 5739 Si
1819 5685 1966 5740 cibus

396 5776 566 5815 «σενι
599 5775 872 5816 censeatur
902 5769 1086 5836 apibus
1125 5788 1250 5826 uvas
1295 5787 1482 5829 oassas
1523 5776 1767 5844 siccasre,
1809 5779 1968 5848 ficose

2077 4576 2267 4629 τοῦτου
2295 4576 2387 4629 τοῦ
2417 4575 2555 4640 ζώου
2585 4577 2870 4648 προσέοικε
2898 4582 3018 4642 ταῖς
3059 4578 3289 4650 μάλιστα
3315 4580 3652 4650 εὐνομουμέ-

2076 4683 2195 4729 ναις
2227 4665 2335 4720 τῶν
2368 4667 2596 4721 πόλεων.
2632 4669 2742 4732 Τάς
2770 4686 2829 4721 τε
2866 4669 2974 4742 γάρ
3001 4670 3210 4737 ἐξόδους
3249 4670 3373 4723 καθ’
3407 4671 3651 4742 ἡγεμόνα

2075 4757 2174 4810 καὶ
2199 4759 2334 4829 πρὸς
2359 4759 2418 4810 τὸ
2445 4759 2723 4830 ἐπίταγμα
2752 4763 3006 4816 ποιεῖται.
3042 4763 3106 4815 Ει
3134 4761 3481 4824 Aristoteles,
3507 4763 3601 4817 lib:
3634 4779 3649 4815 ι

2076 4853 2156 4908 De
2192 4855 2378 4909 histor.
2433 4859 2621 4920 anim.,
2671 4873 2790 4927 cap.
2822 4857 2872 4919 1,
2924 4859 3090 4911 etiam
3140 4871 3303 4926 grues
3353 4858 3460 4911 sub
3512 4858 3651 4911 duce

2075 4961 2238 5017 agere
2271 4950 2489 5010 asserit,
2536 4947 2715 5004 Civilis
2741 4952 2944 5018 generis
2983 4960 3061 5005 est
3089 4949 3264 5013 homo,
3297 4951 3437 5015 apis,
3471 4966 3646 5018 vespa,

2071 5039 2318 5109 formica,
2369 5057 2512 5112 grus.
2563 5041 2804 5107 Quarum
2851 5043 2972 5095 alia:
3006 5044 3100 5096 sub
3138 5042 3269 5096 duce
3319 5043 3539 5112 degunt,
3596 5054 3649 5095 ut

2071 5147 2245 5202 grues,
2279 5142 2337 5185 ut
2372 5149 2514 5201 apes,
2560 5135 2683 5187 alia:
2727 5134 2861 5187 nulli
2889 5134 3114 5187 subdita:
3157 5136 3377 5202 imperio
3410 5148 3562 5198 sunt,
3596 5148 3648 5188 ut

2069 5221 2306 5290 formica:
2334 5233 2382 5276 et
2413 5223 2522 5276 alia
2553 5227 2828 5277 innumera
2854 5239 2979 5292 pene
3009 5240 3216 5294 genera.

2141 5317 2298 5382 lbid.,
2326 5317 2422 5370 lin.
2449 5315 2538 5370 28.
2572 5318 2678 5370 Καὶ
2704 5316 2950 5384 οὐδεμία
2977 5316 3320 5385 προχείρως.
3356 5315 3504 5385 Apes
3530 5330 3646 5384 pro.

2069 5411 2249 5480 prium
2284 5408 2503 5470 ducem,
2535 5407 2698 5476 at'que
2731 5408 3137 5476 imperatorem,
3163 5407 3420 5460 omnibus
3449 5405 3644 5460 ciliciis

2071 5500 2331 5570 prosequi
2385 5498 2658 5552 afﬁrmant
2714 5497 2986 5560 Elianus,
3036 5497 3113 5551 De
3165 5497 3353 5552 histor.
3393 5496 3642 5558 animal.,

2069 5592 2164 5646 lib.
2194 5609 2246 5655 v,
2270 5606 2391 5661 cap.
2427 5591 2491 5644 l0
2517 5598 2570 5644 et
2605 5591 2657 5644 ll
2684 5608 2698 5645 :
2724 5589 3064 5652 Aristoteles,
3083 5595 3136 5643 et
3167 5586 3401 5654 Plinius,
3435 5588 3530 5642 lib.
3570 5605 3639 5647 ιι,

2068 5701 2190 5758 cap.
2233 5687 2287 5751 6,
2353 5694 2408 5740 et
2461 5701 2582 5756 cap.
2629 5686 2715 5739 i7.
2751 5685 2891 5740 Mira
2941 5684 3112 5755 plebis
3155 5683 3300 5737 circa
3347 5697 3477 5736 eum
3516 5683 3641 5736 obco

2069 5781 2290 5837 dientia.
2331 5779 2462 5836 Cum
2491 5778 2722 5850 procedit
2757 5794 2863 5833 una
2900 5787 2978 5834 est
3013 5787 3175 5832 totum
3212 5791 3456 5841 examen,
3487 5776 3637 5830 circa
