3810 6168
137 341 250 400 on

1243 347 1309 403 IN
1347 348 1729 408 EUSTATHII'
1758 349 2230 408 HEXAEMERON
2265 346 2499 404 ΝυΤᾸΞ.

3273 345 3374 403 918

135 478 246 517 ue
279 477 400 516 eum
422 463 786 534 conglobatur,
825 467 1007 538 cingit,
1035 473 1281 542 protegit,
1308 474 1450 526 cerni
1486 491 1587 528 non
1615 490 1695 544 pa‘

1811 491 1909 545 την
1947 477 2067 537 ταῖς
2121 471 2392 542 κοιλότησι
2439 468 2546 523 τῶν
2593 467 2798 538 κηρίων
2846 456 3078 537 ἐνίησινο
3123 465 3243 520 ὅθεν
3281 467 3377 518 καὶ

137 555 296 608 titur.
330 555 540 622 Quibus
585 558 733 612 addit
781 548 1033 618 )Elianus
1066 563 1189 618 loco
1221 565 1277 620 d.
1325 567 1488 620 etiam
1534 582 1714 637 regem

136 644 432 714 fugitivum
466 662 767 714 accersere,
823 661 877 705 et
925 651 980 707 in
1028 670 1258 724 regnum
1289 657 1570 712 reducere.
1612 659 1714 710 Τὸν

137 736 371 806 βασιλέα
404 740 579 794 αὐτῶν
620 743 676 796 αἱ
722 742 965 809 μέλιτται
1008 748 1184 818 πρᾶον
1212 747 1338 800 ὅντα
1367 749 1458 801 καὶ
1486 749 1709 820 ἥμερον,

138 825 237 878 καὶ
262 829 397 898 ὁμοῦ
420 847 473 883 τι
500 833 595 884 καὶ
621 833 898 906 ἄκεντρον,
916 836 1042 889 ὅταν
1072 837 1240 900 αὑτὰς
1267 837 1525 908 ἀπολίπῃ,
1551 857 1713 908 μετα-

139 916 326 972 θέουσι
369 938 448 984 τε,
499 925 593 977 καὶ
637 924 892 979 διώκουσι
939 926 1151 995 φυγάδα
1200 927 1300 997 τῆς
1346 929 1520 999 ἀρχῆς
1562 929 1708 982 δνταί

152 1008 528 1081 Ῥινηλατοῦσι
557 1014 614 1066 δὲ
645 1015 806 1068 αὐτὸν
829 1018 1173 1088 ἀπορῤήτως,
1206 1018 1299 1070 καὶ
1321 1019 1384 1071 ὲκ
1407 1019 1507 1089 τῆς
1535 1020 1710 1089 ὀσμῆς

135 1102 242 1172 τῆς
272 1103 398 1174 περὶ
421 1105 580 1158 αὐτὸν
598 1107 835 1178 αἱροῦσι,
877 1109 971 1161 καὶ
1001 1111 1059 1172 ἐς
1085 1109 1184 1178 τὴν
1209 1109 1479 1179 βασιλείαν
1505 1111 1709 1164 ἐπανά-

135 1210 352 1262 γουσιν,
383 1196 604 1252 ἑκοῦσαι
636 1216 695 1251 τε
729 1200 824 1252 καὶ
859 1199 1177 1270 βουλόμεναι
1214 1199 1308 1254 τοῦ
1338 1202 1540 1272 τρόπου
1574 1202 1710 1270 ἀγά-

142 1305 328 1358 μεναι.
356 1287 639 1355 Quomodo
668 1302 846 1346 autem
877 1307 986 1346 una
1009 1308 1136 1346 cum
1169 1309 1293 1364 rege
1320 1294 1574 1363 migrant,
1599 1311 1708 1365 quo

140 1379 324 1450 signo,
385 1397 490 1451 qua
543 1398 693 1446 voce,
743 1390 797 1436 et
849 1383 1212 1447 observantia,
1263 1384 1582 1441 Aristoteles
1631 1386 1708 1442 De

140 1470 334 1526 histor.
370 1475 557 1536 anim.,
589 1473 682 1528 lib.
716 1490 790 1537 ix,
818 1489 940 1544 cap.
967 1475 1058 1540 «10,
1086 1482 1139 1530 et
1171 1474 1400 1540 Plinius,
1428 1477 1482 1531 d.
1509 1478 1650 1533 loco.

214 1559 373 1626 lbid.,
403 1563 498 1618 lin.
521 1563 610 1618 99.
651 1565 817 1618 Ἔστι
847 1563 916 1617 δὲ
942 1563 1150 1630 αὐταῖς
1181 1561 1375 1632 οὗτος.
1414 1565 1532 1621 Non
1559 1569 1704 1622 enim

139 1655 370 1725 eligunt,
398 1656 492 1711 sed
515 1657 862 1711 successione
891 1663 946 1711 et
976 1673 1173 1727 genere
1203 1660 1438 1729 optimos
1459 1676 1705 1731 quosque

139 1755 489 1813 conservant,
538 1762 603 1802 ac
655 1747 885 1803 fovendo
923 1756 1188 1815 tutantur,
1243 1750 1520 1821 improbos
1559 1755 1706 1807 occi-

139 1836 298 1900 dunt,
324 1844 381 1891 ut
411 1853 478 1892 ex
510 1854 674 1908 supra
702 1839 861 1894 dictis
891 1814 1204 1896 auctoribus
1230 1814 1577 1898 manifestum
1609 1859 1704 1914 ap-
1735 1814 1776 1871 Β

137 1936 314 1998 paret.
351 1927 503 1984 Hunc
535 1945 699 1999 porro
747 1933 1136 2003 magnitudine,
1181 1932 1350 2004 ﬁgura
1391 1949 1454 1989 ac
1489 1950 1703 1989 morum

140 2019 410 2074 suavitate
449 2029 675 2079 caeteras
699 2037 829 2092 apes
863 2024 1186 2078 antecellere
1219 2033 1406 2079 narrat
1434 2025 1702 2081 Aristote-

137 2107 240 2170 les,
270 2106 348 2161 De
373 2120 604 2178 generat.
635 2113 881 2176 animal.,
912 2113 1007 2167 lib.
1037 2127 1117 2175 Ill,
1146 2114 1311 2184 capit.
1341 2115 1441 2180 1ος
1474 2115 1700 2182 Plinius,

135 2197 233 2252 lib.
264 2214 338 2263 ιι,
370 2201 534 2270 capit.
566 2201 652 2264 16,
674 2201 831 2272 Reges
853 2203 1027 2271 plures
1053 2203 1390 2271 inchoantur,
1419 2222 1481 2260 ne
1508 2206 1698 2262 desint.

135 2285 334 2342 Postea
358 2305 423 2344 ea:
449 2290 528 2344 his
551 2290 752 2346 soboles
775 2309 894 2346 cum
915 2292 1102 2348 adulta
1125 2311 1236 2349 esse
1263 2297 1436 2364 cepit,
1457 2299 1702 2354 concordi

134 2380 393 2448 suffragio
423 2380 731 2437 deterrimos
775 2393 985 2450 necant,
1023 2401 1088 2438 ne
1135 2385 1435 2440 distrahant
1468 2390 1698 2459 agmina.

133 2469 257 2525 Duo
285 2483 459 2526 autem
490 2490 679 2544 genera
711 2492 911 2540 eorum,
954 2477 1141 2530 melior
1175 2477 1324 2546 rufus
1370 2495 1528 2548 quam
1558 2482 1704 2552 niger

132 2563 430 2633 variusque.
459 2563 713 2618 Omnibus
745 2565 918 2636 forma
972 2581 1172 2634 semper
1201 2569 1428 2638 egregia,
1459 2579 1509 2624 et
1541 2569 1702 2641 duplo

129 2671 292 2724 quam
327 2657 530 2710 cteteris
570 2657 766 2726 major,
813 2673 994 2728 penna:
1026 2657 1301 2724 breviores,
1341 2676 1500 2715 crura
1535 2673 1697 2727 recta,

131 2745 398 2816 ingressus
433 2747 642 2810 celsior,
679 2748 736 2800 in
776 2748 951 2817 fronte
997 2754 1207 2807 macula
1251 2753 1479 2822 quodam
1513 2753 1699 2809 diade—

131 2843 274 2889 mate
319 2835 628 2897 candicans,
671 2837 836 2891 multo
893 2840 1052 2893 etiam
1089 2842 1257 2896 nitore
1298 2859 1329 2895 a
1363 2843 1515 2913 vulgo
1544 2844 1699 2913 ili/7's-

131 2934 279 2980 runt.
311 2923 448 2981 Vide
477 2925 780 2992 Elianum,
811 2929 905 2984 lib.
941 2946 995 2994 v,
1024 2945 1145 3000 cap.
1173 2933 1242 2987 10
1273 2939 1328 2988 et
1358 2933 1417 2987 11
1443 2951 1458 3001 ;
1502 2931 1700 3004 Geapo-

130 3018 288 3070 nicon
319 3018 556 3080 collect.,
595 3029 648 3074 et
679 3020 835 3076 alios.

200 3105 351 3207 11)ἱ(1.Δ
368 3109 466 3207 lin.
507 3109 597 3207 '52-.
633 3110 800 3207 'Ea:n
827 3111 956 3207 per
993 3113 1104 3182 γὰρ
1148 3114 1418 3182 κέντρον.
1457 3115 1514 3170 Id
1554 3115 1694 3172 idem
1723 3145 1769 3207 ϐ

129 3197 296 3254 habet
323 3199 663 3263 Aristoteles,
711 3201 790 3256 De
816 3201 1002 3257 histor.
1036 3205 1225 3270 anim.,
1267 3220 1390 3276 cap.
1437 3207 1527 3272 21,
1558 3210 1696 3261 Acu-

127 3288 270 3342 leum
308 3305 429 3357 apes
455 3289 742 3358 possident,
779 3292 888 3361 fuci
930 3311 991 3349 eo
1013 3305 1214 3361 carent,
1251 3313 1394 3365 reges
1445 3298 1698 3369 ducesque

127 3380 340 3446 habent,
374 3381 464 3435 sed
497 3399 601 3437 non
637 3392 856 3438 utuntur
880 3401 900 3449 ;
929 3388 1174 3456 quocirca
1197 3404 1283 3442 eos
1313 3404 1494 3443 carere
1518 3391 1696 3445 aculeo

128 3471 374 3526 nonnulli
417 3473 740 3526 existimant.
770 3473 1043 3541 Elianus,
1079 3475 1156 3532 De
1203 3477 1394 3533 histor.
1449 3480 1694 3546 animal.,

127 3563 227 3618 lib.
266 3577 306 3627 l,
332 3577 452 3632 cap.
489 3561 579 3627 60,
612 3565 772 3632 Λέγει
809 3567 906 3636 μέν
933 3583 1017 3630 τις
1055 3566 1211 3636 λόγος
1241 3569 1531 3642 ἀκέντρους
1559 3567 1696 3626 εἶναι

123 3653 254 3714 τοὺς
283 3650 488 3705 τούτων
522 3651 793 3723 βασιλέας·
827 3654 972 3724 λέγει
1004 3656 1061 3710 δὲ
1084 3658 1178 3712 καὶ
1209 3657 1392 3730 ἕτερος
1425 3661 1519 3714 καὶ
1555 3662 1694 3715 πάνυ

123 3741 417 3814 ὲρῥωμένα
461 3743 527 3797 τὰ
573 3745 774 3817 κέντρα
805 3749 1215 3818 συμπεφυκέναι
1252 3752 1454 3816 αὐτοῖς,
1483 3754 1576 3806 καὶ
1610 3771 1696 3806 τε-

124 3835 378 3905 θηγμένα
405 3835 774 3908 ἀνδρειότατα.
798 3837 933 3893 Οὔτε
953 3840 1009 3894 δὲ
1028 3843 1115 3894 ἐπ’
1134 3843 1288 3915 ἀνδρί
1310 3861 1440 3898 ποτε
1465 3846 1694 3918 χρῆσθαι

123 3927 312 3990 αὐτοῖς
355 3926 478 3980 οὔτε
528 3929 620 3982 ἐπὶ
663 3933 786 3994 ταῖς
827 3931 1120 4002 μελίτταις·
1175 3934 1310 3989 ἀλλὰ
1349 3936 1441 3989 καὶ
1494 3937 1696 3990 ὑποπε-

121 4017 365 4072 πλάσθαι
396 4019 557 4088 φόϐον
595 4019 787 4084 ἄλλως.
822 4023 913 4095 Μὴ
964 4023 1073 4095 γὰρ
1104 4023 1259 4096 θέμιν
1280 4021 1419 4081 εἶναι
1465 4027 1553 4082 τὸν
1599 4029 1697 4098 ἄρ-

121 4128 291 4182 χοντα
332 4112 428 4165 καὶ
468 4111 562 4165 τὸν
595 4111 844 4168 τοσοῦτον
889 4114 1078 4186 ἔφορον
1120 4118 1288 4173 κακὸν
1334 4119 1690 4190 ἐργάσασθαι.

121 4199 260 4266 Quae
297 4217 404 4256 non
439 4203 645 4272 integre
681 4205 776 4260 sed
809 4206 996 4260 mutile
1025 4207 1236 4264 reddita
1268 4218 1397 4266 sunt
1427 4211 1494 4266 ab
1525 4213 1688 4266 inter-

119 4299 316 4360 prete;
347 4288 580 4357 Plinius,
605 4292 701 4348 lib.
729 4308 809 4362 si,
835 4311 955 4366 cap.
996 4296 1084 4362 17,
1118 4297 1304 4364 haeret,
1345 4315 1446 4356 nec
1487 4301 1693 4370 aliquid

117 4379 265 4435 certi
321 4379 667 4437 determinat.
729 4383 948 4450 Quaerat
1022 4403 1160 4442 nunc
1214 4391 1426 4460 aliquis,
1491 4408 1693 4447 unusne

1817 565 1978 637 ὑγρὸν
2005 563 2154 636 παρὰ
2187 563 2286 634 τὴν
2330 561 2550 632 πρώτην
2575 559 2739 625 ἐστὶν,
2767 553 2881 611 εἷτα
2907 557 2984 628 τῷ
3023 558 3195 630 χρόνῳ
3239 574 3374 627 συμ-

1814 657 2054 726 πεφθὲν,
2113 656 2248 726 πρὸς
2313 654 2410 724 τὴν
2465 651 2669 705 οἰκείαν
2724 650 2978 704 σύστασιν
3041 651 3134 704 καὶ
3183 649 3373 721 ἡδονὴν

1812 748 2185 817 ἐπανέρχεται.
2220 743 2322 810 Qui
2375 743 2483 799 sint
2533 741 2623 796 isti
2669 741 2846 805 ﬂores,
2883 757 2951 796 ex
3000 741 3200 810 quibus
3245 756 3372 810 apes

1811 837 2112 910 colligendo
2166 851 2359 893 succos
2406 848 2502 890 sua
2543 832 2838 888 conﬁciunt
2884 833 3044 888 mella
3092 839 3374 887 enumerat

1809 930 2153 992 Aristoteles,
2182 945 2234 991 v,
2265 927 2341 982 De
2359 927 2544 981 histor.
2575 926 2816 990 animal.,
2849 941 2970 996 cap.
2993 926 3064 979 22
3089 944 3103 992 ;
3139 923 3368 988 Plinius,

1809 1021 1902 1076 lib.
1936 1037 2011 1085 ιι,
2051 1036 2170 1090 cap.
2204 1019 2257 1082 8,
2282 1019 2528 1088 quaedam
2561 1034 2624 1073 ex
2655 1018 2762 1072 illis
2786 1016 3005 1086 excipit,
3029 1023 3083 1071 et
3103 1017 3367 1086 quosdam

1807 1116 1898 1183 qui
1929 1113 2173 1183 quaedam
2208 1117 2532 1181 exceperant
2559 1109 2898 1179 reprehendit
2931 1127 2945 1163 :
2978 1107 3137 1162 Ceras
3165 1123 3229 1161 ea:
3257 1124 3371 1162 om-

1807 1207 1952 1259 nium
1999 1203 2248 1258 arborum
2291 1209 2623 1272 satorumque
2667 1199 2880 1270 floribus
2925 1201 3244 1270 conﬁngunt,
3277 1217 3366 1254 ea:-

1805 1307 1954 1367 cepta
2001 1299 2195 1351 rumice
2241 1306 2291 1352 et
2325 1293 2634 1364 chenopode,
2672 1293 2949 1348 herbarum
2999 1292 3109 1348 hazc
3157 1309 3364 1363 genera.

1805 1390 1971 1454 Falso
2001 1391 2258 1458 excipitur
2285 1397 2335 1442 et
2364 1399 2618 1457 spartum,
2650 1388 2833 1457 quippe
2866 1403 2980 1439 cum
3015 1387 3072 1439 in
3107 1385 3367 1453 Hispania

1744 1503 1750 1507 ·
1803 1482 1971 1534 multa
1993 1481 2047 1534 in
2075 1479 2355 1549 spartariis
2385 1478 2542 1532 mella
2562 1478 2772 1531 herbam
2799 1493 2913 1530 eam
2941 1478 3172 1544 sapiant.
3203 1474 3366 1530 Falso

1801 1583 1852 1628 et
1879 1573 2021 1626 oleas
2054 1572 2222 1640 excipi
2271 1570 2523 1634 arbitror,
2564 1571 2748 1641 quippe
2785 1569 2932 1623 oliva:
2979 1577 3224 1638 proventu
3249 1569 3367 1638 plu-

1803 1666 1938 1718 rima
1968 1664 2216 1717 exanima
2245 1663 2384 1734 gigni
2415 1670 2612 1716 certum
2637 1670 2732 1714 est.
2777 1658 3058 1713 Fructibus
3083 1658 3244 1712 nullis
3272 1676 3367 1712 no-

1803 1765 1947 1809 cetur
1967 1771 1986 1807 :
2018 1753 2235 1808 mortuis
2281 1770 2343 1807 ne
2387 1751 2604 1822 ﬂoribus
2634 1749 2838 1820 quidem
2867 1765 2970 1802 non
3002 1748 3152 1801 modo
3181 1762 3364 1816 corpo-

1805 1845 1949 1899 ribus
1994 1843 2252 1898 insidunt.
2305 1841 2408 1897 Sed
2452 1840 2682 1905 Plinius,
2712 1840 2766 1894 in
2813 1838 3088 1894 nonnullis
3120 1837 3367 1892 animad-

1803 1935 2054 1989 versione
2085 1933 2282 2004 dignus
2316 1933 2545 1987 videtur.
2579 1930 2652 1986 De
2678 1929 2813 1985 oleis
2847 1930 3098 1999 superius
3121 1929 3362 1999 quaedam

1803 2025 2079 2091 diximus;
2111 2025 2180 2079 de
2216 2024 2446 2080 mortuis
2479 2022 2798 2091 corporibus
2830 2036 2930 2075 nec
2972 2021 3074 2076 sibi
3116 2029 3362 2082 constat;

1802 2123 2046 2170 mortuas
2080 2116 2278 2186 quippe
2317 2114 2545 2185 gallinas
2577 2113 2770 2184 apibus
2801 2113 2982 2167 cibum
3013 2127 3134 2167 esse
3177 2127 3278 2167 nos
3307 2112 3362 2166 in

1803 2209 1925 2264 aliis
1965 2207 2264 2262 admonuit.
2305 2205 2411 2261 Sed
2435 2205 2559 2275 quis
2597 2206 2651 2258 in
2703 2212 2850 2258 tanta
2895 2219 3075 2258 rerum
3107 2203 3363 2257 varietate

1802 2311 1854 2357 et
1885 2300 2199 2356 diversitate
2240 2297 2554 2367 opinionum
2591 2297 2667 2350 ita
2718 2295 2822 2350 sibi
2869 2295 3128 2349 memoria
3167 2293 3361 2363 poterit

1802 2397 2055 2446 constare
2089 2396 2148 2443 ut
2173 2404 2236 2442 ea
2265 2386 2373 2441 labi
2410 2384 2738 2456 quandoque
2767 2399 2874 2439 non
2900 2382 3206 2452 contingat?

1871 2480 2026 2538 lbid..
2058 2481 2152 2534 lin.
2177 2479 2265 2534 54.
2293 2477 2401 2531 Kal
2420 2478 2532 2544 τὴν
2545 2474 2914 2544 δροσοειδῶς.
2939 2473 3364 2528 Accuratissime

1801 2565 1915 2618 haec
1955 2563 2136 2617 omnia
2188 2561 2503 2616 Aristoteles
2552 2559 2607 2614 d.
2659 2559 2820 2612 loco:
2858 2555 3178 2620 Construunt
3212 2557 3362 2626 favos

1801 2670 1828 2708 e
1847 2653 2083 2722 floribus,
2107 2669 2297 2716 ceram,
2328 2666 2392 2705 ea:
2425 2650 2660 2720 lacrgma
2685 2649 2932 2703 arborum
2961 2649 3182 2719 ﬁngunt,
3203 2649 3358 2702 mella

1800 2759 1864 2798 ea:
1893 2759 2008 2796 rore
2039 2743 2198 2807 aeris,
2229 2742 2461 2796 siderum
2506 2749 2691 2795 exortu
2735 2741 3082 2808 potissimum,
3122 2752 3169 2792 et
3204 2755 3358 2792 arcus

1801 2837 2018 2890 caelestis
2047 2833 2279 2888 incubitu
2311 2833 2643 2887 contrahunt.
2683 2832 2907 2887 Omnino
2948 2841 3066 2886 ante
3107 2829 3360 2901 Vergilia-

1800 2946 1918 2984 rum
1956 2936 2192 2984 ezortum
2228 2927 2328 2981 mel
2363 2944 2468 2982 non
2500 2928 2580 2996 fit.
2617 2925 2788 2980 Favos
2819 2926 3012 2995 itaque,
3061 2934 3119 2978 ut
3162 2925 3358 2977 dictum

1798 3030 1897 3084 est,
1929 3035 1956 3074 e
1979 3017 2196 3088 ﬂoribus
2229 3018 2451 3083 faciunt.
2500 3016 2608 3071 Mel
2642 3027 2815 3072 autem
2866 3033 2968 3071 non
3014 3017 3155 3084 ipsas
3189 3016 3361 3084 facere

1799 3126 1940 3180 apes,
1984 3109 2075 3164 sed
2120 3126 2289 3164 rorem
2333 3107 2639 3163 candentem
2693 3107 2893 3177 deferre
2935 3116 3239 3178 argumento
3283 3117 3360 3159 est

1797 3197 1935 3269 quod
1979 3215 2084 3252 uno
2133 3209 2225 3252 aut
2269 3199 2436 3252 altera
2487 3197 2571 3251 die
2615 3197 2774 3252 cellas
2804 3196 2957 3251 melle
2999 3197 3180 3266 plenas
3221 3197 3360 3250 inve-

1796 3291 1948 3345 niunt
1975 3291 2186 3359 apiarii.
2223 3290 2286 3344 Et
2315 3291 2408 3346 lib.
2440 3306 2516 3355 ix,
2546 3304 2665 3359 cap.
2697 3289 2785 3353 40,
2819 3290 3125 3345 observavit
3155 3303 3357 3343 morem

1797 3393 1979 3449 apum,
2017 3395 2087 3435 ne
2121 3378 2370 3434 videlicet
2398 3377 2589 3433 ﬂorum
2627 3380 2781 3449 plura
2811 3394 3008 3452 genera
3040 3387 3222 3449 petant
3249 3395 3360 3434 uno

1795 3471 2091 3540 eodemque
2113 3469 2380 3540 profectu,
2408 3469 2502 3525 sed
2526 3470 2752 3540 singulis
2778 3469 3011 3542 singula,
3050 3471 3200 3526 verbi
3232 3485 3360 3540 gra-

1796 3561 1872 3617 tia
1901 3579 1932 3616 a
1973 3563 2113 3617 viola
2144 3560 2210 3616 ad
2234 3562 2432 3616 violam
2458 3561 2730 3626 advolant,
2760 3576 2860 3616 nec
2887 3561 3034 3616 aliud
3061 3563 3357 3631 attingunt,

1795 3666 2077 3722 quousque
2104 3667 2262 3707 suum
2291 3651 2345 3704 in
2368 3650 2578 3706 alveum
2598 3649 2841 3714 redeant,
2873 3651 2960 3704 hic
2990 3667 3048 3706 se
3082 3651 3358 3720 quatiunt;

1795 3753 1849 3799 et
1881 3743 2122 3814 singulas
2171 3750 2282 3798 tres
2336 3750 2428 3797 aut
2472 3749 2705 3812 quatuor
2746 3750 3066 3812 sequuntur.
3095 3741 3200 3799 Sed
3228 3744 3359 3813 quid

1797 3835 2067 3904 accipiant
2115 3833 2259 3889 haud
2300 3825 2457 3890 facile
2501 3834 2738 3902 videris;
2783 3849 2882 3889 nec
2920 3849 3048 3890 vero
3096 3834 3361 3905 quemad-

1795 3925 2012 3982 modum
2045 3933 2339 3995 operentur
2370 3925 2547 3982 visum
2574 3928 2750 3983 adhuc
2775 3935 2880 3983 est.

1862 4014 2022 4078 Iiid.,
2060 4015 2156 4069 lin.
2187 4014 2275 4070 37.
2305 4015 2475 4070 Ὅθεν
2502 4015 2601 4069 καὶ
2631 4016 2814 4085 ὑγρόν
2836 4014 2983 4068 ἐστι.
3017 4012 3354 4072 Aristoteles

1792 4107 1888 4163 lib.
1928 4123 1960 4162 v
1991 4105 2068 4160 De
2099 4105 2284 4160 histor.
2335 4106 2578 4174 animal.,
2626 4121 2745 4176 cap.
2795 4105 2887 4169 22,
2947 4104 3270 4158 Συνίσταται
3299 4102 3355 4157 δὲ

1791 4198 1854 4253 τὸ
1887 4200 2007 4272 μέλι
2042 4200 2385 4271 πεττόμενον.
2433 4198 2520 4265 Ἐξ
2551 4201 2723 4271 ἀρχῆς
2750 4201 2857 4269 γὰρ
2885 4193 2995 4251 οἷον
3043 4198 3186 4270 ὕδωρ
3221 4197 3359 4268 γίνε-

1792 4310 1902 4360 ται,
1937 4294 2032 4347 καὶ
2064 4293 2147 4362 ἐφ’
2174 4293 2386 4364 ἡμέρας
2423 4291 2520 4362 μέν
2551 4307 2701 4352 τινας
2742 4290 2904 4361 ὑγρόν
2935 4292 3082 4342 ἐστι’
3133 4289 3212 4344 διὸ
3252 4289 3356 4342 κᾶν

1795 4385 2060 4457 ὑφαιρεθῇ
2092 4387 2149 4438 ὲν
2187 4385 2376 4447 αὑταῖς
2417 4385 2533 4445 ταῖς
2571 4379 2820 4452 ἡμέραις,
2853 4381 2949 4450 οὐχ
2990 4380 3126 4450 ἴσχει
3165 4381 3352 4450 πάχος,

119 4467 382 4524 Hercules
411 4470 593 4539 fuerit,
623 4482 673 4527 et
701 4473 837 4543 quod
864 4474 1038 4530 Liberi
1073 4476 1254 4532 Patris
1291 4479 1604 4548 sepulcrum,
1635 4494 1685 4536 et

1804 4483 1846 4530 ιν
1875 4478 2043 4531 εἴκοσι
2073 4477 2130 4530 δὲ
2174 4476 2403 4546 μάλιστα
2437 4473 2768 4528 συνίσταται.
2814 4472 2978 4541 Δῆλον
3009 4473 3064 4525 δέ
3090 4473 3234 4524 ἐστιν
3266 4472 3357 4523 εὑ-

119 4560 329 4631 reliqua
361 4566 634 4618 vetustatis
666 4567 774 4619 situ
807 4565 1016 4623 obruta.
1053 4566 1186 4623 Ecce
1212 4571 1266 4623 in
1305 4586 1360 4624 re
1395 4587 1559 4640 parva
1586 4575 1686 4628 vil-

119 4652 292 4720 lisque
316 4654 514 4708 nostris
559 4670 783 4718 annexa,
827 4672 976 4726 cujus
1007 4658 1226 4712 assidua
1265 4663 1417 4728 copia
1453 4671 1552 4724 est,
1585 4680 1688 4718 non

119 4748 333 4792 constat
360 4741 496 4794 inter
523 4752 763 4798 auctores
793 4760 812 4798 :
843 4743 955 4799 Rea:
997 4745 1268 4801 nullumne
1305 4749 1450 4804 solus
1499 4749 1688 4805 habeat

119 4830 388 4893 aculeum,
443 4833 719 4900 majestate
772 4844 978 4889 tantum
1035 4847 1277 4892 armatus
1319 4854 1338 4893 :
1372 4857 1442 4893 an
1489 4841 1688 4896 dederit

119 4937 243 4972 eum
273 4919 481 4990 quidem
506 4931 718 4987 natura,
747 4927 836 4980 sed
862 4943 1014 4981 usum
1043 4929 1156 4998 ejus
1187 4930 1271 4984 illi
1296 4939 1500 4986 tantum
1532 4951 1688 5005 nega-

118 5011 276 5064 verit.
314 5009 462 5064 Illud
491 5023 699 5068 constat
730 5017 1101 5085 imperatorem
1132 5021 1312 5074 aculeo
1341 5041 1442 5078 non
1457 5026 1555 5078 uti.
1584 5025 1688 5079 Ne-
1725 5077 1743 5097 ,

116 5106 214 5169 gat
245 5097 476 5165 Seneca,
515 5102 606 5156 lib.
653 5119 691 5168 ι,
723 5103 800 5159 De
836 5107 1132 5173 clementia,
1164 5125 1286 5181 cap.
1329 5112 1418 5177 19,
1463 5112 1689 5168 Iracun-

114 5191 378 5257 dissimte,
429 5209 491 5245 ac
525 5208 620 5260 pro
658 5197 886 5263 corporis
924 5208 1079 5267 captu
1123 5203 1526 5270 pugnacissime
1566 5214 1687 5259 sunt

114 5298 267 5352 apes,
296 5291 348 5334 et
380 5282 586 5338 aculeos
616 5287 669 5338 in
695 5287 901 5341 vulnere
929 5290 1230 5360 relinquunt
1257 5307 1278 5347 ε
1309 5291 1419 5346 Rex
1441 5295 1551 5362 ipse
1577 5297 1688 5350 sine

116 5373 308 5427 aculeo
335 5382 433 5428 est.
463 5375 700 5432 Consule
731 5378 1020 5448 Brodeum,
1065 5383 1160 5438 lib.
1193 5400 1264 5447 IV,
1294 5399 1416 5455 cap.
1456 5385 1545 5441 10.

187 5463 352 5532 Ibid.,
385 5466 480 5521 lin.
537 5468 625 5522 55.
674 5470 1011 5540 Συνάγουσι
1039 5473 1107 5526 δὲ
1150 5475 1216 5528 ἐκ
1242 5474 1380 5531 τῶν.
1432 5474 1684 5543 Basilius,

115 5555 266 5612 hom.
295 5557 329 5612 8
355 5577 367 5612 :
403 5557 506 5612 Τὸν
532 5560 629 5630 μὲν
651 5561 757 5632 γὰρ
782 5564 948 5636 κηρὸν
981 5565 1088 5618 ἀπὸ
1113 5565 1220 5619 τῶν
1245 5567 1417 5620 ἀνθῶν
1447 5571 1687 5641 φανερῶς

118 5649 462 5720 συναγείρει’
486 5651 546 5704 τὺ
570 5651 626 5705 δὲ
651 5654 790 5724 μέλι,
819 5655 916 5726 τὴν
941 5655 1250 5726 δροσοειδῶς
1282 5660 1686 5730 ὲνεσπαρμένην

117 5739 298 5794 νοτίδα
334 5741 445 5805 τοῖς
478 5741 691 5798 ἄνθεσιν
732 5747 1146 5820 ἐπισπασαμένη
1175 5748 1251 5820 τῷ
1280 5753 1527 5823 στόματι,
1558 5753 1681 5807 ταύ-

1790 4568 1926 4632 θέως
1957 4567 2018 4621 τὸ
2042 4567 2149 4622 ἀπὸ
2178 4566 2270 4620 τοῦ
2297 4565 2469 4637 χυμοῦ
2503 4566 2753 4636 μάλιστα.
2795 4562 2925 4628 Quae
2952 4564 3026 4615 ita
3057 4565 3217 4617 vertit
3246 4561 3353 4614 Pli-

1792 4659 1944 4722 nius,
1979 4657 2073 4711 lib.
2109 4672 2184 4723 xr,
2237 4671 2355 4726 cap.
2425 4656 2493 4709 15
2526 4675 2538 4708 :
2571 4653 2668 4707 Est
2717 4662 2888 4708 autem
2932 4653 3081 4706 initio
3133 4651 3252 4714 mel,
3300 4666 3355 4705 ut

1790 4765 1950 4820 aqua,
1980 4749 2224 4809 dilutum,
2257 4757 2305 4802 et
2344 4748 2528 4816 primis
2582 4747 2764 4801 diebus
2809 4749 2987 4816 fervet,
3014 4755 3072 4798 ut
3102 4756 3351 4807 mustum,

1789 4857 1941 4911 seque
1967 4849 2188 4908 purgat:
2214 4840 2450 4892 vicesimo
2478 4838 2561 4892 die
2585 4841 2894 4902 crassescit;
2930 4852 3052 4890 mea:
3080 4837 3355 4892 obducitur

1792 4931 1934 4984 tenui
1985 4928 2312 4995 membrana,
2353 4946 2468 5000 quw
2507 4929 2723 4998 fervoris
2781 4931 2946 4998 ipsius
2993 4945 3180 4999 spuma
3231 4946 3354 4984 con-

1789 5022 1993 5076 crescit.
3148 5035 3151 5040 '

1858 5112 2023 5176 lbid.,
2049 5113 2145 5170 lin.
2190 5113 2279 5170 59.
2302 5111 2526 5182 ’Σοφῶς
2566 5113 2634 5165 δὲ
2664 5113 2758 5166 καὶ
2791 5112 2919 5178 τάς.
2967 5112 3040 5168 De
3067 5113 3192 5166 1100'
3213 5111 3355 5165 miro

1789 5206 1970 5274 apium
2002 5206 2234 5276 artiﬁcio
2264 5208 2318 5262 in
2352 5207 2489 5262 favis
2531 5205 2913 5262 construendis
2947 5205 3168 5262 consule
3197 5204 3354 5260 Basi-

1790 5298 1944 5361 lium,
1992 5298 2136 5353 hom.
2187 5299 2256 5364 8;
2304 5299 2684 5362 Aristotelem,
2733 5298 2828 5352 lib.
2883 5314 2960 5363 ιι,
3023 5311 3144 5365 cap.
3175 5295 3264 5358 40,
3300 5305 3354 5351 et

1791 5389 2088 5455 Elianum,
2123 5390 2201 5444 De
2245 5393 2432 5446 histor.
2471 5391 2715 5455 animal.,
2755 5390 2850 5444 lib.
2884 5407 2937 5455 v,
2978 5405 3098 5459 cap.
3135 5389 3223 5454 15,
3259 5393 3351 5460 qui

1787 5481 2207 5551 elegantissimis
2247 5483 2427 5539 verbis
2472 5481 2793 5538 industriam
2838 5483 2977 5535 hanc
3010 5497 3351 5552 prosequuiu

1790 5582 1893 5626 tur.

1859 5662 2016 5727 lbid.,
2043 5665 2138 5718 lin.
2177 5664 2264 5722 45.
2297 5667 2364 5718 Al
2403 5663 2470 5721 es
2505 5664 2738 5733 ἀκρίδες
2771 5665 2880 5719 ἐνί.
2921 5665 3174 5727 Basilius,
3206 5664 3351 5717 hom.

1791 5755 1823 5808 8
1850 5774 1862 5808 :
1891 5755 2013 5819 Πῶς
2042 5773 2121 5810 σοι
2166 5757 2263 5820 τὰς
2310 5755 2543 5827 φοϐερὰς
2596 5759 2973 5829 ἐπιστρατείας
3004 5760 3106 5829 τῆς.
3139 5757 3359 5827 ἀκρίδας
