3810 6168
449 344 553 398 919

1779 319 2026 380 LEONIS
2060 315 2333 375 ALLATII

3580 301 3693 358 920

445 461 792 534 διηγήσομαι,
826 459 861 530 ἢ
886 458 974 528 ὑφ’
1005 455 1086 510 ἑνὶ
1117 453 1417 524 συνθήματι
1453 452 1602 505 πᾶσα
1645 448 1892 520 ἀρθεῖσα,
1927 446 2007 501 καί

2129 450 2320 515 praeter
2342 440 2603 497 rationem
2638 445 2765 495 sunt
2784 450 2907 508 quae
2948 431 3285 490 Democritus
3326 429 3471 501 apud
3521 430 3693 534 colle-

446 551 1019 627 στρατοπεδευσαμένη
1057 547 1198 601 κατά
1235 545 1297 599 τὸ
1336 544 1536 606 πλάτος
1571 543 1669 613 τῆς
1704 541 1908 614 χώρας,
1952 541 2013 595 οὐ

446 647 711 719 πρότερον
739 643 966 697 ἅπτεται
997 638 1106 693 τῶν
1143 634 1372 708 καρπῶν
1408 635 1541 706 πρὶν
1566 632 1838 703 ὲνδοθῆναι
1878 634 2013 703 αὐτῇ

446 741 507 793 τὸ
530 738 672 790 θεῖον
704 733 1056 805 πρόσταγμας
1094 728 1219 791 Πῶς
1245 729 1279 798 ἡ
1313 726 1556 789 σελευκὶς
1585 724 1843 792 ἐφέπεται
1880 723 2017 794 ἴαμα

444 830 546 900 τῆς
576 825 792 898 πληγῆς
822 822 1123 894 ἀπέραντον
1151 819 1349 890 ἔχουσα
1377 817 1471 871 τοῦ
1500 816 1700 870 ἐσθίειν
1726 815 1823 885 τὴν
1851 813 2015 868 δύνα-

448 937 562 989 μιν,
607 915 702 971 τοῦ
750 912 1126 985 φιλανθρώπου
1150 908 1306 964 νΘεοῦ
1359 908 1653 979 ἀκόρεστον
1696 907 1868 977 αὐτῆς
1913 906 2015 977 τὴν

445 1008 607 1077 φύσιν
649 1008 736 1060 ἐπ’
769 1002 1056 1076 εὐεργεσίᾳ
1080 1001 1188 1055 τῶν
1233 999 1536 1072 ἀνθρώπων
1574 998 2013 1053 κατασκευάσαν-

442 1117 554 1163 τος.
595 1098 824 1162 Plinius,
866 1097 958 1151 lib.
1003 1110 1064 1158 ιι,
1098 1108 1218 1164 cap.
1261 1092 1353 1157 29,
1399 1092 1455 1146 in
1490 1106 1598 1162 quo
1642 1091 1736 1145 irae
1787 1090 2012 1145 deorum

446 1201 650 1261 pestem
675 1204 770 1246 cas
806 1197 1106 1259 nuncupat,
1149 1200 1244 1241 eas
1285 1199 1498 1240 summe
1532 1185 1725 1238 noxias
1765 1182 2012 1254 frugibus

445 1297 584 1353 quas
607 1282 843 1337 exedunt
867 1292 922 1335 et
945 1278 1182 1350 perdunt
1208 1276 1275 1332 ad
1304 1274 1749 1340 internecionem,
1773 1274 2013 1329 maximo

446 1371 757 1425 mortalium
785 1369 1129 1425 incommodo
1170 1367 1457 1423 universus
1490 1366 1641 1422 orbis
1686 1364 2011 1436 quandoque

445 1463 742 1533 experitur.
782 1460 889 1517 Eas
919 1462 995 1515 ita
1029 1458 1321 1529 descripsit
1347 1456 1681 1514 Claudianus
1709 1473 1723 1509 :

521 1574 715 1629 Horret
747 1589 877 1642 apex
906 1575 1116 1641 capitis,
1145 1572 1313 1626 medio
1344 1572 1459 1641 fera
1493 1570 1695 1625 lumina
1720 1579 1941 1642 surgunt

524 1646 724 1699 Venice
751 1652 1004 1714 cognatus
1042 1642 1198 1697 dorso
1230 1642 1460 1714 durescit
1488 1643 1709 1714 amictus
1745 1656 1765 1695 :

517 1716 753 1768 Armavit
786 1712 980 1768 natura
1006 1722 1196 1783 cutem,
1225 1712 1469 1783 dumique
1498 1712 1735 1783 rubentes

516 1783 831 1853 Cuspidibus
856 1784 1028 1852 paruis
1056 1782 1234 1836 multis
1265 1798 1448 1837 acuere
1476 1782 1709 1836 rubores.

516 1918 677 1985 ιδιά..
732 1918 831 1972 lin.
873 1916 965 1972 49.
1022 1916 1344 1971 Μετέπειτα
1388 1915 1457 1969 δὲ
1506 1916 1729 1982 αὐτοῖς.
1781 1914 2010 1981 Plinius,

445 2011 542 2066 lib.
570 2026 623 2074 ι,
656 2010 821 2080 capit.
846 2008 915 2062 ‘27
943 2029 957 2064 :
988 2007 1281 2064 Seleucides
1327 2024 1447 2063 aves
1490 2016 1760 2072 vocantur,
1789 2024 2015 2078 quorum

444 2102 722 2156 adventum
763 2119 796 2155 a
843 2099 972 2156 Jove
1029 2101 1265 2171 precibus
1318 2101 1599 2171 impetrant
1651 2098 1779 2156 Casi
1818 2102 2012 2156 montis

443 2194 631 2249 incola:
664 2192 838 2263 fruges
885 2208 1066 2246 eorum
1094 2192 1312 2251 locustis
1344 2191 1694 2248 vastantibus.
1730 2189 1841 2247 Nec
1877 2191 2014 2246 unde

443 2285 672 2348 ueniant,
702 2298 862 2352 quove
890 2281 1080 2337 abeant
1106 2289 1446 2351 compertum,
1491 2296 1758 2351 nunquam
1798 2296 2014 2349 conspe-

442 2377 564 2439 ctis,
598 2376 701 2429 nisi
727 2391 844 2428 cum
868 2374 1115 2443 prtesidio
1141 2390 1321 2428 earum
1339 2373 1619 2443 indigetur.
1646 2372 1882 2430 Galenus
1916 2388 2036 2430 eaS'

443 2465 629 2536 ὀρνεον
650 2463 769 2518 εἶπε
790 2464 884 2517 καὶ
910 2463 1223 2537 ἀκόρεστον,
1250 2462 1343 2516 καὶ
1368 2462 1692 2535 πανοῦργον,
1721 2468 1774 2518 et
1803 2462 1900 2518 lib.
1933 2477 2008 2529 γι,

442 2573 563 2628 cap.
589 2557 649 2620 ὅ,
675 2556 743 2611 de
772 2557 874 2612 loc.
908 2555 1088 2609 affect.
1129 2554 1383 2610 Aviculas
1423 2568 1561 2626 quas
1602 2562 1877 2611 nostrates
1908 2554 2010 2608 Se-

442 2645 683 2701 leucldas
712 2653 928 2712 vocant,
951 2645 1153 2716 jugiter
1185 2646 1425 2702 locustas
1467 2646 1656 2712 edunt,
1682 2660 1886 2716 easque
1912 2650 2011 2701 ‘ce-

440 2736 627 2792 leriter
653 2745 973 2793 excernunt.
1010 2734 1207 2792 Eadem
1242 2752 1362 2806 quae
1391 2744 1447 2792 et
1474 2746 1663 2792 noster
1691 2735 2008 2792 Eustathius

440 2826 606 2882 habet
650 2826 992 2888 Ambrosius,
1021 2826 1115 2881 lib.
1150 2843 1183 2878 v
1214 2824 1551 2891 Hexaemer.,
1595 2841 1716 2898 cap.
1749 2826 1843 2883 25.
1874 2826 2009 2883 Vide

440 2925 697 2988 praeterea
730 2917 1040 2974 Conradum
1068 2916 1389 2982 Gesncrum,
1444 2918 1535 2972 lib.
1568 2933 1628 2972 ιιι
1672 2918 1750 2973 De
1790 2917 2009 2982 avibus;

439 3011 735 3065 Antonium
789 3008 1124 3076 Calatinum,
1173 3006 1247 3063 De
1293 3010 1400 3062 situ
1447 3007 1713 3080 Iapygiaa;
1748 3008 2007 3065 Zosinum

2116 545 2322 592 ctorem
2354 532 2702 601 Geoponicon,
2733 529 2829 584 lib.
2863 542 2980 593 xm,
3009 526 3193 590 refert,
3235 533 3290 580 et
3328 524 3396 579 ad
3441 538 3545 579 eas
3578 522 3690 592 jam

2113 624 2387 679 irruentes
2409 618 2799 691 impediendas,
2820 616 2926 681 vel,
2956 616 3003 671 si
3025 615 3360 686 irrepserint,
3390 613 3693 669 absumen-

2116 714 2239 778 das,
2265 720 2395 770 sunt
2418 711 2564 769 enim
2602 717 2657 766 et
2684 716 2891 764 natura:
2920 721 3103 763 rerum
3131 713 3525 769 consentanea,
3552 706 3693 758 mule

2115 807 2298 875 tisque
2346 801 2733 874 experimentis
2771 798 3142 869 comprobata.
3187 796 3263 855 De
3308 796 3522 869 quibus
3566 795 3691 850 alibi

2114 894 2494 967 opportunius.

2183 984 2342 1050 lhid.,
2364 985 2462 1040 lin.
2492 980 2748 1055 52ηνΤὴν
2771 978 3006 1053 πολαῦκὰ
3034 993 3201 1049 φασι.
3230 977 3493 1042 Basilius,
3540 976 3688 1031 hom.

2112 1076 2193 1132 8:
2232 1076 2343 1130 Καὶ
2389 1073 2497 1147 γὰρ
2548 1073 2760 1145 ἐκείνης
2803 1073 2839 1143 ἡ
2889 1070 3013 1141 δψις
3059 1068 3250 1134 νυκτός
3290 1070 3390 1141 μὲν
3425 1069 3689 1140 ἔρρωται,

2112 1169 2270 1240 ἡλίου
2299 1168 2356 1221 δὲ
2384 1166 2694 1238 λάμψαντος
2719 1163 3077 1237 ἀμαυροῦται.
3109 1159 3337 1234 Ideoque
3364 1168 3543 1216 noctu
3572 1175 3692 1216 eam

2111 1262 2297 1332 vagari
2332 1262 2496 1317 refert
2537 1260 2881 1325 Aristoteles,
2910 1257 2990 1314 De
3007 1259 3194 1316 histor.
3227 1259 3476 1323 (Πύθιαι,
3512 1254 3614 1311 lib.
3648 1270 3691 1318 ι,

2110 1370 2232 1425 cap.
2268 1353 2318 1418 l,
2371 1362 2427 1409 et
2470 1353 2566 1408 lib.
2603 1367 2680 1418 ix,
2732 1367 2854 1422 cap.
2880 1351 2970 1415 54,
3010 1352 3085 1406 ait
3144 1358 3392 1417 noctuas,
3431 1349 3692 1413 viciniae,

2109 1456 2166 1505 et
2205 1447 2417 1518 reliqua
2465 1460 2586 1516 quae
2627 1444 2864 1501 interdiu
2916 1457 3137 1499 cernere
3171 1449 3466 1513 nequeunt,
3522 1452 3693 1498 noctu

2109 1538 2362 1596 venando
2411 1537 2595 1593 cibum
2640 1535 2743 1593 sibi
2800 1536 3099 1605 acquirere.
3145 1533 3341 1592 Verum
3400 1550 3521 1590 non
3577 1542 3696 1590 tota

2109 1639 2272 1690 nocte
2304 1630 2358 1686 id
2387 1629 2588 1691 facere,
2612 1627 2706 1683 sed
2752 1625 3087 1697 vespertino,
3114 1631 3169 1681 et
3208 1625 3495 1680 matutino.
3528 1624 3694 1695 Apud

2114 1721 2368 1776 Photium
2398 1719 2457 1774 in
2484 1714 3113 1778 Bibliotheca,Antonius
3133 1712 3394 1783 Diogenes
3415 1715 3471 1768 in
3508 1711 3701 1769 Incre-

2036 1788 2082 1844 Β
2114 1810 2362 1867 dibilium
2385 1807 2539 1872 libris
2559 1807 2626 1862 de
2651 1803 3027 1861 insula’Thule
3053 1804 3294 1859 meminit
3308 1802 3572 1866 civitatis,
3596 1818 3702 1859 cu.

2109 1906 2202 1977 jus
2223 1903 2417 1959 incolaa
2441 1907 2603 1955 noctu
2628 1896 2845 1967 quidem
2868 1895 3071 1961 vident,
3095 1893 3329 1949 interdiu
3365 1895 3698 1949 carentium.

2184 1995 2346 2059 lbid.,
2386 2009 2440 2064 p.
2474 1991 2563 2047 54.
2604 1990 2805 2047 Ἠνίκα
2839 1988 2892 2043 δ’
2929 1992 2991 2044 al
3031 1988 3387 2058 νυκτερίδες.
3421 1988 3697 2057 Basilius,

2111 2089 2264 2144 hom.
2288 2086 2321 2142 8
2351 2105 2365 2142 :
2398 2084 2524 2149 Πῶς
2553 2084 2852 2155 τετράπους
2905 2082 2966 2136 τὸ
3004 2082 3134 2136 αὐτὸ
3179 2082 3272 2136 καὶ
3309 2081 3509 2153 πτηνὸν
3538 2084 3575 2154 ἡ
3601 2100 3703 2137 νυ-

2112 2181 2318 2252 κτερὶς,
2354 2178 2470 2242 πῶς
2499 2176 2634 2249 μόνη
2659 2175 2768 2229 τῶν
2791 2173 3019 2246 ὀρνίθων
3055 2172 3231 2228 ὀδοῦσι
3266 2173 3554 2246 κέχρηται,
3592 2178 3699 2230 καὶ

2112 2272 2369 2340 ζωοτοκεῖ
2401 2271 2499 2342 μὲν
2526 2270 2602 2333 ὡς
2624 2267 2953 2340 τετράποδα.
2987 2266 3304 2331 ἐπιπολάζει
3340 2267 3400 2323 δὲ
3435 2268 3521 2339 τῷ
3560 2269 3695 2341 ἀέρι

2111 2365 2232 2436 οὐχὶ
2265 2363 2451 2434 πτέρῳ
2482 2359 2872 2430 κουφιζομένη,
2897 2358 3013 2414 ἀλλ’
3040 2358 3198 2430 ὑμένι
3223 2358 3327 2414 τινὶ
3351 2358 3691 2431 δερματίικρ.

2111 2456 2237 2520 Πῶς
2263 2455 2444 2526 μέντοι
2465 2449 2738 2506 καὶτοῦτο
2765 2449 2878 2521 εχει
2898 2467 2952 2503 τι
2977 2449 3291 2522 φιλάλληλον
3310 2451 3367 2504 ἐν
3395 2453 3458 2522 τῇ
3489 2450 3695 2520 φύσει·

2110 2546 2207 2600 καὶ
2232 2546 2343 2616 γὰρ
2372 2544 2561 2615 ὥσπερ
2586 2541 2826 2614 ὀρμαθὺς
2860 2541 3097 2613 ἀλλήλων
3123 2544 3180 2597 αἱ
3205 2543 3511 2613 νυκτερίδες
3542 2545 3698 2614 ἕχον-

2110 2654 2220 2700 ται,
2243 2636 2339 2689 καὶ
2369 2634 2468 2705 μία
2491 2637 2591 2706 τῆς
2627 2635 2758 2705 μιᾶς
2787 2634 3076 2706 ἧρτηνται’
3120 2636 3257 2707 ὅπερ
3284 2634 3364 2704 ἐφ’
3393 2634 3560 2705 ἡμῶν
3582 2637 3699 2691 τῶν

2110 2723 2409 2798 ἀνθρώπων
2437 2723 2498 2778 οὐ
2529 2725 2708 2796 ῥᾴδιον
2729 2724 3153 2797 κατορθωθῆναι.
3182 2725 3248 2780 Ει
3269 2735 3393 2782 ante
3427 2727 3537 2784 bos
3571 2728 3693 2785 Ho-

2108 2831 2314 2884 merus,
2348 2818 2444 2875 lib.
2480 2818 2671 2895 ultimo
2701 2817 2991 2889 Odyssea:

2313 2931 2411 2986 ὅτε
2434 2936 2777 3007 νυκτερίδες
2795 2936 2969 3007 μυχῷ
3000 2937 3216 3006 ἄντρου
3244 2937 3593 2992 θεσπεσίοιο

2118 2998 2418 3077 [olfactui
2440 2998 2771 3077 ᾳτοτέὁνται,
2794 2998 2923 3062 ἓπέί
2937 2998 3025 3061 ’κέ
3044 2998 3135 3075 te}
3159 3008 3553 3077 ἀποπέσῃσιν

438 3099 691 3155 comitem
717 3140 733 3168 ,
781 3098 920 3155 Hist.
971 3099 1066 3154 lib.
1111 3069 1174 3167 ἰς
1222 3097 1489 3155 Diodorus
1513 3069 1819 3155 'iarsensis
1866 3099 2007 3172 apud

2129 3069 2401 3140 Ὀρμαθοῦ
2425 3074 2491 3128 ἐκ
2522 3069 2764 3146 πέτρης,
2796 3079 2913 3134 ἀνά
2946 3079 2994 3132 τ’
3040 3069 3695 3149 ἀλλήλῃσινᾟχωτω.

439 3190 691 3247 Photium
735 3192 810 3246 ita
844 3192 942 3247 has
968 3205 1095 3247 aves
1126 3190 1354 3246 locustis
1392 3205 1514 3247 esse
1541 3190 1794 3247 inimicas
1823 3191 2007 3260 tradit,

438 3293 500 3338 ut
524 3283 610 3340 vel
637 3284 830 3339 umbra
865 3284 981 3341 sola
1024 3299 1120 3340 eas
1156 3284 1473 3339 interimant
1502 3300 1515 3337 :
1550 3284 1660 3337 Καὶ
1695 3285 1728 3355 ἡ
1767 3283 2010 3348 σελευκὶς

435 3378 497 3431 τὸ
518 3377 717 3450 πτηνὸν
738 3377 911 3442 οὕτως
929 3377 1074 3431 ἐστὶν
1103 3376 1318 3449 ἀκρίσιν
1335 3375 1593 3449 ὀλέθριον,
1611 3375 1750 3430 ὥστε
1770 3376 1864 3430 καὶ
1886 3377 2007 3430 ὅσαι

438 3468 503 3524 ἂν
529 3472 597 3542 τῇ
620 3470 748 3540 σκιᾷ
767 3469 971 3539 ταύτης
1000 3466 1428 3537 καταλειφθεῖεν,
1460 3467 1790 3539 φθείρονται.
1809 3465 1877 3520 Ει
1906 3466 2010 3522 hoc

438 3561 692 3631 precibus
718 3577 751 3616 a
780 3559 892 3617 Deo
924 3560 1203 3631 impetrari
1230 3568 1462 3624 tantum,
1493 3567 1552 3614 ut
1588 3559 1837 3613 immense
1863 3559 2007 3613 mul-

436 3649 688 3706 titudinis
744 3650 1030 3707 voracitati
1086 3649 1261 3720 possit
1310 3648 1548 3713 occurri,
1596 3647 1759 3703 etiam
1796 3647 2007 3705 Plinius

438 3743 601 3799 homo
649 3741 904 3797 ethnicus
954 3740 1162 3797 videtur
1210 3742 1456 3797 innuere.
1510 3738 1709 3795 Earum
1771 3752 2008 3810 namque

439 3834 731 3890 adventum
778 3833 881 3890 soli
919 3832 1028 3888 Deo
1059 3833 1117 3888 in
1148 3839 1299 3887 tanta
1349 3832 1571 3888 miseria
1623 3830 2003 3888 ascribendum

437 3912 550 3979 non
570 3925 747 3980 solum
780 3922 1096 3980 Eustathius
1126 3931 1313 3979 noster
1333 3923 1608 3993 praedicat,
1636 3922 1728 3977 sed
1756 3921 2002 3991 quilibet,

435 4014 534 4085 qui
560 4015 899 4070 locustarum
927 4028 1126 4068 noxam
1157 4055 1173 4081 ,
1198 4021 1271 4077 et,
1305 4020 1362 4068 ut
1397 4013 1475 4067 ita
1506 4013 1706 4078 dicam,
1735 4026 2003 4067 venenum

436 4105 621 4161 omnia
642 4104 891 4161 inliciens
930 4120 1168 4176 unquam
1210 4104 1363 4169 vidit,
1397 4105 1642 4161 censebit
1667 4103 2000 4159 necessario.

439 4196 612 4253 Habet
637 4204 819 4252 tamen
843 4204 899 4253 et
925 4196 1160 4251 humana
1188 4205 1401 4264 natura,
1427 4196 1676 4266 quamvis
1704 4193 2003 4264 saepissime

438 4287 676 4353 fallatur,
706 4302 834 4345 suas
861 4288 1027 4353 vires,
1057 4294 1111 4342 et
1137 4297 1199 4342 ut
1227 4288 1303 4342 ita
1326 4287 1526 4351 dicam,
1551 4286 1850 4350 solertiam,
1878 4287 2004 4355 qui-

435 4381 539 4436 bus
565 4377 829 4450 quidquid
868 4377 1090 4433 infestat
1120 4392 1152 4433 a
1183 4394 1242 4434 se
1272 4379 1544 4450 propellit,
1572 4387 1628 4434 et
1671 4379 1739 4434 ab
1777 4377 2000 4432 inimico

2181 3180 2340 3248 lbid.,
2390 3184 2484 3239 lin.
2532 3186 2619 3242 56.
2666 3189 2864 3243 Μόνον
2904 3189 2973 3243 δὲ
3021 3188 3138 3243 τῶν
3174 3187 3474 3244 πετεινῶν.
3536 3188 3699 3245 Hunc

2110 3287 2213 3328 nec
2244 3290 2453 3332 murem
2480 3294 2623 3344 esse,
2650 3296 2754 3336 nec
2786 3283 3063 3338 volucrem
3107 3282 3320 3339 dicebat
3341 3280 3520 3337 Varro
3551 3284 3699 3354 apud

2108 3362 2391 3422 Nonium:
2434 3368 2745 3440 Vespertilio
2793 3374 2995 3429 animal
3052 3375 3259 3429 volucre
3304 3374 3530 3443 biforme
3581 3374 3701 3446 (alii

2109 3455 2363 3530 diforme)
2391 3459 2590 3515 dictum
2617 3464 2756 3532 quod
2783 3481 2989 3536 vespere
3012 3482 3067 3521 se
3096 3465 3165 3519 ad
3192 3466 3424 3521 volatum
3453 3466 3698 3536 proferat

2111 3550 2299 3606 noctis.
2349 3551 2476 3610 Var.
2514 3554 2786 3624 Agathone
2824 3573 2846 3611 :

2182 3663 2323 3742 Quid
2360 3669 2568 3742 multa?
2598 3669 2911 3742 iVespertilio
2940 3671 3113 3742 factus
3138 3688 3279 3736 sum,
3308 3687 3469 3740 neque

2179 3734 2247 3791 In
2280 3739 2517 3795 muribus
2549 3734 2724 3812 plane,
2755 3758 2915 3815 neque
2937 3734 2993 3797 in
3021 3734 3319 3797 volucribus
3351 3734 3487 3795 sum.

2108 3847 2176 3902 Et
2219 3851 2457 3922 Angelus
2500 3851 2806 3910 Politianus
2856 3856 2912 3910 in
2965 3855 3200 3925 quadam
3234 3854 3514 3925 epistola:
3557 3851 3702 3907 Duas

2108 3956 2199 3995 nec
2223 3957 2395 3997 mures
2422 3943 2596 4013 plane,
2625 3961 2724 3999 nec
2755 3962 2874 4000 aves
2905 3962 3108 4011 sumus,
3136 3945 3370 4015 utrisque
3393 3953 3575 3998 tamen
3604 3960 3699 3997 nos

2104 4033 2325 4103 probare
2352 4044 2633 4102 tentamus,
2657 4052 2877 4094 causam
2898 4039 3061 4108 hujus
3088 4038 3444 4093 haesitationis
3483 4037 3701 4107 optime

2104 4125 2342 4194 explicat
2381 4126 2723 4195 Aristoteles,
2782 4128 2874 4184 lib.
2919 4128 2999 4184 De
3038 4129 3276 4198 partibus
3323 4128 3513 4193 anim,
3553 4142 3687 4198 cap.

2114 4214 2201 4281 15,
2224 4231 2383 4285 quem
2406 4217 2652 4273 consule.

2172 4304 2334 4373 lbid.,
2364 4308 2459 4364 lin.
2493 4307 2581 4363 57.
2612 4306 2805 4377 Πέτρα
2834 4304 3074 4372 σκελές.
3119 4303 3329 4360 Forsan
3375 4321 3693 4375 τετρασκε-

2098 4398 2213 4465 λές,
2251 4405 2313 4454 ut
2357 4399 2496 4455 idem
2542 4399 2735 4454 innuat
2763 4398 2909 4470 quod
2950 4396 3182 4452 Basilius
3223 4396 3343 4451 loco
3372 4396 3697 4466 supradicto

352 4514 361 4521 ,
435 4484 494 4525 se
517 4475 691 4523 tutam
722 4467 989 4523 defendit.
1017 4466 1142 4523 Ideo
1173 4467 1317 4539 leges
1347 4483 1455 4523 non
1481 4477 1687 4522 tantum
1729 4467 1784 4523 in
1815 4468 1991 4523 homi-

2129 4503 2241 4543 roce
2273 4488 2594 4561 τετράπουν.
2636 4487 2768 4555 Quae
2814 4486 2958 4542 idem
2995 4492 3080 4542 est
3121 4486 3268 4556 quod
3305 4485 3491 4550 πεζόν,
3536 4498 3597 4542 et
3627 4502 3697 4542 ex

434 4574 566 4615 num
608 4558 853 4615 moribus
901 4558 1286 4622 instituendis,
1343 4558 1438 4614 sed
1486 4559 1652 4613 etiam
1700 4559 1755 4612 in
1802 4559 1908 4613 hoc
1941 4559 2010 4614 de

433 4667 543 4722 quo
590 4653 806 4723 agimus
853 4652 1168 4724 evulgavit,
1210 4661 1264 4708 et
1314 4653 1532 4708 modum
1567 4653 1903 4724 praescripsit
1949 4660 2009 4707 ut

432 4743 683 4799 videlicet
724 4744 951 4800 locustae
980 4746 1064 4798 vel
1114 4744 1304 4814 procul
1352 4751 1646 4799 arceantur
1688 4758 1758 4798 ne
1812 4743 2011 4797 irrum-

434 4842 588 4905 pent,
623 4835 711 4889 vel
766 4842 1062 4906 praesentes
1108 4834 1221 4904 jam
1272 4843 1433 4905 atque
1491 4835 1676 4890 omnia
1733 4841 2007 4889 vastantes

435 4927 744 4983 absumant.
780 4926 962 4982 Refert
995 4924 1228 4990 Plinius,
1261 4926 1354 4983 lib.
1383 4943 1460 4991 χι,
1505 4940 1626 4996 cap.
1653 4924 1724 4980 29
1756 4942 1771 4979 :
1808 4923 1874 4979 In
1903 4924 2008 4995 Cy-

433 5023 647 5078 renacia
672 5022 878 5092 regione
909 5022 1067 5091 legem
1107 5021 1270 5090 fuisse
1298 5030 1374 5074 ter
1404 5037 1540 5075 anno
1569 5037 1657 5074 eas
1687 5018 2003 5083 debellandi,

432 5116 601 5183 primo
629 5130 726 5167 oua
764 5112 1062 5177 obterendo,
1091 5112 1275 5166 deinde
1305 5112 1467 5181 fetum
1492 5153 1507 5176 ,
1557 5120 1815 5179 postremo
1844 5111 2003 5165 adul-

433 5215 513 5259 tas
539 5220 558 5258 :
603 5203 884 5259 desertoris
935 5220 1087 5272 paena
1126 5206 1181 5257 in
1231 5219 1349 5258 eum
1377 5206 1467 5274 qui
1509 5204 1803 5258 cessaverit.
1850 5201 1919 5257 Et
1950 5204 2005 5257 in

434 5294 626 5349 Lemno
671 5296 850 5349 insula
897 5306 1040 5349 certa
1084 5311 1327 5349 mensura
1372 5295 1638 5364 prie/inita
1689 5305 1788 5359 est,
1848 5311 2002 5365 quam

434 5386 628 5454 singuli
664 5394 995 5439 enecatarum
1037 5386 1103 5440 ad
1135 5388 1474 5456 magistratus
1498 5386 1746 5455 referant.
1773 5386 1838 5439 Et
1864 5385 2002 5441 infe-

436 5471 550 5525 rius
582 5488 597 5524 :
633 5471 835 5527 Necare
863 5483 912 5527 et
951 5474 1007 5527 in
1041 5473 1201 5544 Syria
1234 5475 1454 5528 militari
1480 5476 1693 5542 imperio
1722 5483 1997 5545 coguntur.

438 5559 593 5622 Quod
632 5569 685 5614 et
734 5563 787 5615 in
838 5562 1075 5617 Lucania
1125 5564 1283 5618 hodie
1324 5581 1423 5619 nec
1473 5581 1583 5619 non
1636 5564 1847 5637 Iapygia
1885 5568 2001 5637 lege

438 5674 444 5685 -
471 5660 560 5699 sse
589 5651 881 5721 sancitum,
908 5653 1035 5706 dum
1072 5655 1173 5708 hoc
1207 5655 1405 5708 malum
1438 5663 1611 5709 terras
1647 5656 1999 5726 hominesque

440 5735 681 5805 ,zil‘cstat,
712 5741 842 5794 mihi
878 5744 1103 5798 relatum
1154 5755 1256 5810 est,
1306 5757 1359 5801 et
1402 5763 1500 5818 ego
1538 5749 1841 5805 observavi.
1888 5749 1996 5804 Nec

2109 4578 2338 4634 adverso
2382 4582 2672 4650 respondet
2714 4578 2921 4650 πτηνῷ.
2969 4576 3168 4642 Herus,
3217 4577 3313 4632 lib.
3344 4593 3406 4642 ιι,
3442 4591 3572 4650 cap.
3601 4579 3692 4640 '53,

2106 4670 2251 4725 inter
2273 4685 2462 4727 omnes
2488 4670 2733 4727 volucres
2759 4670 3197 4741 vespertilionem
3222 4668 3415 4726 dentes
3437 4678 3492 4725 et
3515 4685 3697 4725 mam-

2105 4776 2224 4817 mas
2262 4761 2463 4818 habere
2489 4761 2642 4817 dicit.
2678 4751 2824 4833 Αὕτη
2850 4762 2960 4833 γὰρ
3010 4762 3144 4833 μόνη
3187 4759 3300 4814 τῶν
3344 4759 3524 4815 ἄλλων
3558 4779 3695 4833 πτη-

2105 4852 2211 4906 νῶν
2250 4852 2465 4918 ὀδόντας
2508 4852 2601 4907 καὶ
2641 4853 2883 4924 μαστοὺς
2925 4852 3057 4925 ἔχει.
3109 4851 3175 4908 Et
3199 4852 3435 4919 Plinius,
3472 4853 3577 4907 lib.
3613 4870 3689 4912 xi.

2105 4958 2223 5012 cap.
2257 4942 2328 4997 37
2354 4951 2409 4998 el.
2452 4942 2519 4998 59
2554 4963 2567 4998 :
2611 4944 2894 4998 Volucrum
2948 4944 3084 4997 nulli
3135 4942 3314 4998 dentes
3363 4955 3564 5014 prater
3608 4962 3693 5000 ee-

2105 5034 2457 5103 spertilionem
2480 5051 2498 5099 ,'
2524 5043 2578 5090 et
2610 5036 2703 5091 lib.
2742 5053 2797 5100 χ,
2834 5053 2884 5091 c.
2917 5035 3017 5091 6i:
3055 5035 3339 5090 Volucrum
3361 5038 3571 5090 animal
3595 5052 3691 5105 pe-

2103 5128 2174 5180 rit
2216 5128 2510 5197 vespertilio
2560 5138 2785 5194 tantum,
2826 5130 2913 5182 cui
2957 5138 3004 5182 et
3050 5127 3467 5182 membranacea:
3511 5130 3689 5190 pinna:

2102 5219 2214 5272 uni.
2258 5218 2460 5274 Eadem
2497 5221 2613 5275 sola
2645 5222 2912 5276 uolucrum
2947 5220 3081 5274 lacte
3123 5219 3329 5283 nutrit,
3378 5219 3548 5274 ubera
3594 5222 3691 5274 ad-

2103 5326 2334 5376 movens,
2377 5312 2605 5383 geminos
2662 5312 2844 5365 volitat
2894 5311 3137 5381 amplexa
3164 5311 3396 5381 infantes
3425 5326 3446 5365 :
3479 5327 3687 5365 secum-

2105 5419 2202 5472 que
2226 5401 2487 5472 deportat.
2521 5402 2705 5458 Eidem
2738 5405 2995 5458 coxendix
3032 5421 3137 5458 una
3166 5402 3419 5467 traditur,
3452 5411 3503 5458 et
3527 5404 3587 5457 in
3616 5404 3690 5456 ci—

2101 5496 2228 5550 batu
2272 5498 2462 5551 culices
2511 5496 2822 5567 gratissimi.
2871 5495 3131 5559 Isidorus,
3181 5494 3279 5549 lib.
3317 5510 3419 5560 xu,
3467 5510 3594 5565 cap.
3636 5494 3683 5561 7,

2103 5589 2219 5643 haec
2246 5591 2425 5643 omnia
2460 5588 2535 5641 ita
2569 5588 2887 5657 complexus
2913 5597 2998 5641 est
3036 5605 3049 5641 :
3092 5585 3402 5653 Vespertilio
3427 5601 3524 5655 pro
3561 5594 3683 5640 tem-

2097 5697 2223 5749 pore
2266 5699 2450 5738 nomen
2497 5682 2716 5752 accepit,
2752 5698 2811 5737 eo
2852 5680 2990 5753 quod
3027 5682 3193 5734 lucem
3243 5680 3451 5750 fugiens
3504 5697 3685 5751 crepu-

2103 5774 2248 5829 sculo
2277 5775 2564 5829 vespertino
2593 5772 2951 5831 circumvolat.
2984 5770 3245 5826 vrtecim'ti
3279 5778 3428 5825 rnatu
3458 5781 3601 5827 acte.
3632 5780 3679 5824 et
