3810 6168
201 309 304 368 92!

1318 316 1383 373 IN
1421 313 1793 374 EUSTATHII
1820 316 2292 377 HEXAEHEBON
2322 315 2557 377 NOTAE.-

3325 330 3431 388 99.9.

202 434 525 490 tenuissimis
580 436 913 495 brachiorum
953 441 1201 498 membris
1240 457 1492 511 suspensa
1521 457 1541 495 :
1571 436 1774 495 animal
1801 443 1847 501 Α
1876 441 1971 511 (ita
1997 441 2141 496 enim
2169 443 2408 516 corrigo)
2430 452 2580 511 sunt,
2612 459 2713 500 nec
2730 459 2960 514 usquam
2992 444 3142 501 alibi.
3164 443 3319 512 Quod
3349 450 3429 517 vel

200 529 436 582 murium
456 528 647 595 simile,
673 547 775 586 non
799 542 910 588 tam
931 550 1049 589 voce
1073 551 1321 590 resonam
1346 550 1503 603 quam
1524 533 1769 600 stridore,

200 622 367 688 specie
395 638 595 694 quoque
626 625 857 681 volatilis
902 628 1063 683 simul
1097 637 1148 684 et
1193 630 1509 699 quadrupes,
1542 627 1679 698 quod
1714 626 1771 680 in

200 713 327 768 aliis
355 714 533 770 avibus
561 720 777 785 reperiri
815 738 918 774 non
949 722 1102 776 solet.
1126 721 1259 788 Quae
1284 737 1407 776 cum
1431 720 1653 775 brachia
1678 734 1772 788 pe-

199 806 407 878 desque
438 807 654 874 habeat,
681 810 809 880 quid
848 812 1047 866 mirum
1102 812 1148 868 si
1175 811 1529 884 τετρασκελές
1575 811 1646 865 sit
1676 824 1775 864 uo-

199 906 321 953 stro
359 900 605 954 auctori?
653 902 902 971 quamvis
950 918 1118 957 unum
1183 911 1394 958 tantum
1457 901 1644 964 σκέλος
1697 901 1774 954 illi

200 992 345 1047 tradi
369 991 580 1049 Plinius
606 994 850 1050 aﬂirtnet.
882 996 939 1051 ld
971 1005 1149 1052 tamen
1176 1005 1366 1051 notum
1395 1002 1479 1051 est
1509 1009 1631 1050 esse
1656 994 1774 1049 sine

194 1100 459 1159 genuum,
499 1086 871 1143 malleolorum
901 1089 1208 1159 pedumque
1236 1087 1505 1143 articulis.
1546 1140 1561 1156 ,

272 1171 435 1239 lbid.,
468 1175 564 1229 lin.
594 1175 684 1232 59.
721 1179 787 1230 Ol
823 1177 892 1231 δὲ
928 1177 1204 1248 τέττιγες.
1244 1177 1497 1239 Basilius,
1534 1174 1682 1230 hom.
1716 1174 1770 1239 8,

201 1266 305 1330 Τίς
324 1267 353 1319 ὁ
379 1269 577 1339 τρόπος
608 1269 711 1339 τῆς
745 1271 1010 1340 μελῳδίας
1048 1269 1143 1325 τοῦ
1174 1271 1437 1338 τέττιγος.
1466 1267 1589 1332 Πῶς
1621 1270 1677 1322 ἐν
1704 1270 1770 1339 τῇ

206 1359 526 1431 μεσημϐρίᾳ
564 1360 772 1414 ἑαυτῶν
816 1363 955 1417 εἰσιν
1006 1361 1339 1434 ᾠδικώτεροι
1387 1364 1453 1433 τῇ
1503 1362 1634 1433 ὁλκῇ
1677 1362 1772 1416 τοῦ

202 1449 387 1521 ἀέρος,
414 1451 482 1521 ἢν
511 1452 568 1505 ὲν
593 1454 658 1523 τῇ
689 1452 939 1525 διαστολῇ
974 1454 1249 1507 ποιοῦνται
1280 1450 1374 1507 τοῦ
1404 1451 1650 1524 θώρακος
1678 1454 1767 1508 ὲκ·
1794 1458 1797 1463 ’

201 1538 481 1610 διδομένου
508 1539 602 1593 τοῦ
634 1540 894 1610 φθόγγου.
935 1542 1280 1606 Aristoteles,
1314 1542 1392 1596 De
1423 1542 1612 1597 histor.
1655 1543 1775 1598 ani-

205 1629 363 1695 mal.,
390 1644 510 1700 cap.
536 1630 626 1695 50,
659 1629 977 1687 Proveniant
996 1632 1141 1703 large
1173 1632 1335 1701 copia:
1365 1632 1631 1709 imbrium.

275 1719 414 1776 lbid.
455 1721 845 1789 Ἡσυχάζουσι
891 1723 960 1776 δὲ
1004 1726 1232 1791 καιρόν.
1290 1723 1629 1790 Aristoteles,
1677 1723 1771 1779 lib.

203 1829 326 1874 vm,
350 1812 431 1868 De
470 1813 658 1872 histor.
702 1817 892 1879 anim.,
928 1830 1049 1886 cap.
1082 1816 1151 1869 17
1186 1835 1199 1871 ;
1231 1814 1444 1871 Οἱεαάω
1472 1816 1561 1870 ubi
1594 1830 1776 1884 erupe-
1807 1795 1848 1849 ⁸

205 1912 360 1967 runt,
382 1903 537 1965 oleis,
572 1912 664 1957 aut
688 1904 1038 1959 arundinibus
1063 1904 1341 1959 insidunt:
1367 1914 1438 1970 et,
1463 1921 1582 1959 cum
1623 1912 1774 1975 rupto

205 1995 454 2063 operculo
474 2006 682 2061 exeunt,
715 2012 936 2066 parvum
976 1995 1230 2066 quiddam
1274 1998 1332 2050 in
1375 2014 1434 2051 eo
1482 1998 1775 2068 relinquunt

206 2086 470 2151 humoris,
514 2104 605 2143 nec
634 2088 802 2142 multo
842 2097 960 2157 post
987 2088 1185 2155 volant,
1214 2098 1264 2143 et
1294 2089 1545 2158 incipiunt
1569 2106 1771 2146 cauere.

190 2202 197 2227 ι
279 2180 402 2238 Col.
435 2183 559 2250 757,
585 2184 681 2238 lin.
717 2184 772 2238 l.
800 2184 1100 2251 Πλήττειν
1120 2183 1188 2237 δὲ
1211 2184 1311 2237 καὶ
1335 2183 1521 2252 ᾅδειν.
1540 2184 1774 2242 Causam

206 2291 384 2347 quare
433 2275 637 2333 cicada
683 2284 884 2332 canant
910 2277 1134 2347 exponit
1173 2276 1516 2343 Aristoteles,
1545 2277 1642 2332 lib.
1699 2276 1776 2331 De

192 2369 408 2440 juvent.
437 2378 488 2422 et
517 2376 706 2423 senect.
750 2367 878 2422 vita.
911 2374 961 2421 et
991 2377 1149 2423 mort.
1192 2375 1243 2421 et
1275 2367 1486 2436 respir.,
1514 2382 1651 2439 -cap.
1683 2367 1772 2422 Η.

208 2459 480 2515 Videntur
510 2459 654 2515 enim
669 2474 733 2514 ea
751 2459 964 2515 ratione
983 2460 1076 2514 illa
1098 2458 1307 2514 scilicet
1336 2459 1775 2516 membranarum

209 2552 453 2608 elatione
490 2552 766 2620 anhelare,
791 2560 846 2608 et
873 2551 1185 2623 refrigerari
1239 2552 1681 2622 quodammodo;
1723 2561 1778 2610 et

208 2644 309 2701 lib.
335 2660 390 2699 tv
424 2643 497 2699 De
523 2644 714 2699 histor.
748 2645 970 2700 animal.
1001 2684 1018 2710 ,
1048 2658 1170 2714 cap.
1200 2645 1254 2709 9,
1288 2645 1529 2701 declarat
1555 2645 1776 2701 modum

208 2737 379 2806 hujus
408 2736 550 2793 soni.
583 2737 675 2791 Ait
701 2738 847 2791 enim
887 2735 1243 2792 membranas
1267 2735 1391 2792 illas
1421 2736 1613 2806 spiritu
1635 2736 1777 2794 inte-

207 2829 344 2884 riori
395 2828 624 2892 moveri,
669 2842 779 2882 non
812 2815 1092 2892 exteriori,
1122 2825 1378 2896 illiusque
1411 2828 1639 2898 spiritus
1689 2835 1775 2884 at-

209 2919 344 2974 tritu
391 2934 584 2975 sonum
634 2918 743 2975 edi.
786 2917 867 2973 Τὰι
914 2918 1012 2990 μὲν
1055 2914 1148 2972 οὖν
1190 2916 1389 2989 ἔντομα
1433 2918 1554 2974 οὕτε
1586 2921 1773 2990 φωνεῖ,

208 3009 336 3065 οὔτε
363 3010 686 3079 διαλέγεται,
717 3009 880 3080 ψοφεῖ
915 3009 975 3063 δὲ
1010 3008 1090 3081 τῷ
1128 3008 1236 3063 ἔσω
1271 3009 1561 3081 πνεύματι,
1604 3011 1665 3064 οὐ
1697 3008 1777 3082 τῷ

208 3101 435 3174 θύραζε.
481 3100 644 3155 Οὐδὲν
692 3100 801 3171 γὰρ
848 3102 1074 3156 ἀναπνεῖ
1131 3100 1329 3169 αὐτῶν,
1385 3100 1520 3156 ἀλλὰ
1559 3101 1630 3155 τὰ
1680 3102 1778 3173 μὲν

210 3190 457 3263 βομϐεῖν,
504 3186 617 3243 οἷον
670 3189 911 3261 μέλιττα,
971 3190 1062 3244 καὶ
1115 3190 1185 3246 τὰ
1242 3190 1421 3261 πτηνὰ
1462 3190 1662 3256 αὐτῶν,
1713 3190 1781 3245 τὰ

207 3281 269 3335 δὲ
311 3281 455 3352 ᾅδειν
496 3279 732 3349 λέγεται,
767 3274 876 3334 οἷον
916 3280 965 3333 οἱ
1014 3278 1278 3348 τέττιγες.
1308 3281 1491 3334 Πάντα
1520 3279 1578 3333 δὲ
1611 3278 1782 3333 ταῦτα

208 3366 376 3437 ψοφεῖ
426 3366 502 3439 τῷ
539 3368 703 3439 ὑμήνι
746 3366 848 3421 ὑπὸ
885 3366 946 3421 τδ
983 3364 1141 3437 ζῶμα
1181 3368 1304 3422 ὅσον
1348 3367 1623 3440 διῄρητον,
1669 3363 1781 3422 οἷον

209 3458 274 3512 τὸ
313 3458 420 3513 τῶν
463 3458 721 3528 τεττίγων
783 3457 939 3527 γένος
976 3461 1044 3530 τῇ
1089 3458 1270 3530 τρίψει
1313 3458 1408 3511 τοῦ
1451 3458 1778 3530 πνεύματος.

210 3550 450 3622 Ideoque
511 3549 581 3606 ad
638 3550 742 3605 hoc
777 3557 838 3605 ut
885 3560 1085 3606 canant
1118 3566 1345 3607 necesse
1394 3558 1517 3618 est,
1573 3557 1635 3605 ut
1669 3550 1782 3608 sint

210 3642 512 3716 praecinctu
565 3642 829 3708 dividuaa,
863 3651 918 3699 et
962 3643 1066 3700 sub
1119 3650 1275 3713 septo
1316 3650 1629 3699 transverso
1667 3642 1781 3699 dis-

211 3742 424 3789 sectum
476 3748 598 3789 esse
652 3734 783 3799 illis,
828 3733 945 3790 sive
994 3733 1247 3805 majores!
1277 3734 1410 3800 sint,
1450 3733 1569 3791 sive
1598 3733 1779 3789 mino-

209 3841 327 3890 res,
362 3839 489 3880 nam
521 3839 631 3879 non
659 3823 920 3889 dividuis,
951 3830 1007 3879 et
1032 3825 1232 3895 quibus
1258 3839 1371 3880 non
1408 3834 1492 3880 est
1524 3824 1778 3889 scissum,

210 3922 383 3970 mutae
426 3923 554 3970 sunt
599 3916 842 3971 omnino.
890 3914 1064 3972 Dorso
1106 3916 1230 3972 illas
1261 3931 1523 3972 resonare
1561 3914 1782 3986 scripsit

214 4006 422 4069 Ilorus,
453 4007 546 4062 lib.
584 4022 645 4071 ιι,
675 4021 794 4077 cap.
825 4006 914 4073 55,
949 4001 1116 4072 Οὗτος
1141 4006 1249 4081 γὰρ
1278 4005 1367 4061 διὰ
1392 4006 1487 4060 τοῦ
1519 4007 1782 4078 στόματος

212 4100 279 4154 οὐ
318 4097 484 4152 λαλεῖσ
519 4098 654 4153 ἀλλὰ
694 4099 782 4152 διὰ
817 4099 917 4168 τῆς
957 4099 1168 4171 ῥάχεως
1200 4098 1570 4170 φθεγγόμενος
1613 4099 1781 4153 καλὸν

216 4190 382 4263 μέλος
403 4190 589 4244 ἀείδει.
619 4190 685 4253 Et
717 4189 989 4253 Elianus,
1021 4190 1099 4247 De
1122 4191 1309 4247 histor.
1343 4191 1587 4257 animal.,
1616 4191 1712 4246 lib.
1738 4207 1778 4257 ι,

211 4297 339 4354 cap.
383 4282 474 4343 20,
520 4282 601 4336 Τὰ
630 4283 728 4355 μὲν
756 4283 892 4338 ἄλλα
933 4282 1042 4337 τῶν
1081 4283 1313 4337 Ἰνδικῶν
1354 4282 1555 4354 ὀρνέων
1596 4282 1782 4335 εὐστοο

215 4380 333 4449 μεῖ,
379 4377 473 4431 καὶ
530 4378 596 4448 τῇ
637 4374 851 4450 γλώττῃ
903 4375 1194 4446 φθέγγεται
1246 4376 1401 4446 δίκην
1453 4373 1738 4446 ἀνθρώπου
1762 4392 1776 4405 ·

1872 537 1991 591 solo
2014 535 2216 592 ΙΕιίαηὶ
2251 539 2566 594 testimonio
2602 538 2813 594 refellet
2842 539 2967 609 quis
3002 559 3015 594 :
3056 540 3103 596 is
3127 541 3297 607 enim,
3332 541 3427 597 lib.

1873 642 1955 691 ιιι,
1977 626 2051 681 De
2076 628 2264 684 histor.
2291 630 2482 693 anim.,
2504 644 2625 700 cap.
2643 628 2734 692 35,
2759 628 2836 683 ait
2863 629 2920 684 in
2948 628 3260 686 Macedonia
3280 645 3429 693 sues,

1871 730 1924 775 et
1953 735 2127 788 genus
2157 719 2428 788 quoddam
2458 719 2769 775 cicadarum
2805 735 2927 775 esse
2968 728 3212 788 mutum;
3253 729 3307 777 et
3338 721 3432 775 ad-

1871 810 2036 865 ducta
2070 811 2280 867 ratione
2311 825 2342 864 a
2374 809 2641 867 Strabone
2695 811 2835 866 facili
2887 811 2940 865 id
2984 812 3202 881 negotio
3250 818 3433 881 posset

1873 902 2116 972 probari,
2135 918 2258 957 cum
2290 917 2353 957 ea
2375 917 2542 958 causa
2569 917 2680 957 non
2705 905 2760 958 in
2796 903 3054 973 ltheginis
3078 881 3312 967 tantum,
3336 905 3432 961 sed

1872 1000 1928 1048 et
1958 992 2015 1047 in
2048 993 2172 1049 aliis
2201 993 2364 1048 etiam
2410 994 2518 1047 vim
2565 1010 2719 1050 suam
2768 995 3028 1049 obtineat.
3071 994 3216 1062 Quin
3256 995 3433 1051 Theo-
3471 1022 3479 1044 ε

1873 1083 2159 1154 phylactus
2193 1081 2519 1149 Simocatus,
2550 1092 2745 1155 quaest.
2778 1092 2958 1139 natur.
2986 1085 3073 1149 l5,
3104 1084 3335 1139 aflirmat
3355 1087 3434 1141 ci-

1873 1174 2042 1230 cadas
2066 1190 2256 1230 omnes
2290 1174 2520 1230 feminas
2550 1186 2729 1231 mulas
2766 1193 2910 1241 esse,
2945 1192 3245 1248 earumque
3276 1178 3433 1249 frigi—

1873 1264 2096 1321 ditatem
2128 1280 2350 1320 causam
2384 1281 2506 1321 esse
2536 1266 2672 1332 vult,
2722 1267 2911 1334 Τέττιξ
2939 1263 3030 1323 οὖν
3072 1268 3259 1341 θήλεια
3296 1269 3435 1323 κατὰ

1873 1357 2009 1411 πολὺ
2060 1356 2367 1429 ψυχροτέρα
2413 1357 2508 1410 τοῦ
2542 1357 2801 1431 ἇρῤενος,
2842 1359 2935 1413 καὶ
2968 1360 3127 1430 φύσις
3164 1362 3299 1432 αὐτῇ
3338 1359 3435 1431 τὴν

1874 1448 2083 1519 σιωπὴν
2115 1449 2480 1518 ὲγκελεύεται,
2512 1450 2758 1506 ἐπίτασιν
2785 1452 3053 1508 ὲντιθεῖσα
3076 1452 3431 1525 ψυχρότητος.

1872 1541 1964 1594 Διὸ
1984 1541 2210 1606 κωτίλος
2241 1542 2418 1608 τέττιξ
2444 1544 2544 1597 οὐκ
2571 1542 2683 1597 ἔστι
2705 1543 2911 1617 θήλεια.
2940 1542 3095 1611 Quod
3114 1552 3165 1600 et
3193 1545 3261 1600 de
3288 1544 3436 1600 Seri-

1874 1632 2021 1703 phiis
2053 1635 2225 1698 ranis,
2260 1650 2381 1705 quae
2409 1643 2570 1691 mutae
2595 1645 2744 1701 sunt,
2778 1644 2970 1706 quaest.
2996 1638 3084 1703 18,
3117 1636 3301 1693 tradit.

1943 1723 2105 1789 lbid.,
2124 1725 2221 1781 lin.
2249 1726 2298 1780 7.
2331 1728 2513 1795 Ἀπερ
2542 1728 2754 1796 κοινὴν
2779 1728 2915 1797 μέν.
2939 1728 3192 1784 Omnium
3222 1730 3313 1784 illa
3334 1728 3436 1783 fuit

1877 1819 2171 1883 sententia,
2202 1819 2474 1876 hominem
2507 1836 2629 1876 esse
2674 1817 2907 1875 divisum
2956 1821 3009 1875 in
3059 1830 3239 1891 partes
3272 1822 3432 1882 duas,

1876 1924 2076 1981 corpus
2104 1918 2158 1965 et
2188 1912 2446 1977 animam,
2480 1921 2536 1967 et
2566 1913 2667 1967 hac
2706 1913 2911 1983 aliquid
2938 1913 3140 1969 habere
3175 1929 3297 1969 cum
3327 1914 3437 1971 Deo

1876 2014 2187 2064 commune,
2216 2002 2310 2058 illo
2341 2017 2465 2057 cum
2500 2003 2697 2067 brutis,
2734 2010 2789 2059 et
2819 2005 3033 2061 belluis.
3059 2003 3124 2058 Et
3144 2005 3289 2062 sicut
3313 2008 3431 2061 ani-

1875 2105 1966 2145 mo
2018 2092 2229 2148 caeteris
2281 2093 2653 2149 animantibus
2704 2095 2862 2163 longe
2908 2102 3150 2164 praestat,
3184 2095 3438 2150 animalia

1877 2181 2186 2247 arboribus,
2206 2190 2262 2239 et
2283 2183 2554 2253 virgultis,
2580 2184 2900 2254 ceterisque
2916 2199 3080 2241 sensu
3101 2186 3436 2247 carentibus,

1874 2271 2084 2326 homini
2110 2288 2177 2328 ex
2204 2274 2389 2329 animo
2418 2275 2579 2338 ratio,
2610 2274 2716 2330 illis
2744 2290 2940 2331 sensus
2975 2290 3041 2330 ex
3071 2290 3299 2346 corpore
3323 2294 3339 2332 :
3362 2277 3437 2331 ita

1876 2374 2058 2421 tamen
2103 2373 2163 2421 ut
2192 2373 2247 2422 et
2283 2366 2494 2422 homini
2542 2368 2620 2421 uti
2672 2369 2920 2437 corporis
2953 2370 3192 2438 compoti
3241 2384 3437 2425 sensus

1875 2473 1985 2513 non
2013 2458 2331 2529 denegetur.
2372 2457 2603 2514 Interest
2648 2469 2828 2514 autem
2880 2458 3025 2514 inter
3073 2458 3349 2515 hominem
3383 2470 3438 2515 et

1874 2546 2112 2605 belluam
2162 2550 2299 2605 illud
2345 2550 2603 2615 maxime,
2629 2551 2778 2621 quod
2832 2550 3012 2607 bellua
3064 2552 3112 2609 si
3169 2559 3436 2617 movetur,

1877 2656 2044 2697 sensu
2076 2650 2324 2698 movetur
2357 2649 2591 2707 tantum,
2615 2649 2671 2699 et
2697 2642 2766 2696 ad
2791 2659 3034 2713 praesens
3062 2642 3253 2707 fertur,
3272 2644 3438 2699 nihil-

1875 2746 1984 2802 que
2026 2741 2219 2803 pratter
2254 2732 2585 2803 voluptatem
2619 2732 2807 2795 sentit,
2838 2733 2903 2788 ad
2934 2747 3160 2803 eamque
3192 2740 3305 2787 toto
3332 2733 3440 2786 im-

1874 2831 2003 2894 petu
2049 2824 2295 2894 rapitur;
2324 2824 2509 2887 homo,
2565 2838 2690 2878 cum
2744 2824 2817 2879 sit
2861 2822 3090 2879 rationis
3147 2821 3436 2892 particeps,

1877 2916 2041 2971 etiam
2073 2915 2204 2970 dum
2244 2913 2432 2979 sentit,
2462 2915 2711 2984 quamvis
2766 2930 2935 2972 sensu
2988 2914 3238 2975 ducatur,
3266 2913 3441 2967 elevat

1879 3025 1936 3066 se
1957 3016 2141 3064 tamen
2172 3006 2240 3063 ad
2270 3007 2464 3079 altiora
2491 3004 2913 3071 consideranda,
2947 3011 3002 3060 et
3028 3004 3215 3059 divina
3242 3001 3441 3058 intelli-

1805 3124 1848 3184 α
1880 3097 2077 3169 genda,
2105 3105 2159 3152 et
2188 3096 2245 3152 in
2274 3098 2554 3169 proprium
2586 3110 2747 3152 usum
2781 3110 2891 3149 non
2932 3110 3097 3151 sensu
3126 3102 3306 3160 actus,
3345 3093 3441 3150 sed

1881 3188 2095 3243 ratione
2124 3188 2309 3244 omnia
2340 3187 2738 3243 accommodat.
2768 3185 2949 3252 Quare
2974 3185 3139 3240 etiam
3162 3192 3216 3239 et
3245 3198 3442 3240 causas

1878 3293 2063 3335 rerum
2093 3286 2147 3335 et
2179 3280 2596 3336 consecutiones
2624 3278 2808 3343 videt,
2840 3290 3136 3346 earumque
3185 3291 3441 3347 progres-

1880 3386 1977 3427 sus
2004 3385 2113 3425 non
2146 3369 2383 3440 ignorat.
2412 3368 2783 3439 Utrorumque
2813 3376 2995 3424 tamen
3041 3382 3239 3423 sensus
3270 3368 3324 3420 in
3350 3380 3442 3420 ea-

1880 3461 2002 3516 dem
2032 3459 2204 3515 fertur
2218 3460 2430 3532 objecta
2451 3468 2504 3517 et
2524 3460 2640 3531 pari
2667 3459 2877 3514 ratione
2904 3458 2970 3514 ab
2986 3457 3093 3513 illis
3116 3458 3441 3512 commutari

1878 3549 2230 3608 manifestum
2278 3560 2383 3617 est,
2423 3550 2686 3622 quidquid
2708 3550 2855 3604 dicat
2875 3547 3232 3604 Jamblichus.
3253 3547 3442 3621 Neque

1877 3643 2121 3714 negarim
2147 3642 2203 3698 in
2227 3642 2501 3714 aliquibus
2524 3643 2593 3696 ab
2621 3641 2935 3697 hominibus
2962 3640 3194 3703 belluas,
3222 3640 3276 3695 in
3318 3639 3463 3694 aliis-

1879 3734 2128 3791 homines
2162 3750 2195 3790 a
2224 3735 2419 3791 belluis
2444 3734 2710 3805 superari,
2741 3748 2862 3804 quae
2885 3739 2969 3788 est
2992 3732 3298 3787 communis
3316 3732 3440 3803 opi—

1877 3825 1992 3885 nio,
2028 3831 2083 3880 et
2109 3823 2472 3879 Aristotelicas
2505 3822 2770 3885 doctrinae
2805 3822 2979 3893 magis
3010 3821 3439 3877 accommodata.

1882 3912 1991 3970 Sed
2027 3915 2144 3969 haec
2175 3914 2401 3970 alterius
2431 3920 2559 3973 sunt
2581 3913 2801 3984 negotii.
2842 3911 2987 3969 Satis
3019 3911 3091 3968 sit
3121 3911 3277 3979 illud,
3310 3926 3443 3968 con-

1879 4014 2027 4063 stare
2078 4005 2354 4061 hominem
2405 4004 2608 4071 animo,
2639 4004 2743 4059 hoc
2778 4011 2862 4060 est
2909 4003 3136 4060 rationis
3193 4012 3445 4073 compote

1877 4097 2001 4153 aliis
2050 4095 2419 4151 animantibus
2464 4109 2588 4151 esse
2613 4096 3067 4166 prteStantiorem,
3093 4101 3149 4151 et
3169 4110 3235 4151 eo
3266 4095 3442 4152 solum

1881 4189 1950 4246 ab
1975 4189 2083 4245 illis
2113 4187 2394 4259 distingui.
2443 4186 2625 4254 Quare
2654 4187 2850 4257 saepius
2872 4201 2983 4241 uno
3005 4200 3218 4242 mecum
3252 4196 3444 4256 reputo

1878 4281 2206 4337 Sallustiana
2229 4280 2319 4334 illa
2335 4294 2460 4335 vere
2474 4293 2637 4334 aurea
2649 4277 2704 4332 in
2728 4277 2994 4349 prommio
3026 4277 3103 4332 De
3121 4275 3443 4347 conjuratio-

1878 4388 1941 4426 ne
1969 4369 2236 4438 Catilinas,
2262 4383 2382 4439 quae
2425 4367 2593 4424 veluti
2631 4367 3148 4424 commentariorum
3188 4365 3319 4419 huic
3346 4380 3445 4419 no-

210 4470 266 4524 οί
313 4468 371 4523 δὲ
414 4456 655 4537 τέττιγες
705 4466 845 4522 κατὰ
900 4466 996 4539 τὴν
1030 4466 1144 4532 ίξύν
1193 4468 1300 4520 είσι
1353 4465 1681 4519 λαλίστατοι.
1715 4464 1777 4520 Et

1883 4473 1999 4522 stro
2029 4464 2238 4519 auctori
2266 4463 2440 4518 lucem
2473 4460 2667 4517 afferre
2693 4470 2961 4533 possunt:
2991 4458 3184 4515 Omnes
3212 4457 3445 4513 homines

214 4566 346 4617 ante
400 4559 677 4615 1Elianum
731 4559 1085 4624 Aristoteles,
1148 4557 1226 4613 De
1283 4558 1471 4613 histor.
1533 4556 1779 4621 animal.,

213 4655 314 4710 lib.
346 4669 421 4721 tv,
444 4669 567 4724 cap.
588 4652 621 4707 ‘l
650 4670 665 4708 :
698 4649 901 4709 Cicada
929 4653 1066 4707 inter
1093 4650 1224 4716 haec,
1261 4660 1309 4706 et
1344 4652 1555 4706 omnino
1581 4651 1637 4704 in
1666 4650 1784 4704 ani-

213 4744 444 4801 malium
488 4757 670 4816 genere
709 4761 819 4799 una
869 4760 958 4798 ore
1001 4751 1188 4798 caret:
1224 4742 1490 4812 prolixum
1531 4740 1784 4813 quiddam

215 4846 570 4908 campactum,
597 4835 980 4907 indivisumque
1025 4836 1179 4906 gerit.
1204 4834 1376 4889 simile
1409 4835 1484 4888 eis
1512 4833 1650 4906 quod
1680 4834 1785 4889 lin-

213 4946 337 5002 gua
356 4930 577 5000 speciem
601 4929 791 5000 refert;
816 4930 871 4983 in
898 4929 964 4982 iis
988 4927 1175 5000 quibus
1207 4926 1419 4983 aculeus
1440 4927 1497 4980 in
1528 4943 1617 4981 ore
1646 4941 1665 4980 :
1694 4943 1783 4981 eoo

212 5039 316 5092 que
334 5023 447 5091 ipso
477 5038 649 5077 rorem
670 5022 881 5085 haurit,
905 5020 1214 5075 alimentum
1235 5036 1397 5074 unum
1423 5026 1473 5073 et
1498 5019 1779 5088 peculiare.

214 5113 296 5170 De
348 5102 665 5168 cicadarum
706 5110 1074 5183 Rbeginarum
1108 5111 1327 5167 silentio
1372 5111 1545 5166 multa
1588 5109 1783 5167 Strabo

217 5202 561 5275 Geoyraphia:
582 5203 679 5258 lib.
699 5218 791 5268 vt;
822 5202 1060 5265 Solinus,
1086 5216 1205 5272 cap.
1230 5202 1283 5267 8,
1307 5202 1374 5258 de
1411 5202 1627 5259 silentio
1651 5216 1782 5257 con-

214 5297 389 5363 venit,
415 5297 485 5354 de
515 5311 687 5360 causa
718 5295 987 5353 dissentit.
1014 5293 1080 5349 Et
1107 5308 1175 5351 ex
1205 5292 1408 5349 Granio
1436 5294 1503 5348 ad
1547 5293 1780 5357 fabulas,

213 5395 271 5443 et
305 5393 588 5458 poetarum
615 5386 969 5441 deliramenta
997 5385 1110 5439 haec
1140 5384 1355 5454 rejicit;
1384 5398 1486 5440 nec
1517 5384 1571 5439 in
1601 5382 1783 5440 omni-

213 5479 323 5535 bus
344 5493 467 5548 quae
501 5478 577 5534 ibi
609 5485 797 5533 narrat
841 5493 1026 5543 verax,
1057 5478 1132 5531 ait
1175 5478 1321 5532 enim
1351 5496 1364 5531 :
1400 5475 1614 5531 Cicada:
1643 5475 1784 5546 apud

218 5568 480 5640 Rheginos
526 5578 708 5635 mutae,
748 5585 841 5624 nec
866 5585 1091 5639 usquam
1123 5568 1276 5623 alibi.
1312 5566 1377 5621 Et
1404 5582 1528 5623 eum
1563 5574 1783 5623 secutus

213 5660 483 5727 Isidorus,
534 5660 630 5716 lib.
679 5674 794 5724 xu,
828 5675 950 5731 cap.
982 5658 1015 5715 8
1053 5679 1066 5714 :
1107 5658 1320 5715 Cicada:
1365 5672 1430 5713 ea:
1476 5658 1783 5713 cuculorum

214 5759 511 5809 nascuntur
536 5760 706 5821 sputo.
746 5750 837 5808 tlte
862 5752 917 5807 in
947 5747 1097 5808 ltalia
1138 5750 1282 5823 apud
1310 5748 1587 5822 Rbeginos
1620 5756 1783 5805 muta:

1880 4556 1971 4627 qui
2001 4571 2111 4609 sese
2140 4554 2354 4610 student
2378 4562 2635 4624 prtestare
2660 4554 2864 4608 cwteris
2894 4550 3272 4613 animantibus,
3295 4564 3445 4602 sum-

1882 4665 1971 4702 ma
1994 4663 2085 4716 ope
2110 4648 2207 4701 niti
2235 4646 2400 4711 decet,
2424 4662 2487 4700 ne
2517 4648 2676 4700 vitam
2723 4644 2934 4699 silentio
2964 4642 3259 4712 transigant
3288 4639 3446 4694 veluti

1880 4757 2091 4811 pecora,
2126 4756 2242 4811 qua:
2286 4748 2479 4793 natura
2514 4752 2682 4807 prona
2733 4744 2888 4806 atque
2930 4734 3095 4791 ventri
3151 4730 3446 4786 obedientia

1879 4834 2058 4904 ﬁnxit,
2092 4833 2184 4887 sed
2212 4833 2382 4886 omnis
2418 4839 2601 4884 nostra
2629 4830 2706 4883 vis
2738 4828 2793 4882 in
2823 4827 3019 4889 animo,
3042 4833 3093 4880 et
3111 4839 3325 4892 corpore
3344 4823 3447 4876 sila

1878 4934 1979 4980 est.
2030 4923 2211 4978 Animi
2250 4920 2488 4991 imperio,
2529 4919 2765 4987 corporis
2798 4917 3006 4971 servitio
3029 4914 3195 4985 magis
3225 4914 3444 4968 utimur.

1882 5018 2125 5072 Alterum
2166 5015 2314 5069 nobis
2361 5029 2483 5067 cum
2513 5011 2637 5076 diis,
2681 5009 2907 5064 alterum
2927 5024 3046 5062 cum
3080 5005 3266 5060 belluis
3306 5020 3447 5058 com-

1880 5120 2035 5159 mune
2092 5111 2189 5158 est.
2235 5102 2349 5168 Quo
2390 5101 2520 5154 mihi
2558 5099 2751 5153 rectius
2786 5113 2919 5167 Iesse
2977 5093 3201 5159 videtur,
3253 5093 3449 5162 ingenii

1878 5213 2036 5267 quam
2068 5196 2258 5250 virium
2304 5192 2488 5262 opibus
2544 5192 2771 5263 gloriam
2801 5204 3031 5260 quaerere
3059 5203 3077 5241 :
3112 5194 3162 5240 et
3198 5184 3447 5257 quoniam

1881 5291 1989 5343 vita
2017 5289 2133 5357 ipsa
2168 5304 2272 5358 qua
2300 5286 2551 5355 fruimur,
2595 5283 2759 5337 brevis
2783 5290 2882 5347 est,
2915 5280 3221 5336 memoriam
3253 5277 3443 5338 nostri,

1880 5397 2037 5450 quam
2067 5379 2294 5432 maxime
2346 5376 2552 5446 longam
2583 5376 2812 5445 efﬁcere.
2854 5372 2998 5425 Nam
3039 5369 3348 5423 divitiarum
3396 5374 3446 5420 et

1880 5472 2064 5542 forma:
2096 5470 2289 5542 gloria,
2321 5470 2491 5539 ﬂuxa,
2525 5477 2676 5538 atque
2701 5466 2908 5537 fragilis
2939 5473 3017 5519 est
3044 5481 3062 5518 :
3085 5463 3253 5517 virtus
3277 5459 3444 5524 clara,

1882 5572 2176 5634 teternaque
2195 5562 2434 5616 habetur.
2472 5558 2633 5614 Disce
2660 5568 2739 5621 tu,
2766 5574 2799 5613 ο
2846 5556 3009 5612 homo
3033 5552 3344 5609 Christiana
3365 5551 3450 5606 di-

1883 5654 2111 5725 sciplina
2142 5654 2384 5708 imbutus
2406 5665 2438 5705 a
2475 5650 2594 5704 viro
2619 5649 2858 5714 ethnico,
2899 5654 2994 5702 tuo
3020 5647 3223 5707 animo,
3246 5644 3450 5712 tuaque

1884 5746 2115 5813 ratione,
2141 5752 2201 5800 ut
2228 5743 2340 5816 jus,
2377 5741 2566 5815 fasque
2596 5741 2847 5814 requirit,
2879 5739 2992 5807 uti;
3022 5737 3154 5811 quid
3195 5735 3453 5807 majesta-
