3810 6168
431 314 537 370 923

1763 309 2009 365 LEONIS
2045 309 2316 364 ALLATII

3572 323 3676 379 99.5

430 443 537 490 tem
563 440 709 483 tuam
739 429 1024 486 vilissimis
1058 430 1414 484 animantium
1459 430 1715 486 ductibus
1740 448 1977 504 conspur

2106 429 2431 494 constantia,
2485 430 2734 495 utilitate,
2790 430 3198 498 pulchritudine,
3255 439 3671 505 temperatione,

429 538 526 583 cas
554 521 890 577 fmdissime?
919 521 1092 575 Homo
1115 537 1174 576 es
1217 522 1283 574 ad
1330 523 1616 592 superiora
1669 525 1996 594 destinatus,

431 627 500 667 ne.
524 621 843 667 contemnas
865 611 1009 681 quod
1043 611 1096 663 in
1138 618 1188 662 te
1215 610 1750 679 elucetDivinitatis.

501 703 662 767 lbid.,
691 704 789 759 lin.
821 703 872 758 9.
909 703 1020 757 Kal
1062 705 1382 771 κινούμενα
1415 705 1678 772 κίνησιν.
1717 705 1879 761 Multa
1911 708 1999 763 hic

431 810 653 870 possent
692 798 874 853 all‘erri
907 799 974 853 de
1021 801 1228 853 ratione
1276 807 1458 855 motus
1507 802 1841 866 animalium,
1878 821 1998 875 qua:

433 890 665 944 facultas
698 892 1028 960 requiratur,
1062 892 1272 961 etquid
1319 893 1534 948 tandem
1587 907 1880 950 concurrat
1929 899 1995 952 ad

430 990 636 1034 motum
688 981 832 1036 hunc
876 984 1304 1052 exsequendum,
1354 985 1447 1039 sed
1505 1000 1568 1039 ea
1617 987 1995 1045 subtilioribus

431 1073 769 1145 philosophis
815 1075 1084 1144 relinquo.
1123 1075 1396 1130 Adducam
1454 1085 1634 1133 tamen
1691 1095 1858 1135 unum
1913 1085 1996 1138 vel

429 1165 660 1219 alterum
703 1167 770 1220 ad
801 1167 964 1236 hujus
1007 1167 1112 1221 loci
1156 1168 1593 1237 explicationem.
1626 1167 1820 1225 Noster
1851 1173 1994 1226 enim

429 1256 747 1313 Eustathius
790 1274 914 1312 cum
962 1259 1017 1313 in
1070 1259 1250 1315 verbis
1291 1262 1665 1330 superioribus
1719 1263 1994 1318 videretur

428 1351 614 1403 nescio
637 1351 911 1418 quomodo
929 1389 944 1414 ,
967 1350 1209 1404 animum
1243 1351 1414 1407 brutis
1459 1354 1868 1425 pecudibusque
1894 1356 1993 1410 de-

426 1453 677 1509 negasse,
703 1449 757 1495 et
785 1449 994 1495 tantum
1039 1457 1259 1497 sensum
1315 1443 1422 1499 illis
1449 1446 1785 1511 attribuisse,
1825 1447 1879 1501 in
1910 1448 1993 1504 his

424 1545 487 1585 se
506 1531 761 1601 explicat,
786 1531 852 1586 de
874 1548 1107 1602 quonam
1137 1548 1320 1590 animo
1342 1537 1701 1606 loquebatur;
1726 1541 1800 1593 ait
1823 1542 1988 1607 enim,

425 1622 681 1675 animalia
716 1623 849 1701 haec,
896 1641 1016 1694 quae
1069 1642 1290 1681 sensum
1341 1644 1447 1683 una
1499 1645 1621 1685 cum
1681 1631 1992 1689 hominibus

421 1727 768 1769 communem
802 1716 1021 1780 habent,
1046 1734 1156 1773 non
1181 1729 1358 1776 tamen
1409 1723 1653 1791 ejusdem
1701 1725 1991 1794 perfectio-

2101 539 2194 576 nec
2225 539 2378 591 posse
2408 523 2524 592 ﬁeri
2551 525 2676 592 quin
2711 522 2764 576 id
2785 523 2923 594 quod
2947 527 3179 582 mirabili
3212 531 3418 585 ratione
3441 542 3669 593 constat,

2099 615 2326 669 consilio
2353 615 2548 683 majori
2580 616 2754 686 aliqua
2779 620 2848 670 sit
2877 619 3210 676 instructum.

2170 707 2306 762 lbid.
2366 707 2464 762 lin.
2518 707 2609 762 28.
2648 709 2772 762 Ποῦ
2801 711 2983 779 λόγος
3007 711 3144 780 ἐρεῖ.
3193 711 3480 769 Rationem
3534 716 3672 771 hanc

2098 798 2240 861 fuse,
2275 797 2744 866 disertissimeque
2778 801 3122 869 prosequitur
3172 801 3478 858 Methodius
3509 801 3670 856 Pata-

2099 889 2301 952 rensis,
2333 889 2428 944 lib.
2457 888 2534 941 De
2560 890 2721 944 libero
2745 891 2988 956 arbitrio,
3021 901 3209 948 contra
3232 893 3666 959 Valentinianus,

2097 997 2256 1052 quem
2278 983 2421 1046 vide,
2441 989 2495 1037 et
2517 982 2708 1037 Cicero
2724 999 2761 1037 ιι
2795 984 2867 1038 De
2883 993 2995 1039 nat.
3019 988 3252 1039 deorum.
3277 985 3435 1052 Quod
3459 989 3670 1042 Aristo-

2097 1074 2255 1128 telem
2289 1089 2519 1144 negasse
2563 1075 2729 1129 refert
2757 1075 2970 1132 Atticus
2995 1079 3134 1147 apud
3165 1077 3482 1144 Eusebium,
3523 1082 3669 1151 Ἀρι-

2097 1164 2356 1241 στοτέλης
2398 1165 2559 1236 μέχρι
2602 1166 2826 1238 σελήνης
2871 1170 3073 1240 στήσας
3111 1170 3173 1222 τὸ
3197 1170 3372 1233 Θεῖον,
3408 1173 3477 1225 τὰ
3508 1172 3672 1228 λοιπὰ

2094 1256 2191 1310 τοῦ
2221 1257 2424 1327 κόσμου
2459 1259 2786 1330 περιγράφει
2807 1261 2906 1330 τῆς
2925 1259 3020 1312 τοῦ
3049 1261 3180 1314 Θεοῦ
3213 1264 3486 1332 προνοίας.

2166 1348 2325 1413 lbid.,
2352 1349 2447 1402 lin.
2483 1347 2576 1404 40.
2618 1349 2791 1402 Φιλεῖ
2811 1349 2923 1419 γὰρ
2956 1349 3028 1402 τὰ
3061 1350 3211 1418 πρὸς
3238 1354 3420 1418 τινος.
3452 1353 3671 1409 Aristo-

2094 1441 2250 1504 teles,
2278 1442 2392 1496 sive
2408 1441 2828 1511 aliusquispiam
2863 1443 2932 1496 de
2959 1443 3161 1497 mundo
3183 1443 3248 1496 ad
3268 1444 3665 1508 Alexandrum,

2097 1535 2344 1603 exemplo
2369 1534 2584 1600 animae,
2613 1548 2734 1604 quae
2757 1534 2812 1587 in
2844 1533 3063 1589 homine
3091 1551 3199 1590 non
3231 1536 3463 1600 videtur,
3484 1545 3545 1592 et
3584 1546 3670 1591 ta-

2095 1642 2218 1682 men
2268 1643 2492 1682 necesse
2534 1637 2618 1683 est
2669 1627 2826 1683 fateri
2857 1629 3059 1696 omnia,
3103 1645 3222 1700 quae
3253 1645 3348 1700 per
3383 1630 3668 1686 hominem

2099 1718 2234 1772 fiunt
2265 1720 2332 1773 ab
2356 1719 2446 1773 illa
2480 1720 2767 1790 provenire
2803 1720 3018 1790 probat,
3049 1719 3236 1785 Deum,
3266 1720 3346 1774 vel
3370 1724 3554 1790 potius
3594 1722 3671 1776 ad

423 1805 511 1860 nis
570 1807 835 1873 animum,
897 1812 1078 1865 vivere
1129 1819 1184 1866 et
1245 1815 1452 1869 moveri
1510 1831 1620 1870 non
1670 1829 1823 1872 motu
1881 1837 1977 1890 quc

2097 1807 2192 1862 Dei
2220 1810 2586 1879 cognitionem
2636 1826 2737 1864 nos
2765 1827 2832 1864 ex
2877 1812 3026 1866 illius
3054 1812 3308 1881 operibus
3340 1827 3496 1880 posse
3539 1828 3670 1881 per-

423 1908 710 1955 moventur
743 1900 992 1957 homines
1015 1922 1030 1970 ;
1053 1912 1201 1981 tunc‘
1215 1906 1355 1959 enim
1380 1919 1433 1962 et
1464 1910 1723 1978 aequalem
1749 1911 1988 1967 animum

423 1989 834 2059 participarent.
867 1993 1004 2046 Cum
1049 1994 1210 2049 homo
1240 2009 1348 2050 non
1383 1996 1718 2066 intelligatur
1753 2015 1987 2068 unquam

423 2082 652 2144 moveri,
685 2083 790 2138 nisi
824 2085 1037 2140 ratione
1087 2093 1139 2140 et
1193 2087 1298 2141 line
1349 2087 1528 2156 primo
1585 2089 1653 2144 ab
1711 2089 1986 2145 intellectu

420 2186 518 2240 per
545 2172 856 2229 discursum
884 2175 1205 2247 sibimetipsi
1236 2179 1538 2248 proposito,
1573 2182 1716 2251 quod
1741 2182 1988 2237 animan-

420 2262 571 2317 tibus
593 2267 802 2320 czeteris
833 2267 1056 2322 omnino
1088 2284 1194 2323 non
1232 2271 1487 2326 convenit
1519 2291 1532 2326 :
1571 2275 1688 2342 ipsa
1717 2273 1860 2328 enim
1891 2289 1988 2344 ap-

418 2355 586 2423 petitu
643 2365 878 2422 tantum,
920 2368 974 2414 et
1029 2359 1415 2431 imaginatione
1471 2375 1776 2421 moventur.
1831 2366 1984 2432 Quod

418 2445 576 2501 nobis
607 2459 797 2503 auctor
819 2450 1017 2517 innuit,
1040 2451 1168 2505 dum
1197 2453 1330 2507 dicit
1360 2474 1373 2509 :
1422 2454 1546 2510 Haec
1594 2457 1848 2511 animalia
1894 2457 1988 2512 ho-

417 2540 561 2594 mine
590 2527 769 2596 minus
800 2542 1144 2612 perfectiora,
1175 2554 1384 2599 naturae
1406 2548 1455 2600 vi
1475 2548 1731 2616 quadam,
1759 2550 1986 2617 sangui-

415 2645 485 2685 ne
526 2638 686 2701 atque
725 2647 848 2688 aere
877 2636 1183 2703 impellente
1218 2638 1326 2707 agi.
1353 2637 1426 2692 De
1454 2653 1617 2691 causa
1651 2646 1831 2692 motus
1865 2639 1984 2692 ani-

414 2727 638 2781 malium
672 2727 1013 2790 Aristoteles,
1056 2730 1152 2783 lib.
1189 2746 1272 2795 Ill,
1307 2731 1383 2785 De
1414 2733 1614 2794 anima,
1643 2740 1775 2786 text.
1809 2733 1899 2796 48,
1930 2742 1984 2788 et

414 2827 663 2886 sequent.
681 2816 897 2873 Refcllit
920 2821 1101 2889 itaque
1131 2821 1215 2876 his
1237 2822 1419 2878 verbis
1438 2838 1624 2877 eorum
1647 2824 1980 2893 opinionem,

413 2908 507 2974 qui
539 2908 714 2962 brutis
749 2910 977 2964 rationis
1006 2909 1113 2962 vim
1152 2918 1206 2964 et
1241 2911 1549 2966 discursum
1593 2914 1978 2971 attribuerunt.

414 2988 774 3070 Porphyrius,
798 3001 891 3055 lib.
926 3017 1007 3062 ιιι,
1041 3001 1113 3055 De
1145 3003 1460 3056 abstinentia
1490 3003 1554 3056 ab
1588 3021 1677 3058 esu
1716 3007 1977 3070 carnium,

413 3095 630 3155 statuit,
659 3102 908 3147 naturam
930 3094 1182 3150 omnibus
1217 3096 1606 3160 animantibus,
1631 3097 1831 3167 quibus
1855 3113 1978 3154 sen-
2005 3137 2046 3192 Ο

413 3199 535 3238 sum
569 3193 623 3239 et
658 3185 976 3240 memoriam
998 3185 1166 3253 dedit,
1199 3188 1459 3242 rationem
1495 3195 1734 3260 quoque,
1776 3191 1886 3244 imo
1923 3197 1977 3247 et

409 3278 732 3342 orationem,
775 3284 883 3331 tam
920 3278 1186 3333 internam
1209 3296 1368 3350 quam
1393 3289 1672 3336 externam
1696 3282 1975 3348 tribuisse,

410 3368 572 3440 idque
599 3369 849 3439 pluribus
879 3372 1232 3441 argumentis,
1258 3381 1310 3426 et
1342 3371 1704 3442 Empedoclis,
1735 3372 1978 3430 Platonis

406 3468 464 3516 et
493 3462 804 3518 Aristotelis
839 3465 999 3518 etiam
1033 3464 1362 3520 testimoniis
1390 3474 1621 3520 conatur
1664 3467 1971 3522 ostendere.

409 3553 759 3616 Plutarchus,
787 3556 882 3609 lib.
901 3573 930 3610 ν
962 3555 1038 3610 De
1065 3556 1299 3624 placitis,
1325 3572 1442 3626 cap.
1468 3557 1971 3630 20,Anaxagoram,

406 3645 853 3718 et~Pythagoram
885 3646 1025 3702 idem
1057 3649 1297 3704 sensisse
1337 3657 1590 3713 testatur,
1624 3650 1820 3716 quibus
1858 3652 1974 3721 ipse

407 3736 735 3807 suffragatur
767 3738 821 3792 in
857 3737 1078 3808 Dialogo
1101 3755 1260 3808 quem
1286 3739 1582 3809 inscripsit,
1615 3740 1768 3806 Quod
1805 3742 1972 3795 brutis

407 3833 547 3885 ratio
582 3833 731 3884 insit.
766 3831 885 3897 Quo
935 3832 1067 3900 quid
1117 3831 1455 3887 absurdius?
1499 3831 1631 3902 quid
1676 3833 1973 3888 insulsius?

405 3921 663 3977 Plurimis
689 3923 989 3978 rationibus
1012 3923 1155 3976 hanc
1185 3924 1512 3978 sententiam
1554 3923 1811 3978 refellunt
1850 3926 1972 3995 phi-

404 4013 617 4084 1050phi
667 4014 806 4084 apud
844 4013 1210 4076 Aristotelem,
1244 4029 1403 4082 quos,
1437 4014 1483 4068 si
1522 4015 1674 4080 libet,
1721 4016 1964 4071 consule.

401 4101 571 4158 Nobis
590 4104 672 4158 vel
705 4104 933 4174 hujusce
956 4103 1035 4158 rei
1060 4104 1372 4159 meminisse
1401 4105 1536 4161 satis
1566 4106 1654 4159 sit.

471 4192 630 4260 lbid.,
680 4193 778 4247 lin.
836 4194 924 4248 11.
964 4194 1130 4246 Ἔστι
1177 4192 1244 4246 δὲ
1289 4195 1382 4248 καὶ
1428 4196 1499 4249 ἐν
1541 4195 1764 4262 αὐτοῖς.
1825 4194 1968 4251 Sane

401 4287 769 4361 pulcherrima
794 4295 874 4341 est
898 4287 1012 4341 haec
1049 4287 1322 4357 digressio
1356 4288 1409 4341 in
1441 4304 1570 4358 qua,
1601 4305 1669 4343 ex
1706 4289 1962 4344 omnibus

399 4384 563 4438 rebus
588 4397 618 4436 a
653 4378 763 4436 Deo
799 4381 997 4435 creatis
1027 4382 1082 4434 in
1126 4381 1231 4435 hoc
1273 4381 1496 4444 mundo,
1530 4391 1784 4435 aeternam
1819 4382 1967 4451 ejus-

2091 1903 2299 1966 venire,
2333 1903 2425 1972 qui
2462 1904 2566 1957 etsi
2608 1906 2780 1958 nostri
2807 1912 3062 1974 aspectus
3104 1904 3271 1958 aciem
3306 1902 3459 1972 fugit,
3483 1903 3548 1958 ﬁt
3584 1913 3672 1957 ta-

2089 2011 2212 2051 men
2245 1997 2380 2066 ipsis
2427 1997 2684 2066 operibus
2727 1998 3050 2068 perspicuus
3097 2008 3151 2051 et
3193 1996 3560 2052 manifestus:
3604 2005 3668 2051 et

2087 2087 2192 2142 hoc
2214 2088 2368 2141 nullo
2402 2088 2564 2142 modo
2593 2089 2787 2144 obesse
2818 2096 2911 2142 aut
2939 2088 3015 2142 illi
3042 2086 3106 2140 ad
3131 2087 3527 2157 agendum,2ut
3557 2102 3668 2142 no-

2088 2178 2172 2233 bis
2199 2179 2266 2232 ad
2300 2179 2461 2233 fidem
2493 2179 2644 2234 hisce
2668 2179 2833 2234 rebus
2860 2177 3393 2240 accommodandam,
3416 2180 3526 2231 Kal.
3547 2179 3668 2251 γὰρ

2087 2271 2120 2339 ἡ
2147 2269 2314 2341 ψυχὴ,
2341 2271 2407 2325 δι’
2436 2271 2504 2341 ἣν
2537 2268 2719 2342 ζῶμὲν
2770 2288 2829 2323 τε
2865 2271 2958 2324 καὶ
2987 2270 3164 2333 πόλεις
3205 2270 3298 2323 καὶ
3328 2271 3502 2333 οἴκους
3536 2271 3667 2340 ἐχο-

2089 2376 2208 2429 μεν,
2251 2360 2480 2431 ἀόρατος
2522 2355 2656 2412 οὖσα
2695 2362 2806 2422 τοῖς
2843 2358 3022 2430 ἔργοις
3065 2359 3244 2420 αὐτοῖς
3283 2361 3488 2428 ὁρᾶται.
3538 2359 3664 2422 Πᾶς

2084 2451 2191 2522 γὰρ
2230 2452 2258 2503 ὁ
2293 2451 2386 2503 τοῦ
2424 2451 2536 2521 βίος
2575 2451 2867 2520 διάκοσμος
2906 2451 3010 2502 ὑπὸ
3046 2450 3247 2520 ταύτης
3285 2447 3529 2520 εὓρηται,
3563 2453 3664 2504 καὶ

2082 2543 2448 2607 διατέτακται,
2496 2542 2589 2595 καὶ
2631 2542 2930 2612 συνέχεται.
2965 2540 3031 2594 Ει
3063 2540 3308 2604 inferius,
3335 2539 3517 2594 Ταῦτα
3547 2544 3661 2613 χρὴ

2083 2635 2177 2688 καὶ
2211 2634 2337 2706 περὶ
2369 2632 2503 2686 Θεοῦ
2539 2633 2882 2698 διανοεῖσθαι,
2919 2632 3143 2703 δυνάμει
3173 2634 3272 2704 μὲν
3307 2633 3453 2697 δντος
3494 2635 3660 2705 ἰσχυ-

2085 2725 2330 2798 ροτάτου,
2358 2725 2543 2778 κάλλει
2564 2724 2620 2776 δὲ
2648 2724 3111 2794 εὐπρεπεστάτου,
3139 2725 3249 2796 ζωῇ
3279 2725 3336 2778 δὲ
3357 2725 3656 2788 ἀθανάτου,

2082 2818 2248 2887 ἀρετῇ
2276 2816 2333 2869 δὲ
2365 2815 2675 2886 κρατίστου.
2709 2817 2798 2868 Διὸ
2825 2815 2974 2888 πάσῃ
2998 2815 3161 2886 θνητῇ
3186 2816 3340 2884 φύσει
3364 2816 3659 2886 γενόμενος

2081 2908 2390 2979 ἀθεώρητος
2418 2910 2514 2962 ἀπ’
2545 2907 2722 2961 αὐτῶν
2753 2907 2859 2960 τῶν
2895 2907 3070 2978 ἔργων
3096 2906 3396 2979 θεωρεῖται.
3430 2908 3513 2962 Τὰ
3544 2909 3658 2980 γὰρ

2081 3000 2249 3072 πάθη,
2286 3001 2380 3054 καὶ
2402 3000 2472 3053 τὰ
2507 3000 2574 3052 δι’
2602 3000 2763 3068 ἀέρος
2787 2999 3020 3063 ἅπαντα,
3058 3001 3152 3054 καὶ
3184 2999 3250 3052 τὰ
3281 3001 3369 3052 ἐπὶ
3394 2999 3521 3069 γῆς,
3558 3002 3660 3054 καὶ

2081 3092 2148 3146 τὰ
2177 3095 2233 3146 ἐν
2261 3091 2412 3146 ὕδατι
2437 3091 2572 3145 Θεοῦ
2597 3091 2806 3160 λέγοιτο
2829 3091 2892 3144 ἂν
2915 3091 3081 3155 ὅντως
3101 3083 3237 3162 ἔργα
3261 3088 3413 3155 εἶναι,
3437 3090 3538 3144 τοῦ
3562 3094 3660 3147 τὸν

2081 3185 2283 3255 κόσμον
2315 3184 2622 3256 ἐπέχοντος,
2660 3183 2720 3248 ἐξ
2755 3173 2839 3249 οῦ,
2884 3184 3024 3238 κατὰ
3058 3183 3148 3237 τὸν
3188 3185 3408 3254 φυσικὸν
3447 3184 3660 3254 Ἐμπε-

2079 3276 2288 3344 δοκλέα,

2077 3409 2261 3466 Πάν-θ’
2286 3411 2404 3466 ὅσα
2435 3413 2484 3466 τ’
2523 3408 2621 3483 ἦν,
2652 3411 2770 3468 ὅσα
2810 3414 2858 3466 τ’
2883 3412 3056 3466 ἐστιν
3092 3411 3162 3465 ιδ’
3196 3412 3444 3552 ὄσσα[Ξε
3462 3412 3657 3534 ἔσται

3415 3499 3457 3534 π
3483 3498 3651 3545 σσω,

3415 3498 3651 3545 πισσω,

2080 3550 2334 3621 Δένδρεά
2363 3554 2410 3604 τ’
2438 3552 2798 3620 ἐϐλάστησε,
2845 3552 2942 3605 καὶ
2981 3551 3189 3621 ἀνέρες
3215 3551 3322 3618 ἠδὲ
3344 3550 3655 3621 γειινῷκες,

2079 3620 2266 3690 Θῆρές
2296 3623 2344 3675 τ’
2374 3622 2570 3675 οἰωνοί
2607 3639 2690 3686 τε,
2725 3622 2824 3675 καὶ
2847 3620 3360 3692 ὑδατοθρέμμονες-⁷
3379 3623 3577 3691 ἰχθῦς.

2148 3711 2464 3786 νίάεηθιίαιιι
2487 3727 2607 3784 qua:
2628 3719 2951 3783 sequuntur.

2143 3844 2303 3909 lbid.,
2347 3847 2444 3903 lin.
2473 3848 2560 3902 47.
2609 3847 3012 3919 Συγγεννᾶται
3055 3848 3173 3918 μὲν
3214 3847 3342 3918 γάρ.
3382 3847 3651 3917 Basilius,

2073 3939 2218 3993 hom.
2261 3939 2317 4003 9,
2355 3940 2799 4012 Συναπεγεννήθη
2833 3942 2862 3994 ὁ
2900 3939 3069 4011 θυμὸς
3098 3939 3176 4010 τῷ
3205 3939 3394 4004 λέοντι,
3440 3941 3500 3994 τὺ
3553 3960 3654 4012 μο-

2073 4031 2324 4085 ναστικὸν
2361 4032 2522 4085 αὑτοῦ
2567 4031 2666 4102 τῆς
2707 4033 2873 4104 ζωῆς,
2917 4033 2980 4086 τὸ
3022 4031 3378 4104 ἀκοινώνητον
3418 4032 3561 4104 πρὸς
3587 4037 3652 4088 τὸ

2071 4121 2358 4192 ὁμόφυλον.
2387 4116 2514 4176 Οἷον
2536 4123 2643 4193 γάρ
2669 4139 2753 4185 τις
2781 4122 3040 4194 τύραννος
3061 4122 3169 4176 τῶν
3200 4121 3403 4190 ἀλόγων
3431 4121 3520 4174 διὰ
3543 4124 3651 4193 τὴν

2072 4214 2137 4264 ὲκ
2167 4211 2379 4281 φύσεως
2407 4212 2729 4283 ὑπεροψίαν,
2762 4212 2860 4284 τὴν
2897 4213 3034 4283 πρὸς
3059 4214 3184 4276 τοὺς
3212 4211 3436 4275 πολλοὺς
3456 4213 3651 4282 ὁμοτι-

2073 4304 2200 4374 μίαν
2233 4305 2293 4357 οὐ
2319 4303 2686 4374 καταδέχεταιο
2723 4305 2850 4373 ὅσγε
2877 4304 2997 4357 οὐδὲ
3023 4303 3211 4375 χθιζὴν
3229 4303 3435 4374 τροφὴν
3468 4319 3646 4374 προσ-

2072 4393 2231 4459 ίεται,
2272 4394 2380 4447 οὐδ’
2425 4395 2491 4448 ἂν
2524 4394 2592 4446 τὰ
2622 4393 2847 4464 λείψανα
2873 4394 2972 4465 τῆς
2994 4393 3184 4447 ἑαυτοῦ
3207 4394 3377 4464 Θήρας
3399 4392 3641 4447 ἐπέλθοιο

397 4475 519 4530 dem
547 4472 643 4528 Dei
671 4474 724 4526 in
753 4471 867 4526 haec
892 4471 1151 4526 inferiora
1179 4471 1574 4540 providentiam
1613 4471 1966 4528 validissimis

2085 4477 2112 4553 ἶ)
2159 4485 2253 4536 καὶ
2297 4484 2598 4554 τηλικαῦτα
2646 4485 2746 4555 τῆς
2795 4484 2977 4556 φωνῆς
3021 4483 3091 4538 τὰ
3136 4483 3343 4554 ὄργανα
3385 4484 3421 4554 ἡ
3478 4485 3644 4552 φύσις

397 4565 704 4621 rationibus
733 4562 1054 4630 confirmat;
1081 4570 1275 4632 etquae
1301 4562 1391 4616 alii
1431 4563 1604 4632 longis
1653 4576 1716 4615 ac
1737 4561 1968 4616 divulsis

398 4655 686 4710 verborum
719 4653 1037 4718 structuris,
1070 4653 1156 4724 pie
1187 4662 1369 4708 tamen
1395 4659 1823 4723 pertractarunt,
1851 4653 1968 4722 ipse

394 4749 780 4818 compendiosa
822 4748 1059 4820 quadam
1112 4758 1554 4820 argumentorum
1635 4757 1688 4803 et
1740 4747 1966 4802 demon-

394 4841 719 4895 stra’tionum
778 4841 1209 4905 enumeratione,
1267 4841 1548 4896 succincte
1608 4854 1672 4893 ac
1730 4839 1966 4894 breviter

392 4934 648 5003 explicat.
672 4932 1086 5003 Elegantissime
1102 4934 1206 4988 hoc
1225 4941 1599 5004 argumentum
1613 4932 1966 5003 pertractavit

392 5025 772 5082 Theodoretus
805 5025 993 5083 decem
1022 5027 1389 5082 sermonibus.
1409 5027 1589 5092 Quare
1627 5025 1963 5096 superﬂuum

391 5118 520 5172 mihi
542 5119 754 5173 videtur
783 5119 871 5172 hic
897 5119 1128 5172 aliorum
1163 5119 1475 5174 testimonia
1504 5119 1570 5174 ad
1605 5120 1747 5174 hanc
1786 5121 1964 5180 nostri

389 5213 629 5266 auctoris
658 5212 985 5267 sententiam
1015 5213 1350 5280 probandam
1376 5213 1636 5269 inserere.
1655 5213 1962 5286 Adjungam

389 5312 570 5359 tamen
600 5305 690 5359 hic
720 5306 999 5360 corollarii
1028 5306 1151 5361 loco
1179 5308 1342 5362 verba
1374 5307 1644 5362 Lactantii
1676 5306 1957 5372 Firmiani,

389 5397 469 5451 De
497 5398 640 5467 falsa
670 5399 941 5469 religione,
975 5413 1098 5469 cap.
1130 5399 1165 5452 2
1201 5419 1214 5455 :
1251 5398 1420 5454 Nemo
1454 5409 1530 5454 est
1560 5403 1698 5454 enim
1729 5411 1836 5454 tam
1867 5418 1959 5455 ru-

387 5488 492 5553 dis,
519 5499 626 5543 tam
657 5491 784 5559 feris
833 5491 1086 5559 moribus,
1111 5494 1236 5564 quin
1269 5492 1448 5547 oculos
1495 5509 1618 5547 suos
1662 5494 1718 5547 in
1772 5493 1958 5547 caelum

389 5580 597 5644 tollens,
627 5583 836 5637 tametsi
867 5585 1064 5638 nesciat
1095 5583 1245 5650 cujus
1274 5583 1372 5639 Dei
1393 5583 1718 5654 providentia
1747 5597 1958 5656 regatur

387 5670 484 5724 hoc
513 5687 682 5735 omne,
715 5672 852 5743 quod
877 5675 1129 5736 cernitur,
1157 5674 1390 5743 aliquam
1421 5685 1596 5728 tamen
1627 5693 1738 5730 esse
1759 5676 1956 5730 intelli-

390 5771 478 5828 gat
513 5777 577 5814 ex
606 5762 720 5830 ipsa
753 5779 924 5816 rerum
971 5765 1352 5830 magnitudine,
1389 5777 1550 5832 motu,
1589 5767 1951 5837 dispositione,

2069 4573 2344 4644 ἐνέθηκεν,
2379 4573 2520 4628 ὥστε
2571 4575 2741 4630 πολλὰ
2785 4574 2893 4628 τῶν
2931 4573 3104 4639 ζώων,
3140 4575 3546 4645 ὑπερϐάλλοντα
3573 4580 3640 4647 τῇ

2067 4667 2354 4736 ταχύτητι,
2395 4666 2540 4738 μόνῳ
2572 4665 2829 4731 πολλάκις
2859 4667 3173 4721 ἁλίσκεσθαι
3205 4667 3279 4738 τῷ
3304 4667 3635 4739 βρυχήματι.

2073 4755 2283 4811 Similia
2315 4758 2566 4828 leguntur
2587 4757 2728 4829 apud
2753 4758 2922 4812 Eliam
2952 4758 3264 4814 Cretensem
3293 4761 3635 4829 episcopum,

2068 4856 2126 4904 et
2147 4849 2368 4920 Glycam
2401 4851 2496 4904 lib.
2523 4865 2541 4903 ι
2568 4851 2790 4912 Annal.,
2822 4850 2992 4920 θυμός
3017 4850 3158 4919 apud
3178 4848 3396 4904 Graecos
3429 4865 3530 4904 vox
3551 4858 3638 4906 est

2072 4938 2407 5009 πολύσημος,
2450 4938 2679 5008 ideoque
2719 4939 2887 4994 variis
2926 4939 3467 5008 interpretationibus
3501 4940 3635 4994 sub-

2064 5028 2230 5100 jecta,
2262 5031 2494 5085 maxime
2519 5030 2574 5084 in
2605 5030 2704 5085 hac
2727 5047 2786 5085 re
2807 5030 2873 5086 de
2907 5045 3014 5100 qua
3045 5032 3244 5101 agitur,
3269 5046 3463 5086 omnes
3487 5033 3633 5086 enim

2067 5121 2213 5176 leoni
2237 5123 2410 5191 aptari
2441 5137 2602 5192 posse
2629 5121 2900 5176 videntur.
2917 5121 3094 5187 Quare
3115 5123 3336 5192 quidam
3372 5123 3628 5191 furorem,

2065 5213 2155 5266 alii
2178 5214 2432 5277 animum,
2458 5214 2616 5278 iram,
2648 5214 2900 5283 furorem,
2924 5214 3143 5284 quidam
3173 5215 3358 5278 etiam,
3390 5216 3630 5267 animum

2065 5323 2389 5376 generosum.
2416 5304 2527 5376 Ego
2543 5308 2723 5376 potius
2740 5307 3096 5372 iracundiam,
3117 5322 3241 5361 cum
3261 5307 3629 5375 generositate

2062 5398 2346 5468 conjunxi,
2383 5407 2442 5452 ut
2474 5399 2583 5453 vim
2632 5396 2831 5453 Graeca:
2867 5400 3035 5461 vocis,
3069 5407 3124 5453 et
3154 5398 3326 5451 leonis
3371 5407 3622 5452 naturam

2065 5489 2272 5544 clarius
2313 5490 2665 5560 explicarem.
2713 5489 2910 5553 Herus,
2943 5489 3040 5543 lib.
3074 5503 3132 5552 ιι,
3162 5502 3282 5557 cap.
3322 5489 3422 5553 l7,
3459 5488 3626 5560 θυμὸν

2061 5583 2369 5655 βουλόμενοι
2396 5582 2630 5654 δηλῶσαι
2649 5582 2837 5635 λέοντα
2860 5579 3258 5652 ζωγραφοῦσιν.
3284 5579 3391 5636 Sed
3414 5581 3627 5637 diﬁicile

2060 5684 2143 5730 est
2209 5690 2430 5730 causam
2483 5674 2864 5746 generositatis
2918 5673 3256 5743 potissimam
3331 5674 3620 5744 explicare.

2058 5766 2345 5831 Martialis,
2377 5766 2469 5822 lib.
2503 5781 2602 5833 xn,
2644 5765 2909 5836 epigram.
2941 5766 3008 5820 de
3046 5763 3271 5836 Ligurra
3304 5781 3317 5813 :
