3810 6168
383 452 448 524 In
489 463 671 510 tauros
696 453 879 524 Libyci
914 462 1074 507 ruunt
1102 455 1272 508 leones
1295 494 1311 518 ,

389 522 510 578 Non
549 535 670 580 sunt
702 522 1055 612 papilionibus
1085 525 1314 579 molesti.

161 636 454 692 Mattheus
488 635 756 700 Raderus,
789 652 953 706 quem
1003 651 1218 705 semper
1259 635 1606 696 eruditionis,
1637 634 1733 688 do-

161 729 377 792 ctrinae,
410 729 796 798 elegantiaeque
838 742 968 796 ergo
995 727 1296 780 admiratus
1339 741 1480 787 sum,
1521 741 1734 795 quoque

162 820 440 873 monacliii
473 818 899 872 familiarissime
931 834 1064 872 usus
1099 833 1242 879 sum,
1287 816 1414 870 dum
1448 817 1735 872 bibliothe-

159 925 286 964 cam
342 908 639 962 Palatinam
700 909 1074 980 Heidelberga,
1135 912 1364 978 spolium
1429 908 1646 971 iactam,
1681 916 1734 963 et

163 1010 430 1070 tropazum
475 1004 699 1056 missam
750 1001 1013 1071 Gregorio
1039 1001 1253 1056 decimo
1281 1002 1473 1072 quinto
1497 1018 1525 1054 a
1561 1001 1734 1055 Maxi~

158 1093 391 1146 miliano
440 1094 728 1162 utriusque
778 1093 1018 1148 Bavariaa
1070 1094 1210 1148 duce
1274 1094 1456 1163 (cujus
1511 1093 1736 1146 eximias

162 1184 356 1241 laudes
408 1195 461 1240 et
495 1187 743 1252 virtutes,
770 1187 1022 1256 pietatem
1077 1187 1130 1240 in
1175 1185 1366 1248 Deum,
1404 1186 1643 1238 animum
1677 1184 1733 1238 in

163 1276 484 1346 religionem
531 1278 855 1332 catholicam
887 1279 1193 1343 ardentem,
1227 1279 1280 1332 in
1311 1279 1563 1334 subditos
1596 1278 1732 1332 libe-

160 1368 357 1432 ralem,
381 1369 434 1423 in
461 1368 599 1424 alios
634 1383 1269 1440 generosum,austerum
1305 1372 1358 1424 in
1383 1371 1732 1440 semetipsum

162 1459 384 1513 silentio
438 1459 523 1514 hic
549 1473 829 1530 prattereo,
864 1462 984 1515 aliis
1018 1461 1378 1528 σαλπιγκταῖς
1419 1477 1479 1512 τε
1513 1461 1606 1513 καὶ
1633 1461 1732 1530 κή-

163 1550 286 1621 ρυξι
325 1550 538 1620 pondus
589 1552 691 1606 hoc
731 1559 785 1606 et
836 1551 1074 1606 laborem
1114 1550 1473 1621 relinquens),
1505 1549 1732 1604 Romam

160 1643 618 1698 transveliendam
673 1658 948 1707 curarem,
983 1660 1146 1714 quam
1203 1645 1420 1699 tandem
1479 1643 1572 1699 Dei
1614 1659 1733 1697 mu-

158 1749 316 1796 nere.
362 1742 416 1788 et
462 1737 599 1787 tanti
641 1735 905 1805 principis
954 1735 1148 1806 gloria,
1176 1750 1298 1804 ope,
1339 1750 1402 1789 ac
1453 1733 1730 1788 beneﬁciis

159 1838 353 1878 sanam
391 1824 828 1894 incolumemque
861 1827 1156 1889 transvexi,
1214 1826 1457 1895 inquam,
1482 1824 1728 1880 Raderus
1759 1813 1802 1868 Β

156 1915 358 1971 ibidem
414 1915 542 1970 ait:
592 1914 694 1970 Leo
755 1917 1129 1985 γενναιότατον
1178 1915 1364 1988 θηρίον
1420 1933 1522 1969 non
1579 1922 1728 1970 swvit

157 2009 216 2061 in
246 2007 512 2071 bestiolas,
535 2018 582 2063 et
610 2010 836 2064 minores
863 2009 1029 2077 feras,
1065 2009 1332 2071 hinnulos,
1369 2008 1587 2078 lepores,
1629 2026 1726 2062 cu-

159 2100 386 2161 niculos,
414 2100 579 2154 multo
624 2101 795 2154 minus
835 2101 1152 2170 papiliones,
1196 2100 1286 2154 sed
1320 2101 1374 2153 in
1420 2111 1622 2166 tauros,
1655 2101 1732 2154 in-

154 2203 434 2264 gentesque
465 2193 664 2248 belluas
684 2237 698 2261 ,
731 2194 883 2264 cujus
927 2195 1206 2264 ingenii,et
1236 2193 1428 2248 indolis
1459 2195 1623 2263 fuisse
1653 2195 1728 2248 le-

151 2296 354 2358 guntur
399 2297 449 2341 et
491 2305 647 2342 canes
699 2287 840 2358 apud
890 2287 1150 2352 Plinium,
1187 2288 1280 2342 lib.
1316 2303 1434 2350 VIII,
1479 2302 1601 2356 cap.
1632 2288 1723 2352 40,

154 2381 307 2433 missi
340 2379 643 2434 Alexandro
675 2377 1049 2442 Macedonum,
1081 2385 1190 2434 etc.
1242 2379 1494 2434 [Elianus
1542 2388 1725 2434 tamen

151 2472 232 2526 ita
261 2488 329 2526 ex
358 2472 462 2526 hac
491 2475 856 2542 generositate
889 2471 1062 2526 delabi
1091 2471 1278 2534 refert,
1315 2479 1374 2524 ut
1405 2478 1727 2526 assuescant

153 2562 515 2618 mansuefacti
542 2579 572 2618 a
601 2565 981 2624 venatoribus,
1022 2563 1188 2616 veluti
1220 2578 1386 2618 canes
1416 2563 1483 2616 ad
1516 2578 1725 2617 venan-

148 2651 256 2708 dos
299 2653 576 2721 hinnulos,
609 2671 792 2724 apros,
821 2669 1014 2710 cervos
1040 2663 1094 2709 et
1137 2655 1262 2716 alia,
1295 2654 1391 2708 lib.
1423 2669 1558 2717 xvu,
1601 2669 1720 2724 cap.

149 2743 245 2808 26,
285 2751 340 2799 et
389 2744 534 2798 hunc
575 2744 776 2799 Eliani
829 2747 1007 2799 locum
1050 2746 1105 2800 in
1155 2746 1270 2800 suis
1329 2745 1626 2800 Comment.
1671 2745 1724 2798 in

150 2834 501 2902 Martialem;
527 2837 620 2891 lib.
644 2853 682 2901 ι,
701 2838 841 2908 epig.
866 2838 920 2900 9,
947 2838 1062 2907 ipse
1085 2836 1335 2892 Raderus
1356 2839 1561 2901 retulit,
1585 2839 1648 2891 El
1667 2838 1725 2892 δὲ

147 2927 350 2983 ἁλῶναι
374 2928 668 2998 δυνηθεῖεν,
692 2930 1023 3000 πραΰνονταί
1038 2946 1121 2998 γε,
1140 2928 1252 2982 ἀλλ’
1272 2931 1369 3000 οὐχ
1391 2932 1439 2983 οἱ
1459 2930 1721 3000 μέγιστοι,

147 3021 247 3074 καὶ
272 3020 600 3092 ὴμεροῦνταί
617 3037 700 3089 γε.
719 3021 812 3074 καὶ
838 3020 1078 3089 γίνονταί
1097 3037 1158 3088 γε
1181 3022 1351 3091 ῥᾷστα
1363 3021 1628 3084 τιθασσοὶ,
1648 3023 1722 3086 ὡς

147 3112 306 3180 ἄγειν
330 3128 389 3165 τε
411 3112 515 3164 ὑπὸ
539 3112 790 3183 ῥυτῆρος,
807 3112 902 3164 καὶ
919 3112 1060 3164 κατὰ
1077 3114 1425 3181 κυναγωγοὺς
1444 3113 1538 3166 ἐπὶ
1554 3113 1721 3185 θήραν

147 3203 419 3275 κεμάδων,
434 3206 526 3257 καὶ
537 3204 769 3273 ἐλάφων.
785 3204 876 3256 καὶ
889 3203 1050 3268 συῶν,
1070 3206 1163 3258 καὶ
1173 3204 1271 3257 ταύ
1279 3205 1503 3276 ρων,καὶ
1516 3205 1723 3276 ἀγρίων

144 3299 304 3352 ὄνων⁹
339 3299 445 3351 εἰσὶ
465 3298 572 3369 γὰρ
596 3299 687 3352 καὶ
711 3298 1084 3369 ῥινηλατῆσαι,
1113 3297 1188 3361 ὡς
1207 3299 1412 3362 ἀκούω,
1442 3299 1622 3352 δεινοί.
1658 3298 1722 3352 Et

150 3389 369 3446 Marcus
390 3389 542 3444 Pauli
580 3390 836 3454 Venetus,
871 3391 964 3445 lib.
992 3409 1029 3445 ii
1047 3390 1123 3444 De
1151 3390 1385 3444 moribus
1411 3399 1460 3444 et
1487 3400 1718 3446 consuet.

149 3483 359 3540 Orient.
423 3485 688 3554 regionum
741 3492 790 3537 et
838 3482 1210 3546 Tartarorum,
1240 3484 1310 3538 de
1342 3499 1539 3553 magno
1587 3482 1721 3536 Kam

147 3578 318 3632 verba
351 3576 574 3639 faciens,
605 3576 796 3642 Habet,
823 3576 1035 3638 scribit,
1096 3591 1187 3630 rex
1220 3591 1316 3644 pro
1339 3591 1450 3630 sua:
1483 3577 1716 3630 uenatio-

148 3671 232 3723 nis
261 3669 456 3722 solatio
490 3667 767 3738 leopardos
795 3668 985 3722 multos
1014 3666 1350 3731 domesticos,
1374 3670 1465 3738 qui
1494 3685 1611 3722 cum
1637 3668 1724 3723 ho-

146 3761 378 3815 minibus
421 3759 488 3813 ad
531 3761 851 3814 narrationem
902 3759 1100 3814 assueti
1149 3768 1292 3825 sunt,
1327 3769 1378 3813 et
1424 3775 1518 3829 pro
1566 3761 1720 3829 hujus

145 3854 421 3908 uenatione
452 3853 652 3921 optimi,
685 3852 979 3922 multasque
1018 3851 1210 3906 bestias
1236 3853 1470 3921 capiunt.
1513 3853 1718 3907 Simili-

145 3957 227 4000 ter
258 3945 452 3999 linceos
503 3944 655 3998 habet
711 3943 780 3997 ad
840 3945 1130 3998 venandum
1189 3946 1499 4000 industrios.
1548 3944 1720 3998 Habet

143 4040 307 4094 etiam
339 4037 508 4092 leones
554 4037 815 4090 maximos
845 4046 893 4090 et
919 4036 1317 4104 pulcherrimos,
1356 4035 1579 4105 majores
1609 4036 1718 4090 illis

140 4131 235 4199 qui
264 4131 320 4183 in
364 4128 662 4198 Babylonia
690 4138 834 4192 sunt,
861 4130 951 4198 qui
979 4129 1033 4182 in
1063 4130 1172 4198 pilo
1223 4129 1439 4198 pellium
1493 4129 1717 4199 ungulas

140 4222 338 4277 habent
371 4239 464 4292 per
505 4223 715 4292 longum
749 4221 943 4276 coloris
972 4223 1130 4285 varii,
1162 4223 1297 4291 nigri
1321 4231 1371 4275 et
1403 4220 1569 4274 rubri.
1613 4220 1717 4287 Qui

138 4317 309 4370 etiam
339 4314 482 4368 docti
528 4325 650 4368 sunt
701 4331 820 4368 cum
865 4313 1162 4368 hominibus
1215 4313 1414 4377 venari,
1452 4322 1502 4366 et
1535 4328 1713 4380 apros,

136 4423 320 4470 ursos,
351 4423 548 4466 cervos,
603 4421 813 4474 capras,
863 4422 1111 4475 onagros,
1156 4403 1408 4474 bovesque
1451 4404 1715 4458 silvestres

1267 334 1334 390 IN
1376 335 1747 394 EUSTATHII
1790 335 2262 393 HEXAEMERON
2290 329 2525 391 NOTAE.

1761 461 1806 518 Α
1835 453 2087 525 σώματος
2115 454 2274 528 ῥώμῃ
2295 454 2620 528 θαρροῦντος
2637 455 2823 527 ἄμφω,
2849 451 2967 509 εἶτα
2979 458 3041 511 οὑ
3061 456 3228 511 δεῖται
3248 457 3406 512 θατέ-

3297 341 3402 395 926

1837 560 1930 614 pou
1947 546 1974 597 ὁ
1991 544 2194 615 ἕτερος,
2212 545 2288 607 ὥς
2304 562 2466 613 φασιν
2481 547 2527 597 oi
2551 546 2926 619 πρεσϐύτεροι.
2939 545 3170 610 Plinius,
3185 548 3401 612 lib.vm,

1833 652 1953 705 cap.
1979 637 2067 700 l6,
2102 638 2238 692 alias
2269 638 2431 707 hujus
2461 639 2537 692 rei
2561 654 2758 694 causas
2776 640 2964 695 all‘eit:
2993 639 3325 696 Generositas
3349 643 3404 695 in

1833 728 2079 796 periculis
2111 729 2339 782 maxime
2360 729 2761 798 deprehenditur
2791 747 2808 783 :
2834 749 2936 786 non
2969 734 3023 786 in
3048 733 3141 786 illo
3173 742 3406 786 tantum-

1843 818 2020 883 modo,
2063 819 2200 889 quod
2233 837 2476 890 spernens
2503 824 2605 876 tela
2639 823 2730 876 diu
2758 841 2812 878 se
2840 836 3035 879 terrore
3062 825 3176 879 solo
3208 834 3402 888 tuetur,

1839 928 1901 964 ac
1943 913 2085 965 velut
2115 913 2231 983 cogi
2266 922 2486 968 testatur
2515 916 2884 986 :cooriturque
2905 935 3008 972 non
3045 926 3302 988 tanquam
3324 933 3408 987 pe-

1836 1005 2004 1058 riculo
2027 1015 2260 1068 coactus,
2285 1007 2373 1060 sed
2405 1016 2654 1076 tanquam
2683 1011 2926 1063 amentiw
2947 1011 3137 1064 iratus.
3173 1007 3282 1063 Illa
3313 1026 3407 1062 no-

1837 1093 1992 1146 bilior
2045 1097 2212 1148 animi
2256 1097 2596 1165 signiﬁcatio,
2649 1099 2934 1167 quamlibet
2975 1115 3168 1168 magna
3213 1115 3407 1152 canum

1832 1197 1882 1242 et
1943 1190 2248 1242 venantium
2291 1199 2502 1258 urgente
2555 1190 2623 1252 vi,
2659 1191 3011 1256 contemptim,
3056 1192 3408 1260 restitansque

1835 1279 1982 1334 cedit
2014 1281 2068 1333 in
2101 1281 2300 1348 campis
2325 1289 2371 1334 et
2418 1281 2504 1333 ubi
2543 1283 2764 1347 spectari
2783 1281 2980 1350 potest.
3009 1281 3156 1335 Idem
3189 1282 3278 1336 ubi
3301 1299 3408 1335 ctr-

1837 1373 1987 1442 gulta
2035 1371 2306 1442 silvasque
2342 1381 2648 1442 penetravit,
2697 1375 2952 1427 acerrimo
3000 1389 3158 1428 cursu
3212 1375 3401 1443 fertur,

1834 1466 1973 1520 velut
2023 1465 2370 1520 abscondente
2404 1466 2776 1534 turpitudinem
2819 1467 2951 1521 loco.
2983 1466 3178 1522 Noster
3211 1474 3404 1520 auctor

1833 1556 2100 1627 quasdam
2150 1572 2217 1611 ex
2271 1558 2359 1612 his
2411 1558 2623 1626 attigit,
2660 1559 2795 1614 alias
2849 1559 3116 1627 adjunxit,
3151 1559 3280 1612 dum
3325 1559 3402 1612 illi

1836 1648 2191 1704 solitudinem
2235 1659 2288 1704 et
2329 1663 2606 1703 recessum
2653 1651 2849 1713 amica,
2889 1658 2942 1705 et
2969 1651 3122 1706 cibos
3147 1657 3402 1706 externos

1831 1739 2184 1811 dedignando
2219 1755 2392 1796 novos
2418 1755 2703 1811 capessere
2733 1741 2978 1796 aﬂirmat.

1907 1833 2066 1898 lbid.,
2118 1834 2214 1888 lin.
2244 1833 2334 1888 49.
2387 1833 2538 1887 Οὐδὲ
2587 1833 2794 1902 χθιζὴν
2848 1832 3094 1903 τροφήν.
3150 1833 3403 1890 Elianus

1827 1921 1905 1976 De
1945 1923 2070 1976 hist.
2102 1923 2348 1988 animal.,
2382 1923 2474 1976 lib.
2509 1939 2562 1987 ν,
2595 1938 2714 1993 cap.
2754 1923 2842 1989 59,
2875 1923 3036 1993 hujus
3073 1925 3150 1978 rei
3181 1940 3400 1978 causam

1827 2025 1881 2070 et
1915 2015 2137 2070 modum
2167 2024 2375 2083 narrat,
2395 2031 2498 2071 nec
2529 2016 2583 2070 in
2613 2017 2867 2071 omnibus
2901 2032 3085 2071 verum
3113 2033 3235 2072 esse
3265 2018 3398 2071 Vult.

1829 2109 1998 2162 Ὅταν
2025 2109 2081 2162 δὲ
2111 2110 2192 2171 είς
2223 2109 2383 2179 κόρον
2425 2108 2732 2180 ἐμπλησθῇ,
2774 2109 3019 2180 βούλεται
3055 2109 3150 2180 μὲν
3179 2109 3403 2181 ταμιεύ-

1830 2197 2023 2251 σασθαι
2053 2198 2148 2250 καὶ
2205 2198 2446 2262 εἰσαῦθις
2479 2197 2640 2261 αίδὼς
2677 2199 2734 2252 δὲ
2787 2199 2925 2269 ἴσχει
2958 2200 3116 2253 αὑτὸν
3149 2205 3403 2272 φρουρεῖν

1828 2289 2232 2360 παραμένοντα,
2256 2289 2331 2352 ὼς
2360 2291 2565 2361 τροφῆς
2589 2291 2742 2360 χήτει
2769 2289 2925 2361 λιμὸν
2943 2291 3169 2345 δεδιότα.
3194 2292 3402 2345 Οὐκοῦν

1827 2379 2132 2452 περιχανὼν
2161 2382 2357 2450 ὲμπνετ
2390 2381 2486 2450 μὲν
2530 2379 2622 2433 τοῦ
2655 2381 2774 2434 καθ’
2803 2381 2962 2434 αὐτὸν
2990 2381 3282 2452 ἄσθματος,
3307 2382 3404 2435 καὶ

1825 2470 1998 2540 τούτῳ
2027 2471 2125 2542 τὴν
2153 2469 2398 2542 φυλακὴν
2439 2471 2739 2542 ἐπιτρέπει,
2765 2471 3164 2525 ἀπαλλάττεταί
3199 2488 3261 2540 γε
3295 2473 3402 2541 μὴν
3503 2499 3506 2501 λ

1826 2561 2006 2624 αὐτός.
2037 2560 2116 2614 Τά
2153 2561 2210 2614 δὲ
2245 2560 2378 2615 ἄλλα
2407 2559 2520 2625 ζῶα
2555 2563 2776 2632 ἥκοντα,
2815 2564 2908 2616 καὶ
2947 2561 3242 2632 αἰσθόμενα
3269 2563 3400 2614 ὅπου

1823 2651 2070 2722 λείψανον
2101 2655 2216 2706 ἐστι
2241 2653 2302 2706 τὸ
2331 2652 2599 2721 κείμενον,
2627 2653 2688 2706 ού
2721 2653 2958 2724 τολμῶσι
2991 2652 3399 2725 προσάψασθαι,

1825 2743 1937 2796 ἀλλ’
1967 2743 2366 2798 ἀπαλλάττεται
2397 2743 2602 2798 δεδιότα
2632 2745 2805 2798 δοκεῖν
2836 2745 3020 2816 abuit,
3060 2745 3153 2798 καὶ
3179 2747 3402 2816 περικό-

1827 2852 1979 2889 πτειν
2019 2853 2072 2890 τι
2099 2835 2193 2890 τοῦ
2239 2837 2500 2908 σφετέρου
2533 2837 2811 2906 βασιλέως.
2847 2836 2948 2890 Τὸν
2981 2838 3038 2892 δὲ
3067 2839 3194 2909 ἄρα,
3219 2841 3266 2891 εἰ
3299 2839 3402 2909 μὲν

1825 2929 2051 3002 εὐθηρία
2083 2930 2290 2998 γένοιτο
2323 2931 2416 2984 καὶ
2450 2929 2662 2999 ἐτέρου,
2712 2931 2804 2983 καὶ
2847 2931 3094 3001 εὐερμία.
3124 2931 3261 3002 λήθη
3307 2933 3401 2984 τοῦ

1827 3021 2042 3094 πρώτου
2071 3023 2354 3095 λαμϐάνει,
2383 3024 2476 3077 καὶ
2509 3023 2584 3086 ὼς
2611 3023 2774 3076 ἕωλον
2799 3023 3090 3092 ἀτιμάσας,
3124 3024 3402 3079 ἀπαλλάτ-

1825 3133 1996 3178 τεται,
2023 3119 2069 3169 εἰ
2095 3117 2152 3170 δὲ
2183 3115 2256 3187 μὴ
2280 3117 2354 3178 ὼς
2387 3115 2472 3168 ἐπ’
2501 3117 2696 3168 οίκείον
2726 3114 3074 3188 θησαύρισμα
3099 3119 3404 3190 παραγένε-

1823 3228 1932 3263 ται.
1968 3209 2162 3265 Eadem
2197 3210 2357 3264 habet
2389 3207 2540 3264 Phile
2573 3209 2627 3263 in
2659 3208 2879 3274 lambis,
2913 3211 3186 3280 quomodo
3219 3221 3399 3266 autem

1823 3308 2078 3355 vescatur
2116 3300 2378 3353 carnibus
2421 3306 2476 3352 et
2523 3299 2647 3353 cibo
2694 3305 2878 3352 utatur
2940 3301 3250 3364 immodico,
3283 3301 3400 3356 ine-

1823 3391 2078 3460 diamque
2123 3395 2377 3460 patiatur,
2418 3390 2609 3445 scribit
2653 3389 2992 3456 Aristoteles,
3042 3390 3118 3445 De
3174 3392 3400 3445 historia

1822 3483 2010 3545 anim.,
2037 3482 2132 3536 lib.
2165 3497 2284 3546 vm,
2319 3497 2437 3551 cap.
2460 3481 2512 3535 5.

1892 3572 2028 3628 Ibid.
2093 3573 2188 3629 lin.
2251 3573 2338 3629 30.
2397 3571 2632 3637 Ὀξεῖαν
2681 3571 2733 3625 δ’
2788 3572 3058 3642 ἐχειτὴν
3086 3573 3398 3642 αἴσθησιν.

1823 3666 2097 3731 ιέΕιίτιιιυε,
2131 3667 2228 3721 lib.
2260 3682 2398 3729 xvu,
2450 3681 2572 3739 cap.
2602 3667 2693 3732 26,
2720 3667 2840 3721 Elei.
2863 3666 2972 3738 γὰρ
3002 3666 3076 3730 ὡς
3097 3665 3278 3719 ἀκούω
3306 3667 3401 3720 καὶ

1823 3758 2177 3830 ρινηλατῆσαι
2207 3757 2390 3814 δεινοί.

1895 3849 2052 3916 lbid.,
2111 3850 2205 3902 lin.
2264 3850 2352 3906 δε.
2408 3849 2489 3905 Τὰ
2533 3852 2673 3920 τχνη
2702 3849 2775 3918 τῇ
2803 3848 3282 3916 comminans.
3319 3847 3401 3902 De

1819 3942 2006 3997 histor.
2043 3941 2289 4004 animal.,
2333 3942 2426 3996 lib.
2461 3959 2537 4006 ix,
2577 3957 2698 4012 cap.
2735 3942 2822 4005 50,
2865 3943 3014 3995 Λέων
3043 3941 3100 3994 δὲ
3134 3941 3259 3995 ὅταν
3301 3940 3399 4012 βα-

1817 4031 1937 4104 δίζῃ
1967 4031 2066 4084 οὐκ
2093 4031 2367 4102 εὐθύωρον
2403 4031 2670 4103 πρόεισιν,
2701 4032 2820 4084 οὐδὲ
2852 4033 2918 4102 ἐᾷ
2947 4030 3056 4083 τῶν
3087 4029 3246 4102 ἰχνῶν
3274 4031 3400 4084 ἑαυ-

1816 4121 1910 4175 τοῦ
1938 4121 2086 4176 ἁπλᾶ
2111 4118 2252 4176 εἶναι
2280 4123 2372 4176 καὶ
2397 4123 2466 4176 τά
2503 4123 2817 4192 ἰνδάλματα,
2851 4122 2987 4176 ἀλλά
3027 4123 3102 4194 πὴ
3133 4122 3231 4194 μὲν
3261 4124 3398 4196 πρό-

1817 4229 1945 4278 εισι,
1975 4214 2051 4286 πὴ
2073 4214 2130 4267 δὲ
2161 4217 2426 4278 ἐπάνεισι,
2460 4217 2553 4270 καὶ
2577 4211 2642 4270 αὖ
2674 4217 2834 4271 πάλιν
2862 4215 2955 4269 τοῦ
2987 4217 3173 4288 πρόσω
3195 4217 3396 4287 ἔχεται,

1818 4309 1913 4360 καὶ
1951 4309 2132 4379 μέντοι
2163 4309 2256 4362 καὶ
2285 4309 2420 4361 ἵεται
2467 4307 2793 4380 τοῠμπαλιν.
2826 4304 2961 4363 Εἶτα
3000 4311 3276 4380 προχωρεῖ
3298 4310 3398 4380 τὴν

1817 4399 1954 4463 ὁδὸν,
1984 4401 2078 4454 καὶ⁹
2131 4399 2383 4470 ἀφανίζει
2412 4404 2522 4464 τοῖς
2560 4401 2821 4473 θηραταῖς
2857 4403 2991 4455 ἰέναι
3025 4402 3166 4455 κατά
3196 4399 3396 4465 στίϐον,

136 4518 262 4555 cum
316 4498 651 4554 venatoribus
707 4515 909 4569 capere.
975 4496 1200 4564 Quando
1261 4497 1396 4566 regis
1451 4505 1717 4551 venatores

1831 4492 1919 4564 τὴν
1953 4493 2166 4558 ἑαυτοῦ,
2189 4494 2281 4547 καὶ
2306 4494 2502 4566 ῥᾳδίως
2525 4494 2622 4566 τὴν
2652 4495 2839 4566 κοίτην
2867 4494 2999 4548 ἔνθα
3037 4493 3394 4558 ἀναπαύεται,

138 4593 317 4647 leones
355 4592 532 4645 uolunt
562 4607 736 4644 secum
783 4591 854 4644 ad
887 4591 1211 4645 venationem
1240 4589 1446 4651 ducere,
1490 4591 1620 4642 duos
1649 4603 1714 4642 ea:

135 4687 215 4740 eis
242 4685 296 4737 in
329 4684 507 4738 calvea
554 4682 771 4748 ducunt,
803 4700 1026 4754 quorum
1063 4682 1280 4754 quilibet
1319 4684 1532 4736 comites
1562 4681 1714 4737 habet

136 4777 350 4848 aquilas
374 4777 570 4830 multas
600 4776 1067 4846 domesticas,qua:
1091 4775 1221 4828 adeo
1261 4775 1456 4843 feroces
1480 4785 1621 4836 sunt,
1657 4783 1714 4828 ut

136 4871 366 4938 lepores,
391 4885 603 4938 capras,
631 4867 899 4934 damulas,
931 4869 1107 4936 vulpes
1142 4869 1356 4934 capiant
1385 4885 1403 4920 :
1435 4867 1564 4920 intes
1582 4881 1714 4936 quas

137 4970 309 5016 tanta
341 4960 584 5014 audacias
627 4960 876 5028 plurimm
909 4972 1052 5023 sunt,
1089 4967 1147 5010 ut
1186 4973 1376 5027 magno
1413 4957 1604 5025 impetu
1661 4959 1716 5010 in

160 5069 296 5122 upos
325 5053 590 5117 insiliant,
626 5067 715 5106 nec
743 5051 807 5105 ab
836 5053 910 5105 eis
942 5069 995 5104 se
1020 5051 1224 5120 possint
1259 5051 1368 5119 lupi
1416 5050 1712 5120 defendere,

132 5147 306 5200 donec
334 5145 638 5214 capiantur.
684 5143 926 5199 Leonum
960 5146 1142 5214 itaque
1176 5143 1560 5214 generositatis
1591 5158 1716 5196 cau-

135 5250 263 5314 sam
283 5237 349 5290 ad
377 5235 524 5290 aliud
559 5247 723 5305 caput
762 5236 982 5290 videtur
1022 5235 1227 5290 referre
1258 5235 1398 5290 idem
1436 5233 1712 5297 Elianus,

133 5329 238 5383 lib.
279 5340 497 5395 iv,cap.
535 5325 627 5380 25.
649 5325 805 5392 Quod
847 5342 954 5380 non
986 5325 1149 5381 simul
1181 5326 1282 5391 leo,
1304 5333 1358 5379 et
1389 5325 1574 5390 leaena,
1617 5323 1714 5379 sed

133 5417 374 5472 seorsim
427 5417 495 5470 ad
548 5418 890 5472 venationem
948 5424 1001 5472 et
1051 5425 1238 5486 potum
1295 5417 1512 5482 abeant,
1566 5417 1712 5487 quod

131 5509 258 5564 suis
293 5517 526 5579 uterque
572 5510 782 5565 viribus
822 5509 1087 5576 conlisus,
1135 5510 1362 5566 alterius
1391 5524 1550 5580 opem
1602 5525 1712 5564 non

129 5601 434 5658 desideret.
479 5603 643 5656 Λύκω
676 5603 940 5673 συννόμω,
977 5603 1069 5656 καὶ
1101 5603 1268 5667 ἵππω,
1299 5602 1480 5656 λέοντέ
1507 5621 1572 5673 γε
1608 5603 1713 5675 μὴν

129 5695 235 5752 οὐκ
257 5695 434 5748 ἐστόν.
463 5694 666 5749 Λέαινα
691 5694 800 5765 γὰρ
826 5695 919 5748 καὶ
939 5694 1072 5748 λέων
1091 5693 1214 5748 οὔτε
1238 5695 1335 5766 τὴν
1356 5695 1524 5766 αὐτὴν
1548 5697 1710 5756 ἴασιν,

130 5781 262 5840 οὔτε
297 5785 392 5838 ἐπὶ
426 5784 618 5859 θήρας,
651 5784 773 5839 οὔτε
806 5787 1068 5858 πιόμενοι.
1113 5775 1184 5842 Τὸ
1223 5787 1280 5844 δὲ
1317 5787 1487 5841 αἴτιον
1523 5790 1587 5858 τῇ
1620 5786 1710 5841 τοῦ

1816 4586 1910 4638 καὶ
1959 4586 2100 4638 οἰκεῖ
2147 4586 2243 4639 σὺν
2292 4589 2405 4649 τοῖς
2453 4585 2714 4656 σκύμνοις
2753 4585 3047 4657 εὑρίσκειν.
3083 4583 3152 4639 Et
3202 4583 3398 4640 Petrus

1817 4673 2140 4739 Damianus,
2176 4675 2271 4730 lib.
2313 4691 2372 4740 ll,
2406 4677 2570 4746 epist.
2601 4676 2688 4738 18,
2727 4673 2828 4730 Leo
2857 4692 2975 4730 cum
3004 4693 3037 4729 ιι
3063 4673 3396 4729 venatoribus

1813 4767 2090 4833 quarritur,
2123 4782 2304 4820 eorum
2333 4767 2571 4835 protinus
2631 4763 2788 4820 odore
2841 4774 3083 4834 concepto
3129 4775 3186 4818 ut
3220 4781 3396 4837 perse-

1813 4859 2079 4927 quentium
2125 4874 2180 4912 se
2222 4857 2436 4911 deludat
2465 4858 2784 4928 indaginem,
2820 4867 3040 4912 versuta:
3065 4857 3220 4912 struit
3248 4855 3396 4926 [rau-

1814 4951 2066 5005 dulentite
2129 4953 2434 5005 novitatem.
2501 4950 2744 5006 Caudam
2808 4951 2993 5020 quippe
3057 4965 3148 5018 per
3199 4959 3393 5004 terram

1819 5043 2029 5098 trahens
2080 5045 2301 5115 vestigia
2339 5061 2438 5098 sua
2473 5043 2598 5098 dum
2630 5044 2874 5115 graditur
2903 5044 3087 5114 operit,
3113 5045 3288 5113 sicque
3310 5059 3395 5096 ve-

1817 5139 2058 5192 nantium
2086 5139 2300 5210 laqueos
2331 5157 2394 5193 ne
2424 5142 2666 5208 capiatur
2690 5138 2880 5192 evadit.

1885 5229 2045 5296 lbid.,
2080 5233 2174 5286 lin.
2210 5232 2296 5287 54.
2332 5232 2530 5301 Πηρός
2571 5231 2638 5286 δὲ
2665 5231 2849 5286 αὐτοῦ
2879 5233 2929 5284 ό.
2966 5227 3199 5282 Leonem
3233 5227 3386 5283 nasci

1814 5324 1991 5378 oculis
2030 5324 2234 5394 apertis
2266 5323 2607 5378 Democritus
2662 5323 2862 5386 aiebat,
2907 5330 3167 5388 tanquam
3201 5319 3388 5371 statim

1815 5431 1844 5469 a
1874 5424 2030 5486 partu
2065 5417 2408 5470 iracundum.
2443 5415 2716 5475 Elianus,
2753 5413 2850 5466 lib.
2881 5429 2934 5476 v,
2951 5426 3072 5482 cap.
3091 5409 3193 5464 39:
3226 5409 3389 5478 Λέγει

1814 5507 2153 5578 Δημόκριτος
2186 5506 2294 5560 τῶν
2343 5505 2498 5572 ζώων
2552 5506 2709 5576 μόνον
2752 5504 2844 5557 τὸν
2895 5502 3080 5555 λέοντα
3113 5501 3393 5554 ἐκπεπτω-

1817 5600 1997 5670 μένοις
2047 5598 2326 5654 τίκτεσθαι
2366 5603 2478 5663 τοῖς
2527 5598 2842 5668 ὀφθαλμοῖς,
2873 5595 2975 5667 ἤδη
3021 5593 3220 5664 τρόπον
3269 5592 3389 5645 τινὰ

1812 5689 2218 5762 τεθυμωμένον,
2253 5692 2348 5744 καὶ
2379 5689 2438 5755 ἐξ
2479 5690 2682 5743 ὠδίνων
2708 5686 3026 5759 δρασείοντά
3052 5702 3104 5738 τι
3138 5684 3385 5754 μανικόν.

1814 5781 1934 5854 lpse
1979 5792 2178 5852 tamen,
2212 5797 2331 5854 cap.
2365 5781 2454 5848 24,
2495 5783 2556 5836 Ol
2586 5780 2641 5834 δὲ
2674 5778 2898 5850 σκύμνοι
2937 5775 3269 5848 ἀρτιγεννεῖς
3297 5791 3386 5844 μι-
