3810 6168
441 303 545 356 9’27

444 438 569 494 κροι
602 420 665 475 τέ
692 422 800 476 εισι
833 422 930 476 καὶ
960 421 1173 493 τυφλοί,
1209 430 1266 478 et
1296 420 1471 489 Phile,
1499 423 1557 478 in
1582 423 1779 481 iambis

517 533 697 617 ᾼ-υοῒτ
724 533 793 617 ρὰ
811 533 1025 617 puni)!-
1034 535 1125 616 fit
1152 534 1361 617 ,βρέφη
1389 535 1755 617 προέρχεται,

429 658 438 667 ,
517 604 786 669 Σκύλαξι
816 604 1088 673 τυφλοῖς
1139 604 1384 674 ἐμφερῆ,
1413 607 1509 659 καὶ
1537 604 1807 674 μετρίως,

515 673 626 727 Kal
658 674 884 728 λευκὸν
915 673 1293 745 ἐμπίπτον-ταί
1308 673 1593 743 μαστεύει
1614 675 1789 746 τάλα.

448 785 517 840 Et
543 786 809 844 ridiculus
840 803 971 844 sane
1023 788 1238 844 censeri
1278 786 1522 857 deberet,
1557 790 1605 846 si
1633 790 1757 860 quis
1787 802 1886 860 pro
1914 788 2017 845 De-

452 875 708 943 mocrito,
737 877 943 934 diceret
972 893 1096 934 eum
1127 892 1239 934 non
1278 879 1402 935 ideo
1430 879 1648 935 leonum
1676 880 1877 936 liberos
1909 895 2015 936 cae-

448 981 544 1022 cos
579 981 687 1022 non
737 982 860 1024 esse
899 967 1165 1024 allirmare
1209 970 1355 1040 quod
1406 971 1608 1041 apertis
1639 970 1813 1027 oculis
1862 971 2016 1026 nasci

446 1054 696 1113 dixisset.
753 1055 1011 1114 Videmus
1067 1058 1212 1113 enim
1276 1058 1523 1129 quaedam
1570 1060 1841 1125 animalia,
1896 1074 2039 1130 quaa'

445 1150 547 1205 etsi
581 1157 827 1222 patentes
879 1151 1081 1207 habent
1110 1153 1323 1222 oculos,
1352 1160 1537 1207 tamen
1581 1168 1691 1208 non
1717 1152 1925 1217 vident,
1958 1162 2017 1208 ut

449 1241 603 1310 lepus
655 1240 786 1296 dum
846 1240 1071 1306 dormit,
1103 1248 1159 1296 et
1214 1257 1318 1296 nos
1368 1242 1534 1298 etiam
1582 1242 1725 1296 infra
1764 1242 1834 1297 de
1861 1243 2016 1298 leone

446 1332 713 1388 dicemus.
777 1331 904 1388 Pari
967 1333 1148 1403 itaque
1201 1333 1411 1388 ratione
1471 1347 1758 1405 possemus
1811 1331 2013 1397 dicere,

446 1422 633 1479 leones
672 1423 801 1479 dum
847 1434 1173 1488 nascuntur,
1206 1423 1455 1493 quamvis
1516 1423 1725 1494 apertis
1765 1431 1820 1479 et
1858 1414 2016 1478 hian-

444 1513 592 1570 tibus
616 1515 727 1570 sint
749 1516 945 1583 oculis,
973 1531 1148 1571 caecos
1185 1530 1327 1579 esse,
1367 1529 1547 1585 neque
1573 1529 1823 1569 cernere.
1851 1513 2017 1568 Nam-

1776 303 2022 360 LEONIS
2053 302 2326 359 ALLATII

2037 433 2088 491 Α
2123 439 2242 484 xm.
2270 439 2392 494 cap.
2440 424 2494 480 8.
2542 420 2799 476 Nicolaus
2829 392 3250 474 Leonicenusin
3281 414 3679 486 questionibus

3576 295 3677 350 938

2114 514 2457 569 naturalibus
2480 512 2618 568 duas
2636 510 2869 580 hujusce
2888 507 3235 581 proprietatis
3257 519 3460 561 causas
3482 503 3675 559 reddit.

2117 607 2227 665 Cur
2249 608 2421 662 leones
2452 605 2695 660 iracundi
2741 612 2886 673 terga
2931 616 3032 655 sua
3058 598 3232 654 cauda
3257 596 3544 667 ﬂagellant
3562 595 3587 646 .‘
3607 596 3676 648 An

2116 701 2242 771 quia
2270 700 2479 754 leonum
2506 697 2667 751 animi
2698 696 2855 749 index
2874 704 2951 748 est
2973 690 3183 746 cauda?
3207 697 3263 745 et
3284 690 3504 759 reliqua
3525 685 3677 741 Plinii

2117 792 2303 845 verba.
2330 791 2415 844 An
2453 787 2591 861 quod
2633 785 3169 847 iracundia,’accenso
3211 781 3353 833 circa
3383 777 3679 847 praecordia

2122 883 2315 947 calore,
2328 880 2596 949 provenire
2631 877 2867 943 dicitur}?
2887 873 3049 928 calidi
3071 872 3207 927 enim
3229 878 3306 925 est
3336 884 3551 924 mouere
3572 884 3677 922 cum

2124 975 2322 1041 omnia,
2338 984 2446 1028 tum
2473 988 2537 1027 ea
2564 971 2730 1041 magis
2750 978 2799 1025 et
2815 967 3065 1030 crebrius,
3085 981 3201 1036 qua:
3226 962 3518 1018 mobiliore
3551 961 3681 1014 exsi-

2117 1076 2285 1132 stunt,
2299 1067 2473 1137 qualis
2506 1080 2634 1118 sane
2653 1065 2709 1117 in
2739 1060 3093 1116 animantibus
3115 1057 3352 1113 omnibus
3382 1065 3465 1109 est
3488 1052 3678 1108 cauda.

2115 1158 2253 1214 Hinc
2275 1157 2447 1213 cauda
2469 1154 2664 1210 ἀλκαια
2682 1150 3006 1222 dicta,quod
3023 1149 3115 1205 illa
3134 1164 3195 1205 se
3213 1148 3283 1203 ad
3301 1145 3680 1202 fortitudinem

2113 1252 2333 1307 excitet.
2360 1249 2633 1318 interpres
2669 1244 2941 1318 Apollonii
2963 1243 3057 1298 lib.
3091 1257 3166 1306 Iv,
3205 1240 3438 1311 ’Δλκαιη
3467 1238 3684 1306 λέγεται

2114 1341 2318 1413 κυρίως
2357 1341 2391 1411 ἠ
2439 1339 2533 1393 τοῦ
2570 1338 2779 1400 λέοντος
2815 1334 2971 1408 οὐρὰ,
2999 1331 3172 1388 ἁπὺδ¹
3205 1331 3375 1401 αὐτῆς
3399 1330 3487 1394 εἰς
3515 1328 3684 1399 ἀλκὴν

2113 1432 2427 1503 τρέπεσθαι.

2187 1525 2348 1592 lbid.,
2396 1523 2491 1578 lin.
2543 1523 2594 1578 7.
2651 1520 2931 1592 Γηράσας
2988 1518 3057 1572 δὲ
3085 1516 3183 1571 καὶ
3224 1516 3332 1581 εἰς.
3393 1512 3681 1582 Origenes,

445 1620 551 1675 que
588 1605 931 1671 Aristotcles,
963 1606 1052 1661 cui
1096 1607 1153 1661 in
1201 1606 1304 1660 hoc
1345 1606 1488 1661 sicut
1513 1612 1568 1659 et
1601 1604 1657 1659 in
1681 1605 1804 1660 aliis
1835 1604 2013 1674 potior

2121 1625 2221 1673 cat.
2266 1617 2323 1670 in
2363 1614 2557 1671 Jerem.
2590 1629 2711 1684 cap.
2741 1629 2796 1678 ν,
2824 1614 2878 1682 Ῡ.
2905 1610 2959 1675 6,
2990 1610 3051 1665 '0
3090 1610 3149 1664 δὲ
3178 1607 3332 1673 λέων,
3354 1604 3434 1669 ὡς
3455 1605 3686 1676 ἱστορεῖ-

450 1695 603 1761 lides,
635 1697 731 1751 lib.
764 1697 841 1751 De
865 1714 1036 1769 gener.
1057 1700 1221 1752 anim.
1270 1712 1322 1755 c.
1350 1697 1408 1761 4,
1440 1698 1538 1762 ait,
1574 1698 1722 1752 circa
1754 1695 2011 1763 medium,

2121 1727 2229 1777 ται,
2274 1709 2540 1781 γηράσας,
2582 1705 2711 1778 περὶ
2751 1704 2849 1768 τὰς
2894 1703 3073 1766 πόλεις
3131 1699 3369 1771 νέμεται,
3425 1694 3685 1767 θηρεύειν

450 1788 858 1860 Quadrupedum
879 1805 992 1860 qua:
1014 1790 1278 1861 multiﬁda
1296 1800 1438 1855 sunt,
1459 1800 1515 1844 ut
1536 1791 1707 1856 canis,
1728 1789 1828 1854 (eo,
1848 1789 2020 1858 lupus:
2054 1773 2093 1828 Β
2124 1773 2297 1856 θέλξοᾲ
2334 1773 2687 1872 ’ἀνθρώπουᾲ
2743 1796 3015 1861 Ειίδῃυε,
3072 1792 3148 1847 De
3201 1791 3386 1845 histor.
3450 1787 3681 1841 animal.

448 1881 642 1948 vulpes,
695 1882 846 1951 lupus
884 1887 1168 1949 cerrarius,
1202 1885 1378 1939 omnia
1404 1899 1566 1938 caecos
1599 1892 1864 1954 generant,
1887 1889 2001 1951 post

2121 1895 2206 1950 lib.
2265 1908 2341 1957 Iv,
2391 1907 2513 1963 cap.
2549 1890 2647 1955 54,
2684 1889 2791 1943 Τοῦ
2854 1889 3037 1960 γήρως
3065 1885 3123 1939 δὲ
3164 1881 3557 1955 ἑπαρχόμενος,
3589 1884 3690 1938 καὶ

445 1970 703 2040 palpebrae
725 1973 990 2028 dehiscunt
1001 1983 1091 2038 ;et
1114 1976 1207 2029 lib.
1260 1990 1334 2042 Iv,
1360 1990 1482 2045 cap.
1503 1973 1555 2031 6.
1583 1972 1839 2040 Quazdam
1865 1973 2005 2026 enim

2121 1984 2210 2037 31th
2246 1982 2315 2037 τὰ
2344 1981 2507 2038 αὖλια
2530 1980 2767 2052 ἔρχεται,
2800 1978 2895 2033 καὶ
2933 1977 3024 2029 ὲπὶ
3054 1974 3150 2039 τὰς
3178 1971 3434 2037 καλύϐας,
3459 1972 3563 2023 καὶ
3590 1968 3687 2021 ἐπὶ

444 2077 510 2115 es:
540 2063 604 2116 iis
651 2066 854 2119 catulos
887 2067 1254 2121 inarticulatos
1285 2065 1656 2136 propemodum
1681 2066 1916 2133 pariunt.
1950 2074 2007 2117 ut

2121 2076 2203 2139 τὰς
2230 2075 2474 2147 οἰκήσεις
2497 2073 2593 2138 τὰς
2630 2071 2736 2126 τῶν
2773 2069 2979 2142 νομέων
3020 2066 3121 2131 τὰς
3169 2066 3489 2137 ύπάντρους.
3548 2062 3688 2124 Ταῖς

447 2151 643 2218 vulpes,
668 2167 816 2220 ursa,
847 2154 1034 2220 lewna,
1067 2166 1115 2210 et
1143 2157 1254 2210 alia
1282 2155 1561 2220 nonnulla,
1587 2154 1674 2210 sed
1705 2156 1880 2210 omnia
1902 2154 2010 2223 fere

2121 2167 2215 2240 γὰρ
2268 2167 2465 2239 ὀρείοις
2516 2165 2596 2218 ἔτι
2631 2164 2825 2237 θήραις
2875 2159 3188 2233 ὲπιθαρρεῖν
3215 2156 3468 2221 ἀδύνατός
3507 2155 3684 2208 ἐστιν.

446 2258 631 2310 caecos,
656 2255 713 2298 ut
740 2262 803 2300 ea
826 2263 942 2316 qua:
965 2247 1117 2301 modo
1141 2248 1255 2301 dixi
1285 2256 1439 2317 atque
1464 2248 1628 2302 etiam
1657 2248 1826 2311 canis,
1860 2249 2004 2324 lupq,

448 2336 600 2404 lupus
630 2340 914 2393 cervarins.
954 2337 1020 2392 Et
1051 2339 1191 2395 inter
1214 2338 1314 2395 hos
1351 2348 1560 2393 tantum
1600 2340 1801 2409 excipit
1831 2354 2006 2401 suem,

447 2443 567 2498 quae
622 2429 738 2484 sola
783 2431 924 2500 parit
967 2432 1261 2501 perfectos.
1292 2430 1371 2486 Ex
1424 2433 1623 2503 quibus
1665 2432 1873 2487 clarum
1902 2441 2007 2493 est,

450 2518 674 2573 leaenam
732 2521 908 2574 oculis
963 2521 1202 2577 occlusis
1254 2521 1393 2577 ﬁlios
1434 2523 1670 2593 gignere.
1702 2520 1854 2576 Vana
1882 2536 2012 2592 ergo

445 2611 549 2664 erit
581 2625 645 2664 ac
675 2610 845 2666 futilis
876 2612 966 2665 illa
995 2627 1094 2682 pro
1135 2611 1445 2667 Democrito
1490 2614 1794 2683 responsio.
1825 2612 2015 2669 Dems-

446 2702 571 2755 criti
594 2703 901 2772 opinionem
936 2713 1160 2759 secutus
1193 2715 1276 2759 est
1303 2704 1465 2765 etiam
1503 2704 1849 2762 Plutarchus.

517 2791 679 2871 lbid.,
711 2792 807 2846 lin.
860 2792 949 2847 55.
978 2794 1087 2847 Kal
1129 2793 1284 2861 τρεῖς
1308 2793 1552 2863 ἡμέρας.
1594 2796 1930 2866 Epiphanius
1957 2800 2013 2852 in

450 2880 790 2952 Physiologo,
814 2897 936 2952 cap.
958 2881 1015 2947 2,
1034 2882 1204 2937 Ὅταν
1226 2882 1447 2955 τέξηται
1471 2886 1563 2938 τὸν
1592 2886 1759 2957 αὐτῆς
1782 2886 2016 2957 σκύμνον

452 2976 481 3045 ἡ
524 2973 731 3037 λέαινα,
760 2974 961 3028 ἄπνουν
988 2992 1047 3028 τε
1079 2975 1174 3029 καὶ
1201 2974 1397 3045 τυφλὸν
1429 2977 1786 3047 τυγχανόντα,
1817 2978 2015 3050 ἐμϐλέ-

2109 2260 2240 2327 Quae
2273 2258 2347 2312 ita
2369 2257 2612 2313 carmine
2646 2253 2918 2326 expressit
2937 2252 3088 2308 Phile
3119 2254 3176 2307 in
3205 2250 3419 2305 iambis.

2184 2395 2378 2447 Ὅταν
2407 2392 2477 2463 δὲ
2502 2388 2685 2463 γηρᾷ,
2703 2389 2802 2445 καὶ
2829 2388 3055 2463 τροφῆς
3075 2388 3280 2463 χρείαν⁸
3303 2385 3442 2463 ἔχει,

2197 2464 2352 2517 Ἐπεὶ
2386 2462 2451 2516 τὸ
2488 2454 2727 2531 ὁαρρεῖκ
2762 2454 2952 2527 etc—e6
2984 2454 3183 2531 essay,
3203 2454 3499 2531 cunelae,

2182 2532 2363 2600 Φοιτᾷ
2387 2531 2537 2601 πρὸς
2556 2525 2779 2601 ἃῖνροὺς
2800 2525 2903 2583 καὶ
2932 2531 3142 2599 νομαῖς
3159 2525 3472 2591 ἐναυλίοις.

2114 2645 2179 2699 Ει
2230 2646 2425 2698 horum
2442 2620 2453 2639 ’ἑ
2478 2641 2688 2713 primus
2752 2639 3074 2695 Aristoteles
3118 2635 3216 2692 lib.
3270 2649 3346 2698 Ix,
3409 2645 3536 2700 cap.
3591 2629 3682 2693 44,

2114 2739 2324 2794 Adeunt
2351 2734 2529 2799 urbes,
2558 2742 2609 2788 et
2633 2732 2886 2802 injuriam
2921 2727 3212 2784 hominibus
3241 2725 3490 2795 inferunt,
3516 2722 3687 2790 potis-
3749 2796 3754 2800 ἰ

2115 2832 2307 2884 simum
2331 2836 2556 2894 tempore
2587 2839 2696 2879 suae
2723 2821 3037 2877 senectutis:
3070 2830 3191 2872 tunc
3219 2817 3353 2872 enim
3379 2830 3467 2884 per
3489 2828 3683 2881 corpo-

2116 2921 2190 2975 ris
2218 2918 2654 2985 imbecillitatem,
2685 2925 2736 2972 et
2779 2914 3013 2970 dentium
3034 2911 3364 2981 defectionem
3393 2906 3580 2960 venari
3602 2921 3687 2957 nes

2115 3020 2330 3082 queunt.

448 3087 624 3125 πουσα
674 3070 1068 3143 προκαθέζεται
1118 3072 1457 3143 προσέχουσα
1511 3074 1661 3145 αύτῷ
1696 3077 2013 3147 τριήμερον.

448 3157 597 3179 ι.σ--λ
652 3158 701 3179 ΩΧ
754 3159 803 3179 _\
858 3175 907 3179 ,η
928 3178 949 3179 η
970 3159 1059 3179 -λη
1087 3176 1119 3179 4,
1157 3160 1215 3179 Λ·-
1248 3178 1303 3179 νην
1360 3162 1401 3179 ,t
1583 3166 1606 3179 ο
1701 3163 1726 3176 ἐ
1807 3166 1819 3179 ο
1949 3165 1975 3178 ιιι

2129 3070 2140 3082 ¹
2188 3100 2347 3169 llIid.,
2401 3100 2497 3156 lin.
2559 3098 2613 3153 8.
2650 3099 2825 3153 Ἔστι
2865 3095 2933 3149 δὲ
2965 3093 3151 3149 αὐτοῦ
3180 3091 3246 3146 τὸ
3275 3090 3482 3157 στόμα.
3504 3086 3686 3179 ωλι-ς-

446 3157 599 3212 Μετὰ
648 3158 705 3210 δὲ
750 3159 811 3212 τὸ
851 3159 1311 3232 συμπληρωθῆναι
1347 3162 1446 3226 τὰς
1488 3166 1635 3234 τρεῖς
1659 3163 1768 3219 τῶν
1797 3165 2015 3238 ἡμερῶν

448 3248 835 3322 προσπελάζων
864 3249 1038 3322 ἄρρην
1069 3250 1227 3316 λέων,
1250 3252 1343 3305 καὶ
1364 3254 1687 3323 ἐμφυσήσας
1720 3254 1887 3326 αύτῷ.
1923 3257 2017 3311 καὶ

446 3341 608 3406 εὐθὺς
640 3340 847 3412 βλέπει,
883 3342 977 3396 καὶ
1005 3341 1318 3415 ﬁlioeum
1350 3342 1657 3416 Physiologi
1684 3345 1867 3401 laudat
1894 3344 2017 3402 Ori-

454 3448 643 3503 genes,
686 3433 835 3487 hom.
868 3433 937 3487 l7
963 3435 1014 3487 in
1046 3450 1161 3504 cap.
1198 3451 1348 3501 xux,
1386 3435 1586 3494 Cenes.
1622 3457 1635 3492 :
1668 3438 2016 3509 Physiologus

444 3525 510 3579 de
536 3525 711 3581 catulo
737 3528 942 3581 leonum
961 3527 1069 3581 lucc
1099 3529 1301 3595 scribit,
1323 3530 1482 3600 quod,
1514 3547 1631 3585 cum
1654 3530 1811 3600 fuerit
1838 3542 2016 3597 natus,

448 3616 614 3671 tribus
642 3617 822 3671 diebus
860 3627 909 3671 et
934 3616 1100 3672 tribus
1124 3619 1361 3674 noctibus
1386 3619 1635 3676 dormiat.
1664 3621 1808 3675 Tunc
1836 3621 2020 3676 deinde

448 3711 616 3777 patris
643 3712 859 3779 gemitu,
902 3711 979 3764 vel
1026 3711 1227 3781 rugitu,
1264 3721 1517 3782 tanquam
1561 3712 1896 3783 tremefactus
1925 3729 2019 3767 cu-

451 3800 568 3854 bilis
616 3800 760 3855 locus
806 3802 1026 3855 suscitat
1082 3802 1321 3855 catulum
1365 3802 1730 3859 dormientem.
1774 3804 2017 3859 lsidorus

396 3912 397 3915 η
448 3889 690 3945 eamdem
729 3893 1054 3947 sententiam
1087 3908 1155 3947 ex
1196 3892 1428 3964 Origene
1456 3895 1770 3965 exscripsit.
1808 3893 1875 3948 Et
1904 3894 2015 3949 Ru-

451 3982 615 4048 linus,
649 3982 749 4037 lib.
800 3983 879 4039 De
930 3983 1182 4040 benedict.
1233 3986 1529 4054 patriarch.
1584 3986 1748 4041 refert
1798 3987 1937 4041 tradi
1985 4002 2016 4041 a

451 4076 788 4148 physiologis
835 4078 976 4132 hanc
1016 4092 1138 4135 esse
1175 4078 1342 4141 catuli
1379 4078 1556 4133 leonis
1588 4091 1867 4141 naturam,
1890 4094 2013 4132 cum

449 4175 613 4222 natus
641 4176 726 4223 est
749 4167 990 4223 triduum
1019 4169 1280 4234 dormire,
1304 4169 1462 4225 tertio
1490 4182 1667 4224 autem
1688 4169 1776 4225 die
1796 4168 2014 4224 fremitu

371 4288 374 4293 ~
452 4260 622 4332 patris
650 4250 967 4316 tremefacto
1004 4262 1170 4317 cubili
1204 4262 1454 4317 excitari.

520 4349 638 4405 Col.
682 4351 807 4418 740,
837 4352 933 4407 lin.
968 4351 1020 4406 l.
1073 4352 1280 4408 Ἠνὶκα
1315 4353 1367 4407 δ’
1415 4351 1720 4423 ἀνθρώπῳ.
1760 4352 2014 4409 Lucanus

451 4444 545 4499 lib.
592 4457 654 4506 ιι,
985 4444 992 4449 ⁷
1681 4473 1687 4477 -

555 4531 682 4588 Mox
713 4533 799 4587 ubi
852 4550 906 4587 se
950 4550 1100 4587 sava:
1129 4534 1417 4588 stimulavit
1448 4533 1650 4589 verbere
1678 4535 1881 4591 caudte.

446 4622 717 4685 .Elianus,
768 4623 858 4676 lib.
897 4639 971 4687 νι,
1034 4638 1155 4694 cap.
1210 4625 1264 4689 l,
1322 4625 1432 4678 Καὶ
1479 4623 1659 4694 μέντοι
1698 4623 1793 4678 καὶ
1824 4626 1852 4678 ὁ
1883 4623 2017 4677 λέων

444 4718 510 4787 τῇ
576 4713 774 4785 ἀλκαιᾳ
845 4714 1033 4768 ἑαυτὸν
1077 4714 1350 4783 ἐπεγείρει
1400 4712 1692 4783 μαστίζων,
1747 4713 1840 4766 καὶ
1886 4712 2013 4782 βλα-

445 4806 644 4872 κεύειν,
689 4806 783 4860 καὶ¹
823 4804 1050 4858 ἐλινύειν
1082 4806 1181 4858 οὐκ
1208 4804 1533 4876 ἐπιτρέπων.
1563 4804 1672 4857 Καὶ
1705 4802 1864 4855 τοῦτο
1899 4803 1955 4856 δὲ
1987 4807 2015 4856 ὁ

445 4897 672 4968 ποιητὴς
719 4895 872 4959 εἰδὼς
918 4896 1034 4968 ᾅδει
1076 4896 1201 4964 περὶ
1255 4893 1347 4947 τοῦ
1385 4894 1615 4957 λέοντος.
1668 4891 1733 4945 Ει
1768 4893 1858 4944 lib.
1893 4908 2010 4953 xm,

444 5003 565 5056 I'ap.
601 4987 685 5041 l4.
723 4986 955 5048 Plinius,
1000 4985 1094 5040 lib.
1128 4999 1249 5050 νιιι,
1305 4998 1426 5052 cap.
1464 4981 1552 5048 16,
1586 4980 1817 5035 Leonum
1847 4981 2013 5033 animi

446 5081 600 5133 index
631 5080 826 5141 cauda,
851 5079 984 5131 sicut
1017 5086 1066 5131 et
1095 5077 1326 5145 ipsorum
1357 5090 1530 5127 aures.
1566 5072 1806 5143 Namque
1836 5082 1885 5126 et
1914 5072 2010 5126 has

445 5182 595 5226 notas
641 5170 1044 5240 generasissimo
1084 5169 1267 5238 cuique
1301 5177 1496 5221 natura
1542 5167 1745 5219 tribuit.
1780 5164 2012 5219 Immota

444 5281 590 5331 ergo,
616 5262 879 5332 placidus,
922 5261 1166 5325 clemens,
1204 5258 1591 5327 blandienlique
1639 5256 1852 5323 similis,
1873 5257 2009 5325 quod

447 5369 626 5404 rarum
672 5363 748 5406 est
776 5366 793 5406 :
823 5350 1055 5405 crebrior
1084 5352 1219 5404 enim
1249 5349 1534 5403 iracundia
1570 5348 1682 5416 ejus
1720 5348 1776 5400 in
1813 5348 2010 5416 princi-

446 5443 530 5507 pio
571 5452 710 5496 terra
756 5442 1076 5508 uerberatur,
1106 5444 1419 5495 incremento
1451 5449 1616 5509 terga,
1659 5454 1751 5490 ceu
1780 5436 2008 5506 quodam

448 5533 783 5586 incitamento
849 5532 1205 5603 ﬂagellantur.
1296 5532 1641 5596 Theocritus,
1706 5527 1849 5599 Idyl.
1916 5530 2006 5588 ‘25.

461 5620 763 5691 Μακρὴνδὲ
818 5626 947 5696 παρῗ
1006 5626 1248 5699 ιγνύῃσιν
1300 5623 1471 5690 ἕλιξεν
1505 5623 1737 5694 Κέ’ρκον,
1769 5608 1915 5692 ἄφαρ
1953 5622 2006 5674 δὲ

460 5702 640 5769 μάχης
673 5715 942 5785 ἐμνήσατο
1007 5718 1243 5773 Consule
1279 5714 1500 5771 Caelium
1539 5715 1881 5788 Hodiginum,
1911 5718 2001 5772 lib.

985 4441 992 4449 ο

2118 3201 2415 3259 sostomus,
2475 3192 2532 3245 in
2572 3204 2689 3259 cap.
2729 3204 2785 3245 Vl
2817 3185 2963 3252 labi,
3014 3183 3258 3247 Δυσῶδες
3298 3182 3405 3252 γὰρ
3429 3177 3597 3232 τοῦτο
3625 3179 3686 3231 τι

2117 3284 2304 3356 θηρίον
2331 3281 2447 3355 μεθ’
2465 3280 2789 3353 ὑπερϐολῆς.
2829 3276 3045 3349 Ἐπειδὴ
3064 3276 3171 3347 γὰρ
3201 3274 3310 3344 ἔχει
3334 3271 3429 3342 τὴν
3450 3270 3571 3324 ἀπὸ
3586 3269 3688 3339 τῆς

2116 3377 2330 3447 φύσεως
2365 3374 2701 3440 πλεονεξίαν,
2746 3372 2949 3444 ἑτέρως
2992 3368 3151 3423 αὐτὸν
3191 3368 3301 3421 τῶν
3336 3365 3511 3420 ἄλλων
3546 3379 3686 3431 φαυο

2116 3469 2331 3541 λότερον
2355 3466 2606 3538 εποίησεν
2627 3467 2655 3518 ὁ
2683 3463 2835 3527 Θεός.
2868 3459 2944 3518 De
2971 3459 3091 3530 ejus
3120 3454 3350 3526 δυσωδὶᾳ
3376 3454 3537 3524 plura
3564 3451 3689 3506 Ari-

2117 3561 2360 3626 stoteles,
2390 3565 2446 3613 et
2476 3557 2590 3611 alii.

2185 3651 2325 3706 Ibid.
2389 3650 2487 3705 lin.
2534 3649 2588 3704 9.
2645 3646 2961 3703 Καθεύδων
3000 3643 3071 3698 δὲ
3113 3641 3250 3697 ἀνά.
3283 3637 3476 3702 Horas,
3506 3636 3613 3690 lib.
3648 3653 3687 3697 ι,

2119 3757 2169 3798 ε.
2204 3740 2295 3809 l9,
2332 3739 2551 3809 Ἐπειδὴ
2594 3740 2623 3792 ὁ
2671 3735 2807 3790 λέων
2845 3735 2904 3787 ὲν
2943 3733 3021 3805 τῷ
3065 3726 3420 3802 ἐγρηγορέναι
3467 3724 3690 3796 μέμυκε

2115 3833 2242 3896 τοὺς
2287 3830 2614 3902 ὀφθαλμοὺς,
2644 3825 2982 3898 κοιμώμενος
3014 3822 3071 3877 δὲ
3122 3820 3426 3888 ἁνεωγότας
3458 3816 3691 3879 τούτους

2117 3924 2248 3995 ἔχει.
2281 3922 2654 3983 Plutarchus,
2712 3936 2765 3974 Iv
2818 3915 3084 3986 Sympos.,
3134 3918 3328 3984 quaest.
3380 3909 3435 3977 5,
3487 3908 3690 3963 oculos

2118 4015 2294 4072 leonis
2343 4012 2671 4069 dormientis
2724 4011 2821 4078 ait,
2874 4007 3187 4077 suﬂ'ulgerc,
3229 4001 3465 4059 dormire
3496 4006 3690 4056 autem

2116 4109 2393 4161 momento
2421 4098 2901 4171 temporis.’.Phile,
2931 4096 2986 4150 in
3019 4093 3232 4159 iambis,
3266 4090 3425 4146 etiam
3448 4088 3690 4144 caudam

2117 4197 2293 4266 ipsum
2325 4197 2382 4250 in
2411 4197 2592 4264 quiete
2624 4205 2858 4255 movere,
2879 4188 2973 4243 ait.
3005 4186 3135 4242 Vide
3161 4185 3228 4240 de
3251 4186 3355 4239 hoc
3380 4181 3688 4236 Amanum.

2115 4288 2212 4343 lib.
2242 4303 2297 4353 ν,
2328 4300 2450 4356 cap.
2483 4285 2571 4348 39,
2595 4281 2825 4337 Plinium
2877 4287 2930 4336 et
2963 4279 3123 4333 alios.
3172 4276 3248 4331 De
3272 4290 3458 4331 eorum
3486 4287 3692 4329 somno

2116 4382 2192 4436 ita
2226 4380 2426 4435 cecinit
2451 4376 2730 4448 Oppianus
2754 4378 3043 4443 Κυνηγετ.
3076 4372 3129 4427 '5.

2122 4512 2256 4599 9356’
2278 4511 2473 4599 ὒπξτοτς
2485 4498 3693 4599 μυιςετεείξτὲἕξίῑτξξρὲξέξίιμαξε

2130 4583 2430 4652 Ἀμφαδὸν
2443 4573 2663 4635 bna-ibet
2678 4580 2745 4633 δὲ
2764 4573 3148 4652 θραονῦςρρονα
3161 4575 3347 4652 θυμὸν
3358 4573 3651 4652 gloomy.

2113 4641 2287 4708 esse.
2315 4651 2367 4705 δ’
2400 4652 2550 4708 ἔνθα
2578 4641 2824 4720 κιχησιῦ
2853 4641 3171 4716 ὐπέίροχος
3205 4641 3454 4711 ἑσπερίη
3474 4641 3619 4707 νύξ.

2186 4807 2325 4861 Ibid.
2373 4806 2436 4861 Ἠ
2465 4804 2534 4857 δὲ
2566 4802 2778 4858 ,λέαινα
2808 4802 2987 4872 μόλις
3029 4801 3184 4867 ἐτός.
3232 4800 3308 4853 lta
3355 4799 3690 4854 existimavit

2124 4895 2385 4961 Basilius,
2418 4894 2566 4949 hom.
2600 4895 2633 4950 9
2657 4934 2672 4958 ,
2697 4894 2860 4947 Ὅθεν
2887 4893 3099 4956 λέοντος
3127 4891 3243 4954 ἑνὸς
3267 4890 3420 4960 μόλις
3444 4893 3479 4960 ἡ
3500 4889 3692 4943 λέαινα

2119 4990 2303 5059 μήτηρ
2333 4987 2561 5056 γίνεται.
2588 4986 2719 5050 Ταῖς
2743 4985 2850 5056 γὰρ
2872 4987 3077 5055 ἀκμαῖς
3106 4983 3214 5037 τῶν
3240 4981 3445 5053 ὀνύχων
3468 4981 3691 5047 διασπαο

2119 5078 2289 5151 ράξας
2319 5078 2417 5149 τὴν
2448 5080 2678 5148 μήτραν,
2705 5075 2846 5128 οὕτω
2891 5075 3154 5145 πρόεισιν,
3194 5072 3269 5136 ὥς
3298 5091 3483 5143 φασιν.
3514 5072 3687 5140 Hujus

2113 5188 2237 5229 esse
2308 5172 2589 5227 sententia:
2645 5170 2859 5223 videtur
2921 5166 3160 5236 Aisopus
3208 5168 3262 5220 in
3319 5165 3556 5231 fabulis;
3619 5167 3685 5217 ibi

2111 5267 2255 5319 enim
2316 5265 2484 5317 lea'na
2529 5260 2698 5329 vulpi,
2733 5259 2983 5328 glorianti
3018 5258 3217 5312 multos
3250 5272 3311 5311 se
3340 5256 3485 5310 fetus
3504 5256 3687 5315 edere,

2115 5365 2281 5405 unum
2320 5347 2599 5418 respondit
2627 5362 2685 5400 se
2718 5353 2925 5398 tantum
2957 5361 3168 5415 parere,
3206 5344 3301 5399 sed
3323 5346 3559 5400 leonem.
3589 5343 3687 5399 lle-

2111 5443 2355 5504 rodotus,
2402 5441 2495 5494 lib.
2555 5455 2639 5501 ιιι,
2681 5438 2747 5490 Ἠ
2779 5438 2837 5490 δὲ
2880 5437 2943 5508 δὴ
2985 5437 3188 5501 λέαινα,
3219 5437 3309 5490 ἐὸν
3342 5436 3687 5507 ἰσχυρότατον

2118 5531 2211 5583 καὶ
2232 5529 2581 5601 θρασύτατον,
2605 5524 2750 5590 ἅπαξ
2781 5530 2837 5580 ὲν
2863 5528 2939 5598 τῷ
2971 5527 3069 5598 βίῳ
3095 5527 3268 5580 τίκτει
3301 5527 3381 5579 ἓν.
3416 5526 3686 5578 Τικτοῦσα

2111 5621 2219 5691 γὰρ
2252 5618 2593 5673 συνεκϐάλλει
2621 5618 2699 5689 τῷ
2736 5619 2913 5689 τέκνῳ
2944 5619 3042 5681 τὰς
3073 5620 3300 5689 μήτρας.
3321 5614 3387 5669 Ει
3421 5614 3682 5686 Egyptii,

2117 5725 2177 5769 ut
2211 5723 2294 5770 est
2326 5711 2468 5783 apud
2499 5709 2725 5777 Horum,
2760 5711 3063 5773 mulierem,
3098 5724 3216 5778 quae
3261 5710 3433 5764 semel
3478 5716 3682 5763 tantum
