3810 6168
397 247 498 304 931

1739 243 1986 302 LEONIS
2017 244 2293 302 ALLATII

3555 245 3660 300 932

451 361 604 431 ,lbid.
654 363 764 418 Kal
807 363 872 416 τὸ
912 357 1058 433 ἦθος
1104 363 1394 428 ὕπουλος.
1447 359 1682 427 Plinius,
1716 361 1812 418 lib.
1848 378 1965 427 vni,
1999 369 2043 424 Α
2071 364 2162 432 qui
2195 363 2419 432 gervintz
2471 363 2722 419 vocabulo
2765 369 3135 432 nuncupatur,
3177 361 3369 416 habens
3422 363 3656 432 virgulta

395 472 520 526 cap.
555 455 644 521 36,
682 455 793 510 Nec
827 455 981 510 alteri
1011 455 1327 510 animalium
1358 454 1412 507 in
1443 455 1706 524 maleﬁcio
1734 455 1964 508 stultitia

396 547 662 601 solertior.

469 639 629 706 lbid.,
662 638 761 692 lin.
795 637 883 693 17.
931 635 1232 702 Πολλάκις
1274 629 1390 690 οὖν
1431 635 1653 699 βαθυτ.
1705 633 1965 700 Basilius,

398 731 547 786 hom.
573 729 629 794 9,
652 731 856 801 Ἀρκος
884 727 1162 791 πολλάκις,
1198 725 1527 796 βαθυτάταις
1556 726 1970 797 κατατρωθεῖσα

399 821 652 892 πληγαῖς,
678 821 875 890 ἑαυτὴν
905 817 1140 890 ἱατρεύει
1167 817 1365 881 πάσαις
1393 819 1659 888 μηχαναῖς
1680 816 1758 886 τῷ
1784 817 1972 887 φλόμῳ

397 914 574 986 τούτῳ
601 912 768 985 ξηρὰν
816 912 912 982 τὴν
958 910 1118 980 φύσιν
1160 910 1336 982 ἔχοντι
1382 909 1482 972 τὰς
1523 907 1752 972 ὠτειλὰς
1793 925 1972 980 παρα-

399 1005 624 1061 ϐύουσα.
666 1004 862 1059 Petrus
891 1001 1210 1065 Damianus,
1237 1002 1332 1054 lib.
1371 1015 1433 1065 ιι,
1465 1000 1625 1069 epist.
1657 999 1744 1063 l8,
1771 997 1906 1052 Ursa
1927 999 1974 1052 si

397 1094 610 1162 quando
648 1093 841 1146 ictibus
871 1092 1199 1162 gravissimae
1235 1090 1395 1144 ca’dis
1429 1091 1676 1160 aﬂicitur,
1711 1089 1788 1143 vel
1811 1091 1974 1144 etiam

389 1184 590 1253 faculis
631 1183 869 1253 perfossa
900 1184 1197 1247 sauciatur,
1241 1181 1414 1236 herba:
1455 1183 1540 1234 cui
1569 1180 1748 1236 Greece
1789 1196 1977 1236 nomen

399 1275 604 1348 φλόμος
630 1285 707 1330 est
738 1274 960 1328 vulnera
982 1274 1197 1343 subjicit
1227 1289 1246 1327 :
1275 1282 1326 1326 et
1362 1273 1439 1326 sic
1477 1272 1593 1326 solo
1623 1281 1768 1324 tactu
1799 1284 1977 1325 omnes

2070 453 2306 518 subtilia,
2358 464 2511 525 atque
2553 456 2780 524 prolixa.
2831 455 3046 508 Veniens
3099 463 3273 507 autem
3330 454 3653 520 anthalopus

2071 544 2139 598 ad
2155 547 2422 615 gervinam
2447 545 2572 599 dum
2603 547 2780 600 ludere
2806 547 3082 600 lasciviens
3112 555 3298 609 tentat,
3330 563 3532 599 cornua
3555 562 3653 599 sua

2069 638 2309 706 virgultis
2360 639 2804 693 crebrescentibus
2855 638 3076 708 obligat.
3116 639 3248 692 Cum
3289 654 3408 691 vero
3445 637 3652 691 diutius

2070 745 2308 799 pugnans
2348 747 2458 785 sese
2492 732 2789 785 nullatenus
2818 735 2953 785 valet
2973 732 3188 785 educere
3226 731 3428 800 magnis
3463 729 3654 796 incipit

2072 819 2280 874 vocibus
2303 821 2623 876 exclamare.
2661 821 2760 876 His
2798 824 3061 876 excitatus
3089 822 3406 875 clamoribus
3432 831 3654 874 venator

2073 912 2328 974 accurrit,
2354 929 2570 983 eumque
2595 913 2720 967 dum
2746 915 2970 984 propriis
3012 915 3228 968 nexibus
3266 924 3530 978 arctatur,
3561 930 3652 968 oc-

2075 1004 2225 1060 cidit.
2253 1003 2310 1058 ln
2342 1005 2430 1060 his
2461 1016 2642 1061 tamen
2674 1007 2936 1062 nonnulla
2972 1007 3451 1062 animadvertenda
3494 1016 3650 1067 sunt,

2075 1111 2197 1164 quae
2234 1112 2339 1151 non
2367 1099 2604 1153 auctoris
2632 1099 2861 1163 incuria,
2899 1101 3042 1153 absit
3096 1099 3197 1154 hoc
3247 1115 3279 1153 a
3327 1107 3477 1154 tanto
3503 1101 3651 1165 viro,

2078 1185 2176 1240 sed
2204 1202 2267 1241 ex
2293 1188 2577 1258 scriptoris
2611 1189 2847 1256 inscitia,
2877 1190 2931 1243 in
2963 1199 3164 1244 textum
3193 1191 3477 1260 irrepsisse
3495 1207 3656 1244 com-

2077 1281 2338 1350 perimus.
2374 1278 2450 1334 De
2479 1283 2829 1351 corruptione
2857 1283 3095 1338 nominis
3127 1283 3183 1336 in
3225 1284 3652 1352 autholalopum

394 1367 633 1423 ulcerum
663 1368 873 1422 dolores
901 1365 1160 1432 excludit,
1186 1373 1236 1420 et
1260 1365 1329 1418 ad
1351 1364 1768 1420 incolumitatem
1795 1365 1980 1435 pristi-
2080 1371 2217 1425 nihil
2252 1380 2334 1426 est
2367 1372 2512 1442 quod
2559 1374 2758 1437 dicam,
2805 1375 2993 1429 talium
3037 1376 3180 1429 enim
3213 1376 3656 1445 corrumpendo-

396 1477 519 1515 nam
546 1460 889 1514 convalescit.

465 1550 630 1618 lbid.,
670 1551 766 1605 lin.
805 1549 895 1604 22.
960 1548 1013 1602 '0
1054 1548 1269 1617 ταῦρος
1310 1546 1438 1614 τοῖς
1471 1545 1702 1615 κέρασι.
1745 1546 1977 1616 Plinius,

395 1643 493 1699 lib.
520 1659 640 1709 νιιι,
707 1657 824 1714 cap.
867 1642 960 1708 45,
1021 1641 1214 1695 Tauris
1265 1641 1321 1694 in
1363 1652 1574 1709 aspectu
1625 1641 1980 1722 generositas,

2080 1475 2202 1515 rum
2236 1464 2420 1520 nullus
2440 1474 2524 1520 est
2558 1466 2772 1530 modus,
2809 1468 2951 1521 sicut
2976 1475 3028 1522 et
3057 1467 3124 1523 de
3151 1475 3463 1523 venatorum
3495 1475 3655 1521 recta

2081 1554 2356 1610 scribendi
2405 1557 2635 1612 ratione.
2677 1557 2814 1612 lllud
2860 1567 3067 1614 tantum
3130 1575 3238 1614 non
3285 1559 3658 1613 dissimulabo

2083 1647 2354 1714 quomodo
2397 1648 2562 1712 erica,
2596 1649 2711 1704 sive
2740 1650 2928 1704 ervina
2977 1649 3120 1720 quod
3157 1649 3296 1703 idem
3330 1660 3429 1711 est,
3458 1649 3659 1704 frutex

399 1744 547 1790 torva
581 1735 771 1803 fronte,
810 1733 1026 1788 auribus
1069 1732 1276 1795 setosis,
1306 1730 1551 1785 cornibus
1600 1733 1655 1785 in
1702 1733 1973 1799 procinctu
2008 1729 2051 1788 Β
2078 1738 2280 1791 nemini
2312 1754 2421 1793 non
2445 1747 2628 1803 notus,
2672 1739 2724 1794 in
2755 1742 3032 1810 gervinam
3059 1741 3270 1795 abierit.
3294 1739 3367 1796 De
3396 1757 3504 1811 qua
3535 1739 3660 1794 Pli-

397 1827 789 1880 dimicationem
836 1823 1188 1893 poscentibus.
1221 1821 1324 1878 Sed
1347 1832 1458 1876 tota
1481 1824 1820 1878 comminatio
1842 1824 1978 1893 prio-

397 1917 547 1971 ribus
576 1919 631 1971 in
655 1917 872 1987 pedibus
901 1923 1028 1979 stat,
1058 1915 1144 1967 ira
1169 1914 1418 1984 gliscente
1439 1913 1669 1967 alternos
1693 1913 1972 1982 replicans,

399 2025 746 2079 spargensque
774 2009 828 2062 in
865 2008 1036 2061 altum
1063 2021 1303 2072 arenam,
1322 2013 1373 2060 et
1395 2005 1542 2060 solus
1581 2006 1894 2060 animalium
1914 2021 1975 2061 eo

399 2101 614 2155 stimulo
643 2099 942 2154 ardescens.

471 2189 634 2254 lbid.,
661 2189 757 2244 lin.
789 2189 878 2243 27.
909 2187 1029 2255 Σῦς
1054 2186 1124 2240 δὲ
1151 2186 1298 2240 ὅταν
1323 2185 1448 2256 ιδῃ.
1485 2184 1766 2250 IElianus,
1791 2183 1889 2238 lib.
1917 2199 1973 2246 ν,

399 2280 634 2352 cap.45,
671 2281 774 2333 Τὸν
805 2278 903 2332 σῦν
948 2279 1039 2332 τὸν
1077 2277 1267 2349 ἄγριόν
1300 2293 1434 2347 φασι
1477 2277 1553 2348 μὴ
1594 2275 1858 2347 πρότερον
1883 2272 1973 2326 ὲπί

397 2389 521 2426 τινα
554 2369 814 2442 φέρεσθαι
862 2370 992 2441 πρὶν
1029 2369 1062 2441 ἢ
1097 2371 1224 2433 τοὺς
1268 2369 1645 2440 χαυλιόδοντας
1684 2363 1970 2437 ὑποθῆξαι.

397 2465 682 2536 Μαρτυρεί
704 2464 759 2517 δὲ
788 2462 897 2536 ἄρα
919 2463 1012 2518 καὶ
1040 2465 1285 2536 ’Όμηρος
1321 2461 1502 2526 τοῦτο,
1537 2461 1732 2531 λέγων·

400 2577 598 2646 Θήξας
621 2577 844 2634 λευκὸν
871 2577 1088 2632 ὀδόντα
1115 2578 1266 2648 μετὰ
1293 2574 1638 2647 γναμπτῇσι
1662 2574 1967 2646 τένεσσιν.

397 2686 466 2742 Et
497 2688 591 2742 lib.
621 2704 698 2754 νι,
736 2703 858 2759 cap.
900 2687 953 2754 l,
994 2687 1053 2742 '0
1090 2687 1218 2756 γοῦν
1257 2686 1373 2752 σῦς,
1418 2687 1626 2757 μέλλων
1665 2689 1746 2751 εἰς
1791 2687 1972 2759 μάχην

398 2775 536 2833 εἶναι
563 2781 703 2850 (lego
728 2779 908 2850 ἰέναι),
931 2779 1066 2851 πρὸς
1088 2782 1206 2842 ταῖς
1230 2778 1402 2842 λείαις
1432 2778 1659 2849 πέτραις
1679 2779 1806 2842 τοὺς
1828 2779 1971 2832 ὀδόν-

397 2887 498 2934 τας
531 2868 813 2940 ὑποθήγει.
851 2867 1021 2922 Τοῦτό
1061 2885 1140 2921 τοι
1167 2869 1264 2922 καὶ
1297 2868 1544 2939 Ὄμηρος
1571 2867 1651 2938 τῷ
1679 2867 1801 2939 ζὼῳ
1838 2885 1971 2940 μαρ-

398 2960 576 3033 τυρῶν
614 2960 771 3030 δῆλός
815 2961 980 3012 ἐστιν.
1017 2959 1423 3014 Advertendum
1451 2961 1541 3014 hic
1573 2959 1831 3014 eximium
1864 2975 1968 3014 na-

401 3063 536 3106 turae
585 3051 909 3105 miraculum
960 3050 1030 3105 de
1074 3051 1233 3120 igneo
1277 3051 1439 3107 dente
1491 3051 1614 3106 irati
1661 3052 1832 3121 capri,
1864 3053 1964 3118 cui
1993 3078 2039 3142 ο

403 3143 607 3197 admoti
654 3143 770 3213 pili,
805 3143 1030 3213 perinde
1061 3151 1120 3196 ut
1155 3143 1225 3197 ab
1255 3144 1380 3214 igne
1419 3152 1873 3213 contorquentur,
1911 3152 1966 3200 et

399 3241 666 3301 uruntur;
697 3241 928 3290 testatur
957 3233 1011 3288 id
1042 3231 1342 3304 Oppianus,
1369 3235 1464 3291 lib.
1494 3250 1554 3290 ιιι
1583 3239 1809 3305 Κυνηγ.

401 3346 569 3398 Ἔστι
595 3343 661 3397 δέ
685 3361 775 3409 τις
804 3343 1052 3412 κάπροιο
1086 3343 1259 3412 φάτις
1279 3345 1431 3413 πέρι,
1472 3344 1698 3400 λευκὸν
1724 3345 1940 3400 ὀδόντα

398 3414 652 3484 Λάθριον
673 3415 844 3480 ἐντὸς
871 3415 1012 3484 ἔμεν
1037 3416 1309 3483 μαλερὴν
1335 3418 1686 3484 πυρόεσσαν
1704 3414 1941 3482 ἐνιπήν.

588 3485 639 3537 δ’
665 3483 1067 3554 ἐφιμερίοισινν
1082 3484 1400 3554 ἀριφραδὲς
1421 3485 1732 3554 ἐρρίζωται.

409 3553 655 3608 Ὁππότε
690 3556 798 3625 γὰρ
828 3555 1021 3620 πολὺς
1049 3553 1234 3622 ὄχλος
1253 3553 1570 3624 ἐπήτριμος
1590 3554 1967 3624 άῃοευτήρων

396 3625 521 3704 Σὺν
541 3626 722 3704 κρυσὶν
744 3627 1088 3704 εὐτόλμοισι
1103 3626 1240 3704 grati
1261 3629 1449 3704 χᾷόνα
1473 3625 1624 3704 θῆρα
1636 3626 1963 3704 ¹βάλωνται,
1995 3674 2006 3682 .

397 3694 698 3765 Αἱχμῇσιν
734 3694 1054 3765 δολιχῇσιν
1089 3696 1505 3765 ἐπασσύτερον
1531 3694 1927 3765 δαμάσαντες,

398 3765 480 3832 Δὴ
511 3764 629 3818 τότ’
655 3765 913 3832 αὐχένος
941 3764 996 3818 εἴ
1016 3781 1106 3829 τις
1134 3764 1476 3834 ἀειράμενος
1499 3764 1671 3833 τρίχα
1697 3766 1931 3834 λεπτὴν

403 3835 595 3904 θ-ηρὸς
622 3834 705 3904 ἐτ’
735 3835 1170 3904 άσθμαίνοντος
1201 3837 1612 3904 ἐνιχρίμψειεν
1647 3835 1866 3896 ὀδόντι,

389 3902 551 3988 Alma
569 3903 729 3990 μάνζα
755 3902 1089 3989 σφαιρηδὸν
1120 3902 1460 3973 ἀνέδραμεν
1481 3905 1762 4028 αὶθίέιένη
1785 3903 1918 3971 θρὶξ

399 3976 506 4028 Ital
543 3974 592 4025 δ’
626 3991 857 4027 αυτοισι
891 3989 1145 4027 κυνεσσι
1175 3975 1275 4027 ἐπὶ
1299 3978 1567 4028 πλευοιης
1632 3979 1918 4028 κατεοθεν.

399 3976 506 4028 Καὶ
543 3974 592 4025 δ’
626 3975 857 4027 αὑτοῖσι
891 3977 1145 4027 κύνεσσι
1175 3975 1275 4027 ἐπὶ
1299 3975 1567 4044 πλευρῇς
1594 3974 1927 4042 ἑκάτερθεν,

402 4046 588 4097 ’Ἔνθα
625 4044 777 4108 συὸς
804 4045 1032 4112 γενύων
1048 4045 1320 4096 ’πέλασαι
1350 4048 1597 4110 αἴθωνες
1628 4045 1889 4110 ὀδόντες,

401 4117 597 4184 Ἴχνεα
622 4115 1039 4181 π-υρσευϐέντα
1060 4113 1157 4166 διὰ
1172 4114 1364 4182 ῥινοῖο
1391 4117 1682 4168 τέτανται.

399 4227 474 4282 De
496 4227 686 4282 eodem
709 4226 935 4280 consule
957 4225 1388 4297 Xenophontem,
1414 4229 1467 4283 in
1494 4227 1800 4299 Cynegetico
1815 4245 1833 4293 ;
1850 4227 1968 4283 Pol-

401 4319 595 4382 lucem,
623 4316 715 4370 lib.
745 4333 779 4372 ν
817 4316 1116 4384 0nomast.,
1155 4334 1274 4388 cap.
1303 4318 1405 4384 l2;
1431 4318 1805 4380 Plinium',-lib.
1829 4333 1960 4385 vni;

397 4408 705 4478 Apuleium,
745 4408 840 4463 lib.
878 4425 1000 4474 νιιι,
1042 4410 1194 4465 Asini
1237 4411 1407 4464 aurei.
1450 4410 1539 4463 Sic
1579 4408 1825 4473 Ovidius,
1863 4409 1959 4463 lib.
1993 4423 2038 4479 Ῑ)

396 4516 470 4555 vn
501 4499 912 4569 Metamorphos.
947 4515 967 4554 :

468 4592 694 4647 Fulmen
723 4593 908 4647 habent
942 4609 1087 4647 acres
1117 4593 1171 4646 in
1199 4593 1416 4646 aduncis
1443 4591 1684 4646 dentibus
1715 4591 1852 4661 apri.

395 4686 461 4738 Et
501 4687 567 4741 de
598 4701 664 4740 eo
693 4687 848 4756 plura
880 4686 1085 4756 colligit
1114 4685 1398 4756 Conradus
1441 4682 1879 4738 Ilitthershusius
1906 4681 1960 4735 in

397 4779 576 4831 locum
603 4778 810 4832 dictum
838 4777 1090 4848 Oppiani.

465 4867 624 4933 lbid.,
651 4870 747 4924 lin.
779 4869 868 4924 30.
908 4869 1074 4921 Ἔστι
1105 4867 1172 4921 δὲ
1209 4865 1354 4928 ζῶον
1387 4869 1680 4934 ἀνθόλοψ.
1720 4865 1844 4920 Haec
1887 4865 1962 4918 ita

395 4962 635 5014 verterat
664 4961 858 5015 Petrus
883 4959 1198 5026 Damianus,
1233 4959 1405 5028 Epist.
1449 4961 1544 5014 lib.
1580 4976 1653 5025 ιι,
1680 4959 1838 5026 epist.
1870 4959 1958 5020 l8,

396 5051 464 5103 ad
499 5050 837 5104 Desiderium
880 5050 1118 5104 abbatem
1149 5061 1197 5103 et
1232 5049 1574 5105 cardinales:
1607 5049 1961 5116 Anthalopum

396 5159 594 5212 quoque
623 5143 932 5196 acerrimum
963 5141 1141 5203 nimis,
1180 5151 1229 5194 et
1274 5141 1552 5194 violentum
1594 5149 1673 5193 est
1724 5137 1959 5202 animal;

395 5234 526 5289 adeo
550 5243 606 5287 ut
635 5251 723 5288 nec
752 5233 832 5287 illi
855 5243 1068 5288 venator
1096 5233 1358 5298 accedere,
1379 5251 1470 5287 nec
1495 5241 1795 5301 persecutor
1817 5232 1963 5301 quis-

395 5341 551 5393 quam
576 5327 766 5379 audeat
794 5327 1161 5394 propinquare.
1191 5323 1360 5377 Habet
1391 5334 1564 5377 autem
1585 5322 1740 5392 longa
1766 5337 1962 5374 cornua

396 5418 450 5467 in
479 5433 639 5469 serrte
663 5419 1002 5472 similitudine
1027 5419 1258 5487 ﬁgurata
1285 5430 1301 5467 :
1327 5416 1512 5485 quibus
1545 5416 1794 5468 nimirum
1826 5429 1961 5482 prce-

397 5505 622 5572 grandia
673 5508 841 5559 valeat
881 5508 1100 5562 arbusta
1151 5524 1346 5571 secare,
1389 5518 1638 5576 terrmqne
1687 5506 1957 5573 deponere.

398 5594 530 5646 Cum
580 5611 694 5647 vero
725 5599 914 5652 sitierit
949 5602 1151 5653 veniens
1180 5600 1249 5651 ad
1285 5599 1603 5668 Euphratem
1640 5598 1788 5652 bibit.
1827 5597 1961 5649 Pro-

395 5695 509 5749 pter
540 5699 690 5752 quem
725 5687 951 5744 videlicet
979 5692 1196 5758 ﬂuvium
1232 5691 1407 5758 frutex
1447 5692 1661 5750 quidam
1699 5691 1957 5752 nascitur,

2076 1829 2222 1893 nius,
2256 1828 2623 1897 Dioscorides,
2654 1832 3062 1902 Theophrastus
3085 1841 3138 1888 et
3164 1834 3273 1898 alii,
3307 1834 3508 1887 animal
3543 1834 3656 1888 hoc

2074 1921 2223 1974 varie
2255 1935 2285 1974 a
2319 1923 2488 1978 variis
2517 1923 2842 1994 appellatur,
2877 1923 2950 1977 ita
2989 1935 3046 1978 ut
3077 1923 3293 1978 Alberto
3322 1923 3521 1993 Magno
3554 1939 3659 1977 ca-

2074 2011 2233 2081 l0pus
2264 2013 2358 2078 sit,
2391 2027 2456 2067 ex
2483 2027 2593 2082 quo
2621 2011 2906 2069 Conradus
2943 2012 3217 2069 Gesnerus
3247 2014 3311 2068 de
3336 2012 3661 2083 quadrupe-

2073 2103 2235 2158 dibus
2257 2103 2352 2158 lib.
2408 2119 2446 2168 ι,
2471 2104 2526 2157 in
2556 2103 2839 2173 Calopode,
2867 2103 3095 2174 Calopus
3121 2105 3317 2158 animal
3338 2114 3413 2158 est
3439 2106 3651 2168 acutis,

2076 2193 2243 2265 longis
2275 2205 2323 2249 et
2357 2197 2574 2249 serratis
2611 2198 2881 2259 cornibus,
2908 2197 3091 2268 quibus
3125 2201 3280 2250 etiam
3316 2195 3533 2250 arbores
3575 2197 3654 2249 li-

2075 2295 2155 2340 cet
2190 2303 2410 2356 magnas
2453 2296 2501 2340 et
2538 2287 2678 2342 altas
2737 2304 2914 2343 secare
2959 2288 3128 2358 fertur
3167 2304 3185 2342 :
3234 2289 3418 2356 swpius
3456 2299 3654 2342 autem

2071 2378 2196 2432 dum
2229 2382 2366 2434 rami
2422 2389 2470 2434 et
2513 2381 2741 2451 virgulta
2774 2382 3018 2436 cornibus
3067 2381 3271 2435 adactis
3307 2381 3521 2446 cedunt,
3570 2384 3652 2436 eis

2067 2469 2372 2538 involvitur,
2405 2472 2777 2543 retineturque.
2809 2474 2944 2527 unde
2975 2475 3056 2543 ﬁt,
3087 2483 3146 2526 ut
3175 2490 3312 2538 voce,
3333 2481 3379 2526 et
3407 2473 3654 2528 clamore

2070 2577 2126 2615 se
2145 2562 2338 2631 prodat
2367 2561 2716 2618 venatoribus.
2753 2561 2815 2617 In
2849 2562 3006 2633 Syria
3026 2565 3187 2633 juxta
3216 2562 3537 2633 Euphratem
3564 2567 3653 2617 in-

2069 2656 2292 2720 venitur,
2325 2657 2474 2726 cujus
2497 2673 2647 2727 aquae
2675 2666 2799 2727 potu
2825 2669 3035 2726 propter
3058 2656 3396 2728 [rigiditatem
3421 2658 3650 2726 gaudet,

2071 2757 2307 2801 astutum
2331 2756 2381 2801 et
2413 2749 2552 2802 mira
2592 2750 2880 2816 velocitate,
2912 2759 2968 2803 ut
3013 2760 3277 2803 venatores
3317 2750 3471 2818 facile
3507 2751 3653 2820 emt-

2068 2840 2198 2910 giat.
2235 2838 2312 2894 De
2339 2839 2444 2895 hoc
2471 2840 2659 2896 eodem
2689 2841 3074 2913 intelligendus
3102 2844 3314 2898 videtur
3331 2843 3654 2898 Alexander

2071 2929 2315 3001 Magnus,
2375 2933 2538 3003 epist.
2571 2933 2647 2986 De
2672 2934 3002 2988 mirabilibus
3034 2933 3204 2988 India:
3264 2935 3330 2988 ad
3363 2935 3599 2988 Aristot.
3631 2952 3650 2988 :

2069 3019 2205 3076 Euri
2227 3024 2362 3078 venti
2397 3024 2559 3093 ﬂatus
2586 3027 2751 3079 secuti
2783 3025 3065 3079 incidimus
3096 3027 3149 3078 in
3185 3025 3440 3095 malignas
3471 3027 3649 3090 feras,

2067 3113 2132 3168 de
2158 3132 2381 3185 quarum
2436 3116 2693 3184 capitibus
2747 3119 2884 3171 velut
2941 3118 3105 3188 gladii
3157 3135 3189 3170 α
3220 3119 3426 3181 vertice,
3457 3127 3652 3182 acuta,

2067 3214 2391 3275 serrataque,
2430 3207 2722 3261 eminebant
2767 3223 2888 3260 ossa
2933 3223 2950 3261 :
2993 3216 3043 3260 et
3084 3207 3165 3261 hae
3207 3207 3427 3260 arietino
3473 3222 3652 3268 more,

2067 3295 2316 3352 adversus
2355 3298 2586 3353 homines
2627 3299 2904 3352 currebant
2936 3317 2955 3354 :
2985 3309 3093 3352 tum
3144 3300 3346 3353 invictae
3381 3298 3656 3366 plurimo-

2066 3405 2183 3442 rum
2211 3389 2436 3442 militum
2476 3389 2682 3460 clypeos
2732 3407 2895 3443 cornu
2939 3407 3035 3444 suo
3085 3391 3587 3444 transverberabant
3633 3407 3653 3443 :

2065 3497 2291 3551 quarum
2311 3482 2493 3536 occisis
2525 3483 2809 3535 admodum
2835 3494 2949 3535 octo
2974 3482 3205 3535 millibus
3228 3482 3654 3553 quadringentis

2065 3575 2484 3646 quinquaginta,
2539 3575 2616 3626 sic
2656 3572 2778 3627 inde
2826 3573 2895 3626 ad
2933 3572 3133 3627 Porum
3189 3576 3445 3626 exercitus
3495 3591 3653 3628 meus

2065 3681 2184 3718 cum
2212 3681 2415 3719 summo
2443 3665 2652 3719 tandem
2689 3665 2889 3727 labore,
2925 3681 2988 3718 ac
3015 3666 3246 3734 periculo
3296 3681 3407 3718 meo
3460 3682 3654 3735 perres

2066 3760 2164 3812 nit.
2196 3758 2273 3812 Ex
2303 3759 2502 3828 quibus
2534 3759 2882 3813 manifestum
2913 3767 3000 3812 est
3033 3759 3098 3811 ad
3143 3757 3246 3812 hoc
3277 3758 3477 3810 animal
3522 3775 3654 3826 per-

2066 3851 2260 3916 tinere,
2295 3866 2416 3920 quae
2463 3851 2530 3905 de
2565 3867 2664 3904 uro
2714 3850 2882 3903 tradit
2928 3848 3267 3919 Epiphanius
3308 3850 3363 3903 in
3413 3849 3653 3920 Physic—

2067 3941 2204 4011 logo,
2253 3957 2374 4010 cap.
2427 3941 2482 4006 5,
2540 3941 2598 3994 Ὁ
2647 3937 2804 4011 οὖρος
2853 3940 3105 4011 μέγιστόν
3143 3940 3258 3992 ἐστι
3303 3938 3463 4002 ζῶον,
3504 3940 3651 3993 πολῦ

2065 4032 2400 4104 ὑπερϐάλλον
2428 4031 2498 4084 τὰ
2525 4033 2704 4102 ἕτερα,
2750 4031 2832 4101 βοῒ
2865 4032 3266 4102 παραπλήσιος,
3298 4030 3391 4083 δύο
3434 4031 3651 4102 κέρατα

2065 4124 2123 4175 ἐν
2159 4121 2336 4192 ἐαυτῷ
2381 4123 2561 4193 πρίονι
2605 4122 2765 4192 ὃμοια
2803 4121 2957 4190 ἔχων.
3009 4120 3288 4191 Αὑστηρὸς
3329 4123 3394 4189 τῇ
3436 4121 3651 4192 Θεωρία⁵

2066 4213 2216 4286 παρὰ
2240 4213 2415 4266 πάντα
2437 4212 2505 4264 τὰ
2530 4211 2662 4275 ζῶα’
2688 4212 2826 4264 ὥστε
2847 4212 2914 4264 τὰ
2945 4212 3154 4282 μεγάλα
3180 4211 3369 4280 δένδρα
3394 4212 3651 4282 διανηθό-

2069 4323 2224 4377 μενος
2245 4307 2356 4367 τοῖς
2382 4304 2573 4375 κέρασι
2593 4304 2882 4376 διαπρίειν,
2910 4305 3004 4357 sui
3027 4304 3398 4374 κλωνοκοπᾷν,
3430 4304 3524 4357 καὶ
3553 4306 3650 4357 οὐ·

2064 4397 2152 4451 δὲν
2187 4397 2294 4448 τῶν
2327 4393 2480 4457 ζώων
2520 4394 2779 4449 δύνασθαι
2821 4396 2909 4464 ὑφ’
2939 4395 3114 4466 ἑαυτῷ
3154 4395 3501 4466 ποιήσασθαι.
3537 4396 3647 4448 Νέ-

2069 4508 2228 4560 μεται
2269 4489 2326 4543 δὲ
2360 4493 2388 4542 ὁ
2434 4489 2596 4552 αὐτὸς
2639 4485 2796 4560 οὖρος
2846 4489 3070 4558 πλησίον
3113 4488 3206 4542 τοῦ
3244 4488 3510 4552 ὠκεανοῦ,
3547 4491 3645 4542 καὶ

2064 4583 2264 4645 εὐθέως
2292 4581 2638 4647 μεθύσκεται,
2684 4584 2779 4634 καὶ
2823 4582 3040 4634 παλαίει
3080 4581 3216 4652 πρὸς
3257 4582 3361 4651 γῆν
3402 4583 3515 4643 τοῖς
3550 4581 3644 4635 κέ-

2067 4690 2219 4741 ρασιν
2247 4672 2434 4744 ὥσπερ
2467 4671 2612 4741 βοῦς.
2653 4673 2807 4724 Ἔστι
2837 4671 2894 4724 δὲ
2918 4674 3036 4724 ἐκεῖ
3058 4671 3269 4741 δένδρον
3310 4674 3343 4740 ή
3371 4671 3642 4741 ὀνομαζο-

2067 4766 2201 4837 μένη
2226 4765 2412 4828 τάνυς,
2446 4764 2705 4834 κλίματος
2730 4763 3010 4834 μόρφωσιν
3029 4763 3224 4833 ἔχουσα
3246 4761 3641 4825 λευκολλώνου,

2063 4857 2155 4911 καὶ
2187 4859 2297 4919 τοῖς
2326 4855 2502 4927 ἔρνεσι
2538 4854 2867 4925 κληθόμενος
2896 4855 2925 4906 ὁ
2957 4853 3118 4916 αὐτὸς
3146 4847 3305 4924 οὖρος
3334 4853 3436 4922 τὴν
3465 4870 3642 4921 κεφα-

2061 4947 2161 5017 λὴν
2200 4947 2335 5018 πρὸς
2360 4946 2428 4998 τὰ
2461 4945 2589 5016 ἔρνη
2622 4945 2722 5014 τῆς
2757 4944 2971 5008 τάνυος,
3005 4944 3067 4996 τὸ
3099 4944 3265 5015 κέρας
3299 4944 3470 4996 αὑτοῦ
3499 4945 3644 4997 δέδε-

2061 5058 2150 5094 ται
2185 5041 2276 5092 ὑπ’
2303 5040 2488 5109 αὐτῆς.
2533 5037 2984 5108 Παραγενομένου
3011 5036 3299 5107 τοιγαροῦν
3335 5037 3434 5089 τοῦ
3472 5054 3640 5106 κυνη-

2061 5131 2179 5199 γοῦ,
2215 5132 2308 5184 καὶ
2344 5133 2687 5202 εὑρίσκοντος
2737 5129 3182 5200 ὲμπεπεδημένον
3213 5129 3322 5181 τῶν
3363 5131 3637 5200 κεράτων,

2061 5226 2253 5294 κρατεῖ
2284 5221 2466 5275 αὐτοῦ.
2507 5222 2790 5291 Nunquam
2838 5228 3018 5274 tamen
3061 5236 3245 5282 urum,
3290 5228 3348 5273 et
3381 5221 3639 5274 antbolo-

2062 5333 2181 5386 pem
2214 5331 2381 5368 unum
2411 5330 2531 5367 esse
2563 5313 2906 5367 crediderim.

2131 5408 2290 5472 lbid.,
2319 5409 2414 5460 lin.
2447 5405 2534 5460 59.
2565 5407 2730 5458 Ἔστι
2759 5403 2826 5456 δὲ
2842 5405 2910 5456 ἐν
2925 5404 3202 5469 Σκύθαις.
3228 5399 3302 5456 De
3331 5400 3567 5455 tarando
3587 5408 3640 5454 et

2061 5503 2180 5571 ejus
2208 5503 2398 5570 ligura,
2433 5507 2486 5551 et
2517 5497 2712 5557 forma,
2756 5506 2810 5550 et
2856 5502 2916 5548 ut
2959 5510 3162 5556 rerum,
3195 5508 3336 5562 quas
3369 5493 3636 5561 attigerit,

2061 5597 2272 5648 colores
2301 5593 2540 5653 exhibet,
2576 5589 2747 5653 Phile,
2775 5589 2829 5640 in
2856 5587 3076 5651 iambis,
3100 5585 3379 5647 Elianus.
3413 5585 3491 5640 De
3512 5585 3634 5637 hist.

2063 5687 2250 5746 anim...
2279 5683 2372 5737 lib.
2408 5698 2469 5745 ιι,
2505 5696 2626 5748 cap.
2661 5681 2756 5744 16;
2797 5678 3028 5742 Plinius,
3066 5679 3162 5732 lib.
3201 5691 3319 5737 vni.
3366 5693 3494 5734 can.
3539 5676 3634 5730 54·
