3810 6168
149 247 262 304 933

1248 245 1314 299 IN
1355 244 1724 302 EUSTATHII
1765 247 2242 304 HEXAEMERON
2285 250 2514 308 ΝΟΤᾹΞ.

3302 251 3409 307 9η

151 363 495 428 Aristoteles,
530 364 669 432 Περὶ
703 363 1051 432 θαυμασίων
1082 361 1514 432 ἀκουσμάτων;
1548 360 1714 416 Theo-

1828 379 1930 415 non
1985 363 2206 424 resistit,
2253 365 2456 434 pigrior
2509 355 2792 435 duriorque
2840 368 3104 450 materies,
3146 369 3404 424 visibilem

153 458 435 526 phrastus,
468 455 772 526 fragmento
819 455 956 526 Περὶ
999 454 1109 508 τῶν
1153 454 1593 525 μεταϐαλλόντων
1627 453 1726 518 τὰς

150 549 340 620 χρόας.
392 548 451 601 'U
495 547 552 600 δὲ
594 547 851 620 τάρανδος
893 546 954 600 τὸ
1003 546 1100 617 μὲν
1149 545 1373 618 μέγεθός
1419 547 1536 598 ἐστι
1585 544 1728 599 κατὰ

152 640 303 710 βοῦν,
340 640 402 692 τὺ
439 640 727 712 πρόσωπον
755 640 811 692 δὲ
836 641 1020 711 ὅμοιος
1053 639 1253 709 ἐλάφῳ,
1289 639 1428 710 πλὴν
1462 636 1726 692 πλατύτε-

151 747 270 802 ρος,
293 730 492 784 ὡσανεὶ
514 733 577 785 ἐκ
602 730 695 785 δύο
724 732 1077 803 συγκείμενος
1103 731 1366 800 ὲλαφείων
1393 730 1721 804 προσώπων.

147 820 378 892 Δίχηλον
414 822 470 874 δέ
512 824 626 874 ἐστι
667 824 762 876 καὶ⁵
803 823 1164 895 κερασφόρον.
1203 825 1357 895 Ἔχει
1383 824 1440 877 δὲ
1471 824 1531 876 τὸ
1558 825 1723 896 κέρας

146 912 491 982 ἀποφυάδας,
531 912 718 987 ῶσπερ
757 915 820 967 τὸ
850 916 1072 986 ἐλάφου,
1098 918 1188 970 καὶ
1221 918 1484 988 τριχωτόν
1513 918 1626 970 ἐστι
1654 916 1721 970 δι’

106 1051 116 1058 .
147 1004 297 1057 ὅλου·
329 1007 456 1077 περὶ
485 1005 592 1076 γὰρ
627 1007 689 1060 τὸ
730 1008 920 1063 ὀστοῦν
950 1009 1218 1081 δέρματός
1262 1011 1408 1062 ἐστιν
1452 1010 1720 1075 ἐπίτασις,

147 1098 276 1152 ὅθεν
302 1101 336 1170 ἡ
370 1100 611 1169 ἔκφυσις.
658 1100 731 1153 Τὸ
767 1100 824 1153 δὲ
856 1101 1029 1173 δέρμα
1059 1101 1138 1173 τῷ
1175 1102 1338 1174 πάχει
1381 1101 1722 1156 δακτυλιαῖόν

147 1191 320 1255 ἐστιν,
353 1191 567 1264 ἰσχυρὸν
585 1192 642 1245 δὲ
665 1192 891 1264 σφόδρα.
915 1193 1006 1246 Διὸ
1033 1193 1127 1248 καὶ
1150 1193 1244 1247 τοῦ
1265 1194 1509 1266 θώρακος
1529 1194 1724 1260 ἐξαυὰ-

148 1277 336 1345 ζοντες
371 1282 503 1335 αὐτὸ
545 1282 719 1340 ἰῶναι.
749 1286 983 1339 Σπάνιον
1013 1285 1069 1338 δὲ
1095 1285 1158 1338 τὸ
1190 1285 1328 1351 ζῶον
1356 1287 1448 1340 καὶ
1476 1286 1720 1354 ὀλιγάκις

148 1374 493 1445 φαινόμενον.
545 1374 842 1448 Θαυμαστὴ
890 1377 947 1430 δὲ
997 1378 1030 1449 ἡ
1076 1378 1365 1448 μεταϐολὴ,
1414 1377 1509 1431 καὶ
1553 1377 1720 1445 ἐγγὺς

146 1465 426 1529 ἀπιστίας.
455 1467 497 1519 Τ
499 1469 578 1530 οἷς
612 1468 708 1537 μὲν
739 1468 848 1539 γὰρ
874 1467 1054 1530 ἄλλοις
1078 1469 1135 1521 ἐν
1153 1469 1232 1538 τῷ
1254 1467 1483 1539 δέρματι
1511 1467 1718 1536 γίνεται

144 1562 182 1627 ἡ
221 1557 508 1630 μεταϐολὴ,
543 1558 929 1631 ἀλλοιουμένης
954 1561 1052 1631 τῆς
1081 1559 1229 1623 ἐντὸς
1264 1560 1580 1631 ὑγρότητος,
1610 1560 1717 1610 εἴτε

144 1650 508 1720 αἱματὼδους,
532 1651 580 1704 εἱ
611 1651 701 1706 καί
726 1669 871 1716 τινος
891 1651 1056 1723 ἄλλης
1083 1653 1338 1722 τοιαύτης
1363 1651 1548 1722 οὔσης·
1578 1649 1716 1703 ὥστε

1832 455 2050 520 speciem
2077 457 2401 524 coloremque
2429 467 2730 521 commutet,
2779 459 2896 513 licet
2931 461 3102 515 videre
3119 476 3408 527 corpuscu-

1834 545 1941 598 lum
1983 546 2372 601 chamwleontis
2420 548 2490 601 ad
2533 548 2731 602 colores
2781 565 2910 619 quas
2960 553 3098 607 uidet
3140 553 3406 622 facillima

1830 639 2160 692 conversione
2189 639 2410 695 variari.
2444 639 2548 692 Alii
2582 639 2773 694 dicunt
2803 643 3056 712 polypum
3091 653 3146 700 et
3175 644 3406 699 chama-

1830 731 2085 796 leontem,
2117 733 2330 803 aliaque
2363 733 2558 788 similis
2579 743 2788 788 natura;
2821 745 2875 788 ct
2907 738 3111 806 ingenii
3143 738 3402 792 animalia

1829 824 2041 880 colores
2076 825 2198 880 illos
2232 825 2475 891 reddere,
2509 841 2617 880 non
2652 828 2795 895 quod
2821 828 2888 882 iis
2934 831 3112 898 reipsa
3140 829 3400 884 imbuan-

1830 923 1936 978 tur,
1980 914 2075 969 sed
2105 915 2231 984 quia
2265 930 2388 968 cum
2417 914 2652 968 habeant
2681 931 2880 983 corpus
2923 932 3107 970 rarum
3134 923 3188 970 ct
3215 905 3399 970 trans-

1828 1007 2078 1071 meabile,
2115 1023 2210 1076 per
2249 1008 2302 1062 id
2335 1017 2590 1077 tanquam
2621 1024 2718 1078 per
2739 1012 2939 1062 vitrum
2973 1019 3274 1063 cernuntur
3309 1023 3398 1064 re-

1827 1115 1947 1154 rum
2001 1101 2399 1168 subjacentium
2454 1102 2686 1164 colores,
2737 1103 2828 1172 qui
2865 1110 3043 1156 tamen
3102 1103 3399 1156 allucinato

1827 1205 2049 1264 aspectu
2107 1195 2162 1248 in
2218 1195 2352 1264 ipsis
2403 1195 2773 1249 animantibus
2819 1195 3072 1248 videntur
3133 1195 3394 1256 insidere,

1825 1286 2282 1356 quemadmodum
2328 1295 2382 1342 et
2431 1290 2629 1342 vitrum
2675 1288 2839 1343 rebus
2878 1288 3136 1342 coloratis
3170 1288 3396 1358 imposi-

1827 1387 1939 1432 tum
1981 1379 2126 1448 pingi
2168 1379 2382 1433 videtur
2406 1379 2703 1442 coloribus,
2733 1381 2823 1448 qui
2866 1394 2963 1449 per
2997 1383 3172 1448 ipsum
3207 1387 3394 1432 trans-

1824 1471 2024 1524 lucent.
2060 1470 2403 1535 Aristoteles,
2438 1471 2536 1524 lib.
2570 1485 2632 1534 ιι,
2674 1469 2748 1523 De
2781 1469 2906 1523 ltist.
2964 1471 3152 1534 anim.,
3181 1469 3275 1523 lib.
3313 1484 3391 1534 ιι,

1824 1563 1919 1624 ait,
1950 1562 2391 1616 chamaeleontem
2440 1563 2676 1617 colorem
2709 1570 2921 1616 mutare
2951 1561 3212 1628 inﬂatum;
3244 1560 3391 1632 quod

1823 1655 1984 1707 etiam
2030 1654 2098 1709 de
2151 1655 2416 1725 polypode
2459 1655 2596 1708 dixit
2643 1654 3054 1725 TheOphrastus
3078 1655 3224 1708 dicto
3249 1654 3391 1719 loco,

144 1739 390 1811 φανερὰν
429 1737 564 1794 εἶναι
595 1742 695 1813 τὴν
743 1741 1105 1812 συμπάθειαν·
1147 1743 1179 1812 ή
1227 1740 1283 1793 δὲ
1323 1741 1523 1811 τριχῶν
1560 1757 1714 1810 μετα-

1824 1752 1883 1796 ut
1934 1742 2063 1813 legit
2105 1741 2373 1797 Henricus
2425 1743 2754 1812 Stephanus,
2799 1758 2962 1814 quam
3008 1750 3063 1799 et
3109 1744 3392 1798 meliorem

143 1832 280 1903 ϐολὴ
322 1831 499 1904 ξηρῶν
523 1852 580 1886 τε
605 1835 792 1897 ὄντων,
822 1834 916 1887 καὶ
947 1832 1372 1904 ἀπηρτημένων,
1409 1833 1504 1885 καὶ
1527 1831 1720 1901 ἀθρόον

140 1926 208 1977 οὐ
242 1926 562 1993 πεφυκότων
609 1925 972 1990 ἀλλοιοῦσθαι,
1027 1923 1326 1996 παράδοξος
1368 1923 1582 1994 ἀληθῶς
1630 1923 1722 1977 καὶ

139 2015 409 2079 ἀπίθανος
457 2016 689 2085 μάλιστα
744 2017 880 2089 πρὸς
937 2017 1107 2072 πολλὰ
1157 2015 1556 2086 ποικιλλομένη.
1617 2012 1716 2066 Ea-

137 2109 270 2163 dem
320 2105 562 2172 Solinus,
611 2125 734 2181 cap.
800 2111 890 2175 3'5,
942 2110 1109 2164 Mittit
1139 2118 1188 2163 et
1237 2108 1521 2162 tarandum
1567 2106 1721 2160 boum

138 2200 529 2271 magnitudine,
563 2201 762 2258 bisulco
796 2205 1033 2275 vestigio,
1067 2202 1291 2256 ramosis
1317 2201 1588 2265 cornibus,
1630 2215 1722 2252 ca-

134 2299 251 2358 pite
281 2292 505 2355 cervino,
535 2293 718 2346 ursino
748 2295 940 2360 colore,
973 2302 1022 2346 et
1054 2293 1256 2363 pariter
1282 2292 1408 2344 villo
1433 2288 1716 2358 profundo.

140 2381 307 2435 Hunc
336 2383 620 2437 tarantlum
647 2385 924 2454 afﬁrmant
971 2384 1211 2438 habitum
1241 2392 1381 2436 metu
1412 2389 1642 2443 vertere;
1670 2387 1721 2432 et

135 2475 571 2531 cum-delitescit
607 2478 724 2548 fieri
764 2478 1054 2532 assimilem
1093 2477 1380 2545 cuicunque
1422 2474 1499 2526 rei
1537 2471 1722 2542 proxi«

134 2571 384 2636 marerit,
414 2571 521 2624 siue
543 2570 640 2624 illa
669 2586 800 2624 saxo
841 2571 963 2625 alba
1001 2570 1096 2634 sit,
1131 2585 1220 2624 seu
1258 2568 1484 2638 fructeta
1524 2565 1714 2628 uirens,

133 2660 248 2714 sive
279 2677 428 2730 quem
458 2661 624 2714 alium
651 2660 863 2715 modum
886 2660 1158 2731 praeferat.
1192 2657 1424 2712 Faciunt
1453 2655 1551 2709 Itoc
1581 2653 1719 2707 idem

131 2756 196 2804 in
223 2753 361 2805 mari
387 2753 583 2824 polypi,
612 2753 666 2807 in
689 2763 828 2807 terra
852 2751 1272 2816 cltama’lcontes,
1299 2751 1390 2806 sed
1419 2759 1468 2802 et
1497 2747 1716 2818 polypus

130 2857 190 2900 et
220 2847 539 2901 citama'leon
564 2845 752 2916 glabra
785 2854 929 2909 sunt,
967 2855 1016 2899 et
1041 2845 1258 2914 pronius
1299 2853 1378 2899 est
1417 2845 1555 2899 cutis
1587 2844 1718 2899 levi-

133 2947 251 2992 tate
272 2938 633 3006 proximantia
661 2937 923 2992 aemulari.
957 2935 1023 2989 In
1049 2936 1146 2990 hoc
1176 2951 1366 2989 novum
1392 2943 1490 3000 est,
1529 2943 1579 2988 et
1607 2935 1718 2988 sin-

132 3031 348 3102 gulare,
392 3029 675 3084 hirsutiam
708 3028 807 3097 pili
835 3027 1072 3081 colorum
1102 3028 1236 3081 vices
1279 3026 1476 3096 facere.
1513 3024 1711 3081 Verum

1823 1829 2107 1885 lectionem
2135 1847 2258 1886 esse
2287 1832 2563 1896 existimo,
2586 1848 2822 1900 namque
2844 1833 3024 1902 potius
3051 1834 3248 1904 polypo
3269 1847 3393 1904 qum

1822 1919 2232 1992 Theophrastus
2263 1922 2427 1977 refert
2447 1939 2608 1992 quam
2633 1923 3006 1978 chamaeleonti
3031 1926 3389 1989 conveniunt,

1820 2014 2071 2082 quamvis
2107 2013 2250 2070 idem
2295 2012 2604 2084 Stephanus
2636 2016 2692 2070 in
2729 2017 2973 2072 melioris
3018 2028 3160 2072 notae
3200 2018 3392 2073 codice

1821 2105 2132 2174 suspicetur
2170 2106 2480 2176 χαμαιλέων
2519 2106 2687 2162 fuisse
2729 2110 3012 2178 scriptum.
3056 2108 3175 2174 Quo
3211 2110 3395 2165 deleto

1821 2195 1876 2249 in
1907 2196 2026 2264 ejus
2061 2195 2237 2250 locum
2270 2197 2542 2262 πολύπους
2566 2199 2864 2268 repositum
2901 2200 3004 2267 sit;
3035 2199 3214 2255 liturae
3241 2202 3388 2255 enim

1819 2287 2064 2356 quadam
2086 2289 2309 2359 vestigia
2336 2291 2390 2344 in
2424 2292 2517 2345 illo
2540 2292 2862 2346 videbantur
2880 2308 3185 2362 superesse.
3210 2293 3391 2350 Theo-

1819 2379 2076 2448 phrastus
2112 2382 2294 2455 itaque
2329 2383 2405 2436 ait
2442 2385 2532 2438 εὐ
2562 2384 2617 2436 δὲ
2647 2384 2919 2447 πολύπους
2951 2385 3098 2438 δοκεῖ
3123 2384 3200 2456 τῷ
3225 2386 3392 2439 πνεύ-

1823 2489 1952 2543 ματι
1981 2476 2153 2526 ποιεῖν
2183 2474 2283 2537 τὰς
2309 2474 2628 2545 μεταϐολάς.
2664 2476 3036 2546 Πνευματικὸν
3067 2475 3176 2548 γὰρ
3205 2475 3386 2546 φύσει.

1818 2563 2049 2633 Σημεῖον
2086 2565 2144 2619 δὲ
2184 2566 2244 2619 τὸ
2282 2565 2376 2620 τοῦ
2421 2567 2727 2638 πνεύματος
2763 2569 2876 2634 (alii
2925 2567 3019 2621 τοῦ
3063 2568 3388 2638 πνεύμονος)

1820 2656 2066 2726 μέγεθος·
2111 2658 2297 2728 σχεδὸν
2331 2660 2438 2730 γὰρ
2470 2660 2536 2712 δι’
2572 2660 2695 2713 ὅλου
2725 2659 2820 2714 τοῦ
2858 2658 3108 2731 σώματος
3143 2660 3385 2714 τέταται.

1821 2748 1969 2819 ’Λμα
1993 2749 2051 2802 δὲ
2071 2750 2164 2802 καὶ
2188 2750 2531 2821 ὲξαιρόμενος
2553 2752 2710 2816 αὐτὸς
2741 2752 2834 2805 καὶ
2858 2751 3208 2822 φυσσώμενος
3229 2751 3389 2822 δῆλός

1816 2842 1984 2896 ἐστιν.
2023 2841 2088 2896 Et
2120 2845 2462 2908 Aristoteles,
2497 2845 2574 2900 De
2619 2854 2762 2916 part.
2798 2847 2988 2910 anim.,
3033 2845 3128 2900 lib.
3161 2860 3234 2908 tv,
3259 2860 3386 2914 cap.

1817 2933 1871 2996 5,
1913 2935 2054 2989 idem
2089 2935 2274 2990 refert.
2302 2937 2441 3002 Quid
2473 2937 2604 2992 certi
2644 2937 2699 2991 in
2733 2939 2835 2992 hac
2866 2953 2925 2993 re
2943 2936 3287 2992 statuendum
3315 2939 3392 2990 sit

1817 3023 2040 3080 difﬂcile
2069 3026 2193 3096 quis
2223 3035 2409 3097 posset
2447 3028 2780 3099 excogitare,
2814 3028 2899 3083 vel
2941 3028 3117 3083 solum
3147 3027 3390 3082 auctori-

130 3084 215 3188 ἕως
249 3125 308 3177 ὲν
331 3084 644 3194 προσθήκης
670 3084 822 3195 μέρει
857 3136 968 3176 non
1017 3084 1291 3191 ingratum
1333 3119 1452 3174 fore
1496 3117 1714 3174 lectori-

1818 3122 1923 3179 tas,
1951 3123 2004 3171 et
2034 3117 2078 3171 si
2114 3118 2260 3170 nulla
2290 3127 2435 3173 esset
2468 3084 2629 3184 ratio,
2665 3125 2943 3172 tantorum
2973 3118 3236 3182 virorum,
3263 3123 3388 3168 tan-

131 3219 244 3272 bus
279 3216 553 3271 existimo.
606 3211 662 3267 Si
713 3228 835 3283 quae
886 3211 1051 3282 hujus
1102 3212 1349 3266 colorum
1397 3208 1714 3264 mutationis

130 3321 310 3361 causa
357 3307 430 3360 sit
480 3305 892 3376 investigemus.
941 3303 1208 3374 Superius
1259 3301 1405 3357 enim
1453 3300 1600 3372 quod
1656 3301 1712 3354 in

131 3397 398 3467 praesenti
442 3397 509 3452 de
549 3395 800 3459 tarando,
853 3395 920 3450 de
969 3393 1238 3466 polypode
1269 3393 1474 3448 dictum
1525 3399 1630 3456 est,
1661 3401 1716 3446 et

130 3489 378 3544 inferius
407 3489 474 3543 de
501 3489 893 3543 chamaeleonte
923 3487 1137 3542 dicetur
1165 3499 1328 3556 quam
1356 3483 1712 3538 mutationem

132 3587 339 3649 praeter
395 3585 670 3632 tantorum
745 3576 1025 3631 hominum
1089 3575 1468 3629 auctoritatem
1527 3587 1712 3626 veram

127 3686 286 3737 esse,
318 3676 374 3725 et
419 3670 539 3741 ipsa
583 3669 918 3739 experientia
954 3676 1292 3736 compertum
1341 3673 1447 3722 est.
1490 3663 1555 3717 Et
1604 3664 1716 3734 pri-

130 3777 291 3818 mum
325 3761 392 3817 de
423 3763 616 3832 polypo
642 3761 990 3826 Plutarchus,
1024 3760 1120 3814 ιιι).
1146 3759 1222 3812 De
1247 3759 1421 3812 causis
1451 3757 1714 3811 naturali-

131 3867 254 3923 bus,
317 3871 440 3928 cap.
500 3857 589 3920 19,
636 3857 732 3920 ait,
772 3856 1027 3927 polypum
1066 3868 1285 3908 carnem
1329 3850 1710 3913 foraminibus,

130 3949 518 4018 nteatihusque
548 3947 922 4016 compluribus
959 3944 1273 4000 distinctam
1305 3943 1524 4008 habere,
1560 3941 1710 3996 ideo-

131 4057 241 4111 que
292 4039 507 4094 deﬂuxu
543 4049 847 4093 atomorum
883 4051 912 4090 a
946 4036 1173 4090 marinis
1219 4035 1367 4089 saxis
1417 4033 1483 4088 ad
1523 4049 1583 4087 se
1629 4038 1713 4085 at-

131 4143 316 4187 tracto
349 4139 690 4202 receptoque.
721 4131 790 4185 iis
831 4129 1176 4198 corpusculis
1217 4125 1404 4180 vestiri
1445 4133 1709 4179 eteorum

130 4226 324 4279 colore
349 4225 777 4294 circumquaque
807 4221 1083 4292 perfundi.
1118 4219 1182 4274 Et
1221 4235 1345 4274 cum
1375 4219 1597 4287 quidam
1627 4217 1712 4270 di-

130 4327 346 4379 cerent,
375 4330 437 4368 ac
464 4315 752 4384 rejicerent
783 4314 1136 4366 mutationem
1166 4312 1307 4366 hanc
1335 4312 1387 4364 in
1418 4311 1708 4381 genuinam

129 4407 430 4480 quamdam
475 4407 726 4462 animalis
757 4407 1026 4476 ignaviam
1061 4413 1112 4459 et
1144 4420 1422 4475 pavorem,
1459 4405 1604 4472 quod
1643 4402 1710 4458 de
1739 4423 1788 4483 ι)

129 4501 523 4556 chamaeleonte
557 4499 719 4554 etiam
761 4498 1058 4552 afﬂrmarat
1093 4496 1432 4561 Aristotcles,
1472 4496 1566 4550 lib.
1635 4510 1707 4559 tv,

129 4592 212 4646 De
262 4600 404 4659 part.
456 4591 706 4656 animal.,
745 4590 908 4658 capit.
947 4589 1031 4642 Η.
1086 4587 1204 4642 Prae
1255 4589 1423 4642 nimio
1477 4603 1711 4658 namque

129 4693 288 4738 metu
336 4683 686 4736 multiformis
720 4683 976 4738 efficitur.
1037 4679 1181 4734 Idem
1231 4678 1556 4734 Plutarchus
1613 4680 1708 4745 ait,

130 4777 397 4846 polypum
432 4789 540 4829 non
585 4775 964 4844 trepidatione,
1002 4772 1094 4827 sed
1128 4787 1194 4826 ex
1235 4771 1507 4826 industria
1538 4771 1592 4826 id
1624 4770 1710 4824 fa-

131 4883 283 4930 cere,
326 4875 380 4920 et
430 4866 533 4921 hac
577 4867 878 4922 mutatione
916 4880 979 4918 ac
1022 4872 1191 4926 veste,
1249 4863 1414 4917 veluti
1467 4863 1594 4918 dolo
1657 4869 1713 4916 et

131 4966 546 5028 stratagemate,
578 4975 688 5012 non
724 4960 1047 5014 caventihus
1085 4957 1313 5011 insidias
1346 4964 1578 5016 struere,
1609 4953 1705 5006 lib.

130 5066 245 5121 quo
283 5052 505 5107 disserit
547 5053 743 5123 plusne
780 5053 1008 5106 rationis
1065 5051 1196 5106 insit
1245 5048 1577 5119 aquatilibus
1610 5045 1708 5099 hec

132 5144 282 5206 stiis,
313 5157 477 5211 quam
515 5143 768 5197 terrenis.
799 5140 876 5196 De
905 5140 1296 5195 chamaeleonte
1326 5138 1467 5193 idem
1494 5136 1710 5190 Plutar—

130 5233 276 5286 chus
311 5223 535 5294 ibidem,
566 5233 716 5286 illum
743 5232 836 5293 ait,
866 5247 932 5286 ex
966 5239 1111 5284 metu
1149 5229 1360 5284 colores
1389 5227 1494 5283 sibi
1527 5227 1710 5297 proxi-

131 5340 256 5378 mos
321 5336 734 5393 reprmsentare.
792 5324 855 5378 D.
916 5323 1274 5394 Augustinus,
1335 5321 1430 5374 lib.
1494 5335 1571 5383 ιι,
1633 5318 1709 5372 De

132 5415 422 5479 Trinitate,
477 5431 598 5487 cap.
654 5418 710 5482 2,
764 5433 881 5473 eam
932 5417 1178 5473 colorum
1243 5413 1594 5466 mutationem
1651 5414 1707 5466 in

128 5509 529 5565 chamaeleonte
583 5526 649 5565 ex
703 5510 1092 5581 imaginatione
1142 5506 1294 5561 nasci
1354 5512 1546 5558 auctor
1601 5511 1703 5558 est.

141 5599 424 5664 Voluntas,
457 5603 652 5672 inquit,
687 5603 832 5656 circa
865 5603 1142 5672 imaginem
1185 5598 1362 5653 sensui
1398 5599 1705 5664 impressam

131 5703 339 5750 tantam
379 5697 480 5752 vim
520 5696 695 5755 habet.
735 5703 792 5748 ut
827 5691 872 5747 si
900 5693 1187 5772 admodum
1212 5689 1449 5771 riolenta
1491 5688 1582 5766 sit,
1617 5687 1708 5742 ubi

1815 3222 1977 3278 quam
2011 3214 2222 3262 certum
2268 3215 2552 3274 statueret,
2595 3207 2861 3279 quidquid
2909 3207 3114 3262 dictum
3157 3215 3264 3263 est.
3307 3207 3391 3264 Ne

1813 3290 1942 3366 quid
1979 3297 2162 3368 itaque
2191 3306 2372 3352 tantos
2398 3300 2567 3363 viros,
2596 3299 2682 3353 vel
2719 3313 2906 3353 eorum
2943 3299 3242 3354 sententias
3282 3298 3387 3354 im-

1813 3403 2054 3458 pugnare
2100 3388 2406 3454 videamur,
2440 3389 2584 3444 ahsit
2623 3391 2748 3455 hoc,
2790 3403 3006 3458 semper
3045 3389 3224 3459 magni
3255 3387 3384 3451 feci,

1811 3493 2028 3550 semper
2056 3480 2356 3537 admiratus
2385 3496 2506 3537 sum
2530 3496 2849 3551 magnorum
2873 3481 3108 3535 virorum
3143 3481 3384 3550 ingenia,

1812 3569 2061 3625 dicamus
2091 3585 2282 3626 omnes
2315 3573 2370 3626 in
2401 3571 2502 3626 hac
2531 3586 2590 3627 re
2622 3587 2780 3626 veras
2807 3585 3114 3634 enarrasse,
3161 3583 3387 3625 causas-

1811 3664 2311 3733 que-certissimas,
2358 3662 2859 3733 concludamusque
2887 3663 3010 3718 ideo
3043 3663 3299 3734 polypum
3329 3669 3386 3716 et

1812 3753 2255 3808 chamaeleontem
2289 3752 2509 3808 deﬂuxu
2556 3760 2884 3816 atomorum,
2934 3753 3039 3807 hoc
3083 3761 3188 3816 est,
3220 3751 3384 3821 spiri-

1813 3852 1989 3910 tuum,
2025 3860 2165 3914 quos
2197 3859 2534 3915 unaquaeque
2577 3861 2666 3900 res
2707 3859 2818 3914 prae
2837 3859 2897 3900 se
2920 3843 3042 3910 fert,
3083 3853 3230 3898 metu
3267 3843 3384 3898 sive

1811 3936 1960 4001 dolo,
1995 3937 2108 3991 sive
2137 3937 2243 3990 alio
2271 3936 2524 4006 quopiam
2558 3943 2767 3991 naturas
2793 3945 2966 3999 motu,
2996 3950 3092 4004 per
3121 3935 3384 4005 imagina-

1812 4025 2014 4079 tionem
2048 4027 2234 4081 sensui
2269 4027 2613 4095 impressam,
2646 4025 2700 4078 in
2734 4039 2965 4094 corpore
2995 4023 3152 4094 quasi
3200 4039 3382 4091 aereo,

1811 4123 1866 4171 et
1905 4117 2264 4184 translucida,
2296 4125 2349 4172 et
2396 4115 2791 4180 transmeabili,
2825 4115 3055 4184 ideoque
3094 4115 3383 4186 aptissimo

1812 4210 1880 4264 ad
1933 4210 2230 4280 quamlibet
2285 4211 2641 4263 mutationem
2695 4207 3122 4276 suscipiendam,
3187 4220 3385 4262 omnes

1813 4303 2025 4357 colores
2069 4301 2375 4357 admittere.
2410 4301 2528 4355 Non
2555 4300 2736 4355 subito
2772 4301 2972 4354 multas
2999 4297 3177 4351 adhuc
3203 4305 3255 4352 et
3283 4295 3384 4350 dif-

1814 4395 2102 4459 ﬂcultates,
2132 4405 2186 4449 et
2219 4393 2383 4447 dubia
2443 4407 2751 4462 superesse,
2805 4390 2899 4445 sed
2957 4403 3076 4458 quae
3123 4386 3383 4442 facillimo

1812 4488 2028 4557 negotio
2051 4486 2260 4555 possint
2288 4484 2568 4553 explicari,
2587 4483 2668 4536 vel
2687 4482 2801 4536 sola
2818 4481 2921 4534 hac
2947 4486 3134 4532 nostra
3156 4476 3379 4532 conclu-

1813 4581 1986 4642 sione,
2003 4594 2142 4648 quas,
2162 4593 2230 4633 ne
2249 4576 2576 4648 prolixiores
2609 4574 2802 4638 simus,
2825 4570 3149 4633 omittimus,
3179 4569 3272 4624 scd
3295 4577 3382 4622 sat

1812 4672 1865 4725 id
1890 4673 2027 4726 bene
2047 4669 2112 4723 de
2129 4668 2533 4728 chamaeleonte,
2553 4673 2605 4718 et
2626 4663 2821 4734 polypo
2836 4661 2979 4716 dicet
2993 4660 3143 4728 quis;
3163 4656 3292 4727 quid
3313 4657 3381 4710 de

1811 4765 2039 4818 tarando
2055 4776 2283 4831 corpore
2300 4758 2556 4814 crassiori
2575 4756 2717 4826 quod
2734 4763 2787 4810 et
2809 4754 3030 4818 mirum,
3049 4751 3142 4805 sed
3162 4749 3381 4804 mirabi-

1812 4857 1918 4911 lius
1947 4864 2001 4911 et
2017 4855 2183 4909 villo?
2205 4852 2382 4907 dicam
2408 4849 2551 4920 quod
2568 4856 2623 4902 et
2645 4846 3054 4915 Theophrastus
3075 4842 3218 4897 dicto
3238 4842 3377 4895 locu.

1811 4949 1935 5012 Τοῖς
1966 4947 2065 5018 μὲν
2093 4947 2200 5016 γὰρ
2229 4943 2408 5006 ἄλλοις
2445 4943 2503 4994 ὲν
2536 4939 2611 5010 τῷ
2653 4939 2881 5009 δέρματι
2908 4935 3116 5004 γίνεται
3147 4935 3180 5002 ἡ
3217 4950 3382 5003 μετα-

1811 5040 1960 5112 ϐολὴ,
2000 5037 2384 5108 ἀλλοιουμένης
2409 5035 2509 5104 τῆς
2539 5033 2690 5094 ὲντὸς
2716 5031 3029 5101 ὑγρότητος,
3063 5026 3172 5079 εἴτε
3213 5027 3380 5094 αἱμα-

1808 5134 2028 5198 τῶδους,
2083 5132 2116 5204 ἢ
2167 5131 2260 5184 καί
2309 5145 2452 5192 τινος
2503 5126 2669 5194 ἄλλης
2695 5123 2948 5203 τοιαύτης
3007 5120 3206 5191 οὔσης·
3241 5118 3381 5171 ῶστε

1811 5225 2048 5297 φανερὰν
2080 5220 2340 5293 εἶναιτὴν
2382 5217 2754 5290 συμπάθειαν·
2798 5217 2832 5286 η
2879 5214 2936 5267 δὲ
2980 5211 3182 5285 τριχῶν
3218 5228 3382 5281 μετα-

1809 5317 1960 5388 ϐολὴ,
1997 5314 2175 5387 ξηρῶν
2200 5330 2260 5366 τε
2288 5311 2455 5365 ὄντων
2477 5310 2570 5362 καὶ
2599 5305 3026 5377 ἀπηρτημένων,
3053 5303 3146 5356 καὶ
3183 5301 3381 5372 ἀθρόον

1808 5409 1869 5462 ού
1909 5407 2228 5476 πεφυκότων
2273 5399 2631 5465 ἀλλοιοῦσθαι,
2672 5396 2971 5470 παράδοξος
3002 5393 3238 5466 ἀληθῶς,
3289 5393 3382 5447 καὶ

1808 5499 2068 5561 ἀπίθανος
2102 5497 2330 5568 μάλιστα
2362 5493 2498 5565 πρὸς
2522 5489 2692 5545 πολλὰ
2723 5488 3127 5558 ποικιλλομένη.
3147 5485 3386 5552 Quidni?

1808 5590 1927 5645 Non
1963 5604 2154 5645 vereor
2185 5588 2238 5642 id
2271 5585 2428 5640 fateri
2455 5582 2625 5639 Deum
2665 5581 2869 5652 aliquid
2901 5595 3063 5651 posse
3094 5585 3383 5649 praestare,

1810 5687 1968 5759 cujus
2005 5699 2106 5756 ego
2127 5695 2326 5740 causas
2352 5693 2463 5736 non
2489 5690 2762 5750 assequar.
