3810 6168
407 224 512 281 935

1748 225 1993 282 LEONlS
2031 225 2307 285 ΑιιΑι-ιι

3548 243 3654 299 956

479 303 642 406 lbid.,
674 343 770 398 lin.
815 342 903 400 is.
932 343 1166 414 Ὁμοίως
1191 342 1373 398 δὲκαὶ
1394 346 1428 399 δ
1452 345 1804 414 χαμαιλέων.
1837 342 1967 400 Cha-

2080 342 2202 399 οὖτε
2224 347 2472 418 ὁρᾶσθαι,
2499 347 2620 403 οὔτε
2647 351 3022 423 γνωρίζεσθαι.
3054 306 3287 413 ίίλέπτει
3313 358 3422 430 γὰρ
3456 360 3654 414 ἑαυτὸν

407 434 746 490 maleontem
777 434 1117 499 Aristoteles,
1157 436 1254 492 lib.
1289 451 1329 489 ιι
1363 435 1441 490 De
1471 437 1598 491 hist.
1630 437 1820 502 anim.,
1852 451 1973 506 cap.

408 526 498 591 11,
532 527 825 601 descripsit
852 531 991 598 fuse,
1024 537 1077 586 et
1119 530 1348 595 Plinius,
1390 530 1483 587 lib.
1516 545 1632 593 νιιι,
1660 544 1708 583 c.
1738 529 1840 584 35:
1880 527 1976 582 Fi-

407 636 543 690 gura
588 632 639 676 et
680 625 988 694 magnitudo
1030 632 1147 679 erat
1189 629 1402 678 lacertte
1450 624 1553 678 nisi
1602 638 1763 676 crura
1804 632 1976 677 essent

408 727 551 772 recta
574 725 623 771 et
653 718 961 782 excelsiora,
995 717 1165 771 latera
1187 718 1353 771 ventri
1371 716 1692 787 junguntur,
1718 724 1775 769 ut
1815 717 1978 786 pisci-

410 809 528 873 bus,
572 818 620 863 et
663 810 815 878 spina
855 808 1019 862 simili
1060 806 1257 870 modo;
1283 807 1473 860 eminet
1515 816 1767 871 rostrum,
1820 816 1876 859 ut
1920 807 1976 860 in

405 916 565 969 parvo
592 900 733 953 haud
754 899 990 954 absimile
1011 898 1190 963 suillo,
1215 899 1387 952 cauda
1413 896 1683 967 prwlonga
1713 897 1767 950 in
1808 899 1976 951 tenui-

408 1003 567 1048 tatem
607 993 868 1052 desinens,
909 1000 959 1044 et
1002 991 1280 1059 implicans
1332 1005 1387 1044 se
1438 989 1688 1057 viperinis
1714 988 1974 1052 orbibus;

406 1101 602 1155 ungues
644 1083 1077 1141 adunci:motus
1121 1080 1345 1143 tardior,
1373 1089 1431 1133 ut
1474 1081 1975 1147 testudini;corpus

405 1191 646 1243 asperum
669 1190 761 1228 ceu
800 1174 1063 1229 crocodilo
1086 1191 1105 1228 :
1136 1175 1276 1227 oculi
1311 1175 1366 1227 in
1411 1190 1617 1228 recessu
1664 1190 1788 1228 cavo
1833 1176 1975 1227 tenui

402 1268 705 1321 discrimine
747 1269 1103 1336 pragrandes,
1143 1275 1195 1320 et
1238 1267 1445 1335 corpori
1472 1265 1804 1328 concolores;
1838 1281 1973 1319 nun-

402 1376 561 1429 quam
587 1375 674 1413 eos
708 1360 918 1428 operit:
949 1375 1040 1412 nec
1069 1350 1480 1427 pupillicmotu,
1515 1356 1603 1411 sed
1645 1357 1805 1410 totius
1832 1356 1974 1410 oculi

394 1444 635 1505 ‘oersione
658 1451 1031 1520 circumspicit.
1065 1449 1184 1518 Ipse
1220 1449 1391 1503 celsus
1419 1449 1589 1503 hianti
1621 1465 1824 1519 semper
1861 1466 1969 1504 ore.

404 1542 613 1598 Mutare
667 1542 902 1598 colorem
946 1542 1116 1598 refert
1143 1541 1465 1597 Aristoteles
1494 1541 1613 1597 loco
1649 1541 1706 1595 d.
1734 1549 1789 1597 et
1816 1540 1872 1607 2,
1919 1550 1974 1597 et

401 1633 492 1688 hic
536 1631 768 1698 Plinius,
816 1630 1088 1697 IEIianus,
1133 1629 1454 1687 Plutarchus
1497 1631 1552 1686 iu
1614 1630 1861 1702 ngpos.
1916 1640 1973 1689 et

401 1731 759 1779 commentar.
807 1720 885 1775 De
934 1722 1273 1788 adulatione;
1323 1720 1614 1794 Gregorius
1650 1722 1906 1778 Nazianz.
1938 1723 1965 1777 1

400 1815 673 1869 invectiva
700 1814 755 1867 in
782 1812 1059 1868 Julianum
1084 1813 1454 1885 ;Augustinus
1483 1814 1575 1868 lib.
1610 1830 1649 1868 ιι
1680 1814 1760 1868 De
1794 1814 1973 1869 Trini-

402 1915 528 1970 tate,
565 1920 683 1977 cap.
731 1904 1088 1972 2;lsidorus,
1118 1905 1215 1961 lib.
1250 1921 1311 1970 ιι,
1349 1921 1472 1976 cap.
1501 1905 1570 1971 2;
1600 1904 1970 1961 Tertullianus

401 1997 496 2052 lib.
531 1997 611 2051 De
638 1997 826 2067 pallio,
852 2004 906 2053 et
937 1994 1187 2053 Justinus
1211 2005 1437 2068 martyr,
1470 1997 1640 2067 Epist.
1673 1997 1742 2050 ad
1771 1995 1971 2050 Zenam

324 2114 327 2117 -
398 2096 450 2142 et
475 2086 752 2149 Serenum,
789 2088 849 2141 Ὁ
883 2086 942 2141 δὲ
967 2086 1060 2142 νῦν
1084 2087 1183 2159 μὲν
1208 2086 1419 2159 ὠχρὸς,
1451 2084 1571 2142 εἶτα
1595 2088 1841 2160 ἐρυθρός.
1879 2086 1970 2160 Τῷ

397 2180 455 2233 δὲ
515 2181 842 2252 συγκρίματι
891 2179 985 2234 τοῦ
1027 2178 1277 2252 σώματος
1323 2178 1759 2252 ποικιλλόμενος,
1816 2172 1971 2245 οὗτος

398 2268 589 2341 ὥσπερ
631 2270 940 2341 χαμαιλέων
985 2272 1042 2324 ὲν
1074 2268 1152 2341 τῷ
1197 2269 1460 2335 καύσωνι,
1506 2271 1600 2324 καὶ
1645 2273 1711 2343 τῇ
1762 2271 1970 2344 ἐρημίᾳ

399 2364 724 2433 περινοστεῖ,
757 2370 811 2417 et
839 2360 1163 2418 Theodorus
1201 2362 1487 2420 Tarsensis
1529 2364 1672 2434 apud
1713 2362 1969 2419 Photium

398 2455 456 2508 in
483 2454 738 2511 Biblioth.
779 2454 1106 2526 Χαμαιλέων
1130 2453 1192 2508 τὸ
1226 2453 1365 2519 ζῶον
1400 2456 1482 2520 εἰς
1506 2455 1678 2509 πολλὰ
1705 2455 1969 2528 χρώματα

394 2544 459 2599 τὸ
500 2544 660 2616 σῶμα
705 2529 1048 2616 μεταϐαλλει,
1096 2546 1190 2599 καὶ
1224 2545 1463 2610 τοιοῦτος
1487 2547 1731 2616 φαίνεται
1767 2542 1876 2602 οἷον
1907 2549 1969 2602 τὸ

397 2636 690 2708 πλησιάζον
710 2638 805 2691 καὶ
820 2637 1222 2709 παρακείμενον
1249 2637 1398 2709 αὑτῷ
1421 2637 1523 2691 κᾶν
1546 2637 1719 2704 ξύλον,
1753 2639 1856 2693 κᾶν
1885 2639 1968 2693 λι-

398 2725 510 2793 θος,
528 2728 631 2781 κᾶν
648 2728 677 2781 ὅ
703 2745 756 2781 τι
785 2727 1021 2785 τοιοῦτον
1132 2729 1277 2801 Πρὸς
1292 2729 1400 2801 γὰρ
1416 2729 1512 2801 τὴν
1537 2730 1751 2797 ἐκείνω
1779 2731 1969 2804 χροιὰν

398 2819 688 2891 ἀρμολογεῖ
718 2820 817 2891 τὴν
848 2820 1065 2886 ἑαυτοῦ,
1089 2827 1144 2877 et
1175 2822 1479 2894 Antigonus
1513 2822 1818 2894 Carystius,
1841 2838 1964 2895 cap.

395 2910 488 2976 30,
506 2910 717 2964 Γίνεται
749 2911 805 2963 δὲ
829 2911 1027 2964 ταύτὸν
1056 2911 1152 2965 καὶ
1182 2911 1310 2981 περὶ
1336 2911 1427 2966 τὸν
1449 2912 1828 2983 χαμαιλέοντα.
1855 2914 1968 2968 Καὶ

2078 437 2295 491 πλανῶν
2325 455 2385 491 τε
2415 438 2529 510 ἅμα
2569 441 2661 495 καὶ
2689 445 3053 517 παρατρέπων
3079 447 3177 519 τὴν
3208 449 3315 503 τῶν
3354 451 3654 522 ὁρωμένων

2044 526 2218 596 ,ὄψιν.
2274 529 2337 582 Ei
2390 531 2498 602 γὰρ
2547 533 2867 605 παρατύχῃς
2920 536 3109 606 μέλανι
3167 538 3230 592 τὸ
3286 534 3457 604 εἶδος,
3510 542 3543 594 ὁ
3597 542 3655 595 δὲ

2078 618 2330 690 ἐξέτρεψε
2359 622 2418 674 τὸ
2451 622 2721 694 μόρφωμα
2752 628 2830 690 εἰς
2872 626 3200 701 χλωρότητα,
3233 630 3421 692 ὥσπερ
3450 627 3523 702 ἦν
3552 650 3653 703 με·

2076 713 2535 784 ταμφιεσάμενος.
2561 710 2694 769 Εἶτα
2725 717 2905 786 μέντοι
2933 718 3137 784 ἀλλοῖος
3154 721 3323 793 ἐφάνη
3350 721 3655 793 λευκότητα

2076 803 2292 867 ὑποδὺς,
2327 806 2573 877 καθάπερ
2605 813 2944 879 προσωπεῖον
2973 812 3174 885 ἕτερον,
3213 814 3245 885 ἦ
3287 815 3477 885 στολὴν
3515 816 3653 869 ὑπο-

2075 895 2267 966 κριτὴς
2306 896 2490 967 ἄλλην.
2545 897 2755 954 Plinius
2799 903 2916 956 solo
2943 917 3068 960 aere
3109 919 3211 961 nec
3268 906 3375 959 alio
3405 907 3536 961 cibo
3579 907 3649 959 ali

2076 982 2179 1038 hoc
2222 985 2424 1039 animal
2461 987 2703 1041 tradidit.
2744 987 2865 1055 Ipse
2891 991 3059 1044 celsus
3094 991 3262 1046 hianti
3297 1009 3498 1063 semper
3532 1012 3647 1055 ore.

2075 1074 2221 1128 solus
2262 1077 2571 1130 animalium
2610 1094 2701 1133 nec
2735 1080 2868 1143 cibo,
2898 1098 2991 1134 nec
3024 1090 3149 1149 potu
3190 1084 3369 1148 alitur,
3407 1100 3501 1137 nec
3539 1087 3654 1138 alio

2072 1184 2232 1236 quam
2279 1170 2416 1223 aeris
2464 1170 2733 1225 alimento.
2792 1172 2904 1228 Hoc
2944 1181 3127 1229 tamen
3173 1174 3366 1230 falsum
3410 1192 3539 1232 esse
3572 1181 3652 1231 ait

2073 1256 2401 1315 Franciscus
2448 1260 2704 1317 Sanctius
2747 1261 3101 1318 Commentar.
3154 1265 3209 1318 in
3258 1265 3516 1320 Emblem.
3551 1268 3649 1333 53,

2072 1352 2293 1418 Alciati,
2327 1360 2381 1408 et
2402 1356 2591 1410 venari
2621 1370 2860 1424 muscas,
2895 1358 3219 1423 scarabazos,
3244 1359 3505 1424 locustas,
3539 1359 3652 1413 for-

2070 1444 2264 1508 micas,
2306 1457 2360 1501 et
2393 1446 2498 1501 alia
2546 1446 2753 1502 insecta
2805 1448 3004 1519 quibus
3058 1452 3325 1520 praecipue
3372 1453 3647 1507 vescitur.

2069 1533 2309 1593 Jacobus
2368 1535 2749 1610 Dalecampius
2801 1549 2989 1596 annot.
3039 1542 3096 1596 in
3122 1540 3281 1597 Plinii
3325 1543 3506 1598 locum
3562 1545 3648 1601 d..

2074 1629 2328 1696 Quamvis
2353 1630 2545 1699 famem
2576 1631 2770 1687 multos
2798 1650 2999 1689 menses
3023 1634 3224 1699 toleret,
3253 1635 3429 1705 lingua
3457 1643 3649 1691 tamen

2072 1719 2482 1793 sesquipalmum
2528 1720 2681 1791 longa
2732 1730 2949 1789 exerta,
3000 1740 3064 1777 ac
3105 1724 3341 1787 vibrata,
3383 1742 3652 1796 raucoque

2071 1810 2257 1877 oblita,
2281 1812 2538 1878 locustae,
2562 1812 2835 1880 formicas,
2863 1831 3072 1869 muscas
3100 1815 3391 1869 scarabtcos
3436 1826 3489 1870 et
3522 1819 3648 1872 alia

2067 1901 2270 1957 insecta
2294 1903 2480 1974 quibus
2500 1906 2745 1971 uescitur,
2779 1908 3014 1976 corripit,
3042 1909 3246 1973 retinet,
3284 1908 3351 1961 ad
3381 1924 3438 1962 se
3456 1909 3651 1962 addu-

2027 1992 2035 1999 ’
2067 1995 2159 2050 cit.
2192 1994 2451 2052 Brodteus
2484 2010 2605 2067 cap.
2634 1996 2724 2063 21,
2755 1997 2851 2052 lib.
2878 2014 2954 2065 vi,
2982 1998 3354 2070 Theophrasto
3404 2008 3649 2055 auctore

2067 2101 2259 2157 parum
2311 2087 2484 2154 abest,
2522 2087 2658 2159 quin
2703 2088 2888 2158 pulmo
2926 2096 3097 2143 totum
3146 2105 3341 2160 corpus
3387 2090 3644 2159 impleat.

2068 2175 2301 2248 ideoque
2326 2176 2458 2232 dum
2487 2191 2674 2231 auram
2723 2185 2905 2248 captat
2926 2188 2980 2234 et
3011 2186 3357 2233 consectatur
3396 2181 3645 2242 avidius,

2066 2282 2132 2324 ea
2156 2268 2339 2323 vivere
2368 2268 2486 2325 sola
2510 2268 2859 2324 crediderunt
2893 2269 3046 2323 multi
3071 2289 3084 2325 :
3109 2270 3252 2339 quod
3287 2276 3342 2324 et
3365 2269 3649 2325 Plinianas

2066 2360 2339 2430 opinionis
2369 2359 2543 2431 origo.
2587 2357 2827 2416 Joannes
2862 2360 3103 2416 Landius
3150 2362 3207 2416 in
3244 2361 3431 2415 ultima
3467 2361 3643 2434 Syria

2067 2464 2191 2505 cum
2222 2457 2387 2516 esset,
2418 2451 2516 2517 ait,
2569 2465 2631 2506 se
2669 2449 2872 2507 vidisse
2917 2467 3087 2507 unum
3135 2468 3165 2507 e
3202 2453 3437 2523 quinque
3488 2471 3646 2523 quos

2066 2550 2272 2598 emerat
2309 2541 2770 2600 chamaeleonibus
2822 2544 3020 2614 linguae
3064 2546 3345 2613 repentino
3384 2561 3649 2602 momen-

2066 2639 2334 2705 taneoque
2368 2633 2611 2704 jaculatu
2651 2649 2898 2691 muscam
2943 2651 3067 2707 quas
3103 2638 3160 2693 in
3210 2639 3327 2708 ejus
3359 2646 3514 2694 esset
3544 2656 3647 2708 pe.

2065 2726 2206 2781 ctori
2234 2727 2452 2797 legisse.
2483 2725 2774 2797 Propterea
2805 2728 2953 2783 illius
2981 2742 3013 2782 a
3041 2743 3101 2783 se
3129 2728 3348 2785 dissecti
3389 2730 3643 2802 linguam

2067 2818 2328 2872 narrabat
2363 2817 2635 2873 inventam
2665 2818 2829 2889 palmi
2862 2820 3222 2889 longitudine,
3257 2835 3463 2885 cavam,
3513 2826 3645 2877 ina-

2067 2925 2215 2975 nem,
2258 2910 2315 2964 in
2358 2924 2573 2966 summa
2606 2919 2863 2981 tanquam
2910 2912 3252 2967 acetabulum
3295 2926 3419 2966 cum
3444 2928 3642 2970 muco.

396 3003 507 3073 γὰρ
531 3004 641 3065 τοῖς
672 3001 942 3071 στελέχεσι
981 3003 1091 3057 τῶν
1134 3002 1385 3075 δένδρων,
1427 3003 1523 3057 καὶ
1564 3007 1678 3069 τοῖς
1726 3005 1964 3077 φύλλοις,

2071 3016 2177 3072 quo
2218 3001 2453 3073 praedam
2503 3004 2738 3059 tolleret.
2781 3002 2961 3059 Julius
2996 3002 3238 3073 Scaliger
3285 3019 3467 3060 exerc.
3535 3005 3646 3061 {96

396 3095 494 3148 καὶ
515 3097 581 3167 τῇ
611 3098 679 3166 γῇ
714 3095 804 3148 τὸν
836 3094 997 3148 αὐτὸν
1020 3095 1221 3167 τρόπον
1254 3095 1453 3152 ἅπαντι
1492 3098 1643 3169 τόπῳ
1686 3115 1966 3170 συμμετα-

395 3186 582 3241 ϐάλλει
608 3188 709 3260 τὴν
736 3188 941 3260 χροιάν.
973 3188 1293 3246 Aristoteles
1321 3190 1397 3243 ait
1415 3190 1617 3245 mutari
1640 3190 1879 3245 colorem
1910 3190 1966 3247 in

394 3289 510 3337 toto
531 3295 782 3352 corpore,
819 3295 943 3334 nam
986 3289 1041 3337 et
1070 3281 1212 3338 oculi
1244 3283 1562 3338 concolores
1606 3282 1816 3355 reliquo
1843 3298 1969 3339 cor-

396 3378 517 3445 pori
552 3375 878 3441 redduntur,
906 3381 960 3430 et
997 3376 1171 3430 cauda
1200 3376 1450 3431 eumdem
1474 3376 1712 3432 colorem
1742 3376 1961 3448 accipit.

395 3465 629 3532 Plinius,
652 3476 706 3522 et
725 3467 924 3523 coloris
948 3475 1140 3522 natura
1173 3468 1505 3535 mutabilior,
1535 3475 1708 3523 mutat
1728 3483 1964 3539 namque

395 3574 520 3614 eum
555 3559 805 3625 subinde,
828 3566 883 3615 et
914 3560 1110 3625 oculis,
1147 3567 1202 3614 et
1242 3560 1438 3626 cauda,
1468 3570 1523 3615 et
1560 3567 1676 3615 toto
1709 3575 1960 3631 corpore.

396 3646 829 3720 TheOphrastus,
882 3649 975 3705 lib.
1031 3649 1163 3719 Περὶ
1190 3647 1309 3703 τῶν
1328 3652 1828 3719 μεταϐαλλόντων
1848 3650 1965 3721 τὴν

397 3740 589 3808 χρόαν
631 3753 845 3810 semper
890 3740 1119 3796 reddere
1151 3755 1530 3811 quemcunque
1558 3742 1799 3813 attigerit
1825 3756 1965 3812 prae-

397 3837 484 3886 ter
515 3831 761 3899 rubrum,
795 3832 1217 3903 candidumque,
1259 3832 1596 3887 Μεταόάλλει
1627 3834 1684 3887 δὲ
1706 3835 1737 3886 ὁ
1764 3852 1965 3907 χαμαι-

397 3920 537 3974 λέων
572 3923 652 3985 ei;
694 3925 868 3977 πάντα
906 3923 976 3977 τὰ
1014 3924 1314 3996 χρώματα·
1345 3925 1483 3998 πλὴν
1515 3926 1616 3998 τὴν
1640 3927 1719 3991 εἰς
1742 3927 1803 3979 τὸ
1838 3926 1963 3980 λευ-

398 4009 494 4065 κὸν
526 4013 620 4064 καὶ
666 4013 728 4065 τὸ
773 4013 1000 4086 ἐρυθρὸν
1032 4017 1094 4069 οὐ
1139 4017 1350 4087 δέχεται
1394 4016 1711 4090 μεταϐολήν.
1746 4019 1857 4072 Καὶ
1901 4018 1962 4072 οὐ

400 4105 536 4176 πρὸς
564 4104 635 4158 τὰ
674 4108 1050 4179 παρακείμενα
1101 4110 1259 4180 μόνον
1301 4108 1568 4181 χρώματα
1622 4109 1961 4181 μεταϐάλλει,

397 4195 535 4250 ἀλλὰ
585 4198 679 4251 καὶ
707 4200 869 4263 αὐτὸς
915 4201 1034 4254 καθ’
1063 4202 1272 4269 ἑαυτὸν,
1317 4203 1412 4257 ἐάν
1436 4219 1521 4269 τις
1563 4205 1720 4275 μόνον
1762 4204 1964 4276 ἅψηται

398 4290 584 4356 αὑτοῦ,
614 4290 674 4344 τὸ
701 4292 895 4364 χρῶμα
928 4294 1269 4365 μεταϐάλλει.
1306 4296 1504 4352 Eadem
1547 4298 1707 4353 habet
1731 4297 1960 4362 Plinius,

2070 3095 2132 3149 in
2161 3093 2491 3162 Cardanum,
2525 3112 2582 3150 ιι.
2614 3095 2671 3161 4,
2700 3095 2793 3166 qui
2826 3106 2881 3151 et
2906 3097 3079 3150 multa
3107 3096 3212 3150 alia
3246 3111 3365 3165 quae
3396 3111 3647 3165 sequun-

2069 3196 2158 3241 tur
2201 3187 2270 3243 de
2320 3187 2517 3252 forma,
2549 3188 2733 3243 colore
2782 3186 3012 3259 ejusque
3051 3187 3373 3253 mutatione,
3423 3189 3561 3243 item
3612 3206 3645 3243 a

2065 3277 2267 3349 quibus
2299 3277 2552 3333 vincatur
2584 3278 2880 3345 coloribus,
2917 3294 2947 3332 a
2979 3278 3183 3350 quibus
3212 3295 3341 3345 non,
3366 3293 3398 3333 a
3427 3278 3648 3334 Landio

2064 3370 2284 3440 accipit.
2319 3371 2522 3425 Mirum
2561 3377 2646 3426 est
2694 3371 2839 3441 quod
2882 3370 2951 3427 de
2979 3371 3385 3426 chamaeleontis
3428 3371 3482 3426 in
3525 3387 3649 3426 ser-

2063 3472 2256 3533 pentes
2278 3462 2403 3516 odio
2432 3468 2622 3517 narrat
2648 3458 2890 3533 Scaliger
2918 3460 3067 3516 dicto
3097 3461 3136 3515 l.
3171 3459 3230 3516 Is
3254 3476 3321 3515 ex
3340 3461 3451 3515 illis
3470 3477 3647 3516 unum

2062 3556 2356 3626 quempiam
2376 3556 2672 3623 speculatus
2704 3555 2761 3608 in
2791 3554 2981 3608 umbra
3012 3564 3309 3625 captantem
3334 3571 3524 3621 auras,
3550 3568 3644 3609 aut

2062 3648 2119 3700 in
2159 3648 2325 3703 radiis
2364 3649 2705 3718 apricantem,
2735 3649 2791 3701 in
2818 3663 2935 3701 eam
2966 3646 3175 3701 scandit
3220 3645 3485 3711 arborem,
3529 3664 3649 3716 qua:
3706 3668 3713 3675 ι

2063 3738 2147 3791 illi
2178 3738 2412 3793 imminet
2438 3753 2457 3791 :
2492 3738 2626 3793 unde
2662 3754 2727 3793 ea:
2758 3755 2847 3793 ore
2876 3738 3027 3808 ﬁlum
3059 3737 3286 3793 demittit
3318 3754 3646 3791 araneorum

2062 3845 2228 3895 more,
2281 3830 2339 3884 in
2388 3829 2542 3892 cuius
2588 3830 2670 3898 ﬁli
2707 3838 2938 3883 extremo
2964 3828 3173 3899 guttula
3206 3830 3299 3893 sit,
3326 3831 3648 3898 margarita:

2063 3924 2360 3994 splendore,
2387 3941 2452 3979 ea
2482 3934 2679 3979 tactum
2699 3927 2755 3979 in
2779 3927 2967 3992 vertice
2985 3934 3273 3994 serpentem
3300 3927 3458 3979 mori.
3489 3923 3647 3979 Illud

2062 4019 2220 4071 etiam
2251 4015 2620 4070 admirabilius
2658 4017 2704 4071 si
2751 4016 2820 4069 ad
2849 4016 3279 4086 perpendiculum
3309 4025 3540 4085 nequeat
3574 4020 3643 4087 ﬁ-

2064 4108 2174 4162 lum
2205 4107 2515 4161 demittere:
2546 4107 2682 4176 quod
2738 4108 2911 4161 minus
2956 4107 3283 4161 adamussim
3323 4108 3644 4175 respondeat

2063 4218 2265 4265 ramus,
2303 4203 2359 4255 in
2401 4218 2503 4271 quo
2533 4211 2611 4256 est
2637 4202 2874 4271 inferiori
2915 4200 3027 4255 loco
3059 4201 3149 4254 ubi
3185 4198 3342 4253 cubat
3378 4216 3603 4268 serpens
3626 4219 3643 4253 ;

2063 4295 2142 4349 ita
2185 4293 2336 4363 ﬁlum
2367 4296 2623 4365 corrigere
2663 4294 2878 4363 pedibus
2909 4291 3286 4356 anterioribus,
3326 4302 3484 4361 atque
3525 4291 3645 4361 ejus

396 4380 745 4445 Plutarchus,
780 4383 874 4438 lib.
935 4383 1013 4437 De
1058 4385 1405 4457 dignoscendo
1448 4388 1616 4441 amico
1658 4386 1723 4440 ab
1770 4371 1968 4440 adula:
1995 4380 2041 4434 D
2068 4397 2293 4443 tractum
2326 4397 2633 4457 temperare,
2664 4397 2720 4440 ut
2762 4386 2831 4441 ad
2861 4387 3053 4440 lineam
3083 4388 3238 4455 quasi
3259 4384 3509 4438 catheton
3553 4385 3645 4438 de-

397 4484 529 4541 tore,
562 4482 620 4529 et
649 4473 893 4541 Solinus,
932 4475 1193 4547 Polyhist.
1222 4494 1343 4549 cap.
1380 4478 1471 4546 43,
1508 4479 1648 4533 idem
1692 4479 1954 4535 sentiunt.

394 4566 548 4623 Phile
567 4566 624 4622 in
638 4568 838 4624 lambis
863 4570 1114 4625 concedit
1136 4571 1363 4627 rubrum
1387 4573 1644 4636 colorem,
1668 4571 1959 4628 candidum

394 4666 558 4730 negat
590 4676 606 4714 :

463 4795 826 4869 Χαμαιλέων,
850 4797 1146 4869 κράτιστε,
1176 4799 1285 4854 τὸν
1315 4798 1508 4869 χρῶτα
1541 4800 1757 4866 τρέπει.

466 4866 696 4938 Σαῦρος
719 4867 828 4937 γὰρ
848 4866 932 4921 ὢν
956 4869 1237 4937 ἄντικρυς
1267 4866 1375 4923 obit
1406 4870 1528 4938 ἔχει
1559 4871 1766 4937 τρίχας

467 4935 577 5008 Kgl
601 4935 857 5008 rﬁr‘ps‘r
881 4937 1091 5008 ὠχρὸς,
1122 4935 1244 4992 νῦν
1276 4939 1344 4992 δὲ
1368 4935 1541 5007 φαιὸς
1563 4935 1784 5008 fluctui
1801 4980 1817 5005 ,

468 5001 613 5077 Εἶτα
635 5001 939 5077 πελιδνὸς,
950 5001 1086 5062 "(atra
1106 5010 1305 5077 κιρῤὸς
1332 5001 1416 5074 εἷς
1444 5001 1653 5075 βάθος.

467 5076 578 5149 Kal
608 5076 726 5130 νῦν
755 5077 1150 5149 ἐρυθρὸςμκαὶ
1175 5079 1506 5149 παραυτίκα
1525 5078 1735 5149 μέλας,

468 5146 575 5217 Kal
611 5147 850 5217 α’τικτύς
872 5146 956 5217 the
981 5147 1209 5217 γένοιτο
1244 5146 1540 5216 δορκάδος(
1562 5149 1758 5216 δίκην.

463 5214 575 5287 Καὶ
613 5214 834 5287 ξανθὸς
864 5216 941 5270 ἃν
974 5214 1224 5287 φαίνοιθ
1253 5214 1374 5281 ὅδε,
1415 5214 1881 5287 καθάπεραέων.

468 5284 631 5355 Οὕτω
657 5284 737 5355 δὲ,
755 5284 1027 5355 σώματος
1061 5287 1221 5341 τοῦδ’
1248 5284 1708 5354 Memmiana),

471 5354 542 5408 Τὸ
570 5354 792 5410 λευκὸν
816 5354 1121 5426 ἠγνόησεν
1152 5358 1192 5427 ἡ
1222 5359 1406 5427 φύσις
1430 5360 1642 5429 μόνον.
1736 5416 1743 5423 ,

398 5462 670 5528 ΑΕΙὶιιιιιιε,
701 5465 796 5522 lib.
832 5483 963 5531 Lm,
1026 5467 1105 5523 De
1145 5468 1333 5524 histor.
1380 5470 1602 5527 animal.
1626 5513 1644 5540 ,
1695 5486 1815 5542 cap.
1866 5471 1956 5536 M,

398 5552 560 5605 etiam
578 5554 791 5610 candidi
814 5559 1012 5615 coloris
1037 5562 1388 5647 mutationem
1404 5562 1459 5617 in
1480 5577 1546 5617 eo
1572 5562 1824 5620 admittit.
1846 5563 1959 5618 Xa-

404 5641 636 5712 μαιλέων
666 5645 726 5698 τὸ
769 5646 906 5711 ζῶον
949 5652 1031 5715 εἰς
1079 5641 1215 5707 ἰδίαν
1258 5654 1386 5724 μίαν
1414 5654 1579 5725 χρόαν
1609 5655 1672 5710 οὐ
1714 5656 1955 5724 πέφυκεν

2065 4483 2299 4537 scendat.

2136 4574 2294 4639 lbid.,
2323 4574 2418 4628 lin.
2457 4572 2546 4628 49.
2591 4572 2800 4627 Asc/Ibis
2831 4572 2868 4638 ἠ
2904 4571 3146 4639 ἔλαφος.
3169 4567 3425 4630 Aristot.,
3454 4567 3553 4621 lib.
3589 4583 3640 4621 xl

2067 4667 2144 4722 De
2172 4667 2299 4723 hist.
2330 4666 2517 4727 anim.,
2555 4680 2605 4719 c.
2654 4665 2705 4727 1,
2749 4677 2943 4717 cervos
3004 4662 3145 4715 inter
3176 4659 3439 4713 animalia
3485 4659 3637 4728 ιπερ-

2066 4761 2220 4814 niosa
2248 4766 2304 4812 et
2340 4758 2525 4811 timida
2561 4762 2903 4810 annumerat.
2934 4751 3216 4822 Oppianus
3237 4752 3517 4820 Κυνηγετ.
3542 4751 3640 4804 lib.

2068 4867 2129 4916 ιι,
2160 4850 2234 4903 De
2263 4850 2425 4903 cervis
2457 4864 2475 4903 :

2078 4983 2365 5054 Ἆϐληχρὴ
2394 4981 2631 5054 κραδίη,
2658 4981 2755 5034 καὶ
2784 4982 2969 5054 θυμὸς
3000 4977 3535 5054 ἕαωθεν-ἆνᾳῖλξιιςν

2066 5055 2174 5133 {iul
2221 5047 2707 5133 ρῖὧφαῖκεράτωῖ
2749 5047 2955 5133 αὶχλιαὶ
2992 5049 3178 5133 τόσρν
3208 5047 3639 5132 ᾀντέλλουσιν.

2059 5126 2289 5179 Οῠποτε
2304 5117 2425 5191 ’γὰρ
2453 5117 2790 5190 κεφαλῆφιν
2816 5119 3062 5173 ἐναντία
3081 5117 3472 5191 δηρίσιιιντο.

2069 5188 2354 5265 Οὐνθηραὶ
2378 5188 2700 5265 ᾆιρατεροξς,
2731 5192 2843 5243 οὐκ
2870 5188 3571 5265 ἀργαλέοισι-κύνεςσιν,

2060 5264 2196 5320 Οὐδ’
2229 5259 2430 5329 αὐτοῖς
2465 5261 2681 5327 δειλοῖς
2708 5259 3173 5328 λασιοκνήμοισι
3201 5259 3483 5326 λαγωοῖς.

2064 5379 2243 5446 Quare
2272 5385 2328 5433 et
2356 5391 2641 5432 cervorum
2682 5374 2948 5429 timiditas
2987 5374 3045 5428 in
3088 5370 3441 5444 proverbium
3476 5369 3643 5439 vulgn

2064 5471 2217 5536 abiit,
2247 5468 2491 5539 ὲλάφειος
2533 5466 2692 5539 ἀνὴρ,
2722 5466 2816 5519 ἐπὶ
2863 5464 2955 5519 τοῦ
2988 5462 3164 5518 δειλοῦ
3207 5465 3273 5515 ὲκ
3322 5463 3641 5533 μεταφορᾶς

2063 5548 2361 5625 τοῦζῴου·
2418 5556 2587 5612 δειλὸν
2631 5556 2741 5628 γὰρ
2781 5557 2815 5627 ἡ
2858 5554 3084 5626 ἔλαφος,
3130 5551 3333 5640 Suidas
3370 5559 3429 5606 et
3459 5549 3639 5606 lenu-

2063 5655 2208 5711 bius.
2254 5651 2424 5718 Unde,
2467 5660 2523 5707 et
2567 5649 2956 5722 Agamemnoni
3006 5645 3149 5718 apud
3198 5645 3502 5701 Homerum
3549 5659 3640 5697 ex-
