  <div class='ocr_page' id='page_1' title='image "/cluster/home/n/w/nwhite01/storage/ocr_20150623/18/nnc1.0046978550/476.png"; bbox 0 0 3810 6168; ppageno 0'>
   <div class='ocr_carea' id='block_1_1' title="bbox 122 310 233 370">
    <p class='ocr_par' dir='ltr' id='par_1_1' title="bbox 122 310 233 370">
     <span class='ocr_line' id='line_1_1' title="bbox 122 310 233 370; baseline -0.009 0"><span class='ocrx_word' id='word_1_1' title='bbox 122 310 233 370; x_wconf 76' lang='lat'><strong>937</strong></span> 
     </span>
    </p>
   </div>
   <div class='ocr_carea' id='block_1_2' title="bbox 1110 311 2402 387">
    <p class='ocr_par' dir='ltr' id='par_1_2' title="bbox 1110 311 2402 387">
     <span class='ocr_line' id='line_1_2' title="bbox 1110 311 2402 387; baseline 0.009 -12"><span class='ocrx_word' id='word_1_2' title='bbox 1110 311 1196 376; x_wconf 80' lang='grc' dir='ltr'>ἸΝ</span> <span class='ocrx_word' id='word_1_3' title='bbox 1237 315 1608 379; x_wconf 77' lang='lat' dir='ltr'><strong>EUSTATHII</strong></span> <span class='ocrx_word' id='word_1_4' title='bbox 1652 321 2132 382; x_wconf 73' lang='lat' dir='ltr'><strong>HEXAEMERON</strong></span> <span class='ocrx_word' id='word_1_5' title='bbox 2169 325 2402 387; x_wconf 66' lang='lat' dir='ltr'><strong>NOTIE.</strong></span> 
     </span>
    </p>
   </div>
   <div class='ocr_carea' id='block_1_3' title="bbox 3297 344 3403 403">
    <p class='ocr_par' dir='ltr' id='par_1_3' title="bbox 3297 344 3403 403">
     <span class='ocr_line' id='line_1_3' title="bbox 3297 344 3403 403; baseline 0 -1"><span class='ocrx_word' id='word_1_6' title='bbox 3297 344 3403 403; x_wconf 71' lang='lat'><strong>938</strong></span> 
     </span>
    </p>
   </div>
   <div class='ocr_carea' id='block_1_4' title="bbox 114 427 1604 517">
    <p class='ocr_par' dir='ltr' id='par_1_4' title="bbox 114 427 1604 506">
     <span class='ocr_line' id='line_1_4' title="bbox 114 427 1604 506; baseline 0.005 -22"><span class='ocrx_word' id='word_1_7' title='bbox 114 431 422 500; x_wconf 85' lang='lat' dir='ltr'><strong>probratur</strong></span> <span class='ocrx_word' id='word_1_8' title='bbox 453 427 654 499; x_wconf 80' lang='grc' dir='ltr'><em>Κυνὸς</em></span> <span class='ocrx_word' id='word_1_9' title='bbox 705 429 910 502; x_wconf 73' lang='grc' dir='ltr'><em>ὄμματ’</em></span> <span class='ocrx_word' id='word_1_10' title='bbox 951 434 1117 504; x_wconf 80' lang='grc' dir='ltr'><strong>ἐχειν</strong></span> <span class='ocrx_word' id='word_1_11' title='bbox 1137 476 1153 501; x_wconf 85' lang='grc'><strong>,</strong></span> <span class='ocrx_word' id='word_1_12' title='bbox 1173 436 1445 506; x_wconf 79' lang='grc' dir='ltr'><strong>-κραδίην</strong></span> <span class='ocrx_word' id='word_1_13' title='bbox 1480 437 1534 492; x_wconf 82' lang='grc' dir='ltr'><strong>δ’</strong></span> <span class='ocrx_word' id='word_1_14' title='bbox 1569 439 1604 492; x_wconf 82' lang='grc' dir='ltr'><strong>ἐ.</strong></span> 
     </span>
    </p>
   </div>
   <div class='ocr_carea' id='block_1_5' title="bbox 1811 427 3405 517">
    <p class='ocr_par' dir='ltr' id='par_1_5' title="bbox 1815 439 3405 517">
     <span class='ocr_line' id='line_1_5' title="bbox 1815 439 3405 517; baseline 0.016 -25"><span class='ocrx_word' id='word_1_15' title='bbox 1815 440 1884 492; x_wconf 88' lang='lat' dir='ltr'><strong>At</strong></span> <span class='ocrx_word' id='word_1_16' title='bbox 1915 439 2235 498; x_wconf 72' lang='lat' dir='ltr'><strong>Eustathius</strong></span> <span class='ocrx_word' id='word_1_17' title='bbox 2267 460 2375 499; x_wconf 87' lang='lat' dir='ltr'><strong>non</strong></span> <span class='ocrx_word' id='word_1_18' title='bbox 2411 445 2654 502; x_wconf 85' lang='lat' dir='ltr'><strong>anhelitu</strong></span> <span class='ocrx_word' id='word_1_19' title='bbox 2688 449 2782 504; x_wconf 79' lang='lat' dir='ltr'><strong>Sed</strong></span> <span class='ocrx_word' id='word_1_20' title='bbox 2812 451 3004 508; x_wconf 90' lang='lat' dir='ltr'><strong>attritu</strong></span> <span class='ocrx_word' id='word_1_21' title='bbox 3032 463 3301 514; x_wconf 77' lang='lat' dir='ltr'><strong>cornuum</strong></span> <span class='ocrx_word' id='word_1_22' title='bbox 3335 464 3405 517; x_wconf 84' lang='lat' dir='ltr'><strong>ad</strong></span> 
     </span>
    </p>
   </div>
   <div class='ocr_carea' id='block_1_6' title="bbox 113 523 1710 600">
    <p class='ocr_par' dir='ltr' id='par_1_6' title="bbox 113 523 1710 600">
     <span class='ocr_line' id='line_1_6' title="bbox 113 523 1710 600; baseline 0.006 -23"><span class='ocrx_word' id='word_1_23' title='bbox 113 537 283 593; x_wconf 75' lang='grc' dir='ltr'><em>φοιο.</em></span> <span class='ocrx_word' id='word_1_24' title='bbox 321 523 546 581; x_wconf 78' lang='lat' dir='ltr'><strong>Boetius</strong></span> <span class='ocrx_word' id='word_1_25' title='bbox 587 525 665 580; x_wconf 83' lang='lat' dir='ltr'><strong>De</strong></span> <span class='ocrx_word' id='word_1_26' title='bbox 688 528 1050 582; x_wconf 75' lang='lat' dir='ltr'><strong>consolatione</strong></span> <span class='ocrx_word' id='word_1_27' title='bbox 1077 529 1270 598; x_wconf 87' lang='lat' dir='ltr'><strong>philos.</strong></span> <span class='ocrx_word' id='word_1_28' title='bbox 1301 530 1338 582; x_wconf 92' lang='grc' dir='ltr'>ι.</span> <span class='ocrx_word' id='word_1_29' title='bbox 1376 546 1450 595; x_wconf 83' lang='grc' dir='ltr'>ιν,</span> <span class='ocrx_word' id='word_1_30' title='bbox 1489 546 1606 600; x_wconf 85' lang='lat' dir='ltr'><strong>pro.</strong></span> <span class='ocrx_word' id='word_1_31' title='bbox 1636 533 1710 588; x_wconf 70' lang='grc' dir='ltr'><strong>ὃς</strong></span> 
     </span>
    </p>
   </div>
   <div class='ocr_carea' id='block_1_7' title="bbox 113 617 1715 688">
    <p class='ocr_par' dir='ltr' id='par_1_7' title="bbox 113 617 1715 688">
     <span class='ocr_line' id='line_1_7' title="bbox 113 617 1715 688; baseline 0.004 -17"><span class='ocrx_word' id='word_1_32' title='bbox 113 617 365 672; x_wconf 86' lang='lat' dir='ltr'><strong>Pavidus</strong></span> <span class='ocrx_word' id='word_1_33' title='bbox 398 633 462 671; x_wconf 85' lang='lat' dir='ltr'><strong>ac</strong></span> <span class='ocrx_word' id='word_1_34' title='bbox 502 618 667 688; x_wconf 79' lang='lat' dir='ltr'><strong>fugax</strong></span> <span class='ocrx_word' id='word_1_35' title='bbox 705 635 820 674; x_wconf 46' lang='lat' dir='ltr'><strong>non.</strong></span> <span class='ocrx_word' id='word_1_36' title='bbox 865 620 1158 675; x_wconf 88' lang='lat' dir='ltr'><strong>metuenda</strong></span> <span class='ocrx_word' id='word_1_37' title='bbox 1212 621 1473 677; x_wconf 80' lang='lat' dir='ltr'><strong>formidat</strong></span> <span class='ocrx_word' id='word_1_38' title='bbox 1513 642 1527 678; x_wconf 86' lang='lat'><strong>:</strong></span> <span class='ocrx_word' id='word_1_39' title='bbox 1568 626 1715 678; x_wconf 83' lang='lat' dir='ltr'><strong>cervi</strong></span> 
     </span>
    </p>
   </div>
   <div class='ocr_carea' id='block_1_8' title="bbox 115 708 1714 787">
    <p class='ocr_par' dir='ltr' id='par_1_8' title="bbox 115 708 1714 787">
     <span class='ocr_line' id='line_1_8' title="bbox 115 708 1714 787; baseline 0.003 -24"><span class='ocrx_word' id='word_1_40' title='bbox 115 708 331 764; x_wconf 84' lang='lat' dir='ltr'><strong>similis</strong></span> <span class='ocrx_word' id='word_1_41' title='bbox 381 709 668 787; x_wconf 78' lang='lat' dir='ltr'><strong>habeatur,</strong></span> <span class='ocrx_word' id='word_1_42' title='bbox 726 709 960 781; x_wconf 86' lang='lat' dir='ltr'><strong>ideoque</strong></span> <span class='ocrx_word' id='word_1_43' title='bbox 1003 712 1073 766; x_wconf 91' lang='lat' dir='ltr'><strong>ab</strong></span> <span class='ocrx_word' id='word_1_44' title='bbox 1115 711 1385 782; x_wconf 89' lang='lat' dir='ltr'><strong>Oppiano,</strong></span> <span class='ocrx_word' id='word_1_45' title='bbox 1437 714 1473 766; x_wconf 89' lang='grc' dir='ltr'><strong>Ι.</strong></span> <span class='ocrx_word' id='word_1_46' title='bbox 1532 730 1582 766; x_wconf 83' lang='lat' dir='ltr'><strong>tv</strong></span> <span class='ocrx_word' id='word_1_47' title='bbox 1621 713 1714 768; x_wconf 84' lang='lat' dir='ltr'><strong>&#39;A—</strong></span> 
     </span>
    </p>
   </div>
   <div class='ocr_carea' id='block_1_9' title="bbox 116 803 1715 874">
    <p class='ocr_par' dir='ltr' id='par_1_9' title="bbox 116 803 1715 874">
     <span class='ocr_line' id='line_1_9' title="bbox 116 803 1715 874; baseline 0.004 -19"><span class='ocrx_word' id='word_1_48' title='bbox 116 805 346 864; x_wconf 63' lang='grc' dir='ltr'><strong>λιευτη</strong></span> <span class='ocrx_word' id='word_1_49' title='bbox 375 803 666 872; x_wconf 74' lang='grc' dir='ltr'><strong>ἁναλκείη</strong></span> <span class='ocrx_word' id='word_1_50' title='bbox 683 805 929 874; x_wconf 71' lang='grc' dir='ltr'><em>ἐλάφοιο</em></span> <span class='ocrx_word' id='word_1_51' title='bbox 947 814 1191 859; x_wconf 87' lang='lat' dir='ltr'><strong>vocatur.</strong></span> <span class='ocrx_word' id='word_1_52' title='bbox 1209 804 1382 874; x_wconf 87' lang='lat' dir='ltr'><strong>Hujus</strong></span> <span class='ocrx_word' id='word_1_53' title='bbox 1409 805 1715 861; x_wconf 80' lang='lat' dir='ltr'><strong>timiditatis</strong></span> 
     </span>
    </p>
   </div>
   <div class='ocr_carea' id='block_1_10' title="bbox 111 896 1712 965">
    <p class='ocr_par' dir='ltr' id='par_1_10' title="bbox 111 896 1712 965">
     <span class='ocr_line' id='line_1_10' title="bbox 111 896 1712 965; baseline 0.004 -21"><span class='ocrx_word' id='word_1_54' title='bbox 111 909 293 948; x_wconf 78' lang='lat' dir='ltr'><strong>causa</strong></span> <span class='ocrx_word' id='word_1_55' title='bbox 322 897 636 964; x_wconf 80' lang='lat' dir='ltr'><strong>assignatur</strong></span> <span class='ocrx_word' id='word_1_56' title='bbox 663 897 732 950; x_wconf 89' lang='lat' dir='ltr'><strong>ab</strong></span> <span class='ocrx_word' id='word_1_57' title='bbox 763 896 936 951; x_wconf 85' lang='lat' dir='ltr'><strong>Arist.</strong></span> <span class='ocrx_word' id='word_1_58' title='bbox 966 897 1045 950; x_wconf 87' lang='lat' dir='ltr'><strong>De</strong></span> <span class='ocrx_word' id='word_1_59' title='bbox 1068 912 1185 965; x_wconf 88' lang='lat' dir='ltr'><strong>par.</strong></span> <span class='ocrx_word' id='word_1_60' title='bbox 1223 899 1387 951; x_wconf 88' lang='lat' dir='ltr'><strong>anim.</strong></span> <span class='ocrx_word' id='word_1_61' title='bbox 1417 898 1455 952; x_wconf 84' lang='lat' dir='ltr'><strong>l.</strong></span> <span class='ocrx_word' id='word_1_62' title='bbox 1478 913 1560 958; x_wconf 91' lang='grc' dir='ltr'>ιιι,</span> <span class='ocrx_word' id='word_1_63' title='bbox 1581 913 1631 952; x_wconf 94' lang='lat' dir='ltr'><strong>c.</strong></span> <span class='ocrx_word' id='word_1_64' title='bbox 1655 897 1712 960; x_wconf 76' lang='grc'>4,</span> 
     </span>
    </p>
   </div>
   <div class='ocr_carea' id='block_1_11' title="bbox 108 981 1715 1060">
    <p class='ocr_par' dir='ltr' id='par_1_11' title="bbox 108 981 1715 1060">
     <span class='ocr_line' id='line_1_11' title="bbox 108 981 1715 1060; baseline 0.003 -22"><span class='ocrx_word' id='word_1_65' title='bbox 108 999 216 1038; x_wconf 87' lang='lat' dir='ltr'><strong>cor</strong></span> <span class='ocrx_word' id='word_1_66' title='bbox 265 1002 544 1057; x_wconf 83' lang='lat' dir='ltr'><strong>magnum,</strong></span> <span class='ocrx_word' id='word_1_67' title='bbox 587 997 642 1043; x_wconf 84' lang='lat' dir='ltr'><strong>et</strong></span> <span class='ocrx_word' id='word_1_68' title='bbox 689 981 975 1059; x_wconf 86' lang='lat' dir='ltr'><strong>grandius,</strong></span> <span class='ocrx_word' id='word_1_69' title='bbox 1012 991 1272 1060; x_wconf 85' lang='lat' dir='ltr'><strong>quoniam</strong></span> <span class='ocrx_word' id='word_1_70' title='bbox 1322 991 1556 1044; x_wconf 91' lang='lat' dir='ltr'><strong>calorem</strong></span> <span class='ocrx_word' id='word_1_71' title='bbox 1586 1005 1715 1060; x_wconf 86' lang='lat' dir='ltr'><strong>pro-</strong></span> 
     </span>
    </p>
   </div>
   <div class='ocr_carea' id='block_1_12' title="bbox 109 1078 1711 1151">
    <p class='ocr_par' dir='ltr' id='par_1_12' title="bbox 109 1078 1711 1151">
     <span class='ocr_line' id='line_1_12' title="bbox 109 1078 1711 1151; baseline 0.002 -21"><span class='ocrx_word' id='word_1_72' title='bbox 109 1078 375 1146; x_wconf 86' lang='lat' dir='ltr'><strong>portione</strong></span> <span class='ocrx_word' id='word_1_73' title='bbox 400 1079 588 1133; x_wconf 89' lang='lat' dir='ltr'><strong>cordis</strong></span> <span class='ocrx_word' id='word_1_74' title='bbox 619 1095 730 1134; x_wconf 91' lang='lat' dir='ltr'><strong>non</strong></span> <span class='ocrx_word' id='word_1_75' title='bbox 761 1081 984 1144; x_wconf 86' lang='lat' dir='ltr'><strong>habent,</strong></span> <span class='ocrx_word' id='word_1_76' title='bbox 1027 1080 1124 1136; x_wconf 91' lang='lat' dir='ltr'><strong>sed</strong></span> <span class='ocrx_word' id='word_1_77' title='bbox 1177 1096 1371 1151; x_wconf 89' lang='lat' dir='ltr'><strong>parum</strong></span> <span class='ocrx_word' id='word_1_78' title='bbox 1425 1080 1626 1134; x_wconf 91' lang='lat' dir='ltr'><strong>caloris</strong></span> <span class='ocrx_word' id='word_1_79' title='bbox 1656 1080 1711 1134; x_wconf 91' lang='lat' dir='ltr'><strong>in</strong></span> 
     </span>
    </p>
   </div>
   <div class='ocr_carea' id='block_1_13' title="bbox 109 1169 1712 1240">
    <p class='ocr_par' dir='ltr' id='par_1_13' title="bbox 109 1169 1712 1240">
     <span class='ocr_line' id='line_1_13' title="bbox 109 1169 1712 1240; baseline 0.002 -22"><span class='ocrx_word' id='word_1_80' title='bbox 109 1182 322 1238; x_wconf 85' lang='lat' dir='ltr'><strong>magno</strong></span> <span class='ocrx_word' id='word_1_81' title='bbox 363 1169 749 1238; x_wconf 88' lang='lat' dir='ltr'><strong>conceptaculo</strong></span> <span class='ocrx_word' id='word_1_82' title='bbox 795 1170 1110 1236; x_wconf 77' lang='lat' dir='ltr'><strong>exolescat;</strong></span> <span class='ocrx_word' id='word_1_83' title='bbox 1145 1169 1332 1240; x_wconf 88' lang='lat' dir='ltr'><strong>itaque</strong></span> <span class='ocrx_word' id='word_1_84' title='bbox 1360 1170 1586 1240; x_wconf 82' lang='lat' dir='ltr'><strong>sanguis</strong></span> <span class='ocrx_word' id='word_1_85' title='bbox 1614 1170 1712 1223; x_wconf 74' lang='lat' dir='ltr'><strong>l‘ri-</strong></span> 
     </span>
    </p>
   </div>
   <div class='ocr_carea' id='block_1_14' title="bbox 109 1259 1712 1332">
    <p class='ocr_par' dir='ltr' id='par_1_14' title="bbox 109 1259 1712 1332">
     <span class='ocr_line' id='line_1_14' title="bbox 109 1259 1712 1332; baseline 0.002 -21"><span class='ocrx_word' id='word_1_86' title='bbox 109 1259 300 1328; x_wconf 85' lang='lat' dir='ltr'><strong>gidior</strong></span> <span class='ocrx_word' id='word_1_87' title='bbox 332 1270 436 1324; x_wconf 89' lang='lat' dir='ltr'><strong>est,</strong></span> <span class='ocrx_word' id='word_1_88' title='bbox 479 1269 533 1315; x_wconf 91' lang='lat' dir='ltr'><strong>et</strong></span> <span class='ocrx_word' id='word_1_89' title='bbox 572 1263 718 1332; x_wconf 91' lang='lat' dir='ltr'><strong>quod</strong></span> <span class='ocrx_word' id='word_1_90' title='bbox 751 1262 805 1316; x_wconf 92' lang='lat' dir='ltr'><strong>in</strong></span> <span class='ocrx_word' id='word_1_91' title='bbox 850 1263 1174 1319; x_wconf 89' lang='lat' dir='ltr'><strong>ventriculis</strong></span> <span class='ocrx_word' id='word_1_92' title='bbox 1211 1264 1419 1329; x_wconf 87' lang='lat' dir='ltr'><strong>cordis,</strong></span> <span class='ocrx_word' id='word_1_93' title='bbox 1462 1263 1513 1316; x_wconf 86' lang='lat' dir='ltr'><strong>id</strong></span> <span class='ocrx_word' id='word_1_94' title='bbox 1547 1265 1712 1319; x_wconf 84' lang='lat' dir='ltr'><strong>etiam</strong></span> 
     </span>
    </p>
   </div>
   <div class='ocr_carea' id='block_1_15' title="bbox 109 1351 1714 1424">
    <p class='ocr_par' dir='ltr' id='par_1_15' title="bbox 109 1351 1714 1424">
     <span class='ocr_line' id='line_1_15' title="bbox 109 1351 1714 1424; baseline 0.002 -21"><span class='ocrx_word' id='word_1_95' title='bbox 109 1351 172 1403; x_wconf 88' lang='lat' dir='ltr'><strong>in</strong></span> <span class='ocrx_word' id='word_1_96' title='bbox 203 1351 358 1406; x_wconf 82' lang='lat' dir='ltr'><strong>venis</strong></span> <span class='ocrx_word' id='word_1_97' title='bbox 387 1352 590 1407; x_wconf 86' lang='lat' dir='ltr'><strong>evenit.</strong></span> <span class='ocrx_word' id='word_1_98' title='bbox 623 1351 761 1407; x_wconf 85' lang='lat' dir='ltr'><strong>Sunt</strong></span> <span class='ocrx_word' id='word_1_99' title='bbox 790 1354 929 1407; x_wconf 83' lang='lat' dir='ltr'><strong>enim</strong></span> <span class='ocrx_word' id='word_1_100' title='bbox 958 1355 1284 1424; x_wconf 75' lang='lat' dir='ltr'><strong>frigidiores,</strong></span> <span class='ocrx_word' id='word_1_101' title='bbox 1317 1365 1368 1409; x_wconf 83' lang='lat' dir='ltr'><strong>et</strong></span> <span class='ocrx_word' id='word_1_102' title='bbox 1415 1371 1556 1408; x_wconf 70' lang='lat' dir='ltr'><strong>vena:</strong></span> <span class='ocrx_word' id='word_1_103' title='bbox 1596 1371 1714 1407; x_wconf 81' lang='lat' dir='ltr'><strong>am-</strong></span> 
     </span>
    </p>
   </div>
   <div class='ocr_carea' id='block_1_16' title="bbox 106 1442 1710 1515">
    <p class='ocr_par' dir='ltr' id='par_1_16' title="bbox 106 1442 1710 1515">
     <span class='ocr_line' id='line_1_16' title="bbox 106 1442 1710 1515; baseline 0.002 -19"><span class='ocrx_word' id='word_1_104' title='bbox 106 1442 336 1511; x_wconf 86' lang='lat' dir='ltr'><strong>pliores,</strong></span> <span class='ocrx_word' id='word_1_105' title='bbox 386 1454 436 1497; x_wconf 88' lang='lat' dir='ltr'><strong>et</strong></span> <span class='ocrx_word' id='word_1_106' title='bbox 483 1445 761 1498; x_wconf 79' lang='lat' dir='ltr'><strong>ventriculi</strong></span> <span class='ocrx_word' id='word_1_107' title='bbox 797 1446 1123 1510; x_wconf 74' lang='lat' dir='ltr'><strong>ampliores;</strong></span> <span class='ocrx_word' id='word_1_108' title='bbox 1175 1463 1299 1500; x_wconf 91' lang='lat' dir='ltr'><strong>nam</strong></span> <span class='ocrx_word' id='word_1_109' title='bbox 1344 1454 1404 1500; x_wconf 90' lang='lat' dir='ltr'><strong>ut</strong></span> <span class='ocrx_word' id='word_1_110' title='bbox 1454 1448 1507 1499; x_wconf 89' lang='lat' dir='ltr'><strong>in</strong></span> <span class='ocrx_word' id='word_1_111' title='bbox 1548 1461 1710 1515; x_wconf 85' lang='lat' dir='ltr'><strong>parvo</strong></span> 
     </span>
    </p>
   </div>
   <div class='ocr_carea' id='block_1_17' title="bbox 106 1535 1712 1610">
    <p class='ocr_par' dir='ltr' id='par_1_17' title="bbox 106 1535 1712 1610">
     <span class='ocr_line' id='line_1_17' title="bbox 106 1535 1712 1610; baseline 0.004 -23"><span class='ocrx_word' id='word_1_112' title='bbox 106 1543 163 1587; x_wconf 85' lang='lat' dir='ltr'><strong>et</strong></span> <span class='ocrx_word' id='word_1_113' title='bbox 216 1535 274 1588; x_wconf 89' lang='lat' dir='ltr'><strong>in</strong></span> <span class='ocrx_word' id='word_1_114' title='bbox 320 1552 506 1606; x_wconf 89' lang='lat' dir='ltr'><strong>magno</strong></span> <span class='ocrx_word' id='word_1_115' title='bbox 540 1536 833 1602; x_wconf 87' lang='lat' dir='ltr'><strong>domicilio,</strong></span> <span class='ocrx_word' id='word_1_116' title='bbox 878 1540 1207 1593; x_wconf 84' lang='lat' dir='ltr'><strong>tantumdem</strong></span> <span class='ocrx_word' id='word_1_117' title='bbox 1237 1539 1374 1610; x_wconf 87' lang='lat' dir='ltr'><strong>ignis</strong></span> <span class='ocrx_word' id='word_1_118' title='bbox 1417 1555 1520 1592; x_wconf 92' lang='lat' dir='ltr'><strong>non</strong></span> <span class='ocrx_word' id='word_1_119' title='bbox 1566 1554 1712 1609; x_wconf 79' lang='lat' dir='ltr'><strong>wquc</strong></span> 
     </span>
    </p>
   </div>
   <div class='ocr_carea' id='block_1_18' title="bbox 108 1626 1712 1702">
    <p class='ocr_par' dir='ltr' id='par_1_18' title="bbox 108 1626 1712 1702">
     <span class='ocr_line' id='line_1_18' title="bbox 108 1626 1712 1702; baseline 0.004 -23"><span class='ocrx_word' id='word_1_120' title='bbox 108 1626 389 1696; x_wconf 81' lang='lat' dir='ltr'><strong>calefacit,</strong></span> <span class='ocrx_word' id='word_1_121' title='bbox 427 1627 519 1683; x_wconf 78' lang='lat' dir='ltr'><strong>sed</strong></span> <span class='ocrx_word' id='word_1_122' title='bbox 565 1631 740 1684; x_wconf 86' lang='lat' dir='ltr'><strong>minus</strong></span> <span class='ocrx_word' id='word_1_123' title='bbox 781 1632 834 1684; x_wconf 90' lang='lat' dir='ltr'><strong>in</strong></span> <span class='ocrx_word' id='word_1_124' title='bbox 885 1648 1099 1702; x_wconf 85' lang='lat' dir='ltr'><strong>magno,</strong></span> <span class='ocrx_word' id='word_1_125' title='bbox 1147 1633 1224 1686; x_wconf 90' lang='lat' dir='ltr'><strong>sic</strong></span> <span class='ocrx_word' id='word_1_126' title='bbox 1269 1640 1318 1686; x_wconf 87' lang='lat' dir='ltr'><strong>et</strong></span> <span class='ocrx_word' id='word_1_127' title='bbox 1363 1633 1418 1686; x_wconf 92' lang='lat' dir='ltr'><strong>in</strong></span> <span class='ocrx_word' id='word_1_128' title='bbox 1444 1632 1510 1686; x_wconf 89' lang='lat' dir='ltr'><strong>iis</strong></span> <span class='ocrx_word' id='word_1_129' title='bbox 1562 1632 1712 1686; x_wconf 88' lang='lat' dir='ltr'><strong>calor</strong></span> 
     </span>
    </p>
   </div>
   <div class='ocr_carea' id='block_1_19' title="bbox 106 1723 1709 1794">
    <p class='ocr_par' dir='ltr' id='par_1_19' title="bbox 106 1723 1709 1794">
     <span class='ocr_line' id='line_1_19' title="bbox 106 1723 1709 1794; baseline 0.003 -20"><span class='ocrx_word' id='word_1_130' title='bbox 106 1736 219 1774; x_wconf 76' lang='lat' dir='ltr'><strong>non</strong></span> <span class='ocrx_word' id='word_1_131' title='bbox 251 1723 454 1790; x_wconf 90' lang='lat' dir='ltr'><strong>pariter</strong></span> <span class='ocrx_word' id='word_1_132' title='bbox 477 1723 626 1793; x_wconf 86' lang='lat' dir='ltr'><strong>agit;</strong></span> <span class='ocrx_word' id='word_1_133' title='bbox 657 1739 750 1778; x_wconf 87' lang='lat' dir='ltr'><strong>vas</strong></span> <span class='ocrx_word' id='word_1_134' title='bbox 779 1724 915 1778; x_wconf 86' lang='lat' dir='ltr'><strong>enim</strong></span> <span class='ocrx_word' id='word_1_135' title='bbox 949 1732 1057 1778; x_wconf 91' lang='lat' dir='ltr'><strong>tam</strong></span> <span class='ocrx_word' id='word_1_136' title='bbox 1085 1741 1234 1787; x_wconf 87' lang='lat' dir='ltr'><strong>vena,</strong></span> <span class='ocrx_word' id='word_1_137' title='bbox 1259 1741 1419 1794; x_wconf 90' lang='lat' dir='ltr'><strong>quam</strong></span> <span class='ocrx_word' id='word_1_138' title='bbox 1447 1726 1709 1779; x_wconf 86' lang='lat' dir='ltr'><strong>ventricu-</strong></span> 
     </span>
    </p>
   </div>
   <div class='ocr_carea' id='block_1_20' title="bbox 1824 538 3402 612">
    <p class='ocr_par' dir='ltr' id='par_1_20' title="bbox 1824 538 3402 612">
     <span class='ocr_line' id='line_1_20' title="bbox 1824 538 3402 612; baseline 0.015 -26"><span class='ocrx_word' id='word_1_139' title='bbox 1824 541 2031 601; x_wconf 86' lang='lat' dir='ltr'><strong>petram</strong></span> <span class='ocrx_word' id='word_1_140' title='bbox 2083 550 2385 607; x_wconf 86' lang='lat' dir='ltr'><strong>eorumque</strong></span> <span class='ocrx_word' id='word_1_141' title='bbox 2428 538 2791 612; x_wconf 82' lang='grc' dir='ltr'><strong>ἀναθυμιάσει</strong></span> <span class='ocrx_word' id='word_1_142' title='bbox 2839 545 2894 599; x_wconf 88' lang='lat' dir='ltr'><strong>id</strong></span> <span class='ocrx_word' id='word_1_143' title='bbox 2949 546 3130 605; x_wconf 84' lang='lat' dir='ltr'><strong>facere</strong></span> <span class='ocrx_word' id='word_1_144' title='bbox 3179 565 3402 608; x_wconf 86' lang='lat' dir='ltr'><strong>cervum</strong></span> 
     </span>
    </p>
   </div>
   <div class='ocr_carea' id='block_1_21' title="bbox 1819 626 3403 700">
    <p class='ocr_par' dir='ltr' id='par_1_21' title="bbox 1819 626 3403 700">
     <span class='ocr_line' id='line_1_21' title="bbox 1819 626 3403 700; baseline 0.015 -23"><span class='ocrx_word' id='word_1_145' title='bbox 1819 626 2028 680; x_wconf 81' lang='lat' dir='ltr'><strong>scribit.</strong></span> <span class='ocrx_word' id='word_1_146' title='bbox 2055 627 2289 700; x_wconf 88' lang='lat' dir='ltr'><strong>Ideoque</strong></span> <span class='ocrx_word' id='word_1_147' title='bbox 2313 630 2640 690; x_wconf 85' lang='lat' dir='ltr'><strong>Plutarchus</strong></span> <span class='ocrx_word' id='word_1_148' title='bbox 2669 644 2817 692; x_wconf 84' lang='lat' dir='ltr'><strong>recte</strong></span> <span class='ocrx_word' id='word_1_149' title='bbox 2839 639 3176 696; x_wconf 76' lang='lat' dir='ltr'><strong>existimavit</strong></span> <span class='ocrx_word' id='word_1_150' title='bbox 3198 644 3403 700; x_wconf 86' lang='lat' dir='ltr'><strong>dictam</strong></span> 
     </span>
    </p>
   </div>
   <div class='ocr_carea' id='block_1_22' title="bbox 1819 715 3404 802">
    <p class='ocr_par' dir='ltr' id='par_1_22' title="bbox 1819 715 3404 802">
     <span class='ocr_line' id='line_1_22' title="bbox 1819 715 3404 802; baseline 0.015 -33"><span class='ocrx_word' id='word_1_151' title='bbox 1819 731 1849 769; x_wconf 90' lang='lat' dir='ltr'><strong>a</strong></span> <span class='ocrx_word' id='word_1_152' title='bbox 1891 715 2096 775; x_wconf 68' lang='lat' dir='ltr'><strong>Graecis</strong></span> <span class='ocrx_word' id='word_1_153' title='bbox 2126 719 2344 791; x_wconf 75' lang='grc' dir='ltr'>ἔλαφον,</span> <span class='ocrx_word' id='word_1_154' title='bbox 2377 741 2490 781; x_wconf 90' lang='lat' dir='ltr'><strong>non</strong></span> <span class='ocrx_word' id='word_1_155' title='bbox 2528 742 2558 780; x_wconf 87' lang='lat' dir='ltr'><strong>a</strong></span> <span class='ocrx_word' id='word_1_156' title='bbox 2591 744 2756 783; x_wconf 89' lang='lat' dir='ltr'><strong>cursu</strong></span> <span class='ocrx_word' id='word_1_157' title='bbox 2787 731 2882 785; x_wconf 88' lang='lat' dir='ltr'><strong>sed</strong></span> <span class='ocrx_word' id='word_1_158' title='bbox 2915 741 3202 802; x_wconf 84' lang='lat' dir='ltr'><strong>serpentes</strong></span> <span class='ocrx_word' id='word_1_159' title='bbox 3231 745 3404 791; x_wconf 86' lang='lat' dir='ltr'><strong>attra-</strong></span> 
     </span>
    </p>
   </div>
   <div class='ocr_carea' id='block_1_23' title="bbox 1817 807 3404 895">
    <p class='ocr_par' dir='ltr' id='par_1_23' title="bbox 1817 807 3404 895">
     <span class='ocr_line' id='line_1_23' title="bbox 1817 807 3404 895; baseline 0.011 -34"><span class='ocrx_word' id='word_1_160' title='bbox 1817 807 1980 863; x_wconf 90' lang='lat' dir='ltr'><strong>hendi</strong></span> <span class='ocrx_word' id='word_1_161' title='bbox 2032 809 2295 869; x_wconf 83' lang='lat' dir='ltr'><strong>facilitate</strong></span> <span class='ocrx_word' id='word_1_162' title='bbox 2330 816 2442 870; x_wconf 72' lang='lat'><strong>:06</strong></span> <span class='ocrx_word' id='word_1_163' title='bbox 2493 818 2643 890; x_wconf 84' lang='grc' dir='ltr'><strong>παρὰ</strong></span> <span class='ocrx_word' id='word_1_164' title='bbox 2693 819 2793 892; x_wconf 84' lang='grc' dir='ltr'><strong>τὴν</strong></span> <span class='ocrx_word' id='word_1_165' title='bbox 2839 820 3204 895; x_wconf 69' lang='grc' dir='ltr'><strong>ἐλαφρότητα,</strong></span> <span class='ocrx_word' id='word_1_166' title='bbox 3267 825 3404 881; x_wconf 74' lang='grc' dir='ltr'>ἀλλὰ</span> 
     </span>
    </p>
   </div>
   <div class='ocr_carea' id='block_1_24' title="bbox 1816 902 3402 987">
    <p class='ocr_par' dir='ltr' id='par_1_24' title="bbox 1816 902 3402 987">
     <span class='ocr_line' id='line_1_24' title="bbox 1816 902 3402 987; baseline 0.013 -34"><span class='ocrx_word' id='word_1_167' title='bbox 1816 902 1968 972; x_wconf 81' lang='grc' dir='ltr'>παρὰ</span> <span class='ocrx_word' id='word_1_168' title='bbox 2000 902 2097 974; x_wconf 85' lang='grc' dir='ltr'><strong>τὴν</strong></span> <span class='ocrx_word' id='word_1_169' title='bbox 2128 904 2273 968; x_wconf 75' lang='grc' dir='ltr'>ἕλξιν</span> <span class='ocrx_word' id='word_1_170' title='bbox 2303 905 2397 959; x_wconf 74' lang='grc' dir='ltr'><strong>τοῦ</strong></span> <span class='ocrx_word' id='word_1_171' title='bbox 2428 907 2623 978; x_wconf 75' lang='grc' dir='ltr'><strong>ὄφεως.</strong></span> <span class='ocrx_word' id='word_1_172' title='bbox 2651 909 2716 965; x_wconf 90' lang='lat' dir='ltr'><strong>Et</strong></span> <span class='ocrx_word' id='word_1_173' title='bbox 2757 913 3094 970; x_wconf 79' lang='lat' dir='ltr'><strong>Athanasius</strong></span> <span class='ocrx_word' id='word_1_174' title='bbox 3145 915 3200 970; x_wconf 89' lang='lat' dir='ltr'><strong>in</strong></span> <span class='ocrx_word' id='word_1_175' title='bbox 3248 934 3402 987; x_wconf 58' lang='lat' dir='ltr'><strong>quaee</strong></span> 
     </span>
    </p>
   </div>
   <div class='ocr_carea' id='block_1_25' title="bbox 1816 995 3398 1080">
    <p class='ocr_par' dir='ltr' id='par_1_25' title="bbox 1816 995 3398 1080">
     <span class='ocr_line' id='line_1_25' title="bbox 1816 995 3398 1080; baseline 0.011 -33"><span class='ocrx_word' id='word_1_176' title='bbox 1816 995 2088 1052; x_wconf 89' lang='lat' dir='ltr'><strong>stionibus</strong></span> <span class='ocrx_word' id='word_1_177' title='bbox 2108 997 2358 1053; x_wconf 87' lang='lat' dir='ltr'><strong>eamdem</strong></span> <span class='ocrx_word' id='word_1_178' title='bbox 2389 1004 2772 1074; x_wconf 77' lang='lat' dir='ltr'><strong>etymologiam</strong></span> <span class='ocrx_word' id='word_1_179' title='bbox 2806 1010 3009 1060; x_wconf 81' lang='lat' dir='ltr'><strong>servat.</strong></span> <span class='ocrx_word' id='word_1_180' title='bbox 3045 1005 3122 1061; x_wconf 85' lang='lat' dir='ltr'><strong>Ita</strong></span> <span class='ocrx_word' id='word_1_181' title='bbox 3157 1007 3398 1080; x_wconf 52' lang='lat' dir='ltr'><strong>Epiphad</strong></span> 
     </span>
    </p>
   </div>
   <div class='ocr_carea' id='block_1_26' title="bbox 1815 1088 3396 1170">
    <p class='ocr_par' dir='ltr' id='par_1_26' title="bbox 1815 1088 3396 1170">
     <span class='ocr_line' id='line_1_26' title="bbox 1815 1088 3396 1170; baseline 0.011 -30"><span class='ocrx_word' id='word_1_182' title='bbox 1815 1088 1963 1149; x_wconf 86' lang='lat' dir='ltr'><strong>nius,</strong></span> <span class='ocrx_word' id='word_1_183' title='bbox 2003 1089 2054 1143; x_wconf 92' lang='lat' dir='ltr'><strong>in</strong></span> <span class='ocrx_word' id='word_1_184' title='bbox 2092 1089 2435 1164; x_wconf 87' lang='lat' dir='ltr'><strong>Physiologo,</strong></span> <span class='ocrx_word' id='word_1_185' title='bbox 2475 1111 2596 1166; x_wconf 88' lang='lat' dir='ltr'><strong>cap.</strong></span> <span class='ocrx_word' id='word_1_186' title='bbox 2631 1097 2696 1152; x_wconf 86' lang='lat'><strong>5:</strong></span> <span class='ocrx_word' id='word_1_187' title='bbox 2728 1097 2828 1151; x_wconf 84' lang='grc' dir='ltr'><strong>Διὰ</strong></span> <span class='ocrx_word' id='word_1_188' title='bbox 2854 1099 3012 1153; x_wconf 82' lang='grc' dir='ltr'><strong>τοῦτο</strong></span> <span class='ocrx_word' id='word_1_189' title='bbox 3045 1101 3243 1170; x_wconf 76' lang='grc' dir='ltr'>ἔλαφος</span> <span class='ocrx_word' id='word_1_190' title='bbox 3276 1105 3396 1158; x_wconf 73' lang='grc' dir='ltr'><strong>ὀνοι</strong></span> 
     </span>
    </p>
   </div>
   <div class='ocr_carea' id='block_1_27' title="bbox 1818 1178 3399 1262">
    <p class='ocr_par' dir='ltr' id='par_1_27' title="bbox 1818 1178 3399 1262">
     <span class='ocr_line' id='line_1_27' title="bbox 1818 1178 3399 1262; baseline 0.012 -30"><span class='ocrx_word' id='word_1_191' title='bbox 1818 1178 2070 1249; x_wconf 79' lang='grc' dir='ltr'><strong>μάζεται,</strong></span> <span class='ocrx_word' id='word_1_192' title='bbox 2111 1182 2197 1236; x_wconf 83' lang='grc' dir='ltr'>διὰ</span> <span class='ocrx_word' id='word_1_193' title='bbox 2221 1185 2281 1237; x_wconf 84' lang='grc' dir='ltr'>τὸ</span> <span class='ocrx_word' id='word_1_194' title='bbox 2310 1185 2449 1239; x_wconf 81' lang='grc' dir='ltr'>ἑλεῖν</span> <span class='ocrx_word' id='word_1_195' title='bbox 2476 1189 2600 1252; x_wconf 85' lang='grc' dir='ltr'><strong>τοὺς</strong></span> <span class='ocrx_word' id='word_1_196' title='bbox 2629 1188 2781 1256; x_wconf 75' lang='grc' dir='ltr'><strong>ὄφεις</strong></span> <span class='ocrx_word' id='word_1_197' title='bbox 2812 1192 2876 1244; x_wconf 84' lang='grc' dir='ltr'><strong>ὲκ</strong></span> <span class='ocrx_word' id='word_1_198' title='bbox 2917 1191 3007 1246; x_wconf 80' lang='grc' dir='ltr'><strong>τοῦ</strong></span> <span class='ocrx_word' id='word_1_199' title='bbox 3043 1193 3261 1262; x_wconf 82' lang='grc' dir='ltr'><strong>βάθους.</strong></span> <span class='ocrx_word' id='word_1_200' title='bbox 3304 1195 3399 1251; x_wconf 86' lang='lat' dir='ltr'><strong>Sic</strong></span> 
     </span>
    </p>
   </div>
   <div class='ocr_carea' id='block_1_28' title="bbox 1813 1271 3396 1345">
    <p class='ocr_par' dir='ltr' id='par_1_28' title="bbox 1813 1271 3396 1345">
     <span class='ocr_line' id='line_1_28' title="bbox 1813 1271 3396 1345; baseline 0.014 -22"><span class='ocrx_word' id='word_1_201' title='bbox 1813 1271 1978 1325; x_wconf 88' lang='lat' dir='ltr'><strong>etiam</strong></span> <span class='ocrx_word' id='word_1_202' title='bbox 2012 1273 2064 1327; x_wconf 93' lang='lat' dir='ltr'><strong>in</strong></span> <span class='ocrx_word' id='word_1_203' title='bbox 2088 1277 2396 1330; x_wconf 88' lang='lat' dir='ltr'><strong>enarranda</strong></span> <span class='ocrx_word' id='word_1_204' title='bbox 2434 1279 2536 1333; x_wconf 90' lang='lat' dir='ltr'><strong>hac</strong></span> <span class='ocrx_word' id='word_1_205' title='bbox 2569 1280 2797 1335; x_wconf 81' lang='lat' dir='ltr'><strong>historia</strong></span> <span class='ocrx_word' id='word_1_206' title='bbox 2823 1292 3077 1341; x_wconf 86' lang='lat' dir='ltr'><strong>auctores</strong></span> <span class='ocrx_word' id='word_1_207' title='bbox 3112 1302 3221 1342; x_wconf 90' lang='lat' dir='ltr'><strong>non</strong></span> <span class='ocrx_word' id='word_1_208' title='bbox 3258 1304 3396 1345; x_wconf 55' lang='lat' dir='ltr'><strong>con:-</strong></span> 
     </span>
    </p>
   </div>
   <div class='ocr_carea' id='block_1_29' title="bbox 1813 1363 3394 1450">
    <p class='ocr_par' dir='ltr' id='par_1_29' title="bbox 1813 1363 3394 1450">
     <span class='ocr_line' id='line_1_29' title="bbox 1813 1363 3394 1450; baseline 0.015 -37"><span class='ocrx_word' id='word_1_209' title='bbox 1813 1363 2062 1420; x_wconf 87' lang='lat' dir='ltr'><strong>veniunt.</strong></span> <span class='ocrx_word' id='word_1_210' title='bbox 2095 1363 2421 1424; x_wconf 88' lang='lat' dir='ltr'><strong>Eustathius</strong></span> <span class='ocrx_word' id='word_1_211' title='bbox 2451 1385 2688 1441; x_wconf 86' lang='lat' dir='ltr'><strong>namque</strong></span> <span class='ocrx_word' id='word_1_212' title='bbox 2729 1374 2883 1442; x_wconf 89' lang='lat' dir='ltr'><strong>prius</strong></span> <span class='ocrx_word' id='word_1_213' title='bbox 2933 1391 3155 1432; x_wconf 85' lang='lat' dir='ltr'><strong>cervum</strong></span> <span class='ocrx_word' id='word_1_214' title='bbox 3196 1393 3394 1450; x_wconf 85' lang='lat' dir='ltr'><strong>aquam</strong></span> 
     </span>
    </p>
   </div>
   <div class='ocr_carea' id='block_1_30' title="bbox 1814 1451 3395 1533">
    <p class='ocr_par' dir='ltr' id='par_1_30' title="bbox 1814 1451 3395 1533">
     <span class='ocr_line' id='line_1_30' title="bbox 1814 1451 3395 1533; baseline 0.015 -28"><span class='ocrx_word' id='word_1_215' title='bbox 1814 1451 2057 1519; x_wconf 87' lang='lat' dir='ltr'><strong>haurire,</strong></span> <span class='ocrx_word' id='word_1_216' title='bbox 2095 1457 2290 1514; x_wconf 89' lang='lat' dir='ltr'><strong>deinde</strong></span> <span class='ocrx_word' id='word_1_217' title='bbox 2323 1469 2632 1530; x_wconf 88' lang='lat' dir='ltr'><strong>serpentem</strong></span> <span class='ocrx_word' id='word_1_218' title='bbox 2668 1464 2734 1517; x_wconf 90' lang='lat' dir='ltr'><strong>de</strong></span> <span class='ocrx_word' id='word_1_219' title='bbox 2768 1465 2990 1521; x_wconf 89' lang='lat' dir='ltr'><strong>latebris</strong></span> <span class='ocrx_word' id='word_1_220' title='bbox 3023 1469 3245 1533; x_wconf 88' lang='lat' dir='ltr'><strong>ducere.</strong></span> <span class='ocrx_word' id='word_1_221' title='bbox 3285 1471 3395 1528; x_wconf 84' lang='lat' dir='ltr'><strong>Alii</strong></span> 
     </span>
    </p>
   </div>
   <div class='ocr_carea' id='block_1_31' title="bbox 1812 1555 3395 1634">
    <p class='ocr_par' dir='ltr' id='par_1_31' title="bbox 1812 1555 3395 1634">
     <span class='ocr_line' id='line_1_31' title="bbox 1812 1555 3395 1634; baseline 0.013 -36"><span class='ocrx_word' id='word_1_222' title='bbox 1812 1559 1880 1599; x_wconf 93' lang='lat' dir='ltr'><strong>eo</strong></span> <span class='ocrx_word' id='word_1_223' title='bbox 1908 1555 2069 1616; x_wconf 88' lang='lat' dir='ltr'><strong>pasto</strong></span> <span class='ocrx_word' id='word_1_224' title='bbox 2099 1565 2296 1621; x_wconf 88' lang='lat' dir='ltr'><strong>aquam</strong></span> <span class='ocrx_word' id='word_1_225' title='bbox 2328 1565 2616 1623; x_wconf 83' lang='lat' dir='ltr'><strong>expetere;</strong></span> <span class='ocrx_word' id='word_1_226' title='bbox 2648 1573 2756 1626; x_wconf 87' lang='lat' dir='ltr'><strong>qua</strong></span> <span class='ocrx_word' id='word_1_227' title='bbox 2791 1558 2838 1612; x_wconf 92' lang='lat' dir='ltr'><strong>si</strong></span> <span class='ocrx_word' id='word_1_228' title='bbox 2867 1574 2926 1614; x_wconf 89' lang='lat' dir='ltr'><strong>se</strong></span> <span class='ocrx_word' id='word_1_229' title='bbox 2950 1560 3093 1615; x_wconf 85' lang='lat' dir='ltr'><strong>infra</strong></span> <span class='ocrx_word' id='word_1_230' title='bbox 3128 1564 3395 1634; x_wconf 86' lang='lat' dir='ltr'><strong>scriptum</strong></span> 
     </span>
    </p>
   </div>
   <div class='ocr_carea' id='block_1_32' title="bbox 1813 1640 2721 1714">
    <p class='ocr_par' dir='ltr' id='par_1_32' title="bbox 1813 1640 2721 1714">
     <span class='ocr_line' id='line_1_32' title="bbox 1813 1640 2721 1714; baseline 0.012 -23"><span class='ocrx_word' id='word_1_231' title='bbox 1813 1640 2052 1706; x_wconf 85' lang='lat' dir='ltr'><strong>Spatium</strong></span> <span class='ocrx_word' id='word_1_232' title='bbox 2094 1658 2203 1697; x_wconf 92' lang='lat' dir='ltr'><strong>non</strong></span> <span class='ocrx_word' id='word_1_233' title='bbox 2240 1647 2492 1714; x_wconf 85' lang='lat' dir='ltr'><strong>explerit,</strong></span> <span class='ocrx_word' id='word_1_234' title='bbox 2524 1649 2721 1702; x_wconf 89' lang='lat' dir='ltr'><strong>emori.</strong></span> 
     </span>
    </p>
   </div>
   <div class='ocr_carea' id='block_1_33' title="bbox 1881 1731 3391 1814">
    <p class='ocr_par' dir='ltr' id='par_1_33' title="bbox 1881 1731 3391 1814">
     <span class='ocr_line' id='line_1_33' title="bbox 1881 1731 3391 1814; baseline 0.013 -29"><span class='ocrx_word' id='word_1_235' title='bbox 1881 1731 2002 1787; x_wconf 84' lang='lat' dir='ltr'><strong>Col.</strong></span> <span class='ocrx_word' id='word_1_236' title='bbox 2039 1733 2159 1797; x_wconf 78' lang='grc'><strong>741,</strong></span> <span class='ocrx_word' id='word_1_237' title='bbox 2192 1736 2287 1790; x_wconf 91' lang='lat' dir='ltr'><strong>lin.</strong></span> <span class='ocrx_word' id='word_1_238' title='bbox 2315 1737 2370 1792; x_wconf 72' lang='lat'><strong>4.</strong></span> <span class='ocrx_word' id='word_1_239' title='bbox 2393 1738 2462 1792; x_wconf 80' lang='lat' dir='ltr'><strong>Ei</strong></span> <span class='ocrx_word' id='word_1_240' title='bbox 2487 1737 2554 1792; x_wconf 79' lang='grc' dir='ltr'><strong>δὲ</strong></span> <span class='ocrx_word' id='word_1_241' title='bbox 2586 1740 2682 1793; x_wconf 80' lang='grc' dir='ltr'><strong>καὶ</strong></span> <span class='ocrx_word' id='word_1_242' title='bbox 2707 1736 2826 1794; x_wconf 86' lang='grc' dir='ltr'><strong>τῶν</strong></span> <span class='ocrx_word' id='word_1_243' title='bbox 2850 1739 3130 1811; x_wconf 81' lang='grc' dir='ltr'><em>κεράτων.</em></span> <span class='ocrx_word' id='word_1_244' title='bbox 3157 1743 3391 1814; x_wconf 71' lang='lat' dir='ltr'><strong>Plinius,</strong></span> 
     </span>
    </p>
   </div>
   <div class='ocr_carea' id='block_1_34' title="bbox 107 1801 3394 1910">
    <p class='ocr_par' dir='ltr' id='par_1_34' title="bbox 107 1801 3394 1910">
     <span class='ocr_line' id='line_1_34' title="bbox 107 1801 3394 1910; baseline 0.009 -42"><span class='ocrx_word' id='word_1_245' title='bbox 107 1814 200 1868; x_wconf 82' lang='lat' dir='ltr'><strong>lus</strong></span> <span class='ocrx_word' id='word_1_246' title='bbox 230 1823 334 1868; x_wconf 87' lang='lat' dir='ltr'><strong>est.</strong></span> <span class='ocrx_word' id='word_1_247' title='bbox 377 1815 552 1869; x_wconf 89' lang='lat' dir='ltr'><strong>Aliam</strong></span> <span class='ocrx_word' id='word_1_248' title='bbox 578 1815 744 1882; x_wconf 80' lang='lat' dir='ltr'><strong>huius</strong></span> <span class='ocrx_word' id='word_1_249' title='bbox 771 1831 995 1872; x_wconf 88' lang='lat' dir='ltr'><strong>causam</strong></span> <span class='ocrx_word' id='word_1_250' title='bbox 1029 1817 1192 1872; x_wconf 87' lang='lat' dir='ltr'><strong>habet</strong></span> <span class='ocrx_word' id='word_1_251' title='bbox 1229 1817 1265 1870; x_wconf 94' lang='lat' dir='ltr'><strong>l.</strong></span> <span class='ocrx_word' id='word_1_252' title='bbox 1301 1834 1360 1882; x_wconf 94' lang='lat' dir='ltr'><strong>ll,</strong></span> <span class='ocrx_word' id='word_1_253' title='bbox 1393 1832 1444 1873; x_wconf 91' lang='lat' dir='ltr'><strong>c.</strong></span> <span class='ocrx_word' id='word_1_254' title='bbox 1480 1818 1536 1882; x_wconf 80' lang='grc'>4,</span> <span class='ocrx_word' id='word_1_255' title='bbox 1573 1819 1701 1889; x_wconf 83' lang='lat' dir='ltr'><strong>quia</strong></span> <span class='ocrx_word' id='word_1_256' title='bbox 1735 1801 1779 1860; x_wconf 76' lang='grc' dir='ltr'><strong>Β</strong></span> <span class='ocrx_word' id='word_1_257' title='bbox 1808 1822 1902 1879; x_wconf 89' lang='lat' dir='ltr'><strong>lib.</strong></span> <span class='ocrx_word' id='word_1_258' title='bbox 1932 1840 1987 1889; x_wconf 74' lang='grc' dir='ltr'><strong>ι,</strong></span> <span class='ocrx_word' id='word_1_259' title='bbox 2021 1827 2186 1895; x_wconf 87' lang='lat' dir='ltr'><strong>capit.</strong></span> <span class='ocrx_word' id='word_1_260' title='bbox 2227 1827 2292 1883; x_wconf 84' lang='lat'><strong>70</strong></span> <span class='ocrx_word' id='word_1_261' title='bbox 2323 1849 2336 1884; x_wconf 90' lang='lat'>:</span> <span class='ocrx_word' id='word_1_262' title='bbox 2371 1829 2578 1886; x_wconf 87' lang='lat' dir='ltr'><strong>Cornus</strong></span> <span class='ocrx_word' id='word_1_263' title='bbox 2611 1834 2802 1888; x_wconf 79' lang='lat' dir='ltr'><strong>cervini</strong></span> <span class='ocrx_word' id='word_1_264' title='bbox 2831 1801 2990 1890; x_wconf 75' lang='lat' dir='ltr'><strong>odore</strong></span> <span class='ocrx_word' id='word_1_265' title='bbox 3020 1801 3394 1910; x_wconf 59' lang='lat' dir='ltr'><strong>serpentesfti:</strong></span> 
     </span>
    </p>
   </div>
   <div class='ocr_carea' id='block_1_35' title="bbox 107 1907 1700 1978">
    <p class='ocr_par' dir='ltr' id='par_1_35' title="bbox 107 1907 1700 1978">
     <span class='ocr_line' id='line_1_35' title="bbox 107 1907 1700 1978; baseline 0.001 -18"><span class='ocrx_word' id='word_1_266' title='bbox 107 1907 368 1962; x_wconf 78' lang='lat' dir='ltr'><strong>videlicet</strong></span> <span class='ocrx_word' id='word_1_267' title='bbox 403 1908 624 1977; x_wconf 76' lang='lat' dir='ltr'><strong>sanguis</strong></span> <span class='ocrx_word' id='word_1_268' title='bbox 652 1923 842 1962; x_wconf 92' lang='lat' dir='ltr'><strong>eorum</strong></span> <span class='ocrx_word' id='word_1_269' title='bbox 884 1908 1122 1972; x_wconf 89' lang='lat' dir='ltr'><strong>dilutus,</strong></span> <span class='ocrx_word' id='word_1_270' title='bbox 1153 1909 1427 1978; x_wconf 89' lang='lat' dir='ltr'><strong>tibrasque</strong></span> <span class='ocrx_word' id='word_1_271' title='bbox 1459 1923 1568 1962; x_wconf 92' lang='lat' dir='ltr'><strong>non</strong></span> <span class='ocrx_word' id='word_1_272' title='bbox 1604 1910 1700 1970; x_wconf 82' lang='lat' dir='ltr'><strong>ha-</strong></span> 
     </span>
    </p>
   </div>
   <div class='ocr_carea' id='block_1_36' title="bbox 104 1999 1699 2072">
    <p class='ocr_par' dir='ltr' id='par_1_36' title="bbox 104 1999 1699 2072">
     <span class='ocr_line' id='line_1_36' title="bbox 104 1999 1699 2072; baseline 0.001 -18"><span class='ocrx_word' id='word_1_273' title='bbox 104 2000 226 2054; x_wconf 81' lang='lat' dir='ltr'><strong>bet.</strong></span> <span class='ocrx_word' id='word_1_274' title='bbox 283 1999 520 2064; x_wconf 82' lang='lat' dir='ltr'><strong>Quorum</strong></span> <span class='ocrx_word' id='word_1_275' title='bbox 557 2000 696 2052; x_wconf 87' lang='lat' dir='ltr'><strong>enim</strong></span> <span class='ocrx_word' id='word_1_276' title='bbox 726 2000 1140 2072; x_wconf 75' lang='lat' dir='ltr'><strong>&#39;sanguisﬁbris</strong></span> <span class='ocrx_word' id='word_1_277' title='bbox 1183 1999 1468 2054; x_wconf 84' lang='lat' dir='ltr'><strong>admodum</strong></span> <span class='ocrx_word' id='word_1_278' title='bbox 1518 2002 1699 2057; x_wconf 87' lang='lat' dir='ltr'><strong>multis</strong></span> 
     </span>
    </p>
   </div>
   <div class='ocr_carea' id='block_1_37' title="bbox 104 2075 1701 2162">
    <p class='ocr_par' dir='ltr' id='par_1_37' title="bbox 104 2075 1701 2162">
     <span class='ocr_line' id='line_1_37' title="bbox 104 2075 1701 2162; baseline 0.003 -20"><span class='ocrx_word' id='word_1_279' title='bbox 104 2089 414 2158; x_wconf 77' lang='lat' dir='ltr'><strong>crassisque</strong></span> <span class='ocrx_word' id='word_1_280' title='bbox 440 2089 665 2159; x_wconf 82' lang='lat' dir='ltr'><strong>refertus</strong></span> <span class='ocrx_word' id='word_1_281' title='bbox 695 2100 795 2156; x_wconf 83' lang='lat' dir='ltr'><strong>est,</strong></span> <span class='ocrx_word' id='word_1_282' title='bbox 825 2092 937 2144; x_wconf 75' lang='lat' dir='ltr'><strong>Inrc</strong></span> <span class='ocrx_word' id='word_1_283' title='bbox 968 2075 1177 2146; x_wconf 83' lang='lat' dir='ltr'><strong>terrena</strong></span> <span class='ocrx_word' id='word_1_284' title='bbox 1195 2093 1424 2162; x_wconf 85' lang='lat' dir='ltr'><strong>amplius</strong></span> <span class='ocrx_word' id='word_1_285' title='bbox 1449 2103 1701 2147; x_wconf 81' lang='lat' dir='ltr'><strong>constant</strong></span> 
     </span>
    </p>
   </div>
   <div class='ocr_carea' id='block_1_38' title="bbox 103 2181 1700 2255">
    <p class='ocr_par' dir='ltr' id='par_1_38' title="bbox 103 2181 1700 2255">
     <span class='ocr_line' id='line_1_38' title="bbox 103 2181 1700 2255; baseline 0.003 -22"><span class='ocrx_word' id='word_1_286' title='bbox 103 2188 333 2241; x_wconf 80' lang='lat' dir='ltr'><strong>natura,</strong></span> <span class='ocrx_word' id='word_1_287' title='bbox 365 2189 415 2234; x_wconf 86' lang='lat' dir='ltr'><strong>et</strong></span> <span class='ocrx_word' id='word_1_288' title='bbox 443 2181 685 2234; x_wconf 89' lang='lat' dir='ltr'><strong>animosa</strong></span> <span class='ocrx_word' id='word_1_289' title='bbox 722 2181 1024 2248; x_wconf 86' lang='lat' dir='ltr'><strong>iracundia,</strong></span> <span class='ocrx_word' id='word_1_290' title='bbox 1059 2182 1376 2253; x_wconf 81' lang='lat' dir='ltr'><strong>proindeque</strong></span> <span class='ocrx_word' id='word_1_291' title='bbox 1416 2183 1700 2255; x_wconf 72' lang='lat' dir='ltr'><strong>furibunda</strong></span> 
     </span>
    </p>
   </div>
   <div class='ocr_carea' id='block_1_39' title="bbox 103 2273 1704 2344">
    <p class='ocr_par' dir='ltr' id='par_1_39' title="bbox 103 2273 1704 2344">
     <span class='ocr_line' id='line_1_39' title="bbox 103 2273 1704 2344; baseline 0.002 -18"><span class='ocrx_word' id='word_1_292' title='bbox 103 2281 258 2335; x_wconf 80' lang='lat' dir='ltr'><strong>sunt,</strong></span> <span class='ocrx_word' id='word_1_293' title='bbox 299 2273 382 2325; x_wconf 88' lang='lat' dir='ltr'><strong>ira</strong></span> <span class='ocrx_word' id='word_1_294' title='bbox 410 2273 549 2327; x_wconf 89' lang='lat' dir='ltr'><strong>enim</strong></span> <span class='ocrx_word' id='word_1_295' title='bbox 580 2274 858 2344; x_wconf 84' lang='lat' dir='ltr'><strong>caloriﬁca</strong></span> <span class='ocrx_word' id='word_1_296' title='bbox 903 2283 1003 2330; x_wconf 85' lang='lat' dir='ltr'><strong>est.</strong></span> <span class='ocrx_word' id='word_1_297' title='bbox 1050 2273 1250 2331; x_wconf 72' lang='lat' dir='ltr'><strong>Verum</strong></span> <span class='ocrx_word' id='word_1_298' title='bbox 1299 2277 1346 2330; x_wconf 89' lang='lat' dir='ltr'><strong>si</strong></span> <span class='ocrx_word' id='word_1_299' title='bbox 1390 2277 1539 2331; x_wconf 84' lang='lat' dir='ltr'><strong>cervi</strong></span> <span class='ocrx_word' id='word_1_300' title='bbox 1584 2277 1704 2330; x_wconf 70' lang='lat' dir='ltr'><strong>libio</strong></span> 
     </span>
    </p>
   </div>
   <div class='ocr_carea' id='block_1_40' title="bbox 103 2364 1697 2449">
    <p class='ocr_par' dir='ltr' id='par_1_40' title="bbox 103 2364 1697 2449">
     <span class='ocr_line' id='line_1_40' title="bbox 103 2364 1697 2449; baseline 0.003 -32"><span class='ocrx_word' id='word_1_301' title='bbox 103 2364 240 2420; x_wconf 90' lang='lat' dir='ltr'><strong>dine</strong></span> <span class='ocrx_word' id='word_1_302' title='bbox 264 2364 514 2434; x_wconf 83' lang='lat' dir='ltr'><strong>ﬂagrant,</strong></span> <span class='ocrx_word' id='word_1_303' title='bbox 547 2367 844 2422; x_wconf 89' lang='lat' dir='ltr'><strong>ell‘erantur</strong></span> <span class='ocrx_word' id='word_1_304' title='bbox 875 2368 1030 2423; x_wconf 91' lang='lat' dir='ltr'><strong>sicut</strong></span> <span class='ocrx_word' id='word_1_305' title='bbox 1059 2377 1114 2423; x_wconf 91' lang='lat' dir='ltr'><strong>et</strong></span> <span class='ocrx_word' id='word_1_306' title='bbox 1143 2376 1342 2424; x_wconf 82' lang='lat' dir='ltr'><strong>caetera</strong></span> <span class='ocrx_word' id='word_1_307' title='bbox 1373 2368 1697 2449; x_wconf 73' lang='lat' dir='ltr'><strong>animantia,</strong></span> 
     </span>
    </p>
   </div>
   <div class='ocr_carea' id='block_1_41' title="bbox 102 2455 1698 2533">
    <p class='ocr_par' dir='ltr' id='par_1_41' title="bbox 102 2455 1698 2533">
     <span class='ocr_line' id='line_1_41' title="bbox 102 2455 1698 2533; baseline 0.004 -24"><span class='ocrx_word' id='word_1_308' title='bbox 102 2455 278 2526; x_wconf 89' lang='lat' dir='ltr'><strong>idque</strong></span> <span class='ocrx_word' id='word_1_309' title='bbox 317 2473 382 2511; x_wconf 80' lang='lat' dir='ltr'><strong>ex</strong></span> <span class='ocrx_word' id='word_1_310' title='bbox 443 2458 739 2514; x_wconf 90' lang='lat' dir='ltr'><strong>Aristotele</strong></span> <span class='ocrx_word' id='word_1_311' title='bbox 774 2459 849 2514; x_wconf 90' lang='lat' dir='ltr'><strong>De</strong></span> <span class='ocrx_word' id='word_1_312' title='bbox 881 2461 1006 2515; x_wconf 92' lang='lat' dir='ltr'><strong>hist.</strong></span> <span class='ocrx_word' id='word_1_313' title='bbox 1042 2463 1210 2516; x_wconf 84' lang='lat' dir='ltr'><strong>anim.</strong></span> <span class='ocrx_word' id='word_1_314' title='bbox 1256 2471 1310 2516; x_wconf 89' lang='lat' dir='ltr'><strong>et</strong></span> <span class='ocrx_word' id='word_1_315' title='bbox 1351 2459 1579 2533; x_wconf 75' lang='lat' dir='ltr'><strong>Virgilio</strong></span> <span class='ocrx_word' id='word_1_316' title='bbox 1635 2477 1698 2516; x_wconf 85' lang='grc' dir='ltr'><strong>ιιι</strong></span> 
     </span>
    </p>
   </div>
   <div class='ocr_carea' id='block_1_42' title="bbox 103 2547 1191 2618">
    <p class='ocr_par' dir='ltr' id='par_1_42' title="bbox 103 2547 1191 2618">
     <span class='ocr_line' id='line_1_42' title="bbox 103 2547 1191 2618; baseline 0.005 -16"><span class='ocrx_word' id='word_1_317' title='bbox 103 2547 488 2618; x_wconf 83' lang='lat' dir='ltr'><strong>Georgicorum</strong></span> <span class='ocrx_word' id='word_1_318' title='bbox 525 2552 770 2605; x_wconf 89' lang='lat' dir='ltr'><strong>nonnulli</strong></span> <span class='ocrx_word' id='word_1_319' title='bbox 824 2552 1191 2608; x_wconf 89' lang='lat' dir='ltr'><strong>tradiderunt.</strong></span> 
     </span>
    </p>
   </div>
   <div class='ocr_carea' id='block_1_43' title="bbox 179 2639 1702 2713">
    <p class='ocr_par' dir='ltr' id='par_1_43' title="bbox 179 2639 1702 2713">
     <span class='ocr_line' id='line_1_43' title="bbox 179 2639 1702 2713; baseline 0.005 -21"><span class='ocrx_word' id='word_1_320' title='bbox 179 2639 346 2702; x_wconf 91' lang='lat' dir='ltr'><strong>lbid.,</strong></span> <span class='ocrx_word' id='word_1_321' title='bbox 383 2641 480 2696; x_wconf 94' lang='lat' dir='ltr'><strong>lin.</strong></span> <span class='ocrx_word' id='word_1_322' title='bbox 510 2641 598 2697; x_wconf 70' lang='grc'><strong>49.</strong></span> <span class='ocrx_word' id='word_1_323' title='bbox 627 2644 736 2697; x_wconf 77' lang='grc' dir='ltr'><strong>Καὶ</strong></span> <span class='ocrx_word' id='word_1_324' title='bbox 775 2643 928 2712; x_wconf 82' lang='grc' dir='ltr'><em>πρὸς</em></span> <span class='ocrx_word' id='word_1_325' title='bbox 954 2646 1027 2700; x_wconf 82' lang='grc' dir='ltr'><strong>τὰ</strong></span> <span class='ocrx_word' id='word_1_326' title='bbox 1053 2644 1290 2713; x_wconf 72' lang='grc' dir='ltr'><strong>ἑρπετά.</strong></span> <span class='ocrx_word' id='word_1_327' title='bbox 1325 2646 1460 2701; x_wconf 86' lang='lat' dir='ltr'><strong>Odia</strong></span> <span class='ocrx_word' id='word_1_328' title='bbox 1509 2655 1562 2701; x_wconf 90' lang='lat' dir='ltr'><strong>et</strong></span> <span class='ocrx_word' id='word_1_329' title='bbox 1595 2645 1702 2700; x_wconf 86' lang='lat' dir='ltr'><strong>ini-</strong></span> 
     </span>
    </p>
   </div>
   <div class='ocr_carea' id='block_1_44' title="bbox 102 2731 1702 2804">
    <p class='ocr_par' dir='ltr' id='par_1_44' title="bbox 102 2731 1702 2804">
     <span class='ocr_line' id='line_1_44' title="bbox 102 2731 1702 2804; baseline 0.003 -21"><span class='ocrx_word' id='word_1_330' title='bbox 102 2731 349 2785; x_wconf 89' lang='lat' dir='ltr'><strong>micitias</strong></span> <span class='ocrx_word' id='word_1_331' title='bbox 389 2731 530 2786; x_wconf 90' lang='lat' dir='ltr'><strong>inter</strong></span> <span class='ocrx_word' id='word_1_332' title='bbox 567 2741 851 2803; x_wconf 88' lang='lat' dir='ltr'><strong>serpentes</strong></span> <span class='ocrx_word' id='word_1_333' title='bbox 882 2742 936 2788; x_wconf 94' lang='lat' dir='ltr'><strong>et</strong></span> <span class='ocrx_word' id='word_1_334' title='bbox 977 2749 1192 2795; x_wconf 86' lang='lat' dir='ltr'><strong>cervus,</strong></span> <span class='ocrx_word' id='word_1_335' title='bbox 1232 2743 1286 2788; x_wconf 91' lang='lat' dir='ltr'><strong>et</strong></span> <span class='ocrx_word' id='word_1_336' title='bbox 1331 2749 1568 2804; x_wconf 85' lang='lat' dir='ltr'><strong>quanam</strong></span> <span class='ocrx_word' id='word_1_337' title='bbox 1610 2749 1702 2787; x_wconf 89' lang='lat' dir='ltr'><strong>ra-</strong></span> 
     </span>
    </p>
   </div>
   <div class='ocr_carea' id='block_1_45' title="bbox 105 2826 1700 2898">
    <p class='ocr_par' dir='ltr' id='par_1_45' title="bbox 105 2826 1700 2898">
     <span class='ocr_line' id='line_1_45' title="bbox 105 2826 1700 2898; baseline 0.001 -20"><span class='ocrx_word' id='word_1_338' title='bbox 105 2826 262 2880; x_wconf 88' lang='lat' dir='ltr'><strong>tione</strong></span> <span class='ocrx_word' id='word_1_339' title='bbox 288 2826 430 2880; x_wconf 88' lang='lat' dir='ltr'><strong>alius</strong></span> <span class='ocrx_word' id='word_1_340' title='bbox 463 2828 518 2879; x_wconf 92' lang='lat' dir='ltr'><strong>in</strong></span> <span class='ocrx_word' id='word_1_341' title='bbox 548 2826 715 2880; x_wconf 89' lang='lat' dir='ltr'><strong>alium</strong></span> <span class='ocrx_word' id='word_1_342' title='bbox 752 2827 1034 2881; x_wconf 87' lang='lat' dir='ltr'><strong>invehitur</strong></span> <span class='ocrx_word' id='word_1_343' title='bbox 1073 2827 1498 2898; x_wconf 77' lang='lat' dir='ltr'><strong>elegantissimis</strong></span> <span class='ocrx_word' id='word_1_344' title='bbox 1529 2827 1700 2882; x_wconf 85' lang='lat' dir='ltr'><strong>versi-</strong></span> 
     </span>
    </p>
   </div>
   <div class='ocr_carea' id='block_1_46' title="bbox 103 2915 1583 2988">
    <p class='ocr_par' dir='ltr' id='par_1_46' title="bbox 103 2915 1583 2988">
     <span class='ocr_line' id='line_1_46' title="bbox 103 2915 1583 2988; baseline 0.001 -17"><span class='ocrx_word' id='word_1_345' title='bbox 103 2916 215 2972; x_wconf 86' lang='lat' dir='ltr'><strong>bus</strong></span> <span class='ocrx_word' id='word_1_346' title='bbox 239 2917 441 2972; x_wconf 86' lang='lat' dir='ltr'><strong>cecinit</strong></span> <span class='ocrx_word' id='word_1_347' title='bbox 475 2915 757 2986; x_wconf 88' lang='lat' dir='ltr'><strong>Oppianus</strong></span> <span class='ocrx_word' id='word_1_348' title='bbox 785 2921 1012 2988; x_wconf 79' lang='grc' dir='ltr'><strong>Κυνηγ.</strong></span> <span class='ocrx_word' id='word_1_349' title='bbox 1049 2934 1085 2971; x_wconf 92' lang='grc' dir='ltr'><strong>ιι</strong></span> <span class='ocrx_word' id='word_1_350' title='bbox 1115 2926 1164 2972; x_wconf 89' lang='lat' dir='ltr'><strong>et</strong></span> <span class='ocrx_word' id='word_1_351' title='bbox 1211 2919 1464 2972; x_wconf 77' lang='grc' dir='ltr'><strong>Ἀλιευτ.</strong></span> <span class='ocrx_word' id='word_1_352' title='bbox 1503 2935 1539 2972; x_wconf 90' lang='grc' dir='ltr'><strong>ιι</strong></span> <span class='ocrx_word' id='word_1_353' title='bbox 1570 2937 1583 2972; x_wconf 88' lang='lat'><strong>:</strong></span> 
     </span>
    </p>
   </div>
   <div class='ocr_carea' id='block_1_47' title="bbox 114 3029 1700 3102">
    <p class='ocr_par' dir='ltr' id='par_1_47' title="bbox 114 3029 1700 3102">
     <span class='ocr_line' id='line_1_47' title="bbox 114 3029 1700 3102; baseline 0.002 -18"><span class='ocrx_word' id='word_1_354' title='bbox 114 3030 221 3096; x_wconf 82' lang='grc' dir='ltr'><strong>Ὠς</strong></span> <span class='ocrx_word' id='word_1_355' title='bbox 253 3029 304 3102; x_wconf 75' lang='grc' dir='ltr'><strong>δ’</strong></span> <span class='ocrx_word' id='word_1_356' title='bbox 340 3029 423 3082; x_wconf 85' lang='grc' dir='ltr'><strong>ὅτ’</strong></span> <span class='ocrx_word' id='word_1_357' title='bbox 461 3029 577 3102; x_wconf 67' lang='grc' dir='ltr'><strong>ἀνὰ</strong></span> <span class='ocrx_word' id='word_1_358' title='bbox 605 3030 908 3101; x_wconf 81' lang='grc' dir='ltr'><strong>ξυλόχους</strong></span> <span class='ocrx_word' id='word_1_359' title='bbox 942 3033 1129 3102; x_wconf 64' lang='grc' dir='ltr'><em>ὀφίων</em></span> <span class='ocrx_word' id='word_1_360' title='bbox 1168 3031 1313 3086; x_wconf 75' lang='grc' dir='ltr'><strong>ὁδὸν</strong></span> <span class='ocrx_word' id='word_1_361' title='bbox 1355 3033 1700 3100; x_wconf 75' lang='grc' dir='ltr'><strong>ἐξερεείνων</strong></span> 
     </span>
    </p>
   </div>
   <div class='ocr_carea' id='block_1_48' title="bbox 100 3100 1583 3172">
    <p class='ocr_par' dir='ltr' id='par_1_48' title="bbox 100 3100 1583 3172">
     <span class='ocr_line' id='line_1_48' title="bbox 100 3100 1583 3172; baseline 0.001 -16"><span class='ocrx_word' id='word_1_362' title='bbox 100 3101 480 3172; x_wconf 69' lang='grc' dir='ltr'><strong>Βριθύκερως</strong></span> <span class='ocrx_word' id='word_1_363' title='bbox 510 3100 737 3169; x_wconf 61' lang='grc' dir='ltr'><em>ἔλαφος</em></span> <span class='ocrx_word' id='word_1_364' title='bbox 760 3100 1102 3172; x_wconf 74' lang='grc' dir='ltr'><em>ρινήλιιτον</em></span> <span class='ocrx_word' id='word_1_365' title='bbox 1131 3103 1302 3171; x_wconf 81' lang='grc' dir='ltr'><em>ἴχνος</em></span> <span class='ocrx_word' id='word_1_366' title='bbox 1331 3103 1546 3170; x_wconf 78' lang='grc' dir='ltr'><strong>ἀνεῦρε</strong></span> <span class='ocrx_word' id='word_1_367' title='bbox 1569 3145 1583 3168; x_wconf 96' lang='grc'><strong>,</strong></span> 
     </span>
    </p>
   </div>
   <div class='ocr_carea' id='block_1_49' title="bbox 99 3171 1620 3242">
    <p class='ocr_par' dir='ltr' id='par_1_49' title="bbox 99 3171 1620 3242">
     <span class='ocr_line' id='line_1_49' title="bbox 99 3171 1620 3242; baseline 0.001 -16"><span class='ocrx_word' id='word_1_368' title='bbox 99 3171 292 3238; x_wconf 76' lang='grc' dir='ltr'><strong>Χειὴν</strong></span> <span class='ocrx_word' id='word_1_369' title='bbox 320 3171 373 3223; x_wconf 85' lang='grc' dir='ltr'><strong>δ’</strong></span> <span class='ocrx_word' id='word_1_370' title='bbox 392 3172 768 3242; x_wconf 57' lang='grc' dir='ltr'><strong>εἰσαφίκανε,</strong></span> <span class='ocrx_word' id='word_1_371' title='bbox 804 3171 903 3226; x_wconf 75' lang='grc' dir='ltr'><strong>καὶ</strong></span> <span class='ocrx_word' id='word_1_372' title='bbox 927 3174 1177 3242; x_wconf 81' lang='grc' dir='ltr'><em>ἑρπετὸν</em></span> <span class='ocrx_word' id='word_1_373' title='bbox 1201 3173 1459 3242; x_wconf 33' lang='grc' dir='ltr'><strong>εἷρυσεν-</strong></span> <span class='ocrx_word' id='word_1_374' title='bbox 1484 3174 1620 3239; x_wconf 79' lang='grc' dir='ltr'><strong>ἕξω,</strong></span> 
     </span>
    </p>
   </div>
   <div class='ocr_carea' id='block_1_50' title="bbox 101 3240 1693 3325">
    <p class='ocr_par' dir='ltr' id='par_1_50' title="bbox 101 3240 1693 3325">
     <span class='ocr_line' id='line_1_50' title="bbox 101 3240 1693 3325; baseline 0.001 -29"><span class='ocrx_word' id='word_1_375' title='bbox 101 3242 322 3296; x_wconf 55' lang='lat' dir='ltr'><strong>Ach-tte:</strong></span> <span class='ocrx_word' id='word_1_376' title='bbox 378 3240 429 3294; x_wconf 85' lang='grc' dir='ltr'><strong>δ’</strong></span> <span class='ocrx_word' id='word_1_377' title='bbox 479 3241 792 3310; x_wconf 82' lang='grc' dir='ltr'><strong>ἐμμενέως.</strong></span> <span class='ocrx_word' id='word_1_378' title='bbox 841 3246 894 3296; x_wconf 91' lang='lat'><strong>&#39;0</strong></span> <span class='ocrx_word' id='word_1_379' title='bbox 953 3240 1010 3298; x_wconf 76' lang='grc' dir='ltr'><strong>δ’</strong></span> <span class='ocrx_word' id='word_1_380' title='bbox 1054 3240 1365 3298; x_wconf 73' lang='grc' dir='ltr'><strong>ἐλίσσὲται</strong></span> <span class='ocrx_word' id='word_1_381' title='bbox 1628 3262 1693 3298; x_wconf 82' lang='grc' dir='ltr'><strong>τε</strong></span> 
     </span>
    </p>
   </div>
   <div class='ocr_carea' id='block_1_51' title="bbox 98 3315 1692 3454">
    <p class='ocr_par' dir='ltr' id='par_1_51' title="bbox 98 3315 1692 3454">
     <span class='ocr_line' id='line_1_51' title="bbox 98 3315 1692 3454; baseline 0.001 -17"><span class='ocrx_word' id='word_1_382' title='bbox 98 3383 321 3450; x_wconf 83' lang='grc' dir='ltr'><strong>Δειρήν</strong></span> <span class='ocrx_word' id='word_1_383' title='bbox 346 3401 430 3448; x_wconf 77' lang='grc' dir='ltr'><strong>τε,</strong></span> <span class='ocrx_word' id='word_1_384' title='bbox 456 3385 713 3453; x_wconf 78' lang='grc' dir='ltr'><strong>στέρνον</strong></span> <span class='ocrx_word' id='word_1_385' title='bbox 755 3401 839 3438; x_wconf 85' lang='grc' dir='ltr'><strong>τε.</strong></span> <span class='ocrx_word' id='word_1_386' title='bbox 887 3382 962 3438; x_wconf 85' lang='grc' dir='ltr'><strong>Τὰ</strong></span> <span class='ocrx_word' id='word_1_387' title='bbox 994 3383 1046 3437; x_wconf 83' lang='grc' dir='ltr'><strong>δ’</strong></span> <span class='ocrx_word' id='word_1_388' title='bbox 1079 3384 1379 3454; x_wconf 76' lang='grc' dir='ltr'><strong>ἡμίϐρωτα</strong></span> 
     </span>
    </p>
   </div>
   <div class='ocr_carea' id='block_1_52' title="bbox 101 3454 1692 3597">
    <p class='ocr_par' dir='ltr' id='par_1_52' title="bbox 101 3454 1692 3597">
     <span class='ocr_line' id='line_1_52' title="bbox 101 3454 1692 3597; baseline 0.001 -90"><span class='ocrx_word' id='word_1_389' title='bbox 101 3454 328 3522; x_wconf 70' lang='grc' dir='ltr'><strong>Ἀψεα·</strong></span> <span class='ocrx_word' id='word_1_390' title='bbox 377 3459 579 3511; x_wconf 73' lang='grc' dir='ltr'><em>πολλὰ</em></span> <span class='ocrx_word' id='word_1_391' title='bbox 611 3457 662 3509; x_wconf 72' lang='grc' dir='ltr'><strong>δ’</strong></span> <span class='ocrx_word' id='word_1_392' title='bbox 694 3455 938 3522; x_wconf 84' lang='grc' dir='ltr'><strong>ὀδόντες</strong></span> <span class='ocrx_word' id='word_1_393' title='bbox 974 3455 1091 3510; x_wconf 84' lang='grc' dir='ltr'><strong>ὑπὸ</strong></span> <span class='ocrx_word' id='word_1_394' title='bbox 1127 3457 1320 3525; x_wconf 82' lang='grc' dir='ltr'><em>στόμα</em></span> <span class='ocrx_word' id='word_1_395' title='bbox 1349 3455 1692 3597; x_wconf 50' lang='grc' dir='ltr'><strong>δαιτρεῇιω-</strong></span> 
     </span>
     <span class='ocr_line' id='line_1_53' title="bbox 1609 3542 1686 3579; baseline -0.013 0"><span class='ocrx_word' id='word_1_396' title='bbox 1609 3542 1686 3579; x_wconf 88' lang='grc' dir='ltr'><strong>ιν.</strong></span> 
     </span>
    </p>
   </div>
   <div class='ocr_carea' id='block_1_53' title="bbox 99 3615 908 3674">
    <p class='ocr_par' dir='ltr' id='par_1_53' title="bbox 99 3615 908 3674">
     <span class='ocr_line' id='line_1_54' title="bbox 99 3615 908 3674; baseline 0.001 -4"><span class='ocrx_word' id='word_1_397' title='bbox 99 3615 173 3671; x_wconf 84' lang='grc' dir='ltr'>Ει</span> <span class='ocrx_word' id='word_1_398' title='bbox 203 3615 477 3674; x_wconf 82' lang='lat' dir='ltr'><strong>Nicander</strong></span> <span class='ocrx_word' id='word_1_399' title='bbox 505 3618 562 3674; x_wconf 89' lang='lat' dir='ltr'><strong>in</strong></span> <span class='ocrx_word' id='word_1_400' title='bbox 597 3617 864 3673; x_wconf 79' lang='lat' dir='ltr'><strong>Theriacis</strong></span> <span class='ocrx_word' id='word_1_401' title='bbox 889 3633 908 3671; x_wconf 71' lang='grc' dir='ltr'><em>τ</em></span> 
     </span>
    </p>
   </div>
   <div class='ocr_carea' id='block_1_54' title="bbox 105 3708 1594 3782">
    <p class='ocr_par' dir='ltr' id='par_1_54' title="bbox 105 3708 1594 3782">
     <span class='ocr_line' id='line_1_55' title="bbox 105 3708 1594 3782; baseline -0.001 -17"><span class='ocrx_word' id='word_1_402' title='bbox 105 3714 189 3765; x_wconf 87' lang='grc' dir='ltr'><em>Ἢ</em></span> <span class='ocrx_word' id='word_1_403' title='bbox 219 3712 400 3782; x_wconf 75' lang='grc' dir='ltr'><em>οπότε</em></span> <span class='ocrx_word' id='word_1_404' title='bbox 432 3712 776 3782; x_wconf 80' lang='grc' dir='ltr'><em>σκαρθμοὺς</em></span> <span class='ocrx_word' id='word_1_405' title='bbox 803 3711 1045 3780; x_wconf 70' lang='grc' dir='ltr'><em>ἐλάφων</em></span> <span class='ocrx_word' id='word_1_406' title='bbox 1079 3708 1332 3779; x_wconf 76' lang='grc' dir='ltr'><strong>ὀχεῇσιν</strong></span> <span class='ocrx_word' id='word_1_407' title='bbox 1358 3708 1594 3782; x_wconf 70' lang='grc' dir='ltr'><em>ἀλύξας</em></span> 
     </span>
    </p>
   </div>
   <div class='ocr_carea' id='block_1_55' title="bbox 115 3779 1510 3852">
    <p class='ocr_par' dir='ltr' id='par_1_55' title="bbox 115 3779 1510 3852">
     <span class='ocr_line' id='line_1_56' title="bbox 115 3779 1510 3852; baseline 0 -17"><span class='ocrx_word' id='word_1_408' title='bbox 115 3781 356 3850; x_wconf 74' lang='grc' dir='ltr'><em>Ἀνδρος</em></span> <span class='ocrx_word' id='word_1_409' title='bbox 393 3779 702 3852; x_wconf 45' lang='lat' dir='ltr'><strong>arcanum</strong></span> <span class='ocrx_word' id='word_1_410' title='bbox 731 3779 959 3850; x_wconf 79' lang='grc' dir='ltr'><em>χολέων</em></span> <span class='ocrx_word' id='word_1_411' title='bbox 988 3781 1364 3852; x_wconf 63' lang='grc' dir='ltr'><em>θυμοφθόρον</em></span> <span class='ocrx_word' id='word_1_412' title='bbox 1395 3779 1510 3852; x_wconf 67' lang='lat' dir='ltr'><strong>Mr.</strong></span> 
     </span>
    </p>
   </div>
   <div class='ocr_carea' id='block_1_56' title="bbox 104 3851 1547 3922">
    <p class='ocr_par' dir='ltr' id='par_1_56' title="bbox 104 3851 1547 3922">
     <span class='ocr_line' id='line_1_57' title="bbox 104 3851 1547 3922; baseline 0.001 -17"><span class='ocrx_word' id='word_1_413' title='bbox 104 3852 340 3920; x_wconf 77' lang='grc' dir='ltr'><em>Ἔξοχα</em></span> <span class='ocrx_word' id='word_1_414' title='bbox 364 3853 474 3921; x_wconf 82' lang='grc' dir='ltr'><strong>γὰρ</strong></span> <span class='ocrx_word' id='word_1_415' title='bbox 498 3853 795 3922; x_wconf 76' lang='grc' dir='ltr'><strong>δολιχοῖσι</strong></span> <span class='ocrx_word' id='word_1_416' title='bbox 826 3851 1230 3919; x_wconf 81' lang='grc' dir='ltr'><em>κινωπησταῖς</em></span> <span class='ocrx_word' id='word_1_417' title='bbox 1267 3851 1547 3906; x_wconf 84' lang='grc' dir='ltr'><em>κοτέουσι</em></span> 
     </span>
    </p>
   </div>
   <div class='ocr_carea' id='block_1_57' title="bbox 99 3921 1692 3990">
    <p class='ocr_par' dir='ltr' id='par_1_57' title="bbox 99 3921 1692 3990">
     <span class='ocr_line' id='line_1_58' title="bbox 99 3921 1692 3990; baseline -0.002 -12"><span class='ocrx_word' id='word_1_418' title='bbox 99 3924 459 3990; x_wconf 80' lang='grc' dir='ltr'><em>Νεϐροτόκοι</em></span> <span class='ocrx_word' id='word_1_419' title='bbox 509 3924 608 3976; x_wconf 77' lang='grc' dir='ltr'><strong>καὶ</strong></span> <span class='ocrx_word' id='word_1_420' title='bbox 634 3921 866 3990; x_wconf 69' lang='grc' dir='ltr'><em>ζόρκες.</em></span> <span class='ocrx_word' id='word_1_421' title='bbox 931 3923 1336 3989; x_wconf 82' lang='grc' dir='ltr'><strong>Ἀνιχνεύουσι</strong></span> <span class='ocrx_word' id='word_1_422' title='bbox 1377 3921 1446 3975; x_wconf 90' lang='grc' dir='ltr'><em>δὲ</em></span> <span class='ocrx_word' id='word_1_423' title='bbox 1494 3922 1692 3976; x_wconf 82' lang='grc' dir='ltr'><em>πάντα</em></span> 
     </span>
    </p>
   </div>
   <div class='ocr_carea' id='block_1_58' title="bbox 107 3992 1691 4062">
    <p class='ocr_par' dir='ltr' id='par_1_58' title="bbox 107 3992 1691 4062">
     <span class='ocr_line' id='line_1_59' title="bbox 107 3992 1691 4062; baseline -0.001 -15"><span class='ocrx_word' id='word_1_424' title='bbox 107 3994 424 4062; x_wconf 80' lang='grc' dir='ltr'><strong>Τρόχμαλά</strong></span> <span class='ocrx_word' id='word_1_425' title='bbox 475 3997 524 4048; x_wconf 82' lang='lat'><strong><em>6‘</em></strong></span> <span class='ocrx_word' id='word_1_426' title='bbox 546 3993 826 4062; x_wconf 82' lang='grc' dir='ltr'><strong>αἱμασιάς</strong></span> <span class='ocrx_word' id='word_1_427' title='bbox 862 4009 947 4054; x_wconf 84' lang='grc' dir='ltr'><strong>τε,</strong></span> <span class='ocrx_word' id='word_1_428' title='bbox 992 3993 1093 4062; x_wconf 66' lang='grc' dir='ltr'><strong>καὶ</strong></span> <span class='ocrx_word' id='word_1_429' title='bbox 1137 3992 1381 4058; x_wconf 79' lang='grc' dir='ltr'><strong>εὶλυοὺς</strong></span> <span class='ocrx_word' id='word_1_430' title='bbox 1418 3992 1691 4062; x_wconf 76' lang='grc' dir='ltr'><em>ἐρέοντες</em></span> 
     </span>
    </p>
   </div>
   <div class='ocr_carea' id='block_1_59' title="bbox 99 4058 1522 4133">
    <p class='ocr_par' dir='ltr' id='par_1_59' title="bbox 99 4058 1522 4133">
     <span class='ocr_line' id='line_1_60' title="bbox 99 4058 1522 4133; baseline 0.001 -15"><span class='ocrx_word' id='word_1_431' title='bbox 99 4058 448 4133; x_wconf 66' lang='grc' dir='ltr'><strong>Σμερδαλέυῃ</strong></span> <span class='ocrx_word' id='word_1_432' title='bbox 475 4058 780 4133; x_wconf 47' lang='lat' dir='ltr'><strong>gummi;</strong></span> <span class='ocrx_word' id='word_1_433' title='bbox 804 4058 1282 4132; x_wconf 72' lang='grc' dir='ltr'><em>ἐπισπέρχοντες</em></span> <span class='ocrx_word' id='word_1_434' title='bbox 1307 4058 1522 4132; x_wconf 59' lang='grc' dir='ltr'><strong>ἀϋτιὶῇ.</strong></span> 
     </span>
    </p>
   </div>
   <div class='ocr_carea' id='block_1_60' title="bbox 101 4151 1687 4225">
    <p class='ocr_par' dir='ltr' id='par_1_60' title="bbox 101 4151 1687 4225">
     <span class='ocr_line' id='line_1_61' title="bbox 101 4151 1687 4225; baseline -0.003 -15"><span class='ocrx_word' id='word_1_435' title='bbox 101 4155 540 4225; x_wconf 78' lang='lat' dir='ltr'><strong>Theophrastus,</strong></span> <span class='ocrx_word' id='word_1_436' title='bbox 576 4156 672 4210; x_wconf 90' lang='lat' dir='ltr'><strong>lib.</strong></span> <span class='ocrx_word' id='word_1_437' title='bbox 709 4173 762 4210; x_wconf 84' lang='grc' dir='ltr'>ιγ</span> <span class='ocrx_word' id='word_1_438' title='bbox 789 4154 864 4208; x_wconf 90' lang='lat' dir='ltr'><strong>De</strong></span> <span class='ocrx_word' id='word_1_439' title='bbox 891 4156 1066 4208; x_wconf 82' lang='lat' dir='ltr'><strong>causis</strong></span> <span class='ocrx_word' id='word_1_440' title='bbox 1100 4155 1297 4224; x_wconf 85' lang='lat' dir='ltr'><strong>plant.,</strong></span> <span class='ocrx_word' id='word_1_441' title='bbox 1323 4170 1442 4224; x_wconf 91' lang='lat' dir='ltr'><strong>cap.</strong></span> <span class='ocrx_word' id='word_1_442' title='bbox 1478 4155 1580 4209; x_wconf 73' lang='lat'><strong>10:</strong></span> <span class='ocrx_word' id='word_1_443' title='bbox 1612 4151 1687 4207; x_wconf 82' lang='grc' dir='ltr'><strong>Οὐ</strong></span> 
     </span>
    </p>
   </div>
   <div class='ocr_carea' id='block_1_61' title="bbox 101 4243 1688 4321">
    <p class='ocr_par' dir='ltr' id='par_1_61' title="bbox 101 4243 1688 4321">
     <span class='ocr_line' id='line_1_62' title="bbox 101 4243 1688 4321; baseline -0.002 -19"><span class='ocrx_word' id='word_1_444' title='bbox 101 4250 241 4302; x_wconf 65' lang='grc' dir='ltr'><strong>πᾶσι</strong></span> <span class='ocrx_word' id='word_1_445' title='bbox 266 4247 438 4302; x_wconf 77' lang='grc' dir='ltr'>ταῦτα</span> <span class='ocrx_word' id='word_1_446' title='bbox 461 4247 744 4321; x_wconf 71' lang='grc' dir='ltr'><strong>πρόσφορα</strong></span> <span class='ocrx_word' id='word_1_447' title='bbox 766 4247 908 4300; x_wconf 85' lang='grc' dir='ltr'><strong>κατὰ</strong></span> <span class='ocrx_word' id='word_1_448' title='bbox 936 4246 1034 4310; x_wconf 82' lang='grc' dir='ltr'><strong>τὰς</strong></span> <span class='ocrx_word' id='word_1_449' title='bbox 1059 4247 1286 4318; x_wconf 77' lang='grc' dir='ltr'><strong>τροφὰς,</strong></span> <span class='ocrx_word' id='word_1_450' title='bbox 1308 4247 1419 4299; x_wconf 84' lang='grc' dir='ltr'>ἀλλ’</span> <span class='ocrx_word' id='word_1_451' title='bbox 1440 4243 1688 4310; x_wconf 82' lang='grc' dir='ltr'><strong>ἑκάστοις</strong></span> 
     </span>
    </p>
   </div>
   <div class='ocr_carea' id='block_1_62' title="bbox 99 4337 1690 4411">
    <p class='ocr_par' dir='ltr' id='par_1_62' title="bbox 99 4337 1690 4411">
     <span class='ocr_line' id='line_1_63' title="bbox 99 4337 1690 4411; baseline -0.003 -17"><span class='ocrx_word' id='word_1_452' title='bbox 99 4340 248 4394; x_wconf 79' lang='grc' dir='ltr'><strong>κατὰ</strong></span> <span class='ocrx_word' id='word_1_453' title='bbox 277 4341 376 4405; x_wconf 77' lang='grc' dir='ltr'><strong>τὰς</strong></span> <span class='ocrx_word' id='word_1_454' title='bbox 408 4341 542 4406; x_wconf 84' lang='grc' dir='ltr'>ἰδίας</span> <span class='ocrx_word' id='word_1_455' title='bbox 568 4337 756 4411; x_wconf 79' lang='grc' dir='ltr'>φύσεις</span> <span class='ocrx_word' id='word_1_456' title='bbox 775 4357 787 4370; x_wconf 74' lang='grc'><strong>⁸</strong></span> <span class='ocrx_word' id='word_1_457' title='bbox 834 4338 968 4411; x_wconf 83' lang='grc' dir='ltr'>ὅπερ</span> <span class='ocrx_word' id='word_1_458' title='bbox 1015 4342 1072 4393; x_wconf 73' lang='grc' dir='ltr'>ἐν</span> <span class='ocrx_word' id='word_1_459' title='bbox 1121 4339 1334 4402; x_wconf 83' lang='grc' dir='ltr'><em>πολλοῖς</em></span> <span class='ocrx_word' id='word_1_460' title='bbox 1381 4337 1478 4409; x_wconf 82' lang='grc' dir='ltr'><strong>μὲν</strong></span> <span class='ocrx_word' id='word_1_461' title='bbox 1510 4355 1690 4407; x_wconf 82' lang='grc' dir='ltr'>φανε-</span> 
     </span>
    </p>
   </div>
   <div class='ocr_carea' id='block_1_63' title="bbox 102 4429 1686 4507">
    <p class='ocr_par' dir='ltr' id='par_1_63' title="bbox 102 4429 1686 4507">
     <span class='ocr_line' id='line_1_64' title="bbox 102 4429 1686 4507; baseline -0.003 -19"><span class='ocrx_word' id='word_1_462' title='bbox 102 4433 221 4505; x_wconf 78' lang='grc' dir='ltr'><strong>ρὸν,</strong></span> <span class='ocrx_word' id='word_1_463' title='bbox 267 4435 331 4488; x_wconf 83' lang='grc' dir='ltr'><strong>ὲκ</strong></span> <span class='ocrx_word' id='word_1_464' title='bbox 360 4433 617 4507; x_wconf 77' lang='grc' dir='ltr'><strong>πλείστης</strong></span> <span class='ocrx_word' id='word_1_465' title='bbox 646 4434 691 4487; x_wconf 90' lang='grc' dir='ltr'><strong>δ’</strong></span> <span class='ocrx_word' id='word_1_466' title='bbox 726 4434 1073 4503; x_wconf 81' lang='grc' dir='ltr'><strong>ἀποφάσεως,</strong></span> <span class='ocrx_word' id='word_1_467' title='bbox 1119 4432 1196 4496; x_wconf 83' lang='grc' dir='ltr'>ὡς</span> <span class='ocrx_word' id='word_1_468' title='bbox 1244 4429 1437 4494; x_wconf 71' lang='grc' dir='ltr'>εἰπεῖν,</span> <span class='ocrx_word' id='word_1_469' title='bbox 1484 4431 1591 4484; x_wconf 84' lang='grc' dir='ltr'><strong>τῶν</strong></span> <span class='ocrx_word' id='word_1_470' title='bbox 1622 4448 1686 4500; x_wconf 82' lang='grc' dir='ltr'><strong>γε</strong></span> 
     </span>
    </p>
   </div>
   <div class='ocr_carea' id='block_1_64' title="bbox 97 4523 1504 4599">
    <p class='ocr_par' dir='ltr' id='par_1_64' title="bbox 97 4523 1504 4599">
     <span class='ocr_line' id='line_1_65' title="bbox 97 4523 1504 4599; baseline -0.002 -20"><span class='ocrx_word' id='word_1_471' title='bbox 97 4525 393 4597; x_wconf 84' lang='grc' dir='ltr'><strong>γνωρίμων</strong></span> <span class='ocrx_word' id='word_1_472' title='bbox 429 4527 498 4579; x_wconf 75' lang='grc' dir='ltr'><strong>τὰ</strong></span> <span class='ocrx_word' id='word_1_473' title='bbox 530 4527 660 4599; x_wconf 81' lang='grc' dir='ltr'>περὶ</span> <span class='ocrx_word' id='word_1_474' title='bbox 685 4529 811 4590; x_wconf 77' lang='grc' dir='ltr'><strong>τοὺς</strong></span> <span class='ocrx_word' id='word_1_475' title='bbox 838 4526 1070 4596; x_wconf 79' lang='grc' dir='ltr'><strong>ἐλάφους</strong></span> <span class='ocrx_word' id='word_1_476' title='bbox 1100 4524 1232 4594; x_wconf 84' lang='grc' dir='ltr'><strong>δῆλα</strong></span> <span class='ocrx_word' id='word_1_477' title='bbox 1251 4541 1264 4554; x_wconf 90' lang='grc'><strong>·</strong></span> <span class='ocrx_word' id='word_1_478' title='bbox 1290 4523 1345 4578; x_wconf 80' lang='grc' dir='ltr'><strong>αἳ</strong></span> <span class='ocrx_word' id='word_1_479' title='bbox 1379 4525 1504 4587; x_wconf 83' lang='grc' dir='ltr'><strong>τοὺς</strong></span> 
     </span>
    </p>
   </div>
   <div class='ocr_carea' id='block_1_65' title="bbox 97 4609 1689 4686">
    <p class='ocr_par' dir='ltr' id='par_1_65' title="bbox 97 4609 1689 4686">
     <span class='ocr_line' id='line_1_66' title="bbox 97 4609 1689 4686; baseline 0.001 -20"><span class='ocrx_word' id='word_1_480' title='bbox 97 4613 394 4678; x_wconf 74' lang='grc' dir='ltr'><strong>ἐσθίουσιν,</strong></span> <span class='ocrx_word' id='word_1_481' title='bbox 447 4611 535 4685; x_wconf 77' lang='grc' dir='ltr'><strong>ὑφ’</strong></span> <span class='ocrx_word' id='word_1_482' title='bbox 584 4609 658 4670; x_wconf 85' lang='grc' dir='ltr'><strong>ὧν</strong></span> <span class='ocrx_word' id='word_1_483' title='bbox 689 4615 758 4669; x_wconf 85' lang='grc' dir='ltr'><strong>τὰ</strong></span> <span class='ocrx_word' id='word_1_484' title='bbox 802 4615 936 4670; x_wconf 78' lang='grc' dir='ltr'>ἄλλα</span> <span class='ocrx_word' id='word_1_485' title='bbox 987 4614 1277 4686; x_wconf 75' lang='grc' dir='ltr'><strong>θνήσκουσι</strong></span> <span class='ocrx_word' id='word_1_486' title='bbox 1330 4614 1464 4668; x_wconf 84' lang='grc' dir='ltr'>πολὺ</span> <span class='ocrx_word' id='word_1_487' title='bbox 1517 4611 1689 4686; x_wconf 76' lang='grc' dir='ltr'><strong>μείζω</strong></span> 
     </span>
    </p>
   </div>
   <div class='ocr_carea' id='block_1_66' title="bbox 97 4702 1684 4785">
    <p class='ocr_par' dir='ltr' id='par_1_66' title="bbox 97 4702 1684 4785">
     <span class='ocr_line' id='line_1_67' title="bbox 97 4702 1684 4785; baseline 0.003 -26"><span class='ocrx_word' id='word_1_488' title='bbox 97 4705 198 4759; x_wconf 73' lang='grc' dir='ltr'><strong>καὶ</strong></span> <span class='ocrx_word' id='word_1_489' title='bbox 237 4705 558 4779; x_wconf 61' lang='grc' dir='ltr'><strong>ἰσχυρότερα</strong></span> <span class='ocrx_word' id='word_1_490' title='bbox 598 4707 699 4779; x_wconf 77' lang='grc' dir='ltr'><strong>τὴν</strong></span> <span class='ocrx_word' id='word_1_491' title='bbox 742 4702 904 4778; x_wconf 76' lang='grc' dir='ltr'>φύσιν</span> <span class='ocrx_word' id='word_1_492' title='bbox 937 4703 1092 4785; x_wconf 40' lang='grc' dir='ltr'><strong>ὄντα..</strong></span> <span class='ocrx_word' id='word_1_493' title='bbox 1121 4707 1433 4770; x_wconf 84' lang='lat' dir='ltr'><strong>Lucretius,</strong></span> <span class='ocrx_word' id='word_1_494' title='bbox 1480 4707 1575 4764; x_wconf 88' lang='lat' dir='ltr'><strong>lib.</strong></span> <span class='ocrx_word' id='word_1_495' title='bbox 1609 4724 1684 4773; x_wconf 80' lang='lat' dir='ltr'><strong>VI,</strong></span> 
     </span>
    </p>
   </div>
   <div class='ocr_carea' id='block_1_67' title="bbox 97 4792 1688 4871">
    <p class='ocr_par' dir='ltr' id='par_1_67' title="bbox 97 4792 1688 4871">
     <span class='ocr_line' id='line_1_68' title="bbox 97 4792 1688 4871; baseline 0.006 -23"><span class='ocrx_word' id='word_1_496' title='bbox 97 4795 196 4866; x_wconf 91' lang='lat' dir='ltr'><strong>qui</strong></span> <span class='ocrx_word' id='word_1_497' title='bbox 223 4798 514 4852; x_wconf 88' lang='lat' dir='ltr'><strong>verborum</strong></span> <span class='ocrx_word' id='word_1_498' title='bbox 545 4792 909 4870; x_wconf 87' lang='lat' dir='ltr'><strong>Theophrasti</strong></span> <span class='ocrx_word' id='word_1_499' title='bbox 941 4799 1154 4855; x_wconf 90' lang='lat' dir='ltr'><strong>initium</strong></span> <span class='ocrx_word' id='word_1_500' title='bbox 1186 4800 1266 4856; x_wconf 90' lang='lat' dir='ltr'><strong>sic</strong></span> <span class='ocrx_word' id='word_1_501' title='bbox 1294 4801 1688 4871; x_wconf 85' lang='lat' dir='ltr'><strong>interpretatus</strong></span> 
     </span>
    </p>
   </div>
   <div class='ocr_carea' id='block_1_68' title="bbox 95 4895 229 4944">
    <p class='ocr_par' dir='ltr' id='par_1_68' title="bbox 95 4895 229 4944">
     <span class='ocr_line' id='line_1_69' title="bbox 95 4895 229 4944; baseline -0.015 -1"><span class='ocrx_word' id='word_1_502' title='bbox 95 4895 229 4944; x_wconf 86' lang='lat' dir='ltr'><strong>est:</strong></span> 
     </span>
    </p>
   </div>
   <div class='ocr_carea' id='block_1_69' title="bbox 209 4977 1526 5055">
    <p class='ocr_par' dir='ltr' id='par_1_69' title="bbox 209 4977 1526 5055">
     <span class='ocr_line' id='line_1_70' title="bbox 209 4977 1526 5055; baseline 0.006 -23"><span class='ocrx_word' id='word_1_503' title='bbox 209 4977 280 5055; x_wconf 56' lang='lat' dir='ltr'><strong>ﬁt</strong></span> <span class='ocrx_word' id='word_1_504' title='bbox 311 4979 622 5055; x_wconf 78' lang='lat' dir='ltr'><strong>magisesse</strong></span> <span class='ocrx_word' id='word_1_505' title='bbox 650 4983 775 5037; x_wconf 88' lang='lat' dir='ltr'><strong>aliis</strong></span> <span class='ocrx_word' id='word_1_506' title='bbox 801 4980 942 5038; x_wconf 82' lang='lat' dir='ltr'><strong>alias</strong></span> <span class='ocrx_word' id='word_1_507' title='bbox 973 4983 1336 5040; x_wconf 84' lang='lat' dir='ltr'><strong>animantibus</strong></span> <span class='ocrx_word' id='word_1_508' title='bbox 1370 4995 1526 5055; x_wconf 85' lang='lat' dir='ltr'><strong>aptas</strong></span> 
     </span>
    </p>
   </div>
   <div class='ocr_carea' id='block_1_70' title="bbox 209 5049 891 5108">
    <p class='ocr_par' dir='ltr' id='par_1_70' title="bbox 209 5049 891 5108">
     <span class='ocr_line' id='line_1_71' title="bbox 209 5049 891 5108; baseline 0.006 -4"><span class='ocrx_word' id='word_1_509' title='bbox 209 5049 313 5104; x_wconf 82' lang='lat' dir='ltr'><strong>Res</strong></span> <span class='ocrx_word' id='word_1_510' title='bbox 347 5049 416 5104; x_wconf 87' lang='lat' dir='ltr'><strong>ad</strong></span> <span class='ocrx_word' id='word_1_511' title='bbox 450 5051 579 5106; x_wconf 82' lang='lat' dir='ltr'><strong>vitai</strong></span> <span class='ocrx_word' id='word_1_512' title='bbox 611 5056 891 5108; x_wconf 86' lang='lat' dir='ltr'><strong>rationem.</strong></span> 
     </span>
    </p>
   </div>
   <div class='ocr_carea' id='block_1_71' title="bbox 97 5159 1680 5229">
    <p class='ocr_par' dir='ltr' id='par_1_71' title="bbox 97 5159 1680 5229">
     <span class='ocr_line' id='line_1_72' title="bbox 97 5159 1680 5229; baseline 0.001 -11"><span class='ocrx_word' id='word_1_513' title='bbox 97 5159 357 5218; x_wconf 66' lang='lat' dir='ltr'><strong>Elianus</strong></span> <span class='ocrx_word' id='word_1_514' title='bbox 389 5173 578 5217; x_wconf 90' lang='lat' dir='ltr'><strong>narrat</strong></span> <span class='ocrx_word' id='word_1_515' title='bbox 621 5163 724 5218; x_wconf 89' lang='lat' dir='ltr'><strong>hoc</strong></span> <span class='ocrx_word' id='word_1_516' title='bbox 753 5164 897 5219; x_wconf 90' lang='lat' dir='ltr'><strong>idem</strong></span> <span class='ocrx_word' id='word_1_517' title='bbox 953 5163 1024 5219; x_wconf 84' lang='lat' dir='ltr'><strong>De</strong></span> <span class='ocrx_word' id='word_1_518' title='bbox 1073 5165 1201 5220; x_wconf 87' lang='lat' dir='ltr'><strong>hist.</strong></span> <span class='ocrx_word' id='word_1_519' title='bbox 1234 5165 1396 5220; x_wconf 87' lang='lat' dir='ltr'><strong>anim.</strong></span> <span class='ocrx_word' id='word_1_520' title='bbox 1429 5166 1528 5222; x_wconf 90' lang='lat' dir='ltr'><strong>lib.</strong></span> <span class='ocrx_word' id='word_1_521' title='bbox 1561 5182 1680 5229; x_wconf 86' lang='lat' dir='ltr'><strong>vm,</strong></span> 
     </span>
    </p>
   </div>
   <div class='ocr_carea' id='block_1_72' title="bbox 94 5253 1686 5330">
    <p class='ocr_par' dir='ltr' id='par_1_72' title="bbox 94 5253 1686 5330">
     <span class='ocr_line' id='line_1_73' title="bbox 94 5253 1686 5330; baseline 0 -19"><span class='ocrx_word' id='word_1_522' title='bbox 94 5269 224 5324; x_wconf 76' lang='lat' dir='ltr'><strong>Cap.</strong></span> <span class='ocrx_word' id='word_1_523' title='bbox 258 5254 314 5318; x_wconf 88' lang='grc'>6,</span> <span class='ocrx_word' id='word_1_524' title='bbox 335 5264 390 5308; x_wconf 89' lang='lat' dir='ltr'><strong>et</strong></span> <span class='ocrx_word' id='word_1_525' title='bbox 418 5255 542 5311; x_wconf 86' lang='lat' dir='ltr'><strong>libr.</strong></span> <span class='ocrx_word' id='word_1_526' title='bbox 579 5269 642 5320; x_wconf 91' lang='grc' dir='ltr'><strong>ιι,</strong></span> <span class='ocrx_word' id='word_1_527' title='bbox 675 5273 797 5328; x_wconf 91' lang='lat' dir='ltr'><strong>cap.</strong></span> <span class='ocrx_word' id='word_1_528' title='bbox 828 5255 896 5322; x_wconf 88' lang='lat'><strong>9;</strong></span> <span class='ocrx_word' id='word_1_529' title='bbox 922 5255 1159 5314; x_wconf 88' lang='lat' dir='ltr'><strong>Basilius</strong></span> <span class='ocrx_word' id='word_1_530' title='bbox 1188 5253 1418 5329; x_wconf 83' lang='lat' dir='ltr'><strong>Magnus</strong></span> <span class='ocrx_word' id='word_1_531' title='bbox 1439 5259 1492 5314; x_wconf 93' lang='lat' dir='ltr'><strong>in</strong></span> <span class='ocrx_word' id='word_1_532' title='bbox 1523 5275 1686 5330; x_wconf 81' lang='lat' dir='ltr'><strong>expo-</strong></span> 
     </span>
    </p>
   </div>
   <div class='ocr_carea' id='block_1_73' title="bbox 93 5352 1680 5425">
    <p class='ocr_par' dir='ltr' id='par_1_73' title="bbox 93 5352 1680 5425">
     <span class='ocr_line' id='line_1_74' title="bbox 93 5352 1680 5425; baseline 0.001 -18"><span class='ocrx_word' id='word_1_533' title='bbox 93 5352 302 5408; x_wconf 90' lang='lat' dir='ltr'><strong>sitione</strong></span> <span class='ocrx_word' id='word_1_534' title='bbox 329 5352 523 5420; x_wconf 87' lang='lat' dir='ltr'><strong>psalm.</strong></span> <span class='ocrx_word' id='word_1_535' title='bbox 561 5367 775 5420; x_wconf 75' lang='lat' dir='ltr'><strong>xxvm;</strong></span> <span class='ocrx_word' id='word_1_536' title='bbox 823 5352 1038 5408; x_wconf 87' lang='lat' dir='ltr'><strong>Plinius</strong></span> <span class='ocrx_word' id='word_1_537' title='bbox 1080 5353 1207 5408; x_wconf 88' lang='lat' dir='ltr'><strong>libr.</strong></span> <span class='ocrx_word' id='word_1_538' title='bbox 1242 5369 1362 5417; x_wconf 87' lang='lat' dir='ltr'><strong>vm,</strong></span> <span class='ocrx_word' id='word_1_539' title='bbox 1400 5355 1568 5425; x_wconf 90' lang='lat' dir='ltr'><strong>capit.</strong></span> <span class='ocrx_word' id='word_1_540' title='bbox 1589 5355 1680 5419; x_wconf 76' lang='grc'><strong>52,</strong></span> 
     </span>
    </p>
   </div>
   <div class='ocr_carea' id='block_1_74' title="bbox 94 5445 1678 5517">
    <p class='ocr_par' dir='ltr' id='par_1_74' title="bbox 94 5445 1678 5517">
     <span class='ocr_line' id='line_1_75' title="bbox 94 5445 1678 5517; baseline 0.001 -17"><span class='ocrx_word' id='word_1_541' title='bbox 94 5445 170 5500; x_wconf 79' lang='lat' dir='ltr'><strong>Et</strong></span> <span class='ocrx_word' id='word_1_542' title='bbox 207 5446 274 5499; x_wconf 83' lang='lat' dir='ltr'><strong>iis</strong></span> <span class='ocrx_word' id='word_1_543' title='bbox 322 5453 401 5498; x_wconf 88' lang='lat' dir='ltr'><strong>est</strong></span> <span class='ocrx_word' id='word_1_544' title='bbox 457 5460 578 5499; x_wconf 87' lang='lat' dir='ltr'><strong>cum</strong></span> <span class='ocrx_word' id='word_1_545' title='bbox 610 5454 847 5515; x_wconf 83' lang='lat' dir='ltr'><strong>serpente</strong></span> <span class='ocrx_word' id='word_1_546' title='bbox 887 5461 1084 5517; x_wconf 88' lang='lat' dir='ltr'><strong>pugna,</strong></span> <span class='ocrx_word' id='word_1_547' title='bbox 1121 5447 1379 5517; x_wconf 84' lang='lat' dir='ltr'><strong>vestigant</strong></span> <span class='ocrx_word' id='word_1_548' title='bbox 1406 5464 1678 5511; x_wconf 87' lang='lat' dir='ltr'><strong>cavernas,</strong></span> 
     </span>
    </p>
   </div>
   <div class='ocr_carea' id='block_1_75' title="bbox 1801 1918 3388 2002">
    <p class='ocr_par' dir='ltr' id='par_1_75' title="bbox 1801 1918 3388 2002">
     <span class='ocr_line' id='line_1_76' title="bbox 1801 1918 3388 2002; baseline 0.013 -35"><span class='ocrx_word' id='word_1_549' title='bbox 1801 1925 2015 1984; x_wconf 84' lang='lat' dir='ltr'><strong>gantur,</strong></span> <span class='ocrx_word' id='word_1_550' title='bbox 2048 1918 2138 1972; x_wconf 89' lang='lat' dir='ltr'><strong>sed</strong></span> <span class='ocrx_word' id='word_1_551' title='bbox 2169 1923 2401 1976; x_wconf 74' lang='lat' dir='ltr'><strong>maxime</strong></span> <span class='ocrx_word' id='word_1_552' title='bbox 2431 1925 2680 1993; x_wconf 85' lang='lat' dir='ltr'><strong>styracis.</strong></span> <span class='ocrx_word' id='word_1_553' title='bbox 2714 1924 2778 1979; x_wconf 86' lang='lat' dir='ltr'><strong>Et</strong></span> <span class='ocrx_word' id='word_1_554' title='bbox 2806 1927 2899 1984; x_wconf 90' lang='lat' dir='ltr'><strong>lib.</strong></span> <span class='ocrx_word' id='word_1_555' title='bbox 2931 1945 3119 1995; x_wconf 77' lang='lat' dir='ltr'><strong>xxvm,</strong></span> <span class='ocrx_word' id='word_1_556' title='bbox 3150 1946 3270 2002; x_wconf 85' lang='lat' dir='ltr'><strong>cap.</strong></span> <span class='ocrx_word' id='word_1_557' title='bbox 3306 1933 3340 1987; x_wconf 88' lang='lat'><strong><em>9</em></strong></span> <span class='ocrx_word' id='word_1_558' title='bbox 3375 1951 3388 1988; x_wconf 92' lang='lat'>:</span> 
     </span>
    </p>
   </div>
   <div class='ocr_carea' id='block_1_76' title="bbox 1802 1999 3393 2084">
    <p class='ocr_par' dir='ltr' id='par_1_76' title="bbox 1802 1999 3393 2084">
     <span class='ocr_line' id='line_1_77' title="bbox 1802 1999 3393 2084; baseline 0.013 -33"><span class='ocrx_word' id='word_1_559' title='bbox 1802 1999 1986 2054; x_wconf 61' lang='lat' dir='ltr'><strong>Ea&#39;itio</strong></span> <span class='ocrx_word' id='word_1_560' title='bbox 2033 2007 2362 2074; x_wconf 82' lang='lat' dir='ltr'><strong>serpentibus</strong></span> <span class='ocrx_word' id='word_1_561' title='bbox 2399 2024 2511 2062; x_wconf 89' lang='lat' dir='ltr'><strong>esse</strong></span> <span class='ocrx_word' id='word_1_562' title='bbox 2555 2025 2730 2064; x_wconf 80' lang='lat' dir='ltr'><strong>cervos</strong></span> <span class='ocrx_word' id='word_1_563' title='bbox 2780 2027 2930 2066; x_wconf 88' lang='lat' dir='ltr'><strong>nemo</strong></span> <span class='ocrx_word' id='word_1_564' title='bbox 2973 1999 3299 2084; x_wconf 44' lang='lat' dir='ltr'><strong>ignorat,—ut</strong></span> <span class='ocrx_word' id='word_1_565' title='bbox 3344 2021 3393 2072; x_wconf 97' lang='lat' dir='ltr'><strong>si</strong></span> 
     </span>
    </p>
   </div>
   <div class='ocr_carea' id='block_1_77' title="bbox 1800 2103 3390 2165">
    <p class='ocr_par' dir='ltr' id='par_1_77' title="bbox 1800 2103 3390 2165">
     <span class='ocr_line' id='line_1_78' title="bbox 1800 2103 3390 2165; baseline 0.011 -19"><span class='ocrx_word' id='word_1_566' title='bbox 1800 2109 1918 2163; x_wconf 71' lang='lat' dir='ltr'><strong>quae</strong></span> <span class='ocrx_word' id='word_1_567' title='bbox 1954 2105 2080 2149; x_wconf 88' lang='lat' dir='ltr'><strong>sunt</strong></span> <span class='ocrx_word' id='word_1_568' title='bbox 2130 2108 2402 2154; x_wconf 76' lang='lat' dir='ltr'><strong>extractas</strong></span> <span class='ocrx_word' id='word_1_569' title='bbox 2450 2103 2688 2156; x_wconf 81' lang='lat' dir='ltr'><strong>cavernis</strong></span> <span class='ocrx_word' id='word_1_570' title='bbox 2736 2104 3065 2162; x_wconf 88' lang='lat' dir='ltr'><strong>mandentes.</strong></span> <span class='ocrx_word' id='word_1_571' title='bbox 3109 2107 3223 2162; x_wconf 83' lang='lat' dir='ltr'><strong>Nec</strong></span> <span class='ocrx_word' id='word_1_572' title='bbox 3272 2124 3390 2165; x_wconf 85' lang='lat' dir='ltr'><strong>vero</strong></span> 
     </span>
    </p>
   </div>
   <div class='ocr_carea' id='block_1_78' title="bbox 1801 2177 3389 2265">
    <p class='ocr_par' dir='ltr' id='par_1_78' title="bbox 1801 2177 3389 2265">
     <span class='ocr_line' id='line_1_79' title="bbox 1801 2177 3389 2265; baseline 0.013 -27"><span class='ocrx_word' id='word_1_573' title='bbox 1801 2185 1903 2254; x_wconf 83' lang='lat' dir='ltr'><strong>ipsi</strong></span> <span class='ocrx_word' id='word_1_574' title='bbox 1929 2177 2294 2262; x_wconf 74' lang='lat' dir='ltr'><strong>spirantesque</strong></span> <span class='ocrx_word' id='word_1_575' title='bbox 2338 2202 2547 2248; x_wconf 90' lang='lat' dir='ltr'><strong>tantum</strong></span> <span class='ocrx_word' id='word_1_576' title='bbox 2593 2195 2965 2265; x_wconf 84' lang='lat' dir='ltr'><strong>adversantur,</strong></span> <span class='ocrx_word' id='word_1_577' title='bbox 2998 2200 3090 2254; x_wconf 88' lang='lat' dir='ltr'><strong>sed</strong></span> <span class='ocrx_word' id='word_1_578' title='bbox 3128 2203 3389 2257; x_wconf 81' lang='lat' dir='ltr'><strong>membra-</strong></span> 
     </span>
    </p>
   </div>
   <div class='ocr_carea' id='block_1_79' title="bbox 1803 2275 3390 2360">
    <p class='ocr_par' dir='ltr' id='par_1_79' title="bbox 1803 2275 3390 2360">
     <span class='ocr_line' id='line_1_80' title="bbox 1803 2275 3390 2360; baseline 0.014 -34"><span class='ocrx_word' id='word_1_579' title='bbox 1803 2275 1897 2327; x_wconf 84' lang='lat' dir='ltr'><strong>tim</strong></span> <span class='ocrx_word' id='word_1_580' title='bbox 1927 2293 2129 2349; x_wconf 89' lang='lat' dir='ltr'><strong>quoque</strong></span> <span class='ocrx_word' id='word_1_581' title='bbox 2157 2282 2337 2352; x_wconf 85' lang='lat' dir='ltr'><strong>fugari</strong></span> <span class='ocrx_word' id='word_1_582' title='bbox 2376 2301 2466 2338; x_wconf 90' lang='lat' dir='ltr'><strong>eas</strong></span> <span class='ocrx_word' id='word_1_583' title='bbox 2517 2286 2702 2341; x_wconf 86' lang='lat' dir='ltr'><strong>nidore</strong></span> <span class='ocrx_word' id='word_1_584' title='bbox 2745 2306 2961 2356; x_wconf 89' lang='lat' dir='ltr'><strong>cornus,</strong></span> <span class='ocrx_word' id='word_1_585' title='bbox 2989 2294 3037 2345; x_wconf 88' lang='lat' dir='ltr'><strong>si</strong></span> <span class='ocrx_word' id='word_1_586' title='bbox 3063 2305 3274 2360; x_wconf 87' lang='lat' dir='ltr'><strong>uratur,</strong></span> <span class='ocrx_word' id='word_1_587' title='bbox 3305 2297 3390 2349; x_wconf 41' lang='lat' dir='ltr'><strong>die</strong></span> 
     </span>
    </p>
   </div>
   <div class='ocr_carea' id='block_1_80' title="bbox 1800 2375 3390 2456">
    <p class='ocr_par' dir='ltr' id='par_1_80' title="bbox 1800 2375 3390 2456">
     <span class='ocr_line' id='line_1_81' title="bbox 1800 2375 3390 2456; baseline 0.014 -38"><span class='ocrx_word' id='word_1_588' title='bbox 1800 2375 1943 2420; x_wconf 89' lang='lat' dir='ltr'><strong>ctum</strong></span> <span class='ocrx_word' id='word_1_589' title='bbox 1976 2380 2096 2423; x_wconf 86' lang='lat' dir='ltr'><strong>est:</strong></span> <span class='ocrx_word' id='word_1_590' title='bbox 2126 2382 2182 2426; x_wconf 91' lang='lat' dir='ltr'><strong>at</strong></span> <span class='ocrx_word' id='word_1_591' title='bbox 2219 2390 2247 2427; x_wconf 87' lang='lat' dir='ltr'><strong>e</strong></span> <span class='ocrx_word' id='word_1_592' title='bbox 2283 2391 2490 2429; x_wconf 85' lang='lat' dir='ltr'><strong>summa</strong></span> <span class='ocrx_word' id='word_1_593' title='bbox 2527 2387 2738 2446; x_wconf 87' lang='lat' dir='ltr'><strong>gutture</strong></span> <span class='ocrx_word' id='word_1_594' title='bbox 2769 2383 2903 2436; x_wconf 85' lang='lat' dir='ltr'><strong>ustis</strong></span> <span class='ocrx_word' id='word_1_595' title='bbox 2935 2384 3140 2438; x_wconf 83' lang='lat' dir='ltr'><strong>ossibus</strong></span> <span class='ocrx_word' id='word_1_596' title='bbox 3172 2402 3390 2456; x_wconf 74' lang='lat' dir='ltr'><strong>congre-</strong></span> 
     </span>
    </p>
   </div>
   <div class='ocr_carea' id='block_1_81' title="bbox 1798 2461 3390 2545">
    <p class='ocr_par' dir='ltr' id='par_1_81' title="bbox 1798 2461 3390 2545">
     <span class='ocr_line' id='line_1_82' title="bbox 1798 2461 3390 2545; baseline 0.013 -33"><span class='ocrx_word' id='word_1_597' title='bbox 1798 2461 1918 2529; x_wconf 85' lang='lat' dir='ltr'><strong>gari</strong></span> <span class='ocrx_word' id='word_1_598' title='bbox 1950 2461 2220 2532; x_wconf 88' lang='lat' dir='ltr'><strong>dicuntur,</strong></span> <span class='ocrx_word' id='word_1_599' title='bbox 2249 2475 2353 2521; x_wconf 87' lang='lat' dir='ltr'><strong>etc.</strong></span> <span class='ocrx_word' id='word_1_600' title='bbox 2401 2467 2469 2522; x_wconf 90' lang='lat' dir='ltr'><strong>Et</strong></span> <span class='ocrx_word' id='word_1_601' title='bbox 2511 2471 2606 2528; x_wconf 89' lang='lat' dir='ltr'><strong>lib.</strong></span> <span class='ocrx_word' id='word_1_602' title='bbox 2641 2486 2762 2538; x_wconf 84' lang='lat' dir='ltr'><strong>vnt,</strong></span> <span class='ocrx_word' id='word_1_603' title='bbox 2793 2489 2915 2545; x_wconf 85' lang='lat' dir='ltr'><strong>cap.</strong></span> <span class='ocrx_word' id='word_1_604' title='bbox 2946 2474 3016 2529; x_wconf 73' lang='grc'><strong>52</strong></span> <span class='ocrx_word' id='word_1_605' title='bbox 3049 2495 3062 2529; x_wconf 92' lang='lat'>:</span> <span class='ocrx_word' id='word_1_606' title='bbox 3098 2476 3225 2531; x_wconf 82' lang='lat' dir='ltr'><strong>Ideo</strong></span> <span class='ocrx_word' id='word_1_607' title='bbox 3275 2481 3390 2533; x_wconf 61' lang='lat' dir='ltr'><strong>sin-</strong></span> 
     </span>
    </p>
   </div>
   <div class='ocr_carea' id='block_1_82' title="bbox 1799 2553 3388 2631">
    <p class='ocr_par' dir='ltr' id='par_1_82' title="bbox 1799 2553 3388 2631">
     <span class='ocr_line' id='line_1_83' title="bbox 1799 2553 3388 2631; baseline 0.014 -28"><span class='ocrx_word' id='word_1_608' title='bbox 1799 2553 1985 2622; x_wconf 87' lang='lat' dir='ltr'><strong>gulare</strong></span> <span class='ocrx_word' id='word_1_609' title='bbox 2036 2556 2312 2627; x_wconf 86' lang='lat' dir='ltr'><strong>abigendis</strong></span> <span class='ocrx_word' id='word_1_610' title='bbox 2359 2563 2686 2630; x_wconf 73' lang='lat' dir='ltr'><strong>serpentibus</strong></span> <span class='ocrx_word' id='word_1_611' title='bbox 2731 2565 2892 2631; x_wconf 88' lang='lat' dir='ltr'><strong>odor,</strong></span> <span class='ocrx_word' id='word_1_612' title='bbox 2941 2567 3134 2622; x_wconf 86' lang='lat' dir='ltr'><strong>adusto</strong></span> <span class='ocrx_word' id='word_1_613' title='bbox 3180 2572 3388 2626; x_wconf 86' lang='lat' dir='ltr'><strong>cervino</strong></span> 
     </span>
    </p>
   </div>
   <div class='ocr_carea' id='block_1_83' title="bbox 1800 2645 3389 2729">
    <p class='ocr_par' dir='ltr' id='par_1_83' title="bbox 1800 2645 3389 2729">
     <span class='ocr_line' id='line_1_84' title="bbox 1800 2645 3389 2729; baseline 0.011 -32"><span class='ocrx_word' id='word_1_614' title='bbox 1800 2660 1986 2701; x_wconf 88' lang='lat' dir='ltr'><strong>cornu.</strong></span> <span class='ocrx_word' id='word_1_615' title='bbox 2019 2645 2092 2701; x_wconf 88' lang='lat' dir='ltr'><strong>Ea</strong></span> <span class='ocrx_word' id='word_1_616' title='bbox 2125 2658 2210 2704; x_wconf 89' lang='lat' dir='ltr'><strong>est</strong></span> <span class='ocrx_word' id='word_1_617' title='bbox 2247 2650 2412 2720; x_wconf 91' lang='lat' dir='ltr'><strong>hujus</strong></span> <span class='ocrx_word' id='word_1_618' title='bbox 2441 2653 2737 2710; x_wconf 87' lang='lat' dir='ltr'><strong>animantis</strong></span> <span class='ocrx_word' id='word_1_619' title='bbox 2794 2658 2849 2712; x_wconf 94' lang='lat' dir='ltr'><strong>in</strong></span> <span class='ocrx_word' id='word_1_620' title='bbox 2907 2668 3188 2729; x_wconf 87' lang='lat' dir='ltr'><strong>serpentes</strong></span> <span class='ocrx_word' id='word_1_621' title='bbox 3239 2662 3389 2715; x_wconf 69' lang='grc' dir='ltr'>ἀντιι</span> 
     </span>
    </p>
   </div>
   <div class='ocr_carea' id='block_1_84' title="bbox 1802 2736 3388 2810">
    <p class='ocr_par' dir='ltr' id='par_1_84' title="bbox 1802 2736 3388 2810">
     <span class='ocr_line' id='line_1_85' title="bbox 1802 2736 3388 2810; baseline 0.012 -22"><span class='ocrx_word' id='word_1_622' title='bbox 1802 2736 2021 2803; x_wconf 83' lang='grc' dir='ltr'><strong>πάθεια,</strong></span> <span class='ocrx_word' id='word_1_623' title='bbox 2050 2747 2108 2792; x_wconf 86' lang='grc' dir='ltr'><strong>ιιι</strong></span> <span class='ocrx_word' id='word_1_624' title='bbox 2134 2747 2188 2795; x_wconf 91' lang='lat' dir='ltr'><strong>et</strong></span> <span class='ocrx_word' id='word_1_625' title='bbox 2223 2751 2498 2798; x_wconf 86' lang='lat' dir='ltr'><strong>mortuum</strong></span> <span class='ocrx_word' id='word_1_626' title='bbox 2550 2746 2680 2810; x_wconf 88' lang='lat' dir='ltr'><strong>illis,</strong></span> <span class='ocrx_word' id='word_1_627' title='bbox 2715 2757 2767 2802; x_wconf 87' lang='lat' dir='ltr'><strong>et</strong></span> <span class='ocrx_word' id='word_1_628' title='bbox 2797 2750 3136 2804; x_wconf 85' lang='lat' dir='ltr'><strong>membratim</strong></span> <span class='ocrx_word' id='word_1_629' title='bbox 3171 2753 3244 2807; x_wconf 90' lang='lat' dir='ltr'><strong>sit</strong></span> <span class='ocrx_word' id='word_1_630' title='bbox 3271 2755 3388 2807; x_wconf 62' lang='lat' dir='ltr'><strong>exi-o</strong></span> 
     </span>
    </p>
   </div>
   <div class='ocr_carea' id='block_1_85' title="bbox 1800 2825 3385 2912">
    <p class='ocr_par' dir='ltr' id='par_1_85' title="bbox 1800 2825 3385 2912">
     <span class='ocr_line' id='line_1_86' title="bbox 1800 2825 3385 2912; baseline 0.013 -36"><span class='ocrx_word' id='word_1_631' title='bbox 1800 2825 2026 2886; x_wconf 89' lang='lat' dir='ltr'><strong>tiosum.</strong></span> <span class='ocrx_word' id='word_1_632' title='bbox 2075 2828 2350 2899; x_wconf 68' lang='lat' dir='ltr'><strong>Elianus,</strong></span> <span class='ocrx_word' id='word_1_633' title='bbox 2400 2831 2474 2888; x_wconf 89' lang='lat' dir='ltr'><strong>De</strong></span> <span class='ocrx_word' id='word_1_634' title='bbox 2521 2835 2708 2891; x_wconf 85' lang='lat' dir='ltr'><strong>histor.</strong></span> <span class='ocrx_word' id='word_1_635' title='bbox 2759 2839 2948 2906; x_wconf 88' lang='lat' dir='ltr'><strong>anim.,</strong></span> <span class='ocrx_word' id='word_1_636' title='bbox 2986 2840 3080 2894; x_wconf 92' lang='lat' dir='ltr'><strong>lih.</strong></span> <span class='ocrx_word' id='word_1_637' title='bbox 3133 2857 3209 2906; x_wconf 82' lang='lat' dir='ltr'><strong>ix,</strong></span> <span class='ocrx_word' id='word_1_638' title='bbox 3263 2859 3385 2912; x_wconf 79' lang='lat' dir='ltr'><strong>cap.</strong></span> 
     </span>
    </p>
   </div>
   <div class='ocr_carea' id='block_1_86' title="bbox 1799 2917 3388 3004">
    <p class='ocr_par' dir='ltr' id='par_1_86' title="bbox 1799 2917 3388 3004">
     <span class='ocr_line' id='line_1_87' title="bbox 1799 2917 3388 3004; baseline 0.012 -33"><span class='ocrx_word' id='word_1_639' title='bbox 1799 2917 1869 2972; x_wconf 75' lang='grc'><strong>20</strong></span> <span class='ocrx_word' id='word_1_640' title='bbox 1917 2938 1930 2973; x_wconf 91' lang='lat'><strong>:</strong></span> <span class='ocrx_word' id='word_1_641' title='bbox 1974 2919 2046 2974; x_wconf 81' lang='grc' dir='ltr'><strong>Τὸ</strong></span> <span class='ocrx_word' id='word_1_642' title='bbox 2089 2922 2184 2976; x_wconf 80' lang='grc' dir='ltr'><strong>τοῦ</strong></span> <span class='ocrx_word' id='word_1_643' title='bbox 2225 2924 2425 2994; x_wconf 75' lang='grc' dir='ltr'>ἐλάφου</span> <span class='ocrx_word' id='word_1_644' title='bbox 2481 2927 2652 3000; x_wconf 85' lang='grc' dir='ltr'><strong>κέρας</strong></span> <span class='ocrx_word' id='word_1_645' title='bbox 2697 2929 3041 3004; x_wconf 70' lang='grc' dir='ltr'><strong>θυμιώμενον</strong></span> <span class='ocrx_word' id='word_1_646' title='bbox 3069 2973 3083 2997; x_wconf 89' lang='grc'><strong>,</strong></span> <span class='ocrx_word' id='word_1_647' title='bbox 3129 2936 3212 2988; x_wconf 82' lang='grc' dir='ltr'><strong>ὅτι</strong></span> <span class='ocrx_word' id='word_1_648' title='bbox 3260 2938 3388 3001; x_wconf 72' lang='grc' dir='ltr'><strong>τοὺς</strong></span> 
     </span>
    </p>
   </div>
   <div class='ocr_carea' id='block_1_87' title="bbox 1799 3011 3386 3100">
    <p class='ocr_par' dir='ltr' id='par_1_87' title="bbox 1799 3011 3386 3100">
     <span class='ocr_line' id='line_1_88' title="bbox 1799 3011 3386 3100; baseline 0.011 -36"><span class='ocrx_word' id='word_1_649' title='bbox 1799 3011 1953 3082; x_wconf 75' lang='grc' dir='ltr'>ὄφεις</span> <span class='ocrx_word' id='word_1_650' title='bbox 1981 3013 2165 3068; x_wconf 85' lang='grc' dir='ltr'>διώκει</span> <span class='ocrx_word' id='word_1_651' title='bbox 2194 3015 2350 3088; x_wconf 82' lang='grc' dir='ltr'><strong>δῆλόν</strong></span> <span class='ocrx_word' id='word_1_652' title='bbox 2379 3020 2548 3075; x_wconf 81' lang='grc' dir='ltr'><strong>ἐστιν.</strong></span> <span class='ocrx_word' id='word_1_653' title='bbox 2601 3021 2667 3074; x_wconf 84' lang='lat' dir='ltr'><strong>Et</strong></span> <span class='ocrx_word' id='word_1_654' title='bbox 2698 3023 2792 3078; x_wconf 87' lang='lat' dir='ltr'><strong>lib.</strong></span> <span class='ocrx_word' id='word_1_655' title='bbox 2838 3041 2900 3090; x_wconf 88' lang='lat' dir='ltr'><strong>tt,</strong></span> <span class='ocrx_word' id='word_1_656' title='bbox 2949 3041 3070 3096; x_wconf 87' lang='lat' dir='ltr'><strong>cap.</strong></span> <span class='ocrx_word' id='word_1_657' title='bbox 3122 3028 3156 3080; x_wconf 86' lang='lat'><strong>9</strong></span> <span class='ocrx_word' id='word_1_658' title='bbox 3193 3047 3206 3083; x_wconf 90' lang='lat'><strong>:</strong></span> <span class='ocrx_word' id='word_1_659' title='bbox 3246 3029 3386 3100; x_wconf 80' lang='grc' dir='ltr'><strong>Ἤδη</strong></span> 
     </span>
    </p>
   </div>
   <div class='ocr_carea' id='block_1_88' title="bbox 1804 3106 3388 3191">
    <p class='ocr_par' dir='ltr' id='par_1_88' title="bbox 1804 3106 3388 3191">
     <span class='ocr_line' id='line_1_89' title="bbox 1804 3106 3388 3191; baseline 0.01 -33"><span class='ocrx_word' id='word_1_660' title='bbox 1804 3106 1986 3176; x_wconf 83' lang='grc' dir='ltr'><strong>μέντοι</strong></span> <span class='ocrx_word' id='word_1_661' title='bbox 2021 3107 2115 3161; x_wconf 75' lang='grc' dir='ltr'><strong>καὶ</strong></span> <span class='ocrx_word' id='word_1_662' title='bbox 2146 3108 2316 3182; x_wconf 84' lang='grc' dir='ltr'><strong>κέρας</strong></span> <span class='ocrx_word' id='word_1_663' title='bbox 2348 3111 2548 3182; x_wconf 78' lang='grc' dir='ltr'><strong>ἐλάφου</strong></span> <span class='ocrx_word' id='word_1_664' title='bbox 2570 3131 2653 3178; x_wconf 87' lang='grc' dir='ltr'><strong>τις</strong></span> <span class='ocrx_word' id='word_1_665' title='bbox 2671 3114 2855 3182; x_wconf 77' lang='grc' dir='ltr'><strong>ξέσας,</strong></span> <span class='ocrx_word' id='word_1_666' title='bbox 2882 3111 3001 3172; x_wconf 74' lang='grc' dir='ltr'><strong>εἶτα.</strong></span> <span class='ocrx_word' id='word_1_667' title='bbox 3015 3118 3075 3172; x_wconf 80' lang='grc' dir='ltr'><strong>τὸ</strong></span> <span class='ocrx_word' id='word_1_668' title='bbox 3109 3119 3284 3191; x_wconf 78' lang='grc' dir='ltr'>ξέσμα</span> <span class='ocrx_word' id='word_1_669' title='bbox 3307 3124 3388 3185; x_wconf 77' lang='grc' dir='ltr'><strong>εἰς</strong></span> 
     </span>
    </p>
   </div>
   <div class='ocr_carea' id='block_1_89' title="bbox 1801 3199 3390 3280">
    <p class='ocr_par' dir='ltr' id='par_1_89' title="bbox 1801 3199 3390 3280">
     <span class='ocr_line' id='line_1_90' title="bbox 1801 3199 3390 3280; baseline 0.009 -30"><span class='ocrx_word' id='word_1_670' title='bbox 1801 3199 1912 3271; x_wconf 79' lang='grc' dir='ltr'><strong>πῦρ</strong></span> <span class='ocrx_word' id='word_1_671' title='bbox 1940 3200 2182 3265; x_wconf 78' lang='grc' dir='ltr'><strong>ἐνέϐαλε,</strong></span> <span class='ocrx_word' id='word_1_672' title='bbox 2214 3203 2307 3255; x_wconf 77' lang='grc' dir='ltr'><strong>καὶ</strong></span> <span class='ocrx_word' id='word_1_673' title='bbox 2342 3206 2370 3256; x_wconf 83' lang='grc' dir='ltr'>ὀ</span> <span class='ocrx_word' id='word_1_674' title='bbox 2407 3205 2613 3269; x_wconf 79' lang='grc' dir='ltr'><strong>καπνὸς</strong></span> <span class='ocrx_word' id='word_1_675' title='bbox 2645 3205 2808 3260; x_wconf 85' lang='grc' dir='ltr'>ἀνιὼν</span> <span class='ocrx_word' id='word_1_676' title='bbox 2837 3208 3021 3262; x_wconf 80' lang='grc' dir='ltr'><strong>διώκει</strong></span> <span class='ocrx_word' id='word_1_677' title='bbox 3066 3212 3192 3275; x_wconf 85' lang='grc' dir='ltr'><strong>τοὺς</strong></span> <span class='ocrx_word' id='word_1_678' title='bbox 3236 3212 3390 3280; x_wconf 73' lang='grc' dir='ltr'><strong>ὄφεις</strong></span> 
     </span>
    </p>
   </div>
   <div class='ocr_carea' id='block_1_90' title="bbox 1800 3291 3387 3368">
    <p class='ocr_par' dir='ltr' id='par_1_90' title="bbox 1800 3291 3387 3368">
     <span class='ocr_line' id='line_1_91' title="bbox 1800 3291 3387 3368; baseline 0.011 -27"><span class='ocrx_word' id='word_1_679' title='bbox 1800 3291 2135 3362; x_wconf 83' lang='grc' dir='ltr'><strong>πανταχόθεν</strong></span> <span class='ocrx_word' id='word_1_680' title='bbox 2159 3294 2295 3364; x_wconf 84' lang='grc' dir='ltr'><strong>μηδὲ</strong></span> <span class='ocrx_word' id='word_1_681' title='bbox 2317 3294 2415 3366; x_wconf 80' lang='grc' dir='ltr'><strong>τὴν</strong></span> <span class='ocrx_word' id='word_1_682' title='bbox 2436 3296 2611 3368; x_wconf 80' lang='grc' dir='ltr'>ὀσμὴν</span> <span class='ocrx_word' id='word_1_683' title='bbox 2635 3299 3019 3368; x_wconf 84' lang='grc' dir='ltr'><strong>ὑπομένοντας.</strong></span> <span class='ocrx_word' id='word_1_684' title='bbox 3049 3300 3387 3358; x_wconf 86' lang='lat' dir='ltr'><strong>Scholiastcs</strong></span> 
     </span>
    </p>
   </div>
   <div class='ocr_carea' id='block_1_91' title="bbox 1797 3380 3383 3457">
    <p class='ocr_par' dir='ltr' id='par_1_91' title="bbox 1797 3380 3383 3457">
     <span class='ocr_line' id='line_1_92' title="bbox 1797 3380 3383 3457; baseline 0.011 -24"><span class='ocrx_word' id='word_1_685' title='bbox 1797 3380 2070 3451; x_wconf 88' lang='lat' dir='ltr'><strong>Apollonii</strong></span> <span class='ocrx_word' id='word_1_686' title='bbox 2098 3384 2190 3438; x_wconf 91' lang='lat' dir='ltr'><strong>lib.</strong></span> <span class='ocrx_word' id='word_1_687' title='bbox 2225 3402 2262 3439; x_wconf 92' lang='grc' dir='ltr'><strong>ιι</strong></span> <span class='ocrx_word' id='word_1_688' title='bbox 2286 3385 2608 3457; x_wconf 81' lang='lat' dir='ltr'><strong>Argonaut.,</strong></span> <span class='ocrx_word' id='word_1_689' title='bbox 2639 3391 2865 3446; x_wconf 80' lang='lat' dir='ltr'><strong>scribit:</strong></span> <span class='ocrx_word' id='word_1_690' title='bbox 2895 3391 3187 3448; x_wconf 86' lang='lat' dir='ltr'><strong>Ccrvinum</strong></span> <span class='ocrx_word' id='word_1_691' title='bbox 3211 3411 3383 3450; x_wconf 83' lang='lat' dir='ltr'><strong>conm</strong></span> 
     </span>
    </p>
   </div>
   <div class='ocr_carea' id='block_1_92' title="bbox 1799 3473 3386 3550">
    <p class='ocr_par' dir='ltr' id='par_1_92' title="bbox 1799 3473 3386 3550">
     <span class='ocr_line' id='line_1_93' title="bbox 1799 3473 3386 3550; baseline 0.011 -25"><span class='ocrx_word' id='word_1_692' title='bbox 1799 3473 2052 3528; x_wconf 86' lang='lat' dir='ltr'><strong>adustum</strong></span> <span class='ocrx_word' id='word_1_693' title='bbox 2113 3485 2396 3546; x_wconf 86' lang='lat' dir='ltr'><strong>serpentes</strong></span> <span class='ocrx_word' id='word_1_694' title='bbox 2443 3479 2631 3550; x_wconf 80' lang='lat' dir='ltr'><strong>fugat,</strong></span> <span class='ocrx_word' id='word_1_695' title='bbox 2687 3482 3143 3550; x_wconf 87' lang='lat' dir='ltr'><strong>quemadmodum</strong></span> <span class='ocrx_word' id='word_1_696' title='bbox 3200 3485 3386 3544; x_wconf 81' lang='lat' dir='ltr'><strong>fumus</strong></span> 
     </span>
    </p>
   </div>
   <div class='ocr_carea' id='block_1_93' title="bbox 1798 3567 3384 3646">
    <p class='ocr_par' dir='ltr' id='par_1_93' title="bbox 1798 3567 3384 3646">
     <span class='ocr_line' id='line_1_94' title="bbox 1798 3567 3384 3646; baseline 0.008 -27"><span class='ocrx_word' id='word_1_697' title='bbox 1798 3579 1949 3636; x_wconf 89' lang='lat' dir='ltr'><strong>apes.</strong></span> <span class='ocrx_word' id='word_1_698' title='bbox 1991 3567 2404 3639; x_wconf 82' lang='lat' dir='ltr'><strong>TheOphrastus</strong></span> <span class='ocrx_word' id='word_1_699' title='bbox 2447 3570 2750 3642; x_wconf 79' lang='lat' dir='ltr'><strong>fragmento</strong></span> <span class='ocrx_word' id='word_1_700' title='bbox 2795 3574 2940 3643; x_wconf 80' lang='grc' dir='ltr'><em>Περὶ</em></span> <span class='ocrx_word' id='word_1_701' title='bbox 2981 3574 3103 3628; x_wconf 84' lang='grc' dir='ltr'><strong>τῶν</strong></span> <span class='ocrx_word' id='word_1_702' title='bbox 3139 3579 3384 3646; x_wconf 70' lang='grc' dir='ltr'><strong>λεγομέ-</strong></span> 
     </span>
    </p>
   </div>
   <div class='ocr_carea' id='block_1_94' title="bbox 1795 3658 3377 3736">
    <p class='ocr_par' dir='ltr' id='par_1_94' title="bbox 1795 3658 3377 3736">
     <span class='ocr_line' id='line_1_95' title="bbox 1795 3658 3377 3736; baseline 0.009 -25"><span class='ocrx_word' id='word_1_703' title='bbox 1795 3675 1919 3712; x_wconf 86' lang='grc' dir='ltr'><strong>νων</strong></span> <span class='ocrx_word' id='word_1_704' title='bbox 1962 3658 2117 3721; x_wconf 76' lang='grc' dir='ltr'><em>ζώων</em></span> <span class='ocrx_word' id='word_1_705' title='bbox 2159 3663 2426 3731; x_wconf 70' lang='grc' dir='ltr'><em>φθονεῖν.</em></span> <span class='ocrx_word' id='word_1_706' title='bbox 2464 3663 2738 3721; x_wconf 86' lang='lat' dir='ltr'><strong>Nicander</strong></span> <span class='ocrx_word' id='word_1_707' title='bbox 2794 3667 2850 3721; x_wconf 91' lang='lat' dir='ltr'><strong>in</strong></span> <span class='ocrx_word' id='word_1_708' title='bbox 2901 3666 3377 3736; x_wconf 69' lang='lat' dir='ltr'><strong>Alexipharmacis.</strong></span> 
     </span>
    </p>
   </div>
   <div class='ocr_carea' id='block_1_95' title="bbox 1796 3748 3377 3830">
    <p class='ocr_par' dir='ltr' id='par_1_95' title="bbox 1796 3748 3377 3830">
     <span class='ocr_line' id='line_1_96' title="bbox 1796 3748 3377 3830; baseline 0.007 -24"><span class='ocrx_word' id='word_1_709' title='bbox 1796 3748 2047 3822; x_wconf 88' lang='lat' dir='ltr'><strong>Orpheus</strong></span> <span class='ocrx_word' id='word_1_710' title='bbox 2113 3754 2169 3809; x_wconf 93' lang='lat' dir='ltr'><strong>in</strong></span> <span class='ocrx_word' id='word_1_711' title='bbox 2224 3770 2327 3810; x_wconf 88' lang='lat' dir='ltr'><strong>suo</strong></span> <span class='ocrx_word' id='word_1_712' title='bbox 2371 3757 2440 3812; x_wconf 92' lang='lat' dir='ltr'><strong>de</strong></span> <span class='ocrx_word' id='word_1_713' title='bbox 2495 3758 2770 3829; x_wconf 88' lang='lat' dir='ltr'><strong>lapidibus</strong></span> <span class='ocrx_word' id='word_1_714' title='bbox 2821 3767 3088 3830; x_wconf 88' lang='lat' dir='ltr'><strong>poemate,</strong></span> <span class='ocrx_word' id='word_1_715' title='bbox 3133 3777 3377 3825; x_wconf 86' lang='lat' dir='ltr'><strong>cervum,</strong></span> 
     </span>
    </p>
   </div>
   <div class='ocr_carea' id='block_1_96' title="bbox 1796 3845 3378 3926">
    <p class='ocr_par' dir='ltr' id='par_1_96' title="bbox 1796 3845 3378 3926">
     <span class='ocr_line' id='line_1_97' title="bbox 1796 3845 3378 3926; baseline 0.01 -29"><span class='ocrx_word' id='word_1_716' title='bbox 1796 3845 1942 3900; x_wconf 88' lang='lat' dir='ltr'><strong>cervi</strong></span> <span class='ocrx_word' id='word_1_717' title='bbox 1975 3846 2151 3913; x_wconf 86' lang='lat' dir='ltr'><strong>dotes,</strong></span> <span class='ocrx_word' id='word_1_718' title='bbox 2179 3849 2530 3920; x_wconf 83' lang='lat' dir='ltr'><strong>medieasque</strong></span> <span class='ocrx_word' id='word_1_719' title='bbox 2557 3851 2704 3908; x_wconf 88' lang='lat' dir='ltr'><strong>vires</strong></span> <span class='ocrx_word' id='word_1_720' title='bbox 2734 3852 3024 3924; x_wconf 83' lang='lat' dir='ltr'><strong>diligenter</strong></span> <span class='ocrx_word' id='word_1_721' title='bbox 3051 3863 3378 3926; x_wconf 85' lang='lat' dir='ltr'><strong>prosecutus</strong></span> 
     </span>
    </p>
   </div>
   <div class='ocr_carea' id='block_1_97' title="bbox 1795 3943 1898 3992">
    <p class='ocr_par' dir='ltr' id='par_1_97' title="bbox 1795 3943 1898 3992">
     <span class='ocr_line' id='line_1_98' title="bbox 1795 3943 1898 3992; baseline -0.019 0"><span class='ocrx_word' id='word_1_722' title='bbox 1795 3943 1898 3992; x_wconf 88' lang='lat' dir='ltr'><strong>est.</strong></span> 
     </span>
    </p>
   </div>
   <div class='ocr_carea' id='block_1_98' title="bbox 1866 4028 3376 4108">
    <p class='ocr_par' dir='ltr' id='par_1_98' title="bbox 1866 4028 3376 4108">
     <span class='ocr_line' id='line_1_99' title="bbox 1866 4028 3376 4108; baseline 0.009 -24"><span class='ocrx_word' id='word_1_723' title='bbox 1866 4028 2026 4094; x_wconf 86' lang='lat' dir='ltr'><strong>lbid.,</strong></span> <span class='ocrx_word' id='word_1_724' title='bbox 2057 4031 2153 4085; x_wconf 83' lang='lat' dir='ltr'><strong>lin.</strong></span> <span class='ocrx_word' id='word_1_725' title='bbox 2201 4031 2255 4088; x_wconf 88' lang='lat'><strong>6.</strong></span> <span class='ocrx_word' id='word_1_726' title='bbox 2296 4032 2568 4090; x_wconf 79' lang='grc' dir='ltr'><em>Ἐπειδὰν</em></span> <span class='ocrx_word' id='word_1_727' title='bbox 2611 4034 2682 4090; x_wconf 82' lang='grc' dir='ltr'><strong>δὲ</strong></span> <span class='ocrx_word' id='word_1_728' title='bbox 2735 4036 3029 4108; x_wconf 63' lang='grc' dir='ltr'><strong>ἀποϐάλῃ.</strong></span> <span class='ocrx_word' id='word_1_729' title='bbox 3077 4037 3376 4097; x_wconf 86' lang='lat' dir='ltr'><strong>Cervorum</strong></span> 
     </span>
    </p>
   </div>
   <div class='ocr_carea' id='block_1_99' title="bbox 1795 4125 3378 4200">
    <p class='ocr_par' dir='ltr' id='par_1_99' title="bbox 1795 4125 3378 4200">
     <span class='ocr_line' id='line_1_100' title="bbox 1795 4125 3378 4200; baseline 0.008 -22"><span class='ocrx_word' id='word_1_730' title='bbox 1795 4137 2002 4178; x_wconf 89' lang='lat' dir='ltr'><strong>cornua</strong></span> <span class='ocrx_word' id='word_1_731' title='bbox 2031 4125 2326 4194; x_wconf 87' lang='lat' dir='ltr'><strong>quotannis</strong></span> <span class='ocrx_word' id='word_1_732' title='bbox 2363 4126 2545 4197; x_wconf 87' lang='lat' dir='ltr'><strong>abjici,</strong></span> <span class='ocrx_word' id='word_1_733' title='bbox 2581 4138 2634 4184; x_wconf 89' lang='lat' dir='ltr'><strong>et</strong></span> <span class='ocrx_word' id='word_1_734' title='bbox 2666 4129 2860 4184; x_wconf 87' lang='lat' dir='ltr'><strong>iterum</strong></span> <span class='ocrx_word' id='word_1_735' title='bbox 2892 4131 3198 4200; x_wconf 86' lang='lat' dir='ltr'><strong>germinare</strong></span> <span class='ocrx_word' id='word_1_736' title='bbox 3243 4135 3378 4190; x_wconf 85' lang='lat' dir='ltr'><strong>satis</strong></span> 
     </span>
    </p>
   </div>
   <div class='ocr_carea' id='block_1_100' title="bbox 1795 4213 3376 4287">
    <p class='ocr_par' dir='ltr' id='par_1_100' title="bbox 1795 4213 3376 4287">
     <span class='ocr_line' id='line_1_101' title="bbox 1795 4213 3376 4287; baseline 0.009 -22"><span class='ocrx_word' id='word_1_737' title='bbox 1795 4223 1981 4266; x_wconf 86' lang='lat' dir='ltr'><strong>notum</strong></span> <span class='ocrx_word' id='word_1_738' title='bbox 2037 4213 2094 4268; x_wconf 92' lang='lat' dir='ltr'><strong>in</strong></span> <span class='ocrx_word' id='word_1_739' title='bbox 2155 4215 2401 4271; x_wconf 88' lang='lat' dir='ltr'><strong>historia.</strong></span> <span class='ocrx_word' id='word_1_740' title='bbox 2452 4216 2666 4284; x_wconf 86' lang='lat' dir='ltr'><strong>Horus,</strong></span> <span class='ocrx_word' id='word_1_741' title='bbox 2724 4219 3082 4287; x_wconf 87' lang='lat' dir='ltr'><strong>Aristotcles,</strong></span> <span class='ocrx_word' id='word_1_742' title='bbox 3132 4222 3376 4287; x_wconf 80' lang='lat' dir='ltr'><strong>Plinius,</strong></span> 
     </span>
    </p>
   </div>
   <div class='ocr_carea' id='block_1_101' title="bbox 1795 4302 3381 4378">
    <p class='ocr_par' dir='ltr' id='par_1_101' title="bbox 1795 4302 3381 4378">
     <span class='ocr_line' id='line_1_102' title="bbox 1795 4302 3381 4378; baseline 0.006 -19"><span class='ocrx_word' id='word_1_743' title='bbox 1795 4302 2047 4360; x_wconf 63' lang='lat' dir='ltr'><strong>[Elianus</strong></span> <span class='ocrx_word' id='word_1_744' title='bbox 2081 4316 2134 4359; x_wconf 92' lang='lat' dir='ltr'><strong>et</strong></span> <span class='ocrx_word' id='word_1_745' title='bbox 2162 4306 2276 4362; x_wconf 88' lang='lat' dir='ltr'><strong>alii.</strong></span> <span class='ocrx_word' id='word_1_746' title='bbox 2303 4306 2478 4378; x_wconf 83' lang='lat' dir='ltr'><strong>Hujus</strong></span> <span class='ocrx_word' id='word_1_747' title='bbox 2514 4323 2680 4364; x_wconf 91' lang='lat' dir='ltr'><strong>causa</strong></span> <span class='ocrx_word' id='word_1_748' title='bbox 2708 4326 2772 4365; x_wconf 81' lang='lat' dir='ltr'><strong>ex</strong></span> <span class='ocrx_word' id='word_1_749' title='bbox 2807 4310 3116 4366; x_wconf 90' lang='lat' dir='ltr'><strong>Democrito</strong></span> <span class='ocrx_word' id='word_1_750' title='bbox 3146 4313 3381 4368; x_wconf 87' lang='lat' dir='ltr'><strong>habetur</strong></span> 
     </span>
    </p>
   </div>
   <div class='ocr_carea' id='block_1_102' title="bbox 1794 4395 3372 4472">
    <p class='ocr_par' dir='ltr' id='par_1_102' title="bbox 1794 4395 3372 4472">
     <span class='ocr_line' id='line_1_103' title="bbox 1794 4395 3372 4472; baseline 0.006 -22"><span class='ocrx_word' id='word_1_751' title='bbox 1794 4396 1936 4467; x_wconf 86' lang='lat' dir='ltr'><strong>apud</strong></span> <span class='ocrx_word' id='word_1_752' title='bbox 1978 4395 2276 4462; x_wconf 70' lang='lat' dir='ltr'><strong>AEIianum,</strong></span> <span class='ocrx_word' id='word_1_753' title='bbox 2311 4400 2404 4453; x_wconf 91' lang='lat' dir='ltr'><strong>lib.</strong></span> <span class='ocrx_word' id='word_1_754' title='bbox 2431 4417 2531 4464; x_wconf 83' lang='lat' dir='ltr'><strong>xn,</strong></span> <span class='ocrx_word' id='word_1_755' title='bbox 2564 4416 2686 4472; x_wconf 90' lang='lat' dir='ltr'><strong>cap.</strong></span> <span class='ocrx_word' id='word_1_756' title='bbox 2718 4403 2785 4456; x_wconf 78' lang='grc'><strong>18</strong></span> <span class='ocrx_word' id='word_1_757' title='bbox 2815 4419 2831 4458; x_wconf 90' lang='lat'><strong>:</strong></span> <span class='ocrx_word' id='word_1_758' title='bbox 2866 4403 3054 4457; x_wconf 82' lang='grc' dir='ltr'>Αἰτίαν</span> <span class='ocrx_word' id='word_1_759' title='bbox 3090 4405 3146 4458; x_wconf 83' lang='grc' dir='ltr'><strong>δὲ</strong></span> <span class='ocrx_word' id='word_1_760' title='bbox 3176 4405 3372 4469; x_wconf 83' lang='grc' dir='ltr'><strong>αὐτὸς,</strong></span> 
     </span>
    </p>
   </div>
   <div class='ocr_carea' id='block_1_103' title="bbox 1534 4485 1604 4592">
    <p class='ocr_par' dir='ltr' id='par_1_103' title="bbox 1534 4521 1602 4592">
     <span class='ocr_line' id='line_1_104' title="bbox 1534 4521 1602 4592; baseline 0 0"><span class='ocrx_word' id='word_1_761' title='bbox 1534 4521 1602 4592; x_wconf 74' lang='grc' dir='ltr'>ὖφ</span> 
     </span>
    </p>
   </div>
   <div class='ocr_carea' id='block_1_104' title="bbox 1811 4485 3375 4592">
    <p class='ocr_par' dir='ltr' id='par_1_104' title="bbox 1811 4486 3375 4566">
     <span class='ocr_line' id='line_1_105' title="bbox 1811 4486 3375 4566; baseline 0.007 -27"><span class='ocrx_word' id='word_1_762' title='bbox 1811 4486 2136 4544; x_wconf 67' lang='lat' dir='ltr'><strong>Democritus</strong></span> <span class='ocrx_word' id='word_1_763' title='bbox 2180 4490 2422 4557; x_wconf 83' lang='lat' dir='ltr'><strong>scilicet,</strong></span> <span class='ocrx_word' id='word_1_764' title='bbox 2471 4492 2616 4560; x_wconf 84' lang='grc' dir='ltr'>λέγει</span> <span class='ocrx_word' id='word_1_765' title='bbox 2667 4493 2768 4564; x_wconf 83' lang='grc' dir='ltr'><strong>τῆς</strong></span> <span class='ocrx_word' id='word_1_766' title='bbox 2800 4493 2908 4546; x_wconf 84' lang='grc' dir='ltr'><strong>τῶν</strong></span> <span class='ocrx_word' id='word_1_767' title='bbox 2947 4495 3193 4566; x_wconf 81' lang='grc' dir='ltr'><strong>κεράτων</strong></span> <span class='ocrx_word' id='word_1_768' title='bbox 3260 4501 3375 4562; x_wconf 79' lang='grc' dir='ltr'><strong>τοῖς</strong></span> 
     </span>
    </p>
   </div>
   <div class='ocr_carea' id='block_1_105' title="bbox 1791 4577 3374 4657">
    <p class='ocr_par' dir='ltr' id='par_1_105' title="bbox 1791 4577 3374 4657">
     <span class='ocr_line' id='line_1_106' title="bbox 1791 4577 3374 4657; baseline 0.009 -27"><span class='ocrx_word' id='word_1_769' title='bbox 1791 4577 2010 4647; x_wconf 80' lang='grc' dir='ltr'>ἐλάφοις</span> <span class='ocrx_word' id='word_1_770' title='bbox 2046 4580 2363 4650; x_wconf 81' lang='grc' dir='ltr'><strong>ἁναφύσεως</strong></span> <span class='ocrx_word' id='word_1_771' title='bbox 2409 4583 2623 4655; x_wconf 73' lang='grc' dir='ltr'>ἐκείνην</span> <span class='ocrx_word' id='word_1_772' title='bbox 2666 4581 2823 4637; x_wconf 78' lang='grc' dir='ltr'><strong>εἶναι.</strong></span> <span class='ocrx_word' id='word_1_773' title='bbox 2860 4585 3015 4641; x_wconf 89' lang='lat' dir='ltr'><strong>Vide.</strong></span> <span class='ocrx_word' id='word_1_774' title='bbox 3054 4585 3281 4657; x_wconf 86' lang='lat' dir='ltr'><strong>Delapsa</strong></span> <span class='ocrx_word' id='word_1_775' title='bbox 3317 4591 3374 4644; x_wconf 90' lang='lat' dir='ltr'><strong>in</strong></span> 
     </span>
    </p>
   </div>
   <div class='ocr_carea' id='block_1_106' title="bbox 1790 4673 3370 4748">
    <p class='ocr_par' dir='ltr' id='par_1_106' title="bbox 1790 4673 3370 4748">
     <span class='ocr_line' id='line_1_107' title="bbox 1790 4673 3370 4748; baseline 0.007 -21"><span class='ocrx_word' id='word_1_776' title='bbox 1790 4673 1928 4729; x_wconf 87' lang='lat' dir='ltr'><strong>locis</strong></span> <span class='ocrx_word' id='word_1_777' title='bbox 1955 4673 2156 4730; x_wconf 88' lang='lat' dir='ltr'><strong>abditis</strong></span> <span class='ocrx_word' id='word_1_778' title='bbox 2185 4684 2238 4730; x_wconf 86' lang='lat' dir='ltr'><strong>et</strong></span> <span class='ocrx_word' id='word_1_779' title='bbox 2270 4677 2568 4732; x_wconf 86' lang='lat' dir='ltr'><strong>inaccessis</strong></span> <span class='ocrx_word' id='word_1_780' title='bbox 2622 4687 2768 4732; x_wconf 88' lang='lat' dir='ltr'><strong>terra</strong></span> <span class='ocrx_word' id='word_1_781' title='bbox 2817 4678 3079 4734; x_wconf 59' lang='lat' dir='ltr'><strong>obruunt;</strong></span> <span class='ocrx_word' id='word_1_782' title='bbox 3118 4682 3370 4748; x_wconf 83' lang='lat' dir='ltr'><strong>Aristot.,</strong></span> 
     </span>
    </p>
   </div>
   <div class='ocr_carea' id='block_1_107' title="bbox 1789 4766 3370 4840">
    <p class='ocr_par' dir='ltr' id='par_1_107' title="bbox 1789 4766 3370 4840">
     <span class='ocr_line' id='line_1_108' title="bbox 1789 4766 3370 4840; baseline 0.006 -20"><span class='ocrx_word' id='word_1_783' title='bbox 1789 4766 1869 4822; x_wconf 86' lang='lat' dir='ltr'><strong>De</strong></span> <span class='ocrx_word' id='word_1_784' title='bbox 1895 4767 2020 4829; x_wconf 82' lang='lat' dir='ltr'><strong>hist.</strong></span> <span class='ocrx_word' id='word_1_785' title='bbox 2053 4769 2244 4833; x_wconf 87' lang='lat' dir='ltr'><strong>anim.,</strong></span> <span class='ocrx_word' id='word_1_786' title='bbox 2276 4769 2369 4824; x_wconf 92' lang='lat' dir='ltr'><strong>lib.</strong></span> <span class='ocrx_word' id='word_1_787' title='bbox 2409 4785 2487 4835; x_wconf 76' lang='grc' dir='ltr'>ιιι,</span> <span class='ocrx_word' id='word_1_788' title='bbox 2523 4785 2644 4840; x_wconf 86' lang='lat' dir='ltr'><strong>cap.</strong></span> <span class='ocrx_word' id='word_1_789' title='bbox 2678 4771 2712 4825; x_wconf 87' lang='grc'><strong>5</strong></span> <span class='ocrx_word' id='word_1_790' title='bbox 2741 4790 2754 4826; x_wconf 95' lang='lat'>:</span> <span class='ocrx_word' id='word_1_791' title='bbox 2797 4770 3015 4826; x_wconf 89' lang='lat' dir='ltr'><strong>Cornua</strong></span> <span class='ocrx_word' id='word_1_792' title='bbox 3049 4775 3210 4829; x_wconf 86' lang='lat' dir='ltr'><strong>etiam</strong></span> <span class='ocrx_word' id='word_1_793' title='bbox 3241 4776 3370 4830; x_wconf 87' lang='lat' dir='ltr'><strong>locis</strong></span> 
     </span>
    </p>
   </div>
   <div class='ocr_carea' id='block_1_108' title="bbox 1789 4863 3372 4936">
    <p class='ocr_par' dir='ltr' id='par_1_108' title="bbox 1789 4863 3372 4936">
     <span class='ocr_line' id='line_1_109' title="bbox 1789 4863 3372 4936; baseline 0.004 -20"><span class='ocrx_word' id='word_1_794' title='bbox 1789 4863 2112 4933; x_wconf 71' lang='lat' dir='ltr'><strong>diﬁicillimis</strong></span> <span class='ocrx_word' id='word_1_795' title='bbox 2145 4864 2364 4929; x_wconf 86' lang='lat' dir='ltr'><strong>amittit,</strong></span> <span class='ocrx_word' id='word_1_796' title='bbox 2404 4873 2454 4917; x_wconf 85' lang='lat' dir='ltr'><strong>et</strong></span> <span class='ocrx_word' id='word_1_797' title='bbox 2501 4880 2606 4934; x_wconf 91' lang='lat' dir='ltr'><strong>qua</strong></span> <span class='ocrx_word' id='word_1_798' title='bbox 2649 4863 2872 4918; x_wconf 85' lang='lat' dir='ltr'><strong>inveniri</strong></span> <span class='ocrx_word' id='word_1_799' title='bbox 2917 4877 3192 4936; x_wconf 85' lang='lat' dir='ltr'><strong>nequeant,</strong></span> <span class='ocrx_word' id='word_1_800' title='bbox 3232 4868 3372 4924; x_wconf 86' lang='lat' dir='ltr'><strong>unde</strong></span> 
     </span>
    </p>
   </div>
   <div class='ocr_carea' id='block_1_109' title="bbox 1787 4953 3366 5024">
    <p class='ocr_par' dir='ltr' id='par_1_109' title="bbox 1787 4953 3366 5024">
     <span class='ocr_line' id='line_1_110' title="bbox 1787 4953 3366 5024; baseline 0.004 -16"><span class='ocrx_word' id='word_1_801' title='bbox 1787 4955 1923 5009; x_wconf 88' lang='lat' dir='ltr'><strong>illud</strong></span> <span class='ocrx_word' id='word_1_802' title='bbox 1949 4954 2277 5024; x_wconf 80' lang='lat' dir='ltr'><strong>proverbium</strong></span> <span class='ocrx_word' id='word_1_803' title='bbox 2313 4963 2509 5018; x_wconf 89' lang='lat' dir='ltr'><strong>ortum,</strong></span> <span class='ocrx_word' id='word_1_804' title='bbox 2537 4955 2656 5018; x_wconf 87' lang='lat' dir='ltr'><strong>Qua</strong></span> <span class='ocrx_word' id='word_1_805' title='bbox 2682 4956 2820 5009; x_wconf 88' lang='lat' dir='ltr'><strong>cervi</strong></span> <span class='ocrx_word' id='word_1_806' title='bbox 2854 4957 3109 5010; x_wconf 85' lang='lat' dir='ltr'><strong>amittunt</strong></span> <span class='ocrx_word' id='word_1_807' title='bbox 3142 4953 3366 5017; x_wconf 81' lang='lat' dir='ltr'><strong>cornua.</strong></span> 
     </span>
    </p>
   </div>
   <div class='ocr_carea' id='block_1_110' title="bbox 1787 5045 3367 5118">
    <p class='ocr_par' dir='ltr' id='par_1_110' title="bbox 1787 5045 3367 5118">
     <span class='ocr_line' id='line_1_111' title="bbox 1787 5045 3367 5118; baseline 0.004 -18"><span class='ocrx_word' id='word_1_808' title='bbox 1787 5046 2019 5116; x_wconf 89' lang='lat' dir='ltr'><strong>Plinius,</strong></span> <span class='ocrx_word' id='word_1_809' title='bbox 2069 5049 2165 5103; x_wconf 91' lang='lat' dir='ltr'><strong>lib.</strong></span> <span class='ocrx_word' id='word_1_810' title='bbox 2209 5064 2330 5112; x_wconf 83' lang='lat' dir='ltr'><strong>vut,</strong></span> <span class='ocrx_word' id='word_1_811' title='bbox 2385 5063 2506 5118; x_wconf 89' lang='lat' dir='ltr'><strong>cap.</strong></span> <span class='ocrx_word' id='word_1_812' title='bbox 2548 5046 2618 5101; x_wconf 74' lang='grc'><strong>52</strong></span> <span class='ocrx_word' id='word_1_813' title='bbox 2651 5065 2666 5102; x_wconf 91' lang='lat'><strong>:</strong></span> <span class='ocrx_word' id='word_1_814' title='bbox 2705 5045 2922 5103; x_wconf 80' lang='lat' dir='ltr'><strong>Cornua</strong></span> <span class='ocrx_word' id='word_1_815' title='bbox 2952 5067 3125 5104; x_wconf 88' lang='lat' dir='ltr'><strong>mares</strong></span> <span class='ocrx_word' id='word_1_816' title='bbox 3154 5051 3367 5115; x_wconf 77' lang='lat' dir='ltr'><strong>habent,</strong></span> 
     </span>
    </p>
   </div>
   <div class='ocr_carea' id='block_1_111' title="bbox 1787 5140 3373 5215">
    <p class='ocr_par' dir='ltr' id='par_1_111' title="bbox 1787 5140 3373 5215">
     <span class='ocr_line' id='line_1_112' title="bbox 1787 5140 3373 5215; baseline 0.005 -23"><span class='ocrx_word' id='word_1_817' title='bbox 1787 5141 1987 5211; x_wconf 87' lang='lat' dir='ltr'><strong>solique</strong></span> <span class='ocrx_word' id='word_1_818' title='bbox 2009 5141 2324 5194; x_wconf 84' lang='lat' dir='ltr'><strong>animalium</strong></span> <span class='ocrx_word' id='word_1_819' title='bbox 2365 5140 2609 5195; x_wconf 87' lang='lat' dir='ltr'><strong>omnibus</strong></span> <span class='ocrx_word' id='word_1_820' title='bbox 2634 5143 2787 5197; x_wconf 87' lang='lat' dir='ltr'><strong>annis</strong></span> <span class='ocrx_word' id='word_1_821' title='bbox 2820 5151 2961 5198; x_wconf 89' lang='lat' dir='ltr'><strong>stato</strong></span> <span class='ocrx_word' id='word_1_822' title='bbox 2984 5146 3116 5199; x_wconf 84' lang='lat' dir='ltr'><strong>veris</strong></span> <span class='ocrx_word' id='word_1_823' title='bbox 3144 5153 3373 5215; x_wconf 89' lang='lat' dir='ltr'><strong>tempore</strong></span> 
     </span>
    </p>
   </div>
   <div class='ocr_carea' id='block_1_112' title="bbox 1787 5233 3449 5308">
    <p class='ocr_par' dir='ltr' id='par_1_112' title="bbox 1787 5233 3449 5308">
     <span class='ocr_line' id='line_1_113' title="bbox 1787 5233 3449 5308; baseline 0.004 -22"><span class='ocrx_word' id='word_1_824' title='bbox 1787 5234 2060 5287; x_wconf 89' lang='lat' dir='ltr'><strong>amittunt.</strong></span> <span class='ocrx_word' id='word_1_825' title='bbox 2098 5233 2225 5289; x_wconf 85' lang='lat' dir='ltr'><strong>Ideo</strong></span> <span class='ocrx_word' id='word_1_826' title='bbox 2261 5233 2356 5288; x_wconf 86' lang='lat' dir='ltr'><strong>sub</strong></span> <span class='ocrx_word' id='word_1_827' title='bbox 2389 5235 2502 5303; x_wconf 86' lang='lat' dir='ltr'><strong>ipsa</strong></span> <span class='ocrx_word' id='word_1_828' title='bbox 2534 5234 2620 5288; x_wconf 85' lang='lat' dir='ltr'><strong>die</strong></span> <span class='ocrx_word' id='word_1_829' title='bbox 2646 5251 2807 5306; x_wconf 85' lang='lat' dir='ltr'><strong>quam</strong></span> <span class='ocrx_word' id='word_1_830' title='bbox 2845 5237 3075 5291; x_wconf 69' lang='lat' dir='ltr'><strong>maxime</strong></span> <span class='ocrx_word' id='word_1_831' title='bbox 3111 5238 3255 5292; x_wconf 83' lang='lat' dir='ltr'><strong>invia</strong></span> <span class='ocrx_word' id='word_1_832' title='bbox 3281 5250 3345 5308; x_wconf 83' lang='lat' dir='ltr'><strong>pc</strong></span> <span class='ocrx_word' id='word_1_833' title='bbox 3441 5241 3449 5249; x_wconf 89' lang='lat'>&#39;</span> 
     </span>
    </p>
   </div>
   <div class='ocr_carea' id='block_1_113' title="bbox 1788 5323 2630 5397">
    <p class='ocr_par' dir='ltr' id='par_1_113' title="bbox 1788 5323 2630 5397">
     <span class='ocr_line' id='line_1_114' title="bbox 1788 5323 2630 5397; baseline 0.002 -19"><span class='ocrx_word' id='word_1_834' title='bbox 1788 5335 1924 5380; x_wconf 87' lang='lat' dir='ltr'><strong>tunt.</strong></span> <span class='ocrx_word' id='word_1_835' title='bbox 1967 5323 2249 5394; x_wconf 88' lang='lat' dir='ltr'><strong>Oppianus</strong></span> <span class='ocrx_word' id='word_1_836' title='bbox 2278 5331 2502 5397; x_wconf 75' lang='grc' dir='ltr'><strong>Κυνηγ.</strong></span> <span class='ocrx_word' id='word_1_837' title='bbox 2543 5342 2582 5380; x_wconf 92' lang='grc' dir='ltr'><strong>ιι</strong></span> <span class='ocrx_word' id='word_1_838' title='bbox 2616 5345 2630 5381; x_wconf 89' lang='lat'><strong>:</strong></span> 
     </span>
    </p>
   </div>
   <div class='ocr_carea' id='block_1_114' title="bbox 1789 5415 3240 5490">
    <p class='ocr_par' dir='ltr' id='par_1_114' title="bbox 1789 5415 3240 5490">
     <span class='ocr_line' id='line_1_115' title="bbox 1789 5415 3240 5490; baseline 0.017 -33"><span class='ocrx_word' id='word_1_839' title='bbox 1789 5415 2009 5490; x_wconf 47' lang='grc' dir='ltr'><strong>ῖεξοχα</strong></span> <span class='ocrx_word' id='word_1_840' title='bbox 2039 5416 2092 5470; x_wconf 78' lang='grc' dir='ltr'><strong>δ’</strong></span> <span class='ocrx_word' id='word_1_841' title='bbox 2127 5416 2196 5490; x_wconf 62' lang='grc' dir='ltr'><em>ἐν</em></span> <span class='ocrx_word' id='word_1_842' title='bbox 2220 5415 2518 5490; x_wconf 35' lang='grc' dir='ltr'><strong>,θήρεσσιν</strong></span> <span class='ocrx_word' id='word_1_843' title='bbox 2541 5419 2640 5490; x_wconf 57' lang='grc' dir='ltr'><strong>ἐπ’</strong></span> <span class='ocrx_word' id='word_1_844' title='bbox 2667 5419 2888 5490; x_wconf 78' lang='grc' dir='ltr'><strong>ἀγλαΐη</strong></span> <span class='ocrx_word' id='word_1_845' title='bbox 2921 5416 3240 5490; x_wconf 76' lang='grc' dir='ltr'><em>κομόωσιν.</em></span> 
     </span>
    </p>
   </div>
   <div class='ocr_carea' id='block_1_115' title="bbox 1788 5485 3368 5564">
    <p class='ocr_par' dir='ltr' id='par_1_115' title="bbox 1788 5485 3368 5564">
     <span class='ocr_line' id='line_1_116' title="bbox 1788 5485 3368 5564; baseline 0.003 -24"><span class='ocrx_word' id='word_1_846' title='bbox 1788 5485 2384 5564; x_wconf 58' lang='grc' dir='ltr'><strong>Ἀρσεςνεςεὺκέραοι,</strong></span> <span class='ocrx_word' id='word_1_847' title='bbox 2417 5485 3068 5564; x_wconf 56' lang='grc' dir='ltr'><em>πολυὸᾳίδάλονὲρνῖος</em></span> <span class='ocrx_word' id='word_1_848' title='bbox 3099 5492 3368 5564; x_wconf 76' lang='grc' dir='ltr'><strong>ἔχοντες,</strong></span> 
     </span>
    </p>
   </div>
   <div class='ocr_carea' id='block_1_116' title="bbox 93 5536 1604 5629">
    <p class='ocr_par' dir='ltr' id='par_1_116' title="bbox 93 5536 1588 5611">
     <span class='ocr_line' id='line_1_117' title="bbox 93 5536 1588 5611; baseline 0.001 -18"><span class='ocrx_word' id='word_1_849' title='bbox 93 5537 413 5608; x_wconf 81' lang='lat' dir='ltr'><strong>nariumque</strong></span> <span class='ocrx_word' id='word_1_850' title='bbox 437 5538 629 5606; x_wconf 81' lang='lat' dir='ltr'><strong>spiritu</strong></span> <span class='ocrx_word' id='word_1_851' title='bbox 655 5541 956 5611; x_wconf 61' lang='lat' dir='ltr'><strong>extrahunt,</strong></span> <span class='ocrx_word' id='word_1_852' title='bbox 972 5540 1282 5604; x_wconf 87' lang='lat' dir='ltr'><strong>renitentes;</strong></span> <span class='ocrx_word' id='word_1_853' title='bbox 1316 5536 1588 5595; x_wconf 85' lang='lat' dir='ltr'><strong>Nicander</strong></span> 
     </span>
    </p>
   </div>
   <div class='ocr_carea' id='block_1_117' title="bbox 1811 5536 3156 5629">
    <p class='ocr_par' dir='ltr' id='par_1_117' title="bbox 1811 5536 3156 5629">
     <span class='ocr_line' id='line_1_118' title="bbox 1811 5536 3156 5629; baseline 0.005 -20"><span class='ocrx_word' id='word_1_854' title='bbox 2369 5536 2602 5626; x_wconf 59' lang='lat' dir='ltr'><strong>bespdwr</strong></span> <span class='ocrx_word' id='word_1_855' title='bbox 2627 5559 2817 5629; x_wconf 85' lang='grc' dir='ltr'><strong>ὦρῃσι</strong></span> <span class='ocrx_word' id='word_1_856' title='bbox 2841 5536 3156 5617; x_wconf 41' lang='lat' dir='ltr'><strong>«cadam;</strong></span> 
     </span>
    </p>
   </div>
   <div class='ocr_carea' id='block_1_118' title="bbox 95 5629 1231 5703">
    <p class='ocr_par' dir='ltr' id='par_1_118' title="bbox 95 5629 1231 5703">
     <span class='ocr_line' id='line_1_119' title="bbox 95 5629 1231 5703; baseline 0.001 -18"><span class='ocrx_word' id='word_1_857' title='bbox 95 5629 402 5694; x_wconf 84' lang='lat' dir='ltr'><strong>Theriacis;</strong></span> <span class='ocrx_word' id='word_1_858' title='bbox 420 5631 691 5686; x_wconf 84' lang='lat' dir='ltr'><strong>Martialis</strong></span> <span class='ocrx_word' id='word_1_859' title='bbox 717 5631 980 5703; x_wconf 87' lang='lat' dir='ltr'><strong>epigram.</strong></span> <span class='ocrx_word' id='word_1_860' title='bbox 998 5632 1093 5688; x_wconf 91' lang='lat' dir='ltr'><strong>lib.</strong></span> <span class='ocrx_word' id='word_1_861' title='bbox 1116 5647 1192 5687; x_wconf 79' lang='lat' dir='ltr'><strong>xu</strong></span> <span class='ocrx_word' id='word_1_862' title='bbox 1216 5649 1231 5687; x_wconf 86' lang='lat'><strong>:</strong></span> 
     </span>
    </p>
   </div>
   <div class='ocr_carea' id='block_1_119' title="bbox 202 5719 1536 5797">
    <p class='ocr_par' dir='ltr' id='par_1_119' title="bbox 202 5719 1536 5797">
     <span class='ocr_line' id='line_1_120' title="bbox 202 5719 1536 5797; baseline 0 -18"><span class='ocrx_word' id='word_1_863' title='bbox 202 5721 460 5797; x_wconf 56' lang='lat' dir='ltr'><strong>Cervinus</strong></span> <span class='ocrx_word' id='word_1_864' title='bbox 489 5722 723 5797; x_wconf 78' lang='lat' dir='ltr'><strong>gelidum</strong></span> <span class='ocrx_word' id='word_1_865' title='bbox 753 5724 930 5778; x_wconf 89' lang='lat' dir='ltr'><strong>sorbet</strong></span> <span class='ocrx_word' id='word_1_866' title='bbox 955 5726 1031 5797; x_wconf 85' lang='lat' dir='ltr'><strong>sic</strong></span> <span class='ocrx_word' id='word_1_867' title='bbox 1065 5719 1265 5779; x_wconf 82' lang='lat' dir='ltr'><strong>halitus</strong></span> <span class='ocrx_word' id='word_1_868' title='bbox 1291 5740 1536 5797; x_wconf 80' lang='lat' dir='ltr'><strong>anguem,</strong></span> 
     </span>
    </p>
   </div>
   <div class='ocr_carea' id='block_1_120' title="bbox 271 5793 1260 5866">
    <p class='ocr_par' dir='ltr' id='par_1_120' title="bbox 271 5793 1260 5866">
     <span class='ocr_line' id='line_1_121' title="bbox 271 5793 1260 5866; baseline -0.002 -16"><span class='ocrx_word' id='word_1_869' title='bbox 271 5793 514 5850; x_wconf 85' lang='lat' dir='ltr'><strong>Casuras</strong></span> <span class='ocrx_word' id='word_1_870' title='bbox 543 5794 649 5849; x_wconf 82' lang='lat' dir='ltr'><strong>alte</strong></span> <span class='ocrx_word' id='word_1_871' title='bbox 672 5795 748 5848; x_wconf 84' lang='lat' dir='ltr'><strong>sic</strong></span> <span class='ocrx_word' id='word_1_872' title='bbox 780 5797 920 5863; x_wconf 86' lang='lat' dir='ltr'><strong>rapit</strong></span> <span class='ocrx_word' id='word_1_873' title='bbox 947 5796 1043 5850; x_wconf 84' lang='lat' dir='ltr'><strong>iris</strong></span> <span class='ocrx_word' id='word_1_874' title='bbox 1073 5810 1260 5866; x_wconf 85' lang='lat' dir='ltr'><strong>aquas.</strong></span> 
     </span>
    </p>
   </div>
   <div class='ocr_carea' id='block_1_121' title="bbox 416 5887 1124 5950">
    <p class='ocr_par' dir='ltr' id='par_1_121' title="bbox 416 5887 1124 5950">
     <span class='ocr_line' id='line_1_122' title="bbox 416 5887 1124 5950; baseline 0.004 -4"><span class='ocrx_word' id='word_1_875' title='bbox 416 5888 691 5947; x_wconf 76' lang='grc' dir='ltr'><strong>ΡΑτιιοι..</strong></span> <span class='ocrx_word' id='word_1_876' title='bbox 734 5887 852 5946; x_wconf 73' lang='lat' dir='ltr'><strong>Gn.</strong></span> <span class='ocrx_word' id='word_1_877' title='bbox 897 5887 1124 5950; x_wconf 75' lang='lat' dir='ltr'><strong>XVIII.</strong></span> 
     </span>
    </p>
   </div>
   <div class='ocr_carea' id='block_1_122' title="bbox 1782 5627 2332 5696">
    <p class='ocr_par' dir='ltr' id='par_1_122' title="bbox 1782 5627 2332 5696">
     <span class='ocr_line' id='line_1_123' title="bbox 1782 5627 2332 5696; baseline -0.002 -15"><span class='ocrx_word' id='word_1_878' title='bbox 1782 5627 2009 5696; x_wconf 83' lang='grc' dir='ltr'><em>Βόθρον</em></span> <span class='ocrx_word' id='word_1_879' title='bbox 2030 5627 2148 5696; x_wconf 76' lang='grc' dir='ltr'><strong>μὲν</strong></span> <span class='ocrx_word' id='word_1_880' title='bbox 2179 5627 2332 5682; x_wconf 80' lang='grc' dir='ltr'><strong>κατὰ</strong></span> 
     </span>
    </p>
   </div>
   <div class='ocr_carea' id='block_1_123' title="bbox 2374 5629 3369 5705">
    <p class='ocr_par' dir='ltr' id='par_1_123' title="bbox 2374 5629 3369 5705">
     <span class='ocr_line' id='line_1_124' title="bbox 2374 5629 3369 5705; baseline 0.012 -24"><span class='ocrx_word' id='word_1_881' title='bbox 2374 5629 2555 5705; x_wconf 71' lang='grc' dir='ltr'><strong>γαῖαν</strong></span> <span class='ocrx_word' id='word_1_882' title='bbox 2597 5629 2976 5705; x_wconf 66' lang='grc' dir='ltr'><strong>ὀρυξάμενοι</strong></span> <span class='ocrx_word' id='word_1_883' title='bbox 3002 5635 3369 5705; x_wconf 71' lang='grc' dir='ltr'><strong>κατέθαψαν,</strong></span> 
     </span>
    </p>
   </div>
   <div class='ocr_carea' id='block_1_124' title="bbox 1787 5694 3371 5775">
    <p class='ocr_par' dir='ltr' id='par_1_124' title="bbox 1787 5694 3371 5775">
     <span class='ocr_line' id='line_1_125' title="bbox 1787 5694 3371 5775; baseline 0.008 -25"><span class='ocrx_word' id='word_1_884' title='bbox 1787 5694 1969 5768; x_wconf 66' lang='grc' dir='ltr'><em>ὀφρα</em></span> <span class='ocrx_word' id='word_1_885' title='bbox 1993 5694 2061 5752; x_wconf 69' lang='grc' dir='ltr'><strong>κέ</strong></span> <span class='ocrx_word' id='word_1_886' title='bbox 2085 5698 2265 5767; x_wconf 79' lang='grc' dir='ltr'><strong>μήτις</strong></span> <span class='ocrx_word' id='word_1_887' title='bbox 2288 5694 2509 5769; x_wconf 76' lang='grc' dir='ltr'><strong>ἒλῄσιν</strong></span> <span class='ocrx_word' id='word_1_888' title='bbox 2531 5694 2918 5771; x_wconf 66' lang='grc' dir='ltr'><strong>ἐπ”αῠξλὰκος</strong></span> <span class='ocrx_word' id='word_1_889' title='bbox 2947 5694 3371 5775; x_wconf 54' lang='lat' dir='ltr'><strong>amcos-nem:</strong></span> 
     </span>
    </p>
   </div>
   <div class='ocr_carea' id='block_1_125' title="bbox 1729 5791 3368 5856">
    <p class='ocr_par' dir='ltr' id='par_1_125' title="bbox 1729 5791 3368 5856">
     <span class='ocr_line' id='line_1_126' title="bbox 1729 5791 3368 5856; baseline 0.004 -10"><span class='ocrx_word' id='word_1_890' title='bbox 1729 5852 1732 5856; x_wconf 56' lang='grc'><strong>,</strong></span> <span class='ocrx_word' id='word_1_891' title='bbox 1783 5791 1866 5848; x_wconf 83' lang='lat' dir='ltr'><strong>An</strong></span> <span class='ocrx_word' id='word_1_892' title='bbox 1895 5798 2074 5847; x_wconf 86' lang='lat' dir='ltr'><strong>autem</strong></span> <span class='ocrx_word' id='word_1_893' title='bbox 2108 5791 2286 5846; x_wconf 87' lang='lat' dir='ltr'><strong>cervis</strong></span> <span class='ocrx_word' id='word_1_894' title='bbox 2318 5791 2539 5850; x_wconf 78' lang='lat' dir='ltr'><strong>feminis</strong></span> <span class='ocrx_word' id='word_1_895' title='bbox 2568 5807 2777 5852; x_wconf 86' lang='lat' dir='ltr'><strong>cornua</strong></span> <span class='ocrx_word' id='word_1_896' title='bbox 2816 5796 2928 5852; x_wconf 85' lang='lat' dir='ltr'><strong>sint</strong></span> <span class='ocrx_word' id='word_1_897' title='bbox 2955 5795 3099 5851; x_wconf 78' lang='lat' dir='ltr'><strong>intra</strong></span> <span class='ocrx_word' id='word_1_898' title='bbox 3131 5799 3368 5855; x_wconf 88' lang='lat' dir='ltr'><strong>dicetur.</strong></span> 
     </span>
    </p>
   </div>
   <div class='ocr_carea' id='block_1_126' title="bbox 3013 5887 3091 5948">
    <p class='ocr_par' dir='ltr' id='par_1_126' title="bbox 3013 5887 3091 5948">
     <span class='ocr_line' id='line_1_127' title="bbox 3013 5887 3091 5948; baseline 0.026 -2"><span class='ocrx_word' id='word_1_899' title='bbox 3013 5887 3091 5948; x_wconf 88' lang='lat'><strong>30</strong></span> 
     </span>
    </p>
   </div>
  </div>
