3810 6168
396 327 505 384 939

1713 295 1724 312 ’
1742 301 1990 358 LEONIS
2023 289 2298 354 ALLATII

3567 277 3668 331 9m

470 438 632 503 lbid.,
681 437 781 490 lin.
833 435 888 490 9.
928 431 1022 498 Ὠς
1089 427 1483 485 ἀποϐαλοῦσα
1533 424 1704 492 πρός.
1751 421 1982 476 Amissis

2131 413 2173 466 ιὰ
2195 411 2257 465 τὸ
2286 409 2509 482 θαρρεῖν
2533 407 2609 471 ὼς
2635 406 2847 478 ἔχοντες
2872 395 2917 470 ᾧ
2944 399 3258 472 ἀμύνονται.
3289 395 3425 464 Quae
3457 396 3537 449 ita
3572 400 3672 448 La-

394 533 539 589 enim
565 528 828 586 cornibus
856 521 1206 582 solitudinem
1236 525 1429 590 petunt
1447 523 1500 572 et
1521 517 1640 571 loca
1663 515 1978 580 inaccessa;

395 635 567 694 quare
615 618 670 674 id
719 623 881 688 agant
924 612 1061 668 varii
1105 609 1256 664 varie
1301 606 1664 662 tradiderunt.
1701 602 1980 673 Oppianus

403 719 633 782 Κυνητ.
663 727 698 765 ιι
729 711 793 763 ad
826 705 1087 777 pudorem
1114 701 1280 758 refert
1309 719 1324 756 :

399 826 721 881 Κεύθονται
750 819 801 871 δ’
828 816 993 871 αὐτοὶ
1021 812 1309 882 πυμάτοις
1344 806 1617 882 λασίοισι
1641 823 1710 882 τε
1740 803 1983 874 θάμνοις

402 876 999 962 λῖδόμενοιίθήρεσσι
1036 876 1303 962 καρήατα
1339 880 1466 962 τοῖα
1505 876 1770 962 φανῆναι

403 947 634 1034 Papia,
665 961 738 1015 τά
766 947 853 1012 τὸι
877 947 1235 1025 προπάροιθε
1261 951 1558 1020 μετήορον
1585 947 1874 1015 ἀείροντο.

404 1075 728 1133 Aristoteles
756 1079 938 1125 tamen
978 1082 1102 1122 cum
1136 1065 1258 1120 aliis
1295 1062 1541 1118 eamdem
1574 1075 1736 1129 quam
1771 1059 1860 1112 hic
1888 1072 1988 1112 no-

404 1179 520 1225 ster
552 1173 742 1222 auctor
770 1176 994 1217 causam
1029 1157 1204 1219 alfert,
1245 1155 1473 1209 nimium
1508 1151 1636 1222 quia
1675 1164 1986 1204 muscarum

406 1271 647 1313 morsum
708 1258 980 1314 metuunt,
1014 1264 1135 1319 quae
1183 1247 1397 1300 radices
1458 1258 1725 1297 cornuum
1770 1250 1989 1295 teneras

405 1352 566 1408 facile
595 1348 962 1420 perforarent.
992 1357 1116 1395 cum
1152 1352 1367 1393 summo
1397 1349 1586 1390 eorum
1621 1333 1828 1387 dolore.
1856 1333 1989 1386 ltem

404 1443 531 1514 quia
559 1455 666 1496 non
690 1437 944 1497 habeant,
969 1448 1076 1502 quo
1101 1446 1158 1486 se
1189 1430 1258 1483 ab
1291 1429 1413 1482 aliis
1445 1428 1572 1481 feris
1599 1424 1993 1496 propugnando

406 1531 726 1589 defendant,
763 1527 838 1580 De
881 1525 1009 1578 hist.
1065 1523 1253 1583 anim.,
1287 1520 1381 1573 lib.
1433 1534 1509 1580 ιιι,
1547 1532 1668 1587 cap.
1701 1517 1735 1570 5
1766 1535 1779 1570 :
1823 1515 1994 1580 Quasi

407 1624 546 1678 enim
579 1637 678 1674 sua
713 1617 951 1671 amiserit
987 1630 1161 1676 arma,
1202 1619 1346 1664 cavet
1389 1626 1451 1663 ne
1496 1608 1714 1662 inermis
1762 1606 1996 1674 reperia-

411 1724 519 1768 tur.
573 1709 638 1763 Et
681 1707 914 1763 inferius
959 1722 972 1758 :
1021 1702 1285 1756 Amittunt
1328 1698 1552 1768 singulis
1591 1697 1750 1750 annis
1791 1711 1994 1749 cornua

413 1820 586 1860 mense
607 1801 781 1871 Aprili
801 1815 820 1853 :
846 1813 965 1868 quae
995 1812 1114 1849 cum
1145 1794 1442 1852 amiserint.
1467 1790 1732 1844 occultant
1759 1805 1813 1842 se
1842 1790 2005 1841 inter-

413 1897 529 1960 diu,
562 1905 620 1949 ut
650 1893 888 1962 superius
920 1889 1056 1948 dixi,
1090 1886 1246 1955 idque
1287 1884 1463 1953 opacis
1505 1881 1708 1944 faciunt
1758 1879 1911 1941 locis,
1942 1887 2000 1930 ut

418 2003 720 2044 muscarum
765 1983 921 2037 tredio
951 1991 1150 2035 vacent.
1204 1977 1268 2032 Et
1319 1977 1416 2032 lib.
1465 1974 1604 2041 Περὶ
1655 1971 2003 2040 θαυμασίων

413 2078 843 2150 ἀκουσμάτων,
887 2076 956 2132 de
997 2073 1175 2128 cervis
1226 2070 1477 2124 Achaicis
1519 2086 1532 2120 :
1569 2065 1703 2120 Φασι
1750 2079 1892 2125 τινες
1944 2063 2004 2114 ὲν

429 2173 621 2243 ’Λχαῖᾳ
646 2170 755 2224 τῶν
788 2169 1024 2237 ἐλάφων,
1062 2167 1188 2218 ὅταν
1220 2162 1531 2218 ἀποϐάλωσι
1560 2159 1627 2212 τὰ
1666 2156 1890 2228 κέρατα,
1924 2155 2004 2217 εἰς

414 2266 640 2328 τούτους
675 2265 802 2326 τοὺς
838 2262 1036 2326 τόπους
1067 2258 1342 2332 ἔρχεσθαι,
1372 2255 1514 2308 ὥστε
1559 2253 1634 2324 μὴ
1675 2251 1871 2322 ῥᾳδίως
1911 2249 2002 2300 εύ-

420 2359 662 2432 ρεθῆναι.
682 2356 852 2410 Τοῦτο
865 2355 922 2409 δὲ
941 2357 1111 2408 ποιεῖν
1127 2353 1213 2406 διὰ
1229 2351 1288 2404 τὸ
1319 2349 1391 2420 μὴ
1425 2347 1590 2418 ἔχειν,
1609 2340 1653 2413 ᾧ
1669 2343 2003 2413 ἀμύνωνται,

420 2451 515 2504 καὶ
532 2450 695 2505 διὰτὸ
725 2450 906 2502 πονεῖν
926 2449 1051 2510 τοὺς
1082 2447 1302 2507 τόπους,
1321 2441 1443 2494 ὃθεν
1468 2438 1537 2493 τὰ
1570 2437 1778 2509 κέρατα
1797 2432 2006 2487 ἀπέϐα-

421 2544 530 2596 λον.
558 2541 624 2595 Et
654 2539 1096 2610 Theophylactus
1130 2534 1436 2590 Simocatus
1461 2531 1516 2585 in
1539 2529 1735 2596 Quaest.
1768 2523 2003 2580 natural.

423 2631 459 2687 5
487 2649 502 2687 :
541 2628 692 2684 Οἶδεν
725 2631 758 2700 ἡ
789 2630 1002 2698 ἔλαφος,
1038 2622 1446 2696 ἀποκειραμένη
1476 2621 1544 2675 τά
1583 2620 1811 2690 κέρατα,
1846 2615 2007 2670 ἀσθε-

424 2723 684 2794 νισθέραν
730 2721 828 2794 τὴν
888 2719 1048 2790 φύσιν
1099 2715 1398 2788 ἀμύνεσθαι
1455 2713 1584 2775 τοὺς
1636 2711 2005 2780 λυπήσαντας.

426 2813 636 2871 οὐκοῦν
683 2812 1091 2884 ἀποκρύπτεται
1142 2803 1232 2863 οἷα
1284 2803 1624 2878 στρατιώτης
1671 2820 1756 2866 τις
1812 2801 2011 2865 ἄοπλος

429 2905 614 2969 δεδιὼς
658 2902 1119 2976 παρατάττεσθαι.
1175 2903 1285 2954 Καὶ
1343 2900 1532 2972 πόῤῥω
1575 2917 1677 2953 που
1727 2899 2012 2970 ἀπόμαχος

427 2995 566 3054 εἶναι
615 2997 954 3068 βουλόμενος,
1004 2995 1139 3067 πρὸς
1185 2996 1279 3048 ἐπὶ
1319 2993 1528 3057 τούτοις
1569 2993 1724 3061 ἀλγεῖ
1767 2992 1828 3044 τὸ
1876 2991 2012 3056 ζῶον

427 3092 528 3162 τὴν
575 3090 722 3162 κάρα
774 3088 1071 3143 δεινότατα.
1129 3085 1361 3147 Plinius.
1417 3086 1512 3141 lib.
1572 3101 1691 3149 vni,
1731 3098 1853 3154 cap.
1895 3083 2007 3137 δὶς

2084 507 2198 559 tine
2225 501 2489 572 expressit
2531 497 2742 553 Plinius
2775 517 2789 551 :
2829 493 3129 559 Erumpunt
3167 499 3340 544 autem
3386 503 3674 542 renascen-

2085 598 2224 652 tibus
2278 592 2546 648 tuberibus
2592 592 2765 660 primo
2810 589 2979 642 arida!
3022 587 3156 640 cutis
3198 582 3421 638 similia.
3472 580 3672 634 Eadem

2085 689 2274 744 teneris
2324 688 2621 740 increscunt
2675 681 2858 752 ferulis
2905 676 3227 733 arundineas
3278 675 3332 726 in
3375 672 3674 741 particulas

2085 783 2235 837 molli
2279 780 2522 850 plumata
2564 777 2830 846 lanugine.
2874 771 3125 839 Quandiu
3148 777 3325 822 carent
3369 767 3459 832 iis,
3508 767 3676 818 nocti-

2087 875 2183 930 bus
2217 871 2505 943 procedunt
2546 872 2614 922 ad
2644 866 2862 936 pabula,
2913 862 3259 916 increscentia
3304 858 3436 913 solis
3489 873 3678 923 vapore

2087 970 2306 1028 durant,
2354 963 2422 1016 ad
2467 961 2682 1015 arbores
2721 955 3308 1023 subinde'experientes,
3347 951 3438 1004 ubi
3471 950 3676 1017 placuit

2087 1059 2250 1114 robur
2279 1058 2330 1111 in
2362 1064 2544 1124 aperta
2586 1050 2866 1122 prodeunt.
2901 1047 3006 1102 Sed
3046 1045 3202 1102 nefas
3247 1051 3331 1099 est
3379 1045 3470 1098 hic
3512 1044 3681 1096 omit-

2088 1158 2206 1205 tere
2250 1149 2306 1202 in
2361 1146 2604 1215 subjecta
2649 1142 2876 1197 materia
2909 1140 3132 1194 verbum
3170 1137 3507 1196 Aristotelis,
3537 1135 3684 1204 quod

2093 1240 2307 1310 magnis
2348 1237 2484 1290 viris
2519 1233 2796 1303 negotium
2839 1230 3150 1290 lacessisse,
3179 1244 3246 1282 ex
3273 1242 3464 1282 eorum
3505 1229 3684 1282 inter-

2093 1329 2492 1402 pretationibus
2551 1323 2898 1378 manifestum
2961 1329 3064 1376 est.
3132 1321 3221 1374 Ait
3291 1319 3686 1375 Aristoteles:

2097 1423 2236 1492 Ἤδη
2270 1421 2327 1474 δὲ
2382 1419 2634 1490 εἴληπται
2663 1415 2888 1484 ἁχαίτης
2928 1413 3123 1482 ἔλαφος
3161 1413 3252 1465 ἐπὶ
3283 1413 3391 1466 τῶν
3435 1413 3691 1484 κεράτων

2095 1515 2214 1586 ἕχον
2247 1512 2428 1566 κιττὸν
2459 1509 2628 1563 πολὺν
2661 1507 2942 1576 πεφυκότα
2975 1507 3202 1577 χλωρὸν,
3234 1505 3310 1568 ὡς
3337 1506 3570 1558 ἁπαλῶν
3599 1505 3691 1558 ὅν-

2093 1626 2201 1662 των
2229 1606 2336 1660 τῶν
2369 1604 2612 1674 κεράτων
2640 1598 2938 1670 ὲμφύοντα,
2975 1597 3164 1666 ὥσπερ
3191 1598 3249 1648 ὲν
3289 1594 3428 1662 ξύλῳ
3459 1594 3689 1666 χλωρῷ.

2096 1699 2422 1755 Theodorus
2453 1695 2600 1749 Gaza
2640 1693 2717 1746 ita
2747 1691 2906 1744 vertit
2937 1709 2948 1744 :
2989 1688 3186 1757 Captus
3226 1687 3342 1756 jam
3374 1703 3560 1741 cervus
3588 1696 3696 1748 est,

2037 1793 2078 1846 Β
2106 1793 2350 1848 hederam
2383 1789 2492 1844 suis
2521 1794 2733 1841 enatam
2759 1781 3004 1837 cornibus
3031 1797 3212 1850 gerens
3237 1779 3473 1839 viridem,
3495 1790 3606 1833 etc.
3631 1778 3696 1831 Et

2106 1883 2316 1938 Plinius
2341 1881 2444 1933 hoc
2478 1876 2619 1931 idem
2651 1883 2868 1929 vertens
2895 1891 2908 1925 :
2933 1869 3186 1941 Captique
3194 1871 3312 1939 jam
3339 1881 3461 1924 sunt
3491 1870 3696 1924 hedera

2106 1977 2162 2031 in
2193 1972 2436 2030 cornibus
2465 1970 2726 2026 uiridante
2753 1983 2817 2022 ea:
2841 1967 3027 2034 attritu
3068 1965 3316 2018 arborum
3339 1975 3394 2017 ut
3427 1965 3482 2017 in
3509 1965 3700 2034 aliqua

2107 2068 2249 2139 ligno
2277 2065 2489 2127 teneris,
2521 2064 2648 2116 dum
2679 2031 3019 2129 experiuntur
3045 2059 3250 2110 innata.
3279 2057 3374 2111 Sat
3406 2057 3548 2111 bene
3574 2031 3701 2111 oin—

2107 2162 2221 2221 nia,
2256 2156 2481 2230 quidni?
2518 2154 2752 2209 Mentem
2805 2150 3117 2207 Aristotelis
3175 2149 3366 2215 habeo,
3399 2151 3566 2217 plana
3613 2150 3702 2201 vi-

2109 2252 2308 2306 dentur
2337 2264 2460 2304 esse
2497 2247 2700 2302 omnia.
2725 2243 2927 2299 Verum
2975 2240 3104 2313 quid
3155 2244 3228 2297 sit
3279 2242 3512 2312 ἀχαίτης
3563 2242 3700 2295 illud

2111 2357 2277 2399 cervo
2310 2341 2550 2396 additum
2580 2337 2820 2392 nondum
2853 2336 3031 2390 video.
3072 2335 3225 2400 Quod
3260 2350 3382 2387 cum
3414 2334 3702 2403 posuisset

2111 2433 2431 2490 AriSIoteles
2451 2473 2467 2496 ,
2510 2432 2833 2501 interpretes
2865 2429 2984 2485 sine
3015 2427 3243 2482 inscitiae
3284 2434 3407 2480 nota
3439 2427 3703 2481 omittere

2113 2526 2339 2580 minime
2387 2524 2714 2578 debuerunt.
2761 2518 2868 2575 Sed
2918 2518 3514 2574 modestissimishisce
3567 2517 3704 2571 viris

2114 2616 2316 2687 aliquid
2343 2615 2761 2672 condonandum
2787 2623 2892 2668 est.
2915 2610 3054 2678 Quid
3088 2612 3492 2665 ot-ulatissimus
3516 2609 3703 2665 Julius

2118 2705 2384 2776 Scaliger,
2419 2719 2578 2775 quem
2625 2703 2760 2756 nihil
2787 2705 3045 2772 praeterit,
3077 2709 3130 2756 et
3169 2702 3224 2754 in
3253 2715 3380 2770 quo,
3411 2701 3453 2754 si
3499 2715 3706 2754 coner}

2115 2798 2214 2854 das
2258 2812 2478 2853 errores
2527 2804 2582 2852 et
2635 2795 2859 2865 lapsus.
2910 2792 2979 2848 de
3022 2792 3141 2861 ejus
3189 2792 3353 2846 etiam
3413 2791 3707 2846 divinitate

2116 2891 2306 2946 tollere
2353 2903 2580 2944 necesse
2627 2897 2731 2951 est,
2781 2901 2882 2941 nec
2926 2885 3310 2955 dedignabitur
3355 2884 3524 2938 etiam
3587 2885 3706 2954 ipse

2117 2980 2444 3053 quandoque
2500 2989 2671 3036 semet
2727 2979 3000 3034 hominem
3047 2993 3170 3033 esse
3221 2978 3396 3031 fateri.
3452 2977 3704 3047 Scaliger

2119 3073 2302 3142 itaque
2333 3071 2679 3127 Aristotelem
2711 3071 2787 3123 ita
2824 3069 2983 3124 vertit
3018 3087 3029 3121 :
3056 3067 3180 3122 Iam
3210 3086 3328 3123 vero
3369 3080 3562 3137 captus
3592 3087 3705 3123 cer-

428 3156 624 3238 Latent
650 3156 861 3235 amissis
895 3179 1030 3234 velut
1063 3180 1305 3234 inermes.
1333 3176 1434 3233 Sed
1477 3187 1527 3232 et
1561 3177 1616 3232 hi
1646 3177 1778 3232 bono
1809 3192 1904 3230 suo
1932 3176 2017 3229 in-
2045 3156 2086 3214 (ἶ
2119 3182 2212 3219 vus
2237 3173 2315 3218 εει
2355 3179 2536 3232 gerem
2567 3162 2621 3214 ίη
2655 3159 2902 3214 cornibus
2933 3170 3142 3214 enatam
3188 3159 3429 3214 hederam
3474 3163 3704 3214 multum

429 3276 681 3332 uidentes.
735 3273 1008 3341 Elianus,
1062 3273 1155 3327 lib.
1208 3289 1258 3326 vr
1319 3270 1396 3326 De
1435 3270 1622 3326 histor.
1671 3270 1862 3334 anim.,
1893 3283 2014 3337 cap.

430 3369 486 3436 5,
516 3367 706 3425 eadem
737 3367 923 3422 refert.
958 3364 1110 3420 Multi
1167 3366 1332 3420 etiam
1381 3377 1606 3417 causam
1653 3376 1822 3431 quare
1871 3361 2017 3414 cervi

432 3475 640 3516 cornua
674 3461 907 3514 latenter
938 3457 1235 3519 dimittant,
1269 3455 1355 3509 vel
1385 3464 1587 3509 terram
1629 3453 1897 3508 fodientes
1926 3467 2022 3506 oc-

432 3553 661 3617 cultent,
695 3551 1113 3620 investigarunt.
1163 3548 1374 3604 Plinius
1403 3549 1470 3602 ad
1502 3546 1762 3602 invidiam
1799 3545 2018 3608 retulit;

432 3645 524 3700 cui
553 3644 831 3701 consentit
882 3642 1158 3704 Atilianus,
1212 3643 1305 3696 lib.
1357 3657 1453 3704 ιιι,
1488 3655 1608 3710 cap.
1655 3639 1723 3692 l7
1759 3657 1772 3692 :
1815 3633 1936 3690 Οἷδε
1965 3636 2022 3688 δὲ

435 3735 531 3789 καὶ
565 3733 758 3802 ἔλαφος
786 3732 848 3785 τὸ
887 3730 1060 3795 δεξιὸν
1104 3731 1270 3799 κέρας
1295 3729 1432 3798 ἔχων
1464 3731 1544 3791 εἰς
1581 3725 1750 3780 πολλὰ
1795 3724 2020 3793 ἀγαθὸν,

436 3826 532 3880 καὶ
549 3824 728 3895 μέντοι
750 3821 1069 3893 κατορύττει
1086 3821 1218 3875 αὐτὸ
1237 3822 1330 3874 καὶ
1349 3819 1689 3890 ἀποκρύπτει
1711 3816 1907 3886 φθόνῳ,
1927 3814 2022 3868 τοῦ

441 3917 518 3988 μὴ
540 3915 790 3970 τοσοῦτον
814 3915 910 3985 (ita
939 3915 1087 3968 enim
1115 3915 1352 3982 corrigo)
1371 3912 1493 3965 τινὰ
1523 3907 2026 3964 ἀπολαῦσαι.ΤΙιεο·

439 4009 698 4080 phrastus
725 4005 864 4073 Περὶ
882 4003 999 4057 τῶν
1021 4003 1360 4073 Jay-owier
1375 4001 1531 4064 ζώων
1553 3999 1816 4070 φθονεῖν,
1839 4007 2024 4068 aperte

440 4099 496 4153 id
525 4103 685 4167 negat
716 4110 826 4151 non
860 4102 1071 4149 tantum
1112 4096 1168 4148 in
1211 4095 1408 4158 cervis,
1441 4093 1537 4150 sed
1569 4101 1626 4148 et
1671 4093 1726 4147 in
1761 4092 1880 4148 aliis
1909 4091 2026 4144 ani-

439 4190 697 4251 malibus,
727 4203 848 4258 quae
871 4202 957 4242 res
983 4187 1106 4241 aliis
1129 4186 1289 4241 utiles
1316 4187 1399 4241 vel
1427 4185 1768 4241 abscondunt
1793 4185 1874 4239 vel
1903 4197 2027 4237 cor-

439 4285 724 4349 rumpunt.
754 4276 990 4332 Tantum
1019 4278 1164 4332 enim
1187 4277 1263 4330 ait
1296 4276 1398 4330 hoc
1429 4275 1837 4332 existimatione
1858 4274 2026 4328 homi-

440 4385 573 4426 num
613 4368 751 4424 falsa
794 4368 1063 4424 accusari.
1101 4366 1175 4420 Ea
1222 4382 1458 4438 namque
1505 4369 1739 4423 naturali
1787 4368 2024 4438 quodam

442 4461 727 4524 instinctu,
777 4460 891 4515 sive
945 4460 1107 4513 etiam
1151 4458 1445 4528 aliquando
1495 4459 1692 4515 timore
1723 4459 1788 4535 _id
1842 4475 2023 4532 agere,

441 4567 677 4625 quorum
713 4562 894 4606 tamen
920 4550 1185 4604 rationem
1220 4565 1321 4605 nos
1357 4552 1643 4622 nequimus
1675 4551 1923 4608 reddere.

515 4643 678 4709 lbiil.,
746 4644 844 4698 lin.
878 4645 964 4699 15.
1018 4643 1128 4708 Καὶ
1179 4642 1402 4708 νυκτὸς
1449 4643 1709 4712 νέμεται.
1757 4643 2032 4710 Ᾱέιίαιιιιε,

446 4735 544 4791 lib.
566 4751 644 4801 Vt,
671 4750 792 4805 cap.
816 4736 849 4790 5
871 4755 884 4790 :
911 4735 1172 4805 Λέγονται
1213 4736 1272 4789 δὲ
1305 4738 1398 4789 καὶ
1421 4735 1800 4805 φυλάττεσθαι,
1829 4738 2037 4808 μήποτε

447 4827 556 4900 ἄρα
603 4831 816 4899 νεαροῖς
859 4825 1008 4882 οὖσιν
1055 4829 1236 4883 αὐτῶν
1272 4831 1385 4892 τοῖς
1417 4827 1618 4892 ἕλκεσι,
1651 4823 1768 4881 εἶτα
1807 4828 2038 4899 προσπί-

449 4937 660 4975 πτουσα
688 4921 721 4991 ἡ
751 4921 912 4984 ἀκτὶς
948 4920 1135 4992 πρὶνῆ
1172 4920 1433 4991 παγῆναι,
1470 4920 1565 4975 καὶ
1603 4921 1729 4983 τοὺς
1765 4918 2037 4990 καλουμέ-

449 5029 578 5076 νους
630 5012 885 5085 χόνδρους
944 5011 1153 5066 λαϐεῖν.
1191 5013 1323 5066 Ἥδε
1383 5015 1482 5085 τὴν
1531 5012 1710 5082 σάρκα
1762 5011 2040 5084 ύποσήψῃ.

451 5104 798 5168 Aristoteles,
829 5104 1012 5159 ωιτη
1056 5104 1132 5158 De
1157 5104 1285 5158 hist.
1312 5107 1500 5170 anim.,
1532 5118 1656 5173 cap.
1687 5103 1722 5156 5
1751 5120 1765 5156 :
1800 5101 2042 5156 Pascun-

457 5205 544 5250 tur
569 5212 662 5266 per
691 5195 746 5250 id
775 5205 976 5267 tempus
1007 5206 1164 5250 noctu
1189 5195 1351 5250 donec
1390 5197 1645 5265 recipiant
1674 5211 1898 5258 cornua,
1925 5209 2041 5264 qua:

455 5289 686 5357 primum
738 5288 895 5358 quasi
946 5296 1063 5341 cute
1106 5288 1294 5340 vestita
1323 5297 1372 5341 et
1404 5286 1719 5340 hirtiuscula
1757 5286 2041 5347 emittunt;

458 5377 548 5433 sed
577 5394 698 5434 cum
734 5377 986 5434 creverint
1028 5378 1133 5432 soli
1171 5386 1460 5448 exponunt,
1502 5387 1561 5430 ut
1607 5384 1967 5448 excoquuntur
1989 5383 2044 5430 et

458 5470 681 5525 siccent.

529 5560 690 5626 lbid.,
713 5562 810 5618 lin.
834 5563 922 5619 l5.
953 5560 1299 5632 Βουλομὲνη
1329 5560 1397 5614 δὲ
1417 5559 1752 5630 δοκιμάσαι.
1774 5559 2044 5614 Aristote-

463 5652 544 5709 les
573 5650 770 5708 ibidem
797 5672 812 5710 :
846 5655 1013 5708 Ὅταν
1041 5653 1096 5706 δὲ
1126 5653 1323 5724 μηκέτι
1359 5652 1561 5707 πονῶσι
1592 5653 1728 5723 πρὸς
1754 5651 1823 5703 τὰ
1851 5650 2043 5722 δένδρα

463 5740 730 5813 κνώμενοι
761 5745 919 5809 αὐτὰ,
947 5746 1067 5799 τότε
1095 5746 1406 5799 ἐκλείπουσι
1436 5744 1562 5808 τοὺς
1590 5744 1790 5806 τόπους
1816 5740 2041 5802 τούτους

2120 3253 2360 3322 viridem,
2386 3253 2538 3324 quasi
2568 3268 2683 3322 quia
2711 3267 2828 3304 cum
2859 3251 3049 3306 tenella
3088 3261 3284 3316 essent,
3319 3251 3508 3304 innata
3547 3253 3704 3319 fuerit

2122 3359 2374 3417 tanquam
2413 3347 2469 3400 in
2515 3344 2702 3398 arbore
2743 3343 2921 3398 uiridi.
2968 3341 3047 3398 Ne
3091 3343 3206 3397 hilo
3229 3343 3447 3414 quidem
3483 3346 3703 3401 melius.

2120 3439 2312 3493 Adhuc
2335 3454 2533 3493 nomen
2555 3437 2786 3508 ἀχαίτης
2815 3437 3002 3491 nescio
3033 3451 3139 3506 qua
3162 3439 3368 3492 ratione
3392 3439 3704 3506 explosum.

2123 3531 2255 3598 Quae
2283 3531 2499 3586 nescias
2527 3531 2954 3602 praetermittere.
2991 3527 3094 3584 Sed
3124 3530 3428 3596 videamus,
3460 3532 3601 3600 quid
3631 3534 3705 3585 in-

2124 3624 2306 3679 nuerit
2349 3622 2690 3677 Aristoteles.
2724 3619 2824 3674 Diu
2864 3621 2918 3675 in
2946 3636 3008 3675 ea
3041 3620 3117 3675 fui
3150 3622 3438 3685 sententia,
3485 3623 3617 3676 loco
3651 3624 3708 3676 il—

2124 3716 2230 3771 lius
2287 3715 2684 3770 restituendum
2743 3729 2869 3769 esse
2926 3715 3216 3784 Ἀχαϊκὸς,
3273 3715 3591 3778 Achaicus,
3649 3731 3706 3769 es

2125 3808 2332 3863 Achaia
2370 3808 2610 3878 regione,
2636 3805 2741 3861 nisi
2770 3805 2825 3860 id
2849 3805 2991 3860 idem
3019 3805 3361 3860 retinendum
3393 3817 3548 3861 esset
3575 3821 3709 3860 nova

2126 3897 2358 3969 quadam
2401 3897 2726 3951 formatione
2764 3896 3038 3967 ’Δχαῒτης,
3073 3913 3141 3951 ex
3169 3895 3404 3958 Achaia,
3441 3896 3712 3952 Aristotc—

2127 3991 2342 4058 lemque
2363 3989 2604 4044 locutum
2635 3987 2702 4042 de
2731 4003 2894 4043 cervo
2925 3997 3086 4059 capto
3109 3989 3357 4043 videlicet
3395 3991 3450 4044 in
3479 3991 3709 4045 Achaia.

2127 4081 2500 4136 Confirmabat
2532 4095 2704 4134 meam
2735 4083 3058 4135 sententiam
3089 4081 3228 4134 idem
3247 4081 3710 4151 Aristoteles,qui

2129 4177 2311 4231 libello
2339 4175 2479 4243 Περὶ
2506 4176 2853 4244 θαυμασίων
2880 4174 3277 4244 ἀκουσμάτων
3300 4175 3354 4227 in
3383 4174 3600 4229 Achaia
3634 4178 3709 4230 di-

2128 4269 2204 4320 cit
2264 4280 2476 4329 cervos,
2529 4264 2747 4318 amissis
2795 4264 3074 4326 cornibus,
3124 4263 3450 4318 solitudines
3501 4273 3708 4333 petere.

2127 4356 2264 4411 Φασὶ
2291 4355 2348 4409 δέ.
2378 4373 2532 4419 τινας
2563 4357 2622 4409 ἐν
2664 4356 2853 4427 Ἀχαΐᾳ
2899 4354 3007 4408 τῶν
3043 4354 3273 4423 ἐλάφων,
3318 4370 3482 4424 quem
3532 4356 3711 4409 locum

2131 4447 2384 4518 superius
2415 4447 2842 4517 exscripsimus,
2888 4445 2963 4500 ibi
3008 4447 3153 4500 enim
3208 4445 3391 4500 subdit
3431 4463 3444 4498 :
3481 4445 3711 4507 Πολλαῖς

2127 4541 2185 4594 δὲ
2223 4540 2410 4594 κισσὸν
2457 4539 2832 4610 ἐπιπεφυκότα
2877 4539 2936 4591 ὲν
2977 4537 3056 4608 τῷ
3109 4536 3218 4591 τῶν
3269 4537 3518 4608 κεράτων
3565 4539 3712 4608 τόπῳ

2123 4634 2372 4703 ὁρᾶσθαι.
2410 4631 2536 4687 Huic
2579 4641 2759 4688 tamen
2806 4647 2906 4687 nec
2936 4632 3124 4695 dubio,
3154 4645 3255 4685 nec
3297 4631 3586 4685 hominum
3622 4646 3712 4685 ex-

2126 4723 2442 4793 spectationi
2472 4723 2798 4778 videbantur
2821 4723 2976 4783 satis,
3005 4737 3127 4777 cum
3153 4721 3330 4775 adhuc
3356 4730 3504 4774 esset
3537 4720 3711 4774 incer-

2127 4824 2241 4869 tum
2299 4829 2369 4869 an
2426 4814 2494 4870 de
2539 4816 2718 4869 cervis
2774 4813 3029 4869 Achaicis
3085 4814 3420 4882 loqueretur,
3477 4827 3711 4882 quorum

2126 4908 2278 4962 nulla
2297 4906 2439 4962 facta
2470 4908 2768 4974 mentione,
2796 4907 2890 4962 sed
2923 4907 3030 4962 alio
3045 4907 3208 4960 ducto
3238 4906 3511 4976 principio
3539 4905 3671 4960 dicit
3696 4924 3710 4959 :

2127 4999 2355 5062 Πολλαϊς
2387 4998 2442 5052 δὲ
2471 4998 2658 5052 κισσὸν
2687 4999 3077 5068 ἐπιπεφυκότα.
3111 4997 3216 5055 Sed
3239 5015 3294 5054 re
3319 5000 3519 5053 melius
3540 5001 3712 5068 inspe-

2128 5099 2214 5144 cta
2248 5089 2727 5160 considerataque,
2781 5093 2856 5146 ita
2897 5093 3077 5146 locum
3111 5091 3420 5146 Aristotelis
3447 5094 3709 5146 restituo:

2133 5182 2272 5252 Ἤδη
2305 5182 2360 5234 δὲ
2388 5183 2640 5253 εἴληπται
2681 5185 2874 5255 ἀχαῖνὴ
2920 5183 3135 5253 ἔλαφος,
3177 5185 3255 5239 vel
3291 5183 3546 5254 ἀχαΐνης,
3572 5184 3712 5255 quod

2130 5283 2185 5331 et
2215 5275 2432 5332 melius.
2483 5275 2640 5330 Libet
2687 5279 2831 5332 enim
2877 5292 3097 5332 cervum
3129 5277 3277 5331 hunc
3314 5276 3390 5329 ita
3421 5278 3710 5346 appellare,

2131 5367 2274 5438 quod
2305 5365 2624 5438 Etymologo
2653 5367 2924 5423 referente
2958 5369 3104 5423 circa
3149 5367 3470 5422 Achaainam
3503 5368 3708 5426 urbem,

2132 5461 2248 5516 sive
2307 5459 2472 5514 etiam
2522 5459 2822 5528 regionem,
2873 5462 2986 5514 sint
3029 5473 3224 5530 genera
3269 5474 3560 5513 cervorum
3607 5473 3710 5510 ma-

2133 5565 2386 5620 gnorum,
2437 5550 2668 5620 ideoque
2711 5565 2902 5607 cervos
2943 5552 3016 5605 ita
3066 5561 3330 5605 vocatos:
3379 5549 3707 5619 Ἀχαιῖνέαή

2133 5641 2350 5712 ἔλαφος,
2395 5642 2811 5707 Ἀπολλώνιος...
2838 5646 2906 5715 ἣν
2935 5646 2982 5698 τ’
3019 5645 3263 5716 άγρῶται
3292 5645 3577 5714 ἀχαιῖνὲην
3620 5658 3708 5694 κα-

2139 5735 2351 5790 λέουσιν
2375 5735 2480 5790 me
2515 5738 2816 5808 Ἀχαιῖνὲας
2852 5738 3078 5808 πόλεως,
3114 5740 3173 5792 ὲν
3277 5738 3390 5804 εἴδη
3428 5740 3568 5791 εἰσὶν
3596 5734 3708 5789 ἑλά-
