3810 6168
221 295 323 350 941

1126 287 1195 350 iN
1235 286 1612 351 EUSTATHH
1652 283 2130 351 ilEXAEMERON
2171 285 2406 349 NOTAE.

3375 293 3482 350 9η

217 431 337 488 φων
396 419 664 490 μεγάλων.
723 417 787 474 Et
837 418 1178 482 Aristoteles,
1239 419 1334 473 lib.
1383 433 1421 472 ιι
1472 418 1552 473 De
1598 418 1797 473 histor.
1830 430 1872 484 Α
1903 434 2024 483 nus,
2059 433 2260 482 cervus,
2287 417 2471 480 doma,
2509 425 2562 471 et
2591 415 2753 486 paulo
2790 426 2911 487 post
2947 435 2958 469 :
2992 412 3343 482 Quamobrem
3371 417 3484 483 puts

215 512 469 575 animat.,
503 527 624 582 cap.
671 511 758 577 15,
815 511 1053 582 Αχαῖνάς
1083 513 1393 582 appellavit.
1437 511 1559 566 Τῶν
1588 512 1645 565 δὲ
1677 511 1795 566 ὲλάο

216 621 335 672 φων
378 606 433 657 ai
493 605 711 674 ἀχειῖναὶ
759 603 1090 675 καλούμεναι
1119 604 1380 658 δοκοῦσιν
1438 603 1582 675 ἔχειν
1629 606 1688 658 ὲν
1737 607 1803 677 τῇ

215 697 402 767 κέρκῳ
459 697 662 768 χολήν,
707 712 850 768 quos
914 697 1158 766 Scaliger
1204 698 1260 751 in
1316 714 1371 752 ix
1415 699 1534 751 vult
1582 707 1805 756 vocatas

214 788 465 858 ἁχαῖτας.
519 789 693 854 Quam
746 796 892 845 recte
939 789 1168 843 aliorum
1221 797 1341 846 esto
1384 790 1677 857 judicium.
1724 789 1802 846 Ex

215 879 512 936 Aristotele
559 882 866 953 Antigonus
917 881 1200 953 Carystius
1256 885 1311 936 in
1366 882 1565 936 Mirab.
1608 899 1628 937 :
1683 883 1804 938 Τῶν

213 971 275 1025 δὲ
309 973 522 1041 ἐλάφων
553 976 679 1038 τοὺς
717 975 995 1045 ὰχαιϊνους
1033 975 1398 1047 καλουμένους
1438 976 1612 1030 δοκεῖν
1640 979 1698 1030 ὲν
1734 978 1801 1048 τῇ

213 1064 400 1136 κέρκῳ
423 1065 520 1138 τὴν
541 1066 704 1138 χολὴν
737 1068 900 1138 ἔχειν.
939 1067 1171 1124 Dubium
1221 1077 1398 1123 tamen
1437 1084 1598 1124 omne
1642 1070 1804 1124 solvit

215 1158 362 1213 idem
411 1160 718 1229 Antigonus
748 1201 763 1227 ,
820 1162 986 1216 verba
1055 1163 1372 1218 exscribens
1413 1163 1742 1218 -Aristotelis
1783 1180 1798 1220 :

217 1251 359 1321 ’Ἤδη
402 1252 461 1305 δὲ
491 1252 802 1324 ζδιειλῆφθαι
855 1257 1106 1326 ἀχαιῖνην
1145 1255 1338 1324 ἔλαφον
1372 1252 1550 1310 κιττὸν
1578 1255 1803 1326 ἔχουσαν

212 1343 308 1395 ἐπὶ
333 1343 440 1397 τῶν
465 1346 731 1418 κεράτων,
766 1346 841 1409 ὡς
871 1347 937 1400 ἂν
969 1347 1213 1418 ἐνύγρων
1243 1349 1433 1402 ὄντων.
1460 1348 1639 1414 Quare
1667 1352 1804 1404 scri-

212 1434 452 1489 bendum
489 1438 762 1503 existimo,
789 1439 891 1509 ἤδη
924 1439 980 1492 δὲ
1019 1439 1274 1510 εἴληπται
1301 1441 1551 1512 ἀχαιῖνης
1582 1441 1798 1510 ἔλαφος,

210 1534 269 1581 et
301 1531 655 1599 reddendum,
681 1532 809 1586 Jam
831 1546 951 1588 vero
980 1545 1165 1602 captus
1187 1543 1265 1588 est
1309 1534 1567 1589 achwines
1599 1553 1798 1591 cervus.

287 1624 443 1689 lbid.,
471 1625 567 1679 lin.
598 1626 682 1680 i9.
717 1627 873 1693 Πρὸς
917 1626 987 1680 δὲ
1027 1627 1100 1681 τὰ
1148 1626 1436 1694 δήγματα.
1481 1627 1800 1683 Aristoteles

211 1717 405 1773 eodem
439 1717 560 1772 loco
592 1735 605 1771 :
637 1715 788 1771 Cervi
821 1719 985 1771 marsi
1020 1719 1098 1772 vel
1129 1735 1162 1770 a
1197 1719 1478 1788 phalangio
1519 1718 1596 1772 vel
1619 1735 1652 1771 a
1679 1735 1802 1787 quo-

1906 507 2025 562 chre
2058 525 2091 562 a
2119 508 2374 562 veteribus
2406 507 2601 583 dicitur
2629 507 2761 573 illis,
2786 511 2876 576 qui
2907 523 3126 562 causam
3152 524 3245 561 cur
3279 507 3482 560 diutius

1904 602 2128 666 vivatur,
2164 601 2301 671 fellis
2343 602 2659 656 vacuitatem
2707 617 2818 654 esse
2860 602 3030 667 aiunt,
3074 611 3382 671 argumento
3421 614 3487 654 ea:

1905 691 2196 758 sotipedum
2237 707 2609 761 cervorumque
2653 706 2838 759 genere
2870 689 3094 743 deducto
3137 704 3156 744 :
3196 690 3307 743 tunc
3346 691 3485 744 enim

1903 795 1953 837 et
1997 784 2118 854 felle
2155 794 2362 846 vacant,
2411 792 2462 837 et
2507 784 2597 836 diu
2639 784 2834 838 vivunt.
2883 781 3092 837 Plinius
3126 783 3220 839 lib.
3256 798 3330 845 ιι,
3361 797 3482 868 cep.

1904 878 1993 942 '57,
2025 877 2168 947 quod
2199 877 2266 933 de
2288 877 2534 932 Achaino
2564 877 2681 931 solo
2711 875 3033 932 Aristotcles
3072 899 3082 932 :
3124 877 3242 948 ipse
3269 877 3337 932 de
3366 891 3486 932 om-

1905 967 2070 1021 nibus
2102 967 2304 1022 tradit:
2334 954 2470 1021 Sunt
2524 968 2614 1038 qui
2659 984 2789 1038 equo
2819 985 2924 1022 non
2951 967 3160 1037 quidem
3205 968 3258 1022 in
3307 967 3486 1037 jecore

1902 1076 2034 1124 esse,
2074 1061 2171 1115 sed
2205 1062 2261 1114 in
2293 1061 2408 1116 alvo
2443 1073 2645 1132 putent,
2675 1075 2724 1118 et
2754 1081 2901 1119 cervo
2938 1065 2994 1117 in
3026 1062 3198 1115 cauda
3228 1070 3319 1114 aut
3349 1061 3486 1114 inte-

1901 1157 2082 1211 stinis.
2116 1155 2326 1211 Plinius
2367 1158 2590 1224 ibidem,
2638 1159 2897 1215 intestina
2943 1170 3229 1214 cervorum
3271 1159 3479 1208 tantam

1902 1249 2104 1304 habere
2135 1251 2300 1304 tradit
2327 1252 2773 1315 amaritudinem,
2809 1261 2863 1306 ut
2913 1265 2943 1304 a
2978 1250 3210 1304 canibus
3255 1262 3364 1302 non
3400 1253 3480 1299 at-

1903 1339 2204 1409 tingantur.
2242 1341 2565 1396 Aristotcles
2591 1383 2605 1408 ,
2643 1341 2718 1396 De
2760 1343 2886 1398 hist.
2936 1341 3099 1394 anim.
3133 1338 3226 1392 lib.
3267 1353 3331 1404 ιι,
3355 1350 3476 1406 cap.

1905 1431 1992 1496 15,
2037 1446 2100 1486 ea
2156 1433 2366 1496 scribit,
2400 1446 2430 1485 a
2461 1433 2692 1487 canibus
2742 1448 2854 1486 non
2899 1431 3115 1502 attingi,
3146 1429 3252 1484 nisi
3283 1442 3481 1516 cervus

1902 1523 2232 1594 praepinguis
2283 1523 2376 1578 sit.
2414 1523 2633 1580 Falsum
2669 1525 2721 1578 id
2776 1539 2898 1579 esse
2927 1522 3279 1592 experientia,
3306 1525 3360 1576 et
3389 1536 3482 1574 ve-

1902 1625 2122 1670 natores
2156 1615 2374 1682 docent,
2407 1617 2498 1687 qui
2546 1624 2706 1688 capto
2735 1630 2897 1671 cervo
2932 1617 2989 1669 in
3024 1629 3229 1669 morem
3281 1612 3481 1667 habent

1902 1705 2022 1776 ejus
2046 1707 2369 1766 visceribus.
2397 1708 2695 1771 intestinis,
2718 1716 2772 1762 et
2795 1707 3062 1778 sanguine
3085 1719 3249 1759 canes
3273 1703 3476 1759 cibare.

212 1808 292 1861 vis
324 1808 523 1877 generis
556 1807 810 1875 ejusdem,
837 1825 1058 1862 cancros
1085 1810 1265 1862 edunt.
1297 1808 1450 1874 Quod
1474 1809 1611 1862 idem
1635 1810 1778 1863 etian

1903 1797 2259 1862 Aristoteles,
2314 1798 2391 1854 De
2431 1800 2556 1854 hist.
2616 1802 2781 1854 anim.
2835 1799 2933 1854 lib.
2987 1813 3060 1860 Iv,
3105 1812 3226 1867 cap.
3260 1799 3477 1860 ultimo,

211 1895 416 1950 homini
465 1897 710 1966 prodesse
758 1907 1019 1967 putatur;
1064 1900 1155 1954 sed
1209 1917 1312 1954 non
1363 1911 1505 1954 caret
1554 1900 1795 1970 fastidio.

212 1988 564 2055 Plutarchus,
593 1993 630 2046 l.
673 1994 899 2062 Πότερα
922 1993 1042 2062 τῷν
1063 1992 1236 2060 ζώων,
1276 1993 1549 2051 Nicander
1577 1995 1631 2050 in
1667 1994 1800 2049 The-

210 2082 398 2148 riacis,
426 2081 706 2154 Oppianus
739 2059 962 2155 Kornr.
982 2059 1034 2140 ἰι
1065 2105 1080 2142 :

210 2195 412 2268 Αὐτὰρ
441 2194 495 2258 ὃ,
528 2193 834 2268 γινώσκων
861 2197 1066 2250 θεόθεν
1097 2198 1277 2266 τόπερ
1317 2197 1542 2268 ἔλλαχε
1584 2197 1796 2268 δῶρον,

211 2264 418 2337 Πάν-τῃ
442 2269 729 2337 μαστεύει
757 2266 1052 2336 δνοφερὸν
1078 2264 1362 2337 ποταμοῖο
1380 2264 1645 2337 ρἐθρον.

211 2336 418 2408 Κεῖθεν
446 2335 804 2408 καρκινάδας
835 2335 904 2390 δὲ
930 2339 1137 2408 φίλαις
1164 2335 1447 2407 ﬁmum
1477 2339 1798 2408 δαμάσσας

212 2405 532 2477 Φάρμακον
560 2405 990 2461 αὐτοδίδακτον
1015 2407 1140 2477 ἔχει
1171 2405 1600 2479 πολυπήμονος
1626 2405 1795 2480 sitne.

211 2536 541 2591 Adnotanda
583 2537 836 2593 videntur
871 2536 1135 2594 nonnulla
1163 2540 1230 2595 de
1261 2543 1462 2608 cervis,
1500 2545 1555 2598 in
1589 2545 1794 2614 quibus

212 2639 468 2685 auctores
514 2629 799 2685 dissident.
858 2631 1183 2689 Aristoteles
1240 2633 1337 2690 lib.
1405 2651 1505 2690 vui
1582 2635 1790 2692 Ilistor.

211 2725 407 2789 enim,
439 2737 561 2794 cap.
591 2722 694 2791 28;
737 2721 957 2790 Strabo,
990 2724 1223 2789 Plinius,
1260 2725 1486 2794 Seneca,
1512 2727 1790 2796 Lucanus,

211 2815 542 2886 Antigonus,
587 2816 894 2873 Herodotus
928 2816 1264 2888 Melpomene
1294 2835 1403 2874 uno
1431 2836 1526 2876 ore
1557 2822 1794 2878 fatentur

211 2911 268 2963 in
317 2909 482 2981 Libya
519 2925 697 2979 neque
739 2925 960 2964 cervum
1002 2926 1180 2983 neque
1215 2926 1407 2981 aprum
1447 2913 1617 2968 ullum
1645 2929 1787 2971 esse.

209 2998 495 3070 Oppianus
526 2999 726 3056 Africae
762 3001 978 3066 tribuit,
1011 3003 1104 3056 lib.
1156 3019 1192 3056 ιι
1237 3007 1462 3074 Κυνηγ.
1487 3004 1792 3062 Commune

210 3094 266 3148 id
302 3093 495 3147 habuit
533 3107 657 3147 cum
689 3091 939 3164 Virgilio.
979 3094 1073 3163 qui
1105 3094 1198 3149 lib.
1228 3111 1244 3148 1
1270 3103 1324 3150 et
1354 3113 1427 3160 Iv,
1466 3096 1696 3153 Aineam
1731 3099 1786 3153 in

209 3187 397 3242 littore
427 3185 624 3241 Africae
660 3202 850 3243 cervos
881 3188 1199 3258 agitantem,
1224 3196 1278 3244 et
1306 3190 1662 3260 conligentem
1701 3190 1784 3245 fa-

208 3275 310 3340 cit,
343 3285 398 3330 et
426 3291 550 3330 cum
576 3275 910 3332 Philostrato
940 3279 1224 3332 Albericus
1255 3281 1494 3349 gentilis,
1522 3281 1617 3337 lib.
1670 3280 1790 3336 Vin

207 3369 306 3440 git.
331 3369 476 3432 tect.,
516 3384 570 3426 c.
612 3369 668 3436 8,
701 3371 978 3424 existimat
1006 3369 1290 3442 Virgilium
1333 3387 1456 3426 cum
1491 3387 1684 3428 cervos
1731 3375 1788 3428 in

207 3461 396 3516 Africa
435 3463 641 3532 posuit,
681 3471 928 3517 secutum
964 3477 1087 3518 esse
1133 3461 1397 3517 Timaeum
1438 3464 1786 3530 historicum,

206 3553 372 3623 cujus
427 3553 570 3608 haud
618 3554 910 3610 mediocris
956 3555 1252 3610 auctoritas
1279 3565 1385 3611 est.
1433 3555 1499 3609 Et
1530 3555 1790 3612 Brodaaus

207 3645 402 3711 tradit,
435 3647 531 3702 lib.
568 3647 863 3702 Miscetlan.
896 3663 1018 3712 vm,
1048 3664 1166 3719 cap.
1204 3650 1290 3715 15,
1321 3648 1482 3704 Italos
1510 3665 1539 3703 a
1578 3666 1637 3706 se
1663 3647 1791 3704 Gal-

210 3742 410 3811 :osque
451 3740 544 3810 qui
583 3741 812 3796 fuissent
857 3741 910 3795 in
950 3740 1134 3795 Africa
1175 3741 1532 3796 barbarorum
1567 3742 1787 3812 captivi,

209 3848 277 3888 ea
307 3835 376 3888 de
406 3848 466 3888 re
487 3835 850 3903 interrogatos
875 3848 1020 3897 esse,
1046 3848 1110 3886 ac
1143 3835 1510 3902 respondisse,
1531 3834 1584 3887 in
1603 3835 1787 3887 Africa

208 3938 406 3980 cervos
435 3939 495 3980 se
524 3925 728 3978 vidisse
761 3927 1079 3993 permultos.
1113 3925 1344 3992 Quidam
1384 3926 1548 3980 etiam
1593 3941 1659 3981 ex
1697 3939 1792 3982 ve-

209 4015 499 4070 natoribus
533 4016 607 4068 ita
646 4014 927 4086 Virgilium
958 4015 1248 4072 defendere
1276 4017 1376 4072 visi
1405 4026 1562 4084 sunt;
1595 4034 1790 4089 nempe

208 4107 364 4166 illum
411 4107 649 4160 locutum
700 4105 868 4162 fuisse
907 4123 1003 4179 per
1048 4108 1514 4178 anticipationem,
1559 4110 1786 4181 ﬁguram

209 4198 389 4268 poetis
427 4197 774 4254 familiarem.
812 4201 1008 4254 Dicunt
1053 4201 1217 4264 enim,
1256 4215 1446 4255 eorum
1471 4203 1562 4272 qui
1599 4203 1652 4256 id
1690 4219 1790 4257 ne-

207 4300 412 4360 garunt
439 4305 555 4343 avo
593 4304 786 4346 cervos
827 4293 1008 4348 nullos
1046 4294 1101 4346 in
1133 4293 1316 4347 Africa
1353 4294 1545 4360 fuisse,
1577 4292 1791 4365 Virgilii

208 4390 394 4436 autem
425 4390 582 4436 aetate
618 4383 729 4452 jam
757 4384 977 4439 aliunde
1009 4385 1265 4441 advectos
1291 4387 1591 4452 exstitisse,
1627 4389 1792 4441 adeo-

1903 1888 2116 1946 Generis
2145 1894 2338 1947 cervini
2364 1893 2561 1962 femina
2583 1909 2839 1947 cornuum
2868 1893 3036 1960 inops,
3066 1891 3356 1961 mutilaquc
3378 1899 3478 1952 est,

1900 1990 1954 2038 et
1992 1983 2065 2037 De
2093 1994 2234 2053 part.
2269 1987 2434 2040 anim.
2461 1987 2556 2040 lib.
2591 2002 2676 2048 ιιι,
2700 2001 2820 2056 cap.
2854 1985 2901 2048 Ι,
2930 1984 3264 2054 Quapropter
3287 1983 3341 2036 in
3368 1998 3482 2036 cer-

1900 2092 2082 2130 varum
2118 2093 2319 2146 genere,
2349 2095 2468 2132 cum
2493 2077 2724 2132 maribus
2761 2094 2963 2132 cornua
2998 2075 3354 2145 sint,feminis
3389 2073 3482 2127 de-

1897 2179 2056 2232 sunt;
2087 2181 2141 2224 et
2187 2171 2351 2241 hujus
2403 2171 2458 2225 in
2486 2173 2675 2226 eodem
2725 2172 2904 2241 capite
2951 2171 3216 2225 rationem
3271 2166 3476 2223 subdit.

1897 2261 2087 2316 Pollux
2123 2263 2401 2320 Onomast.
2439 2266 2534 2320 lib.
2567 2282 2623 2331 v,
2661 2267 2771 2318 τῶν
2813 2264 3028 2334 ἐλάφων
3066 2263 3280 2333 ἄκερως
3309 2263 3342 2324 ή
3373 2258 3482 2313 θεία

1897 2353 2032 2408 λεια·
2077 2358 2106 2409 ὁ
2137 2355 2184 2410 δ’
2230 2357 2406 2429 ἄρῤην
2444 2357 2761 2429 κεροφὸρος,
2810 2357 2844 2428 ἢ
2889 2357 3181 2428 κεράστης.
3239 2354 3347 2407 Alii
3396 2352 3478 2406 fe-

1898 2446 2062 2502 minis
2117 2462 2324 2502 cornua
2385 2449 2701 2503 trihuerunt
2752 2467 2764 2502 :
2817 2447 3088 2502 Pindarus
3149 2446 3358 2517 Olymp.
3419 2438 3475 2506 ὅ,

1896 2537 2240 2610 χρυσόκερων
2270 2540 2465 2608 ἔλαφον
2513 2539 2748 2612 θήλειαν.
2783 2539 3149 2594 Callimachus
3189 2538 3377 2609 hymn.
3421 2536 3476 2590 in

1895 2629 2121 2686 Dianam
2147 2646 2272 2685 cum
2309 2631 2378 2687 de
2410 2633 2590 2687 cervis
2625 2631 2843 2688 feminis
2879 2633 3216 2702 loqueretur,
3240 2628 3477 2701 κεραίων

1893 2721 1938 2776 δ’
1966 2723 2321 2795 ἀπελάμπετο
2344 2725 2565 2797 χρυσός.
2591 2721 2694 2781 Ubi
2728 2725 3062 2780 Scholiastes
3085 2725 3189 2778 hoc
3217 2729 3476 2793 tanquam

1893 2809 2092 2868 novum
2135 2822 2326 2884 notat,
2389 2817 2712 2888 σημείωσαι,
2769 2816 2968 2886 inquit,
3014 2817 3095 2869 ὅτι
3127 2815 3228 2879 τὰς
3259 2814 3476 2885 Οηλείας

1893 2903 2125 2973 ἐλάφους
2152 2901 2552 2979 κερατοφόρους
2578 2902 2719 2960 εἶπε.
2763 2905 2903 2972 Quid
2955 2906 3043 2959 hic
3077 2905 3394 2959 adnotarem
3420 2904 3475 2958 lu

1894 3003 2045 3050 tanta
2079 3011 2266 3052 rerum
2305 2997 2560 3054 inscitia?
2599 2997 2854 3053 Solemne
2879 2998 2984 3052 hoc
3015 2997 3115 3052 fuit
3139 2997 3315 3068 poctis
3344 3011 3478 3051 cons

1893 3091 2074 3144 traria:
2123 3092 2408 3146 sententia:
2457 3092 2846 3158 assertoribus,
2894 3107 3129 3162 quorum
3181 3093 3476 3146 nonnullos

1890 3183 2198 3252 aggregavit
2219 3183 2489 3250 IElianus,
2514 3182 2593 3238 De
2619 3183 2746 3239 hist.
2777 3185 2940 3239 anim.
2971 3184 3064 3238 lib.
3093 3199 3192 3246 vn,
3222 3200 3345 3254 cap.
3380 3181 3473 3248 ὅτ),

1891 3268 2218 3340 Sophoclem
2249 3273 2458 3328 scilicet
2498 3273 2553 3326 in
2597 3273 2853 3337 Atoadis;
2882 3272 3196 3343 Euripidem
3244 3277 3298 3329 in
3326 3271 3476 3344 Iphi-

1889 3364 2042 3433 genia
2071 3372 2126 3418 et
2162 3364 2456 3420 Temenidis
2474 3364 2832 3431 ;Pindarum,
2851 3366 3246 3421 Anacreontem
3267 3385 3282 3434 δ
3307 3375 3360 3422 et
3376 3365 3475 3421 Jul-

1892 3456 2002 3511 lius
2051 3453 2316 3526 Scaliger,
2365 3457 2461 3512 lib.
2503 3472 2588 3521 ιιι,
2635 3457 2812 3524 Poet.,
2864 3472 2988 3528 cap.
3025 3458 3082 3524 4,
3132 3459 3327 3514 scribit
3372 3474 3473 3516 sua

1889 3552 2048 3601 atate
2082 3547 2135 3600 in
2181 3545 2356 3603 Gallia
2385 3555 2599 3618 captam
2635 3547 2806 3604 fuisse
2845 3564 3063 3605 cervam
3111 3551 3464 3621 cornigeram

1891 3647 1946 3693 et
1989 3639 2109 3709 ejus
2140 3640 2304 3694 etiam
2337 3652 2503 3711 caput
2529 3643 2757 3696 servari.
2788 3640 3029 3698 Joannes
3055 3641 3314 3714 Laugius,
3343 3644 3473 3715 Epia

1890 3732 2013 3786 stat.
2041 3733 2368 3796 medicinab,
2385 3748 2472 3803 ep.
2507 3733 2596 3798 70,
2623 3733 2718 3788 lib.
2743 3749 2783 3797 ι,
2800 3734 3069 3790 referente
3094 3734 3330 3791 Henrico
3353 3735 3475 3791 Sal-

1891 3823 2123 3887 muthio,
2171 3824 2567 3879 commentario
2609 3825 2662 3878 in
2699 3825 2956 3880 Guidonis
3010 3825 3286 3882 Panciroti
3334 3843 3470 3884 nova

1891 3927 2080 3985 repert.
2108 3919 2193 3973 tit.
2236 3917 2324 3983 l0,
2350 3918 2416 3973 de
2441 3919 2759 3989 horologiis,
2785 3921 3035 3976 scribunt
3064 3923 3120 3977 in
3144 3933 3300 3980 utero
3323 3928 3472 3980 cervi

1891 4008 2186 4079 cornigeri,
2219 4026 2383 4080 quam
2418 4009 2583 4066 Ottho
2628 4009 2914 4080 Henricus,
2964 4028 3148 4071 comes
3187 4015 3474 4074 Palatinus

1891 4117 2060 4172 prope
2124 4097 2466 4174 Odewangh'
2501 4114 2740 4173 ceperat,
2794 4117 3067 4176 repertum
3107 4107 3300 4175 fuisse,
3343 4110 3473 4166 dum

1891 4195 2290 4251 evisceraretur
2308 4196 2593 4250 hinnulum
2614 4198 3006 4255 membranulis
3018 4201 3471 4272 circumseptum.

1892 4285 2185 4354 etquidem
2213 4301 2406 4342 cervos
2441 4286 2707 4357 quosdam
2744 4305 2911 4345 sexus
2938 4301 3193 4347 naturam
3232 4297 3470 4361 variare,

1894 4376 2021 4431 inde
2045 4378 2274 4448 colligit,
2310 4380 2455 4449 quod
2481 4380 2828 4437 observatum
2849 4383 2921 4438 sit
2935 4399 3126 4437 cervas
3144 4385 3474 4457 quandoque

207 4489 320 4543 que
347 4484 558 4542 poetam
597 4489 661 4529 ea
695 4475 771 4528 uti
810 4476 1048 4530 voluisse
1076 4478 1267 4546 ﬁgura,
1298 4493 1418 4546 qua;
1450 4476 1638 4532 Graece
1660 4478 1790 4531 dici-
1825 4491 1868 4548 ο
1895 4483 2124 4532 cornua,
2155 4481 2276 4540 Quae
2303 4473 2481 4526 virilia
2530 4485 2812 4529 cervorum
2844 4489 2994 4530 arma
3038 4486 3187 4540 sunt,
3231 4487 3470 4548 gestare.

209 4573 303 4619 tur
341 4559 628 4637 πρόληψις.
665 4566 820 4632 Quod
855 4567 1207 4638 probabiliter
1229 4569 1336 4623 dici
1376 4568 1650 4623 videbitur
1670 4567 1796 4622 Car-

207 4658 430 4728 pathios
473 4659 704 4728 lepores,
729 4674 942 4712 necnon
972 4669 1025 4713 et
1053 4657 1267 4714 Siculos
1289 4660 1790 4723 considerantibus,

191 4749 303 4818 qui
336 4762 461 4801 cum
492 4762 602 4802 non
628 4757 814 4803 essent
845 4749 1220 4817 importati,ad
1245 4748 1525 4805 fastidium
1549 4766 1724 4820 usque
1739 4759 1795 4804 et

207 4854 408 4894 noxam
444 4841 807 4896 increverunt.
841 4838 1000 4896 Levis
1029 4849 1210 4896 tamen
1245 4851 1331 4897 est
1360 4843 1453 4896 illa
1493 4842 1793 4898 vindicatio

207 4931 254 4984 si
301 4946 488 4985 verum
530 4932 687 4985 fateri
742 4933 1015 4986 volumus.
1066 4931 1201 4986 Cum
1261 4931 1494 4995 Plinius,
1557 4932 1788 4998 Seneca,

209 5018 431 5087 Strabo,
467 5021 744 5084 Lucanus,
776 5023 1101 5093 Antigonus,
1136 5022 1432 5094 Virgiliano
1457 5038 1572 5079 aevo
1604 5040 1786 5095 pares,

210 5123 274 5169 ut
317 5115 390 5168 ita
433 5116 635 5179 dicam,
673 5119 756 5172 vel
799 5117 1108 5183 inferiores,
1143 5117 1196 5170 id
1240 5132 1347 5170 non
1391 5118 1790 5172 animadverte-
1839 5169 1846 5178 ,

208 5216 362 5272 runt,
393 5210 484 5277 qui
513 5224 705 5263 omnes
732 5211 1053 5270 oscitantize,
1089 5217 1148 5263 ut
1183 5225 1325 5264 unus
1355 5209 1615 5280 Virgilius
1639 5210 1788 5278 judi—

206 5306 384 5360 cetur,
407 5299 766 5368 redarguendi
791 5306 940 5354 sunt.
958 5300 1074 5352 Alia
1094 5299 1256 5369 igitur
1279 5299 1577 5354 vindicatio
1599 5306 1786 5368 peten-

203 5391 299 5449 da,
333 5390 610 5444 Aristotel.
644 5390 739 5444 lib.
772 5405 834 5452 ιι,
871 5405 993 5460 cap.
1031 5390 1119 5453 15,
1143 5397 1312 5460 negat
1343 5390 1408 5444 fel
1439 5390 1492 5443 in
1525 5404 1687 5444 cervo
1730 5398 1784 5444 et

201 5481 388 5544 dama,
418 5483 561 5537 sicut
590 5493 645 5537 et
677 5484 799 5538 aliis
829 5484 1154 5553 quihusdam
1185 5483 1533 5544 animalibus,
1565 5491 1622 5537 et
1648 5482 1781 5536 sub-

201 5574 287 5628 dit
314 5592 327 5628 :
360 5573 549 5630 Cervis
579 5575 839 5630 Achainis
865 5575 1190 5645 cognomine
1217 5575 1484 5629 contineri
1523 5576 1576 5627 in
1607 5575 1779 5629 cauda

202 5667 477 5733 creditur;
516 5674 572 5723 et
631 5667 724 5722 lib.
771 5683 848 5733 iv,
897 5667 975 5722 De
1019 5677 1162 5738 part.
1198 5665 1449 5731 animal.,
1500 5667 1666 5737 capit.
1717 5670 1774 5732 2,

203 5759 465 5828 Quadam
495 5760 617 5830 felle
647 5761 858 5816 omnino
903 5771 1102 5827 carent,
1134 5769 1190 5814 ut
1217 5776 1401 5830 equus,
1435 5759 1632 5826 mutus,
1667 5760 1775 5816 asi—

1897 4559 2055 4626 Quali
2090 4561 2336 4615 marchio
2365 4563 2586 4632 quidam
2620 4558 2884 4621 Badensis
2921 4574 3079 4634 capta
3108 4565 3228 4636 ejus
3267 4583 3474 4624 cornua

1896 4650 2010 4720 regi
2043 4647 2321 4705 Gallorum
2365 4653 2510 4707 dono
2547 4655 2791 4718 miserat,
2831 4670 2953 4725 qua:
2982 4656 3204 4712 Ambasi
3235 4657 3292 4712 in
3321 4659 3474 4729 regio

1895 4741 2056 4794 horto
2095 4757 2262 4812 prope
2283 4744 2509 4812 januam
2545 4746 2862 4800 interiorem
2900 4747 3093 4817 parieti
3123 4747 3313 4813 affixa,-
3342 4751 3476 4806 sub-

1896 4834 2118 4903 scriptis
2157 4835 2214 4888 in
2251 4836 2449 4892 tabella
2487 4837 2746 4902 testibus,
2773 4839 2866 4907 qui
2898 4841 3177 4894 venationi
3209 4841 3474 4898 interfue-

1895 4934 2044 4988 rant,
2077 4925 2378 4981 etiamnum
2401 4929 2572 4982 cerni.
2602 4928 2782 4994 Quare
2807 4927 3146 4986 Saimuthius
3169 4932 3377 5005 colligit
3406 4948 3474 4988 ex

1893 5017 1984 5071 illa
2031 5033 2298 5072 cornuum
2356 5021 2660 5090 gestatione
2710 5036 2876 5076 sexus
2932 5021 3284 5078 mutationem
3337 5023 3474 5080 satis

1892 5126 2002 5164 non
2034 5112 2276 5181 probari.
2305 5111 2648 5177 Aristoteles,
2684 5115 2778 5169 lib.
2817 5129 2892 5180 Ix,
2927 5117 3095 5186 capit.
3130 5115 3344 5181 ultimo,
3374 5118 3473 5182 ait,

1890 5204 2087 5266 cervis,
2131 5203 2175 5258 si
2204 5203 2421 5274 quidem
2450 5204 2691 5258 nondum
2747 5206 2962 5260 cornuti
3007 5206 3308 5272 cvirentur,
3363 5223 3474 5262 non

1889 5310 2138 5351 crescere
2172 5311 2414 5361 cornua;
2451 5297 2538 5351 sin
2584 5305 2766 5351 autem
2804 5297 2916 5366 jam
2948 5298 3166 5352 cornuti
3216 5312 3475 5354 exsecen-

1887 5399 1997 5452 tur,
2052 5404 2276 5445 manere
2328 5390 2420 5443 illa
2475 5404 2696 5460 semper
2747 5387 2998 5471 ejusdem
3056 5390 3474 5461 magnitudinis.

1885 5479 2036 5536 Cervi
2069 5482 2114 5535 si
2146 5495 2266 5535 cum
2323 5498 2416 5551 per
2466 5492 2678 5538 (etatem
2730 5483 2963 5536 nondum
3013 5498 3215 5538 cornua
3265 5494 3477 5554 gerunt,

1886 5585 2212 5640 castrentur,
2238 5592 2344 5629 non
2363 5575 2525 5630 edunt
2555 5591 2759 5631 cornua
2786 5592 2805 5631 .'
2831 5576 2922 5631 sed
2962 5577 3010 5630 si
3047 5578 3308 5648 cornigeri
3336 5577 3480 5632 excid

1880 5668 2081 5722 duntur
2121 5683 2224 5722 non
2254 5667 2502 5721 decidunt
2539 5683 2763 5734 cornua,
2805 5678 2856 5723 et
2895 5670 3261 5740 magnitudine
3289 5667 3478 5723 eadem

1880 5767 2184 5817 servantur.
2217 5756 2459 5828 Plinius,
2496 5757 2620 5814 Non
2661 5758 2909 5816 decidunt
2967 5761 3219 5816 castratis
3253 5773 3478 5824 cornua,
