3810 6168
197 298 298 356 ωδ

1138 300 1205 355 IN
1247 300 1616 358 EUSTATHII
1650 301 2124 360 HEXAEMERON
2162 303 2398 361 NOTAE.

3330 307 3432 364 946

201 421 317 482 rati,
351 428 405 475 et
433 420 664 475 aliorum
703 435 812 475 non
858 420 1213 476 odoratorum
1246 421 1565 478 discrimen.
1606 421 1760 479 Tunc
1790 429 1835 485 Α
1863 425 2087 482 animal.
2134 426 2229 480 lib.
2261 441 2340 491 vr,
2375 440 2496 498 cap.
2537 424 2646 482 27:
2677 425 2901 482 Ferendi
2938 429 3075 482 uteri
3107 436 3307 498 tempus
3339 430 3434 486 alii

202 512 340 567 enim
381 512 585 581 optime
629 511 916 581 quaestioni
961 511 1403 582 responderetur,
1449 512 1548 566 Διὰ
1574 513 1628 565 τι
1657 512 1764 565 τῶν

178 602 299 674 μὲν
337 601 492 667 ζώων
525 603 676 656 οὐδὲν
728 603 923 667 εὐῶδές
955 604 1104 656 ἐστιν
1136 602 1241 668 ἔξω
1281 603 1380 674 τῆς
1427 603 1763 676 παρδάλεως,

203 692 333 766 αὕτη
371 694 426 747 δὲ
454 695 546 747 καὶ
583 694 762 758 αὐτοῖς
803 697 911 759 τοῖς
945 692 1184 766 θηρίοιςς
1220 694 1326 748 etsi
1355 693 1768 763 Theophrastus

201 788 356 842 etiam
386 786 439 840 in
469 787 591 843 aliis
618 799 672 841 et
697 803 807 842 non
840 787 895 841 in
929 788 1044 842 sola
1082 786 1290 857 pardali
1314 786 1538 842 odorem
1574 801 1770 841 conce-

203 879 314 934 dat.
338 879 490 934 Tunc
510 889 628 935 erat
656 881 886 936 ulterius
915 881 983 936 ab
1009 881 1127 950 ipso
1169 881 1572 950 explicandum,
1601 895 1771 950 quare

199 987 329 1042 ergo
367 973 434 1028 ab
465 974 792 1030 animalibus
829 975 966 1028 odor
1004 974 1092 1028 hic
1123 989 1231 1028 non
1278 974 1512 1028 sentitur
1549 973 1602 1026 in
1649 973 1770 1027 aliis

205 1066 306 1121 nisi
353 1066 407 1120 in
445 1067 561 1121 sola
594 1067 838 1136 pardali?
885 1065 1083 1121 Verum
1121 1066 1249 1119 dum
1277 1064 1690 1135 Theophrastus
1721 1077 1774 1120 et

203 1157 520 1215 AriStoteles
559 1163 695 1214 tanti
729 1162 827 1217 viri
877 1160 1155 1230 proposita
1203 1160 1522 1229 quaestione,
1567 1160 1674 1213 alio
1718 1176 1776 1214 se

203 1259 547 1313 convertunt,
589 1259 643 1304 et
672 1251 1098 1321 subterfuginnt,
1129 1252 1252 1320 quis
1285 1251 1358 1305 ita
1408 1251 1584 1306 audax
1637 1266 1695 1304 se
1723 1251 1778 1304 id

204 1343 419 1411 assequi
444 1342 712 1398 confidet?
733 1342 918 1398 Potest
946 1343 1089 1398 Deus
1125 1347 1293 1396 multa
1326 1342 1526 1405 moliri,
1555 1351 1604 1396 et
1630 1343 1778 1398 varia

207 1435 505 1500 coniicere,
554 1451 676 1506 quae
733 1437 1042 1492 intellectus
1100 1436 1373 1490 humanus
1417 1451 1524 1489 non
1579 1435 1778 1504 capiet.

209 1527 372 1583 Multa
407 1529 510 1584 sibi
547 1527 688 1583 Deus
716 1528 838 1591 soli,
875 1542 1174 1597 eorumque
1197 1528 1563 1598 cognitionem
1605 1543 1782 1585 reser-

208 1623 370 1676 vavit.
409 1622 464 1676 In
498 1622 707 1691 paucis,
745 1623 798 1676 in
836 1620 1099 1682 minimis,
1131 1621 1184 1674 in
1221 1619 1515 1683 οὐτιδανοῖς
1551 1619 1700 1682 felix,
1727 1626 1782 1674 et

210 1715 330 1783 ejus
368 1731 469 1784 ope
492 1716 564 1768 ita
595 1715 846 1784 superbis
876 1725 929 1767 et
957 1715 1275 1780 insolescis;
1311 1713 1357 1769 si
1389 1713 1442 1767 in
1472 1714 1780 1768 secretiori-

212 1809 314 1862 bus
353 1809 529 1877 potior
558 1823 727 1873 esses,
759 1807 889 1877 quid
929 1806 1184 1860 faceres?
1226 1805 1370 1861 Cave
1407 1813 1503 1859 tuo
1541 1805 1778 1876 ingenio,

213 1898 324 1953 tuis
363 1897 574 1952 viribus
619 1898 847 1952 metiare
887 1894 1087 1961 Deum;
1136 1895 1300 1950 nimis
1340 1901 1606 1966 angustus
1633 1909 1715 1960 es,
1748 1909 1782 1949 o

215 1990 524 2044 homuncio.

287 2079 440 2145 lbid..
473 2081 568 2134 lin.
594 2080 682 2136 29.
720 2081 772 2134 '0
806 2079 874 2136 δὲ
913 2082 1148 2151 πάνθηρ
1173 2080 1375 2150 φίλον.
1411 2078 1487 2135 De
1521 2080 1784 2150 panthera

216 2173 414 2228 similia
446 2173 608 2228 habet
655 2172 850 2228 Petrus
893 2174 1211 2235 Damianus,
1241 2174 1337 2228 lib.
1381 2188 1444 2236 tl,
1479 2173 1640 2242 epist.
1685 2172 1783 2238 18;

217 2261 443 2327 Plinius,
472 2265 568 2319 lib.
606 2281 722 2329 vm,
749 2280 870 2334 cap.
911 2267 994 2333 l7,
1035 2264 1300 2319 Panthera
1349 2273 1399 2318 et
1431 2265 1580 2334 tigris
1606 2280 1788 2317 macu-

219 2358 391 2412 larum
413 2359 667 2412 varietate
688 2373 845 2426 prope
866 2359 994 2412 sola:
1023 2359 1309 2412 bestiarum
1338 2366 1658 2426 spectantur,
1685 2373 1789 2410 ca:-

220 2451 344 2506 tcris
371 2467 526 2513 unus,
559 2467 620 2504 ac
650 2467 777 2504 suus
821 2451 1073 2520 cujusque
1100 2450 1300 2520 generis
1343 2449 1488 2502 color
1519 2458 1614 2503 est.
1660 2448 1789 2504 Inde

219 2542 434 2613 tigrina:
466 2552 519 2597 et
549 2542 887 2612 pantherinm
917 2558 1136 2607 mensa},
1168 2548 1222 2597 et
1271 2540 1452 2610 βάλιος
1500 2540 1789 2612 πανθήρων

218 2633 394 2705 δίκην.

293 2725 453 2784 lbid..
494 2725 592 2779 lin.
623 2724 712 2779 3|.
756 2723 862 2778 Kal
904 2722 1014 2788 ἓως
1044 2722 1162 2791 μὲν
1198 2723 1271 2776 οὐ
1309 2720 1445 2790 χρὴ.
1489 2718 1788 2789 Oppianus,

225 2816 322 2871 lib.
353 2833 390 2870 ιι
435 2820 681 2884 lamna,
711 2816 1100 2884 pantherarum
1130 2821 1183 2867 et
1212 2812 1444 2865 aliorum
1475 2811 1792 2866 animalium

226 2923 480 2962 somnum
512 2915 566 2961 et
595 2908 844 2960 inertiam
893 2904 1112 2968 cecinit,
1145 2921 1304 2972 quem
1339 2905 1484 2958 vide.

296 2996 456 3060 lbid..
483 2999 578 3052 lin.
604 2998 691 3052 55.
734 2998 813 3050 Δι’
847 2993 921 3066 ἧς
948 2996 1020 3050 τὰ
1052 2997 1227 3050 ἄλλα.
1273 2994 1403 3062 Quae
1434 2994 1685 3065 superius
1728 2993 1798 3049 de

1865 538 2062 574 annum
2093 531 2140 574 et
2164 535 2255 576 sea:
2277 537 2499 587 menses,
2527 522 2623 576 alii
2651 523 2932 577 triennium
2957 532 3230 586 statuunt;
3261 534 3313 578 et
3341 523 3438 578 ltu-

1863 614 1954 684 jus
1982 613 2301 670 diﬂ‘erentiae
2332 624 2383 670 et
2415 614 2820 669 incertitudinis
2848 628 3068 669 causam
3098 613 3265 680 addit,
3290 615 3435 684 quod

1867 722 1975 761 non
2012 715 2190 776 pateat
2219 708 2414 762 coitus.
2450 706 2511 760 Et
2542 707 2634 761 lib.
2669 723 2720 771 v,
2755 721 2875 776 cap.
2910 705 3012 759 M:
3046 703 3259 759 Uterum
3295 705 3438 759 bien-

1869 800 1956 853 nio
1982 800 2154 870 gerit:
2183 799 2324 867 parit
2368 799 2644 868 singulos:
2681 799 2961 866 uniparum
3006 815 3226 868 namque
3263 808 3358 860 est,
3386 807 3442 852 et

1871 891 1992 944 libr.
2032 904 2083 943 IV
2115 888 2191 942 De
2214 896 2444 958 generat.
2479 886 2723 949 animal.,
2749 901 2867 955 cap.
2893 886 3106 951 ultimo,
3124 888 3264 942 idem
3299 886 3446 941 atlir-~

1872 989 2006 1044 mat,
2055 989 2109 1036 et
2151 995 2370 1036 causam
2410 980 2530 1043 dat,
2559 980 2996 1049 exsuperantiam
3026 980 3439 1049 magnitudinis.

1875 1076 2106 1138 Plinius,
2143 1075 2268 1128 libr.
2305 1090 2426 1137 vm,
2464 1087 2583 1143 cap.
2633 1073 2717 1137 10,
2763 1081 3056 1141 utrumque
3093 1071 3295 1127 refert:
3335 1073 3440 1128 De-

1875 1182 1984 1219 cem
2025 1165 2178 1217 annis
2208 1173 2412 1232 gestare
2442 1163 2496 1215 in
2528 1172 2674 1215 utero
2711 1164 2892 1231 vulgus
2921 1162 3211 1226 existimat,
3243 1162 3443 1218 Aristo-

1879 1259 2002 1313 teles
2036 1259 2266 1318 biennio,
2311 1271 2401 1309 nec
2431 1256 2658 1324 amplius
2697 1272 2854 1326 quam
2885 1257 3041 1309 semel
3065 1257 3293 1325 gignere,
3324 1255 3431 1325 plu'

1879 1365 2022 1403 resve
2055 1365 2214 1418 quant
2246 1347 2502 1418 singulos.
2538 1345 2653 1402 Hoc
2691 1355 2872 1402 tamen
2916 1347 3167 1402 videlicet
3205 1349 3443 1418 singulos

1878 1449 1928 1495 et
1962 1440 2120 1493 semel
2163 1454 2368 1507 parere,
2415 1453 2526 1492 non
2561 1450 2723 1507 posse
2760 1453 2824 1492 ex
2871 1436 3163 1491 Aristotele
3209 1435 3444 1490 Plinium

1883 1531 2124 1602 profiteri
2159 1529 2421 1600 Scaliger,
2462 1530 2690 1585 exercit.
2730 1529 2856 1594 205,
2896 1530 2963 1584 de
3012 1529 3334 1592 subtilitate,
3377 1529 3445 1582 ad

1883 1627 2217 1689 Cardanum,
2269 1624 2484 1679 asserit.
2534 1622 2643 1678 Nec
2690 1622 2933 1677 additum
2983 1635 3014 1674 a
3069 1620 3307 1675 librariis
3355 1619 3446 1673 in-

1889 1720 2072 1773 sinuat
2111 1733 2177 1772 ex
2228 1717 2436 1779 Solino,
2483 1716 2574 1784 qui
2615 1729 2766 1769 more
2819 1727 2920 1769 suo
2967 1714 3033 1767 ad
3075 1713 3297 1766 verbum
3344 1711 3447 1765 hoc

1884 1808 2026 1864 idem
2085 1807 2259 1862 fidelis
2307 1813 2647 1875 reposuerat,
2695 1814 2750 1859 et
2801 1805 3013 1858 ratione
3067 1804 3118 1857 id
3174 1817 3296 1857 esse
3350 1799 3451 1855 fal-

1884 1915 2004 1956 sum
2035 1900 2214 1968 palam
2251 1898 2528 1953 ostendit:
2560 1895 2704 1950 Nam
2743 1897 2791 1950 si
2831 1896 2966 1949 binis
3008 1893 3309 1964 parentibus
3346 1909 3454 1946 una

1884 1993 2113 2049 succedit
2170 1991 2391 2056 soboles,
2447 2006 2650 2045 necesse
2699 1997 2777 2044 est
2819 1987 2887 2042 ad
2945 1986 3167 2041 nihilum
3219 1985 3450 2040 tandem.

1889 2085 2012 2140 Non
2053 2085 2222 2139 solum
2272 2100 2388 2137 vero
2424 2084 2542 2152 plus
2582 2081 2740 2136 semel
2780 2080 2942 2150 parit,
2981 2096 3156 2134 verum
3188 2089 3237 2134 et
3278 2085 3452 2149 plures

1888 2178 2132 2248 singulis,
2182 2177 2261 2230 uti
2311 2176 2632 2230 dicebamus.
2701 2173 2924 2229 Dicebat
2971 2173 3117 2227 enim
3176 2174 3451 2242 superius,

1891 2268 2072 2340 Neque
2131 2269 2364 2339 singulos
2431 2267 2586 2322 modo
2637 2282 2850 2335 parere,
2910 2268 3095 2334 quippe
3148 2274 3199 2320 et
3259 2274 3452 2328 ternos,

1887 2372 1937 2417 et
1979 2370 2282 2430 quaternos,
2337 2367 2414 2415 tot
2469 2361 2608 2415 enim
2663 2358 2906 2412 comitari
2952 2359 3074 2412 nisa:
3123 2365 3264 2411 sunt.
3330 2355 3457 2410 llaec

1891 2453 2080 2508 ultima
2109 2451 2368 2521 Scaligeri
2397 2452 2564 2507 verba
2602 2451 2654 2505 in
2684 2451 2932 2505 doctrina
2962 2448 3316 2519 Peripatetica
3342 2464 3454 2503 non

1891 2546 2027 2602 satis
2047 2552 2158 2599 tuta
2193 2540 2316 2603 esse
2350 2545 2620 2600 videntur.
2654 2543 2978 2614 Elephantes
3009 2542 3214 2598 scilicet
3258 2555 3366 2594 uno
3402 2549 3459 2595 et

1891 2639 2081 2692 eodem
2105 2645 2262 2706 partu
2287 2638 2470 2706 plures
2491 2637 2740 2706 gignere;
2764 2636 2866 2690 etsi
2887 2649 2994 2690 non
3019 2649 3102 2687 me
3130 2633 3265 2703 fugit
3287 2631 3459 2688 JEIia-

1894 2747 2046 2794 num,
2076 2731 2170 2784 lib.
2203 2745 2319 2792 vm,
2343 2744 2466 2799 cap.
2489 2728 2580 2790 27,
2615 2728 2668 2782 id
2707 2728 3104 2796 quodammodo
3129 2728 3459 2787 insinuasse,

1895 2830 2079 2876 tamen
2113 2839 2177 2877 ex
2207 2823 2436 2876 aliorum
2470 2822 2739 2877 sententia
2775 2820 2827 2875 id
2857 2821 3144 2890 scripsisse
3184 2819 3319 2890 ipsis
3350 2833 3464 2874 ver-

1895 2915 1980 2970 bis
2005 2914 2370 2969 clarissimum
2408 2921 2514 2969 est.
2544 2913 2801 2966 Τὶκτεται
2835 2911 3031 2980 ἐλέφας
3069 2910 3210 2964 κατὰ
3241 2911 3338 2982 τὴν
3367 2927 3459 2964 κε-

1899 3007 2072 3078 φαλὴν
2100 3007 2369 3078 έκπηδῶν.
2404 3007 2477 3060 Τὸ
2503 3006 2560 3060 δὲ
2608 3004 2833 3078 μέγεθός
2867 3005 2981 3056 ἐστι
3015 3001 3108 3056 τοῦ
3147 2999 3463 3072 τικτομένου

227 3093 459 3164 pardali,
489 3094 609 3162 ejus
638 3091 805 3145 odore
857 3099 910 3144 et
943 3090 1164 3145 solertia
1195 3088 1609 3157 explicavimus,
1641 3087 1789 3140 multi

1901 3100 2040 3152 κατὰ
2071 3098 2310 3168 δέλφακα.
2355 3096 2450 3168 τὴν
2495 3097 2776 3169 μεγίστην.
2830 3097 2946 3167 Mt;
2975 3094 3031 3148 δὲ
3082 3093 3250 3165 μητρὶ
3297 3091 3464 3145 πλείω

227 3186 510 3256 pantherae
544 3183 851 3246 ascribunt,
891 3181 976 3236 vel
1013 3196 1079 3236 eo
1119 3181 1296 3235 solum
1342 3177 1489 3249 quod
1539 3179 1798 3232 animalia

227 3278 603 3334 diversissima
638 3275 978 3330 confundunt
1031 3281 1086 3328 et
1115 3274 1366 3334 miscent,
1394 3272 1514 3326 ideo
1545 3272 1798 3325 lectorem

229 3371 301 3426 ad
361 3371 450 3424 illa
501 3370 849 3433 remittimus,
893 3383 962 3422 ne
1007 3367 1210 3421 iterum
1259 3365 1447 3419 eadem
1507 3363 1801 3432 repetendo

229 3459 445 3516 molesti
483 3461 672 3514 simus.
715 3457 813 3513 Hic
846 3473 1132 3528 possemus
1171 3455 1334 3509 etiam
1363 3454 1632 3515 dubitare,
1669 3467 1803 3522 qua-

230 3565 358 3605 nam
388 3551 598 3604 ratione
643 3547 894 3601 antmalia
935 3547 1102 3601 odore
1133 3546 1520 3616 pantherarum
1554 3542 1804 3596 allician-

230 3650 343 3706 tur,
369 3650 426 3695 ut
453 3657 482 3695 a
515 3643 701 3695 multis
728 3640 1043 3694 auctoribus
1070 3637 1330 3692 traditum
1353 3645 1456 3699 est,
1481 3650 1605 3689 cum
1632 3634 1806 3687 Theo-

231 3734 514 3806 phrastus,
559 3731 630 3785 De
660 3733 836 3786 causis
869 3731 1102 3799 plantar.
1143 3729 1238 3783 lib.
1281 3745 1333 3797 v,
1376 3743 1495 3797 cap.
1535 3727 1590 3790 5,
1635 3725 1803 3789 dicat,

230 3830 378 3884 inter
406 3826 564 3879 bruta
608 3825 833 3879 omnino
877 3824 962 3878 vel
1012 3823 1245 3885 nullum,
1295 3821 1378 3876 vel
1427 3828 1576 3874 certe
1621 3833 1806 3872 rarum

1900 3189 2280 3258 ὲλεφαντίσκισ,
2307 3189 2518 3254 ἕπεται,
2560 3187 2744 3257 φασιν.
2791 3185 2855 3240 Ει
2892 3187 3100 3240 ratione
3130 3184 3466 3238 validissima

1902 3277 2160 3349 Scaligeri
2196 3278 2249 3332 id
2292 3280 2558 3333 allirmare
2603 3280 2792 3333 saltem
2833 3279 2887 3330 in
2926 3276 3210 3345 elephanto
3256 3275 3463 3336 Indico,

1898 3370 1984 3424 vel
2021 3370 2225 3424 imitus
2263 3377 2569 3439 cogeretur,
2602 3369 2752 3433 dum,
2788 3368 2884 3422 lib.
2937 3383 3051 3431 νιιι,
3093 3383 3213 3437 cap.
3240 3366 3328 3429 l7,
3370 3367 3464 3429 ait,

1901 3476 1996 3516 eos
2039 3461 2359 3531 elephantos
2404 3462 2573 3517 semel
2606 3461 2662 3515 in
2700 3461 2806 3515 vita
2837 3459 3006 3514 coire.
3041 3456 3223 3523 Ἃπαξ
3251 3455 3380 3525 γοῦν
3409 3459 3466 3510 ὲν

1900 3553 1978 3624 τῷ
2035 3551 2134 3624 βίῳ
2183 3552 2261 3622 τῷ
2311 3552 2556 3623 σφετέρῳ
2614 3551 3037 3623 μνημονεύουσιν
3107 3548 3422 3618 Ἀφροδίτης
3449 3565 3464 3578 ·

1902 3646 2089 3717 ὅτανὴ
2145 3644 2334 3715 θήλεια
2367 3644 2611 3715 ὑπομένῃ
2661 3644 2755 3697 καὶ
2800 3643 2958 3713 αὐτή.
3007 3636 3139 3694 Εἶτα
3185 3639 3472 3711 ἐμπλήσας

1903 3736 2132 3799 ἕκαστος
2176 3735 2274 3806 τὴν
2321 3733 2605 3805 σύννομον,
2636 3734 2698 3786 τὸ
2737 3731 2985 3786 ἐντεῦθεν
3012 3731 3105 3784 ἐπὶ
3135 3729 3343 3794 τούτοις
3373 3729 3472 3784 οὐκ

1905 3817 2044 3878 εἶδεν
2090 3823 2280 3894 αὑτήν.
2339 3822 2432 3879 Vel
2480 3823 2645 3894 igitur
2694 3837 2864 3892 genus
2918 3822 3020 3876 hoc
3063 3820 3471 3892 elephantorum

291 3919 528 3972 modum
574 3933 695 3972 esse
736 3915 882 3986 quod
935 3914 1158 3969 odorem
1203 3922 1583 3984 persequatur,
1633 3926 1809 3981 neque
1909 3915 2096 3985 plures
2131 3915 2363 3984 singulis
2403 3915 2669 3985 partubus
2716 3921 3002 3986 generant,
3054 3914 3135 3968 vel
3164 3929 3287 3968 cum
3330 3912 3474 3968 binis

231 4011 410 4083 gratia
438 4009 622 4065 oderis
652 4011 875 4072 sentire,
901 4023 1076 4077 neque
1114 4007 1439 4076 dijudicare,
1470 4005 1812 4076 quandoqui-
1910 4007 2230 4078 parentibus
2258 4023 2366 4061 una
2411 4007 2669 4062 succedet
2707 4005 2946 4069 suboles,
2976 4006 3191 4058 tandem
3227 4003 3295 4058 ad
3329 4003 3478 4057 nihi-

232 4104 385 4163 dem,
415 4103 520 4157 etsi
558 4101 803 4171 quaedam
839 4101 1123 4162 sentirent,
1159 4115 1350 4154 eorum
1379 4106 1562 4152 tamen
1602 4104 1810 4151 natura!
1911 4100 2023 4154 lum
2055 4107 2200 4154 esset
2250 4098 2666 4154 deveniendum.
2714 4096 2818 4153 Sed
2865 4098 3094 4152 ulterius
3140 4098 3212 4152 ita
3245 4096 3477 4158 Plinius,

234 4195 542 4257 adversari,
569 4201 624 4248 et
646 4181 713 4247 de
738 4193 1068 4248 insectorum
1100 4207 1296 4264 genere
1317 4190 1541 4254 dicitur,
1571 4189 1662 4258 qui
1690 4189 1810 4243 oleo
1869 4249 1877 4256 _
1912 4191 2006 4246 lib.
2044 4208 2099 4255 ι,
2134 4207 2254 4261 cap.
2283 4193 2373 4256 55,
2405 4191 2653 4260 Singulos
2682 4192 2921 4261 gignunt,
2949 4190 3230 4260 elephanti,
3267 4189 3476 4251 cameli,

233 4285 594 4352 infestantur,
616 4285 830 4355 fugiunt
855 4285 1001 4340 enim
1036 4285 1384 4338 vehementer
1407 4283 1528 4352 ejus
1562 4281 1808 4343 odorem,

235 4378 434 4450 paucis
463 4377 610 4431 hunc
641 4376 844 4430 nodum
879 4375 1196 4445 expediam;
1227 4373 1368 4428 haud
1408 4383 1663 4428 constare
1707 4371 1807 4424 bo—

1909 4285 2059 4354 equi;
2089 4293 2144 4338 et
2177 4283 2426 4346 inferius,
2460 4281 2759 4350 Elephanti,
2782 4292 2837 4334 ut
2857 4281 3110 4342 diximus,
3138 4283 3350 4349 pariunt
3379 4281 3482 4334 sin-

1911 4377 2084 4446 gulos,
2116 4376 2476 4447 magnitudine
2512 4375 2664 4429 vituli
2705 4374 3001 4429 trimestris.
3049 4373 3163 4428 Nec
3191 4373 3304 4427 haec
3353 4386 3482 4426 sen-

237 4469 507 4534 minibus,
544 4485 613 4524 an
658 4469 881 4524 odorem
916 4469 1174 4528 sentiant,
1219 4466 1449 4536 ejusque
1494 4464 1667 4535 gratia
1696 4477 1811 4516 rem
1843 4450 1888 4509 θ
1917 4468 2084 4524 tentia
2105 4468 2320 4524 videtur
2349 4469 2416 4522 ab
2444 4466 2787 4522 Aristotelica
2821 4466 3132 4520 dissentire.
3161 4463 3484 4518 Aristoteles

236 4559 526 4616 odoratam
561 4569 978 4631 persequantur,
1013 4576 1082 4615 an
1112 4560 1384 4630 appetitus
1415 4566 1626 4612 tantum
1667 4555 1812 4610 fera-

235 4661 336 4709 tur
389 4653 458 4708 ad
515 4655 694 4724 ipsum
752 4655 1034 4724 pabulum,
1093 4653 1323 4723 ejusque
1381 4666 1550 4706 causa
1605 4649 1696 4704 sit.
1750 4649 1817 4702 Et

237 4748 498 4819 quamvis
541 4749 838 4802 animantia
869 4746 1133 4801 olfactum
1179 4745 1317 4816 ipsis
1354 4742 1670 4798 hominibus
1719 4739 1818 4794 ob-

237 4843 458 4899 tineant
509 4842 943 4912 exquisitiorem,
980 4857 1091 4895 non
1137 4849 1318 4895 tamen
1367 4847 1575 4895 certum
1609 4844 1695 4893 est
1736 4835 1819 4890 vel

238 4935 470 4990 odorem
507 4936 730 4997 sentire,
762 4934 844 4988 vel
875 4934 994 5002 ejus
1022 4932 1197 5002 gratia
1221 4929 1367 4984 duci.

317 5028 480 5092 lbid.,
513 5030 610 5084 lin.
655 5029 744 5084 41.
783 5031 837 5082 Ὀ
869 5029 937 5083 δὲ
972 5027 1196 5098 ἐλέφας
1240 5027 1450 5096 ἐγκυμ.
1498 5023 1726 5081 Plautus
1765 5025 1818 5079 in

240 5117 433 5175 Sticho
450 5135 469 5174 :

387 5233 582 5305 Audivi
609 5248 742 5300 sirpe
771 5233 924 5305 vulgo
958 5251 990 5287 a
1022 5232 1203 5305 multis
1231 5231 1417 5293 dicier,

389 5303 572 5374 Solere
599 5299 928 5372 elephantum
969 5303 1241 5374 gravidam
1275 5310 1546 5371 perpetuos
1576 5299 1751 5374 decem

390 5373 524 5430 Esse
552 5392 717 5430 annos
742 5391 762 5429 :
783 5374 897 5444 ejus
925 5391 953 5428 e
972 5371 1174 5428 semine
1202 5374 1312 5428 haec
1346 5381 1484 5426 certo
1513 5380 1590 5425 est
1634 5371 1820 5440 fames.

236 5484 528 5548 Elianus,
563 5486 642 5540 De
683 5486 809 5540 hist.
848 5487 1012 5540 anim.
1055 5486 1092 5539 1.
1138 5501 1212 5546 tv,
1248 5498 1370 5554 cap.
1411 5483 1472 5538 51
1509 5501 1522 5538 :
1565 5481 1732 5535 Κύειν
1767 5481 1824 5534 δὲ

238 5581 593 5652 πυνθάνομαι
621 5581 713 5635 δύο
751 5581 888 5634 ἑτῶν
919 5581 1011 5634 τὸν
1057 5579 1339 5649 ἐλέφαντα.
1369 5580 1431 5632 Οἱ
1461 5577 1517 5630 δὲ
1546 5577 1606 5630 ού
1635 5575 1823 5629 τοσοῦ-

237 5689 340 5727 τον
399 5675 608 5744 χρόνον,
667 5672 802 5726 ἀλλὰ
859 5671 1235 5726 ὀκτωκαίδεκα.
1293 5669 1478 5741 μηνῶν
1531 5665 1827 5739 ὁμολογοῦ-

240 5781 358 5820 σιν.
400 5765 742 5831 Aristoteles,
777 5782 842 5822 ex
895 5765 1126 5820 aliorum
1175 5763 1468 5829 sententia,
1507 5760 1583 5816 De
1635 5761 1824 5815 histor.

1915 4575 2172 4629 namque,
2201 4559 2272 4612 De
2296 4568 2529 4629 generat.
2563 4557 2784 4612 animal.
2813 4557 2905 4611 lib.
2937 4573 3008 4620 Iv,
3030 4570 3149 4624 Cap.
3175 4555 3209 4609 ι
3238 4573 3251 4608 :
3285 4553 3486 4625 Ιῐρῶτα

1921 4649 2016 4719 μὲν
2034 4645 2126 4702 οὖν
2153 4649 2241 4704 διὰ
2266 4651 2318 4702 τί
2346 4649 2415 4704 τὰ
2445 4651 2544 4720 μὲν
2569 4650 2685 4703 ἐστι
2708 4648 3000 4710 πολυτόκα,
3017 4647 3084 4699 τὰ
3110 4647 3165 4698 δὲ
3197 4645 3480 4717 μονοτόκα..

1916 4735 2068 4792 τοῦτ¹
2089 4738 2153 4793 ἄν
2181 4757 2262 4802 τις
2287 4739 2489 4806 δόξειεν
2521 4739 2754 4807 εὐλόγως
2779 4736 3094 4808 θαυμάζειν.
3122 4737 3202 4790 Τὰ
3233 4736 3339 4807 γὰρ
3387 4736 3484 4806 μέ-

1918 4851 2079 4907 γιστα
2112 4834 2378 4906 μονοτὸκα
2405 4831 2509 4886 τῶν
2536 4831 2687 4897 ζώων
2719 4831 2886 4894 ἐστὶν,
2913 4825 3022 4883 οἷον
3052 4829 3270 4898 ἐλέφας,
3304 4827 3487 4898 κάμη-

1919 4930 2030 4993 λος,
2061 4929 2246 4991 ἵππος,
2281 4927 2374 4980 acati.
2404 4923 2473 4978 τὰ
2504 4924 2745 4995 μώνυχα.
2781 4922 2846 4976 Et
2870 4921 3009 4992 .quia
3057 4920 3392 4992 probabilius
3435 4919 3489 4974 id

1921 5021 2229 5084 videbatur,
2261 5017 2466 5088 majora
2501 5016 2935 5085 animaliahcum
2972 5015 3093 5083 plus
3139 5011 3366 5070 seminis
3410 5010 3492 5067 ef-

1921 5112 2065 5168 ferre
2091 5119 2335 5182 possent,
2370 5109 2525 5179 plura
2558 5109 2721 5162 etiam
2765 5121 3047 5177 generare,
3082 5105 3241 5174 cujus
3272 5111 3492 5159 contra-

1921 5203 2065 5258 rium
2114 5201 2312 5256 mirum
2360 5208 2463 5256 est.
2496 5197 2810 5270 Respondet
2835 5198 2962 5253 huic
3012 5204 3336 5268 argumento
3357 5196 3494 5252 vali-

1922 5295 2151 5351 dissima
2182 5294 2413 5356 ratione,
2443 5292 2788 5360 maximeque
2817 5291 3032 5355 idonea,
3064 5288 3493 5360 magnitudinem

1923 5385 2133 5442 scilicet
2162 5399 2351 5439 eorum
2399 5381 2455 5435 id
2499 5381 2675 5436 facere
2712 5396 2780 5434 ne
2824 5381 2994 5434 multa
3038 5378 3294 5448 pariant;
3338 5377 3496 5432 cibus

1923 5479 2071 5536 enim
2122 5477 2179 5532 in
2232 5477 2299 5532 iis
2341 5476 2646 5530 absumitur
2678 5473 2733 5527 in
2779 5473 3030 5542 corporis
3066 5471 3494 5533 incrementum;

1926 5570 2232 5626 minoribus
2279 5583 2407 5623 vero
2448 5577 2646 5623 natura
2695 5564 2963 5620 demendo
2991 5564 3058 5620 de
3099 5560 3496 5634 magnitudine,

1929 5679 2127 5734 augere
2185 5661 2239 5716 in
2306 5666 2656 5716 excremento
2719 5656 2970 5713 seminali
3030 5654 3498 5725 exsuperantiam.

1929 5758 2092 5830 quue
2123 5754 2408 5813 confirmat
2434 5752 2540 5808 alia
2573 5751 2805 5819 ratione,
2833 5735 3084 5806 videlicet
3111 5749 3234 5819 plus
3275 5743 3502 5803 seminis

3065 5858 3096 5876 ο
