3810 6168
368 325 471 382 9ὶῖ

1748 323 1996 382 LEONIS
2034 325 2307 383 ALLATII

3534 326 3648 379 9.18

370 443 627 517 genitalis
669 460 813 508 esse,
868 445 1013 516 quod
1056 444 1283 514 majoris
1329 452 1415 500 est
1458 444 1734 508 animalis,
1777 444 1960 498 minus
1989 448 2034 504 Α
2064 445 2198 499 tieas
2232 445 2565 510 solitudines,
2598 457 2644 502 et
2675 449 2726 502 in
2757 447 3128 502 Mauritania:
3152 448 3321 517 [erum
3352 443 3648 510 [Erizam

371 541 553 593 autem
615 535 761 604 quod
804 535 1032 590 minoris
1082 550 1306 591 necesse
1339 542 1444 591 est.
1497 535 1567 588 At
1593 535 1765 588 multa
1812 532 1950 588 ellici

372 637 540 693 parva
583 623 638 682 in
670 625 861 682 eodem
901 636 1152 696 possunt,
1191 627 1361 681 multa
1395 642 1592 698 magna
1635 625 1772 682 eﬂici
1814 626 1951 683 ditii-

373 714 478 769 eile
506 721 591 773 est
617 732 631 780 ;
669 714 1038 773 mediocribus
1069 733 1194 773 vero
1228 718 1622 789 magnitudinis
1653 718 1890 773 medium
1920 732 1952 772 a

376 813 573 866 natura
602 805 786 861 datum
815 814 919 870 est.
954 807 1095 876 Quid
1125 809 1291 879 igitur
1321 810 1376 864 in
1405 809 1658 865 doctrina
1684 811 1953 865 Aristote-

377 895 446 952 lis
474 897 714 952 clarius?
757 898 888 967 quid
933 900 1180 959 certius?
1225 900 1553 971 Elephautes
1602 909 1828 972 propter
1867 900 1952 956 sui

376 988 623 1058 corporis
649 989 866 1053 moletn,
899 990 1284 1065 ingentemque
1317 993 1770 1063 magnitudinem,
1797 995 1952 1066 plura

375 1079 565 1135 eodem
623 1081 755 1139 nixu
793 1097 1006 1152 parere,
1041 1099 1146 1139 nec
1199 1093 1452 1155 possunt,
1490 1101 1593 1141 nec
1628 1087 1863 1154 debent;
1907 1086 1953 1142 si

373 1172 486 1228 vim
526 1173 761 1244 juraque
806 1183 1015 1232 naturas
1055 1177 1262 1235 violare
1313 1194 1423 1233 non
1451 1180 1705 1236 velimus.
1747 1179 1953 1234 Contra

375 1263 490 1322 hac
524 1273 701 1321 tamen
730 1281 796 1323 ex
824 1266 946 1338 ipso
993 1267 1306 1333 Aristotele,
1342 1270 1530 1325 nescio
1566 1271 1696 1340 quid
1726 1270 1952 1324 dubium

376 1354 470 1414 illa
491 1354 683 1411 all'erre
715 1365 938 1426 possent
963 1377 977 1412 :
1009 1359 1086 1419 ait
1106 1375 1373 1430 namque:
1395 1360 1536 1415 Sunt
1563 1363 1669 1415 alia
1699 1363 1951 1431 unipara,

377 1447 484 1505 alia
517 1452 833 1522 paucipara,
879 1453 987 1509 alia
1036 1454 1351 1524 multipara,
1379 1463 1432 1510 et
1469 1469 1664 1526 magna
1700 1470 1766 1510 ex
1802 1461 1956 1525 parte

377 1543 610 1614 unipara
666 1555 816 1612 sunt,
864 1563 988 1618 qua:
1030 1548 1306 1619 solipeda;
1354 1549 1668 1619 paucipara,
1703 1564 1824 1618 quae
1872 1549 1958 1604 bi-

377 1634 566 1700 sulca;
599 1636 910 1707 multipara,
943 1653 1064 1707 qum
1093 1639 1380 1703 multiﬁda,
1427 1639 1522 1695 sed
1573 1639 1795 1709 elephas
1829 1655 1956 1697 sen-

376 1726 548 1785 tentia
580 1728 866 1797 ipsiusmet
892 1729 1204 1788 Aristotelis
1237 1732 1562 1786 multiﬁdum
1595 1743 1711 1800 est;
1762 1740 1816 1787 et
1858 1733 1953 1786 lib.

2053 545 2102 589 et
2138 537 2494 609 Troglodytas,
2534 549 2590 592 ut
2623 539 2821 593 dictum
2861 549 2937 594 est
2969 557 2987 596 :
3029 539 3118 594 sed
3151 539 3411 592 maximos
3445 536 3647 595 India,

2055 628 2410 701 bellantesque
2463 649 2582 686 cum
2641 635 2706 688 iis
2751 646 3001 702 perpetua
3055 633 3325 686 discordia
3375 632 3648 684 dractmes

2055 730 2219 777 tanta:
2256 725 2655 795 magnitudinis,
2704 735 2760 778 ut
2801 737 2850 782 et
2896 729 3038 796 ipsos
3091 725 3434 793 circumﬂexu
3488 723 3650 792 facili

2054 815 2314 879 ambiant,
2355 834 2588 885 nexuque
2613 818 2736 872 nodi
2763 820 3152 888 prcestringant.
3187 815 3558 871 Commoritur
3582 831 3648 867 ea

2054 907 2351 973 dimicatio,
2392 910 2659 981 victusque
2690 928 2938 967 corruens
2968 909 3290 979 complexum
3318 908 3472 962 elidit
3503 923 3648 974 pon-

2054 1000 2197 1055 dere.
2247 1001 2322 1057 De
2351 1002 2650 1057 draconum
2680 1013 2731 1058 et
2761 1005 3172 1074 elephantorum
3205 1018 3338 1057 nece
3367 1008 3422 1056 et
3454 1013 3652 1070 pugna

2055 1096 2460 1167 elegantissime
2493 1096 2649 1152 Philo
2677 1099 2816 1166 Περὶ
2847 1097 3184 1166 ἀφθαρσίας
3226 1097 3486 1164 κόσμου.
3536 1091 3654 1145 Cu-

2051 1189 2142 1259 jus
2171 1189 2334 1244 verba
2354 1189 2440 1244 hic
2461 1206 2569 1244 non
2592 1192 2857 1261 gravabor
2877 1192 3146 1246 scribere:
3165 1190 3236 1243 Τὸ
3251 1186 3654 1259 παραπλήσιον

2059 1279 2242 1351 μέντοι
2289 1279 2382 1334 καὶ
2414 1283 2539 1343 τοὺς
2570 1281 2715 1336 κατὰ
2745 1280 2842 1352 τὴν
2889 1280 3113 1350 Ἰνδικὴν
3146 1277 3454 1350 ,δράκοντάς
3509 1293 3652 1345 φασι

2056 1369 2307 1440 πάσχειν.
2347 1370 2706 1442 Ἀνέρποντας
2731 1371 2839 1442 γὰρ
2868 1371 2960 1424 ἐπὶ
2988 1370 3054 1423 τὰ
3078 1369 3307 1440 μέγιστα
3335 1367 3499 1432 ζώων
3533 1367 3654 1420 ἐλέ-

2056 1479 2283 1530 φαντας,
2319 1464 2447 1534 περὶ
2488 1463 2556 1516 τά
2580 1463 2725 1517 νῶτα
2752 1464 2845 1516 καὶ
2885 1462 3046 1532 νηδὺν
3089 1462 3304 1515 ἅπασαν
3333 1461 3648 1513 εἰλείσθαι·

2059 1554 2231 1626 φλέϐα
2261 1555 2304 1609 δ’
2333 1556 2400 1627 ἢν
2425 1557 2490 1610 ἂν
2514 1556 2652 1630 τύχῃ
2679 1556 2948 1619 διελόντας
2976 1556 3222 1626 ὲμπίνειν
3254 1553 3346 1610 τοῦ
3378 1554 3651 1622 αἵματος,

2058 1648 2352 1719 ἀπλήστως
2389 1649 2804 1719 ὲπισπωμένους
2855 1648 3014 1718 βιαίῳ
3055 1647 3323 1718 πνεύματι
3373 1647 3471 1700 καὶ
3520 1663 3653 1698 συν-

2064 1739 2204 1809 τόνῳ
2258 1738 2442 1810 ροίζῳ.
2481 1741 2656 1812 Μέχρι
2717 1742 2812 1811 μὲν
2869 1736 2962 1793 οὖν
3010 1757 3152 1803 τινος
3203 1737 3655 1806 ἐξαναλουμένης

377 1830 417 1873 ll
464 1815 540 1873 De
584 1818 710 1873 hist.
755 1820 942 1885 anim.,
984 1835 1106 1892 cap.
1156 1821 1209 1886 l,
1241 1823 1455 1887 scribit,
1494 1822 1847 1892 Elephantum
1875 1824 1950 1878 di-

2062 1833 2299 1896 ἐκείνους
2324 1833 2568 1904 ἀντέχειν
2592 1833 2682 1885 ὑπ’
2712 1833 3021 1904 ἀμηχανίας
3051 1829 3528 1901 ἀνασκιρτῶντας,
3554 1827 3654 1879 καὶ

378 1913 516 1988 gitos
553 1928 768 1968 numero
796 1915 1020 1984 quinque
1064 1914 1336 1979 indiuisus,
1389 1918 1666 1986 leviterque
1703 1920 1957 1973 discretos

380 2003 590 2068 habere,
621 2011 674 2058 et
705 2005 802 2062 lib.
832 2022 870 2060 ιι
901 2007 978 2065 De
999 2017 1140 2076 part.
1174 2009 1361 2072 anim.,
1392 2025 1512 2080 cap.
1557 2009 1647 2074 {6,
1696 2009 1960 2078 Elephan-

379 2107 456 2157 (σε
491 2113 592 2151 non
625 2097 876 2162 bisulcas,
909 2117 1012 2154 non
1037 2101 1235 2156 solidos
1266 2102 1418 2172 pedes
1448 2103 1658 2165 habent,
1695 2103 1785 2157 sed
1823 2105 1960 2174 digi-

381 2198 538 2247 tatos.
573 2190 804 2247 Necesse
830 2193 1014 2262 itaque
1043 2203 1150 2258 est,
1183 2209 1280 2249 eos
1311 2211 1418 2249 non
1449 2211 1618 2249 unum
1647 2196 1741 2250 sed
1776 2197 1960 2264 plures

381 2297 493 2337 uno
533 2283 663 2337 nixu
697 2299 908 2353 parere.
953 2283 1090 2340 Nolo
1137 2285 1227 2340 hic
1257 2285 1466 2342 diutius
1497 2287 1797 2341 immorari.
1830 2285 1961 2341 Pete

379 2390 569 2433 eorum
602 2377 929 2437 solutionem
958 2394 1022 2434 ex
1051 2379 1282 2447 ipsemet
1317 2379 1607 2434 Aristotele
1643 2381 1764 2434 loco
1794 2380 1851 2434 d.
1884 2379 1960 2436 De

377 2482 554 2538 gener.
584 2469 749 2524 anim.
809 2468 1124 2540 Magnitudo
1149 2476 1203 2526 et
1233 2471 1404 2526 moles
1441 2473 1690 2540 corporis
1730 2472 1795 2525 ad
1831 2489 1958 2542 par~

377 2566 496 2619 tum
540 2560 818 2622 conducit.
858 2579 965 2618 non
999 2565 1193 2632 pedum
1234 2563 1452 2620 diversa
1486 2581 1705 2635 genera,
1745 2575 1799 2619 et
1831 2574 1958 2620 nota

375 2650 544 2708 verba
590 2652 704 2716 illa,
741 2653 943 2726 Magna
989 2672 1056 2710 ex
1090 2667 1274 2724 parte;
1325 2673 1434 2711 non
1486 2659 1633 2714 enim
1687 2659 1958 2713 sententia

379 2742 471 2804 llla
528 2746 823 2815 regulaque
854 2764 1068 2818 semper
1110 2765 1257 2813 vera,
1291 2749 1393 2803 etsi
1425 2749 1753 2819 quandoque
1784 2765 1958 2821 Oppo-

379 2833 568 2897 situm,
601 2837 684 2890 vel
720 2836 978 2909 Scaliger.
1021 2840 1105 2894 vel
1138 2839 1278 2895 alius
1313 2841 1500 2894 nescio
1534 2841 1678 2910 quis,
1714 2839 1848 2894 vidit
1907 2849 1960 2894 et

378 2927 690 2984 observavit
726 2948 740 2984 ι
776 2930 936 2986 habet
994 2938 1175 2986 tamen
1235 2947 1394 2987 suum
1454 2933 1670 3003 pondus
1723 2942 1776 2987 et
1847 2935 1957 2988 vim

379 3018 726 3082 Aristotelica
760 3024 922 3088 ratio,
955 3038 1054 3078 nec
1082 3023 1205 3079 ideo
1246 3023 1440 3079 falsam
1488 3042 1611 3082 esse
1656 3025 1960 3080 constitue-

379 3129 524 3174 mus.
560 3113 764 3171 Omnes
795 3119 940 3171 enim
974 3132 1190 3188 semper
1217 3117 1493 3182 dixerunt,
1533 3121 1815 3174 mulierem
1847 3134 1957 3173 uno
1985 3158 2028 3216 ε

380 3214 565 3282 partu,
602 3221 767 3261 unum
799 3215 1011 3262 tantum
1039 3225 1264 3277 parere;
1301 3211 1425 3280 quis
1455 3210 1509 3266 id
1538 3213 1796 3282 negabit?
1823 3212 1955 3271 vidi-

379 3312 504 3354 mus
530 3298 888 3356 nihilominus
920 3301 1219 3368 multoties,
1240 3316 1403 3360 unam
1429 3303 1617 3359 eodem
1651 3312 1807 3374 partu
1842 3306 1962 3374 plu-

380 3403 471 3448 res
507 3388 647 3449 lllios
695 3393 972 3462 genuisse,
1021 3401 1077 3448 et
1111 3394 1216 3447 alia
1261 3394 1519 3448 animalia
1566 3395 1669 3450 etsi
1718 3395 1961 3464 solipeda

380 3487 534 3540 sunt.
567 3481 710 3548 Quid
761 3484 925 3540 inde?
952 3485 1097 3556 quod
1150 3486 1206 3540 in
1254 3494 1451 3542 natura
1481 3501 1607 3540 raro
1654 3487 1872 3552 accidit,
1905 3487 1961 3541 in

380 3587 514 3636 uno,
544 3575 629 3630 vel
651 3575 706 3637 in
733 3577 1083 3646 quibusdam,
1114 3593 1223 3631 non
1259 3578 1313 3634 in
1344 3577 1602 3632 omnibus
1627 3585 1681 3633 et
1711 3592 1957 3647 semper;

380 3664 793 3726 amrmabimus.
823 3668 1134 3740 Gignuntur
1161 3670 1324 3724 etiam
1357 3669 1688 3740 quandoque
1716 3677 1961 3724 monstra

380 3765 436 3816 et
485 3756 756 3833 ἀλλοειδῆ,
813 3776 922 3820 non
976 3769 1158 3817 tamen
1209 3761 1263 3820 id
1322 3763 1402 3819 uti
1455 3762 1734 3834 proprium
1788 3761 1961 3816 ascri-

380 3850 596 3910 bemus.

451 3944 613 4008 lbid.,
649 3945 745 4004 lin.
781 3946 871 4004 43.
907 3947 1091 4000 ’Ὅταν
1125 3945 1176 4000 δ’
1204 3947 1269 4014 ἐς
1307 3947 1554 4016 βόθρον.
1593 3944 1823 4009 Plinius,
1863 3945 1956 3999 lib.

381 4051 502 4100 vttl,
533 4049 653 4105 Cap.
691 4037 744 4100 8,
785 4037 973 4108 Africa
1019 4038 1180 4106 foveis
1228 4041 1391 4107 capit,
1422 4041 1474 4093 in
1518 4055 1650 4109 quas
1689 4039 1960 4091 deerrante

381 4130 560 4199 aliquo
585 4129 826 4197 protinus
855 4131 1031 4183 cwteri
1066 4140 1347 4200 congerunt
1377 4146 1575 4193 ramos,
1605 4130 1764 4185 moles
1785 4128 1960 4182 devol-

383 4231 534 4287 vunt,
573 4237 787 4292 aggeres
811 4229 1141 4286 construunt,
1163 4223 1404 4290 omnique
1425 4222 1475 4275 vi
1497 4231 1758 4275 conantur
1780 4230 1959 4274 extra.-

381 4315 523 4370 here.
601 4314 752 4370 Alias
806 4313 1056 4389 capiendi
1120 4312 1488 4388 domandique
1537 4313 1779 4366 rationes
1836 4311 1960 4366 vide

382 4407 526 4478 apud
557 4408 805 4462 ettlndem
858 4405 1080 4469 ibidem,
1118 4413 1171 4459 et
1203 4403 1549 4469 Strabonem,
1585 4405 1676 4459 lib.
1722 4421 1810 4458 xv.
1849 4403 1958 4458 Nec

2056 1927 2122 1996 τῇ
2181 1926 2490 1996 προνομαίᾳ
2522 1925 2620 1996 τὴν
2655 1924 2892 1996 πλευρὰν
2935 1923 3252 1984 τύπτοντας,
3291 1921 3367 1983 ὡς
3418 1919 3651 1980 καθιζοο

2062 2018 2258 2087 μένους
2301 2015 2410 2068 τῶν
2457 2015 2797 2085 δρακόντων·
2844 2009 2978 2077 εἶτα,
3036 2014 3123 2065 ἀεὶ
3164 2009 3499 2079 κενουμένου
3555 2005 3649 2059 τοῦ

2058 2106 2313 2172 ζωτικοῦ,
2359 2108 2534 2178 πηδᾷν
2577 2108 2673 2177 μὲν
2724 2107 2918 2176 μηκέτι
2957 2103 3234 2164 δύνασθαι,
3275 2098 3651 2168 κραδαινομέ-

2058 2221 2181 2268 νους
2207 2203 2252 2258 δ’
2287 2202 2526 2256 ἑστάναι.
2564 2202 2774 2273 Μικρὸν
2802 2201 2845 2253 δ’
2873 2200 3099 2270 ὕστερον
3144 2195 3237 2248 καὶ
3289 2193 3400 2245 τῶν
3436 2189 3649 2242 σκελῶν

2058 2292 2549 2362 ὲξασθενησάντων,
2585 2291 3037 2349 κατασεισθέντας
3069 2284 3398 2355 ἀποιξεύχειν.
3447 2282 3650 2335 Πεσόν·

2056 2403 2155 2449 τας
2190 2385 2246 2438 δὲ
2274 2388 2398 2448 τοὺς
2429 2385 2631 2449 αἰτίους
2669 2384 2761 2438 τοῦ
2813 2384 3039 2444 Θανάτου
3089 2377 3492 2433 συναπολλύναι
3527 2376 3626 2447 τρό

2059 2497 2145 2549 πῳ
2176 2478 2384 2548 τοιῷδε.
2431 2477 2638 2548 Μηκέτ’
2669 2476 2882 2546 ἔχοντες
2905 2472 3111 2545 τροφὴν
3137 2471 3186 2523 οἱ
3229 2469 3557 2540 δράκοντες,
3592 2464 3647 2518 ὃν

2059 2569 2383 2640 περιέθεσαν
2412 2567 2609 2638 δεσμὸν
2639 2566 3002 2638 ἐπιχειροῦσιν
3034 2562 3267 2625 ἐκλύειν,
3319 2557 3649 2630 ἀπαλλαγὴν

2058 2663 2156 2734 ήδη
2186 2661 2498 2724 ποθοῦντες.
2540 2659 2674 2712 Ὑπὸ
2719 2659 2775 2711 δὲ
2826 2657 2919 2710 τοῦ
2956 2657 3152 2728 βάρους
3191 2654 3301 2707 τῶν
3333 2652 3648 2720 ἐλεφάντων

2060 2753 2364 2825 θλιϐόμενοι
2403 2752 2703 2816 πιέζονται,
2741 2752 2836 2805 καὶ
2869 2750 3002 2803 πολὺ
3038 2747 3234 2818 μᾶλλον
3263 2743 3489 2797 ἐπειδὰν
3511 2741 3650 2811 τύχῃ

2059 2847 2331 2918 στέριφος,
2377 2847 2470 2898 καὶ
2495 2843 2716 2905 λιθῶδες
2748 2842 2961 2910 ἔδαφος.
2997 2835 3386 2906 Ἰλυσπώμενοι
3415 2835 3530 2904 γάρ
3557 2833 3649 2885 καὶ

2059 2942 2236 2998 πάντα
2283 2938 2560 3000 ποιοῦντες
2593 2938 2673 2999 εἰς
2707 2934 2947 2988 διάλυσιν
2985 2932 3090 2986 ὑπὸ
3117 2932 3212 3002 τῆς
3249 2928 3346 2982 τοῦ
3389 2928 3648 2988 πεσόντος

2061 3033 2183 3106 βίας
2228 3030 2548 3103 πεδηοέντες
2595 3028 2819 3092 ἑαυτοὺς
2865 3025 3214 3096 πολυτρόπως
3246 3025 3306 3074 ἐν
3335 3019 3647 3090 ἀμηχάνοις

2061 3127 2154 3180 καὶ
2179 3126 2400 3194 ἀπόροις
2419 3123 2791 3193 γυμνάσαντες
2810 3117 3173 3186 ἐξασθενοῦσι,
3193 3114 3452 3184 καθάπερ
3477 3113 3531 3164 οἱ
3550 3128 3644 3162 κα-

2061 3215 2466 3278 ταλευσθέντες,
2493 3215 2542 3267 οἳ
2565 3213 2775 3282 τείχους
2801 3210 3064 3280 αἰφνίδιον
3099 3205 3493 3275 ὑπενεχθέντος
3520 3219 3647 3271 προ-

2061 3308 2521 3380 καταληφθέντες,
2546 3308 2606 3360 οὐ
2643 3306 2686 3360 δ’
2712 3307 2833 3359 ὅσον
2862 3301 3133 3370 ἀνακύψαι
3156 3299 3449 3368 δυνάμενοι
3479 3295 3643 3364 πνιτῇ

2059 3401 2402 3457 τελευτῶσιν.
2438 3399 2614 3452 Aliam
2654 3397 2817 3465 hujus
2861 3409 3053 3465 pugna:
3103 3391 3370 3447 rationem
3408 3387 3646 3455 explicat

2062 3494 2337 3556 Elianus,
2364 3493 2459 3546 lib.
2505 3507 2580 3553 vt,
2609 3505 2731 3559 cap.
2770 3487 2860 3551 2i,
2895 3501 3054 3557 quem
3087 3483 3228 3537 vide.
3278 3480 3562 3550 Attingam
3591 3486 3644 3530 et

2062 3586 2152 3640 hic
2198 3583 2459 3639 nonnulla
2490 3582 2557 3636 de
2601 3580 2892 3650 elephanto
2942 3592 3092 3632 more
3138 3589 3282 3636 meo,
3320 3571 3566 3626 breviter
3591 3577 3643 3622 et

2063 3676 2362 3739 succincte,
2397 3674 2450 3727 in
2489 3673 2689 3742 quibus
2719 3669 3026 3741 gravissimi
3067 3674 3323 3721 auctores
3377 3678 3490 3717 non
3514 3676 3645 3715 eon-

2059 3769 2307 3825 veniunt.
2355 3766 2592 3827 Plinius,
2621 3763 2716 3817 lib.
2748 3776 2868 3828 vm,
2899 3775 3019 3829 cap.
3059 3757 3144 3824 lO,
3185 3755 3511 3825 elephantos
3572 3751 3644 3806 ait

2061 3859 2376 3913 animalium
2401 3856 2636 3910 maxime
2661 3852 2844 3907 odisse
2870 3865 3098 3912 murem,
3118 3848 3192 3901 ita
3211 3855 3267 3899 ut
3297 3844 3562 3914 pabulum
3591 3841 3643 3893 in

2061 3949 2326 4022 praesepio
2343 3948 2580 4018 positum
2607 3944 2870 4010 fastidiat,
2896 3942 2940 3997 si
2966 3956 2995 3994 a
3018 3953 3168 3993 mure
3192 3945 3398 3991 tactum
3417 3947 3644 4000 corripe—

2060 4043 2216 4096 rerit.
2237 4039 2487 4094 Ailianus
2504 4037 2580 4092 De
2608 4038 2796 4090 histor.
2830 4032 3075 4094 animal.,
3107 4031 3200 4084 lib.
3227 4044 3318 4089 vn,
3355 4023 3528 4093 capit.
3549 4022 3640 4088 5|,

2059 4142 2115 4190 et
2137 4133 2234 4188 lib.
2270 4147 2380 4196 xvr,
2412 4146 2532 4200 cap.
2563 4127 2652 4192 56,
2687 4143 2838 4183 suem
2865 4141 2971 4182 non
3010 4136 3217 4176 murem
3258 4119 3462 4178 odisse,
3500 4115 3644 4169 scri-

2061 4230 2160 4284 bit.
2201 4224 2268 4278 Et
2295 4222 2644 4286 Plutarchus,
2679 4220 2918 4281 Εἰκότως
2965 4216 3021 4269 δὲ
3053 4215 3146 4268 καὶ
3172 4211 3248 4282 τῷ
3273 4210 3444 4262 λέοντι
3499 4207 3642 4278 πρὲς

2059 4321 2150 4374 τὸν
2191 4316 2541 4389 ἀλεκτρυόνα,
2589 4316 2682 4369 καὶ
2705 4312 2783 4383 τῷ
2822 4311 3071 4379 ἐλέφαντι
3098 4308 3229 4378 πρὸς
3254 4305 3340 4356 τὸν
3372 4296 3435 4354 ὗν
3477 4306 3642 4372 pica;

2063 4408 2279 4480 ἰσχυρὸν
2304 4403 2681 4476 γεγενηκέναι,
2714 4401 2806 4455 καὶ
2841 4400 2929 4453 τὸν
2961 4397 3143 4468 φόϐον.
3177 4393 3470 4464 Gregorius
3509 4395 3642 4446 item

383 4502 736 4561 invenustum
766 4510 868 4562 est,
909 4512 1009 4553 nec
1049 4498 1118 4553 ab
1151 4497 1367 4568 ingenio
1397 4497 1803 4571 elephantorum
1828 4495 1958 4549 alie-
1989 4512 2033 4568 ι)
2060 4501 2295 4565 Pisides,
2337 4497 2417 4552 De
2464 4495 2646 4551 mundi
2678 4493 2908 4564 opiﬁcio,

384 4608 540 4656 num,
560 4593 704 4662 quod
731 4600 922 4652 narrat
951 4591 1204 4654 Elianus
1236 4592 1302 4646 de
1333 4591 1436 4647 his.
1460 4590 1553 4644 lib.
1582 4607 1676 4646 vut
1725 4589 1801 4646 De
1828 4590 1955 4644 hist.

384 4685 575 4750 anim.,
608 4699 730 4754 cap.
764 4685 851 4749 15,
887 4684 1016 4739 dum
1058 4684 1236 4739 fossas
1266 4684 1545 4739 transilire
1575 4698 1684 4736 non
1729 4691 1956 4752 queunt.

386 4775 554 4835 Ὅταν
584 4775 884 4846 ὑπερϐῆναι
921 4776 1127 4847 τάφρον
1151 4777 1200 4828 οἱ
1241 4775 1532 4847 ἐλέφαντες
1561 4772 1635 4846 μὴ
1675 4772 1956 4837 δύνωνται,

381 4861 464 4931 εἷς
501 4869 530 4921 ὁ
570 4867 826 4938 μέγιστος
871 4868 1062 4920 ἑαυτὸν
1091 4867 1370 4938 ἐμϐάλλει,
1403 4867 1499 4920 καὶ
1531 4865 1760 4933 πλάγιος
1809 4864 1960 4917 ἵστα-

379 4977 493 5025 ται,
531 4963 625 5019 καὶ
646 4962 876 5033 γεφυροῖ
906 4960 967 5012 τὸ
999 4961 1173 5024 κενὸν,
1215 4963 1310 5014 καὶ
1349 4961 1469 5021 κατ’
1496 4958 1660 5013 αὑτοῦ
1690 4957 1961 5028 βαίνοντες

380 5055 462 5116 εἰς
497 5052 560 5105 τὸ
588 5052 888 5122 ἀντιπέραν
922 5055 1054 5117 ἴασι,
1085 5054 1178 5107 καὶ
1205 5052 1660 5126 ἀποδιδράσκουσι
1699 5050 1961 5119 πρότερον

385 5141 569 5218 μέντοι
625 5144 831 5203 ἐκεῖνον
871 5143 1269 5206 ἀνασώσαντες.
1331 5142 1388 5194 Ὀ
1436 5141 1492 5193 δὲ
1536 5143 1636 5211 τῆς
1689 5139 1961 5209 σωτηρίας

379 5233 584 5303 τρόπος
607 5228 759 5299 οὗτός
787 5237 953 5288 ἐστιν.
996 5233 1232 5292 Ἀνωϐέν
1265 5250 1348 5297 τις
1376 5231 1466 5284 τὸν
1496 5231 1630 5285 πόδα
1667 5231 1957 5303 προτείνει,

382 5326 477 5378 καὶ
511 5325 704 5397 ἐκείνῳ
733 5326 965 5398 παρέχει
995 5327 1094 5398 τὴν
1127 5327 1458 5398 προϐοσκίδα
1503 5323 1844 5396 περιπλέξαι.
1896 5325 1959 5377 υἱ

381 5415 441 5467 δὲ
484 5415 634 5473 ἄλλοι
681 5419 934 5494 φρύγανα
968 5419 1324 5490 ἐμϐάλλουσιν
1353 5419 1413 5484 ἐξ
1454 5417 1583 5490 ὕλης
1628 5418 1854 5480 ἕκαστα,
1886 5409 1961 5470 ὧν

385 5504 683 5560 ἐπιϐαίνων
714 5511 998 5581 είλημένος
1025 5513 1150 5573 τοὺς
1181 5510 1365 5578 πόδας,
1403 5512 1546 5583 μάλα
1577 5513 1858 5584 ἐγκρατῶς
1900 5529 1959 5565 τε

389 5597 482 5655 καὶ
514 5595 756 5664 εὐλαϐῶς
787 5603 1098 5656 ἀνασπᾶται
1133 5605 1324 5674 ῥᾷστα.

462 5678 624 5749 lbid.,
665 5688 760 5742 lin.
798 5691 887 5744 47.
930 5693 986 5744 '0
1032 5691 1100 5744 δὲ
1142 5691 1378 5759 δράκων
1420 5696 1453 5746 ό
1509 5694 1678 5748 κατά.
1728 5693 1958 5756 Plinius,

391 5777 489 5840 lib.
522 5792 639 5846 vm,
667 5781 830 5854 capit.
859 5783 944 5848 ll,
973 5781 1286 5859 Elephantes
1318 5785 1420 5854 fert
1442 5786 1645 5854 Africa,
1679 5787 1820 5844 ultra
1838 5786 1962 5854 Sur-

2165 4613 2275 4669 Kal
2305 4612 2426 4667 τῶν
2457 4610 2800 4680 ἐλεφάντων
2823 4603 3148 4680 ἐκφρΰοῦοξι
3182 4600 3245 4654 τὸ
3274 4595 3492 4680 aspcias;-

2268 4683 2445 4752 μικρὰ
2476 4667 2864 4752 γρύλλίζοντα
2891 4667 3009 4729 τῶν
3033 4675 3247 4744 χοίρων
3263 4667 3486 4736 βρέφη.

2059 4777 2290 4846 Quidam
2314 4775 2547 4828 Plinium
2573 4773 2856 4842 deceptum
2882 4767 3053 4823 fuisse
3077 4765 3329 4819 aﬂinitate
3350 4776 3555 4814 vocum
3578 4755 3641 4822 ὗς

2059 4877 2113 4924 et
2153 4866 2257 4940 μῦς
2291 4872 2624 4922 asseverant.
2657 4861 2924 4918 Cancrum
2955 4859 3188 4922 Plinius,
3222 4855 3323 4910 sub
3365 4853 3471 4907 [ine
3509 4869 3634 4924 cap.

2059 4961 2114 5024 9,
2150 4957 2374 5014 eosdem
2422 4957 2648 5012 minimo
2674 4955 2792 5010 suis
2827 4951 3049 5008 stridori
3081 4947 3274 5004 terreri
3309 4945 3487 5011 dixit;
3525 4947 3638 5001 Ho-

2062 5068 2179 5115 rus,
2209 5052 2303 5106 lib.
2337 5065 2398 5116 Il,
2427 5065 2548 5119 cap.
2579 5048 2650 5102 85
2670 5055 2724 5101 et
2747 5046 2835 5111 86,
2862 5045 3083 5098 arietem
3116 5048 3168 5095 et
3192 5055 3340 5094 suem
3372 5037 3634 5105 horrere;

2061 5143 2350 5202 confirmat
2379 5140 2652 5203 Ailianus,
2704 5138 2798 5192 lib.
2833 5155 2849 5192 ι
2891 5135 2964 5190 De
3005 5135 3126 5187 hist.
3165 5133 3306 5186 anim
3336 5171 3350 5196 ,
3381 5144 3508 5198 cap.
3542 5131 3631 5184 58.

2063 5239 2261 5308 Sicque
2290 5235 2566 5291 Romanos
2592 5233 2789 5304 Pyrrhi
2820 5231 3163 5301 Epirotarum
3195 5227 3337 5298 regis
3373 5227 3638 5295 elephan-

2062 5340 2147 5385 tos
2180 5330 2236 5383 in
2285 5328 2466 5398 fugam
2500 5327 2753 5388 vertisse,
2789 5332 2843 5378 et
2877 5322 3161 5377 victoriam
3205 5319 3478 5381 retulisse,
3513 5318 3635 5392 Ὀῥ-

2062 5421 2224 5494 ῥωδεῖ
2271 5423 2299 5474 ό
2347 5419 2543 5488 ἐλέφας
2592 5403 2866 5489 κεράστην
2901 5414 3071 5486 κριὸν,
3114 5412 3209 5464 καί⁵
3258 5410 3444 5482 χοίρου
3482 5408 3630 5481 βοήν.

2062 5514 2218 5568 Οὕτω
2244 5514 2447 5574 τοίνυν,
2477 5513 2629 5580 φασὶ,
2669 5509 2764 5562 καὶ
2778 5510 3032 5577 Ῥωμαῖοι
3061 5505 3185 5567 τοὺς
3218 5505 3312 5556 σὺν
3339 5501 3633 5573 Πύρῤῳτῷ

2073 5602 2384 5676 Ἠπειρώτῃ
2406 5602 2698 5674 ἐτρέψαντο
2712 5599 3005 5667 ἐλέφαντας
3024 5613 3038 5627 ’
3071 5596 3162 5648 καὶ
3187 5595 3220 5666 ἡ
3249 5593 3374 5664 νίκη
3407 5595 3501 5645 σὺν
3526 5595 3632 5655 τοῖς

2073 5695 2366 5767 Ῥωμαίοις
2385 5693 2650 5765 λαμπρῶς
2678 5691 2910 5760 ἐγένετο.
2950 5689 3094 5744 Idem
3125 5687 3357 5749 Plinius,
3394 5687 3488 5741 lib.
3516 5702 3629 5748 vm,

2065 5802 2186 5848 cap.
2225 5786 2277 5846 5.
2319 5783 2524 5840 Pudore
2559 5795 2827 5840 nunquam
2859 5778 2960 5833 nisi
2988 5779 3042 5832 in
3077 5775 3256 5830 abdito
3287 5783 3499 5840 coeunt,
3524 5791 3630 5832 mas
