3810 6168
224 250 333 308 949

1229 252 1297 307 ΙΝ
1343 251 1720 309 EUSTATllll
1759 249 2236 307 HEXAEMEBON
2277 248 2512 307 ΝΟΤᾸΞ.

3372 256 3438 308 3i?
3444 256 3477 308 0

219 371 590 440 quinquennis,
635 371 832 439 femina
869 371 1132 428 decennis.
1181 373 1546 442 Aristoteles,
1595 375 1692 431 lib.
1737 392 1760 427 v

1862 423 1864 434 λ
1894 373 2030 444 πρὸς
2047 371 2229 442 φιλίαν
2249 370 2596 444 μνημονικόν.
2619 369 2968 435 Aristoteles,
2990 371 3067 426 De
3081 371 3265 426 histor.
3283 371 3470 437 anim.,

218 459 300 516 De
333 463 519 516 histor.
546 465 734 527 anim.,
767 479 884 534 cap.
918 465 1010 528 27,
1069 468 1288 522 nonnisi
1323 469 1584 524 vicesimo
1615 470 1791 525 aztatis

217 567 367 607 anno
397 553 544 610 coire
589 555 773 609 tradit.
810 554 1156 626 Elephantus,
1209 567 1317 612 tam
1354 575 1468 612 mas
1507 576 1665 630 quam
1708 559 1790 628 fe—

218 645 391 710 mina,
417 647 598 716 incipit
627 648 768 702 coire
790 665 927 702 anno
956 650 1130 703 astatis
1150 649 1410 706 vicesimo.
1444 650 1639 706 Mirum
1658 665 1790 707 sane

215 752 453 806 quanam
488 739 700 794 ratione
725 739 944 808 quidam
967 739 1023 793 in
1055 739 1109 793 d.
1144 740 1322 794 locum
1353 740 1517 796 Plinii
1552 757 1620 796 ex
1660 741 1787 794 Ari-

219 828 412 882 stotele
427 827 776 894 adnotarunt,
801 845 924 885 eum
952 831 1186 897 tradere,
1221 832 1522 900 elephantos
1551 850 1654 886 non
1683 832 1788 886 nisi

213 928 333 986 post
367 921 663 975 vicesimum
717 938 915 976 annum
957 925 1120 986 coire,
1171 932 1263 976 aut
1307 924 1533 995 gignere.
1573 924 1785 980 Plinius

210 1008 283 1064 de
310 1025 497 1063 eorum
530 1012 891 1081 appellatione
925 1011 978 1065 in
1004 1011 1179 1074 Italia,
1207 1027 1330 1081 cap.
1375 1012 1429 1075 6,
1463 1010 1784 1081 Elephantos

210 1100 380 1155 Italia
407 1103 636 1170 primum
664 1103 791 1157 vidit
823 1103 1020 1174 Pyrrhi
1059 1105 1195 1174 regis
1225 1105 1380 1168 bello,
1403 1116 1455 1160 et
1499 1103 1647 1159 boves
1679 1103 1785 1158 Lu-

210 1201 304 1242 cas
344 1191 642 1257 appellarit,
673 1192 727 1245 in
766 1191 994 1248 Lucanis
1025 1195 1162 1249 visos
1192 1211 1331 1248 anno
1355 1195 1500 1250 urbis
1527 1195 1783 1266 quadrin-

207 1283 491 1351 gentesimo
527 1285 904 1352 septuagesimo
934 1286 1179 1340 secundo.
1215 1285 1352 1340 Hinc
1379 1295 1434 1341 et
1480 1287 1628 1342 boves
1674 1286 1782 1340 Lu-

207 1373 332 1426 cani
368 1384 633 1428 vocantur
678 1377 745 1428 ab
773 1373 1004 1439 Isidoro,
1043 1377 1139 1431 lib.
1171 1392 1231 1440 ιι,
1264 1378 1428 1447 capit.
1462 1377 1531 1444 2;
1581 1377 1778 1443 Varro,

205 1465 307 1520 lib.
336 1482 408 1530 vi,
441 1467 514 1522 De
542 1470 722 1538 lingua
755 1467 970 1535 Latina,
1012 1485 1111 1526 nec
1140 1485 1170 1525 a
1218 1469 1408 1543 Libya,
1452 1487 1553 1526 nec
1589 1486 1619 1525 a
1665 1470 1778 1526 Lu-

205 1559 368 1612 cania
402 1559 582 1626 dictos
618 1571 794 1630 putat,
826 1561 918 1618 sed
952 1578 980 1617 a
1029 1562 1164 1627 luce,
1197 1563 1343 1634 quod
1372 1564 1532 1634 longe
1567 1565 1780 1620 reluce-

202 1652 336 1706 bant
370 1662 588 1724 propter
617 1655 899 1711 inauratos
938 1657 1118 1727 regios
1159 1658 1405 1729 clypeos,
1434 1658 1633 1729 quibus
1661 1667 1777 1712 tur-

1891 465 1986 522 lib.
2017 479 2092 527 vn,
2119 477 2242 533 cap.
2271 462 2363 526 2‘2,
2397 460 2802 517 Salacissimum
2840 463 3092 527 omnium,
3114 472 3221 515 tum
3251 463 3475 531 [emina-

1889 570 2008 607 rum
2029 563 2140 608 tum
2171 556 2421 619 marium,
2447 571 2608 624 equus
2624 564 2724 620 est,
2743 555 2952 610 homine
2975 565 3206 620 excepto,
3230 564 3284 610 et
3303 569 3472 625 equas

1888 646 2114 702 libidine
2167 646 2405 702 maxime
2451 647 2669 702 incendi
2704 656 2897 701 auctor
2941 654 3026 702 est
3051 646 3325 710 ASliauus,
3368 647 3465 704 lib.

1888 752 1941 791 Iv
1969 737 2046 792 De
2079 737 2270 793 histor.
2304 738 2554 803 animal.,
2586 754 2710 809 cap.
2757 739 2815 793 ll
2843 757 2858 805 ;
2913 754 3084 808 quare
3119 748 3170 794 et
3212 739 3471 794 mulieres

1886 828 2212 886 libidinosas
2242 830 2311 885 ab
2335 831 2415 886 eis
2446 831 2537 901 qui
2575 830 2885 885 convicium
2915 830 3096 885 facere
3121 830 3344 885 student
3371 845 3469 884 vo-

1884 919 1998 973 cari
2037 919 2214 975 solere
2253 936 2437 990 equas.
2495 919 2679 984 Μόνας
2720 920 2903 974 ἀκούω
2933 921 3039 975 τῶν
3071 920 3224 985 ζώων
3254 920 3352 985 τὰς
3379 921 3468 975 ἴπ-

1887 1025 2022 1073 πους
2055 1010 2150 1062 καὶ
2183 1007 2420 1073 κυούσας
2447 1009 2738 1081 ὑπομένειν
2762 1012 2862 1082 τὴν
2885 1011 2995 1064 τῶν
3027 1013 3272 1083 άῤῥὲνων
3299 1012 3460 1083 μίξιν.

1883 1095 2037 1152 Εἶναι
2065 1100 2173 1171 γὰρ
2195 1099 2556 1168 λαγνιστάτας
2579 1117 2592 1129 ·
2615 1099 2702 1153 διὰ
2728 1100 2902 1154 ταῦτά
2927 1119 3007 1154 τοι
3035 1102 3126 1154 καὶ
3150 1102 3255 1153 τῶν
3282 1117 3466 1168 γυναι-

1884 1191 1994 1244 κῶν
2020 1191 2118 1255 τὰς
2147 1193 2498 1256 ἀκολάστους,
2527 1192 2634 1246 ὑπὸ
2669 1193 2776 1247 τῶν
2818 1193 3153 1266 σεμνοτέρως
3181 1193 3348 1257 αὐτὰς
3369 1194 3460 1247 εὑ-

1883 1280 2144 1336 θυνόντων
2185 1281 2467 1338 καλεῖσθαι
2513 1283 2729 1346 ἵππους.
2785 1282 2851 1336 Et
2897 1284 3217 1340 Aristoteles
3263 1299 3460 1354 equam

1881 1385 2076 1428 natura
2107 1375 2449 1429 libidinosam
2483 1375 2716 1437 vocavit,
2744 1375 2837 1430 lib.
2873 1391 2923 1430 Iv
2963 1375 3038 1430 De
3065 1392 3238 1446 gener.
3268 1377 3456 1440 anim.,

1880 1480 2001 1535 cap.
2037 1467 2090 1522 5.
2126 1465 2255 1521 Sola
2279 1467 2418 1521 enim
2456 1467 2790 1530 animalium,
2831 1474 2891 1521 ut
2930 1467 3071 1523 idem
3103 1467 3298 1538 inquit,
3335 1484 3456 1520 mu-

1880 1555 1980 1610 lier
2008 1566 2058 1611 et
2093 1575 2225 1629 equa
2267 1559 2487 1630 gravida
2527 1561 2718 1614 coitum
2767 1560 3085 1626 patiuntur;
3126 1567 3180 1615 et
3220 1560 3346 1616 libr.
3379 1576 3454 1614 "ll

1881 1646 1959 1702 De
1981 1647 2168 1704 histor.
2205 1651 2454 1718 animal.,
2490 1667 2610 1721 cap.
2647 1652 2702 1715 ι,
2735 1649 2931 1705 Mulier
2955 1660 3003 1705 et
3036 1667 3189 1719 equa,
3223 1653 3455 1706 omnium

203 1759 294 1798 res
325 1759 510 1798 eorum
543 1753 748 1800 ornatae
774 1747 1010 1802 fuerunt.
1041 1751 1205 1802 Arma
1231 1763 1443 1813 eorum,
1481 1755 1542 1802 ut
1566 1764 1631 1802 ex
1661 1748 1760 1802 Pli-

1878 1737 2103 1792 maxime
2120 1740 2452 1804 animalium,
2470 1741 2699 1809 gravida:
2715 1740 2907 1793 coitum
2924 1741 3226 1808 patiuntur:
3243 1748 3450 1810 ca'tera,

200 1835 317 1900 nio,
350 1852 470 1906 cap.
522 1838 576 1897 5.
623 1838 905 1902 habemus,
938 1837 1076 1894 Juba
1110 1857 1204 1896 rex
1238 1857 1434 1895 cornua
1455 1841 1764 1910 appellavit.

201 1923 377 1978 Varro
434 1941 672 1996 quoque,
711 1927 806 1981 lib.
853 1943 908 1982 v1
952 1927 1027 1982 De
1055 1930 1235 2001 lingua
1280 1930 1494 2001 Latina,
1528 1937 1618 1990 illa
1645 1951 1768 1992 esse

196 2029 404 2069 cornua
456 2025 631 2086 putat,
702 2027 757 2073 et
800 2019 1120 2087 Pausanias,
1175 2024 1269 2078 lib.
1319 2042 1370 2085 v.
1415 2036 1468 2082 et
1515 2028 1766 2085 Elianus

196 2105 322 2160 libr.
355 2123 444 2160 xxv
477 2107 547 2161 De
579 2107 767 2163 histor.
807 2113 994 2176 anim.,
1026 2114 1192 2183 capit.
1240 2131 1292 2175 v.
1321 2123 1374 2170 et
1411 2117 1505 2173 lib.
1539 2134 1611 2184 Iv,
1640 2135 1762 2190 cap.

192 2197 292 2262 31;
323 2205 376 2253 et
421 2199 718 2270 Oppianus,
752 2203 874 2259 libr.
913 2221 951 2258 ιι
982 2207 1228 2275 Κυνηγ.,
1258 2209 1606 2278 reprehendit
1645 2213 1766 2266 vul-

193 2305 376 2359 garem
423 2292 735 2361 Opinionem
785 2296 852 2350 de
897 2295 1056 2350 dente
1103 2300 1413 2368 elephanti,
1463 2309 1518 2356 et
1569 2305 1764 2374 prohat

192 2379 407 2436 duobus
431 2387 788 2453 argumentis,
816 2394 929 2439 tum
954 2387 1098 2456 quod
1128 2406 1158 2443 e
1187 2390 1365 2459 capite
1393 2393 1623 2458 oriatur,
1650 2395 1763 2451 sive

191 2486 261 2526 ex
309 2474 518 2537 cranio,
566 2475 713 2544 quod
766 2493 973 2532 cornua
1028 2481 1307 2549 proprium
1373 2483 1604 2549 habent;
1647 2496 1758 2542 tum

187 2563 336 2632 quod
364 2579 424 2619 se
454 2567 787 2634 poliendum,
816 2570 1134 2634 secandum,
1165 2572 1490 2643 ﬁngendum,
1521 2577 1762 2632 forman-

188 2655 430 2724 dumque
480 2657 736 2725 praebeat,
781 2659 924 2728 quod
971 2677 1238 2732 nusquam
1290 2663 1481 2719 dentes
1532 2667 1755 2722 l‘aciunt.

192 2741 390 2799 Dentes
421 2752 601 2800 tamen
635 2763 757 2803 esse
793 2789 808 2812 ,
849 2757 903 2804 et
950 2767 1057 2804 non
1089 2767 1293 2806 cornua
1324 2761 1548 2809 tuentur
1587 2755 1758 2812 [iero-

187 2834 387 2902 dotus;
416 2836 757 2903 Aristoteles,
791 2840 885 2894 lib.
923 2857 981 2894 ιιι
1016 2843 1087 2896 De
1117 2843 1311 2912 partib.
1357 2847 1602 2914 animal.,
1633 2865 1754 2918 cap.

185 2923 241 2984 2,
290 2932 345 2978 et
389 2927 513 2980 libr.
548 2944 586 2982 ιι
637 2928 842 2984 Hister.
888 2933 1130 2998 animal.,
1183 2949 1306 3005 cap.
1353 2936 1417 3003 5;
1466 2936 1754 3010 Dionysius

183 3013 340 3078 Afer,
370 3015 764 3088 ’Περιηγήσει,
788 3022 1019 3086 Plinius,
1050 3025 1171 3078 libr.
1207 3043 1324 3089 vm,
1353 3043 1472 3097 cap.
1505 3030 1751 3096 5;Clau-

1873 1827 1964 1880 ubi
1983 1829 2200 1899 gravida
2222 1831 2439 1900 fuerint,
2457 1831 2661 1900 fugiunt
2691 1847 2884 1893 mares,
2915 1847 2977 1884 ea
3004 1831 3202 1884 scilicet
3230 1846 3452 1902 quorum

1874 1929 2065 1974 natura
2082 1923 2403 1992 superfetare
2419 1940 2561 1976 more
2575 1923 2764 1992 leporis
2778 1932 3002 1977 recusat.
3018 1923 3248 1987 Plinius,
3277 1923 3370 1977 lib.
3393 1939 3448 1988 Χ,

1872 2025 1991 2081 cap.
2023 2012 2112 2076 45,
2137 2019 2190 2068 et
2216 2030 2367 2069 suem
2390 2014 2693 2085 coniungit.
2723 2014 2922 2068 Mirum
2957 2024 3014 2068 ut
3054 2014 3452 2085 quadrupedum

1870 2113 2197 2172 praegnantes
2243 2104 2489 2159 Venerem
2519 2115 2719 2167 arcent,
2754 2116 2945 2174 pra'ter
2981 2123 3166 2177 equam
3204 2115 3253 2162 et
3282 2123 3446 2160 suem.

1871 2191 2156 2249 Rationem
2200 2195 2366 2265 hujus
2413 2196 2583 2252 babes
2633 2198 2774 2266 apud
2816 2198 3187 2262 AristOIelem,
3241 2198 3335 2253 lib.
3394 2213 3450 2256 tv

1870 2281 1947 2336 De
1985 2287 2320 2353 generatione
2357 2287 2601 2353 animal.,
2647 2303 2768 2357 cap.
2807 2287 2860 2343 5.
2895 2286 2961 2340 Et
2984 2288 3112 2358 quia
3149 2287 3322 2344 solida
3350 2304 3448 2343 na-

1867 2379 1990 2428 tura
2014 2384 2099 2430 est
2131 2393 2144 2431 :
2177 2387 2230 2432 et
2264 2377 2435 2432 solida
2474 2387 2602 2433 sunt
2632 2377 2862 2434 Veneris
2893 2382 3288 2449 appetentiora,
3320 2395 3445 2434 cum

1869 2479 2088 2523 careant
2119 2471 2460 2540 purgatione,
2486 2487 2604 2540 qua:
2630 2471 2852 2540 perinde
2877 2481 2958 2527 est
2988 2471 3224 2536 feminis,
3256 2480 3313 2526 ut
3333 2473 3447 2526 coi-

1867 2567 1957 2613 tus
1994 2559 2270 2624 maribus;
2307 2568 2361 2614 et
2389 2576 2527 2630 equa
2565 2572 2843 2616 menstrua
2881 2563 3103 2617 minime
3128 2563 3347 2616 emittit.
3379 2561 3445 2617 Et

1865 2647 2012 2719 quod
2041 2649 2119 2703 illi
2166 2650 2370 2721 aliquid
2407 2653 2570 2722 spatii
2608 2653 2663 2708 in
2699 2663 2855 2709 utero
2895 2661 3168 2723 superest,
3209 2653 3444 2723 amplius

1864 2755 2027 2811 quam
2050 2747 2110 2795 ut
2139 2741 2206 2796 ab
2229 2757 2337 2796 uno
2365 2751 2684 2813 occupetur,
2706 2745 2912 2798 arctius
2937 2757 3099 2814 quam
3131 2750 3188 2797 ut
3210 2743 3442 2796 alterum

1863 2829 2106 2900 perfecte
2150 2832 2324 2901 possit
2369 2832 2730 2902 superfetari;
2775 2842 2828 2889 et
2875 2833 2968 2888 lib.
3011 2849 3084 2888 vn
3129 2833 3206 2887 De
3249 2833 3438 2889 histor.

1863 2923 2112 2988 animal.,
2142 2938 2264 2994 cap.
2296 2923 2386 2989 22,
2418 2941 2686 2995 equorum
2738 2933 2868 2980 tunc
2910 2933 3213 2981 armentum
3258 2924 3438 2996 perle-

1861 3023 2012 3067 ctum
2052 3027 2197 3081 esse,
2239 3031 2362 3070 cum
2409 3027 2660 3086 parentes
2686 3032 2838 3073 suam
2881 3018 3070 3073 ineunt
3098 3018 3326 3088 prolem,
3355 3019 3438 3073 vel

183 3103 403 3172 dianus,
433 3109 525 3164 lib.
561 3127 618 3164 ιιι
664 3111 738 3166 De
777 3113 1022 3170 laudibus
1053 3115 1360 3183 Stiliconis;
1394 3119 1594 3186 llorus,
1629 3123 1754 3178 libr.
1784 3109 1827 3165 (ἶ
1861 3103 1993 3172 ΡυΗί
2039 3111 2265 3158 πῖθιΐοεο
2302 3103 2575 3175 Quidquid
2622 3113 2801 3162 tamen
2840 3108 2933 3172 sit,
2969 3108 3202 3180 insignis
3245 3108 3439 3178 legitur

183 3207 250 3254 ιι,
279 3208 397 3263 cap.
435 3195 524 3249 88.
560 3198 712 3252 Hanc
741 3203 1065 3256 sententiam
1093 3207 1280 3260 multis
1303 3209 1604 3266 rationibus
1636 3228 1762 3267 con-

181 3281 366 3337 ﬁrmat
389 3285 776 3356 Philostratus,
809 3292 931 3346 libr.
959 3310 997 3348 ιι
1030 3293 1107 3348 De
1146 3294 1265 3350 Vita
1295 3299 1580 3368 Apollonii.
1614 3305 1760 3358 Pau-

179 3377 354 3432 sania:
389 3391 709 3463 argumenta
753 3401 854 3454 pro
907 3388 1081 3456 prima
1131 3392 1403 3446 sententia
1449 3411 1612 3463 quam
1650 3399 1761 3452 sint

180 3468 400 3525 inﬁrma
452 3473 612 3530 docet
664 3461 906 3535 Ioannes
962 3479 1226 3539 Bodinus.
1282 3482 1597 3555 iuvenalis,
1657 3488 1759 3544 Sa-

177 3570 286 3632 tyr.
325 3561 419 3618 il:

284 3651 540 3736 gentibus
563 3674 632 3736 ea:
654 3659 762 3736 illis
792 3677 920 3728 quos
941 3665 1112 3736 mittit
1144 3682 1304 3734 porca
1329 3685 1530 3736 syenes,

393 3723 573 3809 Mauri
600 3721 908 3809 celeres,_et._
931 3731 1126 3809 Mauro
1144 3721 1429 3809 'ohscurior
1461 3721 1648 3809 Indus,

287 3792 357 3873 fit
381 3812 507 3873 quos
534 3797 770 3873 deposuit
798 3792 1075 3873 Nabal/reo
1107 3805 1282 3860 bellua
1309 3809 1474 3873 saltu,

284 3861 412 3917 lam
445 3861 657 3931 nimios,
694 3871 952 3942 capitique
984 3892 1188 3943 graves.

175 3971 246 4026 Et
273 3976 490 4032 tandem
513 3989 570 4032 ut
589 3979 673 4034 his
695 3986 1089 4042 controversiis
1113 3989 1440 4046 enarrandis
1467 3991 1628 4047 linem
1656 3992 1754 4048 im-

176 4079 400 4134 ponam,
420 4066 705 4125 Cardanus
736 4083 898 4143 negat
919 4077 1087 4130 ullum
1108 4080 1309 4134 animal
1330 4083 1521 4136 tandiu
1547 4085 1747 4150 vivere,

174 4157 318 4212 duce
353 4169 406 4212 et
454 4162 716 4230 magistro
746 4164 1057 4232 Aristotele,
1088 4169 1182 4239 qui
1213 4171 1308 4226 lib.
1361 4172 1434 4226 De
1487 4174 1671 4244 longit.
1699 4185 1750 4230 et

175 4250 433 4305 brevitate
493 4255 615 4306 vitw
681 4256 756 4309 ait
823 4258 1140 4314 animalium
1211 4263 1558 4333 elephantum
1627 4283 1750 4322 eSse

171 4350 228 4394 et
260 4341 592 4413 longissimas
637 4349 763 4402 vitae
795 4368 808 4402 :
846 4357 900 4404 et
931 4351 1081 4406 varie
1113 4367 1332 4409 causam
1390 4357 1745 4426 longitudinis

172 4433 458 4491 brevitatis
513 4438 637 4492 vita;
697 4443 1078 4512 prosequitur,
1135 4453 1188 4500 et
1229 4444 1308 4500 De
1351 4459 1584 4516 generat.
1634 4453 1746 4504 ani—
1775 4439 1822 4499 υ

173 4525 302 4578 mal.
339 4525 432 4580 lib.
459 4543 530 4590 iv,
556 4543 676 4598 cap.
710 4531 798 4595 l0,
833 4533 1106 4589 hominem
1143 4537 1264 4606 plus
1297 4541 1557 4609 temporis
1578 4558 1743 4611 quam

169 4617 404 4686 quodvis
442 4623 640 4677 animal
678 4624 857 4680 vivere
907 4628 1120 4692 scribit,
1155 4638 1382 4698 excepto
1429 4633 1740 4703 elephanto.

169 4710 348 4766 Julius
381 4711 624 4785 Scaliger
672 4721 895 4773 exercit.
947 4719 1052 4775 204
1100 4725 1436 4777 contrarium
1491 4727 1623 4780 vult.
1677 4727 1742 4782 Ni

171 4802 380 4870 majora
415 4821 501 4860 me
529 4807 599 4860 ab
634 4808 825 4862 harum
852 4813 1302 4868 exercitationum
1327 4817 1509 4870 studio
1541 4818 1743 4872 distra-

169 4893 386 4955 herent,
426 4898 770 4953 ostenderem
794 4909 949 4955 tanto
974 4902 1113 4964 viro,
1142 4915 1403 4973 quantum
1436 4908 1490 4960 in
1529 4908 1741 4964 Aristo-

167 4993 185 5034 t
226 4981 292 5036 lis
321 4983 568 5039 doctrina
602 4990 788 5044 varius
813 5009 826 5044 ι
849 5004 1113 5062 quantum
1141 4995 1210 5049 ab
1245 4995 1364 5065 ipso
1392 4997 1737 5064 Aristoteles,

164 5083 219 5126 et
244 5074 367 5142 ejus
408 5082 825 5146 argumentandi
857 5085 1039 5151 modo,
1070 5089 1556 5160 perquirendaaque
1598 5093 1740 5147 veri-

165 5165 299 5217 tatis
331 5169 541 5223 ratione
575 5171 826 5228 diversus
855 5175 1090 5230 aberret.

234 5255 354 5308 Col.
413 5257 537 5320 744,
586 5260 682 5319 lin.
731 5263 786 5318 4.
841 5265 1064 5334 Θερμὸς
1113 5270 1146 5321 ό
1205 5268 1405 5335 ἵππος.
1467 5269 1735 5340 Basilius,

163 5343 315 5398 hom.
344 5347 414 5401 9:
452 5350 724 5423 ’ἰδιώμασι
751 5355 808 5408 δὲ
836 5356 1110 5428 διαφόροις
1158 5358 1387 5412 ἕκαστον
1432 5361 1540 5415 τῶν
1583 5361 1737 5426 ζώων

162 5435 437 5507 κέκριται.
463 5441 744 5518 Εὐσταθὴς
767 5448 864 5518 μὲν
892 5448 1001 5520 γὰρ
1029 5450 1058 5502 ὁ
1081 5449 1227 5520 βοῦς,
1255 5451 1431 5523 νωθὴς
1458 5455 1514 5507 δὲ
1547 5457 1576 5508 ὁ
1594 5456 1734 5521 δνος,

159 5526 366 5618 eaput;
391 5531 446 5586 δὲ
478 5535 507 5587 ὁ
537 5536 701 5602 ἵππος
733 5540 869 5610 πρὸς
918 5541 1206 5613 ἐπιθυμίαν
1238 5544 1332 5598 τοῦ
1362 5544 1571 5618 θήλεος,
1613 5550 1733 5603 άτι-

157 5614 457 5685 οάσσευτος
483 5626 512 5678 δ
550 5625 734 5692 λύκος,
757 5629 971 5703 δολερὸν
1011 5633 1044 5702 ἡ
1074 5633 1319 5705 ἀλώπηξ,
1353 5614 1524 5691 δειλὸν
1551 5641 1584 5710 ἠ
1613 5639 1735 5692 ελα-

159 5729 283 5781 φος,
311 5715 340 5770 ὁ
377 5716 600 5789 μύρμηξ
647 5721 948 5791 φιλόπονος,
1001 5727 1314 5800 εὐχάριστον
1359 5732 1387 5785 ὁ
1429 5733 1594 5798 κύων,
1641 5736 1732 5789 καὶ¹

1862 3191 2106 3242 narratio
2134 3190 2200 3244 de
2229 3194 2480 3247 castitate
2512 3209 2808 3263 equorum;
2842 3195 2928 3249 ubi
2947 3197 3091 3250 enim
3122 3197 3324 3266 pullus,
3342 3198 3437 3252 do-

1861 3275 1994 3332 losis
2023 3277 2397 3343 vaframentis,
2425 3282 2667 3351 oleisque
2697 3281 3064 3353 fragrantibus
3092 3293 3147 3338 et
3173 3285 3437 3338 odoribus

1859 3367 2140 3438 deceptus,
2160 3385 2284 3424 cum
2312 3381 2576 3436 matre,et
2599 3374 2714 3442 ipsa
2745 3374 2938 3437 inscia,
2959 3374 3226 3429 incestum
3259 3375 3434 3430 admi-

1857 3462 2056 3528 sisset;
2098 3477 2157 3517 re
2188 3469 2311 3532 post
2349 3465 2458 3519 tale
2498 3463 2758 3536 ﬂagitium
2793 3469 3033 3537 cognita,
3065 3477 3118 3522 et
3159 3469 3344 3534 pullus
3377 3477 3432 3524 et

1856 3560 2034 3607 mater
2053 3554 2362 3623 praecipites
2387 3570 2447 3610 se
2465 3565 2716 3626 egerunt.
2738 3556 2868 3612 Eam
2894 3557 3063 3612 habes
3087 3558 3230 3626 apud
3259 3555 3432 3612 Elia-

1855 3659 2010 3709 num,
2054 3643 2130 3698 De
2170 3645 2298 3702 hist.
2344 3648 2564 3702 animal.
2611 3648 2705 3704 lib.
2737 3663 2811 3711 iv,
2855 3663 2976 3718 cap.
3012 3648 3075 3715 7;
3121 3647 3428 3719 Oppianum

1854 3735 2066 3807 Κυνηγ.
2101 3737 2194 3791 lib.
2223 3753 2297 3804 n;
2326 3737 2675 3794 Aristotelem
2709 3781 2724 3805 ,
2774 3739 2867 3795 lib.
2902 3756 2956 3794 ix
2995 3739 3074 3794 De
3103 3739 3290 3795 histor.
3317 3742 3431 3794 ani-

1854 3824 2010 3892 mal.,
2041 3840 2160 3894 cap.
2202 3826 2308 3889 «l7;
2349 3827 2608 3896 Plinium,
2642 3831 2738 3885 lib.
2767 3847 2884 3898 vui,
2933 3846 3054 3901 cap.
3078 3830 3181 3897 42;
3226 3830 3431 3886 Varro-

1851 3928 1999 3978 nem,
2050 3914 2147 3969 lib.
2185 3930 2225 3969 ιι
2259 3915 2338 3971 De
2396 3934 2453 3972 re
2505 3919 2725 3983 rustica,
2761 3934 2882 3990 cap.
2929 3920 2984 3976 7.
3019 3919 3123 3986 Qui
3169 3922 3272 3976 etsi
3318 3936 3429 3978 non

1850 4019 2041 4060 omnes
2070 4005 2126 4060 in
2149 4007 2402 4064 omnibus
2429 4011 2781 4076 conveniunt,
2803 4011 2898 4066 sed
2919 4011 3075 4068 aliter
3103 4012 3243 4068 alius
3276 4027 3426 4066 com-

1850 4101 2136 4159 memoret,
2169 4105 2371 4151 statum
2409 4098 2463 4152 id
2492 4109 2594 4165 est,
2617 4099 3261 4172 ﬁrmumque,equosque
3299 4103 3424 4158 illos

1850 4199 1964 4239 suae
1991 4188 2330 4244 castimoniae
2367 4201 2740 4256 monumenta,
2775 4202 2949 4247 morte
2981 4194 3202 4263 propria
3234 4206 3420 4264 poste-

1849 4277 1924 4331 ris
1954 4279 2264 4348 reliquisse.
2311 4280 2522 4335 Similia
2555 4298 2771 4354 quoque
2798 4283 2866 4338 de
2901 4284 3124 4338 camelis
3159 4283 3426 4338 Aristote-

1849 4368 1927 4424 les
1955 4370 2090 4427 ibid.
2125 4381 2334 4436 narrat,
2365 4382 2419 4428 et
2457 4376 2654 4445 repetit
2688 4376 2829 4443 Περὶ
2867 4376 3215 4446 θαυμασίων
3245 4377 3423 4430 ἀκου-

1846 4459 2108 4528 σμάτων,
2140 4471 2193 4516 et
2215 4462 2468 4519 Elianus
2498 4465 2591 4520 lib.
2623 4481 2704 4529 ιιι,
2732 4483 2850 4538 cap.
2887 4467 2977 4521 47.

1916 4551 2054 4607 Ibid.
2110 4557 2312 4622 Νωθὸς
2367 4559 2401 4611 ό
2456 4557 2596 4624 ὄνος
2652 4560 2774 4615 καί.
2836 4559 3107 4624 Basilius,
3161 4558 3307 4615 hom.
3344 4561 3416 4618 8:

1845 4638 1966 4696 Οἵδε
1990 4643 2088 4715 τὴν
2121 4647 2323 4718 συνήθη
2371 4649 2552 4720 φωνὴν
2586 4650 2613 4702 ὁ
2640 4651 2778 4714 ὄνος,
2813 4646 3098 4704 οἶδενοὸδὸν
3122 4651 3189 4721 ἢν
3219 4652 3416 4708 πολλά-

1845 4749 1932 4795 κις
1958 4733 2191 4799 ἐϐάδισε,
2226 4737 2319 4789 καί
2353 4755 2455 4789 που
2486 4738 2577 4790 καὶ
2615 4738 2805 4809 tam;
2847 4739 3015 4792 ἐνίοτε
3053 4741 3417 4809 ἀποσφαλέντι

1843 4826 2049 4894 γίνεται
2082 4828 2160 4898 τῷ
2187 4829 2315 4883 ἄνω.
2353 4830 2426 4884 Τὸ
2446 4831 2502 4884 δὲ
2531 4831 2788 4904 ὀξυήκοον
2814 4832 2907 4885 τοῦ
2945 4831 3103 4897 ζώου,
3135 4833 3255 4886 οὐδὲ
3290 4835 3416 4890 ἄλλο

1841 4935 1892 4969 τι
1944 4917 2086 4988 ἔχειν
2117 4919 2332 4987 λέγεται
2381 4922 2490 4974 τῶν
2544 4923 2833 4993 χερσαίων.
2869 4922 3144 4989 Elianus,
3186 4925 3281 4980 lib.
3314 4943 3412 4991 vn,

1841 5024 1962 5077 cap.
1990 5010 2056 5065 l9
2083 5029 2096 5064 :
2131 5012 2240 5064 Καὶ
2277 5013 2449 5066 ταῦτα
2482 5015 2538 5066 δὲ
2578 5015 2648 5068 τὰ
2681 5015 2785 5069 ῐδια
2816 5015 2926 5068 τῶν
2963 5015 3115 5081 ζώων
3149 5019 3323 5073 εἰπεῖν
3351 5019 3413 5074 οὐ

1839 5100 2019 5172 χεῖρόν
2062 5102 2199 5157 ἐστι.
2259 5103 2609 5178 Νωθέστερόν
2655 5123 2772 5170 πως
2811 5105 2957 5160 δοκεί
3000 5105 3269 5178 πρόϐατον
3319 5111 3412 5166 καὶ

1839 5189 1974 5252 ὗνος.

1911 5280 2073 5345 lbid.,
2125 5283 2221 5338 lin.
2275 5285 2327 5340 5.
2375 5286 2771 5354 Μνησίκακον
2799 5286 3084 5356 κάμηλος.
3141 5289 3410 5353 Basilius,

1839 5374 1986 5431 hom.
2023 5376 2093 5431 8:
2125 5377 2199 5430 Τὸ
2226 5376 2279 5430 δὲ
2307 5377 2415 5430 τῶν
2445 5379 2718 5452 καμήλων.
2735 5379 3088 5450 μνησίκακον,
3111 5381 3204 5435 καὶ
3241 5381 3409 5453 βαρύ-

1841 5483 1990 5537 μηνι,
2024 5468 2118 5520 καλ⁷
2148 5469 2366 5540 διαρκὲς
2391 5469 2526 5541 πρὸς
2551 5470 2719 5542 ὀργὴν
2747 5470 2799 5523 τί
2831 5471 2898 5525 ἂν
2927 5473 3266 5545 μιμήσασθαι
3301 5474 3407 5528 τῶν

1838 5555 2134 5612 θαλαττίων
2175 5559 2424 5627 δύναιτο;
2452 5562 2624 5615 Πάλαι
2664 5563 2793 5617 ποτὲ
2834 5563 3100 5634 πληγεῖσα
3142 5565 3404 5637 κάμηλος,

1840 5647 2036 5718 μακρῷ
2068 5649 2243 5720 χρόνῳ
2282 5653 2689 5724 ταμιευσαμένη
2720 5653 2818 5724 τὴν
2855 5655 3034 5725 μῆνιν,
3074 5657 3293 5712 ἐπειδὰν
3312 5657 3405 5710 εἰ·

1841 5739 2059 5812 καιρίας
2083 5741 2332 5815 λάϐηται,
2364 5743 2423 5797 τὸ
2451 5745 2616 5800 κακὸν
2643 5747 2991 5805 ἁντιδίδωσιν.
3013 5750 3403 5808 Conﬁrmawr—
