3810 6168
468 230 564 286 95]

1810 234 2060 292 LEONIS
2102 235 2374 294 ALLATII

3606 260 3680 314 959

463 370 570 422 que
589 354 841 426 exemplo
870 355 940 411 ab
967 357 1262 414 Aristotele
1305 369 1362 416 et
1385 359 1604 416 Eliano
1626 361 1825 415 allato:
1859 377 1994 416 mors

2154 381 2255 418 ναν
2295 369 2522 436 ἐναλλὰξ
2553 371 2804 442 ἀμειόειν
2831 377 2892 430 τὸ
2927 375 3097 448 ἄρῤεν
3129 379 3188 438 ἐς
3215 377 3276 432 τὺ
3306 378 3434 449 θῆλυ
3458 381 3574 451 παρ’
3595 380 3678 443 ἑτις

461 447 608 506 enim
634 447 837 514 deﬁxo,
868 462 1157 522 postquam
1205 453 1409 508 coitum
1441 455 1674 511 absolvit
1698 456 2051 510 camelarium

463 539 766 598 interemit.
818 540 937 598 Non
976 545 1168 599 tacebo
1216 546 1528 601 Aristotelis
1566 547 1618 600 in
1652 545 1793 603 uteri
1844 549 2050 604 ferendi

460 641 706 706 tempore
760 638 988 692 camelis
1054 638 1348 694 statuendo
1395 639 1642 710 πλάνην;
1699 641 1817 712 ipse
1865 641 2048 706 enim,

460 722 556 779 lib.
581 741 637 791 ν,
673 740 794 798 cap.
835 727 917 790 14,
943 727 1021 781 De
1040 729 1228 785 histor.
1263 731 1455 793 anim.,
1499 731 1574 785 ait
1615 729 1757 787 ferre
1803 739 2049 787 ventrem

458 816 748 878 duodecim
787 835 1022 884 menses,
1055 822 1191 880 Κύει
1223 821 1280 874 δὲ
1311 821 1520 877 δώδεκα
1557 825 1758 894 μῆνας·
1795 824 1968 876 τίκτει
1993 824 2050 877 δὲ

458 911 536 968 ἓν.
574 913 730 964 Ἔστι
785 913 892 988 γὰρ
950 915 1260 985 μονοτόκον.
1307 913 1372 968 Ει
1421 916 1516 972 lib.
1549 932 1624 980 VI,
1670 932 1790 986 cap.
1826 917 1917 979 26,
1973 919 2050 972 ait

456 1019 673 1061 menses
706 1004 915 1069 decem,
959 1006 1101 1059 Ἡδὲ
1128 1008 1373 1078 κάμηλος
1406 1008 1526 1061 κύει
1555 1009 1654 1080 μὲν
1679 1009 1808 1067 δέκα
1850 1010 2045 1082 μῆνας,

451 1099 626 1160 τίκτει
671 1100 728 1159 δὲ
765 1102 873 1154 αἰεὶ
907 1100 963 1161 ἓν
992 1101 1172 1173 μόνον,
1215 1102 1520 1156 Μονοτόκον
1555 1102 1662 1174 γάρ
1702 1104 1868 1156 ἐστιν.
1912 1103 2047 1167 Quis

455 1192 558 1252 hoc
590 1193 646 1252 in
671 1193 965 1252 Aristotele
1007 1212 1116 1250 non
1145 1195 1535 1261 admiraretur,
1566 1205 1620 1256 et
1657 1198 2048 1254 erubesceret?

519 1284 682 1351 lbid.,
716 1288 815 1349 lin.
858 1288 912 1344 6.
959 1288 1284 1360 Ἀνήμερος
1332 1290 1937 1359 λύκος.,ΑιίειοιεΙοε,
1969 1291 2047 1347 De

449 1379 576 1438 bist.
621 1383 786 1436 anim.
838 1383 933 1437 lib.
980 1399 1018 1448 ι,
1060 1397 1181 1454 cap.
1232 1384 1280 1436 1.
1325 1383 1483 1438 Addo
1525 1385 1693 1441 etiam
1745 1385 1882 1442 alias
1920 1401 2045 1442 esse

446 1472 687 1537 cicures,
722 1474 858 1529 alias
893 1474 1076 1541 feras;
1123 1483 1177 1532 et
1229 1475 1368 1530 alias
1422 1485 1689 1547 perpetuo
1725 1477 1941 1532 cicures
1986 1485 2044 1533 ut

443 1563 745 1628 hominem,
777 1574 831 1621 et
877 1568 1110 1634 mulum,
1145 1567 1284 1624 alias
1329 1577 1592 1641 perpetuo
1620 1569 1765 1626 feras
1810 1578 1868 1624 ut
1903 1585 2042 1640 pan-

443 1662 681 1725 theram,
707 1670 760 1715 et
793 1661 1003 1731 lupum.

515 1751 676 1819 lbid.,
701 1752 797 1808 lin.
817 1753 870 1809 7.
885 1755 1308 1825 Εὐχάριστοςό
1323 1759 1503 1813 κύων.
1531 1757 1763 1823 Plinius,
1789 1760 1882 1815 lib.
1907 1775 2028 1824 νιιι,

441 1848 607 1917 capit.
651 1849 758 1906 40:
795 1849 878 1904 Ea:
917 1853 1000 1908 his
1029 1871 1230 1924 quoque
1254 1857 1578 1914 animalibus
1607 1873 1725 1925 qua:
1756 1858 2028 1913 nobiscum

440 1939 857 2010 degunt,-multa
914 1957 1037 2000 sunt
1082 1949 1293 2019 cognitu
1322 1949 1486 2021 digna
1512 1966 1530 2004 :
1559 1950 2029 2020 ﬁdelissimumque

440 2042 563 2088 ante
591 2037 772 2090 omnia
795 2037 998 2093 homini
1029 2044 1201 2106 canis,
1229 2053 1386 2113 atque
1413 2060 1600 2114 equus.
1635 2042 1904 2114 Pngnasse
1929 2043 2028 2097 ad-

437 2141 617 2180 uersus
652 2127 883 2182 latrones
929 2147 1112 2184 canem
1143 2148 1238 2200 pro
1272 2132 1507 2196 domino,
1549 2135 1862 2202 accepimus,
1900 2151 2025 2188 con-

436 2215 732 2287 fectumque
772 2218 943 2289 plagis
975 2237 1007 2273 a
1050 2236 1268 2290 corpore
1296 2239 1401 2278 non
1446 2225 1739 2287 recessisse,
1789 2225 2022 2280 volucres

433 2315 484 2358 et
508 2307 650 2374 [eras
683 2309 998 2379 abigentem.
1029 2311 1108 2365 Ab
1131 2312 1240 2366 alio
1271 2313 1325 2366 in
1358 2312 1520 2381 Epiro
1547 2316 1782 2384 agnitum
1816 2317 1868 2370 in
1899 2333 2023 2370 con-

433 2409 586 2454 centu
600 2416 958 2469 percussorem
976 2402 1178 2458 domini
1193 2406 1397 2461 laniatu
1412 2416 1460 2460 et
1477 2407 1675 2462 latratu
1693 2421 1928 2464 coactum
1945 2410 2024 2478 fa-

433 2493 532 2548 teri
554 2492 743 2548 scelus.
776 2493 833 2548 In
855 2496 1047 2550 eodem
1078 2498 1257 2567 capite
1279 2500 1438 2568 plura
1471 2501 1540 2555 de
1574 2515 1757 2557 amore
1777 2511 1832 2556 et
1852 2503 2019 2558 bene-

431 2583 672 2638 volentia
705 2601 836 2656 erga
870 2587 1146 2646 dominos.
1177 2590 1252 2646 De
1283 2592 1367 2646 his
1401 2593 1637 2662 plurima
1666 2603 1719 2648 et
1745 2610 2018 2650 memora-

429 2675 560 2731 bilia
603 2674 936 2749 Rodiginus,
971 2681 1066 2736 lib.
1111 2697 1246 2747 xm,
1279 2699 1400 2753 cap.
1447 2684 1546 2750 l8;
1599 2685 1908 2741 Alexander
1951 2688 2019 2742 ab

429 2768 765 2832 Alexandro,
794 2771 891 2825 lib.
917 2789 956 2833 ι,
993 2787 1114 2842 cap.
1146 2775 1213 2840 3;
1246 2773 1523 2838 Elianus,
1557 2775 1635 2830 De
1677 2777 1803 2834 hist.
1852 2779 2014 2833 anim.

428 2861 527 2918 lib.
560 2877 661 2926 vn,
695 2878 817 2932 cap.
843 2862 914 2918 29
937 2881 951 2930 ;
976 2863 1071 2918 lib.
1112 2881 1172 2928 ιι,
1198 2881 1320 2936 cap.
1352 2867 1456 2935 40;
1507 2869 1600 2924 lib.
1637 2884 1737 2934 vu,
1775 2885 1896 2941 cap.
1948 2871 2018 2926 58

427 2963 484 3008 et
520 2953 636 3020 i0;
684 2955 780 3010 lib.
812 2973 889 3023 vr,
937 2971 1059 3026 cap.
1101 2957 1172 3011 25
1211 2971 1264 3014 et
1291 2959 1395 3025 62;
1453 2961 1548 3016 lib.
1600 2978 1698 3026 xu,
1732 2979 1855 3034 cap.
1909 2965 2014 3032 55;

2154 460 2401 516 ἕκαστον.
2439 463 2530 520 Sic
2555 469 2749 522 scribit
2780 469 3161 526 Artemidorus
3182 469 3496 526 Oneirocrit.
3526 473 3602 527 lib.
3630 489 3675 536 ιι,

2155 569 2278 626 cap.
2304 557 2393 618 12,
2421 566 2474 614 et
2497 557 2706 617 Plinius
2731 563 2892 632 hujus
2914 564 3192 634 opinionis
3219 566 3459 620 meminit
3488 566 3570 619 lib.
3590 582 3672 626 un,

2151 661 2273 723 cap.
2301 649 2390 707 50.
2417 651 2636 724 Hymnis
2666 661 2953 725 utramque
2972 672 3096 712 esse
3124 665 3396 720 naturam,
3427 666 3477 712 et
3500 659 3673 713 alternis

2151 746 2312 801 annis
2370 762 2572 810 mares,
2618 749 2844 804 alternis
2901 748 3135 805 feminas
3188 750 3324 814 ﬁeri,
3373 764 3549 820 parere
3587 751 3672 804 sine

2151 854 2303 894 mare
2333 844 2530 910 vulgus
2566 841 2760 895 credit.
2792 841 3004 896 Similia
3037 842 3200 897 liabet
3226 854 3278 898 et
3298 841 3486 898 Petrus
3513 841 3673 896 Damia-

2149 946 2277 996 nus,
2323 932 2416 986 lib.
2448 947 2511 999 ιι,
2550 935 2768 1003 epistol.
2805 935 2904 1001 l8;
2943 941 2997 990 et
3046 934 3437 998 Tertullianus,
3467 933 3669 1004 "ganea!

2148 1024 2196 1076 si
2228 1024 2488 1086 observes,
2545 1041 2702 1081 sexus
2746 1027 2958 1081 annalis
2992 1037 3089 1089 est,
3129 1045 3329 1082 marem
3374 1037 3424 1082 et
3472 1028 3670 1099 feminam

2149 1117 2400 1171 alternat.
2433 1118 2751 1176 Aristoteles
2776 1129 2934 1190 negat
2957 1140 2969 1175 :
2999 1137 3096 1190 pro
3118 1137 3227 1192 quo
3253 1122 3373 1176 vide
3388 1120 3670 1176 Bauchinun

2147 1209 2224 1263 De
2252 1211 2622 1280 hermaphrod.
2658 1213 2752 1266 lib.
2789 1228 2848 1276 Il,
2883 1227 3003 1282 cap.
3043 1213 3096 1266 5.

2178 1342 2192 1356 .
2219 1304 2381 1367 lbid.,
2415 1306 2512 1360 lin.
2539 1305 2626 1360 M.
2660 1307 2818 1376 Ἔχει
2861 1305 2930 1360 δὲ
2973 1309 3089 1376 οὐχ
3120 1307 3326 1373 οὕτως.
3361 1305 3464 1361 Pro
3498 1313 3672 1362 auctore

2144 1402 2336 1451 nostro
2361 1395 2493 1450 facit
2515 1397 2857 1461 Aristoteles,
2879 1401 2973 1470 qui
3001 1401 3169 1455 stulte
3187 1417 3282 1456 eos
3306 1415 3587 1472 magnoque
3609 1417 3670 1455 er-

2145 1502 2269 1542 rore
2300 1488 2562 1553 scribere,
2587 1490 2682 1544 lib.
2711 1507 2770 1544 ιιι
2802 1491 2878 1544 De
2916 1509 3089 1561 gener.
3121 1495 3310 1556 anim.,
3338 1496 3431 1554 ait,
3458 1494 3540 1564 qui
3563 1495 3670 1563 hyae-

2144 1595 2269 1634 nam
2328 1581 2455 1636 iniri
2500 1593 2554 1638 et
2601 1584 2742 1639 inire
2788 1587 2948 1640 annis
2999 1587 3223 1642 alternis
3276 1587 3668 1650 aﬂirmahant,ct

2076 1718 2115 1773 Β
2144 1674 2317 1728 Visam
2343 1691 2466 1730 esse
2505 1677 2748 1747 byn-nam
2783 1696 3010 1741 marem,
3049 1691 3100 1734 et
3130 1680 3382 1734 feminam
3413 1682 3491 1736 sui
3517 1681 3668 1734 discri-

2145 1769 2290 1824 mine
2315 1770 2599 1840 genitalis;
2649 1781 2702 1826 et
2734 1772 2828 1828 lib.
2878 1789 2929 1828 VI
2980 1773 3057 1827 De
3087 1773 3272 1828 histor.
3312 1774 3544 1839 animal.,
3573 1789 3664 1844 cap.

2137 1861 2226 1928 52,
2261 1864 2488 1918 scribit:
2527 1863 2680 1930 Quod
2712 1876 2886 1920 autem
2916 1866 2979 1920 de
3008 1884 3068 1920 ea
3101 1867 3267 1935 fertur
3295 1867 3510 1938 genitale
3545 1867 3668 1921 simul

2134 1966 2183 2008 et
2215 1959 2378 2012 maris
2404 1969 2450 2011 et
2469 1958 2676 2026 femina:
2690 1959 2924 2014 eamdem
2944 1959 3152 2024 habere,
3172 1961 3566 2014 rommenlitium
3593 1969 3662 2012 est.

2204 2051 2365 2116 lbid.,
2397 2053 2494 2108 lin.
2529 2054 2612 2107 15.
2637 2053 2757 2121 Πρὸ
2775 2054 2884 2108 τοῦ
2901 2057 3087 2124 πόρου
3099 2054 3217 2109 ὑπὸ
3239 2053 3374 2119 τήν.
3400 2054 3664 2109 Aristoteles

2132 2144 2257 2200 loco
2269 2146 2439 2208 dicto,
2459 2146 2596 2199 Ἀλλ’
2613 2146 2724 2217 ἔχει
2741 2146 2800 2200 τὸ
2825 2147 2924 2217 μὲν
2948 2147 3041 2200 τοῦ
3062 2149 3286 2220 ἇρῤενος
3301 2149 3482 2219 ὅμοιον
3503 2147 3568 2218 τῷ
3585 2147 3663 2202 τῶν

2130 2237 2307 2291 λύκων
2322 2239 2415 2296 καὶ
2426 2239 2532 2293 τῶν
2549 2238 2810 2295 κυνῶν·τὸ
2820 2241 2876 2294 δὲ
2889 2239 3074 2294 δοκοῦν
3088 2239 3300 2312 Θηλείας
3312 2237 3448 2296 εἶναι
3461 2239 3656 2293 ὐποκάτα

2132 2330 2230 2403 μὲν
2252 2329 2364 2384 ἔστι
2390 2331 2488 2402 τῆς
2515 2330 2736 2402 κέρκου,
2760 2332 3137 2404 παραπλήσιον
3159 2332 3202 2385 δ’
3227 2333 3347 2385 ἐστὶ
3373 2332 3448 2402 τῷ
3475 2333 3661 2404 σχήματι

2126 2422 2220 2475 τοῦ
2236 2421 2444 2492 θήλεος.
2461 2423 2574 2476 Οὐκ
2593 2423 2705 2498 ἔχει
2735 2423 2918 2494 μέντοι
2936 2423 3124 2477 οὐδένα
3141 2423 3330 2496 πόρον.
3361 2424 3612 2476 ’Υποκάτω
3626 2421 3659 2476 ε’

2127 2515 2275 2568 ἐστὶν
2303 2514 2468 2570 αὑτοῦ
2497 2518 2526 2568 ὁ
2556 2516 2658 2586 τῆς
2700 2515 3080 2588 περιττώσεως
3111 2516 3293 2579 τόπος.
3336 2517 3398 2569 Ἠ
3436 2515 3487 2568 δὲ
3517 2514 3659 2584 θήλεια

2128 2606 2288 2665 ὖαινσ.
2315 2608 2426 2678 ἔχει
2476 2608 2661 2680 μέντοι
2707 2611 2892 2679 ὅμοιον
2926 2608 3001 2678 τῷ
3034 2608 3134 2679 τῆς
3177 2607 3401 2678 Θηλείας
3436 2604 3657 2675 λεγομένῳ

2126 2701 2332 2772 αἰδοίῳ,
2382 2700 2494 2770 ἔχει
2531 2702 2574 2755 δ’
2613 2700 2804 2773 ὥσπερ
2837 2703 2865 2753 ὁ
2912 2701 3087 2772 ἄρῤην
3131 2698 3266 2754 αὐτὸ
3318 2698 3558 2751 ὑποκάτω
3587 2695 3657 2763 τῆς

2125 2793 2326 2863 κέρκου
2346 2810 2358 2822 ·
2391 2793 2557 2865 πόρον
2589 2793 2645 2847 δὲ
2679 2793 2870 2848 οὐδένα
2909 2791 3042 2862 ἔχει.
3073 2791 3228 2846 Μετὰ
3259 2791 3320 2844 δὲ
3359 2790 3505 2843 τοῦτο
3534 2791 3557 2841 ὁ
3587 2789 3656 2854 τῆς

2125 2883 2508 2955 περιττώσεώς
2557 2887 2672 2938 ἐστι
2707 2884 2894 2956 πόρος,
2924 2883 3184 2938 ὑποκάτω
3216 2883 3276 2936 δὲ
3312 2882 3493 2936 τούτου
3516 2878 3654 2948 ἀληθι-

2125 2977 2212 3031 νὸν
2256 2977 2470 3033 αἰδοῖον.
2511 2976 2577 3030 Ει
2606 2975 2679 3034 De
2708 2984 2941 3048 generat.
2991 2976 3240 3040 animal,
3275 2975 3462 3029 Verum
3504 2973 3654 3042 hyeme

429 3045 526 3099 lib.
561 3061 600 3108 ι,
636 3061 758 3116 cap.
792 3046 858 3114 8;
886 3048 1233 3114 Aristoteles,
1269 3050 1569 3108 Belisarius
1607 3053 1909 3124 Aquivivus
1949 3056 2016 3111 de
2045 3078 2087 3136 ρ
2124 3079 2233 3124 tam
2286 3087 2458 3124 mare;
2483 3087 2643 3140 quam
2676 3045 2886 3140 [έηιίηω
2924 3069 3117 3124 habent
3169 3069 3264 3123 sub
3297 3073 3467 3122 cauda
3509 3067 3652 3119 lineam

427 3136 735 3198 venatione,
761 3145 816 3192 et
846 3138 958 3205 alii,
984 3140 1250 3212 quidquid
1279 3143 1428 3198 dicat
1452 3142 1630 3200 Julius
1650 3146 1913 3217 Scaliger.
1939 3145 2015 3202 De

427 3227 745 3294 praestantia
787 3242 986 3283 canum
1035 3229 1471 3288 Britannicorum
1518 3235 1641 3290 vide
1686 3234 2013 3294 Gulielmum

424 3315 767 3374 Camdenum
793 3320 849 3374 in
883 3321 1192 3389 Britannia,
1223 3341 1344 3397 pag.
1374 3326 1496 3380 195.

494 3406 658 3476 lbid.,
692 3411 791 3466 lin.
826 3412 914 3467 12.
954 3414 1073 3482 Τὴν
1108 3415 1177 3469 δὲ
1207 3417 1444 3475 ὕαιναν,
1484 3420 1636 3479 Hanc
1678 3423 1883 3494 hyaenae
1917 3439 2013 3477 na.-

424 3511 606 3558 turam
642 3507 1025 3576 monstriﬁcam
1063 3514 1400 3582 nuncupavit
1429 3514 1661 3579 Plinius.
1687 3518 1784 3574 lib.
1814 3533 2009 3582 xxwu,

427 3613 550 3668 cap.
579 3597 630 3663 8,
667 3607 891 3669 propter
923 3616 1008 3666 ea,
1035 3618 1155 3673 quae
1181 3606 1296 3675 ipsa
1331 3606 1651 3664 admiranda
1676 3612 2008 3683 aggreditur,

429 3692 515 3743 vel
543 3689 714 3745 audit.
756 3689 1074 3747 Sermonem
1104 3694 1401 3751 humanum
1431 3699 1572 3755 inter
1596 3709 1877 3772 pastorum
1901 3715 2014 3761 sta-

431 3779 559 3834 bula
585 3782 892 3839 assimulat.
919 3783 1153 3843 Nomina
1179 3789 1382 3845 addicit
1411 3807 1624 3860 eorum,
1658 3811 1798 3865 quos
1819 3813 2012 3854 evoca-

427 3881 513 3926 tos
544 3873 766 3930 laceret.
807 3873 1173 3934 Vomitionem
1205 3882 1442 3938 hominis
1467 3885 1738 3952 imitatur,
1770 3891 1836 3944 ad
1861 3892 2012 3946 solli-

425 3965 677 4021 citandos
716 3981 884 4023 canes
930 3986 1068 4034 quos
1121 3973 1349 4031 invadit.
1405 3975 1668 4048 Sepulcra
1714 3997 2010 4053 corporum

425 4056 802 4126 inquisitionis
841 4077 972 4132 ergo
1014 4066 1175 4120 eruit.
1208 4065 1345 4122 Huic
1382 4077 1670 4143 utramque
1690 4089 1816 4131 esse
1847 4085 2010 4131 natu—

425 4165 566 4215 ram,
603 4160 658 4205 et
707 4156 1001 4222 quotannis
1043 4159 1246 4214 mutari
1287 4161 1342 4215 in
1399 4178 1605 4219 marem
1635 4173 1708 4236 _et
1751 4166 2010 4225 feminam

426 4243 668 4322 prodidit
700 4243 1004 4316 Oppianus,
1034 4250 1129 4306 lib.
1158 4267 1219 4307 ιιι
1251 4257 1476 4325 Κυνηγ.
1519 4274 1539 4310 :

425 4358 634 4447 ρςιῦμα
655 4359 723 4414 δὲ
741 4363 837 4447 nali
1010 4365 1245 4447 dxovp’ct
1263 4371 1745 4447 ⁸ςιζελοὶ-σίτικτῇοἰν
1772 4378 2009 4447 ὑαίνης⁹

428 4431 694 4506 Ϊᾼρσενα
728 4434 826 4506 καὶ
848 4434 1109 4506 θήλειαν
1135 4431 1483 4506 ἀμείϐεο-θαι
1507 4431 1839 4500 λυκάϐαντι
1857 4466 1870 4478 ν

421 4502 619 4587 ξαιβ
647 4501 755 4587 εὖτὲ.
785 4503 904 4587 μεν
941 4501 1208 4587 τελέθειῶ
1254 4510 1589 4587 δυσδερκέα
1617 4518 2019 4587 -νυμφευτῆρα

422 4571 703 4656 ﬂammeo
736 4575 1036 4656 ἱμειζροντα
1065 4578 1287 4656 γᾴμων,
1320 4571 1469 4656 ποτὲ
1487 4584 1539 4635 δ’
1567 4571 2017 4656 αὖθιῖὁρᾶοιῗῖἁι

429 4641 776 4715 Θηλυτέρην
807 4641 1083 4717 νύμφην,
1104 4641 1344 4721 λοχίῄον,
1376 4654 1474 4707 καὶ
1503 4641 1734 4726 μητέρά

426 4748 581 4811 Phile
608 4754 662 4808 in
690 4753 912 4817 lambis.
955 4758 1230 4827 Eliauus,
1255 4763 1353 4818 lib.
1394 4781 1432 4833 ι,
1458 4782 1579 4840 cap.
1611 4768 1682 4824 25
1708 4790 1721 4832 ;
1748 4772 1858 4844 Τὴν
1899 4774 2019 4829 ὕαι-

425 4861 523 4899 ιαν
545 4849 705 4919 τῆτες
742 4850 840 4918 μὲν
869 4851 1073 4924 apem
1097 4857 1145 4908 el
1176 4855 1408 4924 Θεάσοιο,
1438 4859 1535 4931 τὴν
1564 4862 1734 4935 αὐτὴν
1765 4867 1824 4929 ἐς
1845 4865 2016 4922 νέωτα

423 4936 543 5006 ὕψει
580 4938 800 5009 θήλειαν
831 4942 930 5007 (ita
955 4945 1101 4999 enim
1127 4950 1386 5020 corrigo),
1417 4953 1512 5008 καὶ
1542 4956 1684 5025 μετὰ
1719 4957 1894 5021 ταῦτα
1913 4962 2015 5034 ἄῤ-

427 5030 579 5119 ρενα,
623 5030 955 5094 Κοινωνοῦσζ
995 5051 1056 5094 τε
1092 5036 1411 5111 Ἀφροδίτης
1450 5043 1737 5116 ἑκατέρας,
1785 5051 1883 5107 xa‘t
1910 5030 2013 5119 ya-

427 5119 590 5190 μοῦσί
615 5137 674 5174 τε
708 5123 804 5175 καὶ
835 5123 1139 5194 γαμοῦνται
1177 5129 1280 5184 ἀνὰ
1312 5131 1430 5196 ἔτος
1455 5123 1561 5189 πᾶν
1595 5137 1920 5208 ἀμείϐουσαι
1952 5142 2014 5196 τὸ

423 5210 603 5305 γένος,
674 5212 892 5280 Herus,
942 5217 1036 5274 lib.
1104 5235 1178 5285 ιι,
1235 5237 1359 5294 cap.
1401 5225 1470 5280 69
1506 5247 1518 5282 :
1550 5229 1697 5302 Αὕτη
1758 5233 1868 5305 γὰρ
1923 5235 2012 5288 ὁτὲ

425 5301 524 5372 μὲν
573 5303 752 5397 ᾄρῤην
798 5308 1026 5376 γίνεται,
1086 5312 1173 5397 ὁτὲ
1227 5314 1286 5373 δὲ
1343 5315 1551 5389 θήλεια.
1583 5301 1811 5381 Ovidius
1838 5301 2012 5388 hleta-

423 5395 626 5461 morph.
663 5413 732 5458 xv
752 5415 767 5451 :

1059 5537 1278 5590 ....qna:
1307 5524 1458 5578 modo
1491 5526 1688 5602 femina
1725 5529 1884 5602 tergo'

423 5570 601 5630 Passa
614 5591 820 5630 marem
839 5591 937 5646 est,
958 5601 1096 5640 nunc
1117 5577 1227 5645 esse
1245 5608 1445 5648 marem
1469 5570 1721 5654 miremur
1742 5570 2002 5668 linguam.

424 5681 680 5743 Clemens
707 5687 1107 5756 Alexandrinus
1135 5716 1175 5760 ιι
1199 5703 1418 5775 Pedag.
1447 5725 1497 5769 c.
1539 5711 1626 5780 18,
1664 5715 1773 5784 Τὴν
1805 5717 1860 5771 δὲ
1886 5717 2004 5774 ὕαι-

2119 3163 2409 3233 quamdam
2441 3163 2668 3217 similem
2695 3162 2917 3233 genitali
2949 3162 3192 3231 femineo,
3216 3179 3336 3233 qua:
3356 3161 3546 3232 quidem
3564 3166 3653 3209 nota

2119 3258 2356 3325 quamvis
2377 3257 2666 3312 communis
2685 3257 2775 3319 sit,
2811 3265 2984 3310 tamen
3003 3256 3055 3308 in
3087 3254 3330 3309 maribus
3347 3255 3507 3325 potius
3532 3247 3655 3303 ternio

2122 3359 2227 3407 tur.
2262 3351 2387 3412 quia
2425 3367 2620 3411 mares,
2655 3365 2815 3419 quam
2857 3347 3065 3418 femina:
3101 3348 3272 3417 magis
3301 3349 3575 3417 capiuntur.

2190 3441 2352 3506 lbid.,
2400 3443 2496 3496 lin.
2538 3442 2630 3501 25.
2663 3442 2842 3496 Ὅθεν
2883 3438 3324 3496 σπανιώτατον.
3387 3435 3651 3493 Aristotcles

2119 3535 2257 3590 locis
2293 3537 2495 3600 citatis,
2545 3535 2724 3591 Mares
2764 3553 2922 3607 quam
2950 3536 3159 3606 feminae
3193 3538 3378 3620 magis.
3408 3537 3649 3603 capiuntur,

2120 3639 2193 3693 et,
2224 3628 2328 3684 Sed
2367 3646 2494 3683 raro
2523 3630 2712 3700 hya'na
2745 3630 2940 3700 femina
2972 3631 3198 3698 capitur,
3227 3630 3352 3700 jam
3386 3633 3508 3683 inter
3531 3623 3650 3678 unde-

2120 3723 2222 3776 cim
2251 3739 2468 3777 numero
2493 3741 2654 3778 unam
2681 3734 2888 3778 tantum
2917 3725 3118 3794 cepisse
3155 3735 3374 3778 venator
3401 3721 3557 3776 retulit
3573 3718 3651 3786 qui-

2119 3815 2265 3871 dam.
2294 3815 2360 3869 Et
2408 3815 2643 3882 Plinius,
2681 3818 2778 3874 lib.
2824 3834 2947 3884 vui,
2983 3833 3106 3889 cap.
3143 3817 3236 3883 '50,
3282 3817 3524 3872 feminam
3558 3822 3651 3865 raro

2119 3911 2241 3979 capi
2275 3917 2469 3964 auctor
2500 3918 2605 3966 est.

2189 3999 2350 4065 lbid.,
2385 4001 2481 4054 lin.
2520 4000 2611 4055 26.
2648 4001 2711 4055 '0
2747 4000 2816 4054 δὲ
2863 4000 3100 4071 λαγωός
3125 4003 3299 4071 πρός.
3337 3990 3649 4070 Leporislibi-

2119 4091 2326 4158 dinem,
2358 4099 2412 4146 et
2459 4091 2730 4164 petulcam
2773 4092 3138 4159 salacitatem,
3186 4093 3426 4164 itemque
3455 4083 3650 4145 fecundi-

2119 4193 2285 4244 tatem
2314 4185 2514 4239 cecinit
2541 4183 2824 4256 Oppianus
2849 4171 3072 4253 Kv‘rm'.
3106 4200 3164 4238 ιιι
3194 4204 3208 4240 :

2118 4319 2396 4400 Ιγῳλεμεςζ
2419 4319 2734 4400 ἱμείρουσι·
2764 4317 2965 4400 rd.wa
2986 4320 3035 4374 δ’
3071 4318 3160 4400 ἔτι
3388 4315 3571 4400 ἐοῦσςιι

2121 4388 2714 4466 Οὐίτᾳοτχάναίνονται
2754 4392 2970 4466 πόρίος
3011 4388 3389 4466 πολύθοὺρον
3418 4388 3608 4466 ἐρωὴν,ι

2047 4445 2092 4500 Ῑ)
2121 4460 2257 4514 Οὐδ’
2340 4459 2438 4514 ὅτε
2494 4461 2709 4531 γαστρὶ
2774 4445 3026 4530 φέρούσι
3089 4445 3477 4528 πολύᾶποροῖν

2121 4601 2348 4670 Ἕξοχα
2363 4599 2473 4670 γὰρ
2497 4600 2636 4674 τόδε
2652 4602 2871 4674 φῦλον,
2906 4601 2998 4654 60"
3016 4601 3284 4674 ἄπλετος
3307 4526 3640 4674 ἐτὲἒξεῗξναῖᾳ.

2115 4667 2466 4742 Held-poscor
2484 4667 2727 4726 τελέθει.
2761 4672 2834 4725 Τὸ
2854 4673 2971 4740 μὲν
2999 4673 3089 4740 ἄρ’
3107 4673 3240 4728 ποθὶ
3275 4667 3490 4742 νηδύος
3508 4667 3642 4742 entes

2121 4729 2424 4812 Ἔμΰρυον
2485 4743 2811 4812 ἐκθρώσκει
2854 4729 3350 4812 ’τετελεσμένονδ
3412 4729 3641 4880 85’:

2117 4884 2312 4952 Νόσφι
2331 4883 2527 4955 τριχὸς
2554 4884 2774 4952 φορέει,
2800 4885 2868 4938 τὸ
2893 4883 2946 4936 δ’
2976 4883 3067 4952 ἆρ’
3095 4874 3482 4955 ἡμιτέλεᾳτώ
3499 4874 3636 4955 ἀέξεξ⁶

2119 4939 2310 5011 Ἀλαῖο
2357 4939 2773 5023 ἶς”’ἅῖ”ἇρῖ)ρον’
2812 4955 2938 5025 ἔχει
2998 4939 3206 5023 ἇορὸἓν
3255 4939 3638 5094 βρεῗῗΐὲςὲθίέιιῗή·

2126 5096 2359 5171 Ἑξείης
2385 5096 2565 5171 τίκτει
2587 5093 2674 5171 δὲ,
2702 5097 2800 5150 καὶ
2839 5093 3289 5171 οῦιτοτεμθῇλυςᾷ
3313 5090 3563 5171 diuidiae,

2113 5166 2783 5246 ᾼήρετομαχλοςρνης,
2809 5165 2997 5220 τελέει
3022 5166 3077 5246 δ’
3106 5165 3223 5246 data
3240 5165 3442 5246 Δθυμὸς
3472 5163 3634 5224 ἀνώγει

2118 5237 2255 5292 Οὐδ’
2287 5236 2496 5303 αὐταῖς
2521 5236 2731 5290 ὠδῖσιν
2752 5237 3113 5307 ἀναινομένη
3139 5236 3469 5305 Κυθέρειαν.

2113 5351 2368 5409 Ᾱῐιίιιιιιιε
2398 5352 2495 5406 lib.
2534 5368 2596 5415 ιι,
2653 5351 2730 5406 De
2776 5351 2902 5407 hist.
2933 5355 3124 5417 anim.,
3167 5367 3291 5420 cap.
3323 5349 3406 5412 ιε,
3441 5334 3630 5414 Φέρειᾶ

2112 5445 2206 5498 καὶ
2234 5445 2290 5497 ἐν
2321 5448 2386 5516 τῇ
2419 5443 2573 5514 νηδύϊ
2617 5444 2687 5497 τὰ
2729 5444 2827 5515 μὲν
2876 5443 3111 5516 ἡμιτελῆ
3134 5443 3202 5498 τὰ
3231 5443 3288 5496 δὲ
3318 5441 3500 5500 ὠδίνει,
3521 5427 3630 5485 τὰδὲ

2113 5539 2215 5610 ἤδη
2247 5539 2295 5592 οἱ
2327 5538 2592 5592 τέτεκται.
2631 5537 2784 5594 Phile
2819 5537 2878 5594 in
2927 5537 3172 5604 lambis;
3205 5537 3428 5597 Plinius,
3476 5529 3553 5585 lib.
3589 5537 3626 5576 ι.

2111 5646 2233 5701 cap.
2275 5631 2365 5694 45,
2395 5630 2704 5701 Dasypodes
2739 5631 2883 5684 omni
2917 5647 3089 5686 mense
3115 5631 3347 5702 pariunt,
3377 5636 3423 5682 et
3450 5614 3630 5688 9th"

2113 5732 2224 5777 tant
2257 5723 2392 5777 sicut
2433 5721 2649 5780 lepores.
2683 5721 3009 5780 Aristoteles
3040 5723 3110 5781 De
3133 5722 3256 5778 hist.
3283 5719 3439 5774 anim.
3467 5712 3546 5769 lib.
3570 5717 3623 5769 ῐιο
