3810 6168
139 291 253 350 953

1134 291 1202 348 IN
1237 289 1611 349 EUSTATHlI
1653 289 2132 348 HEXAEMERON
2169 293 2401 350 ΝΟΤᾸΞ.

3305 293 3413 348 95$

141 421 267 478 cap.
297 407 384 468 55.
411 405 651 478 Singulis
678 407 944 463 mensibus
967 419 1241 480 generant,
1273 411 1364 466 sed
1404 410 1542 480 fetus
1570 407 1715 464 edunt

1845 423 1914 460 ιοι
1957 408 2066 462 τῶν
2112 408 2342 464 λεόντων
2401 411 2837 482 παραπλησίους.
2875 409 3232 482 Κατάπτερον
3261 409 3318 462 δὲ
3347 409 3420 464 τὰ

140 514 250 553 non
276 499 585 563 universos;
616 500 946 570 interpositis
977 501 1118 556 enim
1148 500 1353 568 diebus,
1377 511 1503 573 quot
1531 518 1613 556 res
1644 511 1729 555 tu-

141 591 266 645 lerit
291 600 549 661 peragunt
572 593 892 660 partionem.
926 592 1128 648 Eorum
1158 593 1546 650 fecunditatem
1579 601 1730 648 retu-

142 685 348 747 lerunt,
401 683 634 750 Plinius,
686 686 780 741 lib.
826 703 948 753 vm,
999 702 1119 758 cap.
1157 688 1227 743 29
1283 697 1339 744 et
1373 689 1471 754 55;
1507 687 1726 752 Strabo,

141 775 240 830 lib.
282 791 378 842 m;
411 776 668 842 Basilius,
700 777 846 832 hom.
881 779 914 834 8
943 779 1238 843 Hexaem.;
1269 778 1506 852 Symeon
1546 778 1726 850 Logo-

139 865 294 920 theta
324 881 391 922 ex
426 867 618 923 eodem
649 867 874 933 Basilio,
910 879 1053 924 orat.
1086 887 1119 924 v
1139 888 1154 937 ;
1177 873 1502 928 Ambrosius
1526 873 1620 926 lih.
1651 871 1727 926 De

145 959 334 1028 Tobia,
369 976 491 1032 cap.
527 963 618 1025 15,
646 973 701 1018 et
729 980 952 1019 causam
983 973 1178 1035 praeter
1206 967 1556 1022 Aristotelem
1591 965 1729 1020 Pro-

140 1052 298 1106 blem.
333 1062 469 1109 sect.
517 1056 618 1110 107
648 1064 703 1112 et
735 1073 787 1111 IV
828 1057 904 1112 De
950 1068 1183 1126 generat.
1233 1059 1454 1113 animal.
1495 1073 1618 1128 cap.
1668 1058 1723 1121 5,

141 1142 325 1198 reddit
379 1145 688 1204 Herodotus
717 1150 772 1203 in
815 1149 1008 1204 Thalia
1052 1165 1072 1204 :
1102 1151 1210 1205 Καί
1243 1169 1356 1216 κως
1385 1151 1481 1204 τοῦ
1509 1151 1657 1205 θείου
1689 1155 1723 1224 ὴ

136 1237 367 1307 προνοίη
406 1237 593 1310 ὥσπερ
630 1242 723 1293 καὶ
752 1241 900 1305 εἰκός
931 1244 1078 1296 ἐστιν
1111 1243 1276 1296 ἐοῦσα
1307 1243 1468 1313 σοφήθ
1493 1244 1594 1296 ὅσα
1628 1243 1726 1312 μὲν

137 1330 252 1401 γὰρ
283 1331 461 1402 ψυχήν
493 1349 552 1384 τε
578 1331 746 1397 δειλὰ,
784 1336 875 1386 καὶ⁵
909 1332 1167 1405 ἐδώδιμα.
1200 1334 1376 1389 ταῦτα
1413 1335 1512 1406 μὲν
1548 1335 1726 1388 πάντα

137 1423 414 1492 πολύγονα
449 1426 772 1497 πεποίηκεν,
802 1427 889 1480 ἵνα
939 1428 1013 1498 μὴ
1061 1428 1408 1500 ὲπιλείπηται
1440 1428 1726 1483 κατεσθιό-

140 1533 300 1586 μενα,
321 1519 419 1571 ὃσα
433 1518 489 1572 δὲ
512 1519 727 1591 σχέτλια
757 1523 851 1575 καὶ
878 1522 1076 1592 ἀνιηρὰ
1105 1521 1404 1590 ὀλιγόγονα,
1434 1521 1591 1574 τοῦτο
1627 1522 1726 1592 μὲν

134 1609 222 1662 ὅτι
255 1609 483 1678 λαγωὸς,
518 1612 623 1664 ὑπὸ
670 1613 868 1677 παντὸς
916 1613 1208 1685 θηρεύεται
1229 1614 1440 1684 θηρίου,
1464 1616 1558 1668 καὶ
1579 1614 1726 1685 ὅρνι-

135 1700 250 1766 θος,
287 1704 380 1756 καὶ
407 1703 713 1775 ανθρώπου.
741 1705 898 1759 Οὕτω
924 1707 988 1778 δή
1007 1725 1088 1760 τοι
1118 1707 1180 1760 τὸ
1207 1707 1500 1777 πολύγονόν
1532 1710 1681 1762 ἐστιν
1705 1725 1719 1739 ⁶

136 1795 517 1850 ἐπικυΐσκεται
547 1798 741 1868 μοῦνον
773 1798 989 1854 πάντων
1020 1798 1130 1852 τῶν
1157 1799 1359 1871 θηρίων
1379 1817 1393 1830 ’
1422 1801 1598 1855 καὶτὸ
1626 1801 1723 1871 μὲν

133 1887 273 1941 δασὺ
321 1887 429 1940 τῶν
474 1888 680 1942 τέκνων
712 1891 769 1944 ὲν
795 1893 860 1962 τῇ
891 1893 1111 1962 γαστρὶ,
1161 1893 1222 1944 τὺ
1264 1891 1321 1945 δὲ
1365 1891 1539 1962 ψιλὸν,
1571 1891 1632 1944 τὸ
1665 1892 1724 1946 δὲ

135 1979 265 2051 ἄρτι
294 1983 351 2034 ὲν
379 1985 507 2053 τῇσι
544 1984 782 2056 μήτρῃσι
825 1983 1145 2048 πλάσσεται,
1180 1985 1242 2038 τὸ
1294 1985 1352 2038 δὲ
1391 1987 1720 2057 ἀναιρέεται.

137 2073 242 2128 Hic
291 2075 455 2130 etiam
515 2075 649 2130 illud
708 2077 1254 2132 animadvertendum
1285 2079 1342 2132 in
1374 2078 1479 2132 hoc
1525 2094 1724 2148 genere

135 2168 482 2235 animalium,
513 2184 623 2224 non
681 2178 895 2224 tantum
939 2169 1172 2224 feminas
1234 2183 1452 2226 uterum
1488 2170 1632 2226 ferre
1669 2179 1726 2227 et

136 2259 362 2329 gignere
420 2260 766 2316 observatum
797 2276 942 2325 esse,
989 2262 1108 2327 sed,
1141 2263 1288 2332 quod
1339 2270 1426 2317 est
1474 2263 1725 2319 mirabile

135 2350 312 2414 dictu,
342 2352 506 2407 etiam
541 2368 721 2408 mares
749 2368 816 2408 ex
849 2367 972 2408 sese
994 2368 1187 2424 parere
1209 2363 1263 2408 et
1290 2353 1523 2409 nutrire.
1554 2353 1726 2409 Allia-

137 2460 244 2499 nus
271 2445 460 2500 scribit
477 2446 779 2515 probatque
804 2447 1039 2502 hominis
1065 2447 1394 2502 auctoritate
1421 2446 1524 2501 flde
1545 2446 1724 2517 digni,

135 2537 233 2591 lib.
253 2553 350 2591 xm
371 2537 446 2593 De
460 2539 585 2594 hist.
613 2541 802 2602 anim.,
819 2554 940 2609 cap.
975 2540 1062 2605 12,
1086 2539 1403 2612 Θηρατοῦδὲ
1419 2541 1610 2612 ἀνδρὸς
1629 2543 1724 2595 καὶ

135 2627 208 2681 τὰ
228 2627 392 2699 ἔτερα
413 2629 640 2697 ἀγαθοῦ,
658 2630 772 2683 οἴου
801 2629 876 2702 μὴ
896 2631 960 2683 ἃν
972 2631 1297 2700 ψεύσασθαι,
1315 2632 1470 2700 λόγον
1493 2635 1721 2706 ἥκουσα,

133 2720 234 2773 καὶ
259 2721 408 2792 αὐτῷ
438 2723 800 2786 πεπίστευκα,
831 2725 945 2794 lege
975 2725 1428 2794 experimentum,
1450 2735 1504 2781 et
1535 2743 1727 2781 narra-

130 2813 340 2866 tionem
370 2830 477 2868 non
503 2815 876 2884 injucundam,
897 2817 1096 2886 quibus
1109 2818 1292 2872 subdit
1311 2837 1323 2872 :
1343 2819 1433 2890 Μὴ
1449 2819 1724 2874 πιστεύειν

128 2899 228 2956 οὖν
288 2903 365 2974 τῷ
417 2905 559 2976 λόγῳ
625 2909 808 2960 πεῖσαι
869 2909 1107 2979 ἐμαυτὸν
1157 2910 1218 2963 οὑ
1263 2910 1520 2982 δύναμαι,
1554 2913 1615 2965 τὸ
1667 2912 1724 2966 δὲ

129 2995 307 3050 αἴτιον
361 3000 394 3067 ἡ
444 2998 537 3052 τοῦ
615 3001 804 3070 aves;
866 3001 1110 3070 γλῶττα,
1165 3002 1290 3057 οὔτε
1351 3004 1546 3074 ψεῦδος
1600 3005 1724 3060 οὔτε

131 3085 351 3156 κόμπον
382 3089 671 3157 ἠπίστατο.
702 3091 942 3162 Ideoque
972 3109 1074 3148 nec
1105 3095 1302 3149 mirum
1342 3096 1515 3151 videri
1561 3098 1722 3153 debet
1750 3123 1791 3179 ο

133 3180 182 3232 si
207 3181 430 3248 quidam
454 3183 823 3238 existimarint
856 3186 1070 3256 lepores
1091 3204 1214 3244 esse
1238 3191 1524 3260 utriusque
1551 3208 1714 3250 sexus

133 3274 450 3341 participes.
483 3273 618 3329 Cum
647 3277 790 3330 enim
815 3281 1064 3335 eumdem
1093 3281 1410 3337 viderentet
1434 3285 1716 3338 muliebria

132 3363 249 3431 pati
295 3372 350 3417 et
407 3365 536 3420 item
578 3381 758 3437 agere,
790 3377 845 3424 et
873 3371 1018 3439 quod
1068 3371 1251 3440 potius
1285 3373 1526 3442 gignere,
1555 3374 1718 3428 sobo-

137 3454 358 3526 lemque
408 3458 665 3524 educarc,
695 3476 804 3514 non
835 3462 956 3517 sine
990 3465 1202 3520 ratione
1236 3464 1288 3519 id
1318 3475 1376 3519 ut
1409 3466 1714 3532 crederent,

133 3547 288 3603 ducti
345 3559 494 3607 sunt.
546 3552 701 3620 Quod
760 3553 970 3610 Plinius
1025 3557 1352 3612 Archelaum
1412 3558 1718 3615 alflrmasse

134 3641 354 3706 scribit,
389 3651 442 3698 et
488 3643 832 3701 Democritus
864 3647 917 3700 in
956 3645 1261 3718 Geoponicis
1293 3649 1538 3705 tradidit.

203 3731 479 3795 lbid.,liu.
505 3735 593 3789 27.
621 3738 732 3791 Kal
757 3739 1020 3794 τεκοῦσα
1039 3740 1247 3794 πάλιν.
1281 3739 1511 3801 Plinius.
1537 3741 1632 3796 lib.
1661 3759 1714 3808 x,

132 3840 261 3894 cap.
319 3825 388 3879 45
422 3845 435 3881 :
470 3827 510 3879 Α
573 3841 733 3898 partu
774 3832 958 3886 statim
1000 3833 1322 3902 implentur;
1385 3835 1713 3903 concipiunt,

132 3920 374 3988 quamvis
410 3921 574 3976 ubera
615 3924 848 3980 siccante
897 3926 1026 3994 fetu.
1059 3926 1125 3980 Et
1173 3927 1270 3981 lib.
1302 3944 1424 3990 vm,
1464 3943 1584 3996 cap.
1611 3928 1714 3983 35:

131 4009 305 4079 Lepus
335 4015 565 4067 omnium
591 4017 788 4086 prada:
811 4035 1051 4079 nascens,
1085 4019 1229 4073 solus
1265 4030 1457 4090 prwter
1487 4021 1718 4090 dasypo-

130 4103 255 4156 dem
287 4107 600 4174 superfetat,
657 4109 809 4162 aliud
838 4109 1090 4176 educam,
1137 4112 1285 4166 aliud
1319 4114 1371 4166 in
1414 4122 1560 4167 utero
1591 4114 1716 4183 pilis

132 4197 403 4262 vestitum,
435 4200 584 4253 aliud
606 4202 876 4272 implume,
906 4204 1052 4257 aliud
1079 4205 1382 4260 inchoatum
1412 4223 1592 4276 gerens
1620 4223 1718 4275 pa-

132 4291 285 4345 riter.
326 4289 516 4347 Solum
549 4296 908 4366 superfetare.
937 4305 995 4351 ut
1025 4314 1208 4352 verum
1241 4300 1334 4362 sit,
1367 4301 1565 4355 viderit
1601 4301 1718 4372 ipse

130 4381 371 4441 Plinius.
410 4385 596 4456 Equas
634 4395 688 4443 et
711 4390 970 4445 mulieres
1009 4406 1228 4460 quoque
1255 4391 1593 4461 superfetare
1619 4408 1717 4462 pro

1828 500 1992 564 νῶτα,
2023 501 2118 554 καὶ
2169 501 2374 556 τούτων
2406 500 2515 555 τῶν
2545 502 2761 574 πτερῶν
2811 502 2913 573 τὴν
2954 499 3120 574 χρόαν
3162 500 3420 571 μέλαιναν

1827 591 1966 646 εἶναι
2020 592 2224 664 ᾄδουσι.
2260 591 2342 646 Τὰ
2401 593 2458 646 δὲ
2507 593 2743 665 πρόσθια
2797 591 3004 664 ὲρυθρά
3033 608 3186 659 φασι,
3212 590 3311 655 τάς
3355 606 3418 658 γε

1831 686 1936 758 μὴν
1970 687 2248 757 πτέρυγας
2299 684 2470 749 αὐτὰς
2507 686 2692 738 οὐκέτι
2725 684 2999 748 τοιαύτας,
3031 681 3168 737 ἀλλὰ
3193 681 3415 745 λευκὰς,

1824 779 1936 850 τὴν.
1975 779 2138 850 δέρην
2179 779 2236 833 δὲ
2275 780 2454 833 αὐτῶν
2499 781 2717 842 κυανοῖς
2764 775 3068 847 διηνθίσθαι
3114 777 3226 838 τοῖς
3282 790 3414 827 πτε-

1828 875 1941 945 ροῖς
1964 873 2208 943 Κτησίας
2237 873 2456 944 ἱστορεῖ.
2477 871 2659 943 Στόμα
2685 871 2740 924 δὲ
2766 869 2907 940 ἔχειν
2937 867 3191 931 ἀετῶδες,
3211 867 3302 919 καὶ
3319 864 3416 936 τὴν

1825 963 2066 1035 κεφαλὴν
2109 964 2299 1018 ὁποίαν
2347 965 2396 1016 ol
2453 962 2900 1036 χειρουργοῦντες
2929 959 3201 1032 γράφουσί
3232 976 3292 1012 τε
3321 959 3416 1012 καὶ

1826 1057 2141 1110 πλάττουσι.
2163 1055 2459 1124 Φλογὼδεις
2485 1056 2543 1108 δέ
2573 1072 2705 1125 φασι
2733 1057 2859 1118 τοὺς
2887 1052 3198 1123 ὀφθαλμοὺς
3223 1049 3412 1106 αὑτοῦ.

1827 1147 2056 1213 Plinius,
2089 1149 2183 1203 lib.
2220 1165 2316 1212 vn,
2339 1164 2459 1218 cap.
2489 1147 2526 1201 2
2557 1167 2570 1202 :
2613 1147 2912 1216 Arimaspis
2959 1145 3171 1199 assidue
3222 1143 3415 1198 bellam

1824 1257 1938 1296 esse
1953 1242 2097 1294 circa
2121 1241 2338 1294 metalla
2355 1257 2472 1294 cum
2490 1240 2722 1310 gryphis.
2744 1240 2980 1310 ferarum
3007 1238 3207 1292 volucri
3230 1251 3415 1306 genere

1825 1336 1982 1406 quale
2031 1335 2181 1405 vulgo
2237 1334 2491 1396 traditur,
2537 1346 2752 1388 eruente
2789 1349 2853 1388 ea:
2888 1331 3148 1386 cuniculis
3195 1346 3412 1392 aurum,

1827 1431 1964 1483 mira
1984 1429 2290 1498 cupiditate.
2316 1437 2365 1482 et
2411 1427 2538 1498 feris
2568 1426 3006 1489 custodientibus,
3034 1435 3084 1479 et
3127 1426 3413 1492 arimaspis

1827 1521 2176 1591 rapientibus,
2209 1523 2383 1586 multi,
2423 1519 2513 1576 sed
2548 1522 2778 1592 maxime
2825 1520 3059 1573 illustres
3110 1516 3413 1572 Herodotus

1825 1625 1876 1669 et
1932 1616 2168 1670 Aristeas
2230 1614 2649 1678 Proconnesius,
2687 1611 2942 1667 scribunt.
2997 1609 3198 1665 Eorum
3245 1610 3412 1663 etiam

1827 1708 2122 1763 meminere
2171 1707 2414 1768 Solinus.
2455 1705 2762 1759 Pausmius
2803 1705 2857 1758 in
2887 1703 3186 1766 Arcadicis,
3223 1699 3409 1754 Philo-

1826 1809 2030 1856 stratus
2058 1802 2111 1855 in
2162 1799 2280 1854 Vita
2327 1800 2614 1868 Apollonii.
2641 1798 2767 1853 Haec
2798 1807 2979 1852 tamen
3009 1811 3133 1851 esse
3163 1793 3411 1848 fabulosa

1825 1893 2160 1949 existimavit
2186 1893 2397 1948 Plinius
2425 1893 2551 1948 libr.
2597 1908 2650 1955 κ,
2676 1906 2798 1961 cap.
2839 1889 2930 1952 49,
2958 1888 3193 1960 Pegasos
3223 1887 3413 1956 equino

1824 1985 1994 2054 capite
2041 1985 2298 2047 volucres,
2351 1993 2401 2038 et
2435 1982 2665 2054 gryphas
2721 1981 2903 2034 aurita
2966 1977 3275 2032 aduncitate
3329 1991 3416 2027 ro-

1824 2079 1943 2139 stri,
1965 2075 2236 2147 fabulosos
2267 2093 2384 2131 reor
2416 2076 2537 2128 illos
2570 2076 2625 2128 in
2650 2072 2888 2142 Scythia,
2915 2071 3008 2125 hos
3029 2072 3084 2124 in
3109 2068 3412 2138 AE‘thiopia.

1891 2168 2052 2232 lbid.,
2109 2169 2205 2224 lin.
2261 2168 2350 2223 51.
2411 2165 2677 2234 Ἀρπάζει
2719 2163 2789 2218 δὲ
2844 2164 3084 2218 λέοντα.
3141 2161 3414 2230 Georgius

1825 2261 2058 2324 Pisides,
2106 2259 2184 2314 De
2227 2258 2413 2312 mundi
2451 2257 2686 2326 api/icio,
2713 2271 2839 2309 eum
2867 2262 2922 2308 et
2948 2253 3142 2308 bovem
3174 2251 3413 2322 rapidis-

1825 2355 1965 2410 sime
2019 2361 2298 2423 arreptum
2329 2352 2437 2405 alte
2469 2351 2686 2405 elevare
2716 2347 2976 2402 affirmat.

1896 2467 2089 2520 Πόθεν
2122 2464 2190 2518 δὲ
2223 2463 2383 2533 γρὺψ
2420 2460 2706 2536 εῄσθεγὲς
2747 2458 2948 2536 λαϐὼν
2974 2456 3213 2536 πράως.

1895 2539 2006 2592 Kal
2043 2537 2206 2601 ,Βοῦν
2231 2531 2524 2588 ἀνασπῶν
2563 2533 2632 2594 ἐξ
2674 2531 2923 2601 ἑτοίμων
2955 2531 3236 2601 ἁρπαγῶν

1895 2607 2006 2664 Kal
2027 2597 2256 2674 πτηνὸς
2291 2601 2484 2676 ἦρται,
2528 2603 2629 2656 καὶ
2655 2597 2885 2666 βαδίζει
2915 2597 3281 2666 τετράπους;

1826 2721 2080 2778 Ειὶειηιιε
2137 2728 2318 2772 tamen
2375 2732 2500 2771 cum
2560 2715 2681 2769 aliis
2744 2712 3117 2767 animantibus
3173 2710 3409 2781 gryphas

1825 2821 2145 2872 concertare
2176 2819 2230 2867 et
2259 2811 2480 2863 vincere
2527 2806 2744 2868 scribit,
2780 2804 2876 2861 sed
2910 2817 3144 2875 pugnam
3188 2803 3408 2855 leonum

1825 2922 1880 2967 et
1919 2910 2336 2980 elephantorum
2370 2905 2686 2967 abhorrere,
2714 2916 2890 2971 neque
2916 2916 3040 2954 cum
3085 2899 3166 2953 eis
3204 2899 3258 2952 in
3287 2913 3410 2951 cer-

1827 3018 2009 3060 tamen
2061 2998 2398 3056 descendere
2448 2996 2671 3050 ibidem.
2709 2993 2820 3046 Καὶ
2851 2988 3268 3060 διαγωνίζεσθαι
3312 2989 3411 3060 μὲν

1827 3099 1962 3170 πρὸς
1995 3096 2066 3149 τὰ
2098 3094 2232 3148 ἄλλα
2265 3091 2401 3158 ζῶα,
2434 3091 2527 3143 καὶ
2553 3090 2775 3159 κρατεῖν
2807 3088 2996 3159 ῥᾷστα.
3032 3085 3220 3139 Λέοντι
3251 3083 3307 3137 δὲ
3335 3083 3411 3155 μὴ

1821 3189 2192 3250 ἀνθίστασθαι,
2229 3186 2363 3257 μηδὲ
2396 3183 2670 3251 ἐλέφαντι.

1893 3283 2052 3344 lbid.,
2081 3281 2175 3334 lin.
2202 3280 2290 3333 32.
2339 3277 2539 3341 Ἀετὸς
2561 3276 2697 3341 παρ’
2738 3273 2902 3342 ἡμῖν.
2926 3271 3275 3333 Aristoteles,
3308 3269 3406 3324 lib.

1820 3395 1875 3432 Ix
1907 3377 1982 3429 De
2004 3375 2132 3427 hist.
2167 3373 2330 3426 anim.
2356 3385 2406 3423 c.
2443 3369 2548 3422 5‘2:
2584 3367 2818 3420 Venatur
2842 3366 3023 3432 aquila
3053 3362 3412 3433 leporethin-

1819 3470 1998 3531 καίοι,
2023 3467 2223 3536 vulpes,
2247 3473 2296 3519 et
2327 3463 2531 3532 reliqua
2561 3476 2678 3531 qua:
2714 3460 2913 3512 vincere
2936 3457 3130 3511 valeat.
3155 3455 3410 3510 IElianus

1821 3563 1914 3617 lib.
1932 3578 1985 3616 Ix
2011 3560 2086 3614 De
2116 3559 2242 3612 hist.
2271 3557 2464 3616 anim.,
2481 3568 2604 3622 cap.
2625 3551 2691 3606 10
2711 3570 2725 3606 :
2745 3548 2925 3613 Ἀετὸς
2941 3549 3078 3614 ζῶον
3095 3547 3410 3600 πλεονεκτι-

1821 3656 1936 3715 κὸν,
1969 3653 2062 3706 καὶ
2088 3651 2153 3704 δι’
2180 3647 2446 3722 ἁρπαγῶν
2485 3643 2764 3698 ποιοῦνται
2809 3641 3147 3713 τροφὰς,κα“ι
3190 3637 3409 3710 σαρκῶν

1821 3747 2079 3800 ἐσθίουσι·
2132 3744 2228 3797 καὶ
2253 3741 2362 3813 γὰρ
2390 3739 2540 3808 λαγὼ
2576 3735 2902 3809 ἁρπάζουσι,
2931 3733 3027 3787 καὶ
3073 3731 3284 3804 νεϐρὸν,
3315 3731 3410 3784 καὶ

1819 3840 1956 3910 χῆνα
1978 3836 2038 3904 ἐξ
2055 3835 2244 3906 αὐλῆς,
2270 3835 2364 3886 καὶ
2383 3829 2787 3898 ἇλλαΛιίθοιιιιε
2814 3841 2940 3882 eum
2975 3825 3284 3895 aquilarum
3318 3838 3409 3877 vo-

1819 3947 1936 3985 cem
1991 3928 2229 3982 maxime
2273 3927 2487 3989 timere,
2541 3924 2684 3978 sicut
2716 3930 2770 3978 et
2825 3922 3056 3975 aliarum
3119 3919 3324 3981 avium,
3377 3931 3408 3972 a

1819 4023 2023 4094 quibus
2062 4021 2203 4074 male
2229 4026 2491 4088 exceptus
2517 4017 2869 4071 interimitur.
2897 4015 3042 4068 Idem
3070 4013 3145 4066 ait
3168 4012 3261 4066 lib.
3287 4027 3407 4074 xm,

1819 4131 1941 4184 cap.
1979 4115 2038 4168 11
2071 4131 2084 4179 ;
2113 4111 2346 4177 Plinius,
2371 4111 2470 4166 lib.
2505 4126 2560 4172 x,
2585 4125 2706 4177 cap.
2736 4109 2791 4169 4.
2820 4107 3127 4178 aquilarum
3158 4105 3327 4174 primo
3358 4112 3409 4157 et

1821 4207 2050 4262 secundo
2086 4205 2289 4277 generi,
2334 4221 2438 4256 non
2473 4205 2736 4256 minorum
2768 4211 2974 4255 tantum
3009 4198 3408 4270 quadrupedum

1820 4301 2033 4370 rapina,
2068 4300 2158 4354 sed
2195 4300 2358 4353 etiam
2393 4314 2510 4351 cum
2542 4299 2705 4351 cervis
2731 4295 2939 4364 pra'lia.
2977 4293 3208 4347 Multum
3230 4293 3410 4362 pulve-

1820 4413 1930 4450 rem
1972 4395 2210 4449 volutatu
2233 4392 2531 4449 collectum.
2568 4389 2804 4444 insidens
2839 4388 3083 4442 cornibus
3127 4385 3323 4438 exemit
3354 4384 3406 4435 in

131 4475 450 4532 indubitato
503 4478 754 4535 habetur.
803 4479 908 4536 Sed
940 4484 1005 4537 ad
1037 4498 1150 4538 rem
1196 4483 1519 4538 Aristoteles
1566 4485 1716 4550 item,
1753 4475 1796 4530 ι)
1827 4487 2042 4548 oculos,
2086 4487 2266 4555 pennis
2313 4501 2408 4538 ora
2455 4482 2756 4542 verberans,
2803 4481 2965 4534 donec
3019 4477 3307 4546 pracipitet
3351 4476 3406 4528 in

132 4569 262 4624 libr.
303 4585 356 4623 Vl
393 4570 466 4624 De
504 4571 694 4628 histor.
749 4575 997 4638 animal.,
1035 4576 1202 4645 capit.
1265 4578 1336 4631 55
1373 4595 1386 4630 :
1427 4576 1597 4633 Habet
1637 4579 1714 4647 fe-

127 4663 282 4717 mina
322 4665 408 4719 lac
445 4665 594 4735 prius
635 4683 793 4737 quam
846 4671 1048 4736 pariat,
1073 4678 1124 4723 et
1175 4687 1208 4723 a
1259 4686 1418 4739 partu
1464 4675 1714 4726 continuo

130 4758 318 4826 repetit
344 4759 540 4811 coitum
562 4775 581 4812 :
600 4768 648 4812 et
677 4760 881 4814 lactans
913 4761 1086 4814 adhuc
1114 4763 1344 4830 concipit
1372 4763 1556 4832 fetum.
1589 4763 1715 4818 Haec

128 4852 265 4912 item
317 4851 503 4906 omnia
557 4853 611 4905 in
667 4853 1058 4918 Qua'stionibus
1111 4853 1363 4925 physicis,
1396 4863 1592 4926 quaest.
1625 4856 1712 4922 11,

131 4942 457 5011 rmnplexus
487 4951 569 4997 est
600 4941 1046 5015 Theopliylaclus
1085 4944 1418 5002 Simocatus.

202 5034 367 5096 lbid..
406 5035 500 5088 lin.
540 5035 628 5090 30.
668 5036 778 5090 Τὸν
805 5036 873 5090 δὲ
899 5037 1097 5108 γρῦπά
1148 5055 1356 5108 φασιν.
1397 5038 1650 5095 ιέΕιίθηιιε
1685 5055 1717 5094 θ

128 5127 316 5182 Ctesia
348 5141 540 5181 eorum
568 5125 796 5182 formam
827 5128 1122 5195 describit;
1150 5145 1274 5184 esse
1307 5132 1451 5185 enim
1481 5131 1716 5201 gryphes

127 5218 541 5292 quadrupedes,
613 5219 1017 5277 robustissimis
1091 5223 1401 5292 unguibus;
1454 5223 1716 5278 anteriori

128 5310 386 5380 corporis
428 5321 580 5380 parte
634 5311 854 5375 rubros,
886 5313 988 5366 alis
1038 5313 1306 5378 candidis,
1331 5313 1496 5369 dorso
1524 5315 1717 5384 pennis

131 5404 308 5473 nigris
364 5403 606 5464 indutos.
663 5406 877 5460 cervice
927 5407 1198 5466 caeruleis,
1253 5415 1306 5459 et
1364 5406 1592 5466 ﬂoridis,
1623 5421 1718 5461 ore

127 5496 400 5565 aquilino,
434 5503 487 5550 et
517 5497 717 5566 capite.
744 5497 918 5552 oculis
943 5497 1138 5567 igneis.
1179 5497 1273 5550 lib.
1312 5513 1365 5550 tv
1408 5496 1485 5550 De
1524 5495 1714 5551 histor.

128 5588 639 5658 animal.,cap.?.7:
674 5590 777 5643 Τὸν
800 5590 987 5662 γρύπα
1016 5591 1198 5643 ἀκούω
1226 5589 1288 5643 τὸ
1319 5589 1458 5655 ζῶον
1481 5590 1543 5643 τὸ
1573 5590 1720 5644 Ἰνδι-

131 5683 227 5738 κὸν
267 5681 577 5752 τετράπουν
629 5679 770 5740 εἶναι
822 5683 964 5738 κατὰ
1004 5685 1130 5747 τοὺς
1174 5683 1416 5749 λέοντας,
1449 5685 1542 5738 καὶ
1573 5684 1718 5754 ἔχειν

124 5771 330 5845 ὄνυχας
362 5775 668 5846 καρτεροὺς
697 5774 774 5839 ὡς
801 5776 882 5830 ὃτι
915 5775 1170 5848 μάλιστα,
1207 5777 1298 5831 καὶ
1334 5777 1556 5842 τούτους
1592 5778 1716 5850 μὲν-

1822 4597 1996 4650 rnpes.
2027 4579 2138 4635 Nec
2169 4594 2280 4634 non
2315 4584 2369 4632 et
2399 4586 2588 4631 tauros
2617 4575 2803 4628 venari
2837 4584 3028 4628 auctor
3061 4581 3145 4626 est
3174 4570 3326 4626 Phile
3352 4561 3410 4624 in.

1822 4671 2054 4831 “231:6:
2075 4762 2144 4815 δὲ
2174 4762 2271 4816 καὶ
2311 4761 2418 4814 τὸν
2456 4758 2638 4831 χῆνα,
2679 4757 2776 4831 καὶ
2801 4754 2914 4831 τὴν
2943 4753 3206 4831 δορκοξδα

1891 4824 2002 4889 Kal
2026 4824 2145 4887 ’τὸν
2169 4824 2538 4903 λαγωὸν,ἡὴ
2573 4830 2638 4883 τὸ
2662 4827 2781 4882 τῶν
2809 4828 3042 4894 ταύρω-ν
3070 4824 3262 4895 γένος.

1823 4949 1888 5002 Et
1944 4948 2220 5011 JEIianus,
2267 4947 2340 5001 De
2382 4947 2572 5000 histor.
2616 4943 2839 4997 animal.
2889 4942 2983 4997 lib.
3038 4957 3100 5006 ιι,
3151 4955 3272 5011 cap.
3311 4937 3405 5000 39.

1821 5041 2127 5112 aquilarum
2187 5053 2380 5108 genus,
2432 5037 2578 5105 quod
2637 5033 2860 5103 quidam
2916 5030 3259 5103 χρυσαίετον,
3313 5029 3404 5084 alii

1822 5133 2103 5204 ἁστερίαν,
2137 5132 2192 5184 in
2222 5131 2384 5185 Creta
2415 5130 2463 5183 vi
2495 5127 2728 5197 quadam
2759 5134 2813 5180 et
2843 5123 3111 5178 industria
3142 5121 3422 5192 singulari'

1822 5237 2012 5281 tauros
2060 5225 2211 5296 ipsos
2271 5223 2550 5282 invadere,
2585 5227 2640 5275 et
2695 5219 2932 5290 praedam
2968 5217 3072 5272 sibi
3112 5215 3406 5285 cibumque

1822 5333 2017 5388 parare
2053 5335 2065 5370 :
2100 5331 2165 5370 ex
2211 5314 2428 5370 insidiis
2473 5313 2617 5368 enim
2673 5309 2873 5366 cervici
2931 5307 3178 5363 insidens
3227 5322 3406 5362 r05tro
3464 5353 3470 5359 .

1822 5426 1983 5480 quam
2016 5409 2283 5464 acerrime
2317 5407 2526 5477 pungit.
2551 5403 2766 5458 Taurus
2795 5403 2996 5457 ictibus
3028 5402 3239 5472 pulsus,
3266 5399 3394 5454 furi-

1825 5500 2044 5557 bundus
2069 5500 2121 5552 in
2148 5497 2326 5569 fugam
2352 5496 2602 5562 vertitur,
2619 5495 2710 5548 ubi
2737 5495 2914 5547 locum
2939 5493 3233 5563 proclivem
3265 5506 3403 5562 prte-

1822 5593 2156 5663 cipitemque
2205 5589 2533 5654 accesserit,
2573 5587 2858 5658 explicatis
2887 5587 2943 5642 in
2969 5586 3156 5642 orbem
3197 5585 3299 5641 alis
3335 5584 3400 5640 il-

1823 5688 1932 5742 lius
1981 5687 2173 5740 oculos
2208 5685 2362 5754 tegit,
2389 5683 2480 5754 qui
2508 5681 2788 5754 pracipitii
2825 5679 3050 5750 ignarus
3079 5677 3319 5739 subsilit,
3349 5685 3405 5732 et

1822 5792 2064 5849 praeceps
2087 5773 2382 5832 dilaniatus
2399 5774 2696 5841 emoritur;
2720 5780 2773 5830 et
2791 5772 2884 5828 lib.
2908 5787 2982 5838 lx,
3001 5771 3167 5843 capit.
3201 5768 3287 5836 10,
3307 5767 3400 5833 ait,
