3810 6168
436 263 528 317 )55

1733 259 1980 316 LEONIS
2015 257 2288 313 ALLATll

3575 252 3690 306 9:56

426 379 660 446 aquilam
689 393 854 449 quam
887 379 1040 435 Jovis
1073 382 1438 454 appellarunt,
1461 395 1655 435 carnes
1697 397 1807 436 non
1838 382 2004 435 attin-
2037 386 2072 440 Α
2107 390 2299 434 auctor
2339 386 2524 434 uoster
2575 379 2765 434 scribit
2805 393 2966 432 nemo
3001 393 3112 431 non
3156 376 3321 439 videt,
3357 391 3480 429 cum
3521 374 3686 427 illum

425 484 568 539 gere,
604 470 700 525 sed
725 471 945 527 herbam
971 474 1020 527 ei
1061 475 1127 528 ad
1159 476 1363 528 victum
1393 473 1530 528 satis
1559 489 1702 528 esse.

494 559 656 626 lbid.,
707 563 803 618 lin.
865 565 956 619 35.
1013 567 1187 619 Ἐστι
1221 565 1288 618 δὲ
1327 563 1472 626 ζῶον
1507 565 1844 635 χαραδριός.
1880 565 2004 621 Haec

426 653 699 712 Eustathii
737 669 863 714 ante
893 660 1086 715 oculos
1135 660 1354 714 videtur
1398 660 1657 715 habuisse
1689 663 1872 714 omnia
1903 661 2002 716 Pe-

425 753 544 800 trus
571 747 886 811 Damianus,
911 749 1038 802 dum
1071 749 1167 803 lib.
1207 765 1268 812 ιι,
1303 749 1465 818 epist.
1500 750 1588 815 18,
1615 751 1683 804 de
1711 751 2003 806 charadrio

426 837 764 907 loqueretur.
800 838 976 908 Hujus
1005 841 1356 910 proprietatis
1388 855 1612 896 causam
1635 842 1814 896 reddit
1832 841 2004 897 Theo-

425 929 715 1000 pbylactus
767 931 1079 987 Simocatus
1134 933 1189 987 in
1245 933 1448 998 Quwst.
1496 944 1634 1000 nat.,
1687 935 1999 1004 quaest.15,

424 1038 549 1094 pag.
581 1022 670 1078 18.
707 1021 785 1076 Ita
817 1032 1044 1080 vocatus
1073 1026 1182 1080 ἀπὸ
1209 1025 1300 1078 τοῦ
1331 1024 1429 1089 τὰς
1468 1026 1744 1097 χαράδρας
1793 1026 2000 1098 διατρί-

424 1111 575 1177 ϐειν,
621 1129 688 1168 ex
733 1110 1041 1170 Scholiaste
1093 1115 1503 1184 Aristophanis,
1563 1124 1617 1172 et
1655 1117 1998 1180 Aristoteles,

424 1201 519 1257 lib.
558 1219 632 1265 ix,
663 1218 786 1274 cap.
819 1203 907 1268 11,
943 1204 1053 1267 Τὰς
1080 1204 1137 1256 δὲ
1165 1208 1409 1276 οἰκήσεις
1436 1207 1464 1258 6
1491 1207 1587 1277 μὲν
1613 1207 1740 1277 περὶ
1767 1205 1866 1272 ’ὣς
1902 1225 2001 1278 xa-

426 1294 646 1366 ράδρας,
679 1297 728 1349 οἱ
773 1296 830 1349 δὲ
863 1299 1146 1368 χηραμοὺς
1183 1297 1477 1362 ποιοῦνται,
1517 1301 1609 1352 καὶ
1638 1300 1860 1371 πέτρας,
1889 1298 2002 1355 οἷον

419 1391 451 1442 6
476 1388 805 1459 καλούμενος
832 1391 1141 1463 χαραδριός.
1175 1391 1330 1446 Hune
1366 1392 1630 1447 bitumine
1662 1395 1844 1448 necari
1876 1410 2004 1448 uar-

421 1489 510 1534 rat
536 1479 805 1541 IElianus,
845 1483 936 1537 lib.
970 1499 1046 1546 νι,
1084 1482 1161 1536 De
1191 1483 1380 1540 histor.
1413 1486 1660 1547 animal.,
1709 1487 1873 1556 capit.
1907 1487 1998 1543 66.

495 1570 658 1629 lbid.,
684 1589 736 1642 p.
769 1574 858 1627 54.
885 1577 1255 1642 Λευκότατος
1285 1576 1359 1629 δι’
1381 1578 1548 1632 ὅλου.
1585 1577 1922 1648 Epiphanius
1948 1581 2000 1634 iu

427 1661 749 1732 Physiologo
772 1704 786 1726 ,
822 1681 942 1734 cap.
973 1666 1064 1727 25,
1114 1669 1169 1720 ’0
1206 1670 1520 1737 φυσιολόγος
1554 1669 1698 1736 ἔλεξε
1731 1674 1858 1743 περὶ
1882 1673 2004 1726 τοὺ-

422 1767 538 1816 του,
588 1753 669 1805 ὅτι
711 1753 830 1806 ὅλον
865 1754 1054 1808 λευκόν
1079 1759 1216 1822 ἐστι,
1248 1759 1382 1828 μηδὲ
1414 1760 1549 1824 ὅλως
1577 1761 1832 1831 μελανίαν
1859 1764 1998 1833 ἔχον.

421 1845 779 1910 Aristoteles,
844 1848 966 1903 libr.
1034 1865 1083 1903 Ix
1139 1850 1214 1904 De
1253 1852 1439 1904 histor.
1483 1854 1702 1907 animal.
1756 1870 1876 1925 cap.
1913 1856 2000 1917 Η,

423 1951 581 1990 avem
643 1937 783 1990 hanc
836 1954 1058 2008 pravam
1100 1948 1156 1993 et
1195 1941 1400 2007 colore,
1446 1954 1500 1996 et
1538 1958 1671 1998 voce
1709 1946 1804 2007 ait,
1837 1955 2000 2000 noctu

422 2043 708 2097 apparere,
756 2029 850 2084 diu
899 2031 1182 2101 aufugero.
1247 2031 1504 2089 Albeitus
1547 2050 1670 2089 eum
1717 2034 2003 2094 Eustatbio

422 2120 611 2183 sentit,
653 2129 708 2174 et
748 2123 927 2176 albam
962 2139 1085 2178 esse
1125 2131 1294 2177 totam
1327 2133 1581 2181 testatur.

2105 489 2353 542 parvum,
2371 472 2507 525 hmdi
2540 473 2925 542 magnitudine,
2940 473 3135 526 eximia
3159 470 3476 540 pernicitate
3499 477 3560 522 et
3582 483 3686 521 ve.

2103 565 2398 630 bementia,
2427 579 2602 620 cornu
2639 565 2694 616 in
2727 565 3041 618 summitate
3085 562 3280 632 capitis
3309 562 3495 626 unico,
3531 559 3687 614 dicat

2101 673 2242 712 esse.

2171 747 2331 811 lbid.,
2357 748 2452 801 lin.
2487 746 2575 800 46.
2612 747 2969 817 Δριμύτατον
2989 745 3240 814 σφόδρα.
3264 742 3414 797 Phile
3439 743 3498 796 in
3532 739 3686 794 Iam-

2101 840 2215 904 bis,
2260 840 2328 893 ad
2383 854 2616 909 pugnam
2674 838 3179 908 promptitudinem,
3240 851 3306 890 e1
3357 835 3686 888 vulneribus

2101 934 2224 988 aliis
2251 933 2622 986 animantibus
2654 931 2919 1001 pericula,
2945 945 3116 982 cornu
3165 928 3325 996 quale
3363 926 3454 986 sit.
3497 926 3686 993 ipsum

2101 1025 2322 1088 animal,
2355 1022 2627 1093 quomodo
2678 1029 3028 1076 mansuescat
3078 1021 3264 1073 multis
3302 1016 3682 1087 prosequitur.

2099 1116 2270 1187 Negat
2303 1125 2483 1171 tamen
2515 1115 2918 1170 Vartmnannus
2953 1115 3185 1169 t'eroeem
3214 1127 3357 1166 esse.

2175 1208 2334 1273 lbid.,
2358 1209 2454 1262 lin.
2478 1207 2568 1261 51.
2601 1209 2772 1261 Ἐστι
2796 1205 2862 1258 δὲ
2885 1203 3028 1266 ζῶον
3064 1205 3454 1270 καλούμενον.
3479 1197 3690 1253 Petrus

2102 1299 2398 1354 Damianus
2432 1300 2555 1354 libr.
2599 1315 2659 1361 ιι,
2691 1298 2851 1367 epist.
2874 1313 3006 1351 xvm
3039 1297 3106 1350 ad
3134 1294 3472 1350 Desiderium
3507 1291 3687 1344 abba-

2103 1398 2233 1453 tem,
2271 1388 2462 1444 Castor
2506 1389 2682 1458 itaque
2724 1405 2842 1441 cum
2871 1404 2924 1441 se
2957 1387 3090 1440 videt
3133 1403 3163 1439 a
3202 1394 3440 1439 venatore
3465 1393 3692 1450 propter

2101 1482 2354 1552 genitalia
2390 1483 2649 1551 persequi,
2683 1480 2794 1534 haec
2834 1481 3101 1533 mordicus
3149 1477 3431 1536 abscindit,
3461 1486 3514 1530 et
3567 1483 3694 1526 ante

2102 1576 2365 1628 venatoris
2417 1573 2606 1634 [aciem
2659 1573 2890 1641 proficit.
2929 1571 3020 1626 Sic
3049 1573 3188 1623 illico
3218 1581 3428 1624 venator
3455 1568 3690 1630 accedit,

2103 1663 2229 1717 dum
2259 1663 2312 1717 id
2345 1673 2556 1732 propter
2577 1662 2714 1732 quod
2744 1679 2859 1716 eum
2893 1660 3294 1730 persequebatur
3323 1659 3576 1712 extorsit.
3629 1658 3690 1710 Si

2104 1773 2222 1810 vero
2276 1755 2574 1824 contigerit,
2616 1765 2670 1807 ut
2722 1754 2858 1808 alter
2904 1771 3020 1807 eum
3065 1769 3247 1805 cursus
3296 1761 3511 1805 venator
3553 1750 3694 1801 inve-

2104 1847 2238 1906 niat,
2279 1861 2497 1914 eumque
2545 1846 2723 1898 acrius
2772 1854 2821 1897 et
2855 1845 3140 1897 instantius
3177 1857 3510 1912 persequens,
3561 1856 3691 1892 eva-

2102 1933 2260 1987 dendi
2303 1935 2509 1988 aditum
2537 1934 2770 2003 jamjam
2804 1934 3078 2002 desperare
3128 1932 3422 2000 compellat,
3449 1932 3504 1982 in
3537 1939 3691 1983 arcte

2103 2029 2236 2083 situs
2277 2030 2332 2082 in
2373 2045 2429 2082 os
2463 2045 2516 2082 se
2545 2029 2807 2082 venatoris
2842 2029 2993 2097 erigit
3045 2027 3242 2096 sibique
3270 2025 3445 2078 deesse
3477 2024 3690 2085 virilia,

2100 2131 2311 2190 propter
2336 2137 2452 2191 qua:
2506 2133 2834 2191 perurgetur,
2884 2120 3130 2173 ostendit.
3172 2119 3261 2173 Sic
3314 2116 3376 2169 ab
3409 2117 3690 2169 insectan-

493 2209 608 2265 Ibid
640 2253 654 2278 ,
706 2212 806 2266 lin.
853 2214 921 2268 59
953 2233 965 2267 :
1002 2216 1186 2268 Ὅταν
1236 2214 1347 2285 γάρ
1401 2234 1608 2284 φασιν.
1670 2219 2001 2289 Epiphanius
2065 2223 2171 2276 ,tts
2202 2214 2454 2267 venabulo
2501 2212 2756 2265 liberatur
2781 2211 2906 2264 dum
2945 2209 3167 2263 ostendit
3190 2208 3288 2262 sibi
3333 2207 3512 2260 deesse
3547 2207 3690 2275 quod

420 2302 570 2358 dicto
601 2306 752 2359 IOt-o:
786 2307 896 2359 Kal.
933 2309 1025 2360 ὲάν
1049 2323 1133 2369 τις
1160 2309 1360 2377 νοσῇ,ή
1393 2307 1544 2371 νόσος
1563 2309 1656 2362 τοῦ
1691 2310 1999 2382 ἀνθρώπου,

419 2396 468 2447 εἰ
499 2394 645 2449 ἔστιν
671 2399 750 2460 εἰς
780 2397 1027 2461 θάνατον,
1061 2398 1393 2469 ἀποστρέφει
1443 2400 1550 2453 ἀπὸ
1592 2400 1686 2454 τοῦ
1719 2404 2000 2466 νοσοῦντος

417 2488 480 2540 τὸ
513 2486 801 2557 πρόσωπον
825 2488 987 2541 αὑτοῦ
1019 2491 1048 2542 6
1082 2489 1391 2560 χαραδριὸς,
1416 2492 1509 2546 ἐὰν
1543 2491 1650 2562 δὲή
1681 2493 1833 2556 νόσος
1864 2494 2000 2565 πρὸς

421 2577 567 2648 ζωήν
595 2581 762 2638 ἐστιν,
792 2579 1029 2643 ἀτενίζει
1053 2582 1144 2634 τὸν
1171 2582 1427 2635 νοσοῦντα
1452 2585 1480 2634 6
1509 2585 1818 2655 χαραδριὸς,
1846 2586 1938 2638 καὶ
1971 2588 2000 2638 6

418 2669 591 2722 νοσῶν
638 2670 730 2722 τὸν
779 2671 961 2724 αὐτόν.
1009 2671 1126 2726 Νοιι
1186 2673 1472 2728 dissimilia
1522 2676 1689 2729 refert
1720 2677 1996 2739 Albertus,

425 2772 617 2816 auctor
663 2777 968 2834 anonyutus
1013 2765 1217 2819 I’salm.
1243 2780 1518 2822 comment.
1551 2770 1744 2838 psalm.
1780 2785 1996 2835 Lxxxtv,

423 2869 605 2916 versu,
638 2852 772 2907 Deus
796 2865 852 2907 tu
873 2872 1149 2910 conversus
1174 2859 1458 2927 viviﬁcabis
1480 2878 1595 2924 nos,
1612 2873 1664 2915 et
1688 2861 1778 2914 alii
1810 2875 1996 2914 recen-

420 2947 608 3002 tiores.
667 2945 836 3018 Magis
885 2964 1177 3004 commune
1226 2958 1406 3006 tamen
1444 2961 1527 3007 est
1577 2953 1847 3006 charadrii
1881 2968 2000 3022 pro-

420 3045 665 3106 spectum
697 3039 847 3107 regio
879 3037 1068 3092 morbo
1117 3040 1492 3096 laborantibus
1530 3043 1998 3128 prodesseAZlia-
2025 3072 2068 3128 ο

423 3145 528 3183 nus
567 3129 660 3183 lib.
686 3144 820 3192 xvu,
857 3145 980 3199 cap.
1015 3131 1120 3183 l5:
1151 3130 1459 3204 Χαραδριοῦ
1499 3132 1554 3184 δὲ
1591 3127 1658 3202 ἦν
1691 3133 1799 3204 ἄρα
1829 3133 1998 3206 δῶρον

419 3218 594 3284 τοῦτο,
645 3219 704 3273 ὃν
735 3221 795 3274 οὐ
835 3221 911 3291 μὰ
945 3221 1042 3273 Διὰ
1074 3221 1358 3291 ἀτιμάζειν
1385 3223 1550 3290 ἄξιον.
1586 3226 1686 3278 Ἦν
1719 3226 1868 3294 γοῦν,
1898 3229 1999 3281 ὑπ-

417 3310 780 3382 αναπλησοεὶς
804 3313 862 3382 τὴ
899 3312 1058 3383 σῶμα
1084 3314 1294 3384 ἰκτέρου
1322 3332 1426 3380 τις,
1457 3314 1572 3371 εἶτά
1604 3319 1652 3370 οἱ
1693 3319 1856 3388 δριμὺ
1890 3322 2000 3373 ἐνο-

420 3402 557 3475 ρώῃ,
584 3405 612 3456 6
639 3403 694 3458 δὲ
726 3404 1044 3478 ἀντιϐλὲπῃ,
1079 3405 1172 3458 καὶ
1203 3407 1345 3476 μάλα
1371 3425 1428 3460 τε
1461 3409 1770 3480 ἁτρέπτωρ,
1808 3409 1996 3482 ὥσπερ

416 3489 509 3547 οὗν
549 3494 1034 3566 ἀντιθυμούμενος,
1061 3500 1094 3568 ἡ
1126 3497 1345 3568 τοιαύτη
1378 3498 1669 3570 ἀνάϐλεψις
1709 3503 1853 3554 ἰᾶται
1899 3501 1994 3554 τοῦ

419 3587 816 3658 προειρημένου
846 3586 1049 3645 πάθους
1077 3587 1167 3640 τὸν
1194 3587 1497 3660 ἄνθρωπον.

491 3675 652 3742 lbid.,
685 3677 781 3732 lin.
805 3679 895 3732 45.
941 3679 997 3730 Ὀ
1014 3677 1082 3729 δὲ
1101 3682 1441 3748 μονόκερως
1470 3680 1634 3741 ζῶον.
1661 3681 1856 3739 Petrus
1889 3683 1996 3739 Da-

419 3771 659 3836 mianus,
683 3773 775 3827 lib.
806 3790 868 3837 ll,
899 3790 984 3844 ep.
1019 3775 1116 3830 18:
1147 3776 1277 3842 Quis
1301 3775 1436 3830 hanc
1466 3777 1841 3846 ingenuitatem
1873 3781 1993 3833 uni-

419 3868 569 3918 corni
600 3865 842 3929 contulit,
879 3876 937 3920 ut
970 3866 1279 3937 dedignetur
1327 3867 1528 3920 viribus
1578 3870 1738 3934 vinci,
1771 3871 1990 3925 humili-

421 3955 549 4008 tatis
573 3965 686 4009 arte
719 3957 955 4024 patiatur
989 3974 1042 4011 se
1076 3959 1235 4028 facile
1267 3961 1552 4026 superari?
1589 3978 1858 4032 nunquam
1891 3967 1994 4017 sci-

420 4046 542 4100 licet
599 4064 632 4100 a
665 4049 996 4103 venatoribus
1047 4052 1277 4118 capitur,
1313 4053 1418 4106 nisi
1470 4054 1618 4121 prius
1675 4055 1728 4107 in
1776 4056 1990 4124 virginis

417 4140 613 4209 gremio
642 4141 944 4197 reclinetur.
967 4141 1252 4198 Cardanus
1277 4156 1626 4200 monocerota
1653 4161 1777 4200 cum
1808 4149 1991 4202 rhino-

419 4239 599 4286 cerote
639 4232 957 4289 confudisse
1002 4236 1421 4304 reprehenditur
1449 4252 1480 4292 ο
1516 4236 1662 4293 Julio
1687 4238 1984 4311 Sealigero,

419 4337 604 4380 exere.
639 4325 766 4379 205.
799 4324 902 4379 Alii
937 4341 1155 4397 orygem
1187 4335 1350 4397 atque
1400 4340 1802 4387 monocerotem
1843 4351 1991 4388 eum-

2100 2307 2374 2375 quwritur.
2435 2303 2669 2366 Plinius,
2730 2304 2823 2357 lib.
2862 2318 2979 2365 vrt,
3033 2318 3150 2370 cap.
3183 2301 3274 2363 δι),
3313 2299 3537 2351 Animal
3571 2300 3692 2352 lior-

2101 2397 2250 2452 rendi
2282 2416 2508 2462 morsus,
2555 2398 2768 2452 arbores
2793 2396 2962 2466 juxta
2989 2395 3289 2466 ﬂuminum
3316 2394 3468 2465 ῖέιτο
3501 2394 3686 2449 εῖΠέὲι.

2104 2489 2348 2546 Hominis
2401 2502 2552 2560 parte
2605 2492 2974 2559 comprehensa
3033 2508 3134 2544 non
3183 2501 3460 2559 antequam
3506 2490 3687 2556 fracta

2100 2589 2497 2651 concrepuerint
2528 2602 2674 2647 ossa,
2712 2601 2917 2638 morsus
2969 2584 3196 2639 resolvit.
3227 2582 3400 2652 Hujus
3447 2584 3502 2635 in
3556 2599 3685 2651 pm-

2101 2678 2410 2734 sternendis
2440 2679 2726 2732 arboribus
2753 2677 3028 2732 solertiam
3063 2685 3116 2730 et
3161 2691 3383 2744 scopum
3431 2675 3502 2729 ah
3551 2690 3684 2726 ocu-

2103 2770 2212 2822 lato
2247 2777 2384 2824 teste
2408 2769 2512 2824 sibi
2555 2769 2786 2822 relatum
2823 2767 2990 2821 tradit
3018 2768 3300 2822 Conradus
3325 2765 3685 2820 Rittbersbu-

2102 2862 2239 2923 sius,
2287 2861 2589 2915 Comment.
2620 2862 2670 2913 in
2703 2861 2797 2914 lib.
2844 2877 2857 2914 ι
2899 2861 3150 2914 Ἀλιευτ.
3181 2858 3432 2928 Oppiani.
3477 2856 3678 2910 Hiram

2099 2953 2388 3020 prtedi‘cant
2417 2969 2529 3006 esse
2561 2952 2719 3017 hujus
2751 2952 2984 3006 bestiola:
3011 2952 3305 3012 solertiam,
3337 2965 3442 3018 qua
3474 2950 3530 3001 in
3568 2964 3679 3016 pro-

2101 3043 2392 3098 sternendis
2439 3044 2718 3098 arboribus
2771 3054 2975 3099 utatur.
3017 3045 3233 3110 Quoties
3276 3041 3523 3095 dentibus
3573 3042 3716 3095 suis‘

2107 3135 2267 3187 ictum
2300 3135 2498 3203 inﬂixit
2551 3134 2747 3194 arbori,
2781 3136 2934 3188 toties
2977 3134 3039 3186 ob
3070 3133 3250 3187 eadem
3279 3135 3576 3202 procurrit,
3611 3136 3679 3186 vi-

2104 3239 2220 3276 sum
2250 3239 2317 3276 an
2352 3233 2517 3288 nutet,
2570 3241 2638 3276 an
2691 3225 2902 3277 ruinam
2946 3225 3194 3283 minetur,
3242 3240 3302 3276 ne
3335 3223 3471 3285 {orte
3507 3223 3576 3274 ab
3621 3240 3677 3275 ea

2103 3324 2465 3382 opprimatur;
2487 3313 2572 3367 ubi
2594 3315 2726 3368 nihil
2754 3314 2975 3384 periculi
2991 3331 3103 3368 esse
3125 3315 3280 3368 videt.
3303 3315 3492 3368 arbore
3510 3314 3680 3366 adhuc

2103 3405 2262 3472 ﬁrma
2301 3405 2515 3474 plagam
2561 3406 2762 3473 repetit,
2811 3405 2936 3457 dum
2992 3422 3054 3458 ea
3100 3405 3309 3458 tandem
3342 3404 3677 3470 prolabatur.

2103 3492 2212 3549 Cur
2248 3507 2423 3549 autem
2455 3496 2666 3550 arbores
2696 3496 2852 3550 credit
2883 3513 2944 3550 ac
2971 3498 3218 3565 proruit?
3257 3497 3510 3550 ninurum
3543 3496 3677 3553 ideo.

2101 3601 2158 3641 ut
2190 3589 2243 3642 in
2279 3606 2445 3660 aquas
2503 3589 2786 3658 prolapsw,
2829 3589 2973 3657 foliis
3007 3599 3055 3644 et
3094 3589 3256 3642 ramis
3280 3589 3407 3642 limo
3441 3589 3679 3641 obductis

2099 3682 2266 3750 pisces
2310 3681 2574 3744 alliciant,
2629 3699 2757 3751 quos
2800 3683 2976 3750 capiat
3009 3698 3070 3734 ac
3112 3680 3320 3734 devoret
3366 3680 3516 3746 ﬁber.
3557 3679 3683 3732 "ire

2101 3774 2302 3826 amicus
2331 3773 2546 3842 quidam
2569 3765 2964 3844 paternusfqui
2995 3773 3108 3837 eius
3139 3775 3211 3826 rei
3238 3773 3516 3841 αὐτόπτης
3557 3773 3677 3838 fuit,

2100 3864 2389 3935 aliquando
2440 3865 2567 3918 mihi
2624 3865 2826 3918 retulit.
2886 3863 3227 3920 Mansuetum
3285 3879 3410 3918 esse
3461 3873 3678 3919 castora

2099 3966 2290 4012 contra
2353 3957 2664 4013 Cardanum
2739 3966 2899 4028 negat
2967 3955 3228 4028 Scaliger,
3295 3973 3482 4012 exere.
3547 3957 3677 4020 ΞΗ,

2099 4065 2248 4102 num.
2283 4049 2335 4102 6.

2170 4139 2329 4203 lbid.,
2360 4142 2456 4195 lin.
2485 4141 2573 4196 52.
2618 4141 2971 4210 Χρησιμεύει
3009 4140 3078 4194 δὲ
3115 4141 3186 4194 τὰ
3215 4141 3433 4196 αἰδοῖα.
3473 4140 3673 4194 Eorum

2099 4233 2153 4286 in
2185 4232 2467 4287 medicinis
2495 4249 2650 4286 usum
2686 4232 2853 4286 habes
2881 4233 3025 4301 apud
3057 4231 3312 4297 Plinium,
3360 4233 3460 4288 lib.
3495 4248 3673 4295 xxxii,

2096 4323 2261 4393 capit.
2297 4323 2350 4388 5,
2383 4333 2437 4378 et
2465 4323 2604 4378 alios
2631 4322 2894 4377 medicos.

417 4412 540 4467 dem
576 4427 698 4469 esse
729 4415 974 4470 arbitrati
1015 4425 1161 4470 sunt.
1191 4415 1365 4486 Hujus
1400 4421 1740 4475 confusionis
1771 4421 1860 4475 illa
1895 4422 1994 4477 fuit

2168 4414 2330 4478 lbid.,
2382 4415 2479 4468 lin.
2529 4415 2616 4468 55.
2666 4416 3031 4482 Διωκόμενον
3074 4409 3202 4468 οὖν.
3243 4410 3297 4466 Si
3347 4411 3576 4482 quando
3621 4416 3672 4466 in

415 4505 590 4574 origo,
617 4505 760 4574 quod
795 4507 1052 4576 pleraque
1082 4507 1338 4560 animalia
1381 4509 1541 4563 unico
1577 4517 1787 4564 tantum
1819 4524 1992 4565 cornu

417 4593 827 4658 decorarentur,
872 4605 1033 4666 atque
1090 4608 1460 4653 armarentur.
1509 4599 1690 4665 Quare
1739 4604 1990 4656 nonnulli

417 4697 620 4757 septem
663 4689 978 4744 animalium
1021 4705 1218 4759 genera
1251 4692 1412 4745 unico
1442 4706 1613 4745 cornu
1660 4693 1993 4748 adnotarunt

417 4780 472 4833 in
507 4778 702 4832 Plinio.
727 4778 968 4848 Scaliger
998 4779 1116 4834 loco
1148 4780 1203 4835 d.
1230 4797 1295 4836 ex
1321 4782 1569 4851 corporis
1599 4783 1773 4838 forma
1807 4785 1990 4841 diver-

417 4871 698 4927 sissimum
726 4886 849 4926 esse
871 4871 1212 4927 rhinocerota
1230 4890 1258 4925 a
1273 4883 1618 4928 monocerote
1635 4855 1994 4932 demonstrat.

415 4963 624 5017 Plinius
657 4963 753 5024 ita,
782 4963 1062 5032 graphice,
1088 4964 1318 5027 lib.vm,
1345 4979 1466 5034 cap.
1498 4965 1562 5019 21
1591 4984 1603 5019 :
1627 4967 1990 5034 Asperrimam

415 5063 588 5108 autem
628 5053 800 5122 feram
822 5065 1204 5108 monocerotem
1230 5055 1430 5126 reliquo
1452 5073 1666 5125 corpore
1697 5075 1826 5128 equo
1850 5061 1992 5114 simi-

414 5147 536 5211 lem,
586 5149 754 5215 capite
808 5163 979 5210 cervo,
1019 5148 1234 5217 pedibus
1259 5149 1556 5218 elephanto,
1609 5151 1781 5205 cauda
1833 5168 1983 5220 apro,

413 5241 612 5310 mugitu
659 5242 828 5312 gravi,
856 5258 960 5296 uno
998 5259 1161 5296 cornu
1203 5245 1354 5312 nigro
1384 5242 1556 5309 media
1588 5243 1758 5312 fronte
1785 5244 1990 5297 cubito-

413 5347 528 5383 rum
563 5331 738 5386 decem
762 5333 1038 5387 eminente.
1067 5331 1218 5389 Hanc
1250 5335 1418 5403 feram
1440 5335 1606 5388 vivam
1639 5343 1825 5403 negant
1849 5336 1985 5404 capi.

415 5420 543 5477 Item
569 5423 810 5487 Solinus,
841 5439 961 5494 cap.
993 5424 1100 5490 55;
1135 5425 1538 5480 Vartomannus
1568 5441 1633 5480 ex
1669 5424 1945 5495 Scaligero
1971 5445 1983 5481 :

419 5513 768 5570 Unicornibus
827 5518 944 5586 equi
994 5516 1322 5585 magnitudo,
1378 5533 1556 5580 crura,
1603 5517 1778 5585 pedes,
1829 5527 1986 5588 caput

413 5607 678 5674 (ervi,pili
707 5607 853 5660 color
880 5607 1073 5671 balius,
1100 5610 1216 5676 equi
1237 5607 1371 5676 juba
1394 5609 1590 5672 rarior,
1623 5608 1824 5663 brevior
1843 5625 1987 5664 coxa:

413 5697 644 5764 villosa,
679 5706 785 5752 etc.
819 5697 990 5764 Quem
1041 5701 1275 5757 maxime
1315 5700 1533 5758 dill‘crre
1578 5701 1645 5757 ab
1677 5701 1779 5757 hoc
1821 5718 1984 5772 quem

2098 4507 2340 4575 periculo
2370 4514 2520 4570 sunt,
2571 4506 2990 4574 insequentibus
3025 4505 3252 4558 canibus
3297 4511 3350 4558 et
3391 4504 3670 4558 venatori-

2095 4601 2216 4661 bus,
2251 4614 2545 4669 praemorsa
2579 4598 2682 4653 sibi
2711 4613 2810 4653 sua
2843 4598 3098 4668 genitalia
3125 4598 3383 4667 abjicere,
3403 4607 3575 4667 atque
3602 4599 3669 4650 ita

2093 4691 2343 4756 evadere,
2377 4706 2407 4744 a
2454 4689 2702 4760 pluribus
2751 4689 3111 4759 scriptoribus
3164 4689 3444 4744 memoria:
3488 4691 3671 4759 prodi-

2094 4789 2208 4835 tum
2239 4789 2343 4844 est,
2383 4796 2550 4851 seque
2588 4796 2651 4836 ea
2684 4789 2838 4851 parte
2865 4782 3113 4850 corporis
3147 4780 3414 4835 redimere
3447 4793 3670 4851 prepter

2092 4887 2256 4942 quam
2305 4873 2543 4926 maxime
2571 4879 2923 4941 expetuntur.
2961 4870 3140 4927 Herus
3172 4873 3263 4926 lib.
3304 4888 3364 4938 ll,
3399 4887 3528 4942 cap.
3563 4871 3664 4926 65:

2105 4965 2342 5025 Ἐκεῖνος
2394 4961 2501 5032 γὰρ
2549 4962 3017 5033 καταδιωκόμενος
3061 4963 3138 5026 εἰς
3194 4962 3290 5032 τὴν
3334 4962 3516 5031 ἄγραν
3548 4964 3668 5025 reb;

2094 5055 2254 5118 ἰδίους
2299 5053 2553 5124 διδύμους
2599 5053 2862 5107 ἀποσπῶν
2910 5054 3108 5124 ῥίπτει.
3155 5053 3364 5108 Plinius
3405 5054 3505 5108 lib.
3547 5070 3666 5116 vnn,

2090 5163 2215 5215 cap.
2255 5147 2325 5200 50
2356 5163 2368 5198 :
2404 5144 2631 5199 Easdem
2665 5155 2842 5215 partes
2881 5145 2982 5200 sibi
3019 5147 3120 5214 ipsi
3151 5144 3665 5214 Ponticiamputant

2089 5241 2210 5309 ﬁbri
2237 5238 2466 5308 periculo
2491 5249 2724 5310 urgente,
2769 5239 2832 5293 ob
2860 5237 2957 5292 hoc
2996 5255 3052 5292 se
3079 5239 3183 5308 peti
3210 5239 3384 5308 gnari.
3429 5238 3664 5296 Juvena-

2090 5332 2176 5395 lis,
2211 5331 2326 5386 Sat.
2359 5331 2446 5397 12,

2645 5442 2897 5497 Imitatus
2926 5453 3159 5509 castora,
3188 5443 3277 5510 qui
3303 5460 3359 5497 se

2090 5514 2400 5568 Eunuchum
2438 5515 2547 5583 ipse
2575 5515 2704 5582 facit
2731 5517 2940 5581 cupiens
2966 5516 3179 5567 evadere
3197 5514 3414 5577 damno,

2093 5586 2480 5639 Testiculorum
2509 5586 2638 5638 adeo
2670 5585 2979 5638 meditatum
3013 5584 3254 5653 intelligit
3292 5587 3525 5654 inguem.

2088 5699 2413 5757 Ammianus
2438 5699 2791 5758 Marcellinus
2817 5699 2915 5757 lib.
2943 5715 3056 5757 xvu
3083 5717 3099 5770 ;
3145 5697 3396 5758 Elianus
3427 5701 3506 5760 De
3536 5700 3650 5760 tisi.
