3810 6168
114 302 219 360 957

1127 299 1193 354 IN
1230 295 1602 356 EUSTATHII
1642 294 2120 356 HEXAEMEHON
2156 301 2387 358 NOTAE.

3251 271 3374 360 958'

111 421 277 472 anim.
320 414 415 472 lib.
439 434 512 481 vl,
549 431 669 487 cap.
693 417 795 483 34;
830 415 1073 479 Solinus,
1102 417 1266 486 capit.
1293 415 1384 479 23,
1411 415 1505 485 qni
1535 414 1679 468 idem
1708 416 1755 472 Α
1782 412 1878 467 lib.
1919 431 2016 469 vnl
2035 455 2048 480 ,
2074 431 2195 488 cap.
2235 419 2342 475 30:
2370 421 2555 490 Africa
2578 426 2848 480 asinorum
2887 423 3202 478 silvestrium
3222 420 3358 474 mut.

110 510 277 575 capit.
329 508 400 562 28
453 508 522 563 de
575 507 878 577 elephantis
932 507 1164 573 scribit;
1223 506 1503 570 Alciatus,
1567 519 1684 560 em-

111 601 275 656 blem.
311 599 448 654 152:

112 691 184 746 Et
215 691 430 756 pedibus
463 691 655 761 segnis,
683 691 884 744 tumida
911 701 958 746 et
1007 691 1362 760 propendulus
1392 689 1509 746 alvo

184 765 312 815 Harc
340 771 510 815 tamen
540 761 762 815 insidias
791 763 972 830 effugit
1005 774 1117 815 arte
1149 763 1296 829 fiber.
1545 763 1558 780 '

113 831 389 886 Mordicus
422 835 528 899 ipse
557 832 656 885 sibi
699 833 960 886 medicata
993 832 1168 886 virilia
1200 832 1365 896 vellit,

187 904 354 971 Atque
374 902 590 972 rabjirit.
614 919 730 972 sese
757 920 954 972 gnarus
985 903 1045 954 ob
1078 902 1172 954 illa
1211 903 1332 972 peti.

113 972 294 1036 Hujus
327 971 390 1023 ab
417 971 650 1039 exemplo
679 971 848 1026 disces
886 989 989 1026 non
1017 987 1228 1039 parcere
1259 971 1434 1033 rebus,

183 1041 254 1095 Et
284 1043 448 1096 uitam
477 1052 534 1094 ut
565 1043 816 1107 redimas,
856 1043 1091 1097 hostibus
1123 1059 1234 1097 wra
1267 1042 1416 1094 dare.

109 1149 177 1204 Et
211 1153 396 1222 plures
419 1152 529 1206 alii.
559 1151 696 1206 Hinc
719 1160 773 1208 et
799 1152 978 1207 fabula
1005 1151 1286 1222 IESOpica,
1317 1158 1372 1206 et
1399 1148 1681 1220 Apuleius,

108 1244 207 1297 lib.
249 1260 266 1298 ι
315 1245 498 1309 Asini,
549 1243 868 1299 Thessalam
915 1245 1206 1299 veneficam
1241 1243 1434 1299 scribit
1475 1249 1685 1295 amato-

105 1350 226 1390 rem
257 1351 437 1400 suum,
473 1335 728 1406 quoniam
757 1337 983 1391 alterius
1021 1337 1264 1391 mulieris
1293 1335 1686 1390 consuetudine

105 1442 247 1482 usus
278 1428 510 1493 fuisset,
553 1427 609 1481 in
659 1436 928 1483 castorem
981 1437 1239 1492 mutasse,
1277 1435 1335 1480 ut
1381 1433 1684 1496 amputaret

106 1517 215 1572 sibi
249 1517 528 1588 genitalia,
565 1517 612 1573 si
650 1517 873 1588 quando
903 1525 1194 1572 venatores
1238 1517 1678 1586 insequerentur.

103 1608 294 1678 Longe
322 1617 505 1664 tamen
537 1609 640 1664 alia
666 1622 752 1665 est
777 1609 1049 1664 sententia
1096 1608 1264 1664 Sextii
1312 1607 1505 1663 medici
1538 1607 1681 1677 apud

103 1700 370 1765 Plinium,
405 1702 496 1756 lib.
542 1717 699 1765 χχιιι,
730 1716 850 1771 cap.
889 1702 962 1756 δε
999 1701 1313 1766 Spectabilis
1356 1713 1561 1755 natura:
1587 1715 1682 1768 po-

101 1793 272 1846 tentia
304 1795 357 1845 in
389 1792 468 1846 his
500 1810 720 1862 quoque,
753 1794 940 1863 quibus
969 1802 1018 1847 et
1057 1794 1112 1846 in
1157 1795 1331 1854 terris,
1370 1801 1418 1846 et
1458 1793 1512 1845 in
1543 1807 1680 1861 aqua

98 1885 274 1939 uictus
314 1892 414 1948 est,
458 1885 596 1939 sicut
632 1893 680 1939 et
729 1886 899 1955 fibris,
936 1901 1062 1954 quos
1097 1895 1336 1938 castoras
1383 1891 1588 1945 vocant,
1631 1889 1681 1935 et

96 1987 350 2031 castorea
383 1987 534 2031 testes
577 1993 778 2031 eorum.
807 1977 1090 2046 Amputari
1132 1977 1224 2030 hos
1271 1976 1335 2029 ab
1382 1976 1531 2044 ipsis,
1561 1990 1679 2027 cum

94 2071 408 2138 capiantur,
441 2080 593 2141 negat
643 2069 854 2125 Sextius
901 2069 1342 2139 diligentissimus
1385 2067 1677 2120 medicinae.

96 2162 356 2227 Quinimo
392 2177 579 2228 parvos
607 2177 739 2223 esse,
789 2160 1220 2230 substrictosque,
1259 2171 1307 2213 et
1342 2159 1674 2212 adluerentes

92 2251 291 2320 spinte,
316 2269 481 2320 neque
496 2253 658 2305 adimi
687 2253 800 2305 sine
831 2252 939 2305 vita
971 2252 1219 2306 animalis
1245 2265 1416 2318 posse.
1453 2249 1680 2318 Negavit

93 2343 250 2398 idem
301 2341 666 2407 Dioscorides,
712 2344 804 2398 lib.
856 2359 914 2410 ιι,
951 2359 1072 2413 cap.
1117 2343 1208 2406 99,
1257 2351 1311 2398 et
1351 2340 1679 2398 Franciscus

94 2429 398 2495 Vallesius,
431 2432 506 2488 De
534 2449 690 2487 sacra
724 2433 1018 2504 philosoph.
1047 2448 1166 2503 cap.
1202 2435 1255 2488 5.

171 2529 339 2594 lbid.,
373 2529 465 2584 lin.
499 2530 589 2584 55.
623 2529 1084 2583 Ἐπιδιωκόντων
1127 2529 1195 2582 δὲ
1235 2529 1460 2583 ἄλλων.
1501 2527 1673 2582 Elia-

92 2634 209 2676 nus
239 2618 318 2673 De
343 2619 464 2675 hist.
495 2620 660 2675 anim.
692 2621 818 2675 libr.
842 2638 919 2686 νι,
953 2635 1074 2690 cap.
1103 2621 1207 2675 διε
1235 2620 1362 2673 Ἐὰν
1394 2620 1450 2673 δὲ
1555 2619 1680 2691 πρό-

88 2728 260 2782 τερον
295 2711 540 2782 ἐκτεμὼν
589 2713 684 2764 καὶ
720 2711 932 2776 σωθεὶς,
969 2707 1088 2764 εἶτα
1117 2710 1276 2764 πάλιν
1316 2711 1610 2781 διώκηται·
1650 2711 1679 2762 ὁ

89 2806 152 2860 δὲ
203 2804 512 2874 ἀναστήσας
547 2803 758 2865 ἑαυτὸν,
803 2803 896 2856 καὶ
929 2803 1218 2869 ἐπιδείξας,
1251 2804 1332 2856 ὅτι
1368 2804 1466 2874 τῆς
1501 2803 1679 2856 αὐτῶν

94 2894 344 2965 σπουδῆς
366 2895 466 2948 οὐκ
491 2895 602 2966 ἔχει
623 2895 722 2966 τὴν
751 2893 1010 2948 ὑπόθεσιν
1038 2895 1132 2948 τοῦ
1166 2895 1472 2966 περαιτέρω
1501 2896 1680 2965 καμά-

89 3002 222 3051 του,
260 2985 534 3058 παρέλυσε
581 2988 706 3051 τοὺς
754 2985 1028 3059 θηρατάςο
1076 2981 1238 3056 ἦττον
1287 2985 1396 3056 γὰρ
1447 2985 1524 3039 ἔτι
1569 2987 1678 3040 τῶν

1785 508 2060 563 titudinem
2094 509 2288 578 fundit.
2322 513 2500 570 Mares
2523 519 2575 570 in
2607 534 2666 571 eo
2697 533 2878 588 genere
2900 515 3092 585 singuli
3125 514 3352 583 femina-

1783 614 1901 652 rum
1922 601 2158 670 gregibus
2187 605 2509 672 imperitant.
2539 608 2820 679 Oppianus
2848 613 3073 676 Κυνητ.
3101 622 3155 660 Ill
3180 623 3194 672 ;
3227 605 3354 674 All"

1787 692 2006 748 mianus
2038 696 2402 761 Marcellinus,
2427 703 2520 755 lib.
2550 719 2717 759 xxiv:
2751 703 3033 758 Asinorum
3069 699 3351 770 agrestium

1783 786 2068 843 multitudo
2108 792 2161 844 in
2197 793 2453 847 tractibus
2479 793 2746 850 Parthicis
2779 805 2854 848 est
2893 796 3186 848 innumera.
3228 790 3350 846 Ideo

1670 949 1675 954 ν
1781 879 1945 932 simul
1963 880 2228 943 incedens,
2255 893 2312 936 ut
2337 887 2713 955 constipatione
2734 886 2897 940 densa
2921 885 3117 955 feroces
3145 882 3352 937 leonum

1783 967 2072 1036 frustretur
2099 973 2357 1026 assultus.

1855 1059 1990 1116 Ibid.
2049 1063 2158 1117 Kal
2194 1064 2313 1118 τῶν
2348 1065 2697 1136 γενομένων.
2727 1065 2956 1127 Plinius,
2984 1064 3220 1120 ibidem:
3259 1061 3352 1116 Ti-

1782 1161 1925 1204 ment
1963 1150 2202 1208 libidinis
2233 1154 2468 1217 temulos,
2513 1165 2562 1210 et
2599 1154 2714 1210 ideo
2749 1155 2996 1227 gravidas
3023 1151 3345 1216 custodiunt,

1783 1259 2064 1313 morsuque
2084 1256 2239 1299 natos
2268 1261 2441 1300 mares
2464 1256 2724 1310 castraut,
2757 1257 2942 1301 contra
2963 1245 3194 1317 gravida:
3216 1246 3350 1298 late-

1785 1335 1907 1389 bras
1940 1345 2141 1404 petunt,
2167 1347 2219 1392 et
2258 1354 2442 1405 parere
2478 1339 2622 1406 furto
2656 1341 2891 1408 cupiunt,
2918 1339 3241 1408 gaudentque
3261 1352 3350 1390 co-

1780 1425 1870 1492 pia
1899 1425 2156 1480 libidinis.
2192 1426 2470 1496 Oppianus
2496 1427 2628 1482 ibid.
2656 1427 3032 1491 disertissime,
3056 1443 3213 1496 quem
3239 1442 3350 1480 om-

1782 1517 1913 1570 nino
1938 1517 2188 1585 consule;
2209 1518 2467 1584 lsidorus,
2488 1517 2526 1573 l.
2563 1533 2662 1582 xu,
2687 1534 2811 1588 cap.
2845 1519 2897 1584 l;
2929 1516 3095 1572 Olaus
3127 1516 3348 1584 Magnus

1781 1607 2066 1663 confundit
2094 1610 2234 1664 male
2254 1625 2489 1680 onagros
2516 1625 2637 1665 cum
2671 1610 2898 1664 alcibns.
2925 1609 3016 1664 Est
3063 1617 3114 1663 et
3138 1622 3341 1661 memo-

1781 1702 1877 1754 riae
1900 1715 2010 1754 non
2040 1701 2318 1770 indignum
2345 1701 2489 1769 quod
2511 1699 2662 1756 Phile
2689 1701 2744 1754 in
2775 1699 2998 1764 lambis,
3029 1707 3082 1754 et
3107 1699 3349 1752 Ammia-

1784 1808 1890 1847 nus
1919 1789 2268 1847 Marcellinus
2298 1793 2335 1845 l.
2381 1807 2540 1854 xxiii,
2567 1793 2634 1846 de
2659 1792 2768 1847 illis
2796 1791 3022 1847 scribit:
3059 1792 3228 1851 Asini,
3262 1793 3348 1844 in-

1782 1885 1920 1954 quit,
1955 1884 2057 1952 feri
2077 1900 2196 1937 cum
2219 1885 2488 1938 venatibus
2513 1885 2788 1954 agitantur
2816 1886 2892 1937 ita
2914 1885 3115 1938 eminus
3149 1882 3348 1949 lapides

1780 1987 1898 2046 post
1926 1986 2072 2048 terga
2112 1977 2442 2031 calcitrando
2464 1978 2731 2040 emittunt,
2762 1986 2818 2029 ut
2849 1975 3108 2044 perforent
3141 1984 3350 2043 pectora

1789 2069 2134 2137 sequentium,
2171 2077 2264 2120 aut
2295 2068 2582 2138 perforatis
2631 2067 2836 2121 ossibus
2869 2067 3046 2136 capita
3085 2067 3202 2134 ipsa
3239 2065 3350 2118 dis-

1779 2158 2018 2229 plodant.
2076 2157 2262 2230 Neque
2315 2159 2448 2214 illud
2503 2160 2694 2216 silebo.
2757 2158 3056 2230 Oppianus,
3117 2159 3238 2214 loco
3289 2158 3346 2212 d.

1779 2267 2108 2323 onagrorum
2133 2267 2328 2308 carnes
2370 2267 2493 2308 esse
2533 2252 2736 2306 bonum
2759 2250 3015 2322 pabulum
3051 2249 3181 2306 feris
3213 2249 3346 2304 scri-

1779 2343 1884 2400 bit:

1791 2435 1942 2490 Ἀλλ’
1963 2437 2142 2502 αὐτὸς
2164 2435 2469 2508 κρατεροῖς
2488 2436 2679 2506 ἀγαθὴ
2700 2437 2884 2501 ,Βόσις
2903 2435 3119 2488 ἔπλετο
3147 2432 3345 2503 θηρσί.

1777 2526 1844 2580 Et
1884 2529 2154 2582 consentit
2183 2527 2504 2597 Xenophon,
2560 2529 2593 2581 Ι.
2641 2543 2659 2581 ι
2702 2528 2895 2582 Ἀναϐ.
2941 2526 3112 2592 Klio,
3147 2532 3201 2578 et
3239 2523 3348 2578 Pli-

1777 2620 1924 2674 nius.
1971 2618 2223 2676 Aﬂlianus
2270 2620 2364 2674 lib.
2411 2636 2443 2672 ν
2489 2619 2566 2674 De
2595 2619 2717 2672 hist.
2765 2619 2952 2680 anim.,
2995 2632 3179 2672 eorum
3223 2615 3350 2669 car—

1777 2726 1900 2765 nem
1932 2725 2170 2765 amaram
2197 2728 2317 2770 esse
2341 2711 2552 2773 scribit,
2584 2720 2638 2766 et
2660 2709 2812 2765 Phile
2845 2711 2902 2764 in
2946 2708 3168 2773 lambis,
3197 2703 3257 2762 οὗ
3288 2707 3350 2761 τὸ

1779 2803 1946 2875 κρέας
1971 2805 2019 2856 τ’
2046 2803 2288 2874 ἄϐρωτον
2314 2803 2372 2869 ἐξ
2397 2803 2605 2874 ἀηδίας.

1847 2893 2010 2954 lbid..
2039 2895 2134 2948 lin.
2162 2895 2247 2950 10.
2290 2895 2342 2945 '0
2385 2893 2455 2948 δὲ
2497 2894 2695 2964 ἐχῖνος
2737 2894 2818 2960 ὡς
2857 2891 3101 2962 σφαῖρα.
3144 2889 3348 2946 Horum

1777 2986 1886 3041 duo
1915 3001 2111 3056 genera
2143 2984 2271 3040 facit
2300 2983 2578 3057 Oppianus
2608 2989 2830 3056 Κυνηγ.
2863 2985 2956 3038 lib.
2990 3000 3024 3039 ιι
3052 3002 3066 3040 :

91 3078 284 3150 κρεῶν
315 3080 543 3144 ἐκείνοις
578 3079 795 3151 φροντίς
833 3081 969 3132 ἐστι.
1013 3078 1280 3140 Πολλάκις
1316 3078 1372 3131 δὲ
1412 3078 1505 3131 καὶ
1531 3077 1675 3168 ἔνορέ
1706 3107 1751 3166 C
1777 3101 1897 3152 οὐκ
1931 3097 2074 3166 ἐρέω
2105 3098 2360 3168 κρυερὸν
2401 3099 2576 3168 γένος
2607 3100 2966 3168 ὀκρυόεντος
3001 3097 3210 3165 ἐχίνου

91 3191 185 3245 χοι
220 3171 391 3236 ὄντες,
419 3171 494 3234 ὡς
531 3170 866 3242 πορρωτάτω
899 3170 1124 3231 ἑαυτοὺς
1155 3169 1572 3232 ἀποσπάσαντες
1599 3167 1677 3240 τῷ
1783 3169 2079 3245 Μείζονοις,
2117 3167 2462 3245 (auersum.
2485 3170 2593 3238 γὰρ
2614 3169 2838 3245 ἐχίνοις
2863 3169 3252 3245 ὀξυκόμοισιν

88 3264 310 3335 δρόμῳ,
346 3259 462 3316 εἶτα
491 3262 905 3324 ὑποστείλαντες
931 3261 994 3314 τὸ
1025 3260 1675 3336 σπουδαζόμενονημέρος,

89 3358 249 3410 πάνυ
297 3355 474 3423 σοφῶς
523 3355 617 3407 καὶ
683 3352 1007 3424 πανούργως
1048 3351 1417 3423 ἐξηπάτησαν,
1467 3353 1541 3416 ὡς
1580 3353 1679 3406 οὐκ

89 3448 324 3517 ἐχοντες
347 3446 382 3499 ἃ
407 3445 709 3516 κρύψαντες
735 3445 967 3514 ἔχουσιν.
1000 3443 1098 3498 Hic
1127 3444 1304 3498 obiter
1339 3443 1679 3498 animadver-

91 3538 334 3593 tendum
377 3554 406 3591 a
438 3538 716 3608 Scaligero
740 3537 1049 3592 Cardanum
1078 3535 1402 3606 reprehendi
1432 3535 1574 3604 quod
1612 3534 1672 3588 ll-

92 3630 189 3684 bri
233 3637 403 3683 testes
455 3644 578 3682 cum
632 3629 858 3684 moscho
909 3636 1112 3682 temere
1161 3627 1492 3691 confuderit,
1523 3628 1680 3682 dece—

91 3732 258 3793 ptum
320 3737 386 3776 ex
421 3721 558 3774 mala
605 3721 1048 3790 interpretatione
1080 3718 1436 3772 V'artomanni
1495 3733 1674 3774 exere.

89 3814 232 3876 2H,
266 3828 420 3866 num.
448 3812 502 3874 6,
527 3820 580 3866 et
602 3827 784 3866 exere.
814 3813 939 3870 210.
975 3827 1126 3866 num.
1160 3811 1212 3866 5.
1247 3809 1495 3866 Errorem
1527 3818 1680 3865 notat

91 3905 394 3960 Varronis.
430 3905 520 3974 qui
569 3903 784 3969 librum,
817 3905 1014 3959 lutram
1061 3904 1146 3959 vel
1182 3903 1466 3974 enhydrim
1507 3918 1677 3956 unum

92 4002 300 4058 fecerit
339 4016 460 4070 qua:
485 4008 540 4055 et
577 3999 747 4058 Olaus
786 4001 1013 4073 Magnus
1047 4010 1195 4057 recte
1233 4001 1546 4071 distinguit,
1580 4000 1675 4055 lib.

90 4109 264 4157 xvm,
310 4101 363 4146 et
398 4093 510 4146 alii.

169 4185 298 4241 Col.
329 4185 452 4250 745,
481 4186 578 4240 lin.
614 4185 664 4240 l.
706 4185 759 4237 '0
796 4182 865 4237 δὲ
890 4183 1343 4253 μυρμηκολέων.
1378 4183 1678 4254 Myrmece-

90 4282 282 4338 leonis
308 4287 513 4334 natura:
540 4277 952 4333 fundamentum
985 4277 1193 4346 absque
1217 4277 1382 4331 dubio
1414 4284 1498 4332 est
1533 4275 1679 4346 quod

91 4375 305 4443 legitur
352 4372 493 4440 apud
536 4369 658 4435 Job,
700 4385 820 4440 cap.
869 4386 943 4434 Iv,
997 4385 1140 4424 vers.
1197 4370 1291 4431 ll,’
1330 4367 1679 4439 Myrmecoleo

88 4457 260 4527 periit
289 4471 348 4508 eo
373 4455 510 4524 quod
539 4472 640 4508 non
673 4455 881 4509 haberet
903 4454 1160 4522 praedam.
1199 4453 1374 4522 Hujus
1405 4454 1507 4506 loci
1538 4454 1680 4522 opti-
1713 4461 1758 4517 Ι)

91 4564 248 4604 mam
280 4546 694 4615 explicationem
724 4545 892 4602 habes
916 4544 1059 4615 apud
1089 4545 1342 4598 Photium
1375 4560 1441 4598 ex
1473 4542 1686 4614 Eulogii

91 4637 458 4696 Alexandrini
488 4637 611 4692 libr.
645 4653 717 4700 Iv,
749 4647 942 4691 contra
965 4637 1317 4692 Novatianos.
1348 4635 1420 4691 De
1445 4637 1530 4692 his
1551 4636 1689 4706 Aga-

94 4727 461 4786 tharchides:
493 4727 614 4781 Τῶν
644 4728 700 4780 δὲ
724 4727 1070 4799 καλουμένων
1113 4727 1602 4798 μυρμηκολεόντων
1635 4727 1685 4780 οἱ

97 4823 208 4895 μὲν
241 4818 484 4873 πλεῖστοι
506 4819 646 4872 κατὰ
671 4819 770 4890 τὴν
799 4821 940 4872 ἰδέαν
961 4819 1066 4872 τῶν
1087 4818 1286 4871 λοιπῶν
1306 4818 1459 4874 οὐδὲν
1478 4818 1686 4889 παραλο

91 4913 378 4974 λάττουσι,
420 4912 518 4982 τὴν
555 4910 611 4963 δὲ
642 4909 750 4963 τῶν
775 4909 988 4963 αἰδοίων
1023 4907 1183 4976 φύσιν
1220 4907 1684 4980 ἀπεστραμμένην

92 5007 325 5076 ἔχουσιν
357 5002 605 5056 ἐναντίαν
631 5004 742 5066 τοῖς
778 5001 977 5066 ἄλλοις.
1011 5002 1117 5056 Alii
1155 5001 1367 5066 dicunt,
1399 5016 1525 5056 esse
1568 4999 1684 5054 exi—

87 5107 272 5166 gnum
300 5091 686 5145 animalculum
722 5090 964 5150 formicis
988 5090 1297 5153 adversum,
1329 5089 1472 5158 quod
1497 5105 1555 5143 se
1581 5089 1685 5144 sub

93 5185 334 5258 pulvere
369 5183 680 5246 abscondit,
711 5193 765 5239 et
807 5184 1064 5239 formicas
1099 5184 1369 5238 frumenta
1403 5190 1682 5254 gestantes

91 5273 391 5338 interficit,
425 5273 744 5329 interiectas
793 5275 1092 5331 consumit.
1140 5274 1342 5344 Sicque
1387 5284 1680 5329 vocatum:

90 5383 232 5425 nam
268 5365 727 5436 quemadmodum
761 5366 848 5421 leo
881 5367 1297 5422 imbecilliorum
1339 5367 1678 5430 animalium,

90 5464 176 5519 ita
240 5461 348 5514 hoc
395 5460 783 5513 animalculum
841 5459 1192 5513 formicarum
1246 5460 1482 5528 praedam
1528 5459 1677 5528 agit:

90 5568 233 5610 cum
271 5558 454 5606 tamen
502 5550 821 5606 volucribus
862 5550 999 5606 nihil
1045 5549 1193 5606 aliud
1241 5553 1314 5607 sit
1358 5567 1522 5622 quam
1567 5551 1679 5604 for-

90 5644 274 5702 mica.

173 5729 342 5799 lbid.,
375 5730 474 5786 lin.
506 5729 559 5786 8.
593 5730 646 5784 '0
677 5730 746 5785 es
781 5731 1032 5802 ὄναγρος
1057 5731 1412 5802 ἁγελάρχης.
1443 5729 1674 5801 Plinius,

1796 3238 2094 3308 Ἀργαλέαι
2118 3238 2338 3307 μορφαί
2356 3242 2391 3307 ·)
2411 3241 2662 3308 κρυερόν
2687 3256 2751 3291 τε
2779 3238 3132 3306 περίδρομον
3155 3238 3348 3306 ἕρκος.

1787 3312 1849 3362 Ol
1877 3309 1994 3377 μὲν
2018 3310 2128 3377 γὰρ
2147 3310 2313 3372 βίιιοί
2338 3326 2400 3362 τε
2425 3309 2521 3362 καὶ
2553 3308 2847 3362 cunam-oi
2876 3308 3243 3370 τελέθουσιν,

1789 3382 1831 3432 Τ
1829 3377 2086 3444 υτθῇσιν
2112 3379 2475 3447 φρίσσοντες
2497 3379 2593 3431 ἐπὶ
2630 3377 3002 3447 προδολῇσιν
3028 3377 3316 3444 ἀκάνθαις
3333 3397 3347 3412 ·

1787 3452 1851 3502 Ol
1881 3449 1932 3502 δ’
1961 3449 2076 3517 ἄρα
2105 3446 2202 3505 καὶ
2223 3448 2453 3519 μεγέθει
2489 3448 2646 3511 πολὺ
2667 3446 2951 3517 μείζονες,
2987 3447 3080 3516 ἠδ’
3119 3447 3352 3519 ἑκάτερ-

1795 3587 1957 3650 Ὀξέα
1985 3588 2349 3658 πεφρίκασιν
2371 3586 2781 3657 ἀρειοτέρῃσιν
2805 3587 3082 3652 ἀκωκαῖς.
3137 3516 3278 3588 [θεν

1855 3699 2014 3763 lbid.,
2045 3702 2142 3758 lin.
2171 3701 2256 3756 12.
2305 3704 2621 3771 Πορεύεται
2648 3702 2796 3774 γοῦν
2841 3703 2938 3757 ἐπὶ
2985 3704 3110 3756 τόν.
3149 3702 3348 3758 Eadem

1783 3791 1947 3848 habet
1981 3792 2175 3849 Petrus
2205 3793 2518 3860 Damianus,
2561 3795 2600 3849 l.
2635 3809 2697 3861 ιι,
2723 3809 2808 3865 ep.
2845 3795 2929 3850 l8.
2959 3793 3163 3851 Versus
3206 3795 3350 3849 anti-
3421 3854 3427 3863 ,

1782 3884 1874 3954 qui
1906 3884 1982 3938 illi
2008 3900 2116 3940 non
2158 3885 2512 3956 inelegantes,

1782 3999 2125 4066 Κώμαυλος,
2165 3999 2276 4068 τὸν
2318 3998 2522 4068 ἐχῖνον
2565 3997 2709 4053 ἰδὼν
2747 3999 2844 4052 ἐπὶ
2892 3997 3050 4052 νῶτα
3097 3998 3353 4068 φέροντα

1865 4067 2090 4138 Ῥᾶγας,
2117 4067 2462 4124 ἀπέκτεινεν
2487 4068 2566 4136 τῷ
2589 4068 2642 4122 δ’
2672 4069 2770 4123 ἐπὶ
2802 4070 3146 4136 θειλοπέδῳ.

1783 4182 1851 4237 Ει
1882 4183 1972 4237 ille
1991 4221 2007 4243 ,

1795 4297 2160 4366 Ῥαγολόγων
2186 4293 2496 4364 γλυκερῶν
2525 4295 2771 4366 σίντορα
2799 4295 3144 4362 θειλοπέδῳ.

1785 4410 1895 4466 Nec
1922 4411 2168 4467 absimile
2191 4412 2322 4466 illud
2351 4410 2532 4466 Philes
2556 4411 2610 4464 in
2643 4409 2864 4474 lambis,

1938 4521 2162 4591 Ἐχῖνος
2197 4522 2266 4574 ἐκ
2293 4519 2402 4591 τῆς
2433 4516 2541 4574 οἷδ’
2565 4521 2883 4575 ἀκάνθαισι
2907 4521 3114 4588 ,ϐρύων

1923 4593 2029 4646 Καὶ
2064 4589 2205 4658 τῇσι
2228 4589 2499 4660 πρασιαῖς
2529 4591 2964 4645 ἐκκυλινδεῖται
2997 4592 3213 4659 κρύφα,

1924 4659 2033 4714 Kal
2066 4662 2172 4726 τὰς
2197 4659 2424 4715 mam
2446 4662 2811 4730 ἐμπαρείσας
2841 4661 3096 4730 ἰσχάδας

1923 4733 2027 4796 Εἰς
2054 4731 2193 4796 τοὺς
2215 4732 2430 4784 ἑαυτοῦ
2462 4732 2730 4800 φωλεοὺς
2758 4732 3153 4797 θησαυρίσας,

1927 4803 2046 4854 Οὐκ
2079 4801 2183 4870 ἔχε
2214 4801 2390 4870 λιμοῦ
2423 4802 2741 4870 συμφορὰν
2768 4802 3059 4871 ὀλεθρίου.

1852 4911 2010 4976 lbid.,
2039 4911 2134 4968 lin.
2171 4913 2256 4966 16.
2303 4912 2564 4980 Δολερὸν
2602 4913 2640 4981 ἡ
2683 4911 2954 4980 ἀλώπηξ.
3003 4912 3169 4968 Multa
3200 4905 3357 4969 'sane

1783 5012 1935 5066 sunt,
1965 5018 2087 5072 qum
2124 5004 2340 5073 vulpem
2373 5003 2618 5058 fallacem
2668 5012 2721 5058 et
2752 5003 3052 5073 improbam
3081 5021 3201 5060 esse
3225 5023 3352 5059 con-

1781 5093 2027 5154 vincunt,
2058 5092 2260 5161 quibus
2287 5100 2342 5146 et
2372 5093 2718 5160 semetipsum
2751 5091 2820 5144 ab
2856 5089 3092 5144 hostium
3138 5091 3354 5148 insidiis

1781 5192 1986 5249 tuetur,
2037 5192 2091 5239 et
2134 5184 2243 5239 illis
2278 5198 2489 5244 necem,
2536 5182 2638 5237 sibi
2689 5182 2871 5236 cibum
2930 5191 2984 5236 et
3031 5183 3351 5238 medicinam

1783 5284 1979 5347 parat;
2012 5289 2182 5346 quare
2215 5276 2285 5330 ab
2316 5275 2607 5330 Aristotele
2640 5275 2713 5329 De
2757 5273 2944 5328 histor.
2980 5277 3144 5328 anim.
3177 5276 3268 5329 lib.
3313 5290 3348 5338 I,

1779 5383 1900 5437 cap.
1934 5367 1988 5430 1,
2020 5368 2162 5421 inter
2193 5366 2485 5429 malitiosa,
2521 5373 2703 5420 astuta
2755 5373 2809 5420 et
2848 5367 3045 5419 callida
3089 5377 3360 5420 annulneo‘

1780 5469 1951 5512 ratur.
1977 5459 2256 5529 Oppianus
2284 5462 2504 5526 Κυνηγ.
2529 5473 2588 5511 ιιι
2607 5465 2811 5521 narrat,
2842 5473 2909 5514 ne
2939 5472 2970 5512 a
3003 5460 3354 5515 venatoribus

1780 5548 2166 5604 insidiantibus
2191 5549 2246 5602 in
2273 5548 2496 5617 laqueos
2525 5548 2840 5618 conjiciatur
2901 5558 3104 5618 septem
3129 5547 3353 5604 forami-

1780 5640 1942 5694 nibus
1999 5641 2157 5695 nidos
2204 5654 2578 5707 eavernasque
2629 5655 2757 5698 suas
2811 5641 3246 5708 cncummuniri,
3293 5649 3352 5695 ut

1780 5732 1906 5806 fuga
1941 5732 2010 5788 sit
2043 5734 2211 5788 tutior
2238 5731 2579 5804 faciliorque.
