3810 6168
449 278 556 337 95b

1745 261 1994 320 LEONIS
2030 257 2302 315 ΑιιΑτιι

3609 242 3731 300 96°

447 398 560 454 Nai
594 397 721 465 μὴν
776 396 1185 465 αὶολόϐουλος,
1220 393 1315 465 ἐπ’
1357 390 1712 465 ᾀγραιξλοισι
1757 385 2024 465 μᾴὶλιστα

2147 395 2178 434 ηε
2205 378 2368 432 coriis
2397 373 2666 434 loricavit,
2685 371 2740 425 in
2763 368 3156 426 dimicationem
3183 365 3390 434 pergit:
3407 362 3466 415 in
3489 377 3556 416 ea
3583 377 3730 414 cas-

449 456 636 536 Θηρσὶ
666 456 831 520 ἐτέλει
871 466 1055 534 κερδὼ
1092 456 1233 536 μᾷλ’
1272 456 1480 536 ἀρῄζος
1523 460 1593 536 ἐγ
1632 456 2018 536 πραπίδεσσι,

447 530 557 592 ait
587 537 806 603 πινυτὴ
837 530 988 589 ναίει
1021 530 1309 603 πιξμάτοις
1335 531 1422 584 ἐν)
1453 530 1818 603 φωνᾷειοῖσιν,

463 596 876 672 Ἐπταπύλους
903 596 1119 669 εἵξασά
1149 596 1368 672 δόμους
1397 596 1610 672 τρητᾲάς
1637 617 1702 653 τε
1746 596 1954 672 uagam;

454 681 660 744 τηλόθ’
686 679 785 730 ἀπ’
813 668 1120 742 ἀξὶλήζὶων,
1143 668 1229 742 μή
1255 690 1362 744 μιν
1395 668 1715 744 θηρήτορες
1741 668 1954 744 ἀνδρες

463 740 626 817 Ἀμφὶ
648 749 797 816 θύρῃ
820 740 1156 816 λοχόωντερ
1180 743 1299 798 ὑπὸ
1324 742 1722 811 βροχίδεσσιν
1748 740 2021 808 ἄγωνται.

450 859 532 912 Ad
577 861 720 928 quod
752 859 990 929 respexit
1025 865 1079 911 et
1122 854 1442 908 Lactantius
1473 851 1808 915 Firmianus,
1836 848 1913 902 De
1940 850 2025 901 ira

453 947 571 1008 Dei.
619 963 739 1017 cap.
778 947 845 1002 7:
885 946 1018 1001 Sunt
1058 945 1338 1007 animalia,
1388 944 1585 1014 inquit,
1629 958 1744 1012 qua:
1789 938 2024 994 latibulis

451 1041 564 1095 suis
618 1041 848 1095 diversos
892 1049 941 1094 et
980 1041 1156 1109 plures
1198 1043 1369 1093 exitus
1398 1037 1660 1107 pandunt,
1692 1045 1771 1097 ut,
1799 1035 1845 1088 si
1888 1033 2026 1104 quod

452 1135 742 1202 periculum
784 1136 1051 1195 inciderit,
1089 1135 1214 1204 fuga
1259 1142 1435 1202 pateat
1469 1131 1724 1192 obsessis;
1758 1128 1895 1199 quod
1925 1145 2028 1181 non

451 1228 684 1297 facerent
732 1230 835 1281 nisi
878 1229 1068 1282 inesset
1115 1228 1223 1280 illis
1271 1226 1618 1297 intelligentia
1658 1234 1706 1279 et
1753 1223 2024 1293 cogitatio.

450 1317 615 1374 Plura
647 1321 753 1374 alia
794 1317 935 1390 apud
969 1330 1221 1375 auctores
1247 1321 1429 1374 videre
1473 1317 1713 1389 poteris:
1741 1331 1841 1370 nos
1880 1316 2028 1369 enim

451 1414 507 1468 in
544 1415 802 1484 praesenti
847 1429 954 1468 non
1001 1413 1317 1466 animalium
1371 1411 1656 1466 historiam
1708 1407 2027 1470 scribimus,

451 1504 549 1558 sed
583 1512 793 1558 tantum
820 1512 1067 1559 nostrum
1099 1510 1376 1558 auctorem
1402 1502 1458 1555 in
1493 1501 1656 1556 rebus
1688 1499 2030 1554 naturalibus

457 1611 562 1649 non
594 1611 754 1660 nova,
787 1612 960 1680 neque
985 1596 1291 1666 peregrina,
1325 1595 1419 1650 sed
1447 1594 1702 1664 genuina,
1729 1600 1782 1646 et
1811 1591 1879 1644 ab
1907 1589 2030 1643 aliis

453 1689 651 1742 tradita
699 1690 984 1744 enuntiare
1032 1688 1393 1743 ostendimus.
1450 1685 1560 1740 Nec
1617 1700 1753 1754 opus
1802 1691 1887 1737 est
1942 1683 2030 1735 hic

2123 475 2247 528 dam
2284 472 2532 527 attollens
2564 469 2700 522 ictus
2748 467 2929 521 irritos
2979 462 3228 518 adversus
3273 459 3505 528 excipit,
3545 457 3732 512 donec

2123 567 2333 637 obliquo
2363 566 2534 634 capite
2555 563 2855 630 speculatus
2887 556 3102 612 invadat
3140 556 3194 608 in
3219 554 3422 624 fauces.
3469 549 3596 606 Nec
3629 551 3732 603 hoc

2123 669 2419 720 contentus,
2441 655 2593 710 aliud
2624 654 2764 707 haud
2792 653 2976 706 mitius
3001 649 3228 704 debellat
3249 646 3481 701 animal.
3510 645 3582 699 Et
3613 643 3730 712 Op-

2125 730 2320 819 pianus
2342 789 2356 811 ,
2389 748 2484 802 lib.
2519 763 2580 800 ιιι
2609 750 2856 815 Κυνηγ..
2895 743 3009 797 haec
3064 751 3250 796 nosna
3292 738 3732 805 elegantissime

2123 837 2416 907 expressit.
2474 834 2747 890 Nicander
2820 833 2946 887 item
3020 831 3076 885 in
3140 829 3464 893 Theriacis;
3528 825 3730 881 Elia—

2125 945 2230 985 nus
2254 929 2331 982 De
2361 928 2550 982 histor.
2591 928 2793 991 anim.,
2833 925 2929 979 lib.
2978 939 3079 984 ιιι,
3129 937 3250 990 cap.
3286 921 3392 980 22.
3440 928 3502 974 et
3533 920 3640 973 lib.
3674 935 3730 979 ι.

2125 1035 2246 1090 cap.
2291 1021 2394 1082 47,
2441 1030 2496 1075 et
2537 1019 2634 1074 lib.
2688 1035 2776 1080 vn.
2826 1031 2948 1086 cap.
2995 1014 3098 1078 38,
3149 1014 3340 1070 scribit
3390 1013 3732 1066 ichneumo-

2127 1123 2248 1161 nem
2283 1106 2490 1176 aspidis
2514 1119 2614 1158 ova
2636 1102 2970 1172 disperdere,
2995 1107 3052 1155 et
3079 1109 3336 1169 tanquam
3364 1097 3582 1152 catulis
3609 1096 3734 1150 suis

2128 1198 2368 1253 futuram
2423 1197 2675 1251 hostilem
2727 1193 3023 1264 perniciem
3087 1193 3439 1247 submovere.
3512 1187 3732 1248 Horas.

2129 1290 2222 1344 lib.
2254 1305 2328 1354 ιι,
2365 1303 2486 1358 cap.
2525 1288 2615 1350 55,
2654 1303 2762 1342 non
2809 1283 2986 1340 solam
3034 1283 3089 1338 in
3132 1292 3444 1353 serpentem
3481 1280 3733 1341 irruerc,

2128 1379 2222 1434 sed
2257 1380 2466 1454 uocatis
2495 1379 2648 1447 prius
2690 1377 2931 1430 clamore
2963 1374 3121 1439 aliis,
3148 1388 3269 1442 qua:
3305 1371 3504 1426 omnia
3556 1369 3734 1424 simul

2127 1469 2336 1524 addidit
2358 1469 2704 1531 Aristoteles,
2735 1467 2809 1521 De
2834 1467 3024 1520 histor.
3057 1467 3244 1528 anim.,
3281 1463 3377 1518 lib.
3409 1478 3482 1523 ιι,
3513 1475 3650 1530 cap.
3677 1460 3732 1517 6.

2130 1561 2414 1616 Ichneumo
2437 1558 2783 1631 ngypti,ubi
2805 1557 3039 1625 aspidem
3061 1573 3282 1628 anguem
3309 1571 3477 1610 suum
3507 1553 3730 1608 hostem

2130 1662 2409 1722 aspexerit,
2448 1668 2551 1706 non
2579 1652 2725 1720 prius
2786 1648 3087 1720 aggreditur
3133 1664 3290 1718 quam
3321 1647 3508 1701 socios
3555 1656 3733 1704 vocet,

456 1781 613 1849 plura
659 1794 956 1849 congerere
997 1779 1064 1832 ad
1109 1778 1228 1848 ejus
1267 1779 1526 1833 astutiam
1579 1786 1630 1832 et
1654 1736 2031 1831 rcalliditatem
2066 1777 2105 1832 Β
2133 1755 2181 1799 et
2207 1745 2332 1849 limo
2360 1743 2606 1849 abduc“?
2634 1750 2818 1844 eam"?
2843 1742 2980 1794 ί⁶¹³⁸³
3007 1753 3314 1849 mortui,”
3344 1752 3464 1791 ⁸⁸⁸⁸
3511 1736 3733 1837 ’θνέαβ

453 1871 964 1927 demonstrandam.

526 1962 683 2026 lbid.,
730 1964 826 2018 lin.
876 1965 964 2018 l7.
1003 1963 1285 2032 Εἰιροῦσα
1320 1963 1432 2034 γὰρ
1477 1942 1828 2032 τελμιστήν.
1869 1957 2031 2011 Plura

454 2055 524 2111 de
563 2057 684 2126 ejus
719 2059 772 2110 in
806 2068 1004 2111 venatu
1047 2067 1100 2111 et
1146 2058 1358 2128 piscatu
1387 2056 1598 2111 artibus
1629 2053 1903 2114 Elianus,
1934 2051 2028 2105 lib.

457 2167 533 2216 Vl,
564 2165 681 2221 cap.
715 2151 806 2213 24,
849 2159 903 2206 et
950 2152 1046 2206 lib.
1091 2169 1142 2216 ι,
1193 2167 1314 2221 cap.
1359 2150 1458 2218 56;
1503 2151 1597 2205 lib.
1649 2164 1722 2212 Iv,
1756 2162 1878 2216 cap.
1925 2147 2030 2211 58;

456 2243 550 2300 lib.
580 2261 650 2307 Vl,
676 2260 794 2315 cap.
828 2245 896 2300 63
923 2263 936 2310 ;
984 2246 1077 2300 lib.
1106 2261 1228 2300 xm.
1259 2243 1390 2314 Ejus
1427 2251 1619 2298 contra
1649 2258 1776 2297 aves
1800 2241 2030 2296 insidias

452 2337 912 2406 quemalmodnm
953 2345 1007 2392 et
1043 2337 1132 2391 hic
1166 2347 1356 2392 noster
1389 2344 1583 2390 auctor
1627 2336 1830 2405 Optime
1861 2333 2034 2402 expli-

452 2429 599 2484 cavit
632 2429 910 2498 Oppianus
948 2430 1204 2484 Ἀλιευτ.
1236 2447 1296 2492 ιι,
1326 2437 1379 2486 et
1416 2429 1681 2499 Epiphan.
1720 2429 1774 2482 in
1808 2426 2032 2498 Physic-

455 2521 572 2592 logo
606 2537 624 2573 :
657 2523 722 2574 'H
752 2520 976 2592 ἀλώπηξ
1003 2523 1120 2576 ἐστὶ
1153 2522 1489 2591 πολύτροπον
1528 2520 1684 2585 ζῶον.
1722 2519 2032 2572 Πεινάσασα

452 2612 510 2667 δὲ
543 2613 636 2667 καὶ
677 2613 956 2685 ἀποροῦσα
988 2616 1195 2686 τροφῆς
1233 2615 1526 2684 ἀπέρχεται
1575 2613 1667 2666 ἐπὶ
1710 2613 1836 2675 τοὺς
1883 2611 2034 2682 ἡλια-

454 2707 586 2769 κοὺς
615 2706 814 2770 τόπους
835 2724 848 2737 ·
878 2710 1328 2780 καταρῤίπτουσα
1361 2706 1530 2778 αὐτὴν
1556 2709 1613 2769 ὲς
1638 2706 1761 2777 γῆν,
1798 2707 1890 2760 καὶ
1934 2708 2030 2758 ἀν-

455 2798 690 2869 εχομένη
719 2799 817 2871 τὴν
847 2801 1035 2870 πνοὴν,
1061 2803 1154 2854 καὶ
1184 2801 1553 2872 ὑποκρίνουσα
1589 2799 1912 2870 τεθνηκυῖαν
1929 2802 2034 2853 κεῖ-

454 2905 546 2944 ται
599 2891 796 2956 ὑπτία,
849 2894 975 2956 τοὺς
1022 2893 1332 2963 ὀφθαλμοὺς
1387 2893 1482 2946 καὶ
1528 2892 1656 2954 τοὺς
1710 2891 1874 2953 πόδας
1923 2892 2033 2944 ἄνω

455 2982 674 3052 ἔχουσα.
724 2984 1136 3055 Ἐπερχομένων
1168 2985 1224 3038 δὲ
1265 2985 1372 3038 τῶν
1415 2984 1697 3048 πετεινῶν,
1745 2984 1838 3037 καὶ
1865 2983 2032 3052 αὐτὴν

2133 1837 2320 1892 modus
2349 1835 2596 1890 armandi
2633 1843 2691 1888 ut
2725 1835 2954 1903 primum
2979 1830 3298 1900 madefaciat
3337 1843 3568 1896 corpus,
3596 1836 3654 1881 et
3683 1829 3734 1878 is;

2134 1937 2278 1984 terra
2311 1945 2368 1982 se
2395 1928 2608 1982 volutet.

2207 2016 2325 2073 Col.
2363 2017 2463 2072 748
2485 2059 2500 2083 ,
2533 2018 2628 2072 lin.
2664 2017 2716 2070 l.
2753 2015 2952 2084 Σαῦρα
2983 2013 3052 2067 δὲ
3085 2014 3125 2081 ἡ
3155 2011 3480 2082 λεγομένη.
3528 2009 3735 2064 Petrus

2133 2109 2452 2178 Damianus,
2483 2110 2578 2164 lib.
2609 2124 2668 2171 ιι,
2696 2124 2785 2178 ep.
2819 2107 2917 2162 l8:
2943 2104 3324 2168 Salamandra,
3353 2119 3570 2174 quoque
3616 2102 3735 2155 licet

2131 2205 2345 2273 exigua,
2377 2202 2672 2256 mirabilem
2702 2201 2871 2271 fertur
2905 2198 3091 2253 habere
3116 2206 3404 2259 naturam;
3437 2195 3580 2248 adeo
3607 2195 3733 2247 utsi

2134 2312 2261 2349 casu
2305 2293 2590 2364 aliquando
2634 2295 2688 2348 in
2738 2295 2854 2363 igne
2906 2292 3178 2361 mergitur.
3228 2289 3405 2344 omnis
3451 2289 3621 2358 ignea
3659 2288 3733 2339 vis

2136 2398 2385 2457 tanquam
2422 2385 2733 2441 inundantis
2781 2401 2934 2455 aqua:
2962 2383 3220 2452 proﬂuvio
3249 2383 3506 2452 protinus
3529 2381 3731 2435 exstin-

2133 2490 2346 2550 guatur.
2383 2477 2678 2542 Nicander,
2705 2478 2759 2531 in
2787 2476 3054 2532 Theriacis
3080 2492 3099 2528 :

2133 2573 2242 2626 Kal
2269 2569 2752 2638 σαλαμάνδρειον
2782 2568 2989 2622 δόλιον
3019 2565 3202 2631 δάκος
3227 2565 3363 2638 (μὲν
3386 2561 3664 2638 ἀετεχθές

2137 2643 2278 2695 "Hes
2310 2641 2407 2694 καὶ
2431 2631 2752 2694 ἆσόἐστοιο
2779 2638 2854 2692 δι’
2891 2639 2959 2692 ἐκ
2996 2641 3182 2702 πυρὸς
3207 2631 3382 2703 οἷμον
3416 2634 3663 2698 ἓγουσα

2138 2713 2435 2756 Ἐσίγυται
2486 2711 2782 2756 ἡλίκην-ορ-
2828 2708 2927 2756 καὶ
2977 2706 3319 2756 ἁνώδυνοο.
3361 2703 3515 2756 οὐδέ
3566 2705 3626 2755 τί
3679 2703 3729 2752 οὗ

3361 2720 3515 2757 ουοε
3566 2720 3601 2755 τ

2133 2853 2369 2905 Σίνεται
2405 2850 2672 2917 ἀσϐέστη
2696 2847 2920 2916 ῥαγόεν
2954 2847 3126 2914 δέρος
3161 2843 3318 2917 ἄκρα
3344 2772 3662 2912 τεξέιῗξιν.

2202 2941 2269 2996 Et
2297 2943 2351 2997 in
2383 2940 2840 3009 Alexipharmacis
2869 2953 2888 2990 :

2139 3035 2245 3093 Ἢν
2273 3033 2342 3087 δὲ
2362 3033 2729 3102 λιπορῤίνοιο
2769 3029 2956 3083 ποτὸν
2984 3023 3378 3102 δυσᾲλῖπιζον
3415 3025 3583 3102 id?"

2138 2713 2435 2765 Ἐσσυται
2486 2711 2783 2780 ἄκμηνος,
2828 2708 2927 2764 καὶ
2977 2706 3319 2771 ἁνώδυνος,

457 3075 763 3130 κατεσθίειν
795 3075 1153 3149 βουλομένων,
1182 3079 1363 3150 ἐκείνη
1398 3078 1624 3149 ἑτοίμως
1654 3074 1793 3130 αὐτὰ
1817 3077 2030 3146 κρατεῖ,
2061 3112 2102 3169 C
2137 3074 3358 3174 ῖᾶρ
3395 3074 3724 3166 δι’ἀθᾘμάγ.

457 3169 552 3223 καὶ
579 3169 681 3223 ὅσα
709 3169 954 3240 βούλεται
985 3171 1346 3244 κατατρώγει.
1384 3169 1582 3225 Eadem
1618 3176 1744 3224 sunt
1767 3166 1906 3237 apud
1937 3164 2036 3220 lsi-

457 3262 676 3326 dorum,
703 3263 797 3317 lib.
835 3280 932 3328 xu,
958 3279 1078 3334 cap.
1104 3264 1176 3331 2;
1212 3263 1430 3318 Petrum
1465 3262 1810 3324 Damianum,
1845 3259 1938 3314 lib.
1971 3273 2031 3321 ιι,

455 3371 542 3426 ep.
577 3356 672 3422 18;
700 3357 1004 3422 Albertum,
1033 3357 1323 3426 Georgium
1355 3355 1687 3426 Agricolam,
1719 3351 2035 3406 Michaelem

455 3448 706 3520 Glycam,
741 3460 793 3504 et
832 3451 969 3505 alios
1006 3451 1360 3505 recentiores.

533 3542 694 3601 lbid..
727 3542 824 3596 lin.
863 3542 954 3596 24.
997 3541 1070 3597 Ἦ
1112 3540 1311 3608 σαῦρα
1340 3539 1679 3610 γηράσασα.
1715 3535 2036 3592 Aristoteles

456 3635 746 3700 lacertum,
767 3645 820 3690 et
851 3642 1185 3690 senectutem
1214 3648 1438 3694 exuere,
1466 3639 1521 3687 et
1543 3631 1720 3686 oculis
1743 3629 2037 3684 connivere

457 3727 711 3794 tradidit;
736 3727 1011 3797 quomodo
1034 3735 1214 3785 autem
1237 3727 1418 3780 lumen
1443 3724 1729 3779 oculorum
1755 3728 2037 3778 senectute

381 3833 384 3835 λ
458 3822 724 3874 amissum
760 3825 1046 3888 recuperet
1075 3833 1183 3873 non
1215 3816 1532 3887 explicavit.

529 3909 667 3968 Ibid.
692 3952 706 3975 ,
746 3913 842 3966 lin.
877 3912 964 3966 58.
1006 3912 1193 3967 Ἀλλὰ
1231 3909 1331 3964 καὶ
1377 3909 1644 3976 αὔξησιν
1664 3905 1923 3977 μείζονα.
1961 3903 2037 3959 De

458 4003 837 4075 magnitudine
882 4004 1180 4057 draconum
1218 4011 1272 4058 et
1306 4010 1620 4072 serpentum
1664 4016 1695 4055 e
1741 3997 2036 4052 Metasthe-

458 4112 527 4152 ne
569 4105 623 4153 et
655 4097 802 4159 aliis.
849 4097 973 4151 vide
1001 4095 1236 4150 Plinium
1257 4137 1271 4158 ,
1309 4096 1404 4150 lib.
1443 4110 1541 4149 rm
1562 4133 1578 4158 ,
1607 4108 1730 4162 cap.
1767 4091 1859 4156 12,
1889 4090 1955 4144 l3
1985 4098 2038 4144 et

458 4189 567 4258 id;
620 4189 763 4260 apud
811 4188 1173 4247 Strabonem.
1215 4189 1310 4243 lib.
1351 4203 1441 4242 xv.
1486 4185 1827 4240 Onesicritus
1871 4182 2037 4236 refert

457 4285 601 4354 apud
627 4283 918 4338 Abisarum
950 4282 1116 4337 India:
1147 4297 1326 4352 regem
1361 4280 1499 4333 duos
1545 4278 1715 4332 fuisse
1744 4276 2032 4337 dracones,

457 4377 688 4432 alterum
739 4375 936 4445 pedum
979 4374 1078 4429 MO
1103 4415 1117 4437 ,
1154 4375 1382 4428 alterum
1417 4372 1505 4426 80.
1538 4368 1818 4423 Nearchus
1854 4377 2032 4420 autem

2134 3243 2474 3310 κλείουσιν,
2515 3240 2630 3310 τὴν
2666 3239 2809 3295 οὐδὲ
2839 3239 3029 3308 πυρὸς
3055 3230 3372 3304 λωϐήσᾱτο
3402 3166 3651 3307 liga.

2137 3353 2378 3409 Serenus
2407 3371 2420 3406 :

2137 3467 2241 3523 Seu
2269 3465 2628 3524 Salamandra
2659 3474 2865 3535 potens,
2901 3463 3160 3534 nullisque
3197 3461 3435 3516 obnoxia
3466 3461 3723 3531 ﬂammis.

2136 3559 2364 3622 Plinius,
2416 3559 2510 3612 lib.
2551 3574 2619 3622 x,
2656 3573 2777 3628 cap.
2805 3556 2873 3611 67
2909 3575 2921 3611 :
2954 3554 3102 3611 Sicut
3134 3553 3514 3610 Salamandra
3542 3553 3723 3606 lacerti

2137 3651 2336 3721 ﬁgura,
2383 3650 2689 3715 stellatum,
2733 3664 3000 3718 nunquam
3052 3648 3154 3701 nisi
3191 3647 3400 3715 magnis
3443 3645 3728 3706 imbribus,

2135 3746 2461 3813 proveniens,
2483 3753 2534 3798 et
2553 3743 2833 3798 serenitate
2860 3741 3125 3811 deﬁciens.
3164 3738 3306 3792 Huic
3338 3747 3536 3793 tantus
3566 3742 3723 3809 rigor,

2137 3847 2193 3891 ut
2223 3839 2395 3908 ignem
2421 3847 2618 3891 tactum
2641 3836 2942 3905 exstinguat
2972 3849 3074 3887 non
3103 3833 3210 3885 alio
3241 3831 3403 3886 modo
3425 3849 3598 3902 quam
3619 3832 3725 3902 gla-

2136 3932 2261 3985 cies.
2289 3931 2560 3992 jElianus,
2600 3929 2677 3982 De
2703 3928 2827 3982 hist.
2863 3928 3053 3991 anim.,
3101 3925 3196 3980 lib.
3225 3939 3289 3989 ιι,
3334 3940 3468 3996 cap.
3506 3925 3579 3979 31
3604 3945 3619 3990 ;
3645 3924 3723 3978 Pi-

2137 4025 2305 4084 sides,
2344 4022 2419 4076 De
2449 4020 2631 4076 mundi
2665 4021 2878 4088 opiﬁcio
2904 4035 2924 4071 :

2243 4116 2446 4180 Ποίαις
2481 4114 2548 4167 δὲ
2573 4114 2792 4180 πηγαῖς
2823 4111 2861 4177 ἢ
2888 4107 3102 4175 βυθοῖς
3143 4106 3596 4180 κεκρυμμένοις

2244 4184 2358 4254 Δρᾷ
2385 4177 2779 4251 adiuuit-dph
2809 4185 2913 4246 τὰς
2940 4180 3228 4248 καμίνους
3255 4177 3534 4246 αὶθὰλην
3559 4197 3578 4243 ;

2136 4277 2556 4349 Olympiodorns
2602 4275 2744 4346 apud
2803 4272 3142 4342 Scaligerum
3192 4269 3259 4324 de
3311 4270 3638 4326 subtilitate
3662 4272 3717 4325 ad

2136 4369 2648 4424 Cardanumexerc.
2682 4366 2769 4429 74,
2795 4381 2946 4419 num.
2980 4365 3032 4424 5.
3061 4363 3186 4426 Τοῖς
3214 4360 3507 4430 ὑελέψαις,
3537 4363 3716 4430 inquit.

455 4471 630 4526 visam
669 4471 905 4539 viperam
968 4467 1222 4523 feminam
1263 4466 1572 4521 cubitorum
1607 4462 1861 4517 sedecim.
1900 4457 2027 4513 Vide

2147 4457 2306 4529 πολλὴ
2338 4458 2556 4529 φροντὶς
2589 4455 2680 4508 τοῦ
2717 4456 2994 4511 τινάσσειν
3025 4453 3125 4524 τὴν
3167 4451 3431 4522 πάπνρον
3453 4491 3470 4516 ,
3521 4451 3614 4505 ἶνα
3657 4450 3716 4521 μὴ

456 4563 758 4622 ΛΕιίιιιιιιιιι,
799 4562 894 4614 lib.
929 4577 961 4614 χ
1003 4560 1074 4614 De
1107 4559 1230 4613 hist.
1259 4558 1448 4619 anim.,
1485 4569 1604 4624 cap.
1640 4551 1731 4608 59.

527 4656 664 4710 Ibid.
707 4653 893 4708 Ἐπὰν
921 4649 1036 4708 οὖν
1066 4651 1174 4705 τὸν
1213 4654 1408 4720 ὀρισμ.
1449 4648 1657 4708 Horus,
1693 4645 1787 4699 lib.
1829 4659 1876 4706 ι,
1909 4655 2030 4709 cap.

458 4747 484 4802 1
519 4766 532 4802 :
566 4744 815 4816 Ἐπειδὴ,
843 4743 1009 4815 τριῶν
1043 4742 1213 4812 γενῶν
1278 4741 1482 4809 ὄφεων
1519 4734 1874 4791 καθεστώτων
1901 4770 1915 4789 ,
1965 4728 2034 4782 τὰ

461 4841 558 4912 μὲν
589 4838 750 4892 λοιπὰ
787 4834 958 4906 θνητά
984 4834 1251 4905 ὑπάρχει,
1286 4831 1445 4884 τοῦτο
1470 4829 1526 4884 δὲ
1559 4827 1718 4899 μόνον
1745 4824 2030 4912 ἀθάνατον,

455 4911 603 4988 duo}.
644 4928 1035 5000 προσφυσῆσαν
1065 4927 1235 4998 ἑτέρῳ
1284 4924 1447 4977 παντὶ
1477 4920 1600 4992 ζώῳ
1645 4920 1768 4989 δίχα
1816 4911 2032 4969 καὶτοῦ

455 5025 639 5078 δακεῖν
675 5023 903 5093 ἀναιρεῖ.

530 5115 691 5178 lbid.,
721 5115 818 5168 lin.
845 5112 935 5166 4‘2.
963 5107 1162 5177 ’Τούτῳ
1184 5112 1217 5165 ό
1257 5107 1570 5179 ἰχνεύμων.
1604 5103 1887 5173 Quomodo
1914 5121 2034 5160 ser-

457 5216 649 5278 pentes
672 5215 725 5260 et
748 5203 1056 5259 crocodilos
1088 5211 1266 5267 necat,
1291 5203 1571 5272 eleganter
1617 5198 1902 5271 Oppianus
1924 5202 2034 5252 Κυ-

459 5316 593 5366 rma
629 5297 724 5352 lib.
753 5313 834 5351 ιιι.

528 5389 662 5441 ibid.
693 5429 708 5454 ,
756 5391 853 5444 lin.
886 5387 975 5443 44.
1019 5389 1204 5444 Ἀλλὰ
1255 5387 1382 5458 μὴν
1427 5386 1524 5440 καὶ
1577 5387 1746 5453 πρός.
1798 5380 2031 5446 Plinius,

462 5476 559 5529 lib.
589 5493 709 5541 vm,
751 5496 869 5549 cap.
899 5481 1008 5536 24:
1048 5483 1201 5542 Aspis
1236 5480 1390 5533 habet
1416 5477 1605 5532 deinde
1652 5473 2034 5531 internecinum

464 5564 656 5615 bellum
687 5585 802 5620 cum
846 5572 1202 5628 ichneumone.
1232 5569 1435 5624 Notum
1459 5579 1537 5624 est
1570 5569 1774 5623 animal
1800 5569 1897 5622 hac
1919 5567 2035 5638 glo-

464 5653 550 5703 ria
574 5656 797 5748 maxime
823 5661 875 5711 in
911 5663 1091 5717 eadem
1123 5673 1308 5716 natum
1334 5663 1583 5731 AE'gypto.
1610 5659 1668 5715 M
1671 5662 1801 5732 ergit
1826 5676 1880 5713 se
1909 5659 2034 5712 limo

464 5743 682 5824 stepius,
708 5743 966 5814 siccatque
1001 5751 1128 5804 sole.
1158 5750 1285 5806 Mox
1311 5750 1398 5804 ubi
1419 5751 1656 5819 pluribus
1683 5749 1859 5803 eodem
1883 5747 2034 5802 modo

2139 4552 2288 4614 ἐντὸς
2320 4549 2640 4621 περιέχηται
2679 4550 2713 4620 ἡ
2752 4545 3138 4617 σαλαμάνδρα⁶
3175 4544 3458 4615 ζημιῶδες
3491 4546 3610 4618 γὰρ
3636 4545 3716 4598 αὑ-

2137 4647 2248 4707 τοῖς
2275 4642 2351 4714 τῷ
2385 4642 2574 4696 σὸέσαι
2609 4642 2708 4712 τὴν
2736 4639 2985 4710 κάμινον.
3044 4637 3376 4692 Aristoteles
3397 4677 3415 4699 ,
3449 4638 3556 4693 lib.
3594 4655 3626 4691 τ
3658 4635 3718 4689 De

2139 4735 2265 4787 hist.
2294 4735 2485 4800 anim.,
2521 4748 2645 4803 cap.
2678 4732 2783 4797 19;
2825 4729 3206 4784 Nazianzenus
3239 4729 3293 4780 in
3329 4727 3636 4789 Basiliam,
3676 4735 3716 4779 ct

2141 4826 2415 4882 Paraznesi
2443 4825 2511 4878 ad
2550 4823 2808 4891 Virgines.
2853 4819 2990 4873 lluic
3030 4828 3212 4871 tamen
3244 4820 3549 4874 sententiae
3586 4819 3718 4874 Dios-

2139 4919 2354 4973 corides
2395 4915 2732 4986 refragatur.
2775 4923 2829 4968 et
2879 4910 3122 4965 Galenus
3151 4909 3205 4962 in
3242 4908 3500 4976 Simplic.
3528 4952 3546 4976 ,
3578 4913 3716 4966 uulso

2143 5010 2382 5082 μάνδραις
2414 5007 2708 5077 κανθείσης
2734 5004 3021 5066 meminit;
3068 5010 3122 5057 et
3153 5017 3206 5055 tv
3239 5001 3406 5055 Κατὰ
3440 5004 3605 5072 τόπ.,
3637 5005 3716 5057 Σα-

2138 5103 2449 5174 λαμάνδρας
2477 5099 2823 5170 κεκαυμένης
2859 5096 3059 5150 σποδόν
3086 5094 3342 5164 requirit.

2211 5192 2345 5247 lbid.
2374 5231 2388 5255 ,
2438 5190 2534 5243 lin.
2567 5190 2619 5243 '5.
2675 5188 2830 5242 Φασὶ
2871 5185 2940 5241 δὲ
2989 5185 3105 5254 τὴν
3152 5184 3434 5252 ἔχιδναν.
3472 5186 3713 5242 Basilius.

2141 5287 2287 5340 hom.
2327 5284 2360 5338 9
2394 5302 2408 5338 :
2443 5282 2555 5336 Καὶ
2597 5280 2799 5351 ἔχιδναι
2828 5279 2928 5342 τὰς
2964 5279 3174 5349 μήτρας
3201 5277 3585 5346 ὲκφαγοῦσαι,
3606 5293 3713 5347 προσ

2140 5379 2407 5452 ἔρχονται,
2455 5373 2764 5447 πρέποντας
2799 5375 2864 5444 τῇ
2899 5369 3281 5442 γεννησαμένη
3328 5372 3466 5434 τοὺς
3511 5368 3714 5441 μισθοὺς

2140 5468 2534 5524 ὲκτιννύουσαι.
2584 5463 2894 5520 Notandum
2954 5473 3040 5517 est
3091 5461 3240 5531 quod
3266 5470 3470 5514 narrat
3539 5460 3711 5518 Petrus

2144 5545 2472 5626 Damianus,
2521 5559 2618 5613 lib.
2657 5574 2740 5620 ιι,
2788 5555 3006 5626 epistol.
3044 5553 3142 5614 18,
3177 5553 3245 5608 dc
3283 5553 3391 5606 hac
3424 5552 3624 5608 eadem
3653 5564 3710 5604 re.

2152 5655 2374 5722 γίνεται,
2409 5651 2615 5720 inquit,
2647 5649 2744 5702 hac
2777 5648 2998 5703 coeundi
3045 5646 3127 5701 vel
3161 5645 3417 5713 pariendi
3450 5654 3711 5701 consueta-

2141 5747 2264 5801 dine
2309 5742 2546 5798 naturali
2577 5742 2854 5812 potiuntur
2885 5740 3106 5809 imperio
3141 5749 3198 5792 ut
3250 5737 3535 5795 masculus
3579 5739 3630 5792 in
3668 5746 3710 5786 et
