3810 6168
1106 296 1172 352 ΙΝ
1215 294 1582 351 EUSTA'IHH
1621 292 2093 350 HEXAEMERON
2131 290 2366 350 ΝΟΤΕ.

3243 295 3350 351 962

103 422 318 490 feminis
349 425 506 486 caput
534 417 794 488 impingat
813 457 828 481 ,
854 415 1000 487 quod
1032 414 1130 469 illa
1157 431 1269 485 pra:
1297 415 1451 468 nimii
1482 415 1680 467 amoris
1707 419 1756 476 Α
1785 425 1926 476 ram,
1959 409 2106 480 quod
2137 417 2192 466 et
2220 409 2446 464 tradidit
2493 409 2816 481 Apollonius
2865 408 3008 481 apud
3043 408 3350 467 Philostra-

100 513 439 580 impatie'ntia
470 510 753 565 mordenda
777 509 1057 579 praecidat,
1102 524 1164 561 ac
1183 515 1377 575 prtesto
1401 505 1678 576 deglutiat,

98 620 172 659 es
196 603 345 674 cujus
391 603 580 670 capitis
622 600 790 655 oculis
833 600 939 653 duo
975 599 1140 653 catuli
1187 608 1566 666 procreantur,
1591 597 1682 665 qui

101 705 292 765 partus
329 704 557 761 tempore
593 701 835 746 materna
881 691 1053 745 latera
1092 691 1337 759 utrinque
1370 689 1678 756 corrodunt,

100 796 158 839 et
181 787 258 839 sic
285 785 600 838 altrinsecus
624 782 785 836 simul
805 782 1118 845 occidentes,
1135 789 1184 835 et
1215 788 1485 834 nascentes
1504 795 1681 833 erum-

99 885 257 944 punt.
292 875 396 941 Qui
420 875 667 928 nimirum
691 884 811 928 ante
839 883 961 928 sunt
987 873 1268 941 parricida:
1299 887 1458 941 quam
1483 872 1604 940 ﬁlii,
1631 879 1681 923 et

103 968 227 1021 ideo
261 983 527 1035 nunquam
553 976 744 1035 prater
772 966 904 1019 duos
929 966 1064 1020 valet
1105 965 1262 1033 hujus
1293 968 1495 1035 generis
1529 979 1680 1016 εποι-

101 1060 237 1113 dens
266 1059 464 1128 aliquid
496 1058 740 1113 inveniri.
775 1058 890 1112 Duo
923 1065 1105 1112 tamen
1141 1057 1230 1110 hic
1255 1055 1323 1110 de
1351 1066 1550 1109 natura
1581 1055 1680 1108 bu-

97 1145 198 1214 jus
224 1148 492 1216 serpentis
515 1187 530 1209 ,
563 1162 685 1216 quae
735 1146 901 1201 refert
931 1147 1018 1200 hic
1050 1154 1244 1200 auctor
1264 1185 1279 1209 ,
1311 1155 1365 1200 et
1397 1147 1550 1199 multi
1587 1145 1680 1198 alii

103 1253 220 1292 uno
251 1253 364 1301 ore,
417 1239 814 1293 consideranda
844 1245 994 1300 sunt,
1026 1245 1081 1292 et
1126 1237 1360 1308 primum
1398 1237 1465 1291 de
1498 1239 1675 1304 coitu;

99 1331 184 1384 ait
221 1333 401 1394 enim,
443 1331 684 1400 viperam
727 1347 822 1401 per
849 1345 913 1385 os
958 1331 1153 1385 'semen
1199 1331 1470 1399 excipere,
1506 1346 1677 1383 mem-

103 1423 379 1490 brumque
411 1423 578 1476 maris
606 1437 703 1477 ore
729 1422 1001 1485 excidere,
1035 1423 1137 1477 hac
1167 1423 1380 1476 ratione
1410 1427 1546 1474 mari
1580 1438 1677 1476 ne—

98 1530 225 1569 cem
253 1515 510 1583 parando.
535 1515 649 1570 Hoc
682 1516 821 1569 idem
849 1515 1012 1568 aliter
1039 1514 1131 1568 alii
1165 1522 1411 1575 narrant,
1433 1514 1676 1582 viperam

99 1606 371 1660 duntaxat
403 1606 485 1658 ori
514 1620 617 1660 suo
649 1605 815 1659 maris
846 1612 1011 1674 caput
1064 1605 1267 1659 habere
1313 1605 1578 1658 insertum
1620 1604 1675 1658 in

99 1696 275 1758 coitu,
308 1701 361 1748 et
392 1693 523 1748 illud
554 1695 748 1749 ardore
780 1693 1022 1747 libidinis
1061 1706 1418 1762 prmmorsum
1449 1691 1673 1745 abscin-

1783 510 1933 566 tum,
1964 510 2019 556 et
2067 500 2334 557 Maximus
2384 500 2606 573 Tyrius.
2655 499 2721 555 Et
2744 499 2931 556 Roma:
2964 503 3264 572 saepissime
3293 507 3350 558 in

1781 595 1974 664 ligneis
2003 595 2176 651 thecis
2218 602 2381 650 enata
2427 595 2646 650 soboles
2687 594 2756 650 ab
2785 595 3040 649 omnibus
3084 597 3350 661 cernitur,

1778 695 1832 743 et
1873 703 2073 757 parens
2121 688 2274 744 salva
2320 703 2386 742 ac
2421 695 2706 758 superstes
2741 704 2757 753 ;
2810 695 2865 740 et
2893 701 2992 756 ego
3025 687 3191 741 etiam
3219 686 3349 741 vidi.

1779 779 2018 836 Consule
2046 778 2397 848 Rodiginum,
2425 779 2522 836 lib.
2541 794 2753 849 vI,cap.
2784 779 2870 833 15.
2905 778 3039 832 Illud
3064 778 3225 834 etiam
3255 778 3351 831 ad-

1776 874 1925 937 dam,
1977 872 2288 927 Cardanum
2329 887 2360 926 a
2397 872 2673 941 Scaligero
2721 887 2904 926 exere.
2961 871 3064 926 125
3114 880 3168 926 et
3217 871 3348 935 185,

1777 980 1930 1020 num.
1966 965 2053 1029 15,
2090 965 2437 1034 reprehendi,
2475 965 2620 1034 quod
2651 965 2858 1019 scilicet
2888 963 3130 1033 aspidem
3187 970 3241 1017 et
3269 963 3351 1015 vi-

1777 1072 1964 1126 peram
2015 1072 2179 1110 unam
2229 1063 2282 1110 et
2329 1055 2574 1110 eamdem
2621 1054 2940 1124 agnoverit;
2975 1053 3117 1108 sicut
3152 1053 3206 1106 in
3234 1052 3352 1122 epi-

1777 1145 1915 1200 stola
1938 1145 2172 1215 quadam
2195 1159 2356 1197 manu
2381 1145 2600 1214 propria
2627 1143 2862 1198 Cardani
2888 1143 3092 1212 scripta
3123 1158 3183 1197 se
3213 1141 3382 1198 Sca-..

1775 1237 1910 1306 liger
1959 1235 2162 1289 vidisse
2209 1242 2480 1298 testatur,
2529 1252 2654 1291 eum
2694 1235 2976 1305 dipsadem
3007 1252 3132 1290 cum
3166 1238 3352 1306 vipera

1776 1328 1919 1382 idem
1946 1328 2315 1382 existimasse.
2347 1327 2545 1382 Petrus
2581 1329 2708 1382 item
2741 1327 3040 1394 Bellonius,
3071 1329 3346 1383 Obsercat.

1777 1420 1872 1476 lib.
1911 1436 1950 1474 it
1971 1459 1985 1483 ,
2018 1435 2139 1490 cap.
2171 1419 2239 1474 54
2261 1459 2275 1482 ,
2307 1417 2505 1474 fatetur
2553 1436 2612 1475 se
2638 1420 2820 1475 verbis
2858 1420 3220 1474 Aristotelicis
3248 1421 3350 1474 im-

1774 1513 1993 1582 pulsum
2016 1551 2032 1575 ,
2067 1515 2284 1582 viperas
2323 1522 2667 1582 praegnantes
2693 1513 3018 1568 observasse
3043 1531 3056 1567 :
3089 1515 3210 1582 qua:
3231 1513 3352 1567 sine

1774 1606 1980 1661 tunicis
2015 1605 2256 1660 subolem
2287 1607 2566 1675 peperisse
2594 1608 2725 1660 visae
2756 1614 2902 1659 sunt.
2932 1603 3032 1670 Qui
3061 1613 3242 1658 tamen
3269 1605 3352 1658 vi-

1775 1711 1965 1768 peram
1999 1711 2118 1750 eam
2155 1695 2430 1766 intelligit,
2461 1711 2623 1765 quam
2674 1695 3028 1751 Turonenses
3083 1704 3138 1750 et
3166 1694 3347 1749 Ceno-

101 1787 258 1842 dere.
277 1786 474 1850 Horus,
507 1789 600 1842 lib.
635 1802 696 1841 ιι.
728 1802 846 1856 cap.
866 1786 966 1840 59:
990 1784 1138 1856 Αὕτη
1167 1785 1296 1856 γὰρ,
1328 1785 1454 1837 ὅταν
1480 1783 1676 1852 συγγέ-

1778 1789 1962 1842 manni
1989 1788 2147 1853 Aspic
2176 1789 2459 1842 nominant
2482 1803 2600 1859 quae
2629 1803 2791 1858 quam
2819 1803 2949 1843 vera
2979 1788 3088 1842 sint
3120 1787 3348 1842 alterius

100 1895 266 1950 νηται
283 1877 362 1948 τῷ
380 1877 585 1949 ἄρρενι,
611 1877 788 1946 στόμα
818 1877 1044 1947 στόματι
1066 1874 1396 1946 ἐμϐαλοῦσα,
1416 1873 1509 1927 καὶ
1538 1872 1675 1943 μετὰ

97 1972 168 2024 τὸ
195 1970 615 2041 ἀποζευχθῆναι,
639 1967 980 2022 ἀπώακοῦσα
1004 1966 1100 2037 τὴν
1131 1965 1370 2036 κεφαλὴν
1395 1963 1487 2018 τοῦ
1514 1964 1676 2033 appe-

99 2081 217 2126 νος,
247 2064 474 2134 ἀναιρεῖ.
508 2061 761 2124 Basilius,
782 2059 982 2114 Contra
1012 2059 1330 2126 feneratores
1351 2096 1366 2121 ,
1408 2066 1462 2110 et
1491 2055 1567 2109 De
1595 2057 1675 2108 in-

99 2146 272 2219 vidia;
302 2153 572 2215 AElianus,
605 2152 681 2206 De
705 2153 829 2206 hist.
863 2151 1054 2215 anim.,
1087 2149 1180 2203 lib.
1214 2165 1253 2212 ι,
1285 2163 1406 2217 cap.
1440 2147 1529 2212 14,
1565 2147 1674 2202 etsi

101 2246 388 2315 paululum
417 2244 485 2298 ab
514 2244 635 2297 aliis
663 2242 849 2296 varius
875 2239 1046 2305 Phile,
1083 2239 1136 2292 in
1157 2236 1358 2292 lambis
1377 2253 1396 2290 :

215 2359 385 2427 Ἐχις
415 2358 482 2412 δὲ
509 2357 720 2427 θερμὸς
754 2353 1168 2427 προσ-πλακεὶς
1193 2352 1270 2422 τῇ
1297 2350 1548 2427 συζύτῳ,

213 2423 326 2484 Κάῖ
354 2423 460 2483 ἐὸν
483 2423 626 2495 τέὡςῖ
659 2423 910 2494 ἢδιάτον
938 2427 1028 2494 ἄρ’
1060 2426 1294 2489 ἀνύσας
1322 2423 1532 2492 γάμον,

210 2501 408 2555 Κεῖται
441 2498 752 2568 φονευθεὶς
780 2498 926 2553 ὑπαὶ
954 2495 1060 2568 τῆς
1093 2495 1410 2568 ἐρασῖρίας

219 2563 582 2625 Τόύτουοὺν
611 2566 757 2636 ὀργῇ
786 2566 1202 2630 λανθανόντως
1227 2563 1516 2636 ἐχομένης

219 2640 484 2708 Σοϐαρὸν
509 2640 556 2691 τ’
583 2633 817 2692 ἐκεῖνον
844 2637 1215 2704 ἑκτεμούσης
1238 2633 1483 2702 αὐχένα.

102 2751 472 2818 Prudentius,
532 2751 980 2822 Hamartigenia;
1018 2748 1262 2812 Plinius,
1311 2747 1411 2801 lib.
1449 2763 1477 2800 π
1501 2787 1516 2810 ,
1549 2761 1670 2817 cap.

103 2843 197 2905 42,
247 2843 444 2912 Vipera:
471 2859 583 2895 mas
614 2850 768 2908 caput
800 2841 985 2894 inserit
1017 2841 1070 2892 in
1103 2855 1183 2904 os,
1213 2836 1350 2908 quod
1390 2837 1484 2890 illa
1518 2837 1674 2891 abra-

102 2938 188 2988 dit
220 2935 502 3002 uoluptatis
529 2933 820 2986 dulcedine.
861 2931 925 2985 Et
953 2947 1018 2986 ex
1047 2930 1445 2985 recentioribus
1476 2929 1673 2983 Adria-

104 3041 215 3079 nus
243 3021 460 3086 Junius,
490 3024 743 3077 emblem.
771 3021 858 3076 58.

180 3119 345 3185 lbid.,
378 3119 473 3172 lin.
508 3118 559 3172 5.
591 3117 752 3196 item
781 3115 848 3169 δὲ
878 3115 1110 3186 ἔγγυος.
1146 3112 1459 3170 Secundum
1491 3120 1573 3169 est
1607 3113 1674 3168 de
1703 3129 1745 3185 ο

102 3222 269 3282 partu
313 3227 534 3276 eorum;
574 3211 726 3264 aiunt
770 3224 1004 3278 namque
1054 3210 1200 3279 quod
1249 3207 1376 3270 ﬁlii,
1421 3206 1676 3275 disrupta

101 3314 299 3359 ventre
322 3345 336 3373 ,
373 3319 639 3372 exesaque
671 3303 828 3357 vulva
877 3309 1170 3370 erumpunt
1194 3340 1208 3363 ,
1245 3307 1538 3370 pensantes
1563 3337 1578 3361 ,
1611 3311 1675 3351 ac

103 3399 438 3450 ulciscentes
489 3397 719 3464 primam
791 3393 968 3464 pejori
1030 3393 1327 3463 impietate.
1381 3390 1564 3456 Phile,
1619 3390 1675 3444 in

107 3487 314 3542 lambis
331 3501 350 3538 :

215 3577 392 3647 Πλὴν
415 3579 552 3632 ἀλλ’
582 3580 614 3630 ό
641 3577 759 3646 μὲν
787 3576 1091 3647 τέθνηκεν.
1117 3576 1155 3644 ἡ
1185 3573 1254 3647 δὲ
1275 3573 1396 3647 νῦν
1427 3574 1554 3647 κύει
1573 3589 1585 3600 ·

215 3644 379 3704 Μετὰ
403 3648 470 3700 δὲ
501 3644 715 3716 μικρόν
746 3664 876 3700 τινα
901 3646 1151 3716 αὐτὰίτὰ
1172 3644 1370 3716 βρέἑέᾳη
1401 3646 1623 3712 χρόνον

220 3723 264 3772 Τ
264 3721 340 3783 ὴν
361 3713 655 3787 ﬁrmamina
675 3715 1166 3787 ῥήξαντα-νηδὺν
1194 3713 1392 3787 ἐξέδυ.

212 3789 310 3858 Μὴ
345 3785 492 3858 730i»-
529 3787 878 3856 τετιμώρηκε
906 3785 984 3851 τῷ
1013 3785 1393 3854 φυτοσπόρῳ.

108 3906 324 3967 Horus,
354 3905 448 3958 lib.
485 3919 556 3964 ιι,
590 3917 711 3971 cap.
757 3901 864 3967 60;
904 3899 1209 3970 Antigonus
1244 3896 1562 3969 Carystius,
1600 3895 1676 3949 De

111 3997 384 4062 ntirabil.,
431 3997 568 4050 Οὐδὲ
622 3996 800 4067 ἔχιδνα
849 3994 949 4058 δίς.
986 3993 1184 4046 Ἐσθίει
1235 3990 1344 4061 γὰρ
1385 3989 1552 4060 αὐτῆς
1578 3988 1677 4059 τὴν

108 4090 317 4144 κοιλίαν
344 4088 412 4141 τὰ
437 4087 665 4158 ἔμϐρυα.
698 4086 966 4150 Ᾱξιίεηυε,
991 4085 1082 4139 lib.
1107 4100 1124 4138 ι
1160 4083 1236 4137 De
1262 4083 1450 4137 histor.
1487 4085 1673 4146 anim.,

102 4196 231 4250 cap.
264 4179 334 4232 24
357 4218 371 4240 ,
401 4188 452 4233 et
504 4179 597 4232 lib.
636 4194 702 4232 xv
732 4221 746 4244 ,
783 4192 902 4246 Cap.
937 4176 1004 4230 16
1028 4215 1042 4238 ,
1084 4192 1151 4231 ex
1193 4177 1462 4230 sententia
1493 4172 1674 4228 Theo-

103 4271 319 4340 phrasti
346 4270 440 4332 ait,
471 4278 716 4322 ventrem
750 4282 858 4320 non
911 4267 1126 4321 corrodi
1152 4305 1167 4331 ,
1199 4281 1376 4335 neque
1409 4264 1676 4334 disrumpi

102 4376 136 4414 a
175 4359 322 4424 liliis,
356 4358 450 4414 sed
498 4360 626 4428 quia
662 4365 930 4427 angustus
973 4364 1058 4410 est
1106 4358 1246 4410 mole
1281 4356 1484 4411 sobolis
1519 4354 1676 4422 pelli-

1773 1880 1876 1934 erit
1899 1878 2106 1948 negotii
2137 1879 2434 1935 discutere.

1845 1971 1978 2026 Ibid.
2001 2009 2017 2035 ,
2064 1972 2162 2024 lin.
2193 1971 2246 2025 9.
2289 1972 2577 2040 Γηράσας
2612 1973 2680 2026 δὲ
2708 1977 2741 2028 ό
2779 1974 2934 2044 ὄφις.
2967 1972 3043 2029 De
3072 1983 3346 2044 serpente,

1775 2063 1896 2133 ejus
1935 2072 2166 2127 natura,
2212 2073 2266 2120 et
2308 2068 2582 2135 quomodo
2624 2077 2899 2122 senectam
2927 2078 3124 2130 exuat,
3152 2066 3348 2122 Petrus

1775 2156 2104 2224 Damianus,
2149 2159 2244 2212 lib.
2279 2175 2353 2226 ιι,
2396 2161 2559 2229 epist.
2609 2161 2721 2228 l8;
2765 2159 3051 2224 Elianus,
3097 2159 3172 2214 De
3216 2161 3344 2214 hist.

1775 2251 1938 2306 anim.
1975 2251 2068 2304 lib.
2103 2266 2316 2321 tx,cap.
2349 2251 2436 2317 16,
2455 2253 2550 2316 ait,
2585 2261 2892 2323 serpentem
2925 2253 3186 2308 fmniculo
3215 2269 3348 2307 ocu—

1773 2341 1844 2397 lis
1869 2343 2130 2399 allricatis
2151 2346 2434 2399 oculorum
2465 2346 2847 2400 bebetudinem
2882 2345 3154 2415 abjieere;
3188 2327 3348 2401 sene-

1773 2445 1935 2490 scunt
1960 2437 2104 2490 enim
2139 2437 2285 2491 oeuli
2319 2444 2374 2491 et
2411 2436 2570 2492 sicuti
2609 2438 2873 2506 reliquum
2912 2452 3146 2506 corpus,
3190 2437 3263 2489 ita
3291 2444 3346 2490 et

1773 2528 1916 2582 oculi
1946 2544 2058 2584 sua:
2087 2529 2440 2598 perfectionis
2470 2529 2672 2583 habent
2709 2529 3002 2583 terminum
3069 2545 3228 2598 quem
3258 2536 3342 2580 at-

1774 2620 2014 2690 tingant,
2044 2636 2203 2690 quem
2231 2622 2275 2676 si
2305 2622 2642 2676 excesserint
2673 2621 2854 2675 lumen
2887 2621 3218 2683 absumunt,
3261 2621 3346 2674 in-

1774 2709 2023 2783 ﬁrmique
2053 2713 2388 2777 redduntur,
2431 2715 2594 2767 Ὅταν
2641 2714 2975 2782 ἅποδύσηται
3010 2715 3072 2766 τὸ
3107 2713 3285 2785 γῆρας
3320 2714 3351 2765 ὁ

1772 2801 1929 2872 ὄφις,
1970 2805 2346 2876 ὑπαρχομένου
2383 2806 2440 2858 δὲ
2469 2806 2561 2859 τοῦ
2599 2803 2731 2877 ἦρος
2771 2806 2872 2876 δρᾷ
2902 2804 3090 2869 τοῦτο,
3120 2803 3353 2856 ἐνταῦθα

1772 2909 1854 2947 τοι
1885 2896 1980 2949 καὶ
2009 2896 2118 2950 τῶν
2155 2897 2450 2970 ὀφθαλμῶν
2473 2899 2569 2970 τὴν
2604 2900 2792 2969 ἀχλὺν,
2825 2899 2920 2960 κο.)⁵
2946 2897 3007 2950 τὸ
3040 2897 3219 2968 ἀμϐλὺ
3248 2896 3350 2966 τῆς

1774 2986 1949 3055 ὅψεως
1981 2988 2224 3058 ῥίπτεται
2244 3028 2258 3052 ,
2281 2993 2376 3044 καὶ
2401 2993 2574 3043 ἐκεῖνο
2605 2991 2679 3053 ὡς
2713 2991 2890 3062 γῆρας
2918 2988 3231 3060 ὀφθαλμῶν.
3261 2990 3302 3041 Τ
3305 2986 3352 3057 ᾦ

1775 3079 1831 3132 δὲ
1865 3080 2128 3153 μαράθρῳ
2163 3083 2594 3152 προῦποθήγων,
2637 3083 2728 3135 καὶ
2759 3083 3071 3153 περιψήχων
3100 3080 3161 3132 τὸ
3195 3079 3352 3150 ὄμμα

1779 3175 2072 3246 ἑκάτερον,
2115 3173 2232 3230 εἶτα
2275 3176 2501 3247 ὲξάνθης
2541 3175 2693 3230 τοῦδε
2723 3176 2814 3230 τοῦ
2859 3176 3061 3239 πάθους
3118 3175 3347 3243 γίνεταιο

1778 3264 2144 3334 Ἀμϐλυώττει
2177 3265 2233 3318 δὲ
2277 3265 2384 3334 ἄρα
2430 3265 2518 3318 διὰ
2544 3263 2636 3318 τοῦ
2680 3265 2944 3334 χειμῶνος
2973 3263 3253 3332 φωλεύσας
3292 3263 3350 3314 ἐν

1779 3353 1933 3424 μυχῷ
1955 3356 2047 3406 καὶ
2075 3355 2269 3425 σκότῳ,
2293 3354 2498 3408 Οὐκοῦν
2530 3340 2862 3407 παλαιοῦσαν
2891 3356 2955 3406 ὲκ
2977 3353 3085 3406 τῶν
3117 3352 3348 3424 κρυμῶν

1774 3444 1882 3496 τῶν
1925 3443 2078 3506 ζώων
2113 3445 2213 3515 τὴν
2249 3443 2371 3512 ὄψιν
2402 3442 2797 3514 ὑποθερμαῖνον
2823 3443 2883 3494 τὸ
2913 3441 3187 3513 μάραθρΟν
3217 3441 3348 3494 καθ-

1773 3534 1936 3605 αίρει,
1967 3537 2060 3588 καὶ
2087 3535 2490 3606 ὀξυωπέστερον
2546 3534 2855 3603 ἀποφαίνει.
2893 3533 2959 3587 Et
2986 3533 3213 3598 Plinius,
3250 3534 3344 3587 lib.

1775 3643 1894 3690 vni,
1913 3642 2032 3696 cap.
2065 3627 2134 3680 27
2163 3645 2175 3680 :
2201 3627 2398 3698 Anguis
2416 3628 2646 3696 hyberua
2667 3627 2868 3680 latebra
2902 3628 3013 3680 visu
3043 3626 3344 3690 obscurato,

1777 3719 2048 3772 marathro
2093 3718 2264 3773 herba:
2295 3735 2405 3774 sese
2448 3719 2736 3788 a/fricans,
2773 3719 2950 3772 oculos
2994 3718 3236 3787 inungit,
3286 3733 3349 3769 ac

1778 3813 1973 3881 refovet
1998 3827 2016 3875 ;
2039 3814 2085 3866 si
2114 3828 2230 3865 vero
2269 3828 2502 3881 squama:
2540 3812 2879 3880 obtorpuere,
2912 3811 3077 3880 spinis
3110 3810 3347 3879 juniperi

1775 3919 1831 3958 se
1857 3903 2042 3958 scabit.
2073 3903 2137 3957 Et
2167 3904 2260 3958 lib.
2293 3920 2347 3968 x,
2365 3919 2486 3972 cap.
2517 3902 2589 3958 23
2613 3919 2625 3954 :
2651 3902 2698 3955 F
2702 3904 2982 3958 amiculum
3012 3902 3349 3957 nobilitarere

1775 4007 2032 4067 serpentes
2069 4006 2302 4067 gustatu,
2335 4007 2392 4049 ut
2421 3995 2557 4062 dixi,
2588 4007 2846 4050 senectam
2881 3996 3135 4059 exuendo,
3163 3995 3346 4049 acula-

1777 4107 1991 4161 rurnque
2021 4093 2185 4145 aciem
2214 4107 2368 4144 succo
2401 4090 2512 4159 ejus
2562 4089 2856 4159 refovendo.
2898 4089 3218 4143 Aristoteles
3263 4094 3348 4140 ta-

1777 4196 1898 4234 men
1921 4219 1935 4244 ,
1972 4179 2067 4234 lib.
2096 4195 2190 4234 Vill
2224 4179 2296 4234 De
2333 4180 2457 4234 hist.
2507 4181 2669 4233 attint.
2692 4221 2708 4246 ,
2753 4195 2873 4249 cap.
2911 4179 3010 4244 17,
3039 4179 3252 4233 videtur
3289 4178 3345 4232 in

1776 4285 1838 4325 ea
1876 4287 1997 4326 esse
2027 4273 2297 4326 sententia
2319 4310 2333 4334 ,
2377 4271 2422 4327 si
2459 4283 2605 4326 recte
2637 4270 2758 4339 ejus
2797 4271 2960 4324 verba
2989 4270 3347 4324 consideren-

1779 4371 1900 4427 tur,
1930 4363 2182 4418 videlicet
2220 4372 2501 4432 serpentes
2529 4378 2638 4417 non
2671 4379 2792 4417 esse
2821 4378 2995 4417 caecos
3029 4381 3042 4415 :
3084 4361 3178 4416 sed
3218 4362 3348 4430 quia

102 4461 218 4513 tur,
245 4451 335 4519 qui
368 4465 489 4504 cum
521 4449 680 4503 reniti
706 4465 813 4503 non
848 4448 1020 4517 possit
1045 4446 1436 4516 perrumpitur,
1460 4453 1514 4500 et
1542 4461 1674 4500 acus

1780 4460 1938 4529 pellis
1959 4460 2048 4512 illa
2073 4461 2186 4514 sive
2211 4465 2428 4514 senecta
2452 4458 2686 4527 primum
2717 4456 3024 4510 detrahitur
3053 4456 3120 4508 ab
3145 4455 3345 4516 oculis,

100 4544 336 4598 marinae
368 4541 614 4611 exemplo
647 4539 975 4610 persuadere
1007 4549 1254 4599 conatur,
1278 4553 1399 4607 quae
1429 4538 1557 4607 quia
1583 4552 1674 4591 ca-

100 4652 298 4707 pacem
321 4636 498 4688 alvum
531 4650 636 4687 non
660 4634 861 4687 habent
888 4633 1139 4686 similiter
1160 4631 1468 4685 allieiuntur
1496 4647 1526 4684 a
1559 4631 1675 4685 suis

103 4729 335 4783 fetibus.
361 4725 590 4790 Plinius,
623 4726 660 4779 l.
690 4725 779 4780 d.:
817 4725 996 4778 Tertia
1018 4725 1101 4776 die
1131 4726 1273 4777 intra
1296 4733 1502 4775 uterum
1527 4733 1676 4774 catu-

103 4820 187 4873 los
218 4816 482 4880 excludit,
516 4815 700 4869 deinde
743 4815 977 4884 singulos
1019 4813 1197 4866 diebus
1239 4813 1460 4880 singulis
1509 4812 1673 4880 parit,

101 4910 291 4980 viginti
333 4909 439 4977 fere
467 4925 704 4962 numero.
735 4906 922 4976 Itaque
950 4905 1128 4959 ca'teri
1188 4903 1460 4956 tarditatis
1489 4904 1676 4971 impa—

102 5010 292 5059 tientes
323 5009 663 5073 perrumpunt
698 5001 867 5053 latera
900 4999 1073 5050 occisa
1098 5005 1332 5064 parente.
1358 4997 1675 5050 Aristoteles

100 5109 311 5158 tamen,
349 5095 423 5149 De
457 5095 580 5149 hist.
612 5095 801 5154 anim.,
837 5092 928 5153 lib.
958 5106 1019 5151 v,
1050 5105 1172 5158 cap.
1205 5089 1328 5153 ult.,
1361 5088 1519 5140 aliter
1549 5103 1675 5140 sen-

98 5193 170 5245 tit
211 5198 269 5247 et
309 5197 517 5243 narrat.
577 5187 806 5257 Ideoque
853 5187 921 5239 ab
959 5184 1235 5253 aliquibus
1278 5183 1378 5235 hoc
1425 5180 1584 5235 sicuti
1619 5187 1674 5233 et

99 5283 341 5352 primum
370 5279 437 5335 de
459 5281 764 5350 viperarum
792 5279 938 5332 coitu
973 5278 1049 5330 uti
1075 5277 1382 5330 fabulosum
1407 5272 1670 5340 rejicitur.

99 5373 262 5427 Parit
290 5372 499 5424 catulos
547 5370 818 5425 obuolutas
867 5371 1187 5423 membrams
1210 5405 1225 5430 ,
1256 5382 1372 5435 qute
1400 5365 1557 5419 tertia
1589 5363 1673 5417 die

95 5474 442 5533 rumpuntur.
474 5461 741 5533 Contingit
769 5479 884 5516 vero
934 5475 1310 5529 nonnunquam
1334 5499 1350 5522 ,
1387 5466 1443 5509 ut
1483 5457 1571 5527 qui
1619 5457 1673 5509 in

93 5567 251 5611 utero
296 5555 469 5609 adhuc
509 5565 632 5610 sunt
682 5553 886 5608 abrosis
939 5552 1260 5607 membranis
1306 5556 1668 5618 prorumpunt.

95 5648 353 5719 Singulas
379 5646 563 5702 diebus
597 5648 818 5717 singulis
861 5647 1038 5716 parit,
1065 5645 1244 5714 plures
1269 5659 1426 5714 quam
1467 5642 1668 5712 viginti.

100 5739 466 5795 Verissimum
500 5739 682 5808 itaque
711 5747 795 5793 est
836 5751 1122 5808 superesse
1166 5735 1345 5806 partui
1389 5747 1490 5788 suo
1523 5731 1671 5800 vipe-

1775 4552 1904 4609 dum
1926 4559 2223 4614 exuuntur,
2241 4551 2362 4604 ideo
2385 4551 2453 4604 iis
2469 4551 2558 4619 qui
2580 4556 2692 4602 rem
2717 4564 2822 4602 non
2851 4547 3155 4615 intelligunt
3179 4547 3346 4601 videri

1774 4659 1949 4698 catcos
1979 4642 2115 4704 ﬁeri,
2135 4642 2301 4695 Ὅταν
2321 4641 2377 4695 δὲ
2410 4641 2683 4712 ἄρχωνται
2712 4637 2951 4690 ὲκδύνειν
2975 4638 3022 4688 οἱ
3050 4635 3222 4703 ὄφεις,
3241 4636 3349 4689 ἀπὸ

1773 4737 1878 4788 τῶν
1917 4735 2207 4805 ὀφθαλμῶν
2239 4732 2565 4801 ἀφίστασθαι
2597 4730 2808 4802 πρῶτόν
2847 4745 3042 4796 φασιν,
3084 4727 3222 4780 ὥστε
3260 4727 3348 4779 δο-

1774 4829 1888 4879 κεῖν
1929 4826 2172 4894 γίνεσθαι
2211 4825 2444 4892 τυφλοὺς
2486 4826 2598 4884 τοῖς
2642 4822 2714 4892 μὴ
2756 4820 2994 4873 συνιοῦσι
3044 4818 3106 4872 τὸ
3154 4819 3342 4881 πάθος.

1773 4917 1976 4972 Natura
2009 4917 2426 4987 perlectioribus
2453 4913 2780 4968 animalibus
2813 4912 3018 4973 invida,
3051 4914 3133 4964 sui
3165 4919 3343 4963 tamen

1775 5011 1830 5064 in
1863 5011 2205 5078 serpentibus
2248 5007 2474 5077 prodiga
2531 5005 2890 5074 conspicitur.
2941 5002 2996 5056 Si
3057 5003 3142 5056 cui
3201 5000 3344 5054 enim

1773 5103 1858 5156 vel
1893 5102 2227 5156 levissimum
2263 5099 2390 5169 quid
2419 5099 2471 5152 in
2503 5099 2692 5152 oculos
2725 5095 3000 5166 injeceris,
3027 5103 3222 5162 praater
3249 5091 3342 5144 σου

1775 5189 1917 5243 lores
1944 5190 2259 5250 immensos,
2277 5196 2328 5242 et
2351 5188 2637 5257 lacrymas,
2658 5201 2778 5256 quae
2793 5184 3058 5239 continuo
3079 5180 3341 5242 deﬂuunt,

1772 5287 1858 5334 est
1902 5291 1956 5334 et
1999 5280 2299 5350 periculum
2357 5278 2498 5339 illis,
2539 5293 2605 5332 ne
2665 5277 2854 5330 morbo
2895 5275 3114 5330 obnoxii
3161 5259 3343 5326 lumen

1773 5371 2046 5425 amittant.
2074 5370 2228 5437 Quod
2261 5371 2308 5426 si
2346 5369 2675 5438 contigerit,
2713 5383 2980 5438 nusquam
3011 5366 3076 5420 ad
3111 5366 3342 5436 primam

1773 5461 1918 5515 illam
1968 5464 2138 5516 aciem
2175 5463 2386 5534 regredi
2412 5464 2614 5519 valent.
2648 5462 3004 5530 Serpentibus
3034 5460 3086 5514 id
3117 5473 3342 5515 conces-

1774 5555 1878 5618 sit,
1907 5569 2140 5623 quorum
2171 5557 2362 5611 oculos
2393 5555 2437 5611 si
2471 5556 2821 5618 laceraveris,
2848 5554 2938 5608 alii
2966 5559 3339 5618 renascentur,

1771 5653 1826 5700 et
1867 5646 2008 5700 idem
2054 5663 2178 5699 cum
2219 5648 2496 5716 prioribus
2530 5663 2730 5702 munus
2761 5645 3114 5717 praestabunt.
3147 5643 3342 5698 Notavi

1773 5746 1836 5787 ex
1867 5731 2178 5795 Aristotele,
2209 5731 2282 5786 De
2311 5734 2435 5788 hist.
2475 5734 2662 5798 anim.,
2697 5732 2789 5789 lib.
2828 5746 2864 5784 n
2885 5771 2901 5796 ,
2926 5745 3045 5794 cap.
3078 5727 3143 5781 17
3163 5767 3179 5790 ,
3211 5725 3342 5783 Euc-
