3810 6168
440 277 546 339 963

1737 268 1982 327 LEONIS
2017 265 2288 323 ALLATII

3598 263 3712 316 96!

439 401 554 453 nire
590 393 918 466 ser-pentibus
947 390 1086 448 idem
1118 391 1254 462 quod
1286 388 1447 458 pullis
1491 387 1836 440 hirundinum
1867 402 2018 439 non-

2136 398 2220 444 τας
2239 398 2250 410 ·
2285 380 2378 433 καὶ
2399 381 2524 442 τοὺς
2553 376 2758 442 ἰδόντας
2781 379 2943 434 αὐτόν
2965 394 2976 406 ·
2999 374 3094 433 καὶ
3115 377 3197 433 ὅτι
3218 373 3326 432 τῶν
3352 377 3536 434 ἄλλων
3553 375 3716 441 ζώων

440 490 576 544 nulli
604 490 786 550 aiunt;
803 487 971 542 oculis
992 487 1130 540 enim
1153 491 1449 552 serpentum
1475 480 1746 544 laceratis,
1765 478 2015 532 subnasci

443 581 578 635 alios
602 578 872 649 referunt;
905 577 1094 630 caudte
1127 577 1290 629 etiam
1319 572 1534 625 lacertis
1575 579 1730 640 atque
1756 568 2014 638 serpenti-

444 673 540 725 bus
570 681 860 740 amputata.-
891 679 1261 722 renascuntur.
1291 662 1522 723 Plinius,
1542 661 1635 716 lib.
1669 675 1744 723 XI,
1769 675 1890 728 cap.
1925 657 2014 720 37,

447 763 759 834 Serpentum
773 761 965 815 catulis
981 769 1030 814 et
1058 757 1403 812 hirundinum
1424 754 1606 826 pullis,
1625 753 1670 806 si
1701 751 1818 820 quis
1841 757 2015 812 eruat,

445 857 652 912 renasci
683 855 922 909 tradunt.

517 946 650 1001 Ibid.
668 946 776 1000 Kal
792 943 1142 1012 νηστεύσας
1156 939 1400 1009 ἡμέρας.
1428 937 1770 994 Aristoteles.
1789 933 1863 988 De
1891 933 2016 988 hist.

444 1039 609 1092 anim.
642 1038 678 1092 l.
708 1051 827 1100 νιη,
869 1051 918 1089 c.
955 1035 1010 1100 4,
1042 1033 1135 1087 diu
1157 1041 1211 1086 et
1240 1038 1521 1099 serpentes
1553 1036 1608 1082 et
1631 1026 1920 1097 phalangia
1946 1023 2022 1077 vi-

445 1145 572 1184 vere
613 1143 773 1198 posse
810 1128 930 1182 sine
967 1125 1091 1180 cibo
1150 1122 1402 1184 afﬁrmat,
1441 1117 1585 1190 quod
1624 1134 1691 1172 ex
1739 1117 1829 1180 iis,
1881 1129 2021 1185 quos

444 1219 877 1292 pharmacopolae
925 1218 1078 1270 alunt
1109 1217 1456 1284 perspicuum
1504 1218 1610 1267 est.
1664 1210 2020 1280 Epiphanius,

445 1315 499 1368 in
541 1312 779 1382 Physiol.
809 1327 860 1365 c.
888 1311 954 1363 15
980 1328 992 1363 :
1029 1309 1198 1361 Ὅταν
1231 1305 1507 1377 γηράσκῃ,
1543 1304 1903 1374 ἀμϐλύνονται
1929 1301 2024 1354 αὐ-

443 1404 537 1458 τοῦ
570 1405 619 1456 οἱ
649 1402 936 1472 ὀφθαλμοὶ,
968 1400 1062 1452 καὶ
1092 1398 1187 1451 ἐὰν
1235 1396 1549 1460 ἀνανεάζειν
1594 1395 1780 1448 ἑαυτὸν
1827 1393 2023 1465 βούλη-

442 1513 554 1558 ται,
582 1493 829 1565 νηστεύει
855 1494 1067 1563 ἡμέρας
1095 1490 1523 1561 τεσσαράκοντα,
1544 1488 1648 1550 ἓως
1675 1486 1741 1540 ἂν
1767 1487 1829 1540 τὸ
1853 1485 2024 1556 δέμας

445 1587 612 1643 αὐτοῦ
665 1585 914 1657 χαυνωθῇ
937 1627 951 1650 ,
992 1585 1088 1638 καὶ
1134 1584 1381 1654 εὑρίσκει
1438 1581 1663 1651 πέτραν,
1711 1581 1806 1634 καὶ
1856 1584 2025 1652 ῥαγαι

445 1679 692 1734 δαστεύει
713 1697 725 1709 ·
768 1677 1053 1750 προκύψας
1085 1675 1141 1728 δὲ
1179 1675 1266 1728 διὰ
1310 1675 1407 1745 τῆς
1435 1674 1573 1744 ὀπῆς
1603 1673 1822 1726 ὠθεῖται
1853 1671 2025 1742 περά-

450 1785 561 1833 σαι,
613 1769 707 1822 καὶ
751 1767 1002 1822 ὲκὸάλλει
1052 1765 1114 1819 τὸ
1160 1765 1339 1836 γῆρας
1359 1804 1374 1828 ,
1427 1766 1521 1818 καὶ
1567 1762 1857 1820 ἀποϐαλὼν
1893 1761 2026 1816 αὐτὸ

445 1861 729 1933 τερπωλὴν
767 1860 995 1933 παρέχει
1031 1858 1348 1915 νεανίσκων,

521 1952 680 2020 lbid.,
712 1954 810 2007 lin.
843 1953 932 2007 10.
984 1951 1098 2005 Καὶ
1127 1951 1460 2019 εἰσέρχεται
1491 1951 1580 2016 εἰς
1602 1952 1740 2018 par.
1792 1946 2027 2019 Serpen-

448 2054 534 2103 tes
564 2057 836 2103 senectam
879 2061 1079 2100 exuere
1126 2045 1378 2099 scribunt
1403 2045 1746 2107 Aristoteles,
1780 2043 1858 2097 De
1899 2043 2022 2098 hist.

450 2139 612 2194 anim.
665 2138 759 2192 lib.
810 2152 930 2198 vnt,
973 2151 1022 2192 c.
1063 2136 1159 2200 l7;
1197 2135 1469 2198 Ailianus,
1517 2135 1553 2190 Ι.
1585 2151 1659 2198 Ix,
1691 2150 1743 2190 c.
1793 2136 1895 2203 i6;
1933 2134 2027 2188 Ni-

450 2231 676 2292 cander,
731 2229 786 2283 in
841 2227 1144 2286 Theriacis;
1199 2227 1493 2298 Virgilius,
1553 2242 1591 2281 tt
1643 2227 1830 2296 Georg.
1885 2237 1939 2282 et
1985 2243 2024 2282 ll

449 2320 708 2386 ,ΕπεΜά
749 2319 998 2384 Nonnus,
1029 2318 1386 2390 Dionysiacon
1435 2320 1469 2372 ι.
1505 2334 1624 2384 xu;
1661 2318 1938 2378 Simmias,
1971 2320 2026 2372 in

450 2410 616 2476 Ala.;
653 2409 923 2465 Tlteodor.
974 2410 1012 2466 Ι.
1047 2425 1063 2464 t
1100 2409 1452 2478 Therapeut.;
1494 2407 1726 2471 Plinius,
1759 2409 1795 2462 l.
1822 2425 1943 2471 vttI,
1973 2423 2024 2464 c.

445 2504 518 2557 27
546 2521 558 2558 :
591 2502 793 2573 Anguis
823 2501 1053 2572 hyberno
1083 2502 1190 2555 situ
1224 2501 1526 2555 membrana
1549 2503 1782 2570 corporis
1802 2500 2028 2554 obducta

451 2595 684 2665 faeniculi
715 2609 868 2646 succo
899 2591 1326 2659 impedimentum
1369 2591 1504 2644 illud
1537 2593 1702 2654 exuit,
1729 2590 2028 2660 nitidusque

449 2696 652 2742 vernat.
705 2683 867 2740 Exuit
896 2694 1071 2738 autem
1106 2700 1139 2736 a
1176 2683 1344 2751 capite
1386 2684 1638 2751 primum,
1673 2699 1765 2736 nec
1807 2683 2028 2737 celerius

450 2797 611 2851 quam
642 2795 745 2833 uno
771 2779 877 2840 die,
910 2794 972 2831 ac
1006 2787 1153 2830 nocte
1183 2773 1465 2844 replicans,
1492 2786 1550 2829 ut
1575 2789 1726 2830 extra
1750 2779 1846 2844 ﬁat
1868 2793 2030 2830 mem-

453 2872 644 2931 brana,
696 2867 833 2938 quod
883 2867 1057 2936 fuerat
1104 2866 1282 2929 intus;
1335 2863 1536 2930 Horus,
1571 2865 1605 2920 l.
1658 2881 1697 2928 ι.
1745 2881 1796 2920 c.
1828 2864 1884 2919 2.
1920 2863 2030 2920 Nec

455 2961 631 3031 parcit
672 2958 774 3012 bac
804 2958 859 3011 in
895 2972 954 3012 re
997 2955 1251 3010 Cardano
1295 2953 1558 3025 Scaliger,
1593 2970 1772 3010 exere.
1811 2955 1930 3018 189,
1969 2972 2024 3010 n.

455 3053 512 3116 3,
551 3051 646 3108 sed
681 3065 902 3105 causam
942 3048 1231 3103 adductam
1264 3063 1432 3118 quare
1455 3056 1735 3117 serpentes
1774 3059 2027 3103 senectu-

455 3150 565 3198 tem
621 3148 827 3196 exuunt
882 3146 1105 3209 propter
1160 3138 1462 3192 siccitatem
1509 3137 1776 3192 duntaxat
1832 3137 2030 3194 refellit

454 3234 704 3303 exemplo
733 3231 1024 3294 stellionis,
1056 3229 1149 3300 qui
1177 3244 1287 3284 non
1319 3237 1406 3284 est
1455 3230 1640 3285 siccus
1675 3237 1731 3284 et
1771 3231 1942 3294 exuit,
1977 3237 2032 3284 et

454 3328 713 3382 arborum
757 3325 1076 3387 sicciorum,
1107 3321 1201 3393 qui
1238 3322 1498 3378 corticem
1541 3323 1749 3376 nullum
1780 3329 2029 3390 mutant;

455 3420 865 3483 cantharidum,
897 3432 1021 3488 quia
1051 3416 1191 3470 inter
1218 3415 1426 3470 insecta
1451 3415 1772 3470 siccissimas
1797 3423 1946 3478 sunt,
1979 3421 2032 3468 et

455 3513 714 3568 cimieum
752 3510 1076 3574 volantium,
1108 3523 1247 3578 quos
1280 3507 1397 3578 ipse
1435 3523 1495 3564 se
1526 3509 1716 3579 igneos
1746 3513 2031 3577 expertum

456 3618 584 3660 esse
620 3604 838 3658 fatetur.

532 3695 693 3759 Ibid,
729 3695 828 3749 lin.
859 3695 947 3750 l5.
969 3696 1155 3748 Ὅταν
1187 3694 1255 3748 δὲ
1288 3691 1547 3762 διψήσῃ.
1579 3689 1656 3748 De
1677 3690 1882 3760 vipera,
1912 3704 2033 3760 quae

456 3802 727 3842 Venenum
775 3787 993 3856 exspuit
1027 3787 1154 3840 dum
1196 3801 1321 3841 cum
1364 3799 1605 3839 murazna
1655 3781 2028 3853 congreditur,

459 3880 602 3936 idem
618 3881 867 3933 scribunt
887 3879 1168 3949 Oppianus
1194 3879 1448 3934 Ἀλιευτ.
1469 3894 1485 3932 l
1507 3895 1522 3945 ;
1545 3875 1699 3933 Phile
1715 3877 1772 3932 in
1785 3875 1814 3929 Ι
1819 3875 1988 3930 ambis
2009 3891 2030 3940 ;

458 3969 698 4023 Achilles
729 3967 940 4028 Tatius,
976 3977 1030 4023 et
1068 3969 1182 4023 alii.
1916 3951 1920 3957 l

531 4059 692 4124 lbid.,
730 4060 827 4114 lin.
862 4060 951 4116 19.
982 4061 1044 4114 '0
1075 4060 1144 4114 δὲ
1164 4061 1538 4126 βασιλίσκος
1561 4061 1673 4114 ὶόν.
1706 4059 2030 4114 Basiliscum

457 4159 514 4207 et
533 4152 734 4206 olfactu
767 4159 1070 4213 nccantem,
1106 4160 1159 4205 et
1187 4151 1459 4206 hominem
1489 4152 1532 4208 si
1561 4150 1790 4222 aspiciat
1819 4158 2030 4204 tantum

459 4246 775 4300 interimere
807 4245 941 4298 dicit
985 4243 1217 4306 Plinius,
1253 4245 1349 4298 lib.
1385 4261 1533 4311 xxix,
1564 4259 1686 4314 cap.
1731 4243 1787 4307 4,
1834 4244 1889 4298 in
1922 4258 2032 4313 quo

459 4338 580 4392 loco
631 4353 730 4407 pro
779 4336 1001 4405 olfactu,
1055 4335 1235 4407 afﬂatu
1282 4337 1628 4392 restituerem
1660 4351 1726 4392 ex
1751 4337 2030 4390 communi

2116 472 2171 526 εἴ
2198 489 2250 524 τι
2284 471 2376 525 καὶ
2407 472 2604 540 ἅψαιτο
2648 470 2743 524 τοῦ
2792 470 2931 536 (dion
2965 471 3291 543 ἀνηρμένου,
3324 472 3420 524 καὶ
3447 471 3587 523 αὐτὸ
3613 487 3712 522 τε-

2117 563 2281 633 λευτᾷ
2307 563 2529 626 εὐθέως,
2559 579 2654 615 και
2679 562 2767 615 διὰ
2792 561 2952 616 τοῦτο
2985 565 3095 616 πᾶν
3129 562 3294 617 αὑτοῦ
3324 563 3386 617 τὸ
3414 563 3579 632 γένος
3599 564 3714 617 τῶν

2116 654 2290 710 ἄλλων
2335 654 2540 724 Θηρίων
2589 655 2757 722 ἐγγὺς
2804 650 2943 708 εἶναι
2974 654 3322 724 φυλάττεται.
3370 654 3586 709 Eadem
3619 670 3713 709 re-

2121 746 2228 800 fert
2260 744 2462 810 Horus,
2511 746 2603 800 lib.
2657 761 2697 810 ι,
2733 760 2854 815 cap.
2891 746 2943 809 1,
2993 753 3047 800 et
3086 746 3182 800 lib.
3224 761 3283 809 ll,
3315 760 3438 815 cap.
3469 744 3538 798 61
3567 763 3583 810 ;
3617 746 3714 798 Al-

2119 838 2309 893 bertus
2350 838 2600 907 Magnus.
2631 837 2726 891 lib.
2757 853 2864 890 xxv
2895 835 2970 890 De
2997 839 3187 902 anim.,
3207 839 3489 891 nominum
3526 837 3714 891 diver-

2119 931 2278 985 sitate
2325 929 2606 999 deceptus,
2639 929 2955 986 basiliscum
2979 929 3413 998 congeminando
3455 930 3606 983 duas
3639 930 3711 982 il-

2121 1021 2227 1076 lius
2281 1021 2494 1090 species
2572 1020 2819 1076 diversas
2868 1021 3184 1085 constituit;
3259 1020 3536 1090 siquidem
3595 1020 3710 1074 duo

2121 1114 2299 1179 capita
2353 1109 2502 1174 facit,
2541 1111 2774 1164 alterum
2806 1111 2874 1166 de
2927 1111 3202 1177 basilisco,
3237 1112 3466 1165 alterum
3501 1113 3577 1166 de
3619 1127 3718 1164 ur-

2121 1217 2299 1256 mene.
2323 1201 2604 1258 Avicenna
2627 1201 2862 1270 dubitat,
2889 1205 3033 1259 sitne
3055 1203 3194 1258 idem
3223 1220 3448 1273 serpens
3476 1219 3716 1259 annene

2123 1309 2248 1347 cum
2285 1294 2562 1357 basilisco,
2614 1295 2699 1349 vel
2730 1296 3003 1351 diversus.
3055 1294 3313 1350 Nicolaus
3356 1295 3718 1352 Leonicenus

2125 1401 2403 1440 armenem
2433 1393 2489 1440 et
2517 1387 2834 1442 basiliscum
2866 1388 3081 1442 unicam
3102 1403 3224 1442 esse
3247 1390 3485 1458 speciem
3522 1398 3580 1444 et
3599 1405 3716 1443 non

2125 1479 2264 1535 duas
2296 1480 2482 1535 multis
2529 1481 2870 1550 argumentis
2921 1495 2982 1536 ac
3025 1481 3328 1536 rationibus
3357 1483 3582 1551 probat,
3625 1498 3718 1536 re-

2125 1567 2370 1640 fellitque
2422 1571 2725 1635 Albertum,
2758 1578 2812 1625 et
2855 1569 3212 1634 Avicennam,
3252 1579 3306 1625 et
3331 1571 3716 1641 quorumdam

2127 1663 2356 1717 aliorum
2389 1663 2725 1732 opinionem,
2753 1663 2846 1733 qui
2890 1677 3166 1718 armenem
3198 1679 3362 1717 unum
3396 1680 3526 1718 cum
3559 1675 3721 1718 calo-

2058 1731 2099 1790 B
2128 1755 2286 1824 blepa
2332 1731 3045 1825 coristituebantiDecepti,
3085 1765 3142 1810 ut
3169 1763 3323 1825 puto,
3373 1755 3720 1810 auctoritate

2128 1847 2312 1913 Plinii,
2359 1849 2451 1918 qui
2493 1849 2587 1903 lib.
2631 1865 2749 1912 vm,
2785 1849 2948 1920 capit.
2981 1848 3072 1913 21,
3107 1849 3203 1913 ait,
3239 1849 3718 1920 quemadmodum

2128 1939 2468 2004 basiliscum,
2495 1939 2567 1993 ita
2594 1947 2650 1994 et
2677 1941 3013 2009 catoblepam
3040 1939 3122 1993 vel
3144 1939 3258 1993 solo
3277 1949 3501 2008 aspectu
3531 1940 3721 1992 homi-

2128 2046 2228 2086 nes
2285 2039 2450 2102 atque
2481 2032 2587 2086 alia
2617 2032 2871 2086 animalia
2896 2032 3226 2086 interimere.
3265 2031 3419 2088 Mons
3446 2033 3582 2086 item
3615 2035 3719 2102 qui

2128 2119 2410 2191 Narsingae
2463 2136 2690 2192 regnum
2742 2120 2939 2176 dividit
2988 2135 3018 2174 a
3051 2119 3339 2176 Malabaris
3373 2121 3580 2175 multas
3613 2122 3721 2174 alit

2130 2213 2296 2281 feras,
2332 2215 2472 2268 inter
2503 2230 2640 2284 quas
2668 2215 2843 2270 alatos
2874 2230 3082 2285 angues
3120 2214 3408 2269 arboribus
3436 2215 3719 2270 insisten—

2130 2313 2236 2370 tes,
2271 2321 2410 2376 quos
2442 2307 2596 2360 aiunt
2639 2308 2758 2362 solo
2789 2307 3003 2372 afﬂatu;
3030 2309 3116 2363 vel
3162 2310 3324 2364 etiam
3359 2309 3581 2373 obtutu,
3613 2325 3720 2364 eos

2128 2399 2221 2467 qui
2275 2401 2500 2467 propius
2552 2399 2822 2454 accedunt
2873 2400 3196 2456 interﬁcere.
3248 2399 3425 2456 Julius
3456 2399 3719 2472 Scaliger

2129 2489 2184 2542 in
2217 2487 2550 2555 Cardanum,
2587 2492 2813 2545 exercit.
2838 2491 2961 2546 249.
2995 2491 3180 2557 refert,
3208 2508 3266 2548 se
3317 2493 3516 2562 legisse
3563 2494 3716 2562 apud

2129 2583 2462 2637 recentiores
2485 2581 2669 2637 Romae
2689 2581 2869 2638 Leone
2893 2583 3146 2653 pontifice
3177 2584 3412 2638 maxime
3436 2583 3509 2638 ad
3536 2586 3715 2639 aedem

2128 2672 2311 2729 Lucius
2349 2675 2450 2730 sub
2482 2675 2687 2730 fornice
2714 2675 3050 2730 stabulalum
3080 2691 3203 2732 esse
3235 2676 3582 2740 basiliscum,
3612 2692 3717 2731 cu-

2125 2767 2218 2837 jus
2249 2769 2428 2822 aﬂlatu
2464 2784 2657 2837 magna
2692 2769 2778 2822 lue
2813 2767 3003 2824 aﬂ'ecta
3041 2767 3216 2824 Roma
3248 2770 3438 2832 'fucrit,
3469 2785 3716 2840 eumque

2130 2857 2275 2912 illico
2332 2856 2606 2926 pontificis
2662 2858 2917 2928 precibus
2959 2859 3312 2914 exstinctum.
3378 2857 3712 2913 Basiliscum

2130 2967 2241 3005 non
2272 2951 2541 3004 incantari
2571 2959 2825 3006 testatum
2847 2961 2932 3006 est
2949 2951 3123 3006 sacris
3140 2949 3361 3007 Litteris
3387 2971 3400 3005 :
3425 2949 3564 3005 Ecce
3594 2969 3710 3022 ego,

2131 3043 2298 3113 inquit
2335 3041 2612 3108 Dominus,
2638 3045 2843 3096 mittam
2879 3045 3019 3098 vobis
3047 3055 3304 3115 serpentes
3330 3047 3564 3117 regulos,
3594 3050 3713 3119 qui-

2132 3133 2225 3188 bus
2252 3151 2353 3188 non
2373 3144 2449 3188 est
2477 3135 2788 3201 incantatio,
2807 3146 2854 3190 et
2879 3137 3182 3191 mordebant
3211 3141 3349 3194 vos'.
3383 3138 3528 3206 Quin
3546 3143 3709 3196 etiam

2130 3224 2349 3296 quidam
2381 3225 3064 3285 credideruntbasiliscum
3099 3229 3510 3288 incantamenta
3531 3233 3710 3289 discu-

2131 3332 2266 3381 tere.
2300 3331 2354 3378 et
2384 3322 2454 3376 ab
2483 3323 2571 3378 his
2607 3323 2720 3393 jam
2757 3333 2950 3395 captos
2982 3327 3120 3382 alios
3165 3336 3452 3398 serpentes
3484 3331 3626 3385 solvi
3661 3343 3712 3387 et

2132 3414 2373 3470 liberari.
2421 3413 2610 3470 Obiter
2653 3416 2894 3470 notanda
2925 3425 3009 3472 est
3055 3418 3143 3474 hic
3175 3418 3468 3490 Augustini
3526 3422 3712 3496 Eugu-

2130 3507 2246 3562 hini
2291 3509 2586 3574 sententia,
2639 3509 2733 3580 qui
2780 3511 2835 3564 in
2881 3507 3210 3580 Cosmopteia
3259 3524 3576 3584 serpentem
3619 3519 3713 3589 qui

2131 3597 2297 3653 Evam
2348 3601 2559 3672 decepit
2617 3600 2791 3658 fuisse
2837 3602 3158 3659 basiliscum
3203 3618 3410 3671 censet,
3455 3622 3521 3664 ut
3569 3613 3714 3667 sicut

2132 3691 2403 3756 diabolus,
2433 3695 2524 3763 qui
2557 3695 2786 3750 tentavit
2816 3695 3006 3762 Evam,
3041 3699 3298 3769 princeps
3327 3700 3506 3758 fuisse
3536 3707 3714 3759 credi-

2132 3789 2223 3836 tur
2255 3783 2584 3850 daemonum,
2614 3786 2689 3839 ita
2730 3803 2864 3843 usus
2897 3788 2969 3843 sit
3009 3797 3067 3842 ut
3103 3805 3306 3860 organo
3338 3807 3406 3845 eo
3435 3805 3712 3864 superne,

2133 3876 2228 3945 qui
2288 3876 2533 3930 omnium
2590 3887 2906 3948 serpentum
2975 3888 3234 3950 tanquam
3294 3899 3392 3938 rex
3457 3885 3712 3942 habetur.

2134 3964 2290 4020 Hunc
2318 3982 2447 4021 vero
2480 3983 2604 4023 esse
2646 3969 2987 4033 basiliscum,
3020 3981 3073 4025 et
3120 3988 3318 4027 nomen
3357 3975 3543 4045 ipsum
3576 3979 3716 4032 iudi-

2132 4066 2241 4120 cat,
2272 4067 2326 4113 et
2371 4075 2491 4130 quas
2538 4061 2606 4116 de
2662 4062 2970 4117 incredibili
3017 4065 3137 4135 ejus
3189 4066 3255 4119 ad
3307 4070 3624 4126 nocendum
3660 4075 3711 4127 vi

2131 4147 2340 4204 Plinius
2367 4158 2420 4205 et
2452 4150 2671 4207 Solinus
2707 4155 2949 4209 tradunt.
3259 4160 3266 4166 ’

2206 4241 2367 4308 Ibid.,
2399 4244 2492 4298 lin.
2525 4243 2614 4298 22.
2661 4245 2996 4314 Ἰστοροῦοι
3022 4246 3090 4300 δὲ
3122 4251 3324 4303 αὐτόν.
3359 4249 3631 4324 Origenes
3657 4256 3706 4308 in

2132 4342 2324 4388 catena
2371 4334 2555 4390 Graeca
2588 4338 2644 4389 in
2695 4335 2917 4403 Jerem.,
2949 4355 3072 4410 cap.
3104 4339 3170 4394 49
3202 4360 3215 4395 :
3242 4343 3352 4395 Καὶ
3400 4345 3561 4413 ὄφεις
3609 4350 3712 4419 γὰρ

458 4437 746 4484 auctorum
801 4429 1093 4492 sententia,
1143 4429 1234 4498 qtti
1294 4427 1474 4482 aﬂlatu
1519 4444 1678 4484 suum
1709 4429 1859 4484 virus
1913 4429 2025 4482 cir-

2136 4427 2401 4491 ῐοὸόλὶους
2447 4429 2912 4494 εικατακλείσεις,
2963 4432 3083 4501 ὄψει
3120 4435 3245 4497 τοὺς
3303 4436 3559 4501 ἀσθενεῖς
3613 4441 3712 4492 ὑπὸ

459 4537 845 4591 cumspargere
871 4521 1084 4582 dicunt,
1113 4527 1168 4574 et
1200 4520 1376 4588 ipsius
1406 4519 1566 4573 Plinii
1599 4519 1802 4581 verbis,
1842 4520 1878 4574 Ι.
1910 4535 2029 4581 vm,

459 4628 509 4667 c.
543 4611 606 4666 21
635 4631 646 4667 :
671 4611 865 4667 Eadem
887 4622 935 4666 et
967 4611 1202 4666 basilisci
1227 4612 1478 4678 serpentis
1511 4619 1588 4664 est
1622 4610 1716 4664 vis.
1742 4609 2035 4680 Cyrenaica

458 4701 594 4756 hunc
619 4711 828 4771 generat
868 4703 1161 4770 prouincia,
1204 4717 1278 4755 xu
1328 4717 1430 4755 non
1468 4700 1697 4770 amplius
1745 4703 2032 4771 digitorum

459 4793 837 4864 magnitudine,
873 4794 1103 4848 candida
1147 4795 1200 4848 in
1235 4795 1405 4863 capite
1437 4795 1668 4857 macula,
1719 4802 1776 4848 ut
1803 4795 2033 4866 quodam

456 4885 756 4938 diademate
798 4887 1070 4956 insignem.
1122 4885 1290 4938 Sibilo
1338 4901 1513 4939 omnes
1551 4886 1702 4955 fugat
1747 4896 2030 4956 serpentes,

459 4995 550 5033 nec
590 4979 733 5048 ﬂexu
766 4980 1045 5047 multiplici
1076 4988 1131 5030 ut
1176 4978 1392 5047 reliqua:
1433 4996 1621 5048 corpus
1666 4979 1910 5048 impellit,
1941 4980 2032 5033 sed

458 5071 628 5124 celsus
665 5081 714 5125 et
757 5079 958 5124 erectus
1005 5071 1058 5124 in
1105 5070 1274 5124 medio
1305 5071 1565 5125 incedens.
1621 5069 1786 5124 Necat
1818 5071 2033 5139 frutices

460 5178 564 5216 non
597 5171 865 5215 contactos
896 5161 1070 5224 modo,
1117 5179 1292 5217 verum
1338 5174 1387 5216 et
1435 5163 1637 5233 amatos
1666 5179 1683 5215 :
1710 5165 1883 5216 exurit
1917 5164 2035 5217 her-

457 5250 552 5306 bas
579 5269 595 5306 :
625 5255 821 5320 rumpit
852 5268 1010 5316 saxa,
1057 5253 1180 5308 talis
1213 5256 1288 5308 vis
1318 5255 1458 5307 malo
1497 5263 1594 5308 est.
1641 5253 1901 5318 Galenus,
1935 5256 2030 5309 lib.

459 5343 539 5396 De
566 5343 821 5398 Tlteriaca
849 5343 917 5397 ad
965 5343 1216 5399 Pisonem
1251 5363 1263 5398 :
1313 5342 1372 5398 '0
1402 5345 1500 5414 μὲν
1546 5343 1655 5414 γὰρ
1699 5343 2029 5414 βασιλίσκος.

463 5435 619 5488 Ἐστι
651 5435 760 5508 γὰρ
802 5435 862 5488 τὸ
891 5435 1076 5507 θηρίον
1102 5436 1419 5501 ὑπόξανϐον,
1455 5437 1550 5490 καὶ
1591 5437 1684 5488 ἐπὶ
1725 5439 1791 5506 τῇ
1825 5435 2030 5506 κεφαλῇ

458 5529 606 5596 τρεῖς
658 5527 930 5597 ὑπεροχὰς
979 5527 1139 5598 ἔχων,
1189 5527 1264 5590 ὥς
1323 5546 1508 5596 φασιν,
1557 5529 1640 5581 ὅτι
1677 5527 1769 5581 καὶ
1820 5526 2033 5598 ὁραθεὶς

461 5619 617 5691 μόνον
648 5622 742 5672 καὶ
772 5621 1032 5690 συρίττων
1063 5619 1346 5685 ἀκουσθεὶς
1371 5623 1582 5692 ἀναιρεῖ
1611 5622 1734 5684 τοὺς
1761 5620 2030 5674 ἀκούσανυ

530 5717 572 5748 ⁸⁵
602 5713 804 5768 Jerem.
843 5731 960 5783 vm,
991 5715 1080 5769 17.

2135 4517 2243 4571 τῶν
2279 4519 2660 4590 δυνατωτέρων
2690 4522 2796 4574 ἀπὸ
2823 4522 2980 4594 λιμοῦ
3011 4525 3488 4595 κατεσθιομὲνους,
3526 4532 3631 4594 ἔως
3654 4525 3710 4583 οὗ

2133 4610 2162 4662 ὁ
2191 4610 2404 4663 πάντων
2436 4610 2784 4681 ἰσχυρότατος
2807 4612 3116 4684 πληρωθεὶς
3149 4614 3252 4667 ὑπὸ
3277 4618 3387 4668 τῶν
3413 4619 3596 4686 ὄφεων
3624 4621 3709 4681 οὓς

2134 4701 2490 4771 κατεδήδοκεν
2537 4703 2566 4754 ὁ
2612 4702 2940 4775 καλούμενος
2991 4706 3215 4776 γένηται
3261 4707 3604 4776 βασιλίσκος,
3641 4713 3710 4763 ἱὸν

2133 4791 2274 4862 ἔχων
2322 4794 2387 4845 ὲκ
2433 4792 2601 4865 μόνης
2659 4794 2786 4858 Θέας
2849 4798 3196 4869 καρποφόρον
3246 4799 3466 4872 δένδρον
3530 4803 3710 4875 ξηραί-

2133 4901 2312 4938 νοντα.
2353 4882 2711 4954 Epipbanius,
2755 4885 2976 4940 Advers.
3017 4887 3202 4941 lateres.
3248 4889 3346 4944 lib.
3383 4905 3426 4958 ι,
3463 4900 3606 4947 tom.
3643 4895 3706 4954 ll,

2136 4975 2328 5030 haeres.
2361 4976 2451 5040 22,
2485 4986 2673 5031 narrat
2704 4976 2846 5031 hanc
2879 4993 2910 5031 a
2955 4979 3239 5036 veteribus
3270 4981 3564 5039 historiam
3597 5000 3710 5056 pro

2133 5068 2301 5123 ditant
2330 5085 2450 5124 esse
2483 5087 2497 5123 :
2536 5067 2670 5124 Cum
2698 5070 2872 5138 plures
2897 5071 3183 5142 aliquando
3211 5075 3425 5144 aspide:
3465 5080 3524 5131 in
3556 5097 3708 5135 unum

2134 5160 2294 5228 ﬁctile
2352 5177 2443 5215 vas
2497 5161 2779 5231 conjectis,
2837 5172 2886 5216 et
2920 5165 2973 5216 in
3005 5165 3364 5232 fundamentis
3395 5173 3707 5240 angulorum

2133 5260 2359 5321 quatuor
2387 5253 2638 5323 cujusque
2669 5255 2938 5309 idolorum
2995 5259 3173 5327 templi
3202 5259 3256 5312 in
3299 5259 3540 5332 .Egypto
3571 5267 3709 5333 depo-

2133 5342 2252 5396 sita:
2280 5352 2471 5407 essent,
2503 5359 2566 5397 ex
2593 5345 2658 5398 iis
2687 5346 2961 5414 aspidibus
2981 5364 3098 5419 qua:
3119 5350 3313 5417 fortior
3341 5364 3462 5405 erat
3483 5355 3541 5408 in
3580 5356 3707 5408 alias

2132 5442 2344 5504 invasit,
2383 5459 2572 5512 easque
2605 5444 2890 5504 devoravit.
2912 5462 3027 5515 qum
3049 5462 3167 5500 cum
3198 5449 3314 5501 sola
3350 5454 3705 5511 remansisset.

2132 5539 2307 5599 etquo
2339 5547 2391 5584 se
2422 5532 2584 5586 aleret
2611 5534 2821 5588 haberet
2866 5536 3016 5602 nihil,
3052 5537 3107 5590 in
3145 5554 3202 5592 se
3233 5540 3404 5606 ipsam
3437 5551 3637 5596 retorta
3663 5551 3703 5594 et

2133 5635 2165 5672 a
2188 5621 2361 5674 cauda
2389 5621 2646 5690 paulatim
2674 5623 2928 5679 arrodens
2965 5637 3116 5695 parte
3138 5645 3194 5682 se
3213 5630 3557 5699 aliquatenus
3593 5647 3701 5687 sor-
