3810 6168
177 320 286 373 965
1172 317 1239 372 IN
1281 315 1655 373 EUSTATHII
1697 314 2175 373 HEXAEMERON
2218 316 2453 373 NOTAE.
3339 319 3447 377 966

175 438 323 506 poris
365 435 585 501 depasta
625 443 722 498 est,
749 415 901 492 iadeo
944 444 1000 487 ut
1029 451 1132 488 non
1176 433 1405 501 amplius
1433 433 1637 499 integra
1675 428 1765 484 sed
1793 433 1840 490 Α
1868 431 2092 500 signito,
2140 439 2295 501 tergo
2326 430 2581 492 caeruleo,
2624 429 2799 484 cauda
2842 429 3121 486 turbinata
3157 439 3321 503 atque
3355 437 3440 490 in-

176 526 405 580 dimidia
471 526 554 579 sui
609 533 757 593 parte
804 525 1054 578 mutilata
1102 524 1452 592 permanserit
1495 539 1513 576 :
1558 521 1757 574 idcirco
1865 537 2036 576 curva
2063 563 2078 586 ,
2132 523 2282 577 hiatu
2336 524 2592 592 rictuque
2637 523 2751 579 oris
2795 539 2896 594 pro
2927 525 3176 595 corporis
3207 543 3444 599 prepor-

176 616 658 687 Aspidogorgonem
689 633 806 670 eam
838 615 1194 684 appellarunt.
1248 614 1338 668 Sic
1385 613 1528 683 apud
1591 613 1757 674 Spar-
1859 615 2008 669 tione
2041 615 2328 669 immenso.
2365 613 2526 681 Quod
2556 615 2698 670 inter
2721 625 3008 686 serpentes
3043 619 3247 688 potius,
3274 637 3441 691 quam

175 710 388 763 tianum
415 709 469 762 in
493 709 770 762 Antonino
799 707 917 771 Pio,
947 707 1100 762 Visus
1128 718 1204 761 est
1234 708 1286 760 in
1311 706 1511 759 Arabia
1533 706 1756 775 jubatus
1857 705 2148 762 basiliscos
2179 707 2521 762 referendum
2573 717 2677 772 est,
2724 723 2851 762 cum
2891 724 2991 764 nec
3026 710 3196 764 halitu
3249 721 3430 766 conta.

174 801 368 868 anguis
388 799 562 867 major
586 798 778 863 solitis,
803 803 891 870 qui
916 816 970 854 se
994 816 1025 852 a
1048 800 1221 852 cauda
1246 797 1475 852 medium
1507 797 1750 851 comedit.
1855 798 2019 868 gione
2049 799 2306 862 alliciant,
2341 814 2442 854 nec
2473 808 2698 870 aspectu
2731 802 3272 858 necent-adorientes
3297 807 3440 872 agri.

175 891 390 962 Saepius
417 908 502 946 me
534 892 751 945 memini
781 893 1022 956 audisse,
1061 902 1113 947 et
1138 893 1334 963 vulgus
1357 893 1474 947 sine
1507 892 1615 946 ulla
1643 892 1754 947 iitB-
1855 893 2025 956 colas,
2064 893 2116 946 ni
2149 894 2388 963 regionis
2431 894 2578 947 illius
2612 894 2784 964 frigus
2816 897 3072 966 aerisque
3117 907 3269 952 certa
3302 908 3436 954 tem-

171 983 432 1038 sitatione
466 981 716 1048 aliirmat,
749 982 1063 1036 basiliscum
1108 984 1262 1037 nasci
1290 999 1354 1038 ex
1396 998 1500 1037 ovo
1523 983 1672 1052 galli,
1705 984 1752 1036 si
1854 985 2034 1056 peries
2063 1001 2332 1040 venenum
2366 985 2497 1039 illud
2543 987 2617 1040 ita
2651 1001 3022 1057 compescere,
3064 989 3439 1062 impcdirequc

171 1076 393 1144 quando
443 1089 472 1128 a
515 1076 726 1139 rubeta,
776 1091 872 1130 seu
921 1075 1123 1131 bufone
1169 1075 1337 1129 fotum
1390 1076 1478 1130 sit.
1520 1074 1664 1129 Sane
1698 1073 1752 1128 id
1854 1095 1924 1133 ne
1963 1078 2277 1133 effundatur
2323 1079 2592 1132 allirmare
2621 1078 2872 1133 velimus.
2926 1079 3083 1145 Quod
3134 1083 3189 1135 in
3224 1082 3440 1140 adustis

171 1168 293 1222 sine
327 1167 493 1222 dubio
523 1179 730 1222 certum
761 1176 865 1230 est,
899 1175 951 1221 et
974 1167 1310 1238 experientia
1333 1167 1575 1237 quotidie
1600 1167 1754 1220 vide-
1852 1171 2164 1240 regionibus
2215 1171 2658 1240 torrentibusque
2699 1186 2808 1224 non
2842 1172 3106 1226 eveniret.
3132 1171 3436 1245 Oppianus,

172 1273 296 1311 mus
327 1258 498 1328 gallos
527 1257 640 1328 jam
675 1265 832 1312 aetate
867 1257 1116 1312 defessos
1143 1273 1267 1312 cum
1299 1258 1534 1318 veneris.
1553 1258 1750 1311 virium
1854 1257 1948 1311 lib.
2000 1273 2014 1310 I
2063 1257 2287 1312 Ἀλιευτ
2317 1300 2332 1326 ,
2367 1259 2534 1329 piscis
2578 1259 2866 1328 cujusdam
2918 1261 3160 1317 basilisci
3216 1279 3440 1322 nomine

174 1349 571 1411 imbecillitate,
637 1365 816 1418 neque
863 1350 1101 1403 fructum
1153 1366 1330 1420 neque
1374 1367 1529 1404 usum
1578 1351 1750 1404 ullum
1852 1351 2125 1405 meminit.

173 1440 433 1502 habeant,
464 1457 625 1495 ovum
655 1455 864 1510 parere,
895 1441 1197 1495 orbiculata
1229 1443 1419 1512 figura,
1455 1444 1639 1497 colore
1672 1444 1752 1496 lu-
1924 1441 2085 1503 lbid.,
2119 1441 2213 1496 lin.
2246 1441 2338 1496 28.
2383 1442 2493 1497 Ἰόν
2520 1441 2678 1510 ἔχων
2714 1442 3008 1512 χαλεπώτ.
3037 1443 3112 1499 Ea
3143 1445 3307 1517 hujus
3338 1463 3435 1504 ve-

172 1540 285 1596 teo,
334 1532 668 1597 flavescenti,
720 1535 919 1589 lurido.
976 1533 1041 1587 Et
1090 1535 1244 1600 mihi,
1308 1535 1436 1588 dum
1496 1533 1752 1591 Lucaniae
1853 1531 1980 1584 neni
2031 1532 2134 1595 vis,
2179 1538 2239 1584 ut
2291 1546 2402 1585 non
2455 1532 2632 1587 solum
2673 1540 2822 1588 tactu
2872 1535 3144 1601 absumat,
3184 1537 3281 1591 sed
3311 1553 3434 1593 eam

168 1643 345 1686 eram.
375 1635 654 1682 ostensum
689 1628 810 1690 fuit,
862 1629 914 1681 in
951 1644 1061 1698 quo
1092 1639 1288 1698 praeter
1333 1630 1500 1686 hosce
1535 1631 1672 1686 colo:

1933 1637 2016 1675 am
2043 1622 2210 1679 rebus
2243 1637 2272 1676 a
2305 1638 2365 1677 se
2398 1625 2742 1694 consumptis
2771 1625 3024 1694 pcstifcre
3051 1642 3248 1698 repens
3283 1630 3437 1701 inge-

168 1721 530 1774 circumcirca
581 1718 750 1790 figura
776 1725 1021 1790 quaedam
1055 1738 1119 1776 ex
1155 1723 1360 1776 cortice
1383 1724 1502 1778 ovis
1545 1723 1746 1777 cxuhe-
1785 1787 1811 1790 ῃ
1855 1723 1957 1777 rat.
1993 1715 2062 1766 ita
2089 1723 2148 1766 ιιι
2184 1722 2235 1767 el
2270 1715 2375 1768 illa:
2403 1715 2568 1769 ﬁliam
2601 1731 2871 1770 Venenum
2907 1730 3170 1789 spargant
3197 1730 3252 1775 et
3290 1721 3431 1776 inte-

168 1828 303 1868 rans
352 1787 721 1882 spectabatur,
773 1787 1030 1883 tactuque
1072 1815 1274 1882 Optime
1320 1814 1747 1884 diguoscebatur
1781 1787 1821 1841 Β
1852 1807 2071 1860 rimam.
2100 1805 2332 1872 Plinius.
2365 1807 2460 1862 lib.
2493 1823 2612 1873 VIII.
2644 1823 2768 1880 cap.
2808 1810 2873 1864 21
2917 1829 2930 1864 :
2965 1787 3236 1866 Creditum
3264 1830 3437 1883 quon-

167 1905 339 1960 variis
379 1903 608 1959 ﬂexibus
648 1907 1024 1974 contortisque
1066 1905 1212 1976 gyris
1261 1905 1316 1959 in
1367 1906 1597 1960 formam
1631 1922 1746 1961 ser-
1848 1898 1975 1952 dam
2019 1914 2084 1952 ex
2130 1915 2260 1968 equo
2291 1903 2464 1953 θεείδο
2510 1899 2688 1966 haud.
2722 1911 2773 1956 ει
2810 1919 2904 1971 Per
2931 1920 3048 1957 eam
3093 1905 3345 1960 subeunte
3385 1907 3436 1962 υἱ

169 1997 350 2066 pentis
399 1994 692 2059 desinens,
740 1995 1080 2064 relatumque
1129 1994 1232 2048 fuit
1278 2010 1440 2049 ovum
1492 1995 1623 2049 illud
1678 2012 1745 2051 ex
1850 2007 1953 2045 non
1995 1993 2216 2062 equitem
2259 1991 2414 2046 modo
2463 1991 2554 2046 sed
2610 2009 2798 2064 equum
2827 2011 3029 2066 quoque
3073 1996 3431 2068 absumptum.

166 2087 312 2158 gallo
341 2095 551 2144 natum.
593 2085 736 2155 Ἐγὼ
767 2086 824 2139 δέ
859 2104 940 2139 τοι
972 2086 1032 2138 οὑ
1055 2085 1408 2157 ταχυπειθής,
1442 2102 1529 2140 me
1554 2102 1670 2141 cori

1929 2086 2126 2149 lianus,
2179 2088 2274 2141 lib.
2319 2103 2357 2140 ιι
2404 2087 2482 2141 De
2524 2087 2652 2142 hist.
2686 2090 2876 2151 anim.,
2911 2106 3032 2157 cap.
3071 2091 3124 2153 5,
3162 2092 3225 2144 Et
3258 2092 3314 2144 δὲ
3341 2093 3433 2147 ἄν-

166 2180 438 2236 inscitiam
468 2181 650 2233 mirari
682 2179 966 2245 dicebam;
999 2179 1115 2233 (ieri
1148 2179 1295 2233 enim
1330 2194 1511 2248 posse,
1545 2187 1604 2232 ut
1625 2195 1670 2249 g:

1925 2191 2067 2238 ωπος
2111 2176 2331 2245 κατέχει
2384 2175 2600 2245 ῥάϐδον,
2636 2172 2753 2230 εἶτα
2783 2179 2988 2249 ταύτην
3010 2181 3220 2244 ἐκεῖνος
3267 2180 3429 2255 δάκῃ,

165 2272 255 2326 lus
298 2279 548 2341 pareret:
583 2269 658 2324 illi
712 2269 1156 2340 reprehensionis
1185 2271 1530 2340 impatientes
1559 2271 1669 2341 plur

1217 2275 1530 2340 mpatientes
1559 2271 1744 2341 plures
1845 2266 2108 2338 τέθνηκεν
2131 2269 2159 2321 ὁ
2183 2267 2371 2339 κύριος
2400 2268 2504 2338 τῆς
2536 2267 2721 2336 λύγου.

165 2362 447 2417 adducunt
477 2370 646 2417 testes
679 2362 801 2416 aliis
825 2362 985 2416 annis
1010 2361 1062 2415 id
1085 2365 1249 2417 etiam
1290 2363 1565 2428 evenisse,
1591 2372 1646 2418 et
1679 2363 1746 2417 ίι-
1923 2353 2084 2417 Ibid»
2138 2355 2234 2408 iiﬂ-
2287 2355 2376 2409 29o
2445 2356 2539 2422 Ὧς
2589 2358 2686 2411 καὶ
2743 2359 2862 2413 ἀπὸ
2908 2361 3122 2430 μόνου.
3167 2360 3431 2432 Superius

162 2455 249 2510 los
279 2471 400 2510 esse
433 2462 601 2510 resres
625 2456 678 2507 in
716 2455 816 2507 hoc
847 2454 1113 2516 oculatus,
1139 2461 1192 2508 et
1225 2452 1328 2508 [ide
1355 2453 1568 2524 dignos,
1603 2453 1744 2510 Dum
1847 2444 2106 2511 diximus,
2144 2448 2462 2504 basiliscum
2493 2451 2613 2505 solo
2650 2452 2937 2506 oculorum
2981 2461 3204 2523 aspectu
3252 2457 3429 2510 homi-

163 2547 346 2601 adhuc
377 2547 674 2612 obstarem,
711 2553 764 2599 et
811 2545 967 2616 quasi
1012 2561 1201 2600 eorum
1243 2545 1366 2601 ﬁdei
1399 2556 1746 2618 contemptor
1845 2537 2010 2594 nibus
2059 2555 2243 2594 necem
2296 2541 2520 2603 inferre,
2570 2545 2739 2599 variis
2780 2543 3025 2599 historiis
3055 2546 3106 2599 id
3142 2547 3431 2603 referenti-

161 2642 368 2695 abirem
402 2655 630 2695 aversus
651 2681 665 2704 ,
697 2640 1029 2694 contrahunt
1060 2648 1287 2705 vestem,
1318 2642 1480 2712 vique
1522 2650 1742 2712 raptum
1846 2629 1968 2685 bus-
2000 2629 2330 2688 FraHCiSCUS
2361 2632 2654 2697 ValleSius.
2685 2634 2764 2688 De
2795 2653 2950 2690 sacra
2984 2638 3278 2709 p/tilosoph.
3303 2655 3424 2711 cap.

161 2742 387 2797 εοκυηι,
422 2741 482 2787 ul
529 2749 636 2787 una
686 2733 1061 2804 prccederem.
1113 2733 1252 2798 Quid
1298 2734 1574 2789 facerem?
1610 2749 1741 2806 pro-
1845 2720 1937 2788 68,
1969 2723 2083 2777 haec
2113 2723 2362 2779 fabulosa
2394 2741 2519 2782 esse
2548 2727 2850 2792 contendit,
2879 2745 2979 2784 nec
3011 2747 3174 2800 posse
3229 2733 3427 2788 adduci

160 2825 328 2889 cessi,
379 2830 598 2879 domum
652 2825 705 2878 in
757 2840 865 2896 quo
895 2825 1072 2894 gallus
1121 2835 1259 2890 erat,
1339 2827 1649 2892 invisimus,

1943 2818 2150 2872 credat.
2182 2815 2337 2883 Quod
2379 2819 2586 2873 dictum
2629 2836 2792 2890 quam
2824 2822 2896 2876 sit
2937 2822 2992 2876 iu
3025 2825 3072 2876 vi
3089 2839 3143 2876 ro
3187 2825 3429 2895 philoso-

159 2931 322 2969 ovum
359 2914 503 2970 unde
534 2915 870 2970 abstulerant
912 2916 1211 2986 deponunt.
1243 2917 1431 2973 Gallus
1461 2918 1554 2987 qui
1596 2919 1663 2972 vit

1922 2924 1956 2962 υ
1993 2910 2258 2980 ineptum,
2293 2928 2403 2967 non
2447 2923 2532 2968 est
2565 2929 2704 2984 opus
2738 2917 2926 2971 multis
2968 2920 3264 2986 explicare,
3299 2934 3426 2974 cum

161 3008 324 3062 batur
364 3009 552 3063 nescio
585 3008 861 3078 quomodo
897 3011 1172 3068 turbatus.
1203 3011 1384 3064 statim
1423 3012 1607 3081 agnito
1629 3010 1741 3065 fetu
1845 3003 2149 3059 rationibus
2171 3012 2226 3058 et
2252 3007 2630 3075 expcrientiis,
2663 3024 2769 3061 non
2799 3011 3123 3080 pertinacna,
3147 3027 3254 3064 non
3283 3013 3428 3085 igna-

161 3098 450 3163 acclamat,
499 3102 758 3166 accurrit,
813 3107 992 3154 rostro
1030 3099 1188 3168 quasi
1229 3099 1580 3160 deosculans.
1638 3101 1742 3154 alis
1770 3153 1814 3170 Α
1843 3093 1930 3147 Via
1963 3095 2020 3148 in
2061 3097 2224 3150 rebus
2253 3098 2497 3169 physicis
2525 3100 2794 3170 agendum
2826 3103 2914 3157 sit.
2947 3100 3059 3156 Nec
3095 3103 3308 3159 videtur
3337 3121 3427 3160 sa-

161 3192 420 3261 cxpansis
476 3192 861 3262 superinsedit.
924 3153 1286 3247 Discedimns.
1333 3193 1466 3246 Post
1517 3153 1814 3246 tertiumc
1845 3187 2044 3256 pientis
2080 3190 2132 3242 id
2164 3153 2496 3256 esse,‘dum
2551 3153 2610 3247 se
2660 3195 2888 3263 opponit
2937 3195 3228 3251 dillicultas
3258 3214 3422 3267 quam

160 3283 305 3338 diem
340 3283 539 3338 accedo
569 3293 793 3338 vocatus
817 3301 828 3336 :
850 3283 1026 3352 gallus
1054 3298 1215 3338 ovum
1250 3283 1484 3350 fovebat,
1513 3283 1620 3337 cibi
1643 3296 1740 3352 po-
1843 3294 1955 3333 non
1986 3279 2258 3352 intelligit,
2291 3281 2438 3336 illico
2469 3292 2730 3353 tanquam
2763 3286 3034 3349 fabulosa,
3067 3305 3188 3357 quae
3211 3289 3282 3343 ab
3302 3291 3425 3344 aliis

160 3383 360 3446 tusque
394 3377 712 3442 immemor;
762 3391 1040 3446 nunquam
1083 3376 1176 3430 illo
1217 3374 1398 3429 triduo
1428 3375 1621 3430 cistam
1654 3391 1739 3430 re-
1841 3385 1952 3425 uno
2010 3386 2284 3428 consensu
2341 3373 2636 3441 dicuntur,
2697 3377 2942 3446 rejicere.
3016 3377 3123 3434 Sed
3179 3389 3240 3433 ut
3305 3381 3423 3434 haec

160 3468 418 3536 liquerat.
474 3466 548 3520 Eo
597 3468 788 3534 minis},
845 3466 1151 3536 baculoque
1195 3466 1422 3535 depulso
1470 3481 1634 3519 ovum
1682 3465 1737 3520 in
1841 3465 2070 3534 quaestio
2119 3465 2316 3520 habeat
2366 3467 2543 3522 lucem
2594 3469 2856 3539 aliquam,
2891 3473 3289 3528 consideranda
3338 3485 3424 3530 est

161 3558 440 3612 fornacem
479 3557 752 3626 abjicitur.
801 3555 1027 3610 Pariunt
1077 3556 1261 3626 itaque
1294 3557 1442 3626 galli,
1491 3562 1544 3609 et
1580 3555 1737 3608 incu-
1839 3572 2005 3611 causa
2052 3573 2173 3628 qum
2221 3557 2519 3614 Vallesiutn
2570 3563 2819 3631 impulit,
2878 3573 2938 3617 ut
2988 3565 3101 3619 haec
3162 3574 3420 3636 tanquam

159 3650 312 3705 bant.
346 3647 546 3703 Verum
587 3663 655 3702 an
688 3663 752 3702 ex
795 3649 886 3701 illa
925 3648 1276 3702 incubatioue
1324 3645 1615 3702 basiliscos
1655 3645 1738 3714 gi-
1839 3641 1974 3696 falsa
2005 3642 2310 3697 damnaret.
2344 3644 2479 3698 Cum
2505 3645 2652 3699 enim
2705 3657 2890 3718 ageret
2926 3649 2994 3703 de
3031 3649 3420 3715 fascinatione,

158 3739 743 3813 gnereturi-Dicercm
785 3740 1006 3810 aliquod
1037 3739 1259 3802 animal,
1292 3738 1458 3808 idque
1499 3753 1738 3792 veneno-
1838 3747 1940 3786 nec
1991 3748 2181 3788 eorum
2215 3734 2527 3803 Opinionem
2565 3736 2728 3791 VC"?!
2769 3738 3079 3803 admiliere.
3121 3743 3216 3811 qui
3256 3740 3423 3796 fasci-

157 3847 282 3887 sum
311 3833 549 3902 prodire,
598 3847 726 3886 cum
772 3833 949 3902 putris
979 3832 1069 3885 illa
1106 3832 1352 3893 materia,
1384 3846 1505 3901 quae
1543 3830 1595 3884 in
1632 3845 1736 3885 ovo
1836 3826 2114 3880 nationem
2134 3826 2249 3880 fieri
2279 3827 2538 3882 dicebant
2557 3830 2884 3885 exeuntibus
2905 3831 3124 3887 visoriis
3156 3834 3346 3896 radiis,
3366 3841 3421 3889 et

157 3923 309 3990 latet,
359 3933 614 3978 concreta
646 3923 699 3978 id
744 3923 942 3978 habeat
991 3924 1137 3994 quod
1185 3923 1386 3978 similia
1443 3922 1732 3992 producat,
1836 3932 1959 3972 cum
1992 3917 2078 3972 his
2109 3917 2310 3972 delerri
2343 3934 2576 3989 vapores
2594 3936 3056 3992 venenosos,qua:
3085 3925 3274 3994 opinio
3305 3942 3416 3982 non

155 4033 279 4087 qua:
307 4024 360 4071 et
393 4017 520 4086 galli
555 4017 751 4083 halitu,
799 4018 880 4070 vel
912 4016 1138 4069 alterius
1176 4015 1471 4070 animantis
1503 4015 1734 4068 animari
1835 4009 2120 4065 videbatur
2148 4010 2224 4064 illi
2259 4011 2590 4077 communis,
2615 4014 2710 4068 sed
2742 4022 2951 4069 tantum
2977 4014 3414 4081 Platonicorum.

156 4125 320 4180 posse
358 4125 462 4163 non
496 4110 708 4174 dubito,
740 4117 798 4162 ul,
825 4109 1073 4164 videmus
1106 4109 1159 4162 in
1195 4109 1282 4171 iis,
1314 4123 1434 4178 qua:
1462 4124 1527 4162 ex
1555 4108 1732 4177 putri-
1838 4116 1907 4156 ne
1940 4111 2245 4172 cogeretur,
2280 4105 2530 4173 quamvis
2556 4105 2671 4175 ipse
2693 4105 2748 4159 id
2779 4121 2886 4160 non
2923 4107 3179 4179 attingat,
3215 4112 3268 4164 ill
3295 4125 3416 4165 eam

154 4204 245 4258 dis
295 4203 619 4272 corporibus
671 4211 1028 4258 enascuntur.
1080 4202 1262 4268 Quare
1317 4210 1370 4256 et
1423 4217 1522 4256 sua
1574 4201 1734 4256 laude
1836 4195 1916 4250 ire
1963 4196 2312 4261 sententiam.
2353 4197 2400 4252 εἰ
2448 4198 2694 4253 basilisci
2733 4214 3076 4255 venenosum
3133 4212 3415 4272 aspectum

155 4293 382 4364 dignum
413 4294 890 4366 estASgyptiorum
925 4295 1226 4358 inventum,
1258 4295 1350 4364 qui
1385 4296 1503 4350 ovis
1532 4294 1732 4349 ibidem
1834 4289 2181 4353 concederet,
2243 4287 2489 4344 fabulosa
2539 4305 2663 4345 esse
2691 4306 2813 4360 quae
2861 4291 2928 4347 de
2973 4292 3232 4348 basilisca
3278 4295 3418 4348 tanti

154 4384 508 4450 insidiantur,
541 4397 864 4456 repertaque
894 4386 1172 4456 frangunt,
1207 4400 1274 4440 ne
1311 4386 1533 4440 noxium
1575 4385 1733 4456 quid-
1833 4378 1938 4433 viri
1992 4379 2337 4434 tradiderunt
2384 4381 2686 4438 contendit.
2735 4381 2891 4448 Quod
2933 4385 3182 4453 quamvis
3226 4395 3417 4441 contra

155 4480 300 4551 piam
321 4479 442 4535 inde
462 4481 942 4552 trahatorigiuem,
977 4481 1112 4542 sive,
1131 4479 1307 4550 utipsi
1322 4481 1730 4546 existimabant,
1765 4491 1810 4547 ι)
1838 4472 2148 4528 Aristotelis
2175 4474 2502 4527 sententiam
2527 4475 2717 4529 neseio
2749 4477 3029 4543 quomodo
3063 4475 3244 4532 facere
3271 4479 3414 4533 vide-

155 4572 469 4628 basiliscus.
531 4573 745 4628 Etenim
781 4589 903 4627 cum
934 4573 1108 4628 ibidcs
1139 4583 1455 4627 venatorum
1485 4572 1659 4627 venati

1909 4579 1948 4629 r,
1991 4572 2172 4617 tamen
2225 4578 2326 4617 nec
2372 4561 2775 4619 Platonicorum
2805 4566 2990 4633 opinio
3035 4567 3413 4631 confirmatur,

154 4665 320 4719 nibus
354 4663 646 4734 gaudeant,
696 4664 1152 4734 serpentibusque
1183 4663 1563 4730 inferciantur,
1596 4665 1729 4719 nulli
1838 4671 1940 4710 nec
1972 4654 2454 4727 Peripateticorum
2505 4655 2792 4711 refellitur.
2842 4657 3140 4713 Basiliscus
3180 4673 3417 4729 namque

151 4757 381 4812 dubium
415 4756 705 4828 aliquando
753 4769 820 4812 ex
866 4772 1054 4811 eorum
1085 4758 1204 4811 ovis
1250 4757 1568 4828 pestiferum
1597 4757 1729 4828 quid
1837 4763 1947 4803 non
1983 4749 2277 4804 emissione
2304 4748 2606 4810 radiorum,
2631 4749 2834 4817 quibus
2870 4757 3129 4817 tanquam
3151 4751 3415 4807 vehiculis

151 4850 519 4906 nasciturum.
570 4847 806 4904 Consule
855 4847 1319 4920 Tlleophylactum
1369 4848 1726 4913 Simocatum,
1836 4855 2106 4895 venenum
2155 4849 2210 4894 et
2250 4855 2393 4894 noxa
2425 4840 2541 4894 viso
2571 4838 2870 4903 deferatur.
2908 4840 3003 4895 sed
3038 4841 3264 4896 humido
3287 4858 3414 4896 ocu-

152 4939 224 5006 Q.
276 4949 412 5004 nat.,
445 4947 642 5010 quaest.
687 4938 772 5003 Η,
819 4939 966 5010 Ποίῳ
1007 4937 1150 5008 λόγῳ
1184 4937 1252 4990 τὰ
1308 4936 1416 4990 τῶν
1453 4937 1612 4990 ἴϐεων
1645 4956 1656 4989 ι

1910 4946 2035 4994 'um,
2067 4930 2122 4984 in
2153 4945 2264 5000 quo
2293 4939 2551 5000 tanquam
2587 4929 2837 4999 subjecto
2880 4945 3149 4986 venenum
3189 4922 3292 4995 est,
3329 4932 3414 4986 iu-

149 5031 519 5104 εὑχερέστατα
553 5031 796 5084 τίκτουσι
834 5029 1181 5100 βασιλίσκους
1213 5028 1400 5098 δφεις;
1439 5030 1612 5084 Aliam
1645 5039 1653 5082 1

1909 5023 1951 5076 it
1979 5037 2128 5086 aera,
2159 5031 2213 5077 et
2241 5038 2338 5093 per
2373 5022 2522 5076 illum
2566 5021 2864 5086 hominem,
2894 5030 2949 5076 et
2989 5033 3244 5092 aspectus
3285 5031 3412 5077 tan-

150 5142 279 5181 men
307 5124 549 5180 basilisci
578 5124 978 5195 generationem
1021 5130 1212 5175 narrat
1254 5122 1341 5178 hic
1385 5123 1727 5177 Eustathius.
1836 5121 1952 5168 tum
1985 5114 2281 5184 requiritur
2324 5121 2383 5167 υῑ
2416 5113 2617 5183 dirigat
2658 5113 2789 5167 “illd
2831 5129 3098 5168 venenum
3144 5113 3199 5167 in
3230 5113 3411 5168 Ιιοηιί·

148 5217 428 5288 Quidquid
461 5225 641 5272 tamen
665 5218 757 5280 sit,
783 5216 1032 5271 historici
1065 5216 1286 5270 tradunt
1315 5216 1438 5270 illos
1470 5216 1524 5269 in
1545 5215 1727 5268 Africa
1834 5222 1960 5263 nem
2009 5223 2170 5277 quem
2211 5207 2376 5261 videt.
2431 5205 2574 5260 Nulli
2631 5206 2776 5261 enim
2811 5204 3036 5259 dubium
3069 5219 3195 5261 esse
3225 5205 3408 5270 debet,

147 5311 425 5383 generari,
454 5317 509 5364 et
547 5309 773 5364 torridis
811 5308 918 5363 illis
953 5307 1269 5378 regionibus
1311 5307 1571 5363 nidulari.
1621 5305 1729 5362 Re-
1836 5304 1940 5358 hoc
1973 5304 2175 5358 animal
2206 5318 2364 5358 suum
2390 5305 2731 5374 pestilentem
2761 5303 3011 5369 halitum,
3055 5319 3164 5357 non
3194 5311 3408 5359 tantum

149 5405 257 5460 fert
284 5401 521 5457 Levinus
539 5400 817 5462 Lemnius,
839 5401 915 5455 De
936 5405 1127 5456 occult.
1163 5410 1276 5456 nat.
1311 5402 1498 5454 mirac.
1522 5400 1620 5454 lib.
1651 5417 1725 5467 Iv,
1835 5414 1996 5469 quem
2034 5413 2128 5453 ore
2175 5397 2366 5468 spirat,
2409 5399 2502 5453 sed
2533 5404 2586 5453 et
2621 5412 2780 5466 quem
2830 5404 2945 5450 toto
2977 5411 3205 5468 corpore
3242 5396 3410 5452 exha-

146 5513 271 5569 cap.
308 5497 395 5561 l2,
431 5498 488 5552 in
535 5495 772 5551 Saxonia
819 5496 1060 5553 basilisci
1107 5495 1382 5566 quoddam
1424 5510 1596 5565 genus
1631 5495 1726 5549 sil-
1835 5493 1930 5552 lat.
1986 5491 2262 5547 effundere
2313 5492 2672 5546 circumcirca
2722 5505 2818 5559 per
2864 5499 3034 5544 totum
3086 5506 3266 5545 aerem
3299 5506 3410 5546 am-

146 5597 332 5642 vestre
361 5587 566 5658 passim
617 5586 882 5657 conspici.
934 5587 1111 5656 capite
1154 5587 1489 5649 acuminato,
1542 5586 1750 5641 colore.
1833 5585 2091 5648 bientem,
2141 5601 2373 5654 eumque
2413 5585 2652 5640 inlicere.
2695 5583 2970 5653 Singulari
3015 5591 3196 5637 tamen
3243 5585 3407 5638 modo

145 5680 309 5744 flavo,
337 5681 676 5752 longitudine
704 5680 1032 5745 dodrantali,
1055 5679 1315 5736 inusitata
1336 5678 1723 5744 crassitudine,
1832 5678 2114 5733 oculorum
2145 5687 2318 5743 motu,
2351 5692 2530 5731 aerem
2564 5691 2929 5740 commovere,
2962 5683 3029 5731 et'
3049 5676 3406 5750 perniciosio-

147 5784 338 5834 ventre
383 5777 684 5843 maculoso,
733 5775 1028 5848 multisque
1074 5774 1323 5831 candidis
1375 5773 1593 5845 punctis
1640 5773 1726 5830 in«
1831 5787 1947 5829 rem
1977 5769 2224 5828 reddere.
2263 5770 2369 5827 Sed
2400 5770 2568 5825 multa
2606 5769 2854 5827 fabulosa
2902 5775 2956 5826 et
2990 5767 3115 5824 ficta
3144 5767 3403 5834 Vallesio,
