3810 6168
383 283 489 343 967

1727 273 1974 331 LEONIS
2012 270 2292 330 ALLATII
2361 333 2363 336 ς

3545 273 3649 326 968

383 404 566 463 etiam,
591 397 726 468 proh
756 396 942 453 nefas!
973 412 1039 452 ex
1071 396 1243 452 sacris
1271 393 1593 464 Scripturis,
1627 393 1773 464 quod
1796 409 1961 462 quam

2079 409 2159 455 οος
2175 393 2232 445 ὲν
2248 390 2426 461 εὐδινῇ
2445 388 2774 443 καταστάσει
2789 386 3210 461 φυλαττομένου.
3237 386 3295 441 ’Δ
3303 382 3456 460 μέλει
3469 387 3574 440 οὐκ
3587 388 3648 440 ἂν

386 493 558 562 pium,
582 506 746 562 quam
767 498 965 555 tutum,
989 505 1150 560 quam
1173 488 1544 544 Christianum
1573 487 1664 540 alii
1691 485 1961 556 judicent.

388 581 581 637 Melius
624 589 711 637 est
758 582 1032 637 inscitiam
1081 580 1238 634 fateri
1288 593 1466 641 suam,
1519 593 1683 648 quam
1736 577 1826 631 ubi
1879 592 1966 631 res

389 671 536 740 ipsas
594 687 700 726 non
746 671 986 736 noveris,
1038 670 1282 724 scientia:
1321 669 1711 739 sapientiaeque
1772 667 1963 721 obtutu

391 763 605 818 inficias
669 763 748 817 ire
783 781 796 817 :
830 771 885 817 et
916 778 1036 832 quae
1065 759 1303 830 Spiritus
1333 767 1558 814 sanctus
1599 760 1715 828 ipse
1743 757 1968 811 dictavit

389 853 634 923 negando
660 855 714 907 in
749 868 966 909 sensum
1001 852 1166 904 alium
1196 849 1543 919 detorquere.

460 942 621 1008 lbid.,
652 944 748 997 lin.
780 945 868 998 50.
915 944 968 996 '0
1002 943 1070 996 δὲ
1096 941 1409 1009 κάνθαρος.
1443 939 1520 994 lta
1561 940 1724 994 etiam
1762 937 1964 1001 ﬂorus.

389 1034 486 1090 lib.
554 1052 592 1098 I,
647 1050 769 1104 cap.
822 1034 921 1098 10,
971 1033 1090 1104 βοὸς
1151 1033 1451 1103 ἁφόδευμα.
1525 1030 1724 1086 Suidas
1786 1042 1965 1086 tamen

389 1127 532 1181 δνου.
561 1126 774 1181 Plinius
809 1143 877 1181 ex
911 1125 1157 1195 Virgilio,
1203 1124 1455 1194 Virgilius
1477 1125 1823 1193 juvencorum
1857 1141 1969 1179 cor-

388 1233 513 1284 pore
544 1219 872 1280 exanimato,
912 1217 1047 1271 sicut
1069 1233 1318 1286 equorum
1343 1231 1544 1284 vespas,
1577 1225 1731 1284 atque
1759 1217 1970 1272 crabro-

389 1327 501 1373 nes,
530 1311 667 1364 sicut
712 1312 983 1364 asinorum
1025 1307 1324 1362 scarabmos
1363 1316 1598 1360 mutante
1637 1319 1857 1370 natura,
1903 1324 1969 1362 ea:

303 1402 305 1404 ’
389 1402 514 1456 aliis
546 1400 788 1471 quardam
826 1403 880 1454 in
905 1401 1036 1455 alia.
1081 1399 1214 1453 Vide
1252 1399 1614 1468 Epiphanium
1644 1399 1697 1453 in
1729 1401 1964 1454 Ancirot.

387 1493 640 1550 Clemens
663 1495 788 1548 item
833 1493 1030 1563 Hypot.
1061 1508 1138 1554 Vl,
1183 1491 1430 1546 homines
1467 1493 1833 1561 voluptatibus
1876 1493 1972 1548 im—

390 1586 616 1656 pensius
654 1585 888 1648 deditos,
922 1592 978 1639 et
1026 1585 1333 1648 immersos,
1372 1598 1436 1637 ac
1478 1584 1662 1639 ebrios
1708 1591 1968 1655 tanquam

389 1675 684 1728 cantharos
713 1674 768 1726 in
798 1682 1038 1727 stercore
1069 1672 1303 1726 volutari
1332 1673 1544 1728 scribit.

463 1767 596 1821 Ibid.
625 1765 1232 1835 κυκλοτερὲς-σχῆμα.
1266 1765 1466 1827 Hortis,
1499 1765 1594 1819 lib.
1628 1781 1666 1829 1,
1707 1781 1827 1836 cap.
1859 1766 1924 1820 10
1952 1785 1966 1820 :
2002 1743 2042 1796 Β

387 1857 624 1911 Πλάσσει
659 1857 996 1927 σφαιροειδὲς
1031 1858 1412 1928 παραπλήσιον
1432 1855 1507 1926 τῷ
1537 1857 1726 1927 κόσμῳ
1760 1856 1966 1927 σχῆμα,

387 1949 417 2001 ὃ
445 1951 509 2003 ὲκ
538 1949 644 2002 τῶν
677 1949 940 2003 ὀπισθίων
986 1948 1166 2019 μερῶν
1193 1948 1419 2011 κυλίσας
1447 1948 1554 2001 ἀπὸ
1598 1949 1862 2020 ἀνατολῆς
1890 1953 1970 2012 εἰς

387 2040 538 2095 δύσιν
570 2041 730 2104 αὐτὸς
758 2040 893 2112 πρὸς
924 2040 1185 2110 ἀνατολὴν
1216 2040 1422 2109 βλέπει,
1451 2041 1537 2093 ἵνα
1572 2041 1756 2112 ἀποδῷ
1792 2043 1852 2095 τὸ
1877 2043 1969 2096 τοῦ

388 2133 594 2204 κόσμου
644 2134 850 2204 σχῆμα.
885 2131 1152 2202 Georgius
1192 2130 1426 2196 Pisides,
1473 2131 1548 2186 De
1590 2133 1780 2186 mundi
1816 2135 1972 2202 opiﬁ-

388 2226 507 2289 cio;
543 2223 828 2288 Elianus,
859 2226 953 2281 lib.
1003 2241 1067 2288 χ,
1103 2239 1224 2294 cap.
1261 2225 1370 2279 15:
1415 2225 1472 2277 '0
1509 2225 1777 2298 κάνθαρος
1801 2226 1970 2298 ἄθηλυ

388 2317 526 2380 ζῶόν
559 2320 692 2371 ἐστι.
723 2319 941 2390 Σπείρει
960 2317 1016 2370 δὲ
1044 2320 1122 2381 εἰς
1141 2317 1240 2388 τὴν
1260 2319 1491 2389 σφαῖραν
1515 2318 1580 2388 ἣν
1597 2317 1767 2371 κυλίει
1784 2337 1797 2349 ο
1825 2318 1970 2372 ὀκτὼ

387 2408 443 2461 δὲ
509 2409 602 2462 καὶ
653 2410 824 2462 εἰκοσι
859 2407 1082 2480 ἡμερῶν
1142 2407 1297 2461 τοῦτο
1347 2407 1574 2479 δράσας,
1632 2410 1727 2462 καὶ
1763 2408 1970 2479 θάλψας

385 2501 578 2572 αὐτὴν,
596 2497 712 2554 εἶτα
734 2501 915 2572 μέντοι
933 2503 999 2571 τῇ
1025 2500 1117 2553 ἐπὶ
1139 2499 1364 2564 ταύταις
1379 2499 1608 2571 προάγει
1623 2501 1712 2555 τὸν
1734 2503 1965 2558 νεοττόν.

455 2593 616 2656 lbid.,
645 2592 743 2647 lin.
776 2593 865 2646 5|.
915 2592 1070 2645 Φασὶ
1095 2589 1164 2644 δὲ
1194 2592 1402 2646 αὐτόν.
1439 2589 1599 2646 Forte
1635 2590 1706 2646 ad
1751 2592 1852 2646 hoc
1884 2608 1969 2648 re-

387 2684 565 2751 spexit
607 2685 955 2747 Aristotcles,
1006 2682 1084 2736 De
1129 2683 1255 2737 hist.
1299 2683 1468 2736 anim.
1503 2683 1599 2738 lib.
1644 2701 1696 2749 ν,
1725 2699 1847 2754 cap.
1876 2685 1964 2749 i9,

389 2771 660 2828 δραι-αὺωί
691 2775 932 2844 pilularii
968 2775 1023 2827 in
1050 2775 1177 2842 fimo
1215 2788 1367 2844 quem
1415 2775 1623 2828 uoluunt
1667 2776 1969 2829 conduntur

386 2884 479 2937 per
515 2867 735 2921 hiemem
781 2883 1068 2936 parvosque
1114 2866 1425 2920 vermiculos
1466 2868 1708 2936 pariunt,
1756 2884 1822 2922 ea:
1849 2869 1966 2938 qui-

386 2961 484 3014 bus
515 2960 616 3028 ipsi
638 2971 1002 3028 procreantur.

455 3071 615 3135 lbid.,
653 3072 749 3125 lin.
778 3068 866 3124 52.
903 3071 984 3123 Οὐ
1029 3068 1138 3139 γὰρ
1163 3065 1353 3136 θῆλυς
1381 3065 1561 3136 ὑπάρ.
1600 3066 1798 3132 Hortis,
1844 3068 1965 3124 loco
1991 3089 2033 3146 (ς

387 3166 554 3219 citato
587 3163 658 3217 De
704 3161 826 3216 hist.
861 3160 1022 3214 anim.
1060 3159 1154 3214 lib.
1191 3175 1247 3224 ι,
1293 3174 1414 3230 cap.
1449 3161 1536 3224 15,
1580 3160 1770 3214 scribit
1793 3159 1961 3232 Egy-

387 3257 624 3327 ptiorum
643 3253 932 3309 bellatores
950 3251 1004 3306 in
1035 3251 1252 3306 annulis
1275 3251 1606 3320 insculptum
1626 3252 1958 3307 scarabaum

385 3355 633 3420 gestasse
664 3346 730 3400 ad
767 3343 1185 3416 signiﬁcandum
1214 3344 1347 3399 solis
1383 3343 1629 3399 maribus
1658 3359 1755 3413 pro
1786 3345 1962 3414 patria

385 3457 509 3497 esse
539 3439 873 3502 bellandum,
897 3436 1044 3508 quod
1089 3437 1400 3492 scarabaeus
1444 3444 1596 3491 caret
1630 3435 1846 3493 femina.
1869 3439 1963 3492 Αἰ-

385 3533 630 3601 γυπτίων
685 3530 741 3584 δὲ
787 3530 838 3583 οἰ
877 3528 1104 3601 μάχιμοι
1153 3527 1246 3580 ἐπὶ
1305 3526 1413 3580 τῶν
1475 3526 1774 3581 δακτυλίων
1818 3524 1962 3599 εἰχον

387 3622 827 3696 ὲγγεγλυμμένον
872 3619 1163 3690 κάνθαρον,
1203 3617 1574 3689 αἰνιττομένου
1601 3618 1697 3673 τοῦ
1733 3619 1962 3690 νομοθέ-

387 3735 482 3772 του
514 3717 622 3770 δεῖν
655 3713 889 3786 άρρενας
933 3706 1073 3762 εἶναι
1105 3707 1312 3770 πάντας
1351 3707 1528 3776 πάντη
1558 3706 1685 3770 τοὺς
1726 3708 1964 3778 μαχομέ-

387 3827 512 3872 νους
545 3808 684 3877 ὑπὲρ
718 3805 815 3875 τῆς
843 3800 1046 3874 χώρας.
1091 3799 1243 3854 Ἐπεὶ
1271 3799 1366 3854 καὶ
1391 3801 1420 3853 ὁ
1445 3797 1713 3872 κάνθαρος
1744 3798 1963 3870 θηλείας

390 3898 604 3969 φύσεως
628 3896 688 3948 οὺ
722 3892 1056 3964 μετείληχεν.

459 3987 592 4044 Ibid.
628 3985 734 4038 Kal
767 3986 821 4036 οὶ
856 3983 1160 4050 Αἰγύπτιοι
1191 3979 1290 4034 διὰ
1332 3979 1464 4046 τήν.
1518 3979 1719 4034 Praeter
1750 3979 1964 4036 Plutar-

389 4081 553 4139 chum
583 4085 638 4131 et
670 4073 969 4136 Elianum,
1011 4070 1280 4126 Eusebius
1315 4070 1408 4122 lib.
1440 4085 1499 4122 ιιι
1551 4069 1630 4123 De
1671 4079 1958 4138 prwparat.

388 4172 620 4244 evangel.
656 4170 796 4224 idem
847 4169 1002 4223 affert
1029 4184 1094 4222 ex
1126 4167 1220 4221 lib.
1255 4165 1518 4236 Porphyr.
1551 4165 1691 4233 Περὶ
1715 4163 1822 4232 τῆς
1846 4166 1964 4219 τῶν

388 4267 675 4335 ἐμψύχων
689 4260 940 4331 ἀποχῆς.
964 4259 1247 4330 Αἰγύπτιοι
1277 4258 1334 4312 δὲ
1359 4257 1662 4326 ὲσέφθησαν
1682 4258 1756 4320 ὼς
1781 4259 1964 4313 εἰκόνα

391 4359 541 4430 ἡλίου
589 4356 862 4427 ἔμψυχον,
902 4353 957 4406 in
991 4367 1151 4422 quem
1197 4349 1460 4405 acerrime
1505 4349 1780 4405 invehitur
1821 4349 1963 4403 Pisi-

2069 485 2198 547 τδοις
2214 481 2416 554 ὄμϐρον
2447 483 2511 535 ὲκ
2525 481 2701 552 νεφῶν
2719 479 3060 551 ἀπορρυέντα
3085 480 3214 550 παρ’
3229 479 3351 533 ὅσον
3371 477 3569 548 χρόνον
3587 480 3650 530 ὲκ

2065 573 2174 626 τῶν
2195 573 2498 644 μυρμήκων
2518 575 2546 625 ὁ
2563 575 2707 636 σῖτος
2723 571 3107 645 προϐέϐληται.
3128 569 3326 634 Horus,
3347 570 3443 624 lib.
3470 585 3511 633 ι,
3527 584 3645 639 cap.

2067 665 2155 724 52.
2177 666 2273 729 ait,
2289 665 2546 720 formicas
2562 669 2617 720 in
2636 667 2863 722 hiemem
2883 669 2986 721 sibi
3005 669 3156 724 cibos
3173 685 3471 741 congerere
3485 683 3544 724 et
3568 686 3651 724 eo-

2067 773 2187 810 rum
2203 759 2441 812 studium
2469 759 2522 813 in
2545 760 2788 828 parando
2823 760 2923 814 sibi
2952 761 3166 821 cibo,et
3194 763 3521 831 colligendis
3546 764 3649 816 fru-

2068 849 2247 903 ctibus
2271 851 2900 920 expressitAristoteles,
2931 852 3022 906 lib.
3047 869 3122 918 IX,
3155 869 3275 924 cap.
3303 854 3392 908 58.
3413 853 3645 915 Plinius.

2068 939 2160 993 lib.
2199 956 2276 1002 XI,
2319 956 2440 1010 cap.
2484 941 2572 1004 50,
2603 958 2666 996 ex
2692 943 3003 1004 Aristotele,
3052 944 3266 997 Semina
3301 962 3493 998 arrosa
3526 961 3649 998 can-

2067 1030 2222 1095 dunt,
2278 1047 2340 1084 ne
2387 1048 2572 1086 rursus
2617 1034 2673 1087 in
2710 1033 2886 1102 fruges
2927 1044 3111 1087 exeant
3150 1052 3177 1088 e
3215 1045 3376 1089 terra.
3433 1037 3649 1105 Majora

2068 1124 2139 1176 ad
2170 1126 2444 1177 introitum
2483 1124 2744 1179 dividunt.
2796 1124 3101 1195 Madefacta
3143 1128 3304 1182 imbre
3343 1129 3648 1197 proferunt,

2069 1227 2224 1286 atque
2252 1219 2473 1273 siccant.
2501 1216 2801 1286 Operantur
2824 1227 2870 1270 et
2893 1231 3048 1272 noctu
3067 1221 3220 1287 plena
3246 1221 3390 1274 luna.
3431 1219 3650 1274 Ewdem

2069 1308 2351 1363 interlunio
2374 1319 2598 1364 cessant.
2619 1309 2745 1364 Jam
2771 1312 2828 1365 in
2845 1327 2996 1376 opere
3015 1313 3102 1380 qui
3132 1312 3318 1364 labor!
3343 1329 3462 1381 qum
3485 1313 3647 1366 seduo

2069 1396 2234 1449 litas!
2270 1396 2543 1461 Elianus,
2581 1400 2673 1452 lib.
2709 1413 2770 1463 ll,
2812 1415 2933 1468 cap.
2963 1398 3068 1467 25;
3103 1399 3365 1471 Georgius
3405 1401 3645 1464 Pisides,

2070 1485 2149 1541 De
2182 1489 2363 1542 mundi
2392 1491 2637 1559 api/icio;
2669 1489 3024 1560 Epiphanius,
3065 1491 3119 1544 in
3150 1489 3491 1563 Physiologo,
3518 1509 3645 1563 cap.

2069 1596 2240 1646 xvm;
2294 1589 2487 1636 auctor
2538 1583 2781 1652 epistolae
2819 1582 2886 1636 ad
2939 1582 3269 1652 praesidium,
3326 1582 3426 1637 Dio
3475 1585 3657 1655 Chry-

2071 1683 2366 1737 sostomus,
2394 1675 2642 1728 oratione
2665 1676 2885 1744 politica
2919 1675 2971 1727 in
3004 1676 3288 1737 concione,
3317 1677 3424 1729 Kal
3457 1677 3653 1748 μέντοι

2071 1766 2164 1819 καὶ
2204 1766 2500 1838 μύρμηκας
2528 1767 2668 1820 πάνυ
2700 1768 2871 1839 ἡδέως
2912 1766 3037 1820 ἰδεῖν
3068 1769 3234 1832 ἐστιν,
3255 1769 3400 1833 ὅπως
3428 1771 3532 1839 μὲν
3582 1773 3654 1824 οἰκ

2071 1859 2226 1912 κοῦσι
2255 1860 2373 1930 μετ’
2401 1858 2645 1929 ἀλλήλων
2682 1859 2936 1922 εὐκόλως,
2971 1861 3118 1924 ὅπως
3146 1860 3202 1913 δὲ
3240 1860 3460 1925 ἐξίασιν,
3492 1864 3651 1926 ὅπως

2068 1952 2123 2004 δὲ
2145 1951 2214 2005 τά
2244 1951 2382 2023 βάρη
2413 1948 2935 2022 μεταλαμϐάνουσιν,
2966 1953 3112 2016 ὅπως
3141 1952 3195 2004 δὲ
3223 1954 3652 2026 παραχωροῦσιν

2070 2043 2318 2114 ἀλλήλοις
2355 2042 2464 2096 τῶν
2499 2042 2651 2095 ὁδῶν.
2690 2041 2764 2096 De
2802 2042 3153 2097 formicarum
3185 2045 3240 2098 in
3279 2046 3459 2100 labore
3503 2048 3652 2101 assi—

2068 2135 2276 2191 duitate
2296 2151 2402 2188 non
2421 2132 2714 2203 injucunda
2733 2144 2816 2188 est
2833 2134 3124 2204 Aphthonii
3144 2135 3397 2206 sophista:
3421 2136 3648 2192 fabella.

2139 2227 2300 2293 lbid.,
2347 2227 2442 2281 lin.
2482 2227 2572 2281 45.
2612 2226 2850 2280 Βδέλλα
2886 2226 3335 2294 σκωληκοειδές.
3379 2228 3449 2284 De
3483 2229 3655 2283 hiru—

2069 2320 2290 2375 dinibus
2334 2319 2703 2384 Dioscorides,
2747 2319 2840 2373 lib.
2888 2335 2965 2383 vi,
2999 2335 3118 2390 cap.
3160 2319 3250 2384 52,
3281 2328 3333 2375 et
3366 2321 3653 2391 Apsyrtus

2068 2413 2208 2482 apud
2240 2412 2455 2467 collect.
2486 2411 2768 2481 Geoponic.
2793 2411 2887 2465 lib.
2925 2428 3034 2468 xvi.

2136 2502 2296 2568 lbid.,
2328 2504 2424 2558 lin.
2456 2503 2546 2557 54.
2590 2502 2711 2557 Τῶν
2741 2502 2808 2555 δὲ
2836 2503 3028 2572 ὄφεων
3059 2504 3152 2557 καί
3186 2503 3320 2559 τῶν.
3351 2503 3652 2576 Theophy-

2065 2594 2243 2650 lactus
2275 2593 2587 2649 Simocatus
2614 2595 2668 2648 in
2706 2593 2909 2659 ρεισκε.
2944 2595 3298 2661 naturalibus,
3328 2607 3526 2659 quaest.
3556 2597 3649 2665 14,

2065 2687 2132 2742 de
2167 2687 2328 2749 ibide,
2362 2687 2585 2740 ’Ἢδεται
2608 2686 2758 2738 τουτὶ
2778 2685 2840 2739 τὸ
2866 2686 3052 2757 ὄρνεον
3076 2687 3197 2740 τινὰ
3221 2686 3421 2756 δυσώδη
3454 2689 3650 2742 σιτού-

2071 2795 2227 2849 μενον
2248 2795 2260 2806 ·
2279 2766 2456 2849 χαίρει
2481 2778 2536 2830 δὲ
2563 2778 2795 2848 μάλιστα
2813 2779 2904 2831 καὶ
2919 2781 3040 2842 ταῖς
3062 2777 3169 2830 τῶν
3188 2779 3401 2832 ἰοϐόλων
3416 2779 3648 2849 ἄγραις,

2065 2869 2509 2940 πολυϐορὼτατον
2533 2870 2612 2924 ὅν.
2659 2870 2817 2923 Ἀλλὰ
2847 2870 2938 2924 καὶ
2976 2869 3084 2934 τοῖς
3105 2870 3292 2940 διρεσιν
3324 2870 3444 2933 ἴϐις,
3473 2871 3652 2926 καθά-

2066 2975 2172 3031 περ
2210 2961 2239 3011 6
2281 2957 2612 3029 βασιλίσκος,
2657 2958 2933 3029 πολέμιον.
2985 2959 3075 3012 Διὸ
3127 2961 3220 3013 καὶ
3273 2960 3438 3029 πτερὰ
3474 2960 3649 3015 ἴϐεων

2067 3050 2304 3122 πολέμια
2345 3051 2550 3119 ὄφεσιν.
2601 3051 2948 3121 Ἐμφορεῖται
2973 3050 3030 3103 δὲ
3077 3049 3294 3123 σαρκῶν
3324 3050 3497 3119 δρεων
3550 3054 3648 3108 καὶ

2069 3143 2363 3216 σκορπίων,
2395 3146 2488 3198 καὶ
2521 3143 2752 3214 γέγηθεν
2781 3144 2872 3196 ἐπὶ
2899 3143 3067 3216 ταύτῃ
3095 3145 3160 3215 τῇ
3185 3143 3340 3215 θήρᾳ.
3377 3143 3512 3199 Vide
3542 3144 3649 3202 Pe-

2067 3243 2210 3289 trum
2225 3234 2568 3296 Damianum,
2594 3235 2684 3288 lib.
2703 3249 2765 3295 ιι,
2783 3249 2902 3303 cap.
2922 3234 3004 3289 l8.
3028 3233 3130 3287 Sed
3150 3235 3367 3289 deibide
3384 3235 3644 3292 inferius.

2135 3324 2271 3381 ibid.
2318 3327 2445 3393 Τοῖς
2488 3327 2556 3380 δὲ
2605 3325 2944 3396 κεράσταις.
2998 3325 3273 3389 ΑΞίἰειιιιιε,
3315 3327 3391 3381 De
3442 3329 3642 3385 histor.

2068 3418 2292 3472 animal.
2327 3419 2421 3472 lib.
2455 3434 2510 3482 ι,
2549 3432 2671 3488 cap.
2714 3418 2802 3480 14,
2831 3417 3043 3487 Ὀφεὼν
3072 3434 3130 3470 τε
3159 3418 3251 3471 καὶ
3281 3419 3520 3472 δακετῶν
3548 3420 3648 3491 θη·-
3697 3407 3701 3412 ’

2069 3511 2200 3583 ρίων
2229 3510 2390 3574 αὐτός
2430 3513 2576 3564 ἐστιν
2609 3510 2872 3582 ἔχθιστος.
2904 3511 3018 3564 Οὐκ
3057 3509 3122 3564 ἂν
3151 3509 3281 3578 γοῦν
3319 3512 3477 3565 αὑτὸν
3524 3513 3646 3565 δια-

2067 3601 2225 3674 λάθῃ,
2262 3600 2385 3655 οὕτε
2431 3603 2572 3670 ὄφις,
2602 3600 2724 3655 οὔτε
2769 3603 3048 3674 σκορπίος,
3091 3603 3212 3656 οὔτε
3245 3603 3351 3674 μὴν
3395 3605 3645 3675 πονηρᾶς

2069 3691 2201 3763 ὕλης
2227 3692 2353 3747 ἄλλο
2373 3711 2424 3746 τι
2455 3692 2695 3748 ἐκτοκον.

2138 3785 2301 3848 lbid.,
2342 3785 2439 3839 lin.
2471 3786 2560 3839 57.
2597 3787 2770 3839 Ἔστι
2801 3784 2868 3838 δὲ
2909 3785 3084 3838 τοῦτο
3130 3798 3319 3852 συμπ.
3360 3783 3645 3850 Elianus,

2069 3879 2163 3933 lib.
2197 3896 2232 3933 ιι
2264 3879 2340 3932 De
2367 3878 2490 3932 hist.
2527 3879 2855 3950 anim.,cap.
2889 3877 2960 3932 42
2992 3897 3005 3932 :
3037 3877 3246 3948 Νεκρὺν
3274 3876 3329 3929 δὲ
3355 3877 3644 3948 ἄνθρωπον

2072 3969 2224 4041 ἰέραξ
2257 3969 2398 4033 ἰδὼν,
2424 3969 2700 4023 ἐπιϐάλλει
2736 3969 2841 4038 γῆς
2868 3969 2945 4039 τῷ
2975 3967 3184 4038 ἀτάφῳ.
3213 3969 3322 4021 Καὶ
3349 3966 3505 4020 τοῦτο
3538 3967 3640 4037 μὲν

2067 4060 2128 4112 οὐ
2167 4059 2377 4113 κελεύει
2428 4058 2576 4129 αὐτῷ
2612 4061 2640 4111 ὁ
2687 4057 2882 4122 Σόλων,
2912 4057 2986 4121 ὡς
3027 4057 3340 4129 Ἀθηναίους
3382 4055 3640 4110 ἐκέλευσε

2068 4151 2231 4222 δρᾷν·
2259 4150 2380 4204 οὐδὲ
2409 4147 2660 4220 σώματος
2695 4148 2790 4219 (ita
2828 4147 2972 4202 enim
3004 4147 3242 4218 corrigo;
3273 4146 3487 4216 ἅψεται.
3521 4147 3638 4199 Μέ-

2069 4257 2149 4293 νει
2179 4240 2236 4293 δὲ
2276 4239 2534 4306 ἄγευστος
2580 4239 2675 4291 καὶ
2715 4236 2878 4290 ποτοῦ
2926 4237 3018 4290 ἐὰν
3047 4240 3127 4300 εἰς
3165 4236 3371 4290 αὔλακα
3412 4237 3645 4307 ἐποχευο

2068 4330 2199 4402 τεύῃ
2229 4325 2308 4394 εἷς
2337 4329 2618 4400 ἄνθρωπος
2637 4346 2650 4359 ’
2692 4329 3019 4382 πεπίστευκε
3045 4328 3153 4398 γὰρ
3178 4328 3338 4381 αὑτὸν
3372 4329 3645 4398 πονούμε-

391 4418 508 4514 des,
538 4418 817 4503 De‘niun‘d.
842 4418 1038 4514 opiﬁci;
1064 4442 1292 4508 Plinius,
1318 4441 1411 4496 lib.
1441 4457 1569 4504 xxx,
1594 4457 1713 4510 cap.
1741 4443 1825 4505 Η,
1856 4458 1966 4496 sca-

2079 4440 2157 4476 νον
2178 4420 2406 4492 ζημιοῦν
2424 4420 2818 4491 ὑφαιρούμενος
2833 4423 2895 4473 ὲκ
2913 4418 3013 4489 τῆς
3038 4421 3246 4472 ἐκείνου
3263 4419 3450 4489 χρείας
3471 4419 3640 4489 ὕδωρ.

391 4542 629 4598 rabmum
678 4543 772 4610 qui
819 4539 1017 4610 pilulas
1061 4535 1250 4596 volvit,
1307 4532 1530 4602 Propter
1567 4533 1702 4585 hunc
1745 4532 1968 4604 ὤρθριὶ

393 4651 586 4705 magna
623 4649 746 4701 pars
796 4631 1091 4686 scarabteos
1139 4631 1278 4682 inter
1310 4627 1527 4680 numina
1570 4623 1718 4688 colit,
1757 4627 1966 4678 curiosa

395 4723 614 4790 Apionis
665 4720 1113 4789 interpretatione,
1163 4734 1267 4787 qua
1313 4715 1532 4785 colligat
1556 4714 1700 4768 'solis
1750 4729 1964 4782 operum

393 4809 794 4866 similitudinem
821 4809 940 4862 huic
965 4808 1187 4860 animali
1213 4822 1324 4860 esse
1349 4806 1417 4858 ad
1448 4805 1776 4859 excusandas
1800 4806 1966 4874 gentis

395 4919 506 4957 sua:
551 4903 706 4956 ritus.
751 4900 928 4954 Horus
965 4908 1225 4969 praeterea
1262 4898 1420 4951 aliam
1463 4897 1627 4966 hujus
1663 4899 1968 4952 veneratio-

397 4994 742 5050 niscausam
793 4989 990 5055 reddit,
1029 4987 1173 5059 quod
1212 4986 1422 5041 scilicet
1473 5001 1650 5040 mares
1690 4987 1802 5040 sint
1853 4999 1968 5038 oni-

395 5101 493 5141 nes
550 5083 832 5146 scarabaei,
872 5082 1018 5136 nulla
1059 5079 1278 5135 femina.
1310 5076 1445 5132 Vide
1477 5075 1827 5146 Rodiginum,
1867 5077 1963 5131 lib.

395 5197 516 5243 vm,
557 5193 681 5249 cap.
714 5177 768 5232 5.

464 5270 626 5335 lbid.,
663 5269 862 5324 lin.59.
888 5269 954 5321 0t
973 5266 1040 5320 δὲ
1063 5267 1366 5334 μύρμηκες
1387 5262 1510 5314 τόν.
1530 5259 1787 5322 Basilius,
1815 5258 1964 5314 hom.

394 5365 446 5424 9.
482 5366 624 5418 inter
650 5362 858 5431 reliqua
887 5377 900 5414 :
929 5357 1217 5411 Διακόπτει
1255 5354 1362 5424 γὰρ
1396 5353 1518 5414 ταῖς
1556 5349 1748 5404 ἑαυτοῦ
1776 5350 1968 5421 χηλαῖς

394 5457 502 5507 τῶν
553 5453 782 5526 καρπῶν
818 5451 879 5504 τὸ
940 5449 1282 5521 μεσαίτατον,
1331 5447 1407 5509 ῶς
1449 5445 1515 5499 ἂν
1563 5443 1637 5516 μὴ
1679 5442 1969 5511 ὲκφυέντες

396 5545 657 5616 ἄχρηστοι
695 5542 830 5614 πρὸς
863 5541 1070 5612 τροφὴν
1107 5537 1255 5608 αὐτῷ
1290 5537 1562 5604 γένοιντο·
1589 5533 1684 5588 καὶ
1725 5531 1971 5602 διαψύχει

396 5639 634 5699 τούτους,
675 5635 802 5688 ὅταν
826 5633 1077 5705 αἴσθηται
1115 5629 1292 5685 αὐτῶν
1321 5629 1640 5702 διαϐρόχων,
1673 5625 1766 5680 xal
1795 5625 1894 5678 οὐκ
1916 5626 1972 5677 ὲν

402 5729 564 5782 παντὶ
589 5723 880 5796 προϐάλλει
896 5723 1089 5794 καιριῖ),
1111 5721 1225 5776 ἀλλ’
1243 5723 1366 5776 ὅταν
1394 5717 1755 5792 προαίσθηται
1779 5715 1875 5770 τοῦ
1889 5716 1971 5771 ἀέ-

2071 4517 2132 4568 Εἰ
2181 4515 2238 4569 δὲ
2291 4516 2510 4579 πλείους
2559 4514 2874 4585 ὲπάρδοιεν,
2922 4513 3181 4581 ἀφθονίαν
3228 4513 3322 4567 τοῦ
3369 4513 3645 4585 ῥεύματος

2066 4606 2208 4679 ὀρῶν
2247 4606 2322 4669 ὡς
2369 4605 2683 4677 φιλοτησίας
2722 4604 2865 4669 τινὸς
2897 4603 2954 4672 ἐξ
3003 4604 3178 4658 αὐτῶν
3210 4604 3644 4675 μεταλαμϐάνει,

2066 4699 2162 4752 καὶ
2191 4696 2331 4751 πίνει
2360 4699 2549 4768 ἡδέως.

2135 4791 2255 4846 Col.
2290 4787 2415 4851 749,
2441 4790 2537 4844 lin.
2562 4789 2616 4843 4.
2645 4787 2806 4842 Μετὰ
2827 4786 2894 4840 δὲ
2922 4787 3038 4854 τὴν
3065 4784 3171 4840 τοῦ
3196 4789 3446 4855 κόσμου.
3484 4786 3648 4843 Sicut

2066 4882 2134 4938 de
2171 4883 2442 4953 principio
2478 4889 2532 4936 et
2570 4881 2846 4936 creatione
2875 4880 3038 4948 hujus
3066 4879 3252 4933 mundi
3302 4879 3466 4932 varia:
3496 4882 3647 4950 apud

2068 4978 2211 5040 illos,
2244 4976 2445 5046 quibus
2485 4975 2670 5028 lumen
2697 4973 2973 5044 Evangelii
3012 4988 3121 5026 non
3162 4969 3387 5033 affulsit,
3420 4982 3649 5027 contru-

2067 5085 2241 5125 versa:
2273 5067 2552 5123 sententia:
2580 5066 2753 5130 fuere,
2791 5079 2911 5136 quae
2951 5080 3142 5119 omnes
3169 5078 3199 5116 a
3237 5063 3466 5118 veritate
3491 5066 3649 5119 aber-

2067 5169 2297 5227 rarunt;
2336 5162 2408 5214 ita
2438 5170 2491 5215 et
2531 5161 2585 5214 in
2616 5160 2892 5214 creatione
2938 5157 3176 5211 hominis
3219 5156 3355 5209 varii
3392 5154 3648 5212 dissidiis

2069 5257 2392 5325 semetipsos
2437 5261 2723 5308 vexarunt.
2772 5251 3002 5318 Quidam
3040 5250 3184 5304 enim
3233 5258 3487 5302 naturam
3547 5251 3648 5303 hu-

2069 5361 2286 5400 manam
2317 5353 2572 5398 aeternam
2609 5348 3028 5398 asseverarunt:
3062 5341 3151 5394 alii
3177 5341 3418 5409 primum
3463 5341 3518 5392 in
3551 5340 3639 5392 At-

2069 5441 2180 5494 tica
2214 5447 2374 5492 natos
2406 5436 2576 5491 fuisse
2617 5436 2901 5500 homines;
2935 5435 3024 5487 alii
3067 5435 3120 5486 in
3154 5433 3427 5494 Arcadia;
3460 5431 3552 5483 alii
3596 5430 3646 5481 in

2069 5529 2325 5599 Egypto.
2351 5523 2748 5586 Theodoretus,
2776 5522 2945 5578 (irae.
2968 5523 3142 5592 affect.
3167 5522 3260 5576 lib.
3284 5537 3317 5572 v
3337 5537 3352 5587 ;
3372 5518 3644 5579 Justinus,

2075 5616 2283 5675 Hister.
2317 5617 2410 5672 lib.
2446 5633 2510 5680 ιι,
2537 5615 2811 5670 diuturna:
2829 5614 3192 5669 contentionis
3235 5611 3381 5664 inter
3409 5607 3647 5680 Scythas

2073 5722 2125 5770 et
2170 5710 2455 5783 Egyptios
2491 5707 2559 5763 de
2596 5709 2813 5780 generis
2841 5711 3110 5763 vetustate
3145 5702 3434 5769 meminit;
3462 5707 3517 5756 et
3554 5713 3645 5754 eo-
