3810 6168
200 286 304 343 969

1191 278 1252 329 ΙΝ
1296 273 1665 328 EUS'I‘ATIIII
1708 270 2185 325 IIEXALMERUN
2226 269 2455 322 ΝυἸίΕ.

3355 266 3459 325 970

198 420 319 459 rum
353 401 975 474 argumentis'expositis
1013 400 1283 471 Egyptiis
1330 397 1604 468 superatis
1632 395 1772 450 anti-
1801 401 1843 453 Α
1874 408 1996 448 nem
2047 397 2424 463 comparatum
2480 389 2885 460 exprimerent?
2934 388 3178 448 futurum
3220 409 3460 466 namque

198 495 420 565 quiores
462 492 693 564 Scythas
720 507 935 561 semper
955 491 1106 546 visos
1132 497 1339 544 narrat.

271 584 394 639 Col.
429 584 554 649 749,
588 584 698 640 liu.‘
720 584 773 638 5.
818 581 903 648 Τῷ
931 581 1047 652 μὲν
1093 580 1302 649 θερμῷ.
1351 578 1588 634 Necesse
1627 578 1771 634 enim

197 683 339 739 erat,
381 685 440 728 ut
458 674 623 728 homo
640 680 786 743 apte,
816 688 881 726 ac
911 680 1207 741 temperate
1237 669 1686 734 constitueretur,
1704 684 1775 723 ne

200 768 524 837 urgentibus
552 766 843 819 humorum
880 765 1009 818 hinc
1048 763 1174 817 inde
1200 762 1542 829 differentiis,
1570 769 1623 817 et
1644 777 1777 816 con-

202 859 575 914 trarietatibus
606 857 903 913 distractus
922 856 1241 927 gravissime
1267 853 1666 920 offenderetur;
1694 855 1773 909 sic

197 954 347 1007 enim
376 960 659 1022 promptus
688 961 743 1006 ct
774 951 993 1016 alacris,
1026 950 1125 1013 illi,
1183 949 1248 1002 ad
1279 949 1422 1018 quod
1457 957 1575 1002 erat
1590 955 1772 1010 natus,

201 1045 508 1100 instructus
525 1045 884 1115 incumberet,
900 1043 1175 1112 mentique
1191 1042 1487 1096 deserviret
1503 1048 1776 1109 spectator

198 1152 521 1207 superarum
545 1152 747 1202 rerum,
767 1144 928 1206 atque
957 1136 1281 1190 cmlestium.
1299 1135 1430 1199 Qum
1449 1133 1630 1187 omnia
1657 1133 1776 1188 aliis

199 1230 570 1285 animantibus
600 1230 862 1301 denegata
880 1238 1040 1284 sunt:
1065 1239 1118 1285 et
1136 1229 1240 1283 hoc
1266 1228 1483 1298 quidem
1509 1228 1739 1283 calidius
1759 1267 1773 1291 ,

199 1311 432 1391 ideoque
446 1322 788 1391 iracundum,
809 1336 997 1390 rapax,
1012 1321 1337 1390 superbum;
1360 1319 1490 1374 illud
1502 1318 1776 1389 frigidius.

198 1412 433 1484 ideoque
460 1429 647 1484 segne,
677 1412 1024 1483 pestiferum,
1050 1412 1487 1475 somnolentum;
1518 1418 1573 1465 et
1606 1411 1685 1466 sic
1709 1410 1778 1466 de

200 1505 327 1561 aliis
369 1520 664 1575 possumus
705 1506 1097 1576 phi1050phari.
1131 1504 1347 1576 Optime
1389 1507 1573 1575 itaque
1603 1519 1634 1557 a
1666 1503 1778 1558 Deo

198 1604 443 1653 extrema
474 1613 789 1668 compressa
812 1607 975 1666 sunt;
1003 1608 1057 1654 et
1080 1599 1242 1654 homo
1268 1599 1337 1653 ab
1362 1598 1509 1653 omni
1541 1606 1697 1669 parte
1723 1597 1777 1651 in

198 1688 378 1746 media
408 1690 641 1760 quadam
678 1690 857 1760 frigidi
880 1699 935 1745 et
962 1690 1146 1755 calidi,
1172 1689 1302 1745 sicci
1330 1698 1384 1744 et
1411 1689 1618 1743 humidi
1645 1702 1777 1743 con-

198 1779 489 1835 stitutione
502 1779 790 1844 formatus,
809 1780 1034 1835 mirifice
1048 1788 1330 1849 promptus
1344 1779 1412 1833 ad
1430 1786 1586 1834 actus
1608 1791 1788 1834 neces‘

199 1871 381 1927 sarias
409 1872 763 1941 comperitur.
798 1870 913 1925 Iloc
949 1880 1137 1940 postea
1178 1871 1469 1926 humorum
1516 1879 1779 1941 tempera-

196 1969 443 2016 mentum
474 1961 617 2016 sicut
642 1968 696 2015 et
728 1961 897 2014 multa
924 1960 1028 2013 alia
1045 1960 1184 2014 dona
1208 1975 1239 2014 a
1270 1959 1380 2015 Deo
1421 1960 1525 2015 sibi
1556 1960 1774 2024 collata,

199 2062 452 2123 peccato,
487 2061 542 2107 et
571 2053 831 2124 praecepti
858 2052 1155 2109 violatione
1183 2051 1494 2107 inﬁrmavit.

272 2140 432 2208 lbid.,
463 2142 563 2198 lin.
601 2142 651 2196 7.
686 2144 942 2213 Ἕχοντα
980 2142 1181 2197 πάντα
1220 2141 1293 2196 τὰ
1319 2142 1495 2212 μέρη.
1543 2144 1778 2214 Ideoque

197 2246 314 2288 non
342 2233 552 2289 insulse
580 2250 681 2289 nec
704 2234 1006 2290 oscitanter
1052 2235 1250 2298 homo,
1290 2250 1482 2303 parvus
1528 2234 1773 2300 mundus,

197 2342 234 2378 ιι
287 2325 560 2396 plerisque
614 2336 987 2398 nuncupatur.
1041 2324 1336 2397 Gregorius
1399 2325 1655 2381 Nazianz.
1722 2328 1775 2383 in

195 2417 409 2473 Christi
447 2420 785 2475 nativitatem
822 2439 837 2475 :
868 2419 1037 2474 Τοῦτο
1080 2420 1146 2492 δὴ
1186 2418 1462 2491 βουληθεὶς
1484 2420 1777 2490 ὀτεχνιτης

197 2508 569 2575 ἐπιδείξασθαι
591 2509 777 2578 Λόγος,
801 2509 896 2563 καὶ
919 2509 1056 2574 ζῶον
1078 2510 1136 2563 ἓν
1163 2510 1221 2576 ἐξ
1245 2511 1590 2581 ἀμφοτέρων,
1623 2511 1780 2582 ἀορά-

194 2616 298 2653 του
329 2617 389 2653 τε
420 2600 582 2670 λέγω,
609 2602 703 2655 καὶ
728 2602 927 2673 ὁρατῆς
952 2601 1186 2671 φύσεως,
1204 2601 1524 2674 δημιουργεῖ
1557 2602 1648 2656 τὸν
1683 2604 1777 2658 ἆν-

197 2692 452 2765 θρωπον·
504 2693 601 2747 καὶ
644 2692 793 2764 παρὰ
830 2693 929 2763 μὲν
960 2695 1060 2765 τῆς
1095 2693 1227 2766 ὕλης
1276 2693 1456 2747 λαϐὼν
1496 2693 1557 2749 τὸ
1598 2693 1776 2765 σῶμα,

198 2784 306 2855 ἤδη
336 2785 771 2855 προῦποστάσης,
806 2786 937 2858 παρ’
969 2784 1161 2841 ἑαυτοῦ
1191 2785 1248 2839 δὲ
1274 2784 1417 2857 ζωὴν
1446 2785 1638 2851 ἐνθεὶς,
1660 2786 1688 2838 ὃ
1714 2785 1778 2856 δὴ

198 2881 399 2944 νοεράν
442 2874 618 2946 ψυχὴν
666 2878 758 2930 καὶ
789 2876 976 2931 εἰκόνα
1010 2875 1143 2930 Θεοῦ
1199 2872 1337 2932 εἶδεν
1372 2879 1401 2930 ὁ
1425 2877 1619 2946 Λόγος,
1668 2870 1779 2930 οἷόν

197 2982 328 3019 τινα
368 2965 570 3037 κόσμον
600 2968 847 3040 δεύτερον
889 2970 948 3023 ὲν
988 2967 1167 3041 μικρῷ
1205 2969 1376 3045 μέγαν
1422 2968 1514 3021 ἐπὶ
1549 2969 1645 3040 τῆς
1677 2968 1779 3040 γῆς

202 3059 440 3131 ἵστησιν,
462 3060 688 3130 ἄγγελον
713 3062 869 3117 ἄλλον
894 3062 1270 3135 προσκυνητὴν
1299 3063 1508 3134 μικτὸν,
1536 3062 1779 3132 ὲπὸπτην

200 3155 307 3225 τῆς
334 3153 534 3225 ὁρατῆς
566 3155 816 3219 κτίσεως,
851 3153 1059 3225 μύστην
1088 3154 1188 3224 τῆς
1212 3153 1528 3225 νοουμένης,
1560 3151 1781 3223 βασιλέα

200 3246 317 3301 τῶν
357 3249 450 3301 ἐπὶ
486 3249 610 3318 γῆς,
653 3248 1066 3319 βασιλευόμενον
1112 3246 1350 3311 ἄνωθεν,
1396 3246 1636 3314 ἐπίγειον
1690 3246 1783 3298 καὶ

202 3341 480 3411 οὐράνιον,
507 3341 841 3412 πρόσκαιρον
865 3341 960 3394 καὶ
991 3340 1278 3402 ἀθάνατον,
1305 3338 1498 3410 ὁρατὸν
1530 3338 1623 3392 καὶ
1644 3336 1786 3390 νοού-

206 3445 393 3499 μενον,
428 3426 586 3498 μέσον
625 3428 886 3498 μεγέθους
933 3429 1024 3482 καὶ
1059 3427 1464 3497 ταπεινότητος,
1496 3428 1587 3480 τὸν
1623 3427 1782 3481 αὐτὸν

204 3518 428 3587 πνεῦμα
462 3517 557 3571 καὶ
588 3520 783 3589 σάρκα,
824 3519 1038 3589 πνεῦμα
1062 3518 1149 3571 διὰ
1163 3518 1263 3590 τὴν
1291 3517 1472 3588 χάριν,
1496 3517 1671 3588 σάρκα
1699 3516 1786 3570 διά

202 3608 307 3678 τὴν
339 3607 587 3679 ἔπαρσιν,
622 3609 684 3661 τὸ
718 3608 817 3679 μὲν
847 3609 934 3663 ἵνα
971 3609 1127 3680 μένῃ,
1159 3609 1251 3661 καὶ
1277 3605 1471 3678 δοξάζῃ
1512 3606 1602 3659 τὸν
1633 3606 1786 3677 εὐερ-

203 3700 398 3771 γέτην,
417 3699 479 3752 τὸ
507 3698 563 3751 δὲ
589 3700 676 3753 ἵνα
698 3700 903 3772 πάσχῃ,
931 3702 1022 3753 καὶ
1051 3700 1256 3769 πάσχον
1280 3699 1782 3770 ὑπομιμνήσκηται,

204 3793 306 3846 καὶ
363 3792 702 3862 παιδεύηται,
743 3792 820 3864 τῷ
871 3792 1086 3864 μεγέθει
1143 3790 1608 3862 φιλοτιμούμενος,
1649 3788 1786 3853 ζῶον

206 3880 446 3934 ἐνταῦθα
478 3881 945 3953 οἰκονομούμενον,
977 3883 1070 3936 καὶ
1099 3880 1330 3952 ἀλλαχοῦ
1374 3880 1782 3953 μεθιστάμενον,

206 3972 308 4024 καὶ
339 3971 510 4042 πέρας
543 3971 635 4025 τοῦ
671 3973 969 4044 μυστηρίου
1003 3976 1066 4044 τῇ
1103 3974 1235 4044 πρὸς
1265 3972 1396 4026 Θεὸν
1425 3970 1602 4025 νεύσει
1635 3970 1787 4025 θεού-

211 4076 396 4131 μενον.
423 4059 660 4124 Nicetas,
687 4061 993 4116 Comment.
1014 4064 1067 4116 in
1085 4063 1332 4117 eumdem
1355 4080 1368 4116 :
1389 4063 1499 4115 Καὶ
1522 4061 1785 4133 ἕθηκετὸν

206 4151 497 4223 ἄνθρωπον
522 4153 614 4205 ἐπὶ
639 4152 735 4223 τῆς
756 4154 859 4224 γῆς
890 4152 1063 4223 μέγαν
1086 4144 1286 4224 κόσμον
1307 4157 1365 4207 ὲν
1388 4153 1567 4225 μικρῷ
1597 4153 1786 4223 κόσμῳ

205 4240 291 4312 τῷ
325 4242 587 4314 αἰσθητῷ.
621 4243 833 4317 Μικρὸς
859 4243 967 4316 γὰρ
1008 4247 1036 4297 ὁ
1073 4243 1260 4316 παρὼν
1289 4244 1489 4315 κόσμος
1525 4244 1660 4315 πρὸς
1695 4243 1786 4296 τὸν

203 4334 519 4405 ἄνθρωπον,
546 4329 607 4387 οὗ
635 4335 796 4389 ἕνεκα
821 4337 998 4388 πάντα
1026 4336 1267 4404 ἐγένοντο
1285 4352 1297 4364 ·
1321 4335 1382 4388 τὸ
1404 4335 1510 4407 γὰρ
1534 4328 1595 4388 οὗ
1625 4336 1784 4387 ἕνεκα

1878 498 1962 545 est
1993 497 2054 544 ut
2085 489 2288 560 pariter
2313 488 2508 543 coelum
2535 486 2641 542 hoc
2673 487 2929 552 volubile,
2958 495 3105 544 terra
3143 491 3460 547 mutationi-

1879 584 1980 637 bus
2004 581 2260 644 obnoxia,
2292 587 2490 635 cuncta
2516 579 2751 650 denique
2775 579 2861 635 his
2885 582 3303 651 comprehensa,
3330 600 3459 639 cum

1880 690 1945 730 eo
1971 675 2093 744 ipso
2150 673 2294 745 quod
2354 673 2559 737 ambit,
2623 672 2877 728 universa
2919 676 3212 730 intereant.
3251 674 3457 733 Verum

1880 773 2066 837 posset
2106 764 2425 819 Eustathius
2474 764 2844 833 respondere:
2897 779 3075 834 lneque
3122 765 3297 821 solam
3339 768 3459 822 ani-

1881 874 2043 924 mam,
2081 873 2255 928 neque
2333 857 2509 912 solum
2559 871 2759 927 corpus
2821 857 3093 914 hominem
3147 873 3307 923 esse,
3361 861 3459 917 sed

1881 959 2175 1020 utrumque
2226 964 2395 1002 unum
2445 947 2657 1004 efﬁcere
2714 949 3011 1013 hominem,
3061 950 3157 1021 qui
3205 952 3457 1022 quamvis

1882 1058 2111 1112 corpore
2159 1043 2321 1095 morti
2370 1041 2637 1097 obnoxius
2686 1041 2850 1105 vivat,
2893 1043 3078 1098 animo
3128 1052 3309 1101 tamen
3352 1047 3456 1101 im-

1884 1133 2151 1197 mortalis,
2200 1132 2515 1203 praestantia
2561 1140 2614 1187 et
2669 1133 3008 1198 excellentia,
3039 1142 3093 1190 et
3136 1136 3359 1202 coelum,
3398 1146 3454 1194 et

1883 1235 2106 1290 terram,
2132 1234 2436 1294 caztei'aque
2466 1239 2588 1294 qua:
2619 1224 2894 1281 intereunt
2922 1236 3165 1296 superat,
3191 1229 3459 1283 maxima-

1882 1331 1988 1386 que
2014 1316 2068 1370 iu
2096 1316 2314 1371 homine
2356 1316 2447 1368 illa
2484 1315 2604 1370 laus
2631 1325 2736 1380 est,
2762 1330 2924 1385 quam
2969 1324 3119 1374 certe
3156 1318 3293 1372 nulli
3324 1334 3457 1374 cou-

1882 1424 2094 1464 cessam
2139 1405 2517 1478 cognovimus,
2561 1406 2609 1461 si
2650 1422 2842 1475 parvus
2874 1409 3096 1462 mundus
3130 1410 3453 1480 appellatur.

1883 1503 2001 1569 Quo
2038 1503 2259 1555 nomine
2284 1515 2395 1554 non
2424 1513 2532 1553 una
2567 1499 2733 1554 totius
2768 1499 3009 1556 universi
3039 1514 3166 1570 pars
3209 1516 3332 1557 esse
3373 1503 3455 1556 vi-

1882 1595 2062 1661 detur,
2103 1594 2197 1649 sed
2224 1600 2419 1657 totum,
2461 1600 2514 1644 et
2556 1607 2745 1647 omnes
2793 1594 3037 1648 omnium
3067 1593 3302 1664 partium
3333 1610 3457 1664 per-

1885 1686 2148 1741 fectiones
2181 1687 2236 1740 in
2266 1701 2325 1740 se
2354 1686 2471 1740 solo
2505 1685 2815 1756 complecti,
2848 1685 2993 1755 quod
3024 1686 3095 1741 de
3143 1686 3265 1742 aliis
3311 1686 3453 1742 affir-

1824 1764 1862 1815 Β
1890 1793 2039 1833 mare
2082 1792 2192 1831 non
2219 1790 2532 1847 possumus.
2583 1775 2757 1831 Homo
2793 1777 2941 1832 enim
2996 1777 3169 1843 solus,
3200 1784 3255 1833 et
3290 1776 3452 1843 curio,

1879 1878 1932 1925 ct
1962 1878 2142 1934 terrae,
2177 1877 2231 1924 et
2266 1869 2521 1924 omnibus
2551 1868 2918 1925 animantibus
2946 1883 3047 1940 par
3087 1885 3210 1927 esse
3240 1871 3459 1941 conspi-

1878 1964 2041 2027 citur,
2071 1968 2126 2017 et
2170 1961 2413 2016 omnium
2453 1961 2684 2015 aliorum
2735 1961 3184 2031 perfectionibus,
3215 1977 3322 2017 una
3367 1962 3454 2017 sui

1879 2053 2052 2108 solius
2097 2051 2383 2121 perfectio,
2426 2066 2538 2106 non
2577 2050 2805 2106 inferior
2840 2052 3153 2123 respondet.
3181 2051 3456 2119 Quemad-

1876 2144 2100 2199 modum
2150 2142 2298 2199 enim
2343 2142 2580 2209 coelum,
2633 2150 2689 2197 et
2740 2143 3003 2199 cmlorum
3053 2146 3350 2210 varietate,
3398 2151 3455 2200 et

1877 2244 2123 2290 motuum
2172 2235 2399 2305 perenni
2438 2242 2493 2289 et
2522 2234 2773 2289 ordinata
2812 2250 3092 2300 menSura,
3132 2238 3455 2308 suoque'in-

1878 2328 2027 2382 Iluxu
2053 2334 2274 2384 terrena
2304 2329 2419 2383 htec
2443 2336 2498 2384 et
2541 2326 2687 2383 fovet
2739 2338 2792 2382 et
2819 2328 2936 2394 alit,
2975 2328 3111 2384 nulli
3157 2330 3451 2399 ingratum,

1877 2419 2133 2476 omnibus
2160 2421 2394 2475 amicum
2432 2423 2716 2490 complexu
2752 2435 2854 2476 suo
2887 2420 3159 2487 ambiens;
3193 2421 3276 2476 sic
3312 2428 3367 2476 et
3399 2421 3453 2474 in

1878 2512 2098 2567 homine
2120 2513 2340 2567 animus
2378 2525 2443 2566 ac
2466 2527 2622 2567 mens
2653 2511 2770 2567 suis
2809 2511 3163 2568 facultatibus
3205 2512 3454 2581 corporis

1878 2611 2063 2675 partes
2091 2593 2467 2671 illuminando,
2496 2601 2567 2657 ad
2593 2601 2767 2658 ofﬁcia
2809 2617 3082 2673 quamque
3125 2618 3225 2659 sua
3257 2603 3450 2673 impel-

1878 2696 2064 2763 lendo,
2092 2696 2276 2767 dirigit
2302 2704 2358 2752 et
2386 2695 2694 2766 compellat,
2725 2695 2916 2762 vitam,
2964 2697 3212 2767 spiritus,
3249 2704 3453 2761 motus,

1879 2796 1936 2846 et
1981 2799 2237 2845 sexcenta
2279 2787 2383 2842 alia
2406 2787 2735 2860 elargiendo.
2789 2788 2858 2842 Et
2879 2788 3025 2859 quod
3058 2787 3453 2851 admirabilius,

1880 2896 1990 2938 non
2024 2892 2282 2952 tanquam
2305 2881 2433 2951 quid
2464 2890 2636 2946 motu,
2682 2896 2850 2937 sensu
2899 2896 2965 2936 ac
3013 2881 3227 2938 ratione
3262 2897 3456 2938 carens

1881 2973 1950 3028 ad
1998 2974 2341 3043 operationes
2390 2974 2442 3029 vi
2473 2974 2709 3045 quadam
2756 2972 2995 3028 naturali
3049 2973 3303 3039 ducitur,
3359 2973 3457 3029 sed

1806 3096 1848 3154 α
1881 3065 2037 3136 prius
2066 3080 2127 3120 re
2168 3065 2463 3130 intellecta,
2489 3065 2707 3121 tandem
2739 3066 2844 3121 sibi
2889 3065 3050 3120 ﬁnem
3080 3065 3354 3136 proponit,
3389 3066 3457 3119 ad

1884 3173 2045 3229 quem
2077 3172 2177 3214 sua
2210 3157 2415 3227 dirigit,
2446 3172 2556 3211 non
2580 3156 2955 3221 coactus,'sed
2990 3156 3150 3222 liber,
3195 3171 3260 3211 ac
3290 3157 3457 3211 veluti

1884 3248 2138 3304 dominus
2166 3247 2433 3303 ministris
2461 3254 2522 3307 ut
2549 3247 2656 3303 sibi
2678 3246 2945 3317 placuerit
2973 3247 3268 3318 imperans.
3295 3245 3455 3313 Quod

1884 3342 2023 3398 nulli
2060 3340 2150 3395 alii
2175 3352 2497 3396 concessum
2529 3346 2633 3403 est,
2666 3346 2877 3393 tantum
2911 3337 3065 3393 abest
3105 3348 3165 3392 ut
3212 3339 3376 3409 pulici
3401 3347 3457 3393 et

1886 3433 2049 3486 muri.
2103 3429 2223 3497 Quo
2262 3431 2532 3499 praeconio
2585 3445 2649 3485 ac.
2697 3430 2857 3484 laude
2896 3429 3027 3499 quid
3072 3431 3458 3499 praestantius?

1886 3525 2017 3597 quid
2043 3524 2347 3580 excelsius?

1957 3615 2117 3680 lbid.,
2144 3615 2241 3669 lin.
2282 3614 2334 3669 8.
2371 3614 2598 3682 Ὥσπερ
2629 3612 2739 3682 γὰρ
2765 3613 2805 3680 ἠ
2830 3610 2928 3681 γῆ.
2948 3610 3100 3666 Haud
3131 3612 3331 3675 dubiis,
3358 3612 3456 3668 sed

1896 3705 2223 3763 certissimis
2281 3703 2585 3759 rationibus
2633 3710 2850 3757 constat
2890 3710 3090 3758 terram
3127 3703 3317 3757 mundi
3364 3711 3457 3757 to-

1890 3800 2003 3855 tius
2040 3797 2294 3863 mediam,
2342 3804 2396 3852 et
2435 3795 2593 3866 quasi
2639 3805 2905 3850 centrum.
2958 3794 3190 3861 Plinius,
3225 3797 3264 3851 l.
3309 3812 3370 3860 ιι,
3403 3811 3455 3856 c.

1887 3891 1977 3956 69,
2009 3891 2258 3962 plurimis
2293 3889 2345 3943 id
2374 3888 2708 3958 argumentis
2734 3887 3003 3958 probavit.
3037 3885 3221 3943 Primo
3246 3903 3316 3943 ex
3343 3904 3460 3943 cer-

1887 3982 1958 4038 tis
1990 3981 2143 4036 horis
2193 3978 2525 4050 aequinoctii,
2578 3979 2822 4033 secundo
2855 3994 2922 4033 ex
2954 3978 3203 4049 dioptris,
3237 3995 3335 4035 seu
3368 3980 3456 4034 in-

1888 4080 2312 4129 strumentorum
2357 4070 2599 4142 regulis;
2650 4070 2812 4126 tertio
2855 4083 2889 4123 a
2928 4069 3203 4126 solstitiali
3241 4079 3454 4127 exortu.

1886 4164 2222 4228 Cleomedes,
2273 4163 2367 4218 lib.
2404 4179 2423 4216 1
2458 4160 2703 4227 Meteon,
2735 4162 3008 4219 uberrime
3052 4162 3108 4217 id
3146 4163 3290 4218 idem
3330 4179 3460 4235 pro-

1887 4256 1982 4311 bat
2022 4257 2091 4310 ab
2138 4255 2453 4310 umbrarum
2498 4253 2834 4310 differentiis.
2877 4254 3220 4321 Aristoteles,
3269 4254 3364 4311 lib.
3415 4272 3457 4310 ιι

1888 4346 1967 4401 De
1994 4348 2144 4413 caelo,
2173 4362 2294 4417 cap.
2337 4347 2426 4411 14,
2458 4347 2705 4416 pluribus
2754 4347 3076 4415 confirmat;
3126 4355 3182 4403 et
3229 4347 3324 4403 lib.
3379 4349 3459 4404 De

212 4423 400 4496 μεῖζον
423 4426 516 4477 καὶ
549 4424 773 4492 τιμιώτε
783 4442 871 4495 ρον
889 4442 903 4457 ο
936 4426 1029 4477 καὶ
1056 4426 1353 4497 κατέστησε
1380 4426 1470 4478 τὸν
1502 4424 1780 4496 ἄνθρωπον

1889 4440 2073 4493 mundi
2103 4440 2312 4509 fabrica
2356 4438 2425 4493 ad
2467 4439 2729 4493 Alexand.
2762 4436 2917 4495 Unde
2962 4438 3250 4495 Lucretius
3273 4448 3457 4512 poeta,

210 4515 438 4586 βασιλέα
472 4514 580 4567 τῶν
618 4515 721 4567 ὑπὸ
748 4515 845 4586 τὴν
871 4515 1095 4586 σελήνην
1131 4516 1403 4579 ἁπάντων,
1436 4516 1524 4569 ἵνα
1549 4515 1779 4586 δεσπόζῃ

207 4604 323 4661 τῶν
357 4607 447 4658 ὑπ’
496 4606 657 4659 αὑτοῦ
697 4607 1001 4677 γενομένων
1039 4606 1371 4676 κτισμάτων.
1429 4605 1563 4661 Vide
1610 4607 1784 4677 Chry-

207 4704 517 4753 sostomum
548 4713 799 4753 sermone
853 4699 908 4751 in
943 4713 1191 4768 magnam
1226 4696 1581 4753 Parasceven.
1614 4695 1784 4753 Geor-

208 4788 341 4860 gius
372 4787 602 4855 Pisides,
638 4789 713 4843 De
743 4790 973 4843 vanitate
994 4791 1112 4844 vita’
1131 4829 1146 4854 ,

324 4879 579 4950 Σμικρὸς
603 4882 713 4951 γάρ
731 4884 861 4936 ἐστι
879 4884 1107 4951 κόσμος
1130 4880 1443 4949 ἀνθρώπου
1475 4882 1676 4950 φύσις.
1717 4933 1727 4943 ,

286 4971 584 5042 Gregorius
628 4983 811 5028 tamen
851 4972 1149 5044 Nyssenus,
1181 4972 1258 5026 De
1299 4974 1505 5041 opiﬁcio
1542 4973 1785 5037 hominis,

212 5079 343 5135 cap.
391 5064 480 5128 16,
510 5064 725 5120 videtur
755 5067 1062 5136 improbare
1096 5082 1284 5121 eorum
1328 5068 1660 5137 opinionem,
1694 5068 1787 5136 qui

212 5171 347 5210 cum
373 5156 645 5212 hominem
668 5154 1159 5221 vellentextollere,
1178 5160 1297 5227 ejus
1321 5175 1444 5214 cum
1463 5159 1564 5212 hoc
1586 5159 1789 5214 mundo

216 5247 374 5303 facta
392 5247 704 5312 collatione,
730 5265 948 5317 parvum
966 5249 1216 5302 mundum
1235 5263 1534 5314 vocavere;
1564 5247 1788 5318 indigna

210 5340 370 5395 enim
440 5339 692 5393 humanae
753 5338 1090 5395 excellentiae
1161 5340 1597 5410 imaginabatur,
1664 5353 1788 5394 cum

214 5432 339 5486 haec
399 5430 510 5484 sint
559 5431 889 5497 communia,
938 5439 991 5487 et
1040 5431 1202 5486 culici
1251 5439 1306 5486 et
1346 5434 1510 5496 muri,
1557 5446 1681 5486 cum
1737 5437 1792 5485 et

214 5522 340 5577 haec
370 5536 435 5575 ex
465 5510 700 5590 quatuor
737 5532 991 5577 constent
1029 5522 1333 5585 elementis,
1365 5530 1419 5577 et
1459 5537 1623 5578 sensu
1654 5537 1793 5592 prae-

213 5612 336 5668 dita
389 5612 518 5666 sint.
559 5614 698 5680 Quid
740 5614 865 5669 inde
902 5614 1122 5684 dignum
1151 5615 1369 5669 homine
1411 5615 1789 5685 loquebantur,

214 5704 354 5762 dum
390 5706 661 5760 hominem
700 5706 766 5761 ad
813 5706 998 5760 mundi
1046 5707 1334 5773 imaginem
1383 5714 1437 5762 et
1481 5705 1794 5762 similitudi-

502 5801 772 5862 Pn‘non.
819 5803 934 5863 GR.
983 5800 1215 5863 XVIII.

1885 4533 1979 4587 lib.
2012 4549 2046 4586 ν
2080 4552 2093 4586 :

1960 4647 2222 4718 Terraque
2249 4656 2309 4701 ut
2337 4648 2394 4700 in
2417 4647 2589 4718 media
2610 4647 2790 4700 mundi
2820 4649 3025 4717 regione
3049 4649 3303 4717 quiescat,

1955 4717 2209 4771 Partibus
2235 4719 2400 4772 aereis
2430 4717 2633 4779 mundi.
2663 4718 2847 4787 quibus
2874 4719 3057 4780 insita,
3083 4720 3225 4773 vivit.

1958 4788 2244 4858 Propterea
2266 4805 2369 4841 non
2392 4796 2470 4841 est
2498 4789 2664 4851 oneri,
2689 4804 2848 4857 neque
2867 4788 3113 4858 deprimit
3142 4805 3323 4853 auras,

1963 4856 2030 4911 Ut
2059 4856 2158 4911 aua
2185 4860 2367 4927 cuique
2397 4858 2594 4911 homini
2631 4856 2777 4911 nulla
2807 4860 2912 4912 sint
2932 4856 3171 4927 ipondere
3203 4859 3459 4915 membra.

1888 4967 2146 5022 Plurimis
2193 4968 2259 5022 de
2307 4968 2410 5022 hac
2458 4983 2519 5023 re
2572 4967 2903 5037 philosophi.
2960 4967 3096 5024 Illud
3143 4978 3324 5027 tamen
3366 4972 3457 5025 hic

1889 5059 2189 5115 notandum
2235 5075 2301 5116 ex
2337 5060 2441 5114 hoc
2487 5067 2730 5125 auctore,
2784 5069 2984 5116 terram
3029 5077 3061 5117 a
3105 5063 3318 5119 duobus
3347 5065 3457 5119 ele~

1892 5154 2111 5219 mentis,
2144 5166 2268 5208 aere
2311 5152 2518 5208 scilicet
2547 5160 2601 5207 et
2637 5168 2810 5224 aqua,
2849 5154 3163 5226 circumagi.
3197 5155 3458 5222 Quamvis

1892 5242 2037 5295 enim
2085 5256 2249 5311 supra
2282 5248 2484 5295 terram
2531 5256 2702 5311 aquas
2747 5228 2976 5298 diffundi
3018 5260 3244 5301 necesse
3285 5256 3454 5313 esset,

1895 5340 2074 5387 tamen
2120 5332 2174 5387 id
2196 5333 2399 5411 .divina
2446 5334 2741 5404 contigisse
2773 5335 3113 5405 providentia
3143 5356 3156 5393 :
3197 5354 3268 5394 ne
3299 5340 3460 5410 aquis

1894 5440 1995 5479 nos
2022 5424 2271 5479 homines
2312 5426 2552 5479 obvoluti
2598 5426 2987 5484 sull‘ocaremur
3022 5429 3321 5489 intercluso
3349 5434 3462 5504 spi-

1896 5516 2028 5578 ritu,
2062 5514 2157 5572 sed
2187 5530 2310 5571 aere
2340 5515 2672 5573 circumfuso
2705 5519 3058 5589 spiraremus.

1962 5608 2125 5675 lbid.,
2180 5609 2276 5662 lin.
2342 5610 2429 5663 11.
2485 5610 2647 5664 Οὕτω
2691 5609 2768 5680 δὴ
2806 5612 2904 5666 καὶ
2946 5618 2978 5669 ό
3032 5614 3129 5671 ἄν.
3178 5615 3255 5672 De
3296 5615 3465 5685 admi,

1898 5703 2069 5758 randa
2115 5703 2349 5760 hominis
2384 5713 2658 5761 structura
2697 5706 2853 5777 plura
2898 5709 3105 5780 antiqui
3139 5694 3466 5783 philosophi-

3036 5804 3101 5862 3]
