3810 6168
413 237 516 298 971

1687 247 1939 305 LEONIS
1977 245 2257 303 ALLATH

3558 261 3662 319 972

407 357 465 403 et
489 345 678 404 Patres
724 348 959 406 Basilius
1017 349 1243 426 Magnus
1262 395 1276 420 ,
1322 355 1616 428 Gregorius
1660 355 1943 428 Nyssenus
1963 400 1978 423 ,
2011 374 2051 429 Α
2084 357 2445 416 abhorruisse
2474 361 2764 432 aliquando
2788 365 3027 433 videtur,
3049 368 3352 426 Comment.
3383 387 3544 442 super
3562 373 3662 428 Ee-

408 438 642 497 Basilius
696 439 1012 509 Seleucius,
1055 444 1373 511 Nemesius,
1419 447 1765 513 Ambrosius,
1807 449 1980 507 Geor-

404 532 528 604 gius
550 529 782 599 Pisides,
812 535 884 589 ita
916 546 974 590 ut
1001 537 1224 592 minime
1252 553 1431 609 Operae
1462 541 1694 610 pretium
1722 543 1793 597 sit
1822 545 1980 613 plura

407 622 468 678 in
494 622 688 678 horum
717 623 985 680 dictorum
1045 629 1456 698 explicationem
1496 646 1810 700 congerere.
1846 633 1982 691 Vide

407 725 667 788 praeterea
712 717 975 775 Calenum
1031 721 1108 774 De
1149 739 1246 775 usu
1293 725 1547 793 partium,
1597 725 1977 800 Theophilum,

405 811 701 876 Meletium,
729 812 998 868 Andream
1024 812 1326 868 Vessalium
1357 827 1412 872 et
1440 819 1598 874 alios.

474 903 591 959 Col.
610 903 731 968 749,
766 905 860 959 lin.
892 905 981 960 25.
1011 904 1120 958 Τὸν
1142 906 1455 975 ἄνθρωπον
1480 911 1546 964 ἐκ
1573 911 1683 981 τῆς
1715 911 1845 983 γῆς.
1868 913 1979 967 Nu-

403 996 691 1066 gacissime
723 996 779 1051 in
812 997 913 1051 hac
948 1013 1008 1052 re
1051 997 1286 1053 delirant
1328 997 1720 1068 Mahumetani,
1761 1006 1853 1075 qui
1896 1008 1979 1061 di-

403 1093 535 1140 cunt
571 1084 739 1141 Deum
779 1101 995 1142 creasse
1047 1089 1309 1143 mundum
1353 1106 1420 1145 ex
1471 1093 1691 1161 pulvere
1735 1097 1976 1149 omnium

401 1177 662 1245 colorum,
697 1187 751 1232 et
783 1179 1049 1233 Adamum
1085 1196 1152 1235 ex
1182 1182 1310 1235 limo
1339 1184 1517 1238 omnis
1547 1186 1763 1254 generis
1797 1195 1974 1242 terra-

401 1285 538 1326 rum.
571 1269 706 1325 Nam
758 1271 804 1325 si
856 1270 1087 1327 fuissent
1139 1273 1302 1327 tutius
1353 1274 1707 1346 ejusdemque
1752 1279 1974 1342 coloris,

397 1375 588 1418 omnes
617 1378 705 1418 res
741 1363 972 1417 invicem
1019 1364 1224 1420 similes
1275 1366 1487 1423 futuras
1527 1367 1714 1433 fuisse,
1750 1387 1849 1425 nec
1878 1371 1974 1424 ho-

397 1456 597 1509 minem
633 1471 798 1510 unum
831 1457 899 1510 ab
928 1457 1138 1511 alterno
1171 1461 1380 1513 secerni
1421 1462 1683 1529 potuisse.
1726 1459 1973 1517 Ridicnla

394 1550 523 1608 item
567 1560 649 1607 est
699 1551 1016 1608 Mohametis
1045 1553 1290 1608 doctrina
1344 1556 1410 1610 de
1455 1556 1663 1613 fac-tura
1697 1559 1971 1618 'hominis.

391 1659 499 1714 qua
529 1645 663 1700 dicit
705 1645 981 1702 hominem
1029 1662 1098 1702 ex
1127 1647 1315 1718 humo,
1351 1651 1496 1705 stilla
1531 1653 1836 1708 hirundinis
1859 1655 1975 1710 sive

2087 447 2354 512 clesiast.;
2385 448 2699 520 Cajetanus,
2736 456 2790 508 in
2815 457 3007 524 psalm.
3045 472 3254 527 cxxxv;
3292 463 3656 532 Augustinus,

2088 538 2182 592 lib.
2226 555 2263 592 ιι
2297 538 2374 594 De
2412 540 2596 597 Cenes.
2630 545 2698 597 ad
2749 546 2879 610 litt.,
2919 563 3040 618 cap.
3101 551 3191 618 48,
3230 561 3287 606 et
3325 550 3554 608 Enchir.
3592 559 3658 608 ad

2087 627 2450 695 Laurentium,
2485 650 2604 704 cap.
2635 637 2725 691 58.
2778 636 3052 694 Refellunt
3097 657 3218 696 eam
3268 642 3506 702 Basilius
3549 647 3655 702 Ma-

2085 736 2247 792 gnus,
2282 723 2428 778 hom.
2448 725 2481 778 5
2511 727 2565 779 in
2592 726 2871 796 Hexaem.,
2892 740 2945 784 et
2975 731 3364 798 Damascenus,
3384 736 3482 790 lib.
3516 752 3556 790 ιι
3584 736 3659 790 De

2084 813 2188 881 ﬁde
2211 815 2583 888 orthod.,cap.
2619 819 2673 873 6.
2708 819 2850 886 Quid
2889 821 2961 877 sit
2991 825 3047 878 in
3082 827 3186 879 hac
3221 841 3279 880 re
3315 829 3656 884 sentiendum

2082 905 2286 972 Optime
2317 908 2551 977 explicat
2586 908 2643 962 S.
2680 909 2940 979 Thomas,
2974 930 2991 968 ι
3034 923 3202 985 part.,
3255 929 3449 988 quaest.
3485 921 3572 988 70,
3605 935 3656 977 et

2084 1013 2256 1065 nuper
2277 999 2344 1052 dc
2379 1000 2480 1054 hac
2511 1002 2698 1056 eadem
2726 1019 2784 1059 re
2812 1006 3080 1076 singulari
3119 1010 3338 1078 pietate,
3379 1023 3436 1066 et
3474 1013 3658 1068 erudi-

2084 1088 2232 1142 tione
2251 1090 2354 1156 vir,
2383 1099 2436 1145 et
2465 1093 2568 1146 mei
2611 1096 2976 1154 amicissimus
2998 1098 3175 1155 Julius
3206 1102 3386 1158 Caesar
3409 1103 3653 1174 Lagalla,

2083 1179 2324 1234 libellum
2355 1183 2422 1237 de
2452 1183 2555 1238 hac
2577 1201 2635 1240 re
2660 1188 2984 1256 scripserat;
3013 1207 3176 1260 quem
3206 1207 3308 1262 ego
3336 1195 3410 1248 ob
3435 1197 3657 1266 elegan-

2083 1271 2233 1332 tiam,
2277 1278 2330 1325 et
2381 1272 2644 1329 doctrinae
2680 1278 3048 1347 peripatetica:
3086 1296 3353 1336 summam
3373 1287 3654 1353 peritiam,

2078 1360 2206 1414 dum
2232 1361 2605 1436 llaidelberga:
2627 1383 3018 1434 commorarer,
3042 1374 3279 1428 maximo
3301 1376 3656 1449 philosopho-

2079 1467 2200 1505 rum
2221 1453 2776 1523 desiderioedendum
2799 1464 3008 1517 curavi.
3028 1462 3200 1529 Quem
3223 1467 3428 1536 adesis,
3457 1472 3654 1536 lector,

2078 1545 2124 1598 si
2147 1562 2305 1616 purae
2341 1550 2698 1621 philosophice
2729 1552 2970 1610 fontibus
3000 1556 3320 1625 delectaris;
3369 1562 3419 1617 si
3465 1573 3653 1620 nostra

2079 1635 2194 1690 haec
2218 1648 2460 1709 tempora
2483 1643 2882 1712 antiquioribus
2929 1647 3054 1714 illis,
3114 1665 3214 1706 nec
3259 1651 3528 1708 inferiora
3558 1657 3646 1708 lit-

390 1737 757 1809 sanguisugae,
783 1745 837 1792 et
867 1738 1286 1795 manducatione
1316 1741 1497 1797 ﬁcium
1530 1759 1670 1800 esse,
1701 1745 1850 1800 ,οιτάο
1878 1748 1969 1816 qui
2004 1724 2049 1784 Β
2079 1730 2238 1788 teris.
2265 1746 2364 1786 nec
2404 1734 2829 1803 cogitationibus
2866 1737 3211 1808 obscuriora,
3246 1759 3348 1798 nec
3379 1745 3654 1803 methodis

388 1828 712 1884 observatur
749 1844 914 1899 super
951 1829 1019 1886 iis
1070 1833 1162 1900 qui
1192 1847 1222 1886 a
1257 1831 1546 1890 Saracenis
1591 1837 1660 1890 ad
1703 1837 1970 1891 Christia-

387 1935 515 1976 nam
556 1919 717 1974 ﬁdem
767 1935 826 1976 se
873 1929 1234 1977 convertunt:
1277 1924 1685 1996 Ἀναθεματίζω
1714 1928 1810 1999 τὴν
1839 1932 1970 2003 περὶ

384 2011 484 2082 τῆς
534 2009 781 2074 πλάσεως
815 2010 908 2063 τοῦ
968 2010 1254 2083 ἀνθρώπου
1293 2015 1639 2070 διδασκαλίαν
1671 2018 1762 2071 τοῦ
1805 2021 1970 2074 Μωά-

387 2103 505 2172 μεδ,
542 2104 599 2156 ὲν
698 2119 882 2174 φησιν,
929 2103 1009 2156 ὅτι
1059 2105 1302 2177 ἐπλάσθη
1338 2110 1366 2159 ό
1405 2107 1688 2180 ἄνθρωπος
1716 2111 1822 2165 ἀπὸ
1859 2112 1966 2183 χώ-

387 2210 555 2266 ματος
595 2193 689 2246 καὶ
722 2193 1004 2262 σταγόνος,
1044 2195 1139 2248 καὶ
1173 2196 1422 2267 βδελλῶν,
1459 2199 1554 2251 καὶ
1589 2203 1962 2272 μασσήματος.

381 2286 451 2341 Ει
475 2285 801 2359 Euthymius
834 2285 890 2340 in
941 2287 1242 2356 Punoplia:
1307 2289 1404 2344 Ἐκ
1431 2290 1652 2364 βδέλλης
1683 2294 1966 2365 ἄνθρωπον

381 2377 628 2447 γίνεσθαι
673 2377 839 2444 λέγει.
884 2377 1046 2431 Ἀλλά
1093 2378 1210 2444 πῶς
1258 2383 1322 2434 ὲκ
1395 2382 1487 2436 τοῦ
1536 2384 1861 2456 ἀτιμοτάτου
1904 2387 1966 2440 τὸ

378 2469 728 2542 τιμιώτατον,
754 2469 938 2524 καὶ’ὲκ
967 2468 1058 2523 τοῦ
1083 2469 1277 2540 ἀλόγου
1303 2471 1365 2525 τὸ
1395 2471 1628 2542 λογικὸν,
1663 2477 1756 2528 καὶ
1783 2477 1846 2529 ὲκ
1870 2476 1963 2530 τοῦ

379 2564 615 2634 φευκτοῦ
651 2565 711 2618 τὸ
738 2566 962 2631 eux-cibi;
994 2565 1105 2621 Nec
1130 2565 1313 2623 minus
1344 2567 1742 2625 Mahumetanis
1765 2571 1958 2627 absur-

378 2658 484 2713 dus
510 2657 840 2715 Franciscus
869 2658 1156 2730 Georgius,
1187 2660 1280 2729 qui
1313 2660 1380 2716 de
1408 2661 1536 2717 limo
1567 2671 1724 2718 terrae
1769 2671 1844 2718 ita
1868 2681 1964 2720 exa-

375 2750 566 2820 plicet,
593 2758 652 2803 ut
679 2750 990 2818 concludat,
1019 2751 1254 2805 animam
1281 2759 1490 2806 tantum
1506 2770 1628 2810 esse
1648 2756 1960 2822 hominem;

376 2845 453 2899 ita
483 2844 627 2899 enim
657 2844 731 2897 ait
759 2862 772 2898 :
817 2842 1090 2897 Formavit
1132 2841 1274 2898 Deus
1311 2844 1571 2898 hominem
1611 2863 1870 2916 pulverem
1897 2847 1962 2903 de

378 2949 542 3002 terra,
575 2937 629 2990 id
653 2945 753 2999 est,
787 2936 958 2990 induit
981 2953 1099 2990 eum
1132 2947 1268 2992 veste
1293 2947 1484 3004 terrea,
1509 2955 1694 3008 corpus
1723 2940 1960 2996 videlicet

377 3039 660 3084 terrenum.
709 3026 894 3082 Primo
935 3030 1073 3081 enim
1113 3027 1254 3083 Deus
1303 3027 1527 3084 decrevit
1570 3030 1829 3085 hominem
1873 3032 1960 3101 [a-

375 3140 524 3188 cere;
557 3131 738 3192 postea
779 3123 970 3176 creavit
991 3123 1180 3176 eumin
1204 3123 1366 3186 caelo;
1393 3126 1544 3178 tertio
1570 3125 1815 3193 formavit
1839 3142 1957 3179 cor-

373 3234 472 3287 pus
499 3217 611 3286 ejus
640 3215 800 3270 veluti
823 3225 1034 3270 vestem.
1070 3215 1202 3280 Qua:
1241 3216 1506 3270 sententia
1537 3216 1958 3287 reprehensione

375 3325 486 3364 non
539 3316 730 3374 caret,
775 3307 830 3361 in
870 3306 1106 3360 concilio
1152 3304 1445 3360 Viennensi
1503 3307 1776 3362 damnata.
1822 3305 1957 3364 Vide

373 3401 533 3471 plura
566 3398 728 3468 hujus
758 3396 1034 3451 Francisci
1059 3405 1390 3466 nugamenta
1429 3397 1572 3468 apud
1615 3396 1828 3452 Sixtum
1859 3397 1957 3454 Se-

373 3509 622 3559 nensem,
654 3491 908 3546 Biblioth.
943 3489 1229 3544 sanct.lib.
1263 3505 1301 3543 ι.
1338 3490 1672 3559 Augustinus
1699 3499 1956 3561 praeterea

370 3584 470 3640 lib.
515 3599 553 3637 ιι
578 3583 650 3637 De
669 3579 854 3637 Genes.
892 3580 1110 3652 ullegor.
1135 3579 1318 3645 docet,
1353 3595 1552 3650 corpus
1583 3583 1818 3638 hominis
1843 3598 1954 3639 non

371 3675 544 3731 fuisse
589 3674 868 3729 conditum
911 3681 1037 3728 ante
1080 3671 1274 3726 animae
1310 3672 1662 3738 creationem,
1707 3675 1801 3729 sed
1844 3691 1952 3729 una

370 3783 496 3822 cum
539 3767 656 3838 ipsa
709 3765 890 3820 anima
940 3764 995 3818 in
1038 3763 1228 3820 eodem
1275 3764 1439 3820 simul
1479 3772 1740 3836 tempore.
1795 3764 1951 3832 Quod

370 3868 562 3931 postea
609 3859 918 3928 reprobavit
948 3857 1042 3911 lib.
1098 3873 1114 3911 ι
1163 3855 1419 3922 Retract.,
1467 3871 1587 3927 cap.
1650 3857 1736 3912 lO.
1792 3857 1950 3914 Jose-

369 3951 534 4021 phus,
577 3950 752 4019 Antiq.
784 3947 912 4002 Jud.
948 3949 1042 4002 lib.
1076 3964 1114 4009 ι,
1147 3965 1265 4019 cap.
1309 3948 1364 4015 2,
1395 3949 1658 4004 Adamum
1692 3950 1769 4004 ait
1798 3965 1951 4006 crea-

369 4049 488 4094 tum
519 4057 549 4096 e
579 4040 702 4096 rufa
734 4042 898 4095 humo
937 4041 1280 4107 fermentata,
1304 4042 1428 4098 talis
1458 4042 1601 4098 enim
1637 4051 1719 4097 est
1747 4043 1946 4098 intacta

371 4138 520 4184 terra
557 4137 612 4184 et
663 4144 826 4196 vera;
880 4130 1107 4199 ideoque
1158 4139 1411 4186 vocatum
1458 4131 1727 4187 Adamum
1787 4136 1944 4204 quasi

368 4220 555 4277 rufum
586 4240 598 4275 :
636 4221 693 4274 Ὁ
720 4220 776 4273 δὲ
805 4220 1088 4292 ἄνθρωπος
1112 4214 1262 4286 οὗτος
1298 4222 1537 4292 Ἄδαμος
1582 4222 1813 4296 ἐκλήθη·
1850 4243 1946 4297 ση.

371 4313 552 4386 μαίνει
585 4313 642 4367 δὲ
671 4311 828 4365 τοῦτο
853 4311 992 4366 κατὰ
1017 4312 1262 4380 γλῶτταν
1291 4313 1388 4385 τὴν
1420 4315 1684 4387 Ἐϐραίων
1717 4317 1941 4388 πυρρὸν,

2077 1833 2141 1872 ac
2172 1820 2418 1876 scientiis
2440 1822 2764 1892 ignobiliora
2800 1842 3130 1897 cognoscere
3170 1834 3405 1902 appetis.

2147 1909 2306 1979 lbid.,
2337 1914 2434 1968 lin.
2469 1914 2560 1969 2i.
2600 1918 2710 1971 Τοῦ
2744 1920 3134 1988 παραδείσου.
3163 1923 3326 1980 Plura
3375 1928 3526 1997 apud
3561 1928 3654 1985 Pa-

2077 2012 2186 2061 tres
2225 2007 2291 2061 de
2337 2011 2594 2078 paradiso
2640 2014 2956 2082 voluptatis,
3020 2017 3290 2088 variaeque
3319 2019 3389 2074 de
3440 2036 3514 2076 eo
3543 2038 3650 2078 non

2073 2103 2284 2151 tantum
2322 2100 2464 2170 apud
2502 2103 2778 2172 antiquos,
2811 2105 2905 2160 sed
2937 2115 2992 2162 et
3035 2114 3364 2167 recentiores
3414 2115 3652 2184 scripto-

2073 2205 2185 2256 res,
2218 2190 2564 2248 difﬁcultates
2589 2195 2939 2252 elucubratie.
2971 2199 3120 2254 Multi
3159 2203 3285 2256 item
3314 2203 3492 2261 libros
3510 2208 3651 2263 inte-

2071 2298 2198 2353 gros
2225 2284 2292 2339 de
2337 2285 2441 2341 hoc
2464 2289 2716 2357 paradiso
2753 2292 3104 2364 conscriptos
3130 2295 3186 2349 in
3214 2296 3411 2367 vulgus
3462 2299 3648 2358 edide-

2071 2383 2220 2439 runt,
2254 2376 2308 2430 in
2349 2379 2550 2444 quibus
2587 2389 2670 2436 sat
2701 2381 2878 2452 plura.

2147 2464 2284 2520 lbid.
2325 2467 2682 2538 Ἐπίμοχθον
2726 2471 2905 2538 αὐτῷ.
2965 2471 3178 2531 Delrius
3209 2493 3269 2530 an
3307 2495 3428 2549 cap.
3462 2497 3525 2536 ιιι
3549 2483 3648 2537 Ge-

2069 2573 2180 2614 nes.
2215 2574 2234 2610 :
2280 2556 2346 2611 In
2403 2562 2656 2628 paradiso
2705 2563 2968 2619 innocenti
3028 2567 3232 2622 Adamn
3293 2572 3452 2627 tellus
3499 2593 3646 2646 longe

2069 2651 2246 2704 omnia
2285 2654 2687 2721 suppeditasset,
2741 2657 2901 2711 levent
2943 2677 3061 2714 cum
3109 2663 3374 2732 voluptate
3431 2683 3644 2736 operam

2068 2742 2385 2809 impendenti
2405 2748 2719 2813 :Apeccatori,
2743 2760 2789 2801 et
2812 2759 2963 2804 eastra
2984 2753 3294 2820 paradisum
3321 2757 3509 2813 eadem
3533 2778 3642 2817 nt:-

2070 2836 2212 2906 ligna
2241 2838 2424 2891 nutrix
2452 2840 2667 2893 inarata
2697 2840 2854 2906 nihil,
2902 2854 3058 2898 arata
3085 2861 3249 2914 parce
3284 2852 3558 2920 quazdam.
3591 2868 3640 2907 et

2065 2928 2378 2998 quibusdam
2429 2931 2556 2986 locis
2589 2933 2861 2989 redditura
2897 2935 3260 2994 denuntiatur.
3302 2941 3370 2995 Et
3405 2943 3638 3001 Basilius

2068 3017 2453 3088 Seleuciensis,
2496 3031 2634 3095 orat.
2674 3026 2709 3078 2
2737 3026 2815 3080 De
2854 3026 3027 3082 Adam
3056 3045 3076 3084 :
3118 3031 3562 3106 Ἐπικατάρατος
3602 3043 3635 3111 ἡ

2059 3111 2131 3182 γῆ
2165 3113 2222 3167 ἐν
2251 3117 2364 3178 τοῖς
2406 3115 2588 3187 ἔργοις
2621 3134 2734 3170 σου.
2770 3120 2990 3190 Τρυφῆς
3026 3122 3227 3194 ἐφάνης
3259 3126 3501 3193 ἀνάξιος,
3529 3135 3635 3195 τοῖς

2059 3204 2189 3274 περὶ
2216 3205 2318 3276 γῆν
2352 3206 2570 3278 ἱδρῶσιν
2610 3209 2870 3278 ὑπάρξεις
2927 3214 3250 3284 κατάρατος,
3301 3218 3399 3270 κει)⁸
3457 3222 3636 3285 πόνοις

2061 3297 2339 3367 μετρήσας
2371 3297 2472 3367 τῆς
2506 3299 2649 3370 ζωῆς
2691 3316 2784 3352 σου
2819 3300 2909 3354 τὸν
2934 3303 3146 3373 χρόνον,
3180 3307 3351 3377 τάφον
3381 3311 3634 3382 εὑρήπις

2056 3388 2151 3442 τοῦ
2207 3390 2320 3460 βίου
2355 3392 2615 3464 διάδοχον.

2132 3477 2412 3546 Ibid.,lin.
2438 3483 2528 3537 29.
2569 3485 2881 3553 Γνωρίσας
2913 3481 3026 3542 οὖν
3067 3489 3198 3555 τήν.
3254 3489 3630 3551 Rabbinorum

2058 3568 2278 3638 quidam
2301 3583 2523 3626 censent
2554 3573 2673 3629 Evae
2713 3591 2906 3632 zonam
2954 3578 3010 3632 in
3062 3581 3318 3649 paradiso
3365 3587 3628 3650 solutam,

2057 3660 2436 3734 Adamumque
2463 3680 2684 3734 operam
2713 3667 2896 3722 liberis
2923 3668 3137 3726 dedisse
3165 3674 3352 3728 statim
3379 3684 3441 3730 ut
3467 3677 3544 3733 ad
3570 3679 3636 3733 il-

2059 3754 2170 3809 lum
2207 3756 2436 3811 adducta
2469 3765 2553 3813 est
2584 3758 2714 3814 Eva.
2766 3761 2919 3826 Quod
2954 3763 3264 3820 insinuatur
3285 3769 3455 3823 etiam
3486 3772 3582 3836 lib.
3607 3786 3628 3828 ι

2055 3845 2446 3918 Sibyllinorum
2475 3855 2821 3909 oraculorum
2851 3857 2998 3911 circa
3048 3858 3405 3931 principium.
3447 3863 3627 3921 Caba-

2052 3940 2191 3994 lista:
2224 3944 2588 3999 insulsissime
2617 3955 2868 4002 asserunt
2897 3949 3088 4018 genios
3114 3953 3308 4006 noxios
3339 3954 3488 4008 lilith
3531 3973 3624 4028 ap-

2055 4033 2285 4102 pellatos
2317 4037 2524 4104 genitos
2556 4037 2725 4092 fuisse
2755 4054 2821 4092 ex
2865 4040 3128 4109 proﬂuvio
3154 4044 3384 4101 seminis
3407 4048 3624 4114 Adami,

2051 4133 2342 4196 antequam
2365 4142 2487 4181 cum
2517 4126 2626 4182 Eva
2657 4144 2825 4184 uxore
2854 4131 3296 4201 congrederetur,
3328 4144 3388 4190 et
3427 4137 3628 4195 habere

2050 4214 2270 4284 quidem
2297 4233 2392 4273 eos
2415 4234 2616 4286 corpus
2633 4221 2920 4290 palpabile,
2935 4230 2992 4277 et
3014 4225 3268 4280 sensibus
3291 4229 3626 4300 subjectum,

2051 4306 2146 4359 sed
2181 4320 2419 4372 aereum,
2447 4309 2647 4364 subtile
2678 4319 2732 4364 et
2768 4311 3077 4368 evanidum.
3104 4313 3304 4370 Eorum
3332 4319 3514 4376 vitam
3535 4339 3629 4378 an-

366 4407 662 4478 ἐπειδήπερ
691 4405 798 4459 ἀπὸ
823 4405 920 4474 τῆς
948 4406 1160 4475 πυρρᾶς
1189 4405 1290 4476 γῆς
1317 4407 1651 4478 φυραθείσης
1680 4408 1939 4478 ἐγεγόνει.

2069 4413 2245 4452 torum
2278 4399 2424 4455 mille
2469 4408 2717 4455 statuunt
2762 4406 3020 4472 vegetari,
3054 4413 3110 4460 et
3147 4421 3443 4467 senescere
3474 4429 3626 4470 more

365 4497 601 4569 Τοιαύτη
623 4498 730 4568 γάρ
756 4499 900 4550 ἐστιν
924 4498 957 4567 ἡ
985 4495 1248 4568 παρθένος
1271 4499 1340 4569 γῆ
1363 4498 1456 4551 καὶ
1481 4498 1728 4571 ἀληθινή.

440 4588 576 4644 Ibid.
605 4587 718 4641 Καὶ
760 4586 905 4652 δοὺς
950 4583 1130 4650 αὐτῷ.
1187 4582 1265 4639 lta
1305 4595 1364 4640 ut
1403 4587 1507 4641 hoc
1559 4588 1680 4643 solo
1728 4590 1932 4652 animo,

365 4679 595 4734 rationis
625 4678 887 4732 duntaxat
920 4687 1168 4745 compote
1215 4691 1245 4730 a
1275 4679 1484 4733 caeteris
1517 4677 1661 4746 aliis,
1711 4679 1826 4734 sive
1852 4680 1936 4735 bis

366 4771 725 4827 inferioribus
763 4773 878 4826 sive
923 4768 1322 4840 superioribus,
1353 4770 1624 4825 creaturis
1682 4770 1934 4840 differat;

367 4866 424 4920 in
453 4879 626 4934 eoque
682 4879 841 4919 suum
876 4878 1038 4917 omne
1071 4862 1330 4925 decus,et
1356 4862 1734 4917 excellentiam
1766 4863 1928 4919 sitam

368 4963 650 5029 agnoscat.
671 4954 829 5022 Quod
869 4955 938 5008 ab
975 4953 1196 5008 homine
1224 4954 1271 5008 si
1304 4951 1512 5016 demas,
1543 4969 1810 5023 nusquam
1847 4953 1933 5009 vel

367 5047 666 5114 brutis,vel
698 5046 997 5112 vermibus,
1021 5046 1104 5101 vel
1134 5044 1359 5116 plantis,
1383 5046 1466 5100 vel
1495 5044 1764 5114 lapidibus
1800 5045 1933 5116 ipsis

365 5141 620 5210 superior
657 5139 783 5194 erit.
815 5137 957 5205 Quin
997 5138 1240 5192 omnium
1281 5136 1714 5204 infelicissimus,
1753 5147 1807 5194 et
1833 5141 1933 5194 mi-

364 5232 632 5288 serrimus
662 5233 830 5287 vitam
866 5237 1071 5301 ageret.
1105 5227 1225 5283 Non
1270 5226 1490 5283 defuere
1545 5236 1748 5296 tamen,
1785 5229 1932 5299 iique

362 5323 804 5394 praestantissimi
837 5322 965 5385 viri,
1003 5321 1097 5391 qui
1141 5321 1379 5375 animum
1411 5319 1834 5374 ratiocinantem
1863 5321 1934 5374 sic

363 5417 608 5480 deribus,
637 5417 914 5484 rebusque
952 5413 1080 5468 aliis
1137 5412 1510 5481 assignarunt,
1567 5411 1731 5465 veluti
1777 5409 1932 5467 Philo

361 5505 607 5574 Iudaeus,
640 5509 737 5564 lib.
772 5507 850 5562 De
895 5507 1114 5571 somniis
1158 5513 1211 5559 et
1246 5504 1320 5556 De
1368 5504 1496 5572 opif.
1549 5520 1639 5557 sea:
1687 5504 1928 5568 dierum;

364 5599 648 5668 Origenes,
672 5609 809 5655 tom.
837 5616 874 5664 ι,
905 5597 1213 5653 Comment.
1243 5597 1298 5648 in
1334 5594 1498 5650 Joan.
1523 5603 1576 5650 et
1600 5597 1773 5665 primo
1792 5597 1931 5663 Περὶ

363 5689 585 5761 ἀρχῶν,
619 5705 739 5760 cap.
796 5692 846 5742 ‘7.
884 5690 1244 5761 Hieronymus
1273 5688 1340 5743 ab
1381 5689 1481 5745 hac
1511 5689 1778 5746 sententia
1821 5703 1929 5745 non

2045 4492 2376 4560 reliquorum
2395 4493 2694 4558 hominum,
2710 4499 2994 4567 prepagari
3020 4512 3208 4553 eorum
3240 4503 3484 4571 Speciem
3503 4509 3624 4577 pol-

2046 4581 2346 4638 lutionibus
2363 4586 2668 4650 nocturnis,
2713 4595 2768 4641 et
2789 4585 3047 4646 Venereis
3074 4590 3318 4647 virorum
3348 4596 3621 4664 somniis;

2043 4690 2164 4727 cum
2201 4675 2309 4730 sint
2357 4676 2634 4732 libidinosi
2685 4679 2977 4748 plurimum
3011 4680 3269 4738 delectari
3299 4694 3620 4744 menstruo-

2042 4781 2162 4820 rum
2225 4764 2484 4831 ﬂuxibus,
2545 4769 2744 4838 quibus
2793 4770 2962 4825 robur
3015 4783 3322 4840 assumunt,
3383 4778 3622 4852 ideoque

2040 4867 2207 4930 noctu
2236 4859 2503 4914 accubare
2531 4859 2845 4928 juvenibus,
2883 4860 3125 4929 titillare,
3163 4865 3393 4934 spiritus
3450 4871 3622 4924 semi-

2039 4949 2195 5005 nales
2224 4951 2485 5015 excitare,
2531 4952 2776 5007 relaxare
2811 4968 2943 5007 vasa
3003 4956 3310 5019 seminalia,
3373 4969 3434 5014 ut
3491 4977 3615 5018 sese

2038 5040 2125 5095 bis
2157 5041 2550 5111 pollutionibus
2584 5043 2850 5098 reficiant.
2901 5043 3035 5108 Quis
3063 5061 3172 5099 non
3204 5047 3351 5102 videt
3392 5053 3620 5120 nugas?

2035 5133 2142 5189 Alii
2170 5134 2476 5205 item,quos
2505 5143 2558 5190 et
2591 5144 2789 5190 nostra:
2814 5138 3150 5206 tempestatis
3183 5138 3425 5194 haeretici
3452 5158 3618 5199 .non-

2037 5227 2174 5280 nulli
2207 5237 2536 5297 sequuntur,
2574 5228 2758 5282 statim
2793 5235 2916 5298 post
2944 5239 3250 5298 peccatum.
3284 5231 3392 5284 Alii
3422 5246 3494 5288 ex
3525 5251 3618 5289 ve-

2037 5317 2171 5372 riori
2197 5317 2474 5387 opinione,
2531 5324 2655 5387 post
2694 5318 3067 5386 expulsionem
3124 5334 3156 5374 e
3201 5320 3484 5388 paradiso.
3539 5324 3617 5378 ita

2038 5408 2298 5472 fremens,
2331 5409 2428 5463 lib.
2461 5423 2544 5472 ιιι,
2572 5423 2692 5476 cap.
2721 5408 2820 5471 55;
2840 5406 3160 5478 Procopius,
3189 5424 3312 5480 cap.
3345 5426 3401 5472 ut
3431 5413 3487 5464 in
3516 5410 3618 5468 Ge-

2035 5516 2184 5564 nes.;
2229 5498 2585 5569 Epiphanius,
2618 5498 2712 5555 lib.
2749 5514 2809 5553 ιιι
2855 5498 3054 5554 Contra
3099 5500 3316 5567 hwres.,
3359 5501 3618 5560 Justinus

2034 5593 2250 5662 dialogo
2281 5591 2480 5647 Contra
2513 5591 2858 5662 Tryphonem.
2899 5590 3149 5657 Quandiu
3181 5594 3328 5646 enim
3363 5593 3421 5647 in
3455 5609 3616 5664 para-

2032 5685 2152 5742 diso
2197 5683 2367 5750 fuere,
2423 5684 2661 5755 virgines
2695 5683 3065 5753 permansisse
3113 5683 3434 5740 existimant
3476 5684 3612 5742 Ter.
