3810 6168
175 351 280 411 975

1203 349 1271 404 ΙΝ
1314 347 1678 405 ΕυδΤΑΤι-ιιι
1719 344 2189 401 ΗΕΧΑΕΜΕΒΟΝ
2217 343 2443 400 NOTAE.

3326 341 3428 398 976

176 467 458 533 tullianus,
493 468 589 524 lib.
630 467 704 522 De
728 468 934 523 uetanti.
958 468 1174 538 virgin.,
1199 482 1322 538 cap.
1347 467 1419 532 5;
1471 465 1741 537 Hierony-
1771 471 1817 527 Α
1848 463 2086 533 probari.
2135 461 2420 517 Reclamat
2457 459 2709 516 Justinus
2748 460 2948 531 Marlyr
2978 458 3042 514 ad
3077 457 3429 514 Orthodoxos

175 578 320 629 mus,
345 562 545 618 Contra
574 561 946 628 Iovinianum;
969 562 1316 626 Ambrosius,
1347 560 1443 614 lib.
1473 559 1548 612 De
1579 559 1750 613 instit.

174 657 466 728 virginum;
500 656 756 725 Basilius,
786 657 948 728 epist.
975 656 1042 712 ad
1066 654 1372 718 Letorium,
1395 653 1474 708 De
1501 668 1622 707 uera
1652 652 1756 706 uir-

171 749 426 817 ginitate;
464 748 866 821 Cbrysostom.,
905 748 1054 803 hom.
1085 748 1154 802 18
1201 747 1256 799 in
1294 743 1505 808 Cenes.;
1546 743 1751 797 Marius

173 839 384 907 Victor,
416 841 511 896 lib.
565 857 604 895 ιι
659 842 715 895 in
743 839 955 906 Cenes.;
1013 840 1376 911 Augustinus,
1429 837 1524 891 lib.
1577 841 1640 889 ιιι
1675 835 1752 890 De

172 931 357 988 Cenes.
396 933 465 987 ad
490 933 618 996 litt.;
646 933 880 996 Delrius,
912 934 967 986 in
1005 931 1189 987 Cenes.
1222 947 1346 1001 cap.
1386 945 1460 985 Iv.
1512 927 1622 984 Nec
1651 929 1752 981 ali-

171 1035 259 1082 ter
289 1028 456 1082 sentit
500 1026 821 1098 Proc0pius.
859 1027 925 1080 Et
953 1027 1010 1080 in
1036 1025 1224 1094 Cyrilli
1266 1023 1749 1094 llierosolymitani

173 1117 451 1173 catechesi
489 1116 576 1185 12,
607 1118 680 1171 ita
704 1117 1074 1188 reponendum
1100 1115 1348 1170 nonnulli
1369 1115 1743 1169 contendunt:

168 1209 402 1262 Accessit
431 1208 500 1261 ad
527 1210 796 1264 mulierem
825 1210 997 1264 adhuc
1023 1211 1295 1280 virginem.
1337 1206 1482 1260 Nam
1504 1216 1621 1275 post
1657 1222 1748 1259 ca-

165 1318 284 1354 sum
310 1303 367 1354 in
416 1302 690 1370 paradiso,
733 1310 855 1355 tunc
884 1303 1114 1372 primum
1146 1303 1388 1373 cognovit
1437 1299 1622 1354 Evam.
1681 1298 1746 1351 Et

165 1394 275 1449 hoc
310 1393 584 1449 Eustathii
625 1395 745 1449 loco
774 1394 1179 1464 cognoscimus,
1235 1395 1442 1466 primos
1472 1393 1741 1456 homines,

163 1484 347 1554 quoad
379 1484 596 1539 fuerunt
627 1485 682 1538 in
721 1485 1000 1554 paradiso.
1046 1485 1286 1556 virgines
1324 1485 1512 1540 fuisse.
1559 1483 1742 1537 Prima

162 1575 313 1630 enim
346 1591 534 1630 eorum
588 1576 904 1630 comm-istio
936 1585 1060 1646 post
1093 1592 1373 1645 egressum
1419 1591 1450 1631 e
1489 1576 1742 1647 paradiso

163 1677 648 1724 commemoratur.
689 1667 965 1739 Recteque
1027 1667 1332 1723 Methodius
1387 1669 1442 1722 in
1497 1669 1636 1722 libro
1667 1667 1741 1720 De

164 1762 271 1828 ﬁne
302 1760 484 1814 mundi
515 1779 532 1816 :
560 1761 776 1825 ’1στὲον,
817 1762 919 1825 δτι,
961 1760 1267 1826 ἐξελθόντες
1297 1760 1385 1812 ὅτε
1441 1759 1611 1830 Ἀδὰμ
1646 1759 1738 1810 καὶ

1856 563 2047 625 quaest.
2110 553 2234 619 119,
2277 555 2332 608 in
2387 569 2495 625 qua
2543 555 2818 608 fructuum
2865 560 2918 608 et
2973 552 3221 606 carnium
3269 567 3428 607 usum

1854 647 2007 702 Abeli
2037 656 2090 702 et
2113 647 2282 701 Caino
2326 648 2600 703 concedit.
3431 681 3436 688 η

1927 739 2086 805 Ibid.,
2134 741 2231 794 lin.
2271 740 2359 795 5'2.
2395 740 2780 809 Προσήνεγκε
2835 738 2901 792 δὲ
2929 739 3129 792 Ἅϐελ.
3184 735 3427 791 Primum

1854 831 1963 887 Deo
2008 833 2232 886 Abelem
2284 833 2475 889 litasse
2536 843 2619 889 est
2664 831 2973 887 communis
3024 831 3137 886 fere
3180 830 3424 885 omnium

1851 927 2051 996 opinio.
2085 924 2256 980 Judaei
2293 925 2503 982 Adamo
2533 926 2586 981 id
2619 926 2890 989 tribuunt,
2929 934 2983 979 et
3013 939 3138 978 eum
3190 923 3425 993 primum

1851 1019 2042 1073 bovem
2101 1020 2463 1086 sacriﬁcasse,
2497 1028 2552 1074 et
2581 1020 2746 1074 ritum
2793 1018 2946 1073 illum
2979 1016 3122 1073 ﬁlios
3149 1015 3421 1073 docuisse.

1850 1110 2126 1166 Gilbertus
2156 1110 2562 1173 Genehrardus.
2601 1111 2849 1167 Chronol.
2889 1111 2985 1168 lib.
3016 1127 3056 1166 ι.

1920 1203 2079 1268 Ibid.,
2108 1205 2205 1258 lin.
2238 1205 2326 1259 55.
2356 1206 2464 1259 Καὶ
2496 1207 2534 1274 ἡ
2555 1205 2736 1259 θυσία
2778 1203 2985 1260 αὐτοῦ.
3019 1202 3176 1268 Quod
3216 1200 3427 1256 scilicet

1847 1294 1971 1364 igne
1995 1295 2062 1349 de
2091 1296 2244 1350 cmlis
2267 1297 2507 1352 demisso
2538 1297 2869 1352 oblationem
2893 1295 3011 1366 ejus
3034 1294 3423 1365 absumpserit,

1845 1389 2000 1444 Caini
2055 1389 2314 1444 intactam
2343 1391 2647 1461 reliquerit.
2674 1393 2753 1446 ita
2799 1390 3121 1464 Procopius,
3154 1389 3426 1458 Hierony-

1843 1497 1997 1548 mus;
2051 1482 2287 1554 Cyrillus
2338 1484 2392 1536 in
2466 1481 2648 1538 Cenes.
2710 1498 2830 1553 cap.
2890 1501 2943 1540 Iv
2991 1491 3044 1540 et
3094 1483 3332 1554 Glaphyr
3370 1484 3427 1536 in

1845 1570 2026 1627 Cenes.
2058 1575 2180 1627 libr.
2243 1592 2292 1639 ι;
2339 1574 2576 1630 Faustus
2618 1574 2961 1646 Rhegiensis,
3013 1576 3184 1631 libsu
3215 1575 3294 1629 De
3329 1574 3421 1628 lib.

1847 1665 2038 1728 arbit.,
2087 1681 2208 1736 cap.
2257 1669 2310 1732 (5,
2347 1675 2400 1722 et
2431 1668 2522 1721 alii
2557 1686 2571 1723 :
2603 1669 2750 1739 quod
2788 1675 2842 1724 et
2871 1677 3299 1723 consentaneum
3339 1677 3425 1722 est

1843 1758 1981 1812 mori
2010 1759 2215 1813 divino.
2252 1759 2423 1815 Levit.
2449 1762 2626 1830 1x34;
2643 1761 2774 1817 Jud.
2793 1779 2867 1827 νι,
2883 1763 2946 1818 21
2966 1761 3030 1833 ;1
3047 1761 3288 1831 Pam/ip.
3309 1778 3422 1826 nl,

163 1851 278 1908 Εὕα
310 1855 373 1905 ἐκ
412 1853 506 1906 τοῦ
539 1853 884 1928 παραδείσου,
926 1851 1182 1924 παρθένοι
1220 1852 1534 1921 ἐτύγχανον.
1566 1852 1652 1903 Ἐν
1679 1851 1734 1903 δέ

1853 1849 1899 1917 Β,
1921 1849 1980 1904 II
2004 1852 2239 1922 Paralip.
2260 1871 2331 1908 vn
2352 1873 2366 1920 ;
2396 1854 2494 1908 III
2508 1854 2633 1925 Reg.
2650 1871 2780 1910 xvm
2798 1863 2850 1911 et
2867 1872 3070 1912 xxxvm
3089 1873 3105 1922 ;
3125 1854 3189 1908 ΙΙ
3206 1855 3426 1909 Macha-

161 1944 242 2017 τῷ
264 1947 571 2019 τριακοστῷ
598 1946 706 1999 ἔτει
731 1946 830 2017 τῆς
859 1945 1037 2010 ἐξόδου
1071 1944 1250 2000 αὐτῶν
1284 1944 1378 1997 τοῦ
1409 1943 1732 2015 παραδείσου

161 2039 388 2094 τέτοκαν
440 2040 579 2095 Κὰἲν
606 2039 696 2092 τὸν
729 2039 1070 2112 πρωτότοκον
1109 2039 1202 2092 καὶ
1240 2037 1337 2110 τὴν
1370 2036 1605 2107 ἀδελφὴν
1639 2036 1736 2089 αὑ-

159 2130 254 2186 τοῦ
292 2133 609 2205 Καλμάναν.
632 2132 770 2188 Nota
794 2141 877 2188 est
907 2133 1035 2186 item
1059 2146 1224 2202 super
1266 2132 1368 2185 hac
1402 2146 1461 2184 re
1489 2129 1737 2199 Gregorii

159 2223 394 2296 Nysseni
429 2227 832 2296 sententia,qui
866 2225 945 2279 De
977 2226 1152 2295 opiﬁc.
1187 2225 1436 2287 hominis,
1485 2239 1607 2294 cap.
1642 2223 1733 2286 24,

160 2317 242 2370 ait
274 2336 286 2370 :
318 2316 475 2383 Quod
519 2319 799 2390 generatio
829 2319 1020 2388 prolis,
1066 2327 1119 2372 et
1151 2317 1470 2388 propagatio
1512 2316 1737 2371 humani

157 2411 400 2478 generis,
455 2411 502 2465 si
545 2410 709 2481 primi
765 2419 1022 2482 parentes
1067 2426 1176 2465 non
1234 2417 1570 2480 peccassent,
1627 2425 1737 2463 non

158 2501 359 2557 fuisset
391 2518 488 2573 per
513 2504 741 2570 coitum,
777 2505 871 2558 sed
901 2503 1136 2558 fuissent
1175 2503 1518 2574 multiplicati
1547 2502 1734 2556 multi-

157 2591 477 2662 plicationis
512 2593 675 2647 modo
721 2593 960 2662 quodam
999 2593 1425 2664 perfectissimo,
1475 2592 1737 2663 quemadc

157 2684 385 2740 modum
409 2685 586 2756 angeli
620 2704 633 2739 :
666 2687 943 2756 generatio
977 2701 1212 2756 namque
1236 2686 1372 2749 haec,
1407 2700 1528 2756 quae
1561 2684 1617 2738 ﬁt
1642 2699 1738 2753 per

156 2775 539 2841 concubitum,
565 2792 663 2846 per
681 2785 965 2847 peccatum
990 2785 1073 2833 est
1092 2776 1422 2831 introducta.
1445 2777 1589 2832 ldem
1610 2792 1736 2832 sen-

157 2868 226 2922 tit
254 2867 417 2923 Joan.
455 2867 859 2940 Chrysostom.,
890 2871 1040 2924 hom.
1068 2870 1134 2924 i8
1167 2869 1221 2922 in
1252 2866 1436 2923 Cenes.
1462 2885 1480 2931 ;
1535 2868 1739 2924 Proco-

158 2961 286 3030 pius
314 2961 372 3014 in
405 2958 587 3015 Cenes.
615 2976 738 3032 cap.
769 2977 853 3027 ιν;
897 2959 1286 3026 Damascenus,
1327 2961 1421 3015 lib.
1448 2978 1501 3016 ιν
1528 2960 1606 3015 De
1637 2961 1739 3030 ﬁde

158 3052 400 3119 orthod.,
438 3068 557 3124 cap.
609 3053 720 3120 25;
771 3052 1096 3124 Euthymius
1152 3054 1206 3107 in
1257 3053 1451 3123 psalm.
1508 3069 1573 3121 1.;
1628 3055 1740 3108 Au-

1838 1940 2068 1995 bazorum
2092 1959 2126 1996 ι.
2160 1943 2430 2001 Lutherus
2452 1955 2503 2000 et
2525 1946 2784 2002 Calvinus
2806 1949 3050 2003 veritatis
3068 1947 3424 2003 infensissimi

1839 2033 2044 2099 hostes,
2067 2044 2116 2088 et
2143 2051 2423 2091 sacrarum
2464 2036 2868 2109 Scripturarum
2917 2040 3334 2106 obtrectatores,
3369 2038 3422 2093 id

1841 2132 2111 2179 tantorum
2138 2126 2359 2182 Patrum
2380 2130 2702 2201 auctoritate
2731 2129 3003 2184 ﬁrmatum
3051 2140 3249 2203 negant
3276 2131 3422 2202 inju-

1839 2219 1928 2284 rii,
1954 2219 2275 2291 fabulasQue
2301 2222 2556 2281 Judaicas
2580 2241 2702 2282 esse
2727 2227 3091 2297 nugacissime
3120 2235 3421 2284 autumant.

1910 2310 2044 2365 Ibid.
2089 2312 2140 2364 '0
2173 2313 2242 2366 δὲ
2279 2313 2431 2369 Κάϊν
2471 2315 2722 2384 πρῶτος.
2750 2317 3042 2374 Verissima
3075 2336 3205 2374 sane
3233 2335 3420 2384 causa,

1838 2409 1895 2454 et
1921 2401 2304 2459 efﬁcacissima
2335 2405 2402 2459 ad
2438 2407 2820 2476 explicandum
2875 2426 3044 2480 quare
3076 2411 3218 2468 Deus
3250 2415 3418 2468 sacri-

1843 2492 2024 2548 ﬁcium
2077 2497 2260 2564 potius
2294 2497 2480 2554 Abelis
2524 2516 2686 2571 quam
2721 2501 2878 2556 Caini
2916 2505 3230 2574 aspexerit;
3262 2507 3423 2562 aliam

1842 2583 1996 2639 atiert
2025 2584 2317 2657 Iosephus,
2351 2590 2465 2657 scd,
2495 2599 2554 2645 ut
2581 2601 2827 2663 apparet,
2861 2610 2971 2648 non
2999 2596 3156 2650 multi
3186 2598 3421 2663 roboris.

1841 2677 2090 2745 maleque
2135 2679 2204 2732 ab
2240 2678 2361 2748 ipso
2399 2682 2706 2752 conﬁctam,
2734 2686 2985 2742 videlicet
3016 2691 3160 2758 quod
3208 2691 3423 2747 sacriﬁ-

1842 2767 1987 2822 cium
2036 2769 2221 2827 Abelis
2270 2780 2464 2843 sponte
2508 2785 2716 2832 natura:
2745 2779 2943 2848 genitis
2982 2791 3280 2850 constaret,
3323 2798 3424 2839 sua

1843 2875 1974 2916 vero
2031 2862 2168 2918 Cain
2250 2865 2413 2921 homo
2465 2883 2664 2926 avarus
2713 2879 2769 2926 et
2821 2872 3126 2929 industrius
3174 2889 3272 2944 per
3314 2877 3421 2930 vim

1843 2954 2135 3023 quamdam
2159 2972 2187 3009 a
2213 2965 2408 3012 natura
2430 2968 2752 3018 extorserat.
2790 2963 2963 3019 Θῦσαι
3000 2965 3078 3038 τῷ
3109 2965 3226 3037 Θεῷ
3263 2967 3422 3032 δόξαν

1843 3046 2046 3110 αὐτοῖς,
2072 3049 2100 3100 6
2134 3047 2232 3118 μὲν
2266 3050 2404 3104 Κάῖν
2434 3052 2541 3104 ἀπὸ
2573 3053 2673 3124 τῆς
2694 3057 2967 3126 γεωργίας
2991 3060 3084 3112 καὶ
3115 3060 3222 3113 τῶν
3243 3062 3421 3130 φυτῶν

158 3145 421 3215 gustinus
448 3146 504 3199 in
539 3144 724 3199 Cenes.
783 3143 924 3210 Quid
957 3152 1136 3199 autem
1172 3146 1228 3198 in
1269 3145 1374 3199 hac
1404 3160 1464 3200 re
1493 3152 1739 3199 statuen-

1853 3139 2090 3209 καρποὺς
2127 3140 2454 3212 ἀπήνεγκεν,
2503 3144 2726 3211 ’Ἄϐελος
2753 3147 2811 3202 δὲ
2845 3149 3005 3219 γάλα,
3041 3153 3135 3205 καὶ
3162 3152 3228 3206 τὰ
3271 3171 3423 3226 πρω-

155 3237 292 3292 dum
327 3238 421 3303 sit,
450 3236 754 3294 S.Thomas
779 3239 1012 3308 explicat
1038 3238 1211 3308 prima
1245 3245 1407 3307 part.,
1431 3245 1622 3308 quaest.
1646 3236 1735 3304 98,

156 3341 265 3386 art.
299 3330 358 3398 2,
389 3339 442 3386 et
473 3347 599 3386 cum
638 3347 705 3386 eo
734 3333 918 3403 plures
941 3332 1032 3386 alii
1059 3331 1334 3388 doctores.

229 3421 357 3480 Col.
373 3423 499 3490 749,
523 3424 596 3477 lin
607 3463 622 3479 .
635 3425 727 3479 29.
743 3424 912 3491 Υἱοὺς
927 3424 1036 3478 δύο
1051 3423 1397 3494 ἐγέννησεν.
1412 3420 1531 3477 Non
1547 3421 1742 3494 gemel-

159 3513 266 3578 los,
285 3522 350 3568 ut
374 3529 496 3570 cum
520 3516 770 3571 rabbinis
791 3516 996 3588 colligit
1019 3531 1154 3571 ausu
1176 3515 1465 3571 temerario
1483 3513 1740 3570 Calvinus

159 3603 422 3674 ambigua
470 3603 728 3659 Methodii
775 3605 1009 3660 lectione
1067 3605 1348 3675 deceptus,
1381 3605 1476 3662 sed
1525 3605 1742 3660 diverso

157 3705 351 3765 partu,
381 3711 493 3751 uno
527 3697 736 3752 scilicet
789 3695 944 3762 Cain,
972 3697 1107 3753 Abel
1165 3700 1336 3753 altero
1371 3717 1382 3752 :
1416 3699 1578 3753 verba
1635 3697 1741 3752 Me-

157 3788 340 3844 thodii
371 3798 499 3844 sunt
527 3791 648 3844 εἘν
681 3791 740 3844 δὲ
777 3790 854 3862 τῷ
892 3790 1194 3862 τριακοστῷ
1226 3790 1400 3863 χρόνῳ
1432 3792 1530 3863 τῆς
1562 3789 1741 3856 ἐξόδου

155 3882 347 3937 αὐτῶν
378 3883 470 3937 τοῦ
499 3885 826 3954 παραδείσου
850 3884 1074 3939 τὲτοκαν
1097 3885 1236 3938 Κάῖν
1263 3885 1352 3938 τὸν
1378 3884 1739 3957 πρωτότοκον,

157 3976 256 4030 καὶ
286 3976 391 4047 τὴν
425 3975 656 4049 ἀδελφῆν
693 3977 857 4032 αὐτοῦ
907 3977 1224 4046 Καλμάναν.
1263 3978 1373 4030 Καὶ
1404 3976 1541 4047 μετὰ
1585 3993 1741 4047 τρια-

155 4068 359 4122 κοστὸν
384 4068 570 4140 ἓτερον
607 4069 726 4132 ἔτος
758 4069 1015 4142 ἐγέννησε
1041 4069 1132 4124 τὸν
1164 4067 1327 4122 Ἀϐελ
1361 4069 1457 4121 σὺν
1491 4071 1554 4140 τῇ
1598 4070 1744 4138 Λεμ-

155 4161 301 4234 ϐόρα
331 4164 397 4233 τῇ
421 4161 620 4234 ἀδελφῇ
643 4162 828 4217 αὐτοῦ.
857 4161 986 4228 Qua:
1013 4161 1138 4232 quis
1167 4177 1278 4216 non
1306 4160 1452 4216 videt
1473 4161 1743 4216 diversam

154 4269 188 4309 a
220 4253 460 4310 Calvino
491 4255 819 4311 sententiam
881 4255 1204 4310 continere?

232 4346 402 4413 Ibid.,
443 4347 540 4404 lin.
582 4347 670 4403 30.
708 4346 818 4401 Τὸν
845 4344 1014 4401 Κάϊν.
1052 4346 1226 4416 Hujus
1261 4346 1499 4403 nominis
1524 4353 1742 4418 etymon

148 4446 210 4493 et
232 4439 540 4495 declaratio
562 4440 792 4496 habetur
819 4441 874 4496 in
903 4441 1038 4511 ipsis
1067 4440 1239 4494 sacris
1267 4438 1488 4494 Litteris
1521 4454 1535 4492 :
1570 4439 1744 4510 Etpe-

1842 3231 2038 3285 τότοκα
2086 3232 2193 3286 τῶν
2251 3234 2704 3306 βοσκημάτων.¹0
2749 3240 2882 3306 Θεὸς
2926 3243 2984 3297 δὲ
3023 3245 3189 3318 ταύτῃ
3222 3247 3422 3316 μᾶλλον

1842 3323 2027 3394 ἥδεται
2080 3327 2146 3396 τῇ
2195 3324 2372 3398 θυσίᾳ,
2426 3330 2536 3393 τοῖς
2582 3331 2927 3403 αὐτομάτοις,
2961 3337 3225 3392 καὶκατὰ
3259 3341 3420 3410 φύσιν

1842 3415 2089 3483 γεγονόσι
2123 3415 2462 3488 τιμώμενος,
2507 3420 2623 3474 ἀλλ’
2677 3423 2797 3495 οὐχὶ
2853 3429 2966 3489 τοῖς
3015 3430 3136 3481 κατ’
3179 3431 3421 3486 ἐπίνοιαν

1844 3507 2130 3576 ἀνθρώπου
2163 3509 2484 3564 πλεονέκτου
2513 3513 2653 3567 κατὰ
2688 3514 2806 3584 βίαν
2832 3518 3151 3587 πεφυκόσιν.
3186 3519 3420 3578 Basilius

1847 3601 2129 3657 Seleucius
2161 3605 2409 3660 oratione
2459 3606 2526 3660 de
2549 3605 2683 3662 Cain
2726 3617 2779 3663 et
2810 3610 2975 3666 Abele
3003 3614 3068 3667 ad
3094 3630 3205 3668 rem
3236 3617 3420 3680 ;,Κάῖν

1847 3695 1945 3764 μὲν
1971 3695 2079 3766 γὰρ
2109 3695 2206 3766 τὴν
2235 3695 2426 3751 θυσίαν
2458 3696 2660 3769 ζημίαν
2690 3700 2987 3773 ἡγούμενος
3015 3706 3079 3759 ἐκ
3109 3705 3214 3760 τῶν
3242 3709 3415 3763 ἀδοκί-

1848 3803 1963 3856 μων
1997 3787 2094 3858 τὴν
2127 3786 2289 3859 τιμὴν
2318 3787 2394 3858 τῷ
2443 3789 2736 3861 τιμωμένῳ
2781 3794 3142 3867 προσεκόμιζε
3179 3799 3421 3854 νενοθευ-

1848 3875 1982 3946 μένῃ
2024 3875 2216 3948 γνώμῃ
2257 3877 2355 3946 τὴν
2389 3879 2552 3950 τιμὴν
2585 3881 2941 3950 καπηλεύωψ
2983 3887 3011 3938 6
3039 3886 3094 3940 δέ
3131 3887 3294 3943 Ἀὅελ
3323 3892 3422 3964 οὐχ

1844 3967 2015 4031 οὕτως
2035 3985 2047 3998 ’
2083 3969 2203 4031 ὅλος
2233 3971 2289 4023 δὲ
2332 3970 2424 4024 τοῦ
2478 3972 2650 4045 δώρου
2682 3975 2970 4047 γενόμενος
3007 3980 3287 4053 εἰλικρινεῖ
3309 3984 3422 4038 δια·

1845 4061 1965 4134 νοίᾳ
1999 4063 2289 4136 θεραπεύει
2315 4066 2404 4119 τὸν
2435 4069 2752 4138 Κρείττονα.
2789 4071 2901 4123 Καὶ
2932 4071 3023 4125 τὸν
3059 4074 3159 4144 τῆς
3189 4077 3422 4150 ποίμνης

1845 4156 2044 4228 δοτῆρα
2083 4161 2196 4222 τοῖς
2225 4159 2324 4231 τῆς
2358 4159 2592 4233 ποίμνης
2625 4162 2928 4236 ἐξαιρέτοις
2955 4165 3136 4237 ἐτίμα,
3163 4169 3260 4240 τῆς
3284 4169 3423 4240 γνώ-

1850 4266 1957 4320 μης
1981 4249 2080 4320 τὴν
2107 4251 2308 4322 ἀρετὴν
2330 4253 2616 4307 συνάπτων
2641 4257 2752 4318 τοῖς
2782 4255 2994 4328 δώροις,
3017 4259 3108 4312 καὶ
3134 4261 3303 4332 αὐτὴν
3323 4262 3424 4333 τὴν

1846 4339 2025 4412 ψυχὴν
2103 4344 2542 4416 συμπροσφέρων
2604 4346 2682 4418 τῷ
2729 4346 3022 4420 δεχομένῳ.
3072 4350 3136 4404 Et
3181 4351 3421 4422 Cyrillus

1848 4435 2248 4492 Alexandrinus
2301 4437 2561 4510 Glaphyr.
2601 4441 2657 4493 in
2704 4439 2888 4496 Cenes.
2937 4442 3034 4498 lib.
3086 4460 3103 4499 ι
3143 4448 3332 4517 εἈγει
3357 4447 3421 4520 δὴ

147 4532 298 4600 perit
353 4528 511 4596 Cain,
555 4530 758 4597 dicens,
795 4531 1018 4586 Possedi
1067 4531 1328 4586 hominem
1357 4548 1450 4602 per
1489 4531 1656 4586 Deum
1673 4531 1738 4585 ⁸⁵.

1853 4525 1940 4582 οὖν
1967 4531 1996 4582 ὁ
2028 4531 2126 4600 μὲν
2158 4531 2300 4602 ἱερός
2336 4549 2397 4584 τε
2430 4534 2524 4586 καὶ
2553 4533 2829 4605 πάνσοφος
2861 4536 3025 4592 Ἅϐελ
3056 4539 3126 4592 τὰ
3157 4539 3256 4611 τῆς
3288 4542 3420 4611 ἀγέ-

151 4626 349 4693 Quare
393 4640 506 4681 non
549 4638 697 4682 recte
746 4627 1037 4694 Eusebius,
1076 4628 1171 4683 lib.
1219 4643 1259 4682 ιι
1313 4625 1390 4681 De
1453 4635 1740 4696 prwparat.

146 4737 375 4791 evang.,
423 4734 546 4792 cap.
582 4721 637 4787 4,
680 4719 816 4776 Cain
864 4723 1256 4792 interpretatur
1291 4720 1567 4784 invidiam,
1596 4718 1742 4789 quod

149 4813 382 4868 scilicet
433 4812 590 4877 Cain,
636 4811 822 4870 fratris
881 4814 964 4870 sui
1009 4812 1265 4870 sacriﬁcii
1309 4826 1440 4883 ergo
1469 4811 1740 4877 invidens,

143 4918 285 4960 eum
329 4903 617 4958 occiderit.

222 4996 376 5051 ibid.
409 4995 518 5050 Kal
547 4999 581 5050 δ
604 4994 721 5065 μὲν
746 4993 896 5050 Κάτν
919 4989 1019 5066 ἦν.
1060 4991 1298 5050 Joannes
1346 4993 1589 5048 Zonaras
1635 4991 1743 5046 An-

141 5089 374 5143 nalium
410 5095 544 5142 tom.
575 5085 598 5140 1
623 5107 636 5142 :
669 5085 781 5141 Καὶ
803 5089 831 5140 6
859 5088 956 5160 μὲν
971 5086 1136 5139 Ἀὁελ
1159 5087 1354 5158 νομεὺς
1373 5081 1440 5157 ἦν
1471 5085 1742 5155 ποιμνίου,

142 5184 246 5238 καὶ
299 5182 509 5255 ἀρετῆς
560 5181 923 5254 ἐπεμέλετο,ό
947 5181 1003 5234 δὲ
1037 5181 1174 5234 Κάῖν
1207 5179 1468 5252 ἐγεώργει
1508 5178 1604 5250 τὴν
1643 5179 1745 5250 γῆν

142 5275 533 5348 πονηρότατος
555 5273 652 5330 ὥν.
684 5274 786 5330 Hic
813 5275 1118 5330 notandum
1149 5273 1399 5328 carnium
1430 5287 1585 5328 esum
1620 5277 1747 5326 ante

145 5367 437 5424 diluvium
471 5383 578 5423 non
621 5367 794 5424 fuisse
835 5374 1138 5438 receptum,
1174 5364 1371 5420 Cenes.
1413 5379 1532 5432 cap.
1569 5379 1641 5420 ιι.
1680 5361 1746 5415 Et

145 5461 436 5526 oleribus,
471 5459 765 5529 herbisque
801 5475 973 5530 genus
1005 5459 1300 5513 humanum
1335 5464 1460 5511 ante
1479 5455 1746 5510 diluvium

144 5554 419 5626 potuisse
459 5554 759 5609 sustentari
791 5553 1052 5608 facillimo
1081 5552 1299 5622 negotio
1323 5556 1508 5620 posset
1530 5565 1598 5604 ex
1622 5563 1746 5604 ver-

138 5649 236 5707 bis
254 5645 475 5703 Iuliani
495 5645 790 5718 Apostataa,
814 5663 934 5719 qua:
962 5645 1128 5703 refert
1149 5645 1346 5736 Suidas
1371 5645 1427 5700 in
1443 5641 1741 5708 Herodoto,

222 5803 277 5835 “
319 5798 460 5858 Gen.
497 5817 569 5869 tv,
611 5801 665 5859 1.

1846 4620 2222 4692 ληςὰπόλεκτα
2254 4623 2345 4678 καὶ
2375 4624 2683 4698 ἀριστίνδην
2709 4627 3153 4702 ἐγκεκρυμμένα·
3185 4633 3420 4704 Ἤνεγκε

1845 4715 1976 4787 γὰρ,
1999 4717 2182 4787 φησὶν,
2204 4717 2312 4771 ἀπὸ
2331 4717 2440 4772 τῶν
2468 4721 2825 4793 πρωτοτόκων
2849 4722 2957 4776 τῶν
2988 4724 3172 4796 ἀμνῶν
3198 4728 3291 4780 καὶ
3314 4728 3423 4781 ἀπὸ
3507 4723 3521 4739 ⁸

1845 4804 1954 4860 τῶν
1977 4807 2213 4862 στεατων
2237 4809 2436 4876 αὐτῶν,
2460 4811 2704 4865 τουτέστι
2725 4812 2794 4866 τὰ
2819 4812 3141 4886 προῦχοντα,
3159 4819 3252 4872 καὶ
3279 4819 3425 4885 ἐξαίο

1851 4915 2001 4974 ρεταο
2037 4901 2244 4956 καὶτὸν
2275 4903 2375 4974 τῆς
2409 4904 2716 4976 ἱερουργίας
2740 4907 2842 4960 οὐκ
2876 4908 3148 4979 ἀγνοήσας
3196 4913 3420 4982 τρόπον.

1847 4991 2126 5062 παρετίθει
2170 4993 2237 5046 τὰ
2275 4994 2507 5047 στέατα·
2564 4996 2704 5050 Κάῐν
2758 4997 2815 5051 δὲ
2861 4998 2959 5070 οὐχ
3009 4999 3170 5066 οὓτω,
3204 5004 3337 5058 πολὺ
3367 5005 3425 5059 δὲ

1848 5084 1967 5138 λίαν
2017 5086 2304 5156 ἀτημελῶς
2329 5105 2342 5118 ο
2385 5089 2454 5143 τὰ
2499 5091 2597 5161 μὲν
2627 5091 2737 5164 γὰρ
2766 5092 2847 5146 ὅτι
2880 5093 3112 5163 μάλιστα
3149 5097 3255 5150 τῶν
3289 5097 3422 5168 ὡρί-

1851 5191 1966 5246 μων
1997 5177 2248 5251 ἐκπρεπῆ
2277 5182 2398 5244 ταῖς
2437 5179 2592 5245 ἰδίαις
2635 5182 2916 5255 ἐχαρίζετο
2939 5190 3198 5258 τρυφαῖς·
3237 5189 3426 5245 ἐλύπει

1847 5267 1904 5321 δὲ
1938 5271 2048 5332 τοῖς
2080 5269 2350 5343 δευτέροις
2376 5271 2466 5327 τὸν
2491 5273 2585 5328 ἐπὶ
2608 5276 2823 5330 πάντων
2851 5278 3005 5332 Θεόν.

1921 5359 2080 5424 Ibid.,
2110 5361 2206 5415 lin.
2242 5361 2330 5417 56.
2367 5364 2690 5433 Ὀρτισθεὶς
2721 5367 2819 5421 ἐπὶ
2862 5370 3071 5436 τούτῳ.
3118 5371 3425 5429 Methodius

1848 5451 2168 5510 Patarensis
2219 5457 2405 5513 Abelis
2452 5459 2653 5516 (aedem
2704 5477 2849 5518 anno
2891 5465 3271 5523 ducentesimo
3300 5469 3425 5524 vita:

1848 5546 2044 5601 Adami
2075 5549 2392 5618 contigisse,
2425 5557 2479 5604 et
2526 5553 2805 5623 planctum
2837 5555 3031 5612 Adami
3080 5564 3135 5612 et
3161 5557 3286 5614 Evze
3330 5575 3426 5631 per

1851 5646 2069 5694 centum
2102 5639 2273 5698 fuisse
2304 5650 2660 5714 protractum,
2690 5649 2902 5706 scribit.
2960 5651 3048 5724 Τῷ
3077 5651 3132 5706 δὲ
3160 5652 3429 5709 διακοσιο-
