3810 6168
432 370 537 429 975

1745 364 1991 419 LEONIS
2029 364 2303 421 ALLATII

3561 361 3659 415 976

431 484 541 559 στῷ
567 485 674 538 ἔτει
714 485 813 555 τῆς
853 483 996 554 ζῶης
1028 482 1120 535 τοῦ
1158 483 1328 554 Ἀδὰμ
1348 483 1630 537 ἀπέκτεινε
1663 485 1801 537 Κάῖν
1833 486 1993 537 ’Λϐελ

2166 486 2326 550 lbid.,
2363 485 2455 540 lin.
2505 484 2593 538 45.
2626 482 2859 552 Πρῶτος
2888 482 2955 535 δὲ
2976 482 3141 537 Κάἲν.
3164 479 3400 537 Joannes
3424 479 3661 535 Zonaras

430 579 521 633 τὸν
567 577 793 647 ἀδελφὸν
844 575 1028 630 αὑτοῦ.
1073 576 1181 629 Καὶ
1220 576 1480 646 ἐποίησαν
1519 576 1609 629 τὸν
1631 578 1856 630 κοπετὸν
1880 579 1909 631 ὃ
1937 596 1996 632 τε

443 668 615 740 Ἀδὰμ
661 669 754 722 καὶ
803 666 917 720 Εύα
966 666 1049 719 ἐπ’
1080 664 1239 719 αύτοῦ
1280 668 1372 719 ἐπὶ
1404 667 1629 737 χρόνους
1663 667 1728 739 ρ’.
1760 666 1995 739 Ideoque

432 761 825 817 Constantinus
846 759 1119 814 Manasses
1159 760 1213 812 in
1235 757 1428 811 Annal.
1460 759 1664 812 luctum
1691 760 1997 816 inconsola-

433 856 595 911 bilem
627 851 982 921 nuncupavit,
1013 850 1204 913 πένθος
1233 850 1631 921 ἀπαράκλητον.

502 944 618 998 Col.
647 944 777 1007 749,
815 943 910 995 lin.
937 940 1025 994 58.
1062 940 1123 992 Ὀ
1150 939 1218 992 δὲ
1247 938 1489 1008 πολλὴν
1533 941 1992 1009 περινοστήσας.

435 1037 696 1102 Zonaras,
720 1034 915 1088 Annal.
939 1041 1071 1088 tom.
1101 1032 1122 1085 l
1157 1052 1168 1087 :
1200 1033 1258 1084 Ὀ
1288 1032 1345 1085 δὲ
1362 1032 1631 1105 φθονήσας
1660 1034 1751 1088 ἐπὶ
1774 1037 1839 1106 τῇ
1874 1052 1999 1107 προ-

435 1130 652 1201 τιμήσει
688 1125 887 1181 κτείνει
911 1124 1072 1178 αύτὺν
1101 1123 1194 1176 καὶ
1227 1122 1498 1193 ὲπάρατος
1517 1123 1723 1192 γίνεται
1750 1123 1827 1194 τῷ
1859 1124 1997 1195 Θεῷ,

434 1220 527 1273 καί
561 1218 786 1281 στένειν,
811 1217 905 1270 καὶ
926 1216 1146 1286 τρέμειν
1169 1214 1634 1269 καταδεδίκασται.
1687 1216 2000 1287 Ἐκὸληθεὶς

431 1309 488 1362 δὲ
526 1308 635 1362 ἀπὸ
660 1305 753 1360 τοῦ
786 1304 1077 1377 προσώπου
1104 1303 1196 1357 τοῦ
1232 1302 1388 1369 Θεοῦ,
1414 1306 1470 1358 ἐν
1498 1307 1568 1376 γῇ
1596 1304 1732 1358 Ναῖδ
1764 1303 1998 1377 ᾤκησεν,

429 1399 559 1455 ἔνθα
602 1400 694 1453 καὶ
739 1398 932 1460 παῖδας
971 1397 1233 1465 ἐγείνατο.
1267 1395 1660 1451 Constantinus
1693 1395 1997 1457 Manasses.

430 1493 489 1547 in
522 1490 815 1545 Annalibus
840 1507 857 1542 :
886 1487 1162 1541 Ἐντεῦθεν
1185 1488 1323 1542 Κάῖν
1369 1487 1610 1552 ἐλασθεὶς
1644 1488 1744 1559 τῆς
1779 1487 1999 1560 πρώτης

433 1585 723 1658 παροικίας
734 1624 748 1648 ,

429 1678 540 1734 Kal
582 1675 701 1746 γῆν
743 1673 982 1746 πολλὴν
1015 1671 1348 1746 ἐπιδραμὼτ
1376 1671 1564 1746 ἔπηξε
1587 1672 1692 1737 τὰς
1723 1672 1999 1746 αὐλαίας,

434 1741 617 1801 Ἔνθα
644 1741 835 1800 καλὸν
878 1744 1001 1809 τοῖς
1044 1742 1369 1812 ὀφθαλμοῖς
1401 1744 1634 1796 ἐκείνου
1676 1741 1997 1810 κατεφάνη.

432 1839 499 1893 Et
527 1837 817 1908 Iosephus,
847 1836 1027 1904 Antiq.
1063 1833 1279 1889 Judaic.
1319 1834 1412 1889 lib.
1454 1849 1493 1899 ι,
1535 1848 1657 1903 cap.
1686 1835 1761 1889 ὃς
1796 1833 2002 1904 Πολλὴν
2035 1833 2077 1890 Β

430 1931 489 1985 δὲ
518 1927 759 1983 ἐπελθὼν
787 1928 911 1998 γῆν,
946 1925 1184 1998 ἱδρύεται
1230 1925 1368 1996 μετά
1411 1925 1508 1996 τῆς
1551 1925 1806 1994 γυναικὸς
1857 1926 1998 1979 Κάἶν

433 2020 607 2076 Ναΐδα
654 2020 816 2073 τόπον
854 2008 995 2072 οὕτω
1025 2017 1375 2088 καλούμενον,
1403 2018 1497 2071 καὶ
1547 2016 1733 2070 αὐτόθι
1772 2020 2000 2071 ποιεῖται

432 2111 533 2182 τὴν
578 2109 910 2179 κατοίκησιν,
965 2107 1092 2161 ἔνθα
1154 2107 1247 2161 καὶ
1289 2105 1475 2170 παῖδες
1521 2106 1784 2176 ἐγένοντο.
1817 2105 2002 2161 Prima

435 2205 600 2275 igitur
643 2202 794 2258 orbis
841 2210 1110 2257 terrarum
1142 2200 1335 2256 civitas
1370 2198 1644 2254 Henochia
1674 2198 1777 2254 fuit
1812 2213 1843 2253 a
1865 2199 2001 2254 Cain

433 2302 734 2353 exstructa.
750 2293 983 2349 Berosus
1000 2291 1218 2347 lictitius
1236 2290 1328 2346 lib.
1346 2290 1423 2345 De
1454 2289 1793 2359 temporibus,
1822 2288 2001 2346 lieno-

434 2390 612 2443 rhiam
658 2386 932 2443 civitatem
965 2384 1154 2440 scribit
1184 2399 1308 2440 esse
1346 2382 1622 2439 conditam
1663 2384 1812 2438 circa
1836 2382 2000 2437 Liba-

433 2497 564 2539 num
621 2487 884 2543 montem,
920 2477 1013 2546 qui
1045 2484 1131 2532 est
1168 2476 1236 2532 ad
1266 2477 1535 2532 orientem
1592 2476 2001 2546 comparatione

433 2570 673 2645 regionis
717 2568 1085 2634 Damascenae,
1118 2567 1398 2639 fuisseque
1457 2567 1852 2637 amplissimam
1904 2583 1998 2621 ur-

434 2665 578 2728 hem,
628 2668 684 2718 et
723 2661 1112 2716 habitationem
1163 2660 1462 2731 gigantum.
1535 2657 1632 2714 His
1682 2658 1832 2713 addit
1880 2659 1997 2712 An-

434 2756 582 2816 nius,
637 2767 738 2808 suo
789 2754 952 2808 etiam
1004 2758 1249 2819 tempore
1305 2750 1452 2805 illius
1507 2749 1750 2806 civitatis
1800 2749 1999 2804 diruta:

435 2844 587 2900 cerni
615 2844 671 2897 in
701 2852 882 2898 monte
910 2840 1118 2896 Libano
1139 2841 1374 2896 maxima
1413 2847 1469 2895 et
1513 2841 1753 2912 ingentia
1803 2840 1998 2895 funda-

435 2942 640 2998 menta,
662 2941 716 2991 et
743 2934 905 3004 vulgo
936 2932 1006 2987 ab
1037 2932 1232 2988 incolis
1265 2932 1413 2989 illius
1447 2933 1686 3004 regionis
1724 2934 1998 2988 nominari

435 3025 710 3079 civitatem
770 3023 927 3089 Cain,
978 3032 1145 3093 atque
1200 3022 1256 3078 id
1297 3038 1357 3079 se
1390 3038 1457 3077 ex
1498 3024 1893 3079 mercatoribus
1947 3034 2000 3079 et

436 3115 866 3188 peregrinis,qui
900 3115 955 3170 in
984 3115 1192 3170 Libano
1230 3124 1286 3171 et
1307 3114 1573 3170 Damasco
1595 3117 1796 3172 versati
1821 3123 1996 3180 erant,

437 3185 735 3278 accepisse.
791 3205 1156 3277 Hieronymus
1211 3213 1395 3262 tamen
1425 3215 1479 3262 et
1521 3207 1613 3261 alii
1645 3208 1803 3263 aliter
1828 3208 2002 3279 expli—
2028 3185 2070 3242 (ἶ

435 3307 582 3363 cant,
622 3296 741 3353 Nod
781 3314 889 3353 non
916 3313 1039 3354 esse
1076 3313 1275 3353 nomen
1304 3300 1584 3370 pr0prium
1622 3300 1747 3363 loci,
1784 3300 1880 3356 sed
1908 3316 2003 3370 ap-

438 3392 747 3461 pellativum
775 3389 969 3446 Latine
996 3390 1566 3464 significans,vagum,
1590 3391 1885 3459 ﬂuctuans,
1915 3394 2001 3448 in—

437 3481 653 3549 stabile,
687 3495 752 3536 ac
779 3481 927 3538 sedis
964 3481 1205 3537 incertae.

504 3571 664 3640 lbid.,
706 3566 801 3627 lin:
849 3573 939 3629 40.
992 3573 1102 3628 Kal
1152 3572 1359 3628 πᾶσαν
1401 3574 1693 3643 ἀῤῥητοπ.
1732 3572 2002 3646 Iosephus

436 3665 530 3720 lib.
563 3682 581 3720 ι
623 3665 884 3735 Antiquit.
915 3663 1157 3729 Judaic.,
1195 3680 1315 3736 cap.
1344 3666 1379 3721 '5
1410 3684 1422 3719 :
1454 3666 1568 3720 Οὐκ
1617 3666 1712 3719 ἐπὶ
1755 3667 2005 3739 νουθεσίᾳ

433 3757 494 3812 δὲ
514 3758 613 3829 τὴν
640 3758 860 3811 κόλασιν
886 3757 1095 3824 ἐλαὸεν,
1121 3757 1233 3812 ἀλλ’
1280 3759 1364 3812 ἐπ’
1393 3757 1618 3830 αὐξήσει
1659 3759 1761 3830 τῆς
1786 3760 2001 3826 κακίας,

433 3848 627 3920 ἡδονὴν
660 3849 756 3919 μὲν
782 3850 963 3904 πᾶσαν
991 3850 1297 3922 ἐκπορίζων
1329 3849 1493 3903 αὑτοῦ
1531 3850 1609 3922 τῷ
1638 3852 1869 3924 σώματι,
1899 3853 2004 3907 κᾶν

438 3935 555 4006 μεθ’
587 3936 795 4008 ὕϐρεως
823 3937 929 3990 τῶν
957 3939 1220 3992 συνόντων
1249 3939 1343 4012 δέῃ
1390 3938 1591 4010 ταύτην
1620 3940 1761 4011 ἔχειν
1779 3958 1792 3971 ·
1824 3940 2002 4005 αὔξων

433 4027 489 4079 δὲ
522 4028 611 4080 τὸν
637 4024 781 4081 οἷκον
809 4028 1001 4101 πλήθει
1046 4032 1342 4101 χρημάτων
1380 4031 1437 4097 ἐξ
1474 4033 1726 4105 ἁρπαγῆς
1760 4035 1853 4088 καί
1884 4036 2003 4105 βίας

432 4119 571 4190 πρὸς
592 4120 787 4191 ἡδονὴν
815 4122 908 4175 καὶ
932 4121 1184 4194 λῃστείαν
1216 4123 1341 4186 τοὺς
1369 4125 1794 4194 ἐντυγχάνοντας
1823 4143 2001 4196 παρα-

432 4210 959 4275 καλῶν,διδάσκαλος
982 4212 1161 4276 αὐτοῖς
1189 4214 1439 4286 πονηρῶν
1465 4215 1706 4287 ὑπῆρχεν
1727 4216 2002 4286 ἐπιτηδευ-

436 4301 641 4371 μάτων.
668 4299 947 4357 Manasses
978 4303 1031 4357 in
1068 4302 1261 4356 Annal.
1282 4319 1301 4355 :

432 4391 543 4465 Kal
570 4392 798 4465 πρῶτος
831 4392 1123 4465 ἐπενόησε
1154 4396 1361 4465 πόλεις
1390 4396 1861 4465 ὀχυροπύργους.

429 4464 705 4584 ζνηέύτου
726 4462 1046 4532 γενομένου
1060 4464 1128 4517 δὲ
1152 4464 1257 4517 τοῦ
1286 4462 1508 4533 feroch
1525 4466 1643 4519 τῶν
1654 4462 1997 4535 ἀνθρώπων,

462 4537 506 4584 0
546 4534 695 4584 [tato
725 4533 1043 4584 ἐπετίθετο.
1083 4536 1394 4584 ληστείαιρ
1421 4536 1729 4584 ἐπεγείρει.

442 4533 695 4604 ξοδίταις
725 4533 1043 4604 ἐπετίθετο,
1057 4536 1394 4604 ’.λῃστείαις
1421 4536 1729 4604 ἐπεχείρει,

440 4601 790 4667 Ἐσκύλευε,
822 4602 1159 4670 διήρπαζεν,
1189 4604 1428 4672 ἔκραινε
1459 4601 1659 4674 χεῖράς
1691 4607 1922 4675 φόνοις.

427 4690 547 4745 Non
578 4691 767 4758 Caino,
828 4691 923 4749 sed
962 4696 1082 4763 ejus
1122 4693 1249 4749 filiis
1288 4703 1340 4750 et
1384 4694 1598 4751 ﬁliabus
1645 4694 1993 4768 ﬂagitiosam,

429 4797 493 4835 ac
526 4781 816 4837 nefandam
851 4784 1127 4839 libidinem
1164 4785 1304 4839 hanc
1341 4784 1647 4843 Methodius
1680 4786 1994 4842 Patarensis

426 4872 635 4927 tribuit.
671 4872 761 4943 Τῷ
797 4874 855 4927 δὲ
886 4876 1319 4947 πεντακοσιοστῷ
1344 4878 1518 4949 χρόνῳ
1550 4879 1648 4950 τῆς
1680 4885 1728 4932 α’
1760 4879 1994 4950 χιλιάδος

424 4964 473 5013 οἱ
530 4963 633 5015 υίοὶ
672 4962 767 5017 τοῦ
818 4964 956 5016 Κάῖν
998 4965 1440 5036 κατεστρώννυον
1472 4968 1569 5031 τὰς
1602 4971 1862 5035 γυναῖκας
1887 4969 1994 5022 τῶν

424 5053 666 5123 ἀδελφῶν
687 5055 882 5111 αὐτῶν.
910 5056 1073 5121 Γνοὺς
1087 5057 1145 5110 δὲ
1166 5057 1335 5111 ταῦτα
1356 5061 1384 5111 ὁ
1409 5059 1531 5112 Ἀδά
1540 5077 1578 5130 μ
1598 5060 1840 5131 ἐλυπήθη
1866 5061 1996 5129 σφό-

421 5145 542 5218 δρα.
586 5147 673 5200 Ἐν
714 5148 770 5202 δὲ
807 5148 886 5219 τῷ
924 5150 1283 5219 ἑξακοσιοστῷ
1312 5151 1418 5205 ἔτει
1450 5153 1548 5223 τῆς
1574 5154 1796 5225 πρώτης
1821 5154 1993 5225 χιλιά-

420 5237 510 5301 δος
533 5237 731 5310 οἴστρῳ
762 5240 961 5311 ἔρωτος
982 5242 1233 5313 πορνείας
1258 5243 1313 5295 αἱ
1338 5244 1541 5297 τούτων
1563 5248 1816 5312 γυναῖκες
1866 5264 1992 5300 κατ-

421 5328 850 5400 εσχέθησαν,καὶ
879 5334 957 5395 είς
989 5332 1183 5402 μανίαν
1212 5334 1545 5405 ἐτράπησαν,
1577 5338 1670 5388 καὶ
1701 5340 1812 5401 τοῖς
1844 5338 1991 5401 ίδίοις

420 5420 675 5491 ἀνδράσιν
699 5423 791 5476 ἆτε
818 5416 1060 5491 γυναιξὶν
1088 5424 1404 5495 ἐκέχρηντο,
1428 5428 1519 5478 καὶ
1541 5428 1762 5495 γέγονεν
1776 5428 1988 5499 ἀληθῶς

423 5510 696 5579 προῦπτος
752 5514 979 5585 αἰσχύνη
1029 5519 1141 5579 τοῖς
1185 5516 1371 5587 ὁρῶσι.
1404 5517 1493 5587 Τῷ
1555 5518 1610 5571 δὲ
1670 5521 1986 5573 ὀκτακοσιο-

424 5600 535 5669 στῷ
575 5606 747 5675 χρόνῳ
788 5608 889 5676 τῆς
934 5609 1078 5679 ζωῆς
1132 5610 1226 5663 τοῦ
1290 5612 1459 5682 Ἀδὰμ
1513 5613 1882 5667 κατεπλάτυνε
1927 5614 1987 5666 τὸ

426 5692 581 5757 μῖσος
608 5692 706 5760 τῆς
736 5699 989 5766 πορνείας
1017 5700 1073 5752 ὲν
1103 5703 1167 5770 τῇ
1202 5704 1270 5771 γῇ
1295 5702 1396 5755 ὑπὸ
1422 5702 1528 5757 τῶν
1555 5702 1685 5756 υἱῶν
1708 5703 1798 5757 τοῦ
1834 5703 1988 5757 ἀδελ-

425 5779 679 5840 φοκτόνον
711 5786 868 5837 Κάῖν.

2099 579 2293 632 Annal.
2315 589 2443 634 tom.
2462 575 2481 630 Ι
2503 595 2516 631 :
2544 571 2710 639 Οὗτος
2738 577 2909 647 μέτρα
2931 593 2989 628 τε
3015 576 3109 629 καὶ
3133 573 3661 645 στάθμιαρπενόησε,

2098 671 2191 724 καὶ
2220 670 2430 740 πρῶτος
2462 670 2621 742 ὄρους
2663 668 2900 740 ἐπήξατο
2927 667 3031 737 γῆς
3063 666 3327 738 πονηρίας
3350 664 3663 736 καθηγητὴς

2097 761 2515 832 χρηματισθεὶς,
2545 761 2636 815 καὶ
2685 762 2835 814 πόλιν
2879 761 2959 822 είς
2999 758 3169 829 ὄνομα
3206 757 3299 811 τοῦ
3322 757 3661 829 πρωτοτόκου

2100 855 2214 908 υἱοῦ
2239 854 2400 908 αὑτοῦ
2440 853 2603 918 Ἐνὼς
2635 854 3000 925 ᾠκοδόμησεν.
3019 851 3293 922 Josephus
3323 851 3456 905 item
3482 850 3665 904 inven-

2098 946 2300 1000 tionem
2360 946 2657 1015 ponderum
2707 957 2761 1000 et
2809 958 3186 999 mensurarum
3234 950 3519 1012 acceptam
3566 940 3664 995 fert

2100 1037 2192 1092 lib.
2225 1052 2241 1090 ι
2276 1037 2557 1108 Αηιίᾳιιίιη
2591 1052 2711 1107 cap.
2734 1037 2768 1090 '5
2837 1025 2947 1090 Kal.
2985 1036 3080 1107 τὴν
3116 1033 3547 1106 ἀπραγμοσύνην
3574 1033 3667 1102 μὲν

2098 1122 2133 1203 ᾖ
2161 1129 2421 1201 πρότερον
2456 1128 2688 1192 συνέζων
2718 1129 2767 1181 οἱ
2789 1127 3062 1200 ἄνθρωποι
3093 1125 3305 1197 μέτρων
3339 1125 3558 1195 ἐπινοίᾳ
3580 1125 3670 1176 καί

2101 1218 2353 1289 σταθμῶν
2384 1221 2767 1289 μετεστήσατο,
2795 1217 3052 1288 ἀκέραιον
3079 1216 3261 1279 αὐτοῖς
3294 1216 3424 1269 ὄντα
3444 1214 3536 1268 τὸν
3565 1214 3669 1284 βίον

2098 1312 2166 1365 ὲκ
2215 1312 2316 1382 τῆς
2345 1311 2548 1363 τούτων
2593 1308 2848 1380 ἀμαθίας,
2882 1310 2974 1363 καὶ
3017 1307 3391 1380 μεγαλόψυχον
3424 1308 3507 1370 είς
3538 1324 3671 1359 παν-

2097 1403 2321 1476 ουργίας
2366 1401 2606 1472 ἀγαγών.
2660 1402 2975 1471 Eutropius,
3036 1401 3135 1454 lib.
3170 1416 3210 1464 ι,
3247 1399 3410 1453 initio
3438 1397 3671 1469 (basim

2100 1502 2280 1548 tamen
2331 1492 2758 1561 Christophorus
2811 1489 3125 1545 Roﬁniacus
3174 1490 3229 1543 in
3280 1486 3503 1542 Comm.
3543 1487 3669 1541 hist.

2101 1599 2231 1638 num
2276 1597 2401 1637 vera
2443 1590 2574 1638 sunt
2599 1597 2720 1652 qua:
2753 1580 2821 1635 de
2849 1580 3054 1636 exteris
3088 1580 3253 1635 rebus
3283 1578 3525 1631 admista
3548 1585 3671 1631 sunt

2101 1671 2405 1742 Eutrapio:
2446 1687 2574 1726 nam
2628 1672 2676 1726 is
2730 1671 2875 1726 solas
2934 1668 3225 1729 Romanas.
3271 1676 3330 1724 ut
3363 1668 3671 1724 doctissimi

2104 1766 2400 1836 scriptores
2429 1770 2722 1830 testantur,
2738 1761 3063 1832 contexuit),
3088 1776 3152 1816 eo
3182 1768 3430 1830 tempore
3450 1774 3672 1813 mensu-

2107 1873 2199 1913 ras
2243 1863 2298 1912 et
2328 1855 2567 1926 pondera
2619 1856 2838 1909 inventa
2872 1854 3058 1917 tradit,
3089 1868 3197 1922 quo
3248 1850 3397 1921 apud
3436 1849 3675 1903 Albanos

2108 1949 2330 2012 Procas,
2366 1948 2507 2018 apud
2539 1946 2754 2001 Iudaeos
2776 1945 2887 1999 Aza
2919 1949 3237 2015 regnarunt.
3265 1941 3374 1997 Alii
3401 1940 3673 1995 Palamedi

2107 2038 2472 2094 inventionem
2528 2037 2671 2091 hanc
2714 2036 3107 2105 ascripserunt,
3140 2050 3169 2087 a
3201 2033 3406 2104 quibus
3429 2047 3541 2086 non
3571 2031 3676 2085 dis-

2107 2132 2271 2187 sentit
2320 2128 2548 2200 Gorgias
2602 2126 2901 2183 Leontinus
2949 2128 3196 2182 oratione
3257 2127 3529 2195 apologet.
3581 2139 3678 2194 pro

2105 2219 2393 2276 Palamede
2423 2236 2437 2271 :
2477 2218 2572 2284 Τίς
2601 2218 2710 2290 γὰρ
2733 2217 2798 2273 ἀν
2828 2217 3049 2287 ἐποίησε
3066 2218 3155 2270 τὸν
3194 2213 3535 2287 ἀνθρώπινον
3569 2213 3676 2284 βίον

2106 2310 2336 2380 πόριμον
2367 2308 2425 2376 ἐξ
2458 2309 2684 2381 ἀπόρου,
2725 2310 2819 2363 καὶ
2873 2305 3282 2378 κεκοσμημένον
3320 2304 3384 2371 es
3413 2304 3673 2373 ἀκόσμου,

2104 2399 2286 2465 τάξεις
2326 2416 2388 2453 τε
2422 2398 2723 2470 πολεμικὰς
2754 2397 2927 2470 εὑρὼν
2963 2398 3213 2469 μέγιστον
3249 2398 3329 2458 εἰς
3358 2394 3676 2461 πλεονεκτή-

2110 2510 2277 2565 ματα,
2312 2493 2512 2563 νόμους
2541 2509 2600 2545 τε
2630 2494 2929 2563 γραπτοὺς,
2955 2489 3200 2561 φύλακάς
3229 2505 3292 2541 τε
3329 2488 3426 2542 τοῦ
3449 2488 3674 2547 δικαίου,

2105 2586 2410 2659 γράμματά
2432 2603 2491 2638 τε
2520 2586 2739 2656 μνήμης
2768 2584 3018 2655 ὄργανον,
3039 2582 3212 2653 μέτρα
3234 2597 3292 2634 τε
3318 2579 3417 2634 καὶ
3448 2578 3672 2649 σταθμὰ,

2107 2678 2451 2748 συναλλαγῶν
2489 2677 2751 2749 εὐπόρους
2778 2674 3086 2744 διαλλαγὰς,
3112 2674 3345 2745 ἀριθμόν
3374 2691 3435 2726 τε
3465 2673 3674 2744 χρημά-

2104 2786 2212 2823 των
2247 2768 2488 2838 φύλακα,
2523 2766 2763 2838 πυρσούς
2804 2782 2864 2818 τε
2890 2756 3233 2835 κρατίστους,
3265 2763 3365 2816 καὶ
3396 2763 3675 2833 ταχίστους

2106 2860 2388 2929 ἀγγέλους,
2419 2857 2651 2921 πεσσούς
2681 2873 2741 2910 τε
2785 2855 2977 2928 σχολῆς
3010 2856 3211 2909 ἄλυπον
3265 2854 3588 2926 διατριϐήν;
3616 2853 3672 2905 Et

2104 2951 2415 3007 Alcidamas
2467 2950 2768 3006 acerrimus
2818 2947 3124 3003 Palamedis
3173 2955 3470 3002 accusator
3513 2947 3570 3001 in
3616 2960 3671 2999 ea

2105 3058 2269 3114 quam
2303 3049 2495 3098 contra
2534 3040 2877 3095 Palamedem
2920 3038 3253 3108 conscripsit
3281 3038 3537 3092 oratione
3578 3036 3673 3091 etsi

2106 3147 2289 3188 rerum
2321 3132 2573 3195 aliarum,
2602 3132 2659 3185 in
2688 3130 2887 3200 quibus
2918 3128 3296 3183 inventoribus
3330 3128 3455 3182 laus
3500 3127 3670 3195 aliqua

2104 3234 2207 3292 est,
2254 3226 2357 3296 ipsi
2401 3225 2649 3295 deneget,
2696 3230 2751 3279 et
2801 3222 2938 3276 alios
2992 3219 3282 3275 Palamede
3336 3221 3672 3289 antiquiores

2103 3323 2515 3382 commemorat,
2573 3316 2773 3386 quibus
2818 3314 3056 3368 humana
3087 3321 3286 3366 natura
3320 3312 3544 3367 inventa
3586 3311 3673 3366 illa

2103 3410 2283 3475 debet,
2316 3417 2497 3464 tamen
2530 3409 2672 3463 hanc
2706 3419 3090 3462 mensurarum
3141 3415 3196 3459 et
3241 3402 3549 3474 ponderum
3600 3403 3675 3456 in-

2102 3502 2412 3557 ventionem
2463 3499 2738 3555 Palamedi
2787 3514 2899 3554 non
2938 3498 3169 3568 denegat
3196 3515 3211 3551 :
3238 3495 3436 3567 Μέτρα
3484 3495 3541 3548 δὲ
3588 3495 3674 3547 καὶ

2104 3596 2319 3667 σταθμὰ
2350 3595 2557 3668 ἐξεῦρε,
2592 3595 2878 3666 καπήλοις,
2907 3593 3002 3647 κα)⁸
3050 3593 3330 3664 ἀγοραίοις
3370 3591 3675 3663 ἀνθρώποις

2103 3687 2316 3751 ἀπάτας
2374 3687 2469 3740 καὶ
2514 3687 2816 3758 ἐπιορκίας,
2844 3686 3070 3748 πεττούς
3098 3702 3162 3753 γε
3195 3686 3302 3755 μὴν
3331 3688 3448 3747 τοῖς
3491 3684 3674 3755 ἀργοῖς

2103 3779 2211 3833 τῶν
2258 3778 2465 3850 ἀνδρῶν
2528 3779 2704 3850 ἔριδας
2755 3778 2850 3832 καὶ
2903 3776 3185 3849 λοιδορίας.
3219 3777 3331 3829 Καὶ
3377 3775 3580 3837 κύϐους
3613 3771 3673 3826 αὖ

2106 3870 2356 3941 μέγιστον
2403 3869 2567 3922 κακὸν
2616 3868 2871 3935 ἐδίδαξεν,
2902 3871 3014 3931 τοῖς
3052 3867 3149 3936 μὲν
3180 3864 3466 3937 ἡττηθεῖσι
3503 3864 3673 3926 λύπας

2103 3964 2198 4018 καὶ
2239 3961 2459 4035 ζημίας,
2487 3964 2597 4025 τοῖς
2621 3963 2677 4015 δὲ
2708 3961 2901 4016 νικῶσι
2948 3960 3298 4029 καταγέλωτα
3330 3959 3431 4012 καὶ
3455 3958 3667 4020 ὄνειδος.

2104 4055 2171 4110 Ει
2216 4053 2421 4110 Gellius
2462 4054 2728 4109 referente
2778 4052 2954 4106 Plinio
3010 4053 3048 4105 l.
3084 4068 3177 4114 vn,
3228 4066 3280 4105 c.
3321 4051 3412 4112 56,
3450 4050 3506 4104 id
3533 4049 3671 4103 idem

2104 4147 2334 4202 Phidoni
2373 4146 2575 4217 Argivo
2624 4145 2835 4205 tribuit,
2867 4144 2953 4199 cui
2991 4144 3275 4199 sententiae
3307 4153 3365 4197 et
3401 4141 3672 4197 Eusebius

2104 4241 2159 4295 in
2191 4239 2542 4309 Chronologia
2575 4237 2969 4307 subscripsisse
3016 4235 3247 4290 videtur.
3296 4232 3505 4289 Strabo
3549 4235 3669 4287 item

2103 4334 2196 4388 lib.
2222 4348 2315 4388 vni
2360 4332 2523 4401 hujus
2565 4330 2832 4394 meminit,
2856 4337 2910 4383 et
2943 4329 3087 4383 illius
3130 4328 3470 4383 inventionis
3509 4348 3523 4382 :
3570 4328 3672 4380 Καὶ

2106 4426 2278 4496 μέτρα
2308 4422 2496 4495 ἐξεῦρε
2528 4421 2595 4474 τά
2627 4421 2884 4492 φειδώνια
2927 4421 3021 4473 καὶ
3055 4420 3353 4490 σταθμοὺς,
3396 4422 3494 4473 καὶ
3523 4421 3669 4491 νόμι-

2032 4530 2073 4582 D
2104 4535 2215 4587 σμα
2247 4516 2675 4587 κεχαραγμένον,
2706 4514 2766 4566 τό
2796 4531 2854 4565 τε
2894 4512 3021 4566 ἄλλο
3063 4512 3159 4564 καὶ
3190 4512 3252 4565 τὸ
3289 4511 3594 4584 ἀργυροῦν·
3624 4520 3667 4563 rt

2096 4607 2309 4669 Pollux,
2347 4607 2441 4661 lib.
2467 4621 2563 4668 vn,
2610 4619 2731 4673 cap.
2773 4602 2839 4655 56
2869 4620 2882 4655 :
2909 4602 3004 4671 Είη
3038 4599 3101 4653 ἂν
3135 4599 3230 4652 καὶ
3264 4600 3470 4667 φείδων
3500 4617 3553 4652 τι
3582 4601 3670 4664 ἀγ-

2096 4702 2240 4768 γεῖον
2281 4697 2532 4768 ἐλαιηρὸν
2566 4696 2673 4749 ἀπὸ
2705 4694 2813 4747 τῶν
2844 4690 3166 4761 φειδωνείων
3202 4691 3420 4762 μέτρων
3459 4691 3667 4760 ὠνομα-

2098 4789 2328 4859 σμένων,
2366 4788 2505 4859 ὑπὲρ
2541 4779 2614 4839 ὧν
2646 4787 2703 4838 ὲν
2740 4784 2968 4855 Ἀργείῳ
3009 4781 3252 4853 πολιτείᾳ
3292 4782 3665 4854 Ἀριστοτέλης

2095 4883 2262 4951 λέγει,
2301 4890 2355 4936 et
2396 4883 2449 4935 in
2484 4879 2722 4935 Scholiis
2770 4877 3079 4932 Pindaricis
3124 4877 3241 4931 haec
3271 4878 3662 4947 reperiuntur:

2092 4975 2288 5028 Φείδων
2319 4990 2402 5038 τις
2432 4970 2717 5042 Κορίνθιος
2746 4967 2872 5042 εὗρε
2905 4970 3078 5041 μέτρα
3104 4969 3199 5023 καὶ
3221 4969 3450 5040 σταθμά.
3471 4989 3485 5000 ·
3513 4983 3664 5023 vora-

2092 5073 2184 5121 tur
2217 5074 2397 5120 autem
2425 5064 2770 5127 Corinthius,
2802 5077 2912 5117 non
2944 5064 3071 5131 quia
3101 5063 3361 5117 Corinthi
3390 5072 3562 5119 natus
3583 5079 3663 5118 es-

2093 5165 2193 5219 set,
2227 5158 2322 5213 sed
2351 5156 2496 5226 quod
2531 5156 2604 5209 ibi
2648 5162 2915 5209 maneret.
2961 5154 3036 5208 Ex
3077 5155 3164 5209 his
3193 5161 3443 5224 quatuor
3474 5158 3530 5210 in
3560 5170 3661 5210 uno

2091 5248 2363 5304 versiculo
2391 5248 2578 5317 lapsus
2603 5245 2867 5300 Rofiniaci
2897 5246 3287 5315 deprehendes.
3320 5243 3569 5302 Primum
3598 5263 3657 5300 ex

2091 5339 2352 5401 Phidone,
2381 5338 2707 5393 Pluedonem
2741 5337 2871 5393 facit
2897 5338 2952 5392 in
2989 5336 3278 5393 Strabone.
3319 5335 3655 5393 Secundum.

2090 5433 2252 5486 alium
2288 5432 2433 5485 hunc
2467 5440 2629 5501 atque
2673 5430 2950 5485 diversum
2999 5431 3068 5484 ab
3119 5446 3185 5484 eo
3235 5432 3402 5499 cujus
3458 5430 3656 5487 mentis

2088 5523 2229 5593 apud
2270 5521 2506 5576 Plinium
2536 5530 2642 5586 est,
2675 5524 2982 5585 constituit,
3016 5536 3141 5575 eum
3186 5523 3257 5575 sit
3307 5521 3483 5578 idem.
3531 5521 3657 5577 Ter-

2087 5615 2221 5669 tium
2249 5614 2412 5683 hujus
2448 5614 2582 5693 artis
2614 5623 2892 5670 auctorem
2924 5613 3186 5683 appellari
3220 5628 3249 5666 a
3280 5613 3559 5669 Strabone
3582 5613 3653 5665 af~

2086 5708 2284 5772 firmat,
2319 5722 2442 5760 cum
2479 5722 2579 5761 nec
2615 5722 2805 5761 verum
2856 5706 2908 5759 id
2960 5705 3146 5771 fuerit,
3183 5720 3282 5758 nec
3317 5704 3523 5761 Strabo
3552 5723 3650 5759 un-

2084 5814 2246 5869 quam
2301 5798 2611 5854 somniavit.
2664 5797 2861 5852 Earum
2897 5798 3044 5854 enim
3078 5811 3497 5863 mensurarum,
3541 5812 3652 5869 qua
