3810 6168
176 318 283 374 977

1158 328 1227 382 IN
1268 329 1643 387 EUSTATllll
1677 330 2157 391 HEXAEMERON
2196 335 2428 393 NOTAE.

3326 351 3430 407 978

177 438 248 492 ab
276 435 400 507 ejus
446 439 670 496 nomine
714 441 995 500 Pbidonia:
1045 456 1253 504 vocatae
1297 456 1446 514 sunt,
1502 450 1757 507 inventor
1784 461 1830 516 Α
1859 462 1981 510 sent
2006 455 2264 513 .eumdem
2306 472 2546 529 superna
2590 465 2763 517 matre
2792 469 3002 529 natum,
3043 480 3206 536 quam
3247 469 3432 539 perhi-

176 526 386 585 exstitit
409 548 425 598 ;
448 531 506 586 id
535 539 589 587 et
621 534 846 604 scripsit
875 533 1096 605 Strabo,
1129 541 1424 610 caeterique
1456 542 1755 613 scriptores

176 613 530 677 conﬁrmant.
569 622 838 689 Quartum
871 641 937 681 ex
977 626 1202 699 Argivo,
1251 631 1557 687 Elidensem
1602 633 1752 690 facit.

173 709 436 777 Quamvis
466 713 610 768 enim
642 723 696 770 et
719 716 920 788 Argos,
948 727 1001 774 et
1028 718 1144 776 Elis
1171 722 1227 776 in
1252 721 1664 795 Peloponneso:
1701 735 1755 782 at

173 813 442 877 quantum
476 806 725 863 distant?

246 896 362 954 Col.
377 898 501 965 749,
522 900 618 955 lin.
632 901 840 957 45.Kal
861 903 1039 975 ὅρους
1053 907 1168 977 γῆς
1180 908 1524 968 ἐπεν.(]εἰηο
1537 929 1755 985 quoque

171 986 434 1054 limitum,
466 992 559 1060 qui
586 993 734 1062 agris
761 996 923 1050 ﬁnem
950 997 1332 1069 decernerent,
1352 1011 1405 1059 et
1436 1006 1651 1061 urbium
1681 1022 1752 1063 tr-

173 1077 576 1137 diﬁcandarum
596 1087 828 1155 primam
846 1090 1113 1146 rationem
1133 1104 1412 1165 acceptam
1431 1098 1634 1154 ferunt.
1656 1099 1754 1154 Jo-

174 1173 380 1242 sephus
408 1176 587 1245 Antiq.
617 1177 710 1233 lib.
747 1194 787 1242 ι,
822 1194 946 1253 cap.
978 1184 1050 1238 ὃς
1093 1185 1290 1256 Ὅρους
1322 1206 1381 1241 τε
1414 1190 1518 1261 γῆς
1542 1191 1754 1263 πρῶτος

172 1264 479 1355 ἔθετορκαὶ
521 1269 674 1324 πόλιν
703 1272 976 1345 ἐδείματο,
1024 1276 1120 1329 καὶ
1163 1279 1397 1350 τείχεσιν
1440 1282 1751 1355 ὠχύρωσεν,

172 1352 256 1415 εἰς
284 1352 449 1406 ταύτὸ
477 1356 745 1413 συνελθεῖν
780 1363 906 1425 τοὺς
933 1364 1164 1430 οἰκείους
1195 1352 1634 1441 καταναγκάσας,
1661 1352 1755 1429 καὶ

171 1443 274 1513 τὴν
321 1443 475 1498 πόλιν
507 1446 563 1500 δὲ
599 1449 801 1523 ταύτην
835 1453 942 1506 ἀπὸ
991 1453 1222 1510 Ἐνώσου
1258 1460 1351 1514 τοῦ
1380 1464 1754 1533 πρεσὸυτάτου

173 1534 365 1599 παιδὸς
412 1536 648 1594 Ἐνώσαν
681 1543 956 1599 ἐκάλεσεν.
994 1545 1330 1619 Theophilus
1354 1552 1752 1622 Antiochenus.

171 1625 271 1680 lib.
305 1643 340 1682 ll
364 1629 432 1682 ad
476 1630 791 1704 Autolycum
819 1652 838 1691 :
881 1636 942 1692 Ὀ
985 1634 1078 1693 οῦν
1109 1640 1250 1696 Κάῖν
1281 1645 1376 1699 καὶ
1405 1647 1567 1712 αὐτὸς
1598 1648 1755 1721 ἔσχεν

168 1716 284 1771 υἱὸν
315 1718 483 1813 ὄνομα
497 1722 687 1795 Ἑνὼχ,
708 1727 801 1780 καὶ
819 1727 1134 1803 ᾠκοδόμησε
1163 1734 1336 1800 πόλιν,
1373 1738 1439 1808 ἣν
1464 1716 1755 1813 ἐπωνόμα-

171 1825 265 1861 σεν
291 1812 382 1900 ἐπὶ
401 1811 479 1882 τῷ
502 1814 724 1887 ὀνόματι
750 1819 844 1873 τοῦ
871 1821 988 1876 υἱοῦ
1023 1826 1187 1879 αὐτοῦ
1226 1805 1412 1900 Ἑνώχ.
1462 1831 1594 1886 Ἀπὸ
1633 1805 1751 1889 τότε
1786 1805 1825 1860 Β

170 1898 317 1972 ἀρχὴ
359 1902 574 1970 ἐγένετο
602 1907 696 1960 τοῦ
749 1911 1142 1983 οἰκοδομεῖσθαι
1201 1898 1403 1985 πόλεις,
1459 1922 1749 1979 καὶτοῦτο

169 1993 280 2047 πρὸ
317 1998 720 2071 κατακλυσμοῦ,
770 2004 868 2076 οὐχ
903 2006 978 2070 ὡς
995 2007 1242 2082 ’Όμηρος
1276 2012 1526 2082 ψεύδεται
1559 2015 1747 2085 λέγων’

247 2089 329 2178 οὐ
347 2087 455 2158 γάρ
470 2107 559 2144 πω
577 2097 907 2153 πεπόλιστο
930 2102 1108 2169 πόλις
1115 2106 1394 2173 μερόπων
1408 2108 1747 2178 ἀνθρώπων.

247 2177 423 2247 lbid.,
472 2183 572 2239 lin.
609 2186 699 2241 ts.
756 2187 810 2241 'o
839 2190 908 2244 δὲ
961 2194 1133 2266 Ἀδὰμ
1157 2196 1377 2266 μένων.
1419 2177 1583 2259 Filias
1614 2202 1751 2259 duas

168 2270 445 2329 Adamum
487 2293 829 2352 procreasse,
874 2284 1113 2343 Azuram
1160 2293 1460 2364 etAsvam,
1496 2297 1744 2365 tradunt,

169 2361 267 2453 alii
308 2364 621 2423 Calmanam
655 2379 709 2427 et
740 2371 1090 2436 Lemboram.
1144 2361 1506 2453 Epiphanius,
1551 2361 1747 2446 haeres.

167 2452 263 2518 39,
296 2455 629 2550 ex‘Jobilaeis
672 2464 840 2521 refert
883 2471 1121 2527 Azuram
1158 2452 1310 2530 Setbi
1339 2476 1513 2535 fuisse
1548 2482 1744 2550 conju-

168 2560 316 2614 gem,
352 2546 551 2605 Asvam
584 2570 735 2621 vero,
773 2559 886 2615 sive
939 2560 1158 2633 Savam,
1209 2574 1271 2620 ut
1318 2567 1436 2638 ipse
1491 2546 1747 2642 appellat,

168 2638 350 2696 Calui.
402 2642 687 2703 Cedrenus
741 2652 988 2708 eamdem
1031 2654 1199 2712 Setho
1259 2638 1747 2734 assignatfquam

166 2732 371 2785 Asvam
428 2744 604 2792 vocat.
663 2738 972 2802 Methodius
1028 2746 1346 2808 Patarensis
1382 2754 1513 2807 :‘Ev
1563 2732 1621 2808 δέ
1672 2757 1750 2827 τῷ

166 2827 479 2919 τριακοστῷ
517 2833 694 2905 χρόνῳ
727 2836 823 2908 τῆς
867 2835 1047 2902 ἐξόδου
1086 2842 1264 2895 αὐτῶν
1296 2844 1390 2898 τοῦ
1421 2846 1747 2919 παραδείσου

167 2916 402 3012 τέτοκαν
429 2922 570 2977 Κάἰν
596 2926 686 2980 τὸν
707 2930 1051 3000 πρωτότοκον
1077 2935 1172 2989 καὶ
1199 2935 1296 3007 τὴν
1321 2916 1557 3012 ἀδελφῆν
1582 2942 1747 2996 αὐτοῦ

170 3008 493 3082 Καλμάναν.
530 3017 641 3071 Καὶ
685 3022 823 3091 μετὰ
865 3026 1181 3095 τριακοστὸν
1226 3029 1407 3101 ἕτερον
1445 3008 1564 3095 ἔτος
1599 3034 1750 3105 ἐγέν-

167 3118 305 3194 νησε
333 3104 423 3158 τὸν
451 3107 615 3162 Ἀϐελ
644 3112 740 3167 σὺν
770 3116 835 3185 τῇ
867 3115 1127 3189 Λεμῦόρᾳ
1151 3122 1216 3190 τῇ
1244 3120 1443 3194 ἀδελφῇ
1473 3104 1658 3181 αὐτοῦ.

245 3193 404 3264 lbid.,
445 3199 648 3258 lin.49.
692 3205 788 3260 Ἐν
825 3201 913 3273 οἷς
947 3208 1266 3278 ἐξαίρετος.
1302 3193 1596 3285 Iosephus,
1636 3221 1747 3272 An-

169 3289 356 3358 tiquit.
385 3292 480 3347 lib.
517 3310 554 3359 ι,
588 3311 707 3368 cap.
742 3300 776 3355 5
811 3317 826 3356 :
856 3301 1103 3358 Γίνονται
1134 3306 1231 3376 μὲν
1252 3301 1345 3361 οῦν
1371 3308 1554 3373 παῖδες
1581 3311 1745 3373 αὑτοῦ

166 3378 323 3434 ἄλλοι
355 3399 413 3436 τε
439 3386 531 3439 καὶ
558 3387 794 3455 πλείους,
818 3393 913 3446 καὶ
934 3394 1125 3465 Σῆθος.
1169 3397 1328 3453 Ἀλλά
1361 3400 1489 3471 περὶ
1517 3402 1615 3472 μὲν
1639 3403 1746 3456 τῶν

166 3472 349 3527 ἄλλων
381 3479 587 3551 μακρὸν
613 3481 680 3536 ἂν
712 3484 796 3556 εἴη
824 3485 1002 3556 λέγειν
1025 3505 1037 3519 ⁸
1067 3492 1400 3562 πειράσομαι
1432 3492 1488 3546 δὲ
1515 3494 1650 3564 μόνα
1679 3498 1746 3550 τὰ

163 3566 285 3660 τῷν
306 3569 416 3622 ἀπὸ
446 3572 616 3643 Σήθου
642 3575 886 3633 διελθεῖν.
904 3581 1144 3653 Τραφεὶς
1173 3582 1280 3656 γὰρ
1307 3581 1477 3649 οὗτος,
1495 3589 1588 3641 καὶ
1607 3606 1746 3660 παρ-

163 3658 340 3713 ελθὼν
378 3664 458 3727 είς
492 3665 728 3736 ἡλικίαν,
771 3671 873 3742 ήδη
906 3673 974 3727 τὰ
1014 3674 1154 3730 καλά
1198 3678 1402 3749 κρίνειν
1432 3658 1742 3752 δυνάμενος,

164 3751 375 3843 ἀρετὴν
427 3756 775 3828 ἐπετήδευσε,
828 3765 921 3818 καὶ
967 3767 1255 3839 γενόμενος
1296 3770 1457 3837 αὐτὸς
1502 3751 1740 3843 ἄριστος,

166 3841 418 3911 μιμητὰς
463 3846 627 3900 αὐτοῦ
672 3851 798 3914 τοὺς
846 3853 1147 3923 ἀπογόνους
1192 3859 1501 3916 κατέλιπεν.
1545 3841 1611 3915 Οἱ
1661 3865 1738 3929 δὲ,

163 3930 371 3995 πάντες
400 3934 591 4003 ἀγαθοὶ
618 3938 810 4007 φύντες
835 3944 937 4013 γῆν
960 3963 1019 3998 τε
1035 3946 1199 4018 αὐτὴν
1228 3949 1580 4006 ἀστασίαστοι
1602 3971 1740 4008 κατ-

161 4020 504 4091 ῳκήσαντες,
552 4026 944 4102 εὐδαιμόνησαν
965 4073 979 4097 ,
1013 4037 1240 4106 μηδενὸς
1271 4040 1452 4105 αὐτοῖς
1488 4041 1614 4113 ἄχρι
1656 4062 1743 4098 τε·

161 4112 362 4182 λευτῆς
399 4116 656 4174 δυσκόλου
692 4126 1113 4193 προσπεσόντος.
1143 4128 1345 4185 Eadetn
1376 4112 1741 4190 habetZona-

161 4221 283 4274 ras,
321 4208 514 4265 Annal.
561 4219 694 4267 tom.
742 4213 782 4268 Ι.
810 4213 858 4271 ls
912 4217 1097 4288 itaque
1129 4231 1181 4275 et
1219 4223 1342 4277 vita:
1377 4225 1739 4281 sanctimonia

160 4298 425 4369 insignis,
461 4310 516 4356 et
550 4304 812 4360 virtutum
855 4310 1097 4364 omnium
1141 4312 1440 4371 honoribus
1471 4318 1739 4373 condecoo

162 4398 349 4454 ratus,
372 4393 590 4462 pietatis
621 4395 794 4451 divini
828 4400 1070 4457 nominis
1103 4403 1406 4471 studiosus,
1437 4405 1573 4461 Deus
1600 4407 1735 4477 ipse,

1856 546 1988 602 bent
2009 549 2335 606 convenisse
2355 565 2482 605 cum
2506 566 2746 623 superno
2769 561 2926 625 patre
2947 564 3007 611 ut
3031 557 3158 615 inde
3181 560 3430 619 divinum

1856 653 2042 694 semen
2067 641 2216 696 aliud
2242 652 2564 699 nasceretur
2609 651 2872 717 tanquam
2921 648 3157 706 ﬁliorum
3192 650 3309 708 Dei.
3349 652 3430 711 De

1854 746 2087 802 quorum
2134 748 2273 788 vana
2318 736 2576 803 opinione
2618 738 2743 795 vide
2793 739 2859 797 D.
2914 741 3146 813 August.
3190 745 3286 804 lib.
3347 746 3430 804 De

1855 820 2168 886 Izwresibus,
2226 822 2293 877 ad
2336 824 2791 891 Quodvultdeum.
2844 829 3060 890 Delrius
3128 841 3333 900 tamen,
3368 838 3424 891 in

1854 914 1962 969 ﬁne
1993 929 2117 986 cap.
2154 931 2207 971 IV
2245 915 2455 984 Genes.,
2489 919 2669 989 rejicit
2709 921 2850 979 banc
2890 925 3199 998 opinionem
3247 938 3426 986 tanto-

1853 1021 1975 1061 rum
2025 1006 2246 1064 Patrum
2299 1010 2631 1070 testimoniis
2682 1014 2976 1075 ﬁrmatam.
3027 1019 3265 1087 Domini,
3320 1022 3425 1078 He-

1855 1098 2055 1165 braice,
2091 1100 2292 1173 inquit,
2330 1113 2409 1159 est
2443 1113 2940 1176 tetragrammaton,
2971 1111 3112 1182 quod
3142 1113 3243 1168 soli
3273 1130 3424 1168 sem-

1851 1205 1944 1259 per
1990 1190 2097 1246 Deo
2136 1192 2545 1265 datum:quarc
2584 1213 2853 1269 nunquam
2893 1201 3150 1256 tributum
3186 1203 3421 1270 Enocho,

1856 1290 1951 1337 aut
1976 1283 2106 1354 ﬁliis
2134 1284 2291 1350 eius;
2317 1284 2434 1342 ideo
2459 1304 2562 1343 non
2590 1299 2713 1344 sunt
2740 1293 2989 1347 audiendi
3020 1293 3170 1365 (nota
3197 1294 3299 1350 viri
3336 1310 3423 1352 re-

1854 1374 2038 1445 ligiosi
2071 1375 2126 1430 in
2161 1385 2383 1435 sanctos
2427 1378 2618 1436 Patres
2659 1382 3045 1456 reverentiam)
3075 1401 3258 1456 graves
3285 1384 3423 1440 alio-

1854 1468 1980 1537 quin
2007 1469 2311 1538 scriptorcs,
2347 1470 2602 1542 Cyrillus,
2639 1472 3014 1542 Tlieodoretus,
3045 1475 3347 1546 Emisenus,
3369 1487 3421 1533 ct

1856 1557 2074 1627 Suidas,
2103 1566 2193 1631 qui
2219 1571 2482 1632 exponunt
2510 1572 2631 1619 tunc
2659 1564 2894 1635 Enocho,
2928 1577 3139 1639 propter
3164 1570 3421 1641 insignem

1854 1650 2253 1719 pietatem,Dei,
2270 1661 2319 1707 et
2337 1653 2544 1722 liberis,
2575 1656 2811 1722 ﬁliorum
2834 1657 2935 1713 Dei
2971 1675 3159 1714 nomen
3188 1659 3373 1715 datum
3400 1676 3420 1713 :

1854 1740 2043 1811 quibus
2072 1743 2272 1798 resistit
2300 1743 2555 1802 Hebraeus
2583 1757 2877 1805 contextus.
2910 1749 3125 1821 Decepit
3149 1767 3257 1819 eos,
3282 1751 3421 1823 quod

1855 1848 1957 1886 non
1997 1832 2287 1890 distinxere
2320 1836 2462 1892 inter
2489 1836 2722 1904 Heloim,
2772 1839 2909 1911 quod
2960 1852 3038 1897 est
3075 1857 3190 1912 cap.
3250 1858 3324 1909 VI,
3363 1843 3417 1908 l,

1852 1933 1901 1978 et
1931 1926 2194 1996 incﬂ'abile
2227 1945 2415 1984 nomen
2440 1930 2580 2000 quod
2607 1931 2690 1985 hic
2714 1933 2963 2002 positum.

1922 2014 2082 2075 lbid..
2110 2018 2204 2074 lin.
2245 2018 2335 2075 52.
2366 2017 2555 2088 Οὗτος
2586 2022 2699 2092 γὰρ
2726 2023 2979 2092 πρῶτος.
3016 2022 3215 2081 Suidas
3242 2043 3256 2079 :
3287 2024 3418 2079 Θεὸν

1852 2107 1960 2180 γὰρ
1988 2107 2078 2162 τὸν
2109 2110 2217 2182 Σὴθ
2246 2112 2295 2165 οἱ
2326 2112 2446 2166 τότε
2478 2113 2754 2185 ἄνθρωποι
2787 2116 3209 2189 προσηγόρευον,
3241 2116 3329 2172 διὰ
3358 2118 3420 2172 τὸ

1852 2198 2202 2271 ἐξευρηκέναι
2230 2202 2300 2257 τά
2329 2221 2390 2257 τε
2428 2204 2689 2276 Ἑϐραϊκὰ
2726 2206 3051 2289 γράμματα,
3075 2208 3173 2271 τάς
3215 2225 3276 2261 τε
3310 2207 3420 2261 τῶν

1851 2291 2094 2364 ἀστέρων
2134 2294 2447 2366 ὀνομασίας,
2479 2297 2572 2351 καὶ
2607 2298 2745 2368 πρὸς
2773 2299 2988 2363 τούτοις
3017 2299 3218 2371 πολλὴν
3264 2300 3420 2361 εὐσέ-

1851 2383 2003 2437 ϐειαν
2027 2383 2190 2438 αὑτοῦ
2225 2384 2621 2457 θαυμάσαντες,
2647 2387 2723 2452 ὥς
2757 2404 2821 2457 γε
2854 2389 2948 2443 καὶ
2979 2389 3190 2461 πρῶτος
3222 2391 3418 2451 ἐπικα-

1850 2473 2055 2527 λεῖσθαι
2082 2474 2213 2539 Θεὸς
2248 2480 2341 2530 καὶ
2373 2475 2753 2549 ὀνομάζεσθαι.
2789 2478 3067 2537 Manasses
3097 2481 3155 2536 in
3185 2480 3417 2538 Annal.:

1851 2566 1954 2621 Τὸν
1982 2566 2089 2631 Σὴθ
2119 2569 2301 2633 αὐτοῖς
2327 2568 2417 2623 τὸν
2446 2570 2652 2625 δίκαιον
2680 2571 2813 2636 Θεὸς
2836 2573 3225 2645 ἀντιδωρεῖται.

1928 2661 2030 2727 Ὃς
2044 2661 2262 2731 ἔθηκεν
2278 2663 2537 2732 ὀνόματα
2549 2664 2673 2731 τοῖς
2687 2668 2988 2735 οὐρανίοις
3003 2666 3265 2736 ἄστροις.

1849 2752 2152 2808 Alexander
2194 2753 2502 2826 Polyhistor
2536 2758 2675 2827 apud
2710 2757 3022 2824 Eusebium,
3056 2758 3136 2814 De
3157 2774 3418 2829 praepara-

1851 2846 1990 2900 tione
2021 2847 2250 2917 evangel.
2284 2862 2405 2919 cap.
2436 2848 2937 2921 ult.,etJosephus,
2959 2848 3142 2924 Antiq.
3161 2852 3254 2908 lib.
3272 2869 3314 2920 ι,
3341 2854 3418 2908 di-

1849 2943 1981 2992 cunt
2001 2937 2371 2992 Abrahamum
2386 2940 2620 3009 primum
2635 2939 2907 3014 Egyptiis
2926 2944 3232 3015 astrologiae
3245 2952 3417 3000 artem

1850 3029 2150 3097 aperuisse,
2178 3028 2375 3086 deinde
2404 3045 2436 3085 a
2463 3029 2733 3088 Chaldaeis
2768 3032 2826 3088 in
2859 3031 3120 3089 Graeciam
3155 3035 3415 3103 ﬂuxisse;

1851 3117 1917 3172 de
1954 3119 2155 3188 quibus
2196 3120 2446 3177 inferius.
2476 3117 2750 3191 Iosephus
2778 3130 2960 3180 tamen
2990 3124 3272 3181 inventum
3311 3125 3415 3183 hoc

1852 3211 2019 3268 Setbo
2051 3213 2264 3269 tribuit.
2300 3213 2471 3285 Cujus
2503 3230 2636 3272 sane
2658 3216 2857 3273 divinae
2876 3219 3014 3276 artis
3043 3219 3414 3286 inventionem

1848 3318 1881 3358 a
1921 3304 2187 3375 profanis,
2234 3306 2483 3377 profanis
2523 3308 2839 3365 hominibus
2880 3312 3084 3367 ascribi
3144 3312 3276 3383 quid
3311 3314 3414 3368 mi-

1847 3396 2011 3451 rum?
2052 3395 2261 3453 Plinius
2308 3398 2407 3453 lib.
2445 3414 2544 3464 vn,
2577 3413 2701 3470 cap.
2741 3400 2834 3464 56,
2873 3401 3228 3474 Astrologiam
3256 3404 3412 3460 Atlas

1846 3487 2026 3559 Libya:
2055 3490 2223 3559 ﬁlius,
2253 3501 2311 3545 ut
2349 3492 2447 3547 alii
2475 3491 2742 3564 Egyptii,
2770 3503 2829 3548 ut
2862 3494 2958 3549 alii
2986 3495 3221 3567 Assyrii.
3255 3495 3411 3553 Ideo-

1846 3596 1952 3650 que
1972 3580 2171 3636 cmlum
2198 3581 2444 3639 humeris
2470 3592 2718 3655 gestasse
2746 3584 3107 3643 tradiderunt.
3140 3585 3412 3645 Diodorus

1847 3672 2117 3745 IEgyptiis
2171 3676 2477 3741 exordium,
2512 3676 2733 3733 Servius
2759 3675 2793 3732 6
2816 3674 3025 3748 Virgilii
3056 3676 3253 3750 Ecloga
3279 3678 3411 3734 Pro-

1846 3765 2057 3820 metheo
2114 3765 2365 3822 sideralis
2421 3765 2589 3836 hujus
2639 3765 2881 3822 scientiae
2936 3765 3148 3821 tribuit.
3204 3765 3409 3823 Catena

1842 3856 2029 3911 Graeca
2054 3858 2108 3911 in
2136 3856 2374 3912 Exodum
2403 3874 2419 3912 :
2449 3857 2618 3930 Ἐνὼχ
2649 3858 2862 3930 πρῶτος
2896 3857 3062 3929 ἔμαθε
3087 3858 3409 3931 γράμματα,

1843 3949 1936 4001 καὶ
1963 3946 2167 4019 ἔγραψε
2193 3950 2265 4004 τὰ
2298 3953 2496 4022 σημεῖα
2524 3949 2620 4005 τοῦ
2648 3948 2878 4006 οὐρανοῦ
2923 3952 3018 4004 καὶ
3056 3950 3154 4015 τὰς
3182 3951 3408 4023 τροπὰς,

1842 4037 1936 4090 καὶ
1968 4039 2090 4101 τοὺς
2124 4038 2319 4109 μῆνας.

1912 4127 2072 4197 lbid.,
2109 4130 2205 4184 lin.
2241 4130 2333 4186 55.
2356 4129 2615 4185 Μέλλων
2639 4130 2750 4201 γὰρ
2773 4130 3083 4200 τελευτᾷν.
3116 4130 3408 4204 Iosephus,

1841 4221 2021 4293 Antiq.
2055 4223 2149 4279 lib.
2183 4239 2220 4291 1,
2239 4239 2360 4293 cap.
2389 4224 2456 4278 ὃς
2488 4223 2687 4294 Σοφίαν
2712 4241 2772 4278 τε
2805 4226 2903 4296 τὴν
2937 4226 3161 4298 περὶτὰ
3183 4227 3408 4299 οὐράνια

1839 4317 1931 4370 καὶ
1960 4317 2057 4389 τὴν
2075 4317 2265 4371 τούτου
2294 4317 2648 4389 διακόσμησιν
2680 4319 2998 4386 ἐπενόησαν.
3036 4318 3205 4390 ’Υπὲρ
3231 4318 3288 4372 δὲ
3310 4320 3411 4374 τοῦ

1843 4407 1916 4478 μὴ
1958 4408 2238 4477 διαφυγεῖν
2274 4409 2401 4471 τοὺς
2432 4407 2751 4478 ἀνθρώπους
2792 4407 2862 4461 τὰ
2898 4409 3196 4480 εὑρημένα,
3246 4410 3404 4482 μηδὲ,

158 4491 226 4539 ut
252 4481 440 4538 videre
468 4491 552 4540 est
582 4501 645 4540 ex
684 4484 852 4543 Suida
885 4498 940 4545 et
966 4492 1110 4556 aliis,
1146 4495 1342 4548 meruit
1371 4498 1651 4566 appellari.
1682 4506 1736 4554 et

1849 4500 1966 4566 πρὶν
1987 4501 2067 4562 είς
2086 4499 2284 4567 γνῶσιν
2303 4499 2494 4562 ἐλθεξν,
2511 4498 2802 4571 φθαρῆναι,
2824 4499 3195 4569 προῃρηκότος
3216 4499 3406 4568 ἀφανι-

157 4576 262 4630 ﬁlii
310 4576 468 4646 ejus,
514 4578 616 4647 ﬁlii
659 4579 777 4645 Dei,
828 4598 936 4637 non
985 4591 1194 4639 tantum
1226 4591 1354 4656 quia
1392 4606 1619 4659 corpore
1652 4607 1741 4645 ro—

154 4666 351 4734 busto,
386 4684 636 4739 procero,
666 4678 721 4726 et
755 4672 989 4743 eleganti
1019 4685 1196 4741 erant,
1229 4684 1282 4731 et
1321 4679 1546 4749 reliquis
1570 4681 1734 4736 etiam

154 4777 347 4817 rerum
374 4763 736 4818 humanarum
766 4767 1105 4825 excellentiis
1132 4769 1292 4841 longe
1317 4772 1529 4827 caeteris
1550 4782 1736 4829 essent

154 4852 518 4926 insigniores.
559 4854 697 4913 Vide
738 4855 1023 4929 Cyrillum,
1068 4860 1167 4916 lib.
1222 4877 1278 4916 Ix
1326 4871 1510 4917 contra
1556 4863 1736 4918 Julia-

153 4962 323 5011 num;
370 4954 425 5002 et
453 4947 519 5002 de
543 4948 651 5004 illis
679 4950 859 5005 locum
886 4952 1038 5007 illum
1071 4968 1242 5009 sacrae
1277 4952 1595 5025 Scripturae,
1630 4956 1737 5012 Vi-

152 5039 344 5092 dentes
376 5038 477 5107 ﬁlii
512 5038 610 5093 Dei
647 5040 793 5111 ﬁlias
823 5044 1098 5097 hominum
1122 5045 1188 5109 ⁸ο,
1214 5051 1347 5111 ctc.,
1382 5062 1504 5103 esse
1536 5049 1738 5104 intelli-

150 5132 397 5201 gendum
438 5131 717 5188 existimat
751 5134 1202 5206 Chrysostomus,
1248 5137 1396 5195 hom.
1442 5138 1512 5192 22
1552 5140 1607 5193 in
1634 5138 1733 5196 Ge-

150 5238 311 5287 nes.;
339 5222 701 5294 Augustinus,
743 5226 837 5282 lib.
883 5243 952 5281 xv
980 5227 1057 5282 De
1083 5229 1291 5284 civitate
1332 5229 1445 5294 Dei,
1479 5245 1598 5300 cap.
1626 5231 1730 5299 25;

152 5313 565 5381 Thcodoretus,
595 5326 788 5387 quaest.
819 5317 889 5372 47
916 5319 970 5371 in
996 5319 1219 5382 Genes.;
1251 5319 1492 5377 Joannes
1521 5323 1735 5379 Cassia-

148 5421 284 5470 nus,
324 5407 510 5461 collat.
542 5407 597 5471 8,
622 5424 724 5480 cap
771 5409 873 5476 2|;
909 5410 1170 5481 Cyrillus,
1203 5413 1298 5469 lib.
1332 5430 1385 5468 Ix
1415 5426 1600 5469 contra
1628 5415 1731 5471 Ju-

150 5500 396 5564 lianum;
428 5498 724 5571 Rupertus,
756 5504 853 5558 lib.
879 5521 930 5558 1v
956 5506 1009 5559 in
1038 5504 1202 5560 Cenes
1233 5546 1247 5571 ,
1273 5522 1392 5577 cap.
1425 5508 1492 5561 12
1535 5518 1590 5565 et
1615 5512 1727 5565 alii.

149 5591 332 5658 Quem
363 5592 572 5648 utinam
603 5610 715 5649 non
745 5594 1015 5664 fabulosa,
1051 5606 1105 5653 et
1132 5599 1387 5655 haeretica
1420 5602 1730 5669 dignatione

149 5686 409 5742 Sethiani
443 5686 684 5745 haeretici
722 5690 1106 5749 honorassent.
1138 5692 1255 5750 Non
1291 5696 1433 5751 enim
1468 5696 1730 5754 aﬁirmas-

226 5785 275 5816 ⁸⁸
298 5782 435 5839 Gen.
472 5799 547 5849 vr,
575 5783 628 5838 2.

1841 4589 1975 4660 σμὸν
2021 4588 2248 4660 Ἀδάμου
2299 4589 2406 4642 τῶν
2435 4588 2569 4642 ὅλων
2597 4588 2813 4642 ἔσεσθαι
2845 4588 2938 4641 τὸν
2974 4589 3070 4659 μέν
3100 4589 3219 4643 κατ’
3252 4590 3406 4660 ἰσχὺν

1841 4679 2031 4750 πυρὸς,
2071 4680 2161 4733 τὸν
2194 4679 2381 4751 ἕτερον
2422 4680 2479 4732 δὲ
2525 4681 2667 4735 κατά
2696 4679 2818 4749 βίαν
2840 4680 2934 4734 καὶ
2959 4678 3162 4749 πλῆθος
3195 4679 3402 4745 ὓδατος,

1841 4772 2037 4843 στήλας
2064 4772 2157 4826 δύο
2188 4773 2566 4843 ποιησάμενοι,
2610 4774 2708 4843 τὴν
2749 4771 2847 4843 μὲν
2879 4774 2944 4826 ἐκ
2977 4771 3217 4839 πλίνθου,
3245 4772 3342 4844 τὴν
3363 4773 3406 4825 δ’

1838 4862 2029 4932 ἑτέραν
2068 4863 2132 4916 ἐκ
2174 4862 2363 4925 λίθων,
2407 4862 2741 4933 ἀμφοτέραις
2786 4862 3091 4935 ἐνέγραψαν
3132 4862 3200 4916 τὰ
3239 4863 3403 4933 εὑρη-

1840 4954 1996 5026 μένα,
2025 4956 2132 5023 ἵνα,
2159 4956 2266 5012 ’καὶ
2296 4956 2696 5029 τῆςπὲκινθίνης
2738 4956 3126 5031 ἆφαντσῦεέ-ῖης
3146 4954 3403 5039 invits

1837 5048 2159 5119 ἐπομϐρίας,
2195 5052 2228 5120 ὴ
2258 5049 2431 5121 λιθίνη
2478 5050 2711 5121 μείνασα
2757 5050 3015 5122 παράσχῃ
3059 5050 3251 5121 μαθεῖν
3292 5051 3401 5113 τοῖς

1836 5138 2141 5210 ἀνθρώποις
2171 5140 2241 5196 τὰ
2263 5141 2705 5213 ἐγγεγραμμένα,
2737 5142 2972 5214 δηλοῦσα
2998 5143 3093 5196 καὶ
3125 5140 3401 5211 πλινθίνην

1833 5231 1876 5284 δ’
1906 5232 1996 5285 ὑπ’
2028 5232 2207 5286 αὐτῶν
2253 5234 2594 5304 ἀνατεθῆναι.
2642 5234 2811 5288 Μένει
2853 5235 2898 5288 δ’
2939 5235 3067 5305 ἄχρι
3106 5232 3200 5287 τοῦ
3241 5233 3400 5305 δεῦρο

1832 5325 1973 5378 κατὰ
2020 5325 2118 5397 τὴν
2167 5325 2421 5396 Συριάδα.
2470 5325 2670 5381 Eadem
2716 5325 2830 5382 fere
2877 5327 3143 5391 Zonaras,
3196 5326 3395 5381 Annal.

1834 5425 1964 5471 tom.
1997 5417 2039 5480 l,
2067 5417 2264 5486 quibus
2288 5417 2571 5473 columnas
2610 5418 2777 5474 hasce
2816 5432 2847 5472 a
2880 5419 3050 5474 Setho
3088 5420 3203 5475 sive
3233 5421 3397 5475 etiam

1832 5506 1953 5575 ejus
1991 5507 2285 5578 nepotibus
2323 5508 2617 5577 superstite
2644 5506 2852 5564 Adamo
2883 5507 3053 5564 fuisse
3089 5515 3397 5564 exstructas

1834 5599 2184 5655 manifestum
2234 5608 2336 5656 est.
2382 5598 2660 5655 Marianus
2691 5599 2891 5657 Scotus
2929 5616 3039 5656 non
3069 5601 3137 5656 ab
3166 5599 3395 5663 Adamo,

1834 5692 1928 5748 sed
1961 5693 2026 5749 ab
2055 5693 2364 5750 Abrahamo
2397 5702 2745 5754 constructas
2784 5696 2968 5753 refert.
3014 5696 3397 5754 Genebrardas
