3810 6168
379 319 483 377 979

1731 322 1974 380 LEONIS
2008 323 2280 383 ALLATII

3528 339 3630 396 980

377 443 774 514 Chronograplt.
806 442 904 501 lib.
936 459 977 509 1,
1009 458 1104 500 eas
1134 443 1297 500 modo
1325 445 1565 507 tabulas,
1597 444 1762 500 modo
1791 454 1950 500 vocat
1979 451 2025 506 Α
2053 449 2191 501 mine
2235 449 2324 502 ubi
2371 460 2695 521 regnaretur.
2744 455 2958 509 condita
3015 465 3092 510 est
3149 457 3353 513 civitas.
3416 457 3628 515 Tertius

375 535 695 600 columnas;
721 535 936 590 tandem
963 537 1152 592 scribit
1203 552 1297 592 eas
1322 537 1491 592 fuisse
1523 538 1756 602 tabulas,
1788 556 1952 594 unam

374 641 581 680 aeneam
615 634 812 681 contra
855 643 1010 698 aqua:
1055 630 1370 693 illuviones,
1406 631 1631 686 alteram
1663 631 1954 687 lateritiam

374 725 564 772 contra
597 717 740 789 ignis
757 719 1249 790 conﬂagrationes;
1285 723 1340 776 in
1371 738 1602 792 quarum
1627 723 1802 793 prima
1823 725 1954 780 libe-

374 809 522 864 rales
555 820 703 866 artes
735 813 1034 882 praesertim
1065 814 1371 868 doctrinam
1407 816 1474 870 de
1499 815 1628 882 Deo,
1653 825 1707 872 et
1741 819 1951 874 mathe-

376 901 594 964 matica,
644 903 699 957 in
749 904 920 959 altera
964 906 1386 974 promissionem
1416 909 1482 963 dc
1523 909 1753 973 semine,
1788 910 1838 964 id
1869 921 1954 966 est

373 992 615 1057 Christo,
671 995 800 1049 Adze
849 994 1073 1062 factam,
1131 998 1398 1062 caelatam,
1448 1003 1820 1069 scripserunt;
1856 1001 1950 1058 sed

373 1091 630 1140 auctores
659 1087 805 1141 unde
836 1086 951 1142 haec
979 1089 1176 1143 habeat
1202 1089 1588 1147 Genebrardus
1609 1108 1718 1147 non
1742 1093 1946 1160 laudat,

371 1190 510 1245 quos
539 1184 670 1246 puto
700 1194 810 1233 non
843 1181 1047 1236 multos
1076 1188 1315 1245 exstare,
1356 1190 1410 1236 et
1444 1183 1489 1238 si
1521 1185 1646 1254 quis
1676 1185 1766 1239 ille
1800 1193 1949 1241 esset

372 1284 480 1321 non
507 1270 807 1338 probabilia
839 1272 1105 1339 dicerent,
1137 1289 1237 1329 nec
1269 1274 1324 1328 in
1353 1275 1582 1330 historia
1617 1285 1730 1330 tuta
1757 1286 1812 1333 et
1837 1279 1948 1348 pri-

370 1377 518 1415 mum
547 1372 739 1418 contra
766 1363 1176 1420 Genebrardum
1214 1368 1530 1422 necessario
1567 1369 1945 1424 allirmandum

367 1462 472 1517 cst,
511 1453 565 1507 in
598 1455 705 1510 illis
737 1455 940 1511 tabulis
968 1458 1081 1513 sive
1111 1459 1384 1514 columnis
1419 1460 1605 1513 caelata
1637 1475 1745 1514 non
1777 1459 1946 1517 fuisse

367 1544 605 1610 diversa,
631 1554 686 1601 et
717 1547 822 1600 alia
860 1562 925 1602 ac
954 1549 1058 1602 alia
1085 1567 1100 1604 :
1132 1551 1227 1605 sed
1257 1554 1377 1618 q'uaa
1413 1551 1468 1606 in
1501 1567 1629 1617 una,
1670 1552 1858 1608 eadem
1890 1560 1945 1609 et

367 1637 422 1692 in
453 1639 578 1692 alia.
620 1639 820 1697 Demus
848 1643 993 1698 enim
1024 1644 1169 1713 quod
1197 1651 1250 1698 et
1285 1644 1352 1700 de
1383 1644 1513 1712 Deo,
1551 1653 1605 1701 et
1643 1646 1944 1700 mathema-

365 1731 497 1795 tica,
535 1742 590 1787 et
628 1732 696 1788 de
725 1736 1092 1805 promissione
1130 1737 1379 1802 seminis,
1413 1738 1557 1808 quod
1582 1745 1728 1794 esset
1761 1738 1939 1792 adhuc

2058 539 2286 604 Gaidad,
2321 559 2471 609 quem
2496 546 2673 614 genuit
2707 544 2929 600 Enoch:
2968 557 3186 618 quartus
3217 549 3440 615 Haniel,
3476 568 3627 621 quem

2053 633 2231 699 genuit
2279 630 2488 687 Gaidad
2524 652 2542 689 :
2597 637 2810 707 quintus
2862 637 3183 706 Mathusael,
3241 658 3393 712 quem
3447 645 3627 712 genuit

2053 723 2256 779 Μανιὶεί
2277 743 2294 780 :
2318 736 2497 781 sextus
2532 726 2777 794 Lamech,
2809 745 2959 800 quem
2989 732 3163 800 genuit
3191 731 3517 793 Mathusael.
3541 734 3628 802 qui

2051 819 2302 885 septimus
2327 828 2404 873 est
2436 819 2500 872 ab
2527 821 2700 874 Adam
2730 838 2822 892 per
2849 821 3006 876 Cain.
3031 823 3450 879 Generationem
3483 823 3626 878 hanc

2051 908 2269 978 vulgata
2315 909 2483 963 editio
2529 912 2632 966 etsi
2673 920 2882 967 mutato
2927 913 3146 969 nomine
3197 915 3361 969 habet
3410 929 3536 984 cap.
3573 929 3624 968 tv

2053 997 2276 1055 Genes.:
2304 1000 2472 1055 Porro
2504 1003 2605 1072 ipsi
2641 1002 2852 1058 Henoch
2883 1015 3039 1060 natus
3062 1015 3138 1060 est
3175 1004 3327 1069 Irad,
3361 1005 3496 1060 Irad
3530 1023 3626 1059 au-

2052 1099 2153 1144 tem
2174 1092 2351 1161 genuit
2375 1090 2649 1157 Melwiael,
2669 1093 2924 1148 Melwiael
2953 1097 3126 1166 genuit
3151 1095 3478 1163 Mathusael,
3503 1095 3625 1149 Ha-

2050 1184 2254 1238 thusael
2297 1201 2412 1239 vero
2454 1189 2630 1257 genuit
2677 1185 2933 1252 Lamech;
2960 1198 3011 1240 et
3042 1186 3266 1242 Lamech
3299 1189 3480 1252 duxit,
3514 1197 3621 1244 etc.

2051 1274 2402 1348 Septuaginta
2447 1279 2632 1348 legunt
2679 1280 3026 1334 Μαθουσάλα.
3069 1280 3431 1336 Levissimam
3480 1281 3622 1336 hanc

2045 1372 2399 1441 exscriptoris
2423 1371 2627 1442 πλάνην
2646 1371 3072 1442 agnovitCatena
3096 1372 3281 1426 Grieca
3305 1374 3362 1427 in
3391 1371 3582 1428 Cenes.
3603 1390 3622 1426 :

2045 1463 2204 1535 Παρὰ
2241 1467 2354 1528 τοῖς
2412 1465 2806 1535 Ἐὃδομήκοντα
2848 1463 3171 1518 Μαθουσάλα
3206 1467 3406 1520 κεῖται,
3448 1465 3624 1518 Τοῦτο

2043 1554 2101 1608 δὲ
2138 1553 2310 1625 πλάνη
2356 1555 2595 1626 γραφική
2635 1556 2799 1608 ἐστιν.
2843 1555 2902 1606 '0
2939 1555 3047 1625 γὰρ
3074 1554 3405 1607 Μαθουσάλα
3431 1556 3498 1607 ἐκ
3526 1555 3624 1618 τῆς

2047 1645 2385 1715 συνεστώσης
2429 1647 2619 1714 γενεᾶς
2661 1646 2776 1698 ἐστι
2821 1644 2914 1698 τοῦ
2965 1645 3090 1716 Σήθ.
3147 1646 3204 1699 Ὁ
3240 1646 3352 1719 ’,ὰρ
3385 1646 3498 1699 ἀπὸ
3528 1647 3621 1699 τοῦ

2044 1739 2186 1791 Κάῖν
2224 1737 2552 1792 Μαθουσάλα
2595 1739 2860 1806 καλεῖται,
2905 1737 2980 1802 ὡς
3014 1737 3300 1809 ἐξώρισται
3336 1737 3482 1809 μετὰ
3515 1738 3624 1791 τῶν

364 1822 581 1879 difﬁcile
628 1827 883 1896 probatu,
929 1828 1251 1899 scripserint
1299 1832 1354 1884 in
1403 1846 1553 1886 aenea
1589 1849 1602 1886 :
1633 1833 1944 1887 necessario
1973 1799 2018 1854 Β
2045 1831 2264 1885 λοιπῶν.

373 1923 554 1970 tamen
587 1915 866 1973 fatendum
898 1929 1000 1984 est,
1039 1921 1154 1975 hzec
1183 1921 1372 1976 eadem
1413 1929 1470 1977 et
1500 1923 1554 1976 in
1589 1923 1823 1979 lateritia
1849 1923 1946 1978 de-

373 2007 685 2078 scripsisse,
715 2017 908 2066 etnon
947 2013 1185 2068 diversa.
1227 2011 1488 2070 Sciebant
1529 2017 1790 2070 mundum
1832 2017 1945 2070 col-

372 2100 676 2170 lapsurum,
721 2103 872 2158 dubii
915 2120 985 2159 an
1033 2107 1192 2176 aquis
1235 2108 1579 2173 immersum,
1611 2111 1695 2164 vel
1727 2109 1942 2180 ignibus

361 2193 760 2267 conﬂagratum
795 2205 896 2252 :ut
942 2197 1251 2254 doctrinam
1301 2209 1606 2266 servarent,
1638 2209 1690 2257 et
1723 2203 1944 2272 utrique

365 2285 712 2342 incommodo
760 2290 1116 2346 subvenirent
1163 2300 1459 2348 exstruunt
1511 2293 1611 2348 has
1660 2293 1797 2349 duas
1847 2310 1941 2350 co-

360 2382 597 2444 lumnas,
641 2384 867 2438 alteram
913 2399 978 2440 ex
1021 2400 1152 2450 aere,
1189 2387 1273 2442 vel
1314 2393 1372 2440 ut
1413 2387 1591 2457 placet
1623 2396 1814 2443 nostro
1842 2405 1941 2442 au-

357 2473 520 2535 ctori,
578 2471 954 2544 digniorisque
1007 2483 1151 2531 notae
1201 2478 1587 2548 scriptoribus,
1637 2494 1702 2533 ex
1736 2479 1934 2548 lapide,

357 2564 583 2619 alteram
612 2582 681 2620 ex
711 2568 1003 2622 coctilibus
1035 2570 1335 2625 laterculis.
1389 2568 1480 2624 Sic
1525 2569 1670 2625 enim
1710 2585 1816 2626 aere
1854 2572 1936 2626 vel

355 2655 537 2726 lapide
567 2659 746 2728 aquis,
790 2659 1072 2716 laterculis
1104 2660 1215 2732 igni
1246 2660 1588 2728 resisterent,
1631 2672 1685 2716 et
1727 2662 1807 2716 sic
1837 2662 1937 2716 do-

354 2748 590 2802 ctrinam
629 2749 956 2806 mandarent
998 2751 1065 2806 ad
1111 2762 1384 2823 posteros.
1427 2753 1568 2820 Quid
1618 2754 1785 2824 igitur
1825 2755 1933 2811 illis

354 2839 653 2908 profuisset
705 2842 753 2896 si
798 2841 1015 2897 diversa
1055 2843 1450 2915 scripsissent?
1485 2846 1768 2912 Quomodo
1808 2849 1932 2920 igne

357 2929 506 2982 illato
537 2945 656 2999 qua:
689 2939 848 2985 erant
902 2933 959 2986 in
1001 2932 1216 3003 lapide,
1265 2936 1424 3005 aquis
1473 2936 1660 2993 effusis
1710 2954 1831 3009 quae
1877 2941 1931 2995 in

353 3019 632 3076 laterculis
671 3024 1133 3078 conservassent?
1172 3024 1322 3081 Dicet
1357 3025 1589 3084 fortasse
1622 3029 1930 3086 Genebrar-

350 3111 476 3178 dus,
509 3111 635 3167 illos
659 3128 768 3167 non
796 3113 1013 3179 dubios,
1044 3116 1138 3171 sed
1167 3125 1350 3174 certos
1372 3117 1439 3174 de
1461 3121 1623 3176 modo
1644 3129 1696 3177 et
1718 3123 1927 3180 ratione
1952 3141 2001 3206 ο

351 3206 841 3262 consummationis
876 3208 1065 3262 mundi
1096 3209 1381 3267 columnas
1405 3213 1668 3269 erexisse.
1699 3213 1929 3271 Frustra

351 3295 519 3364 igitur
550 3297 767 3354 diversa
814 3299 907 3353 illa
951 3301 1332 3356 columnarum
1377 3307 1664 3368 materies:
1711 3315 1765 3363 et
1797 3324 1926 3374 una,

349 3402 470 3456 qua:
492 3389 682 3444 mundi
703 3391 918 3445 excidio
951 3392 1242 3449 incolumis
1265 3403 1451 3465 posset
1468 3413 1778 3468 superesse,
1797 3402 1930 3457 satis

349 3476 580 3546 fuisset;
615 3479 732 3545 sed,
753 3482 881 3551 quia
921 3482 1115 3537 incerti
1154 3488 1436 3542 materiam
1469 3489 1610 3544 hanc
1639 3491 1725 3545 vel
1767 3492 1928 3546 aliam

348 3570 562 3626 incerto
591 3574 776 3640 modo,
819 3583 871 3630 et
899 3577 1100 3632 rationi
1134 3581 1335 3635 excidii
1371 3581 1770 3652 prmpararunt.
1815 3583 1930 3639 Pli-

347 3661 498 3727 nius,
531 3663 628 3719 lib.
660 3681 757 3730 vn,
790 3681 913 3737 cap.
945 3667 1034 3732 56,
1071 3685 1137 3724 ex
1174 3669 1413 3742 Epigene
1444 3673 1511 3728 de
1539 3674 1624 3729 his
1657 3675 1928 3731 coluu‘mis

349 3757 466 3812 haec
519 3757 685 3812 habet
719 3774 732 3809 :
766 3757 815 3812 E
869 3760 1074 3817 diverso
1129 3762 1381 3834 Epigenes
1428 3767 1568 3834 apud
1605 3766 1927 3839 Babylonios

346 3862 521 3904 cccxx
587 3867 850 3906 annorum
914 3854 1303 3910 observationes
1363 3857 1597 3912 siderum
1651 3859 1925 3914 coctilibus

346 3940 620 3995 laterculis
658 3943 940 4013 inscriptas
985 3947 1154 4012 docet,
1185 3949 1364 4017 gravis
1397 3959 1583 4016 auctor
1608 3949 1663 4003 in
1695 3951 1882 4018 primis
1907 3964 1927 4002 :

345 4033 437 4102 qui
474 4033 751 4087 minimum
783 4034 1032 4100 Berosus,
1066 4047 1115 4090 et
1155 4036 1484 4094 Critodemus
1524 4056 1798 4096 ccccuxx
1829 4058 1926 4096 an-

346 4142 556 4182 norum.
591 4125 675 4179 Ea:
705 4143 805 4198 quo
829 4140 1045 4199 apparet
1071 4140 1298 4186 azternus
1325 4133 1626 4188 litterarum
1656 4152 1802 4190 usus.

413 4217 534 4273 Col.
568 4218 688 4282 752,
721 4221 821 4277 lin.
867 4222 952 4277 11.
1008 4223 1324 4292 Ἐγέννησε
1376 4225 1444 4278 δὲ
1495 4230 1528 4280 ὀ
1568 4225 1736 4280 Ka'i’r.
1773 4225 1924 4281 Hanc

343 4309 501 4365 Caini
536 4313 780 4368 sobolem
817 4316 972 4370 multi
1004 4316 1155 4385 parvi
1181 4317 1474 4382 duxerunt,
1513 4335 1634 4373 cum
1668 4320 1721 4373 in
1755 4333 1926 4389 aqua-

344 4418 467 4457 rum
500 4404 857 4462 inundatione
888 4409 1103 4477 penitus
1139 4409 1426 4480 absumpta
1460 4410 1551 4473 sit,
1602 4410 1831 4480 ideoque
1865 4411 1918 4464 in

2115 1919 2246 1975 lbid.
2270 1919 2379 1974 Καὶ
2399 1922 2432 1974 o'
2455 1920 2654 1990 Λάμεχ
2685 1917 3150 1990 δύο.Τιιεορ1)ἰιυε
3179 1919 3248 1974 ad
3271 1920 3617 1990 Autolycum,

2042 2012 2136 2067 lib.
2171 2029 2211 2067 ιι
2249 2031 2261 2066 :
2293 2013 2348 2065 Ὀ
2378 2012 2435 2065 δὲ
2465 2014 2655 2084 Λάμεχ
2678 2013 2866 2067 ἔλαϐεν
2892 2013 3068 2084 ἑαυτῷ
3095 2013 3187 2066 δύο
3209 2015 3502 2082 γυναῖκας,
3531 2010 3621 2078 αἷς

2039 2103 2276 2175 ὀνόματα
2319 2105 2446 2158 Ἀδᾶ
2481 2106 2573 2158 καὶ
2616 2104 2773 2159 Σελᾶ.
2805 2107 3029 2158 Ἔκτςτε
3079 2105 3221 2177 ἀρχὴ
3259 2106 3485 2174 ἐγένετο
3524 2107 3621 2176 τῆς

2040 2195 2381 2267 πολυμιξίας,
2411 2196 2547 2250 ἀλλὰ
2574 2199 2668 2250 καὶ
2696 2197 2797 2268 τῆς
2839 2197 3122 2269 μουσικῆς.
3154 2196 3447 2267 Nugantur
3492 2199 3616 2252 rab-

2037 2288 2173 2353 bini,
2199 2289 2290 2358 qui
2332 2289 2524 2342 volunt
2547 2289 2698 2359 prius
2721 2290 2789 2343 ab
2813 2304 2879 2344 eo
2913 2290 3060 2344 viros
3093 2297 3339 2351 necatos,
3371 2295 3501 2358 post
3527 2290 3620 2344 ad—

2035 2381 2232 2435 ductas
2277 2396 2493 2436 uxores.
2526 2380 2740 2436 Primus
2775 2380 3000 2434 Lameclt
3047 2389 3166 2434 ante
3209 2379 3475 2434 diluvium
3508 2382 3617 2440 fors

2033 2482 2084 2526 et
2112 2472 2332 2526 ultimus
2369 2473 2725 2543 polygamiam
2785 2490 2969 2537 ausus,
3001 2481 3051 2526 et
3096 2488 3257 2525 unum
3305 2489 3524 2527 carnem
3565 2475 3616 2526 in

2033 2562 2168 2616 duas
2199 2579 2388 2616 uxores
2418 2562 2617 2629 divisit,
2659 2563 2734 2617 ait
2774 2561 2993 2617 Hieron.
3047 2562 3140 2617 lib.
3177 2579 3191 2616 l
3225 2562 3432 2617 Contra
3465 2561 3615 2618 lori-

2033 2655 2295 2721 nianum;
2356 2661 2409 2709 et
2443 2653 2694 2718 Tertull.,
2727 2654 2820 2708 lib.
2871 2653 2947 2706 De
2967 2654 3168 2708 exhort.
3195 2665 3360 2719 cast.,
3392 2669 3518 2725 cap.
3544 2656 3611 2711 5:

2032 2744 2248 2799 Primus
2284 2755 2386 2800 tres
2427 2746 2481 2798 in
2513 2761 2673 2798 unam
2702 2761 2912 2799 carnem
2933 2745 3119 2813 eﬁ'ecit.
3148 2743 3408 2799 Peccavit
3433 2745 3616 2815 itaque

2029 2836 2290 2902 Lamech,
2315 2852 2425 2892 non
2457 2837 2582 2907 quia
2606 2837 2790 2906 plures
2829 2851 3028 2891 uxores
3068 2836 3279 2900 habuit,
3333 2836 3434 2890 sed
3488 2837 3615 2906 quia

2030 2931 2213 3002 plures
2243 2946 2351 2986 uno
2376 2937 2635 2998 tempore.
2659 2926 2799 2999 Lege
2844 2927 3030 2993 Delrii,
3059 2943 3180 2998 cap.
3208 2944 3261 2981 ιν
3290 2926 3450 2991 Gem,
3474 2929 3618 3000 epti-

2028 3038 2172 3077 mam
2205 3021 2739 3077 animadversionem
2787 3019 2844 3073 in
2896 3035 3137 3075 errorem
3179 3019 3509 3075 Tertulliani
3541 3019 3616 3076 De

2029 3114 2393 3186 manogamia.
2413 3113 2794 3169 Genebrardus
2813 3113 2979 3168 refert
3005 3128 3066 3167 ex
3092 3113 3360 3177 rabbinis,
3375 3111 3614 3168 Lamech

2034 3207 2338 3262 venationis
2361 3207 2666 3276 exemplum
2693 3207 2926 3277 posteris
2946 3206 3257 3275 reliquisse,
3281 3220 3439 3259 arma
3463 3207 3616 3261 inve-

2029 3301 2198 3366 nisse,
2227 3308 2280 3356 et
2313 3301 2635 3368 fabricasse,
2666 3301 2868 3372 quibus
2899 3301 3076 3355 caedes
3110 3299 3322 3354 tierent.
3359 3298 3614 3369 Joseph.,

2030 3391 2125 3447 lib.
2163 3410 2180 3448 ι
2210 3392 2415 3463 Antiq.,
2464 3408 2582 3462 cap.
2609 3393 2663 3457 ’5,
2695 3392 2884 3447 scribit
2922 3393 3068 3445 hunc
3105 3406 3393 3446 sacrarum
3427 3407 3613 3446 rerum

2028 3486 2263 3555 peritum
2300 3501 2357 3541 se
2408 3486 2667 3540 luiturum
2720 3500 2912 3556 pinnas
2974 3485 3295 3555 pradixisse
3355 3486 3616 3538 fraterna:

2028 3577 2192 3632 caedis
2237 3592 2267 3631 a
2301 3577 2475 3633 Caino
2525 3576 2702 3645 factm,
2751 3577 2900 3631 haud
2948 3577 3113 3631 dubie
3156 3575 3392 3630 diluvio.
3442 3577 3613 3638 Idem,

2029 3659 2434 3724 Genebrardus.

2099 3758 2261 3824 lbid.,
2280 3759 2376 3812 lin.
2400 3759 2484 3813 15.
2513 3759 2614 3811 Ἐκ
2628 3755 2744 3826 μὲν
2772 3755 2881 3826 τῆς
2903 3754 3104 3810 ’Ᾱδάν.
3126 3752 3246 3808 Νοη
3275 3753 3398 3824 ipse
3423 3763 3615 3825 pasto-

2027 3854 2166 3907 ritiaa.
2199 3851 2330 3905 artis
2359 3849 2642 3906 institutor
2689 3849 2773 3905 vel
2821 3857 3012 3902 auctor
3045 3867 3057 3900 :
3097 3845 3193 3902 sed
3251 3860 3393 3900 nece
3425 3845 3615 3900 Abelis

2027 3946 2466 4009 intermortuam,
2489 3952 2543 3996 et
2569 3941 2725 4011 quasi
2759 3941 2988 4011 sopitam
3019 3955 3119 3995 suo
3153 3938 3338 3992 studio
3363 3937 3617 4006 ingenio—

2025 4054 2132 4110 que
2159 4037 2420 4098 restituit,
2447 4042 2501 4089 et
2531 4035 2647 4104 ipse
2669 4049 2885 4104 gregem
2916 4035 3078 4103 pavit.
3097 4030 3614 4086 Tabernaculorum

2025 4131 2154 4186 item
2179 4143 2337 4184 usum
2365 4125 2585 4196 adjecit.
2610 4123 2945 4197 Theophilus
2965 4123 3031 4178 ad
3055 4121 3382 4187 Autol.,lib.
3408 4137 3448 4178 ιι
3470 4141 3484 4177 :
3506 4120 3618 4175 Καὶ

2025 4225 2054 4276 ὁ
2093 4223 2190 4292 μὲν
2207 4219 2369 4291 Ἀϐὴλ
2398 4221 2615 4287 ἐγένετο
2648 4216 2787 4288 ἀνὴρ
2821 4218 2879 4270 ἐν
2919 4219 3090 4288 σκηνῇ
3125 4217 3546 4288 κτηνοτρόφων.

2095 4313 2256 4376 lbid.,
2288 4313 2384 4365 lin.
2419 4311 2506 4366 16.
2538 4311 2646 4366 Καὶ
2678 4311 2784 4364 τὸν
2811 4309 3064 4365 Ἰουϐάλ.
3114 4307 3375 4364 Psalterii
3427 4318 3485 4363 et
3537 4308 3614 4362 εἰς

2027 4407 2191 4460 thara:
2218 4421 2376 4460 usum
2410 4405 2681 4459 invenisse
2703 4402 2922 4457 tradunt
2944 4407 3136 4472 praeter
3151 4416 3342 4455 sacras
3374 4400 3613 4456 Litteras

343 4509 405 4548 ea
430 4510 539 4551 non
569 4499 903 4554 conveniunt
927 4509 1181 4556 auctores
1202 4518 1215 4566 ;
1240 4503 1292 4555 in
1314 4518 1376 4556 ea
1403 4511 1583 4555 tamen
1612 4501 1917 4556 enarranda

2054 4498 2311 4566 osephus,
2331 4495 2665 4566 Theophilus
2697 4494 2919 4548 d.loco:
2954 4491 3159 4546 Ἰουὸὰλ
3188 4492 3246 4543 δέ
3271 4494 3426 4544 ἐστιν
3447 4494 3478 4544 ὁ
3517 4510 3615 4544 κα-

344 4596 537 4644 noster
571 4589 892 4646 Eustathius
910 4602 1132 4648 secutus
1167 4601 1252 4648 est
1279 4593 1497 4648 divinas
1528 4593 1920 4664 Litteras,quse

344 4697 454 4736 non
491 4681 599 4734 alia
627 4682 863 4746 ratione,
901 4683 1004 4737 nisi
1037 4699 1203 4754 parva
1235 4685 1517 4764 nominum
1549 4684 1793 4739 formula:
1818 4686 1920 4738 im-

340 4773 645 4826 mutatione
673 4783 1104 4844 prosequuntur.

416 4865 575 4930 lbid.,
612 4866 708 4920 lin.
739 4867 828 4922 15.
865 4869 972 4924 Καὶ
1009 4865 1185 4934 οὗτος
1217 4870 1322 4923 τὸν
1351 4869 1572 4938 Λάμεχ.
1614 4867 1916 4924 Genebrar--

340 4954 446 5012 dus
476 4955 553 5009 ait
585 4971 680 5010 eos
723 4971 930 5021 errare,
988 4959 1081 5028 qui
1115 4958 1350 5014 Lamcch
1389 4961 1557 5013 filium
1603 4959 1918 5015 Mathusalae

340 5045 618 5116 accipiunt
647 5061 662 5108 ;
694 5047 964 5102 rationem
999 5054 1182 5103 tamen
1231 5065 1402 5117 quare
1449 5049 1503 5104 id
1537 5049 1683 5104 dicat
1711 5053 1917 5105 nullam

337 5137 585 5192 adducit.
629 5135 829 5190 Errant
867 5152 999 5209 ergo
1043 5142 1264 5194 maximi
1307 5143 1510 5212 quique
1543 5141 1756 5205 Patres,
1792 5160 1915 5197 cum

328 5231 397 5285 iis
437 5227 782 5290 Eustathius,
802 5226 1136 5297 Theophilus
1169 5229 1236 5283 ad
1269 5232 1585 5300 Autolycum
1617 5233 1710 5288 lib.
1731 5249 1768 5286 ll
1791 5251 1803 5284 ;
1829 5233 1918 5304 Τῷ

324 5319 381 5378 δὲ
408 5317 600 5387 ,Ἑνὼχ
636 5319 900 5390 ἐγεννήθη
937 5321 1052 5384 υἱὸς
1090 5323 1315 5392 ὀνόματι
1346 5324 1558 5388 Γαῖδᾶς,
1579 5325 1636 5389 ὃς
1661 5327 1919 5397 ἐγέννησε

325 5405 419 5458 τὸν
457 5406 790 5476 καλούμενον
816 5409 990 5480 Mai-11,
1025 5411 1117 5463 καὶ
1151 5413 1304 5484 Μεὴλ
1328 5415 1416 5466 τὸν
1449 5416 1798 5480 Μαθουσάλα,
1826 5419 1918 5470 καὶ

328 5496 664 5582 hiemalich
707 5501 796 5552 τὸν
841 5502 1050 5572 Λάμεχ.
1104 5505 1160 5557 Ὁ
1208 5505 1263 5558 δὲ
1312 5508 1500 5577 Λάμεχ
1547 5510 1737 5562 ἔλαϐεν
1771 5511 1918 5582 αὑτῷ

329 5580 423 5635 δύο
456 5589 737 5652 γυναῖκας.
775 5591 992 5646 Erravit
1025 5595 1388 5666 Augustinus,
1422 5601 1516 5656 lib.
1568 5620 1634 5656 xv
1675 5602 1751 5656 De
1790 5580 1916 5658 civi;

334 5679 439 5727 tate
475 5673 592 5765 Qei,
628 5691 749 5745 cap.
771 5681 841 5734 20
872 5700 884 5733 :
929 5685 1130 5739 Horum
1165 5705 1343 5756 regum
1371 5693 1574 5760 primus
1605 5711 1716 5749 esse
1747 5698 1917 5765 potuit

337 5774 450 5823 .‘pse
479 5761 612 5817 Cain
649 5781 665 5817 :
704 5772 955 5824 secundus
982 5776 1124 5838 [ilius
1155 5779 1266 5844 eius
1302 5781 1502 5847 Enoch,
1539 5785 1592 5840 in
1631 5761 1780 5851 cujus
1820 5805 1916 5842 no-

2023 4590 2274 4656 ταδείξας
2301 4587 2604 4659 ψαλτήριον
2635 4587 2729 4640 καὶ
2763 4586 3018 4658 κιθάραν.
3038 4584 3112 4639 De
3136 4584 3223 4637 his
3258 4583 3611 4639 Methodius:

2023 4685 2112 4754 Τῷ
2155 4681 2547 4755 τριακοσιοστῷ
2573 4680 2990 4752 τεσσαρακοστῷ
3009 4680 3108 4750 τῆς
3147 4679 3415 4749 δευτέρας
3448 4680 3615 4751 χιλιά-

2020 4777 2107 4838 δος
2140 4775 2248 4827 ἔτει
2277 4773 2649 4844 ἐπανέστησαν
2673 4772 2991 4842 κακότεχνοι
3025 4770 3237 4842 ἄνδρες,
3266 4773 3506 4840 πονηροὶ
3524 4772 3614 4824 καὶ

2019 4868 2346 4938 παράνομοι,
2384 4867 2608 4936 πλήρεις
2640 4865 2870 4935 ἀνομίας
2920 4866 2984 4916 ἐκ
3010 4862 3117 4914 τῶν
3146 4862 3282 4914 υἱῶν
3311 4863 3413 4915 τοῦ
3447 4865 3612 4925 Κάῖν,

2033 4958 2237 5029 Ἱοδϐὴλ
2263 4960 2354 5010 καὶ
2385 4956 2668 5026 Θουκιδὴλ,
2699 4957 2865 5008 τέκνα
2894 4953 2986 5007 τοῦ
3026 4953 3216 5024 Λάμεχ
3261 4954 3360 5006 τοῦ
3382 4954 3612 5023 τυφλοῦ,

2018 5049 2112 5102 τοῦ
2141 5048 2556 5111 ἀποκτείναντος
2590 5049 2679 5100 τὸν
2708 5046 2869 5108 Κάῖν,
2893 5039 2967 5099 ὧν
2999 5047 3090 5100 καὶ
3115 5046 3420 5117 κυριεύσας
3447 5048 3478 5097 ὁ
3503 5046 3612 5100 διὰ-

2021 5142 2174 5205 6ολος
2202 5139 2550 5213 ἐτροπὼσατο
2574 5141 2769 5204 αὐτοὺς
2802 5139 2946 5193 ἅπαν
2980 5135 3119 5200 εἶδος
3148 5140 3417 5209 μουσικὸν
3447 5157 3613 5194 κατα-

2023 5234 2313 5296 σκευάσας.
2357 5231 2562 5286 Ilorum
2599 5247 2757 5285 usum
2799 5231 2943 5286 sicut
2979 5238 3032 5285 et
3059 5230 3294 5284 aliorum
3356 5232 3611 5286 nationes

2019 5326 2353 5382 recentiores
2381 5324 2517 5388 suis,
2542 5325 2625 5378 vel
2655 5321 2779 5376 aliis
2803 5322 2904 5378 sibi
2928 5321 3178 5392 cognatis
3200 5321 3608 5392 ascripserunt.

2019 5416 2124 5470 Alii
2151 5417 2294 5470 enim
2325 5413 2639 5484 Amphioni,
2670 5414 2761 5467 alii
2803 5413 3040 5483 Orpheo,
3073 5413 3298 5483 quidam
3340 5415 3609 5485 Apollini.

2019 5518 2074 5566 et
2099 5510 2198 5565 alii.
2219 5509 2341 5563 aliis
2394 5506 2762 5564 inventionem
2793 5507 2939 5560 hanc
2994 5514 3278 5576 acceptam
3332 5508 3606 5562 releruut.

2018 5603 2354 5672 Theophilus
2410 5601 2650 5655 ibidem:
2683 5599 2843 5653 Ἀλλὰ
2897 5600 3002 5669 μὴν
3049 5599 3143 5652 καὶ
3189 5599 3262 5651 τὰ
3319 5601 3460 5672 περὶ
3515 5600 3608 5666 τῆς

2023 5696 2286 5768 μουσικῆς
2319 5694 2665 5764 ὲφλυάρησάν
2710 5710 2853 5757 τινες
2885 5691 3114 5764 εὑρετὴν
3163 5692 3485 5747 Ἀπόλλωνα
3524 5710 3607 5758 γε-

2019 5787 2276 5852 γενῆσθαι
2297 5805 2309 5817 °
2343 5787 2491 5843 ἄλλοι
2517 5787 2573 5842 δὲ
2597 5787 2800 5853 Ὀρφέα
2828 5785 2935 5840 ἀπὸ
2955 5787 3055 5852 τῆς
3087 5785 3194 5839 τῶν
3214 5786 3457 5853 ὀρνίθων
3486 5787 3606 5854 ἠδυ·
