3810 6168
202 293 305 350 981
1227 304 1293 360 IN
1331 305 1422 363 EU
1433 307 1711 364 STATHH
1751 309 1759 364 l

1860 311 2229 371 KAEMERON
2263 314 2492 375 NOTAE.
3341 326 3452 387 982

192 405 602 514 φοῗνίαξςρασὶν
632 411 986 514 ἐξευρηκέναι
1021 418 1118 490 τὴν
1174 425 1460 494 μουσικήν.
1505 427 1674 492 Κενὸς
1713 428 1772 482 δὲ
1800 434 1847 491 Α
1873 430 1966 484 τοῦ
1996 430 2102 500 Σὴθ
2137 432 2334 487 δίκαιοι
2371 435 2676 504 γεγόνασιν,
2706 435 2827 490 ὅθεν
2854 439 2887 508 ἡ
2918 438 3108 512 Γραφὴ
3137 441 3302 514 ἑαυτῇ
3315 442 3446 497 ἀκοι-

193 501 598 598 ξαξμμέταιοςὸ
632 505 786 575 λόγος
806 501 985 564 αὐτῶν
1011 511 1304 598 δείκνυται.
1335 518 1490 570 Μετὰ
1512 519 1620 590 γὰρ
1651 521 1776 574 πολ·
1875 521 2137 577 λουθοῦσα
2165 524 2302 595 μετὰ
2321 501 2495 578 ταῦτά
2520 544 2700 598 φησιν·
2739 549 2755 579 ι
2785 501 2936 582 Εἶδον
2962 501 3014 582 oi
3046 501 3158 584 υἱοὶ
3179 501 3445 588 τοῦ-Θεοῦ

189 591 389 667 λᾶἓπῆ
418 595 511 649 τοῦ
542 599 931 670 κατακλυσμοῦ
961 597 1106 658 οὗτοι
1137 607 1403 675 ἐγένοντο.
1424 609 1586 666 Plura
1607 612 1672 668 de
1692 615 1774 670 his
1872 612 1971 678 τὰς
2001 613 2305 686 Θυγατέρας
2333 616 2440 671 τῶν
2469 617 2788 689 ἀνθρώπων,
2810 640 2828 672 ι
2868 621 3139 676 τουτέστιν
3163 624 3442 686 ominatae.

197 683 506 756 Polydorus
529 685 791 759 Virgilius
817 690 892 745 De
929 694 1124 752 iuvent.
1168 699 1656 755 rerum..Dicuntur
1677 718 1759 758 au-

1875 705 1949 758 Οὐ
1986 706 2092 778 γὰρ
2119 702 2187 777 ἦν
2206 683 2461 780 επιμιξία
2487 683 2595 764 τῶν
2629 711 2758 765 υἱῶν
2789 712 2896 783 Σὴθ
2925 713 3060 786 πρὸς
3093 683 3320 786 «etiam
3352 717 3444 772 τοῦ

195 785 388 834 tem-et
435 780 490 834 hi
523 796 683 836 suum
717 784 957 840 musices
991 788 1272 845 inventum
1314 793 1773 862 quemadmodum

193 879 250 924 et
284 871 379 926 ﬁlii
413 871 563 926 Sethi
585 889 670 938 ea,
700 891 821 945 qua:
854 877 920 932 de
951 879 1190 936 siderum
1237 887 1476 942 molibus
1529 895 1583 942 et
1605 889 1772 945 disci-

193 965 344 1034 plina
379 975 716 1034 repererant,
747 967 803 1022 in
839 969 1112 1027 columnis
1143 977 1400 1033 cmlasse.

263 1052 380 1109 Col.
398 1055 525 1118 752,
548 1056 645 1110 liti.
669 1057 756 1112 l7.
776 1059 880 1113 Ἐκ
907 1059 1328 1136 δὲτῆςΣε-λάμ.
1349 1067 1652 1138 Sculptura:
1668 1070 1771 1126 fuit

191 1155 405 1209 auctor,
438 1145 688 1203 fabrilem
718 1158 892 1206 artem
927 1154 1155 1219 invenit,
1181 1159 1396 1212 metalla
1422 1160 1628 1224 eﬁ‘odit,
1670 1178 1767 1218 eo-

189 1252 315 1291 rum
359 1255 516 1294 usum
561 1244 799 1310 aperuit.
839 1243 1177 1314 Theophilus
1227 1249 1428 1305 ibidem
1465 1271 1476 1305 :
1509 1253 1678 1310 Θόϐελ
1709 1256 1768 1309 δὲ

190 1328 410 1397 ἐγένετο
458 1334 818 1404 σφυροκόπος,
862 1337 1094 1406 χαλκεὺς
1147 1340 1348 1410 χαλκοῦ
1393 1345 1485 1398 καὶ
1524 1347 1764 1420 σιδήρου.

190 1419 368 1490 Hujus
413 1425 549 1478 artis
602 1427 748 1481 nacti
797 1431 1141 1487 occasionem
1189 1435 1459 1503 homines,
1497 1448 1555 1493 ut
1608 1419 1766 1498 Philo

188 1522 245 1568 et
280 1513 548 1585 Iosephus
579 1519 944 1586 tradiderunt,
985 1525 1163 1594 primo
1195 1529 1527 1599 sculptilium
1555 1543 1607 1587 et
1649 1534 1767 1589 ido-

191 1609 368 1663 lorum
404 1609 729 1682 imaginibus
759 1615 1058 1671 aderandis
1088 1635 1146 1674 se
1187 1620 1473 1678 dederunt.
1513 1625 1764 1684 Secundo

190 1699 421 1765 ferrum,
453 1710 507 1755 et
526 1719 600 1759 ωε
634 1705 768 1760 rude
798 1706 853 1760 in
879 1706 1005 1760 belli
1035 1707 1394 1767 instrumenta
1435 1720 1758 1783 exacuendi,

1872 797 2034 853 Κάῖν.

1940 886 2102 954 Ibid.,
2132 889 2228 944 lin.
2259 890 2350 945 27.
2383 891 2493 945 Τοῦ
2525 892 2593 946 δὲ
2617 893 2808 962 Ἰάρεδ
2850 897 3000 963 υἱός.
3031 896 3295 965 Zonaras,
3332 900 3443 954 An-

1871 979 1982 1032 nal.
2018 990 2149 1034 tom.
2181 979 2202 1034 l
2234 1000 2248 1036 :
2276 983 2618 1053 Εὐηρέστησε
2658 985 2714 1038 δὲ
2755 986 2926 1057 Ἑνὼχ
2968 986 3043 1058 τῷ
3085 990 3292 1060 Κυρίῳ,
3347 992 3442 1044 καὶ

1873 1073 2157 1145 μετετέθη,
2193 1073 2285 1128 καὶ
2318 1076 2416 1145 οὐχ
2455 1076 2735 1148 εὑρίσκετο
2762 1078 2896 1132 ὲτῶν
2937 1079 3174 1148 γεγονὼς
3222 1099 3442 1152 τριακο-

1872 1163 2002 1216 σίων
2032 1163 2290 1234 ἐξήκοντα
2319 1164 2410 1217 καὶ
2442 1165 2623 1218 πέντε.
2652 1164 2893 1221 Primum
2941 1168 3028 1223 hic
3055 1169 3442 1226 advertendum

1870 1251 2258 1324 Hieronymum
2299 1256 2464 1310 veluti
2500 1258 2760 1311 memoria
2813 1258 3022 1329 lapsum
3069 1261 3248 1315 notari
3277 1277 3308 1316 a
3339 1259 3442 1319 Pe-

1869 1347 2014 1400 rerio
2052 1348 2106 1400 in
2132 1344 2340 1410 Genes.,
2379 1348 2474 1401 lib.
2508 1365 2583 1404 vn
2611 1348 2687 1418 (id
2727 1350 2892 1419 quod,
2943 1360 3002 1405 ut
3047 1351 3162 1422 ipse
3202 1353 3297 1418 ait,
3325 1369 3443 1409 ma-

1865 1440 1990 1510 gnis
2014 1440 2170 1504 viris,
2200 1440 2289 1494 vel
2331 1441 2500 1494 nimia
2547 1443 2823 1497 memoriae
2854 1442 3073 1508 ﬁducia,
3105 1446 3188 1501 vel
3229 1447 3333 1500 alia
3382 1447 3440 1502 in

1866 1547 1925 1586 re
1985 1533 2166 1587 studio
2213 1539 2456 1603 curaque
2501 1534 2847 1590 vehementer
2886 1537 3107 1592 intentis
3159 1554 3270 1593 non
3312 1554 3439 1595 raro

1864 1623 2173 1696 contingit);
2193 1625 2238 1680 si
2268 1625 2482 1698 quidem
2512 1627 2657 1697 quod
2686 1628 2789 1683 hoc
2820 1629 2940 1683 loco
2969 1628 3246 1701 Scriptura
3275 1632 3440 1687 tradit

1867 1714 1934 1770 de
1963 1713 2173 1783 Enoch,
2202 1717 2294 1786 qui
2320 1717 2584 1786 septimus
2622 1718 2724 1772 fuit
2759 1719 2826 1774 ab
2860 1719 3088 1785 Adamo,
3121 1721 3238 1791 ipse
3278 1723 3438 1777 attri-

189 1799 245 1845 et
278 1793 658 1849 conformandi
704 1806 957 1855 auctores
997 1799 1187 1868 fuere;
1216 1815 1508 1876 utrumque
1555 1820 1764 1866 natura:
1799 1783 1838 1837 Β
1869 1805 1986 1860 buit
2015 1805 2160 1862 Enos
2209 1783 2321 1863 ﬁlio
2354 1783 2508 1875 S_eth,
2540 1809 2729 1863 Adami
2760 1811 2964 1880 nepoti.
3005 1783 3095 1867 Sic
3125 1783 3268 1867 enim
3299 1814 3441 1868 scri-

186 1884 439 1938 humanae
465 1886 1008 1954 perniciosissimum.

259 1973 421 2038 Ibid,
455 1977 551 2031 lin.
584 1977 673 2031 i9.
721 1979 782 2032 '0
816 1979 884 2033 δὲ
923 1981 1107 2052 Ἀδὰμ
1137 1982 1346 2053 ζήσας.
1371 1986 1552 2044 Editio
1578 1991 1763 2048 Graeca

187 2059 550 2133 Septuaginta
589 2067 954 2139 Interpretum
997 2073 1054 2127 in
1104 2081 1496 2135 enumerandis
1541 2083 1766 2139 humani

182 2156 404 2223 generis
434 2164 722 2213 auctorum
770 2162 930 2218 annis
968 2179 1093 2219 cum
1140 2165 1410 2223 Hebraica
1449 2169 1763 2230 Judazorum

181 2260 295 2299 non
323 2244 604 2318 convenit;
627 2267 816 2307 eorum
832 2253 1191 2312 differentiam
1223 2261 1406 2330 plures
1432 2270 1760 2325 tractarunt.

184 2336 326 2394 Vide
377 2343 520 2411 apud
562 2342 776 2399 Sixtum
830 2345 1152 2415 Senensem,
1185 2351 1466 2409 Pererium
1517 2364 1571 2411 et
1604 2359 1760 2415 alios.

184 2427 363 2483 Graeci
395 2439 614 2487 centum
664 2449 840 2490 annos
876 2439 998 2508 plus
1030 2440 1278 2496 tribuunt
1309 2460 1471 2513 quam
1527 2445 1760 2515 Hebraei,

184 2532 384 2590 prater
413 2522 665 2580 Lamechi
697 2542 894 2595 annos,
932 2531 1026 2585 ubi
1075 2548 1168 2588 sex
1202 2537 1360 2590 annis
1415 2544 1626 2593 tantum
1679 2542 1763 2595 di-

181 2621 446 2702 stant,.et
477 2615 694 2688 Noethi,
720 2621 774 2675 in
815 2623 1017 2692 quibus
1049 2626 1489 2697 quingentesimo
1519 2642 1570 2687 et
1605 2650 1762 2688 sexa-

181 2708 403 2776 gesimo
456 2711 678 2766 omnino
718 2715 1075 2771 conveniunt.
1129 2717 1203 2773 De
1243 2723 1521 2791 sepultura
1567 2727 1760 2783 Adami

179 2810 448 2857 constans
495 2813 580 2859 est
612 2804 960 2863 Hebraeorum
1010 2812 1257 2877 traditio,
1291 2816 1560 2872 Adamum
1611 2836 1758 2875 mor-

180 2903 341 2948 tuum
386 2902 440 2949 et
487 2897 757 2966 sepultum
804 2900 863 2954 in
920 2908 1066 2956 terra
1135 2902 1296 2960 Israel
1358 2925 1524 2980 prope
1569 2927 1758 2982 agrum

178 2985 604 3052 Damascenum,
635 2990 711 3044 ibi
764 2993 910 3046 enim
970 2993 1148 3048 fuerat
1206 3009 1544 3068 procreatus,
1579 3005 1654 3059 ibi
1706 3015 1760 3061 et

1865 1899 1963 1953 bit.
1991 1900 2088 1955 lib.
2122 1917 2137 1955 ι
2180 1900 2442 1957 Adversus
2486 1901 2833 1957 Jovinianum
2864 1922 2882 1959 :
2923 1903 3045 1959 Non
3089 1923 3208 1960 reor
3239 1906 3437 1962 idcirco

1867 1992 2188 2046 translatum
2215 1993 2416 2059 Enoch,
2449 1993 2586 2065 quod
2616 2011 2833 2050 uxorem
2862 1997 3126 2063 habuerit,
3163 1999 3252 2052 sed
3297 1998 3437 2068 quod

1853 2083 2068 2150 .primus
2091 2084 2407 2139 invocaverit
2462 2085 2649 2148 Deum,
2692 2096 2742 2140 et
2773 2087 3051 2141 crediderit
3097 2089 3152 2142 in
3188 2088 3439 2143 Salvato-

1865 2189 1996 2226 rem.
2027 2172 2096 2226 At
2128 2175 2363 2244 primum
2387 2176 2651 2242 omnium,
2675 2179 2768 2248 qui
2797 2194 2993 2234 nomen
3026 2177 3239 2234 Domini
3269 2181 3438 2252 cmpit

1866 2265 2121 2321 invocare
2143 2283 2252 2322 non
2281 2267 2485 2334 Enoch,
2515 2269 2611 2326 sed
2638 2269 2784 2326 Enos
2816 2270 2982 2327 fuisse
3001 2287 3122 2342 cap.
3153 2288 3226 2338 tv,
3249 2272 3432 2327 Cenes.

1871 2355 2038 2410 tradit
2075 2356 2310 2429 Moyses.
2366 2357 2675 2414 Secundum
2714 2374 2728 2411 :
2775 2358 3074 2431 Procopius
3127 2359 3336 2417 Gazeus
3366 2378 3434 2418 ex

1863 2449 2042 2502 verbis
2062 2447 2348 2517 Scriptura:
2374 2459 2524 2520 putat
2549 2450 2730 2506 Enoch
2755 2460 2880 2507 ante
2909 2450 3078 2506 fuisse
3104 2450 3433 2521 improbum,

1825 2598 1834 2607 ,
1862 2548 1911 2594 et
1939 2538 2284 2609 flagitiosum,
2318 2541 2413 2596 sed
2452 2549 2637 2610 postea
2671 2539 2833 2612 digna
2865 2548 2917 2595 et
2944 2540 3181 2612 perfecta
3205 2557 3431 2597 suorum

1863 2630 2130 2685 scelerum
2162 2631 2484 2700 poenitentia
2509 2646 2618 2684 non
2651 2638 2860 2684 tantum
2887 2630 3210 2685 emendasse
3239 2631 3428 2694 vitam,

1862 2721 1956 2776 sed
1987 2721 2121 2776 adeo
2171 2721 2280 2776 Deo
2329 2722 2622 2792 placuisse,
2656 2730 2716 2775 ut
2768 2729 3071 2776 mereretur
3114 2722 3304 2775 mortis
3335 2736 3432 2775 ex-

1860 2829 1988 2884 pers
2040 2813 2094 2867 in
2143 2812 2353 2869 felicem
2397 2815 2521 2869 vitae
2575 2822 2778 2870 statum
2825 2811 3131 2868 transferri.
3184 2810 3432 2868 Tertium

1859 2905 2196 2958 Abcnezram
2239 2919 2361 2958 cum
2441 2904 2561 2959 aliis
2593 2903 3434 2961 contendisse:Enochummor—

1864 3004 2017 3051 tuum
2051 3013 2194 3061 esse,
2223 3004 2277 3052 et
2311 2997 2385 3051 ita
2423 2995 2723 3067 Scriptura:
2766 2999 2944 3052 locum
2997 2994 3428 3067 intelligendum,

182 3084 360 3133 vitam
393 3081 655 3139 traduxit.
689 3083 797 3138 Alii
831 3100 897 3140 ex
929 3085 1108 3144 Josua:
1143 3105 1195 3142 tv
1223 3091 1374 3146 aiunt
1407 3094 1556 3149 illum
1583 3100 1764 3168 ερριιι-
1791 3114 1833 3171 C
1868 3089 2054 3144 multis
2083 3089 2412 3153 rationibus,
2441 3090 2534 3145 sed
2557 3098 2761 3146 temere
2778 3099 3009 3145 conatur
3028 3089 3428 3146 demonstrare.

179 3179 299 3223 tum
337 3169 391 3224 in
424 3169 627 3226 Ebron.
674 3171 997 3229 Nostrorum
1032 3185 1210 3234 tamen
1244 3185 1512 3239 sententia
1551 3197 1653 3252 est,
1703 3191 1759 3246 in

175 3269 372 3317 monte
415 3261 664 3334 Golgota,
721 3265 775 3319 in
827 3282 936 3336 quo
985 3267 1247 3327 Dominus
1304 3276 1600 3335 cruciﬁxus
1635 3281 1756 3338 fuit.

175 3349 446 3422 Origenes
491 3361 653 3410 tract.
682 3355 751 3409 55
784 3357 837 3409 in
876 3356 1141 3424 Marcum,
1195 3359 1532 3432 Epiphanius
1567 3372 1620 3424 in
1656 3372 1762 3430 ﬁne

179 3443 435 3507 Panarii,
463 3445 800 3502 Athanasius
833 3449 908 3502 De
936 3453 1182 3518 passione
1207 3452 1441 3524 Domini,
1473 3459 1758 3536 Theophy-

181 3534 366 3591 lactus
410 3537 465 3590 in
497 3536 671 3591 Math.
708 3555 881 3605 xxvu,
909 3540 1233 3614 Euthymius
1264 3546 1416 3616 ibid.,
1449 3534 1762 3621 Cyprianus

174 3642 435 3684 sermone
467 3631 540 3685 De
568 3634 967 3702 resurrectione,
1013 3636 1340 3694 Ambrosius
1373 3640 1468 3696 lib.
1506 3659 1558 3709 v,
1591 3647 1752 3716 epist.

174 3722 344 3783 i9.et
373 3723 523 3779 alibi.
1289 3788 1301 3800 _

250 3809 412 3877 lbid.,
443 3815 536 3870 lin.
574 3815 664 3872 2i.
695 3817 880 3886 Ἐνὼς
905 3818 974 3874 δὲ
1000 3823 1131 3888 υἱὸς
1151 3823 1281 3878 τοῦ.
1310 3823 1554 3882 Paternae
1580 3829 1754 3900 pieta-

173 3903 250 3958 tis
300 3906 528 3976 vestigia
561 3910 927 3980 amplexatus,
972 3914 1217 3983 proniori
1271 3919 1452 3973 animo
1496 3919 1662 3976 Deum
1697 3923 1754 3977 in

170 4011 340 4064 quem
361 4013 459 4052 sua
491 4001 675 4056 omnia
708 4003 1250 4076 referebat,publice,
1272 4026 1373 4065 nec
1404 4013 1750 4069 tenebrarum

172 4087 484 4145 involucris
530 4091 800 4158 adoravit,
850 4097 1051 4152 avitam
1110 4099 1426 4170 religionem
1483 4105 1748 4160 retinens.

169 4177 370 4235 Latius
396 4180 512 4236 haec
541 4186 892 4254 prosequitur
918 4186 1183 4246 Vatablus
1209 4201 1500 4249 comment.
1519 4195 1574 4248 in
1605 4197 1751 4251 hunc

168 4270 382 4326 lorum.
403 4271 545 4327 Ante
581 4273 746 4337 Enos,
773 4277 965 4343 Adam,
991 4279 1146 4345 Abel,
1182 4282 1312 4336 Setli
1360 4292 1413 4338 et
1457 4283 1628 4340 Deum‘
1658 4301 1752 4340 co-

174 4363 359 4428 luere,
381 4373 429 4418 et
463 4366 756 4424 sacriﬁciis
784 4369 982 4426 oblatis
1011 4373 1306 4442 propitium
1329 4375 1432 4429 sibi
1459 4377 1746 4433 reddidere

1866 3180 2011 3236 lllera
2045 3180 2295 3251 prodigia
2321 3191 2468 3249 sunt,
2499 3189 2553 3235 et
2582 3182 2753 3236 aniles
2789 3181 3005 3247 fabulae,
3039 3197 3158 3251 quae
3188 3180 3430 3236 haeretici

1863 3273 1930 3328 de
1963 3281 2138 3327 morte
2171 3271 2380 3329 Enochi
2417 3273 2778 3328 tradiderunt.
2825 3271 3106 3326 Enochum
3152 3287 3263 3326 non
3306 3287 3430 3328 esse

1861 3373 2136 3420 mortuum
2187 3365 2532 3435 separatione
2579 3365 2773 3418 anima:
2813 3379 2843 3417 a
2887 3379 3115 3435 corpore
3152 3365 3426 3427 violenta,

1863 3458 1957 3513 sed
1983 3460 2092 3513 alio
2121 3476 2262 3515 novo
2298 3460 2480 3525 modo,
2507 3475 2700 3530 nempe
2732 3471 2894 3515 exuta
2920 3468 3128 3514 tantum
3155 3461 3440 3530 corruptim

1859 3551 1955 3605 bili
2001 3559 2217 3618 natura,
2250 3561 2305 3607 et
2343 3552 2652 3607 absolutum
2699 3567 2729 3605 a
2774 3553 3011 3608 miseriis
3043 3552 3202 3622 hujus
3241 3553 3437 3612 saeculi;

1858 3643 2074 3714 placida
2103 3644 2338 3714 quadam
2367 3660 2432 3699 ex
2464 3643 2567 3698 hoc
2611 3645 2815 3700 mundo
2845 3645 3191 3714 migratione.
3225 3645 3292 3699 Et
3338 3645 3439 3700 ad-.

1847 3719 2015 3798 'dunt,
2066 3750 2126 3789 se
2167 3734 2316 3804 loqui
2357 3737 2425 3789 de
2469 3734 2584 3797 tali,
2613 3735 2789 3804 qualis
2839 3733 3031 3790 fuisset
3071 3736 3335 3794 transitus
3369 3738 3426 3791 in

1856 3833 2000 3880 statu
2054 3827 2398 3891 innocentiae,
2432 3837 2487 3882 et
2533 3829 2711 3897 qualis
2760 3827 2979 3883 futurus
3023 3844 3238 3893 eorum,
3285 3843 3428 3900 quoe

1855 3917 1972 3973 dies
2007 3919 2234 3974 ultimus
2265 3920 2592 3989 superstites
2630 3921 2900 3988 inveniet;
2935 3929 3099 3990 atque
3126 3923 3197 3980 ita
3230 3921 3282 3978 in
3318 3935 3426 3977 εαξη

1854 4010 2044 4065 lestem
2080 4012 2309 4080 patriam
2357 4010 2542 4065 Enoch
2580 4013 2906 4067 translatum
2942 4012 3131 4079 fuisse,
3157 4031 3265 4068 non
3297 4016 3422 4084 qui-

1853 4102 1975 4156 dem
1999 4102 2369 4156 futurumillic
2387 4103 2707 4172 participem
2741 4103 2928 4173 gloria:
2956 4091 3218 4166 cmlestis,
3254 4120 3313 4159 se
3329 4103 3424 4160 ab:

1853 4195 2092 4250 solutum
2127 4195 2390 4248 duntaxat
2421 4211 2451 4248 a
2487 4195 2720 4251 miseriis
2739 4197 2946 4260 saeculi,
2977 4198 3149 4256 donec
3172 4197 3424 4253 Christus

1853 4287 1908 4341 in
1927 4287 2124 4342 ccelum
2141 4286 2480 4342 ascenderet.
2503 4287 2763 4342 Martinus
2780 4289 2906 4345 item
2941 4288 3257 4351 Borrhaius,
3275 4289 3426 4358 ejus-

1851 4366 1972 4433 dem
2011 4377 2196 4432 farinaa
2233 4378 2415 4439 homo,
2445 4377 2644 4432 fatetur
2684 4377 2962 4434 Enocbum
2987 4395 3114 4436 vere
3147 4387 3427 4434 mortuum.

169 4451 320 4520 Quin
350 4453 593 4524 Cyrillus
622 4459 716 4512 lib.
751 4475 768 4512 ι
801 4460 1000 4515 Contra
1025 4461 1324 4529 lulianum,
1386 4469 1595 4532 scribit,
1648 4471 1747 4524 ho-
1779 4475 1826 4532 1)
1853 4470 2030 4540 quoad
2089 4486 2288 4540 corpus
2343 4485 2496 4525 more
2546 4479 2887 4535 czeterorum,
2919 4472 3021 4528 sed.
3059 4472 3275 4542 sepulto
3301 4486 3423 4525 cor-

166 4545 355 4600 mines
390 4547 457 4599 ab
479 4547 677 4613 Adam,
716 4565 890 4620 usque
920 4553 986 4606 ad
1029 4552 1152 4607 Seni
1196 4554 1366 4609 ﬁlium
1399 4555 1532 4624 Noe,
1575 4558 1746 4614 Deum

163 4638 515 4706 conditorem
564 4642 824 4706 coluisse,
859 4659 961 4698 nec
1012 4646 1179 4699 ullum
1234 4649 1556 4718 reprehendi
1600 4654 1746 4723 quod

165 4737 301 4782 ante
330 4729 597 4785 diluvium
629 4732 735 4789 diis
783 4736 998 4802 alienis,
1044 4737 1126 4790 vel
1166 4737 1503 4795 daemonibus
1530 4742 1746 4800 deditus

161 4819 450 4877 obtulerit.
490 4821 566 4878 De
599 4826 918 4881 solemniori
967 4834 1148 4882 autem
1181 4831 1330 4883 cultu
1375 4830 1552 4886 locum
1598 4833 1747 4889 hunc

161 4914 552 4986 intelligimus.
571 4916 781 4975 Etcum
807 4922 987 4975 caeteri
1013 4923 1211 4977 artium
1238 4923 1566 4990 inventione,
1582 4928 1745 4983 rebus

160 5009 326 5065 hisce
357 5012 594 5068 terrenis
644 5013 1055 5080 incumbentes,
1095 5016 1307 5069 lucrum
1361 5025 1416 5072 et
1460 5020 1746 5074 commoda

161 5110 565 5172 praepararent,
592 5101 738 5158 Enos
765 5103 880 5174 ipse
914 5105 1112 5174 spretis
1142 5106 1418 5172 omnibus,
1447 5107 1614 5162 Deum
1640 5109 1746 5164 sibi

163 5195 351 5250 solum
385 5210 495 5266 pra:
523 5197 737 5252 caeteris
787 5199 1140 5268 praepositum
1184 5200 1451 5263 adoravit,
1482 5203 1597 5257 suis
1636 5202 1746 5258 for-

161 5286 323 5342 tunis
352 5287 408 5340 in
438 5302 505 5342 eo
546 5288 848 5344 collocatis.
894 5289 972 5344 llli
1006 5307 1094 5347 res
1117 5291 1186 5345 ad
1220 5293 1360 5348 hanc
1390 5295 1553 5347 vitam
1588 5296 1749 5351 utiles

161 5379 586 5447 cxcogitabant,
631 5379 686 5433 hi
716 5359 783 5434 ad
819 5380 1079 5435 futuram.
1111 5383 1290 5448 Quare
1318 5384 1371 5437 hi
1397 5383 1492 5437 Dei
1513 5385 1634 5454 ﬁlii,
1669 5387 1742 5440 uti

160 5471 275 5544 ﬁlii
307 5469 602 5524 hominum.
635 5470 1242 5529 Eusebius‘Etnissenus
1272 5475 1476 5531 Catena
1497 5478 1549 5531 in
1578 5478 1745 5533 Gem:

173 5564 269 5616 Ἐν
309 5561 390 5634 τῷ
425 5563 696 5635 Ἑϐραῖκῷ
732 5565 830 5634 οὐχ
856 5563 999 5618 οὕτω
1024 5565 1192 5633 λέγει,
1227 5567 1340 5619 ἀλλ’
1373 5567 1542 5632 οὕτως
1566 5587 1578 5600 ·
1617 5571 1748 5623 Ἤλ-

163 5674 332 5711 πισεν
394 5656 771 5716 ἐπικαλεῖσθαι
814 5658 893 5728 τῷ
942 5658 1164 5729 ὀνόματι
1205 5659 1407 5730 Κυρίου
1451 5660 1546 5714 τοῦ
1588 5663 1742 5716 Θεοῦ·

157 5747 446 5805 τουτέστιν
479 5749 607 5815 Υἱὸς
643 5749 778 5804 Θεοῦ
807 5750 1059 5822 λέγεσθαι
1097 5751 1190 5807 καὶ
1225 5751 1374 5816 Θεὸς.
1408 5756 1468 5807 Ut
1505 5753 1611 5827 γὰρ
1640 5755 1747 5811 ἀπὸ

1850 4577 1983 4632 pore
2033 4562 2211 4632 quoad
2279 4563 2514 4616 animam
2583 4571 2805 4635 propter
2868 4563 2987 4618 fidei
3047 4563 3420 4634 praestantiam

1851 4654 2178 4709 translatum
2233 4653 2285 4707 in
2319 4655 2540 4718 cmlum,
2590 4661 2644 4707 et
2686 4654 2807 4709 ideo
2841 4655 2946 4709 dici
2990 4671 3096 4709 non
3124 4662 3414 4710 mortuum.

1848 4743 2245 4812 Antiquissima
2278 4751 2460 4797 tamen
2506 4741 2764 4798 Ecclesiae
2791 4745 3032 4808 traditio,
3068 4753 3122 4799 et
3152 4744 3419 4798 Christia-

1850 4850 2045 4889 norum
2069 4835 2311 4890 omnium
2337 4835 2644 4906 persuasio,
2670 4842 2723 4889 ct
2753 4851 2986 4889 concors
3017 4835 3236 4888 Patrum
3262 4836 3420 4890 theo-

1849 4928 2095 4997 logorum
2143 4927 2449 4988 sententia,
2510 4927 2844 4980 contrarium
2893 4927 3076 4980 sentit.
3124 4925 3276 4980 lllam
3326 4942 3423 4980 ex-

1849 5034 2038 5089 presse
2092 5017 2315 5072 tradunt
2348 5019 2598 5074 Clemens
2646 5015 2922 5072 Romanus
2962 5017 3050 5071 lib.
3102 5035 3134 5072 v
3190 5017 3417 5073 Constit.

1850 5119 2019 5180 apost.
2043 5150 2058 5174 ,
2090 5125 2209 5180 cap.
2247 5110 2314 5178 6;
2368 5109 2623 5174 lrenaaus,
2655 5112 2749 5166 lib.
2781 5107 2856 5176 iv,
2896 5127 3017 5181 cap.
3047 5111 3150 5178 30;
3204 5107 3422 5165 Tertul-

1849 5201 2050 5266 lianus,
2081 5200 2174 5252 lib.
2212 5199 2286 5253 De
2337 5217 2533 5254 resurr.
2568 5219 2740 5267 carn.,
2772 5218 2893 5272 cap.
2940 5202 3044 5267 58;
3090 5203 3418 5274 Cyprianus,

1849 5296 1945 5348 lib.
1983 5293 2058 5346 De
2089 5292 2217 5347 Sion
2243 5301 2292 5346 et
2320 5291 2484 5357 Sina;
2537 5293 2871 5364 Epiphanius
2898 5293 2954 5346 in
2983 5294 3290 5358 Ancorato';
3316 5293 3425 5349 Ne-

1849 5384 2076 5447 mesius,
2111 5383 2208 5439 lib.
2240 5383 2316 5436 De
2351 5393 2456 5439 nat.
2511 5383 2733 5447 homin.,
2767 5399 2888 5454 cap.
2918 5385 2991 5451 4;
3036 5383 3420 5456 Hieronymus,

1850 5475 1944 5529 lib.
1971 5491 2032 5528 ιιι
2056 5474 2258 5528 Contra
2289 5473 2495 5544 Pelag.;
2542 5474 2902 5546 Augustinus,
2931 5475 3024 5530 lib.
3052 5491 3120 5530 xv
3161 5475 3239 5529 De
3277 5477 3420 5532 civit.

1850 5566 1968 5633 Dei,
2000 5581 2121 5636 cap.
2153 5565 2254 5627 29;
2294 5566 2742 5639 Chrysostomus,
2785 5569 2933 5623 hom.
2964 5569 3026 5624 51
3058 5569 3112 5624 in
3143 5568 3329 5625 Cenes.
3368 5578 3422 5625 et

1852 5660 1906 5713 in
1937 5676 2056 5731 cap.
2105 5676 2158 5714 ιι
2198 5661 2268 5713 ad
2313 5659 2600 5726 Hebrazos;
2639 5659 2963 5732 Ephremius
2990 5660 3422 5733 Thcopolitanus

1855 5753 2163 5826 patriarcha
2199 5755 2341 5827 apud
2373 5753 2624 5813 Photium
2654 5756 2706 5812 in
2727 5755 2974 5824 Bibliot.,
2999 5757 3120 5812 cod.
3153 5755 3277 5815 228.
3311 5753 3430 5814 Nec.
