3810 6168
415 301 521 357 985

1778 301 2024 357 LEONIS
2063 301 2336 356 ALLATII

411 444 573 500 aliter
597 443 763 498 sentit
781 440 1046 511 Iosephus
1079 438 1462 510 Antiq.,lib.1,
1482 454 1600 510 cap.
1633 439 1667 494 4
1697 457 1709 490 :
1755 439 1961 510 ’Δνεχώ-

2085 437 2176 490 τοῦ
2207 437 2300 507 ἐτη
2332 443 2435 504 κγ’,
2472 434 2594 506 Ξξβ¹
2623 433 2790 506 ζήσας
2825 434 2937 505 ἔτη,
2982 434 3117 506 ὅπερ
3141 433 3314 486 οὐδενὶ
3358 447 3656 504 συμπεφω-

415 553 548 608 ρησε
582 534 718 608 πρὸς
744 535 804 588 τὸ
831 535 1004 600 Θεῖον,
1029 535 1149 588 ὅθεν
1187 534 1306 588 οὐδὲ
1332 533 1586 604 τελευτὴν
1607 532 1770 586 αὐτοῦ
1795 533 1982 600 ἀναγε-

412 627 674 695 γράφασι.
702 625 864 681 Liber
885 626 1178 694 inscriptus
1203 624 1462 680 Μεθοδίου
1487 625 1771 694 Πατάρων.
1795 622 1888 676 καὶ
1915 625 1979 676 ἐκ

410 719 504 771 τοῦ
545 717 927 790 βιϐλιογράφου
961 719 1186 781 Λέοντος
1231 715 1326 769 τοῦ
1374 715 1682 785 φιλοσόφου,
1733 716 1807 768 ait
1839 722 1978 769 tem-

411 827 543 882 pore
573 810 898 866 Antichristi
949 809 1094 863 hunc
1137 823 1246 862 una
1295 824 1419 863 cum
1467 807 1615 871 Elia,
1662 815 1716 862 et
1767 805 1976 862 Joanne

411 903 664 973 theologo
696 900 1037 966 mittendum,
1075 903 1142 956 ad
1175 916 1301 956 eum
1329 900 1764 971 redarguendum
1787 915 1800 950 :
1827 901 1886 953 Ὀ
1916 899 1974 954 δὲ

410 997 614 1064 ἀγαθὸς
653 997 748 1050 καὶ
769 995 1142 1066 φιλάνθρωπος
1167 994 1300 1059 Θεὸς
1325 993 1481 1066 ἡμῶν
1512 993 1632 1046 οὐδὲ
1663 994 1721 1046 ἐν
1754 993 1832 1062 τῷ
1851 993 1972 1046 τότε

409 1087 584 1161 καιρῷ
602 1088 1002 1158 καταλιμπανεῖ
1027 1087 1117 1142 τὸν
1145 1087 1347 1160 κόσμον
1377 1085 1499 1160 δίχα
1515 1087 1658 1150 τινὸς
1673 1103 1741 1156 κη
1751 1083 1971 1156 ρύσσον-

405 1196 515 1242 τος.
570 1179 879 1232 Ἀποστελεί
927 1178 1124 1249 ἄνδρας
1143 1180 1311 1250 τρεῖς,
1346 1176 1440 1230 δύο
1475 1179 1538 1230 ὲκ
1591 1175 1818 1246 νεφέλης
1876 1176 1971 1230 καὶ

403 1271 562 1326 ἄλλον
591 1273 658 1324 ὲκ
687 1272 786 1342 τῆς
811 1271 914 1342 γῆς
936 1288 948 1299 ·
1003 1271 1109 1322 εἰσὶ
1135 1269 1192 1322 δὲ
1221 1263 1366 1323 οὗτοι
1401 1267 1594 1339 Ἑνὼχ,
1628 1268 1837 1331 Ἠλίας,
1876 1268 1970 1320 καὶ

417 1365 668 1436 Ἰωάννης
697 1366 726 1417 ὁ
756 1363 1024 1430 θεολόγος,
1060 1363 1307 1431 λέγοντες
1337 1378 1351 1393 ³
1383 1361 1588 1426 Πλάνος
1611 1360 1752 1413 ἐστί·
1783 1359 1970 1430 μηδεὶς

402 1457 552 1527 αὐτῷ
583 1455 868 1530 πιστεύσῃ.
913 1455 1021 1508 Καὶ
1050 1454 1263 1524 ἀναιρεῖ
1292 1455 1488 1520 αὐτοὺς
1513 1455 1570 1507 ὲν
1602 1452 1747 1522 φόνῳ
1774 1451 1970 1522 μαχαί-

405 1565 524 1619 ρας,
561 1547 657 1600 καὶ
707 1546 996 1600 πεσοῦνται
1025 1544 1093 1598 τά
1127 1546 1354 1616 σώματα
1384 1541 1562 1597 αὐτῶν
1612 1543 1703 1596 ἐπὶ
1733 1541 1834 1613 τῆς
1864 1542 1968 1613 γῆς

400 1643 549 1710 τρεῖς
591 1640 804 1712 ἡμέρας
834 1641 926 1694 καὶ
951 1639 1122 1710 ἦμισυ
1151 1657 1164 1670 ο
1208 1639 1302 1692 καὶ
1330 1637 1633 1708 εἰσέρχεται
1663 1637 1741 1699 εἰς
1771 1635 1968 1698 αὐτοὺς

401 1737 620 1806 πνεῦμα
644 1737 810 1806 ζωῆς,
841 1737 934 1790 καὶ
961 1737 1276 1807 ἀνέρχονται
1326 1737 1406 1800 εἰς
1443 1735 1535 1788 τὸν
1573 1733 1797 1804 οὐρανὸν
1827 1733 1964 1786 πάν-

399 1845 508 1880 των
537 1805 808 1900 δρώντων,
860 1827 950 1880 καὶ
983 1805 1278 1898 κράζοντες
1311 1827 1402 1882 τὸν
1453 1827 1606 1882 Θεόν.
1655 1827 1766 1880 Καὶ
1815 1826 1971 1879 κολο-
2009 1805 2047 1859 Β

399 1917 563 1970 εώσει
596 1919 625 1970 ό
657 1917 921 1987 "remo;
961 1917 1061 1980 τὰς
1090 1917 1304 1989 ἡμέρας
1331 1915 1566 1980 ὲκείνας,
1601 1915 1687 1968 ἵνα
1721 1915 1794 1987 μὴ
1823 1916 1971 1968 πᾶσα

399 2009 430 2076 ή
461 2007 672 2075 φάλαγξ
691 2007 872 2078 ἐκείνη
905 2005 1012 2060 τῶν
1043 2006 1213 2075 άγῐων
1241 2005 1486 2078 ὲκλείψῃ,
1518 2004 1613 2060 καὶ
1640 2003 1970 2075 σωθήσονται

397 2101 449 2154 οἱ
484 2099 807 2168 ἀγαπῶντες
832 2099 924 2152 τὸν
951 2098 1104 2155 Θεόν.
1146 2097 1350 2154 Eadem
1397 2099 1562 2153 habet
1608 2095 1842 2167 Prosper
1873 2096 1966 2150 lib.

397 2191 478 2246 De
512 2191 716 2262 provid.
753 2191 874 2257 Dei,
903 2206 1024 2262 cap.
1049 2189 1102 2245 6.
1132 2189 1354 2258 lneptus
1379 2189 1564 2260 itaque
1590 2196 1675 2245 est
1705 2187 1970 2259 Hierony-

397 2299 522 2341 mus
539 2283 805 2350 Oleaster,
825 2299 948 2340 cum
973 2283 1107 2340 dicit
1138 2303 1152 2337 :
1182 2283 1308 2339 licet
1329 2281 1539 2338 Hebraei
1561 2282 1766 2344 dicant,
1781 2279 1967 2334 Enocli

394 2393 520 2434 esse
557 2384 857 2443 mortuum,
897 2377 1003 2432 sibi
1051 2384 1237 2431 tamen
1273 2373 1447 2431 videri
1491 2374 1830 2446 probabilius
1857 2389 1966 2428 non

395 2484 518 2525 esse
550 2476 848 2524 mortuum.
893 2467 1135 2524 Tandem
1173 2469 1345 2523 multa
1379 2468 1694 2524 fabulantur
1723 2466 1966 2522 haeretici

393 2560 462 2617 de
490 2561 615 2616 loco
643 2577 709 2617 ex
739 2576 848 2632 quo
909 2571 1099 2632 raptus
1132 2569 1236 2617 est.
1289 2559 1560 2617 Lutberus
1591 2561 1705 2615 vult
1747 2569 1962 2628 raptum
2003 2613 2005 2616 ι

394 2651 640 2708 suaviter
669 2652 732 2737 in.
749 2653 996 2724 gramine
1025 2646 1382 2709 dormientem
1403 2653 1556 2707 nullo
1584 2651 1823 2706 conscio.
1846 2650 1964 2705 Sel-

393 2757 628 2798 necerus
683 2743 896 2806 scribit,
935 2744 1249 2813 vigilantem
1305 2758 1492 2798 coram
1543 2749 1657 2796 tota
1696 2739 1960 2806 Ecclesia,

391 2835 480 2890 vel
502 2835 789 2904 praecipuis
817 2835 1144 2904 patriarehis
1177 2851 1190 2886 :
1225 2835 1472 2905 Alioquin
1502 2833 1638 2887 unde
1665 2833 1960 2898 scivissent,

395 2926 496 2990 ait,
516 2935 726 2996 raptam
746 2943 780 2980 a
807 2925 915 2980 Deo
938 2928 964 2982 ?
997 2924 1338 2981 Probabilior
1365 2935 1449 2981 est
1475 2925 1746 2980 sententia
1772 2922 1960 2991 Delrii,

393 3016 512 3087 qui,
549 3015 863 3084 Fateamur,
909 3015 1107 3086 inquit,
1162 3033 1256 3070 nos
1307 3017 1502 3072 nescire
1551 3032 1652 3086 quo
1709 3025 1958 3084 tempore,

393 3105 534 3171 loco,
572 3106 728 3161 modo
781 3114 832 3160 et
880 3122 1059 3160 coram
1085 3105 1272 3177 quibus
1328 3115 1510 3176 raptus
1540 3106 1719 3174 fuerit.
1751 3103 1957 3159 Scimus

393 3207 608 3267 raptum
649 3199 921 3262 viventem,
967 3209 1018 3252 et
1047 3215 1082 3252 α
1106 3197 1236 3253 Deo.
1277 3197 1358 3252 An
1403 3211 1534 3253 vero
1571 3197 1712 3252 idem
1770 3195 1958 3252 Enoch

390 3289 695 3346 translatus
725 3289 798 3346 sit
836 3288 1156 3354 moriturus,
1188 3297 1242 3344 et
1271 3305 1432 3360 quem
1465 3289 1520 3344 in
1563 3289 1744 3344 locum
1776 3299 1957 3347 trans-

391 3383 538 3437 latus
585 3383 678 3445 sit,
716 3390 900 3436 utrum
953 3383 1008 3437 in
1063 3381 1377 3452 paradisum
1437 3391 1774 3444 terrestrem,
1819 3383 1962 3438 unde

389 3473 602 3542 ejectus
640 3479 725 3527 est
755 3472 952 3541 Adam,
1003 3482 1058 3528 et
1087 3488 1256 3544 quare
1310 3474 1630 3541 translatus,
1676 3481 1730 3528 et
1761 3489 1830 3528 an
1881 3475 1961 3529 sic

391 3566 691 3621 translatus
723 3565 902 3620 videat
925 3565 1223 3622 essentiam
1272 3565 1389 3631 Dei,
1415 3573 1470 3621 et
1518 3581 1586 3620 an
1620 3564 1819 3620 librum
1859 3565 1961 3618 ali-

389 3671 555 3727 quem
587 3657 870 3729 scripserit
904 3659 1093 3714 multis
1135 3666 1432 3729 pertractat
1479 3657 1736 3714 Pererius
1782 3659 1837 3711 in
1859 3655 1994 3712 σε-.

390 3767 526 3818 ues.,
555 3751 650 3805 lib.
683 3766 785 3817 vn,
807 3759 862 3807 et
885 3750 1100 3806 Delrius
1123 3751 1178 3806 in
1206 3752 1412 3806 dictum
1446 3752 1625 3807 locum
1663 3750 1848 3807 Cenes.
1874 3751 1959 3805 di-

391 3845 698 3900 sertissime
747 3843 998 3907 discutit,
1050 3853 1105 3900 et
1150 3845 1264 3898 alii.
1315 3843 1538 3898 Librum
1593 3845 1714 3913 ejus
1772 3844 1960 3898 laudat

389 3930 654 4006 Origenes
685 3935 832 3991 hom.
863 3936 932 3991 29
975 3938 1032 3990 in
1064 3935 1267 4000 Num.;
1312 3935 1700 4000 Tertullianus,
1741 3932 1847 3991 lib.
1880 3935 1958 3990 De

389 4026 726 4092 idololatria,
755 4026 828 4082 De
851 4027 1111 4096 pudicitia
1141 4036 1196 4084 et
1227 4027 1304 4082 De
1337 4029 1484 4082 cultu
1519 4028 1797 4099 virginum.
1834 4025 1956 4082 Ori-

388 4135 556 4192 genes
607 4119 937 4189 Anacephal.
967 4119 1064 4174 lib.
1110 4135 1162 4173 IV
1197 4117 1269 4173 De
1315 4121 1609 4189 principiis.
1654 4119 1956 4175 Damnatur

390 4221 452 4268 ut
505 4211 868 4282 apocryphus.
920 4209 1284 4283 Hieronymus
1329 4211 1506 4266 Catal.
1565 4215 1747 4284 script.
1794 4213 1956 4267 eccle-

389 4305 568 4369 siast.,
602 4305 684 4360 vel
717 4304 822 4358 hoc
872 4318 983 4358 uno
1007 4302 1160 4360 Judze
1197 4305 1428 4374 apostoli
1467 4306 1750 4374 epistolam
1781 4321 1812 4359 a
1844 4305 1954 4376 ple-

387 4394 576 4462 risque
606 4393 758 4462 rejici
787 4392 973 4456 tradit,
1019 4393 1146 4463 quia
1181 4394 1248 4447 de
1279 4393 1417 4447 libro
1459 4393 1666 4461 Enoch,
1698 4395 1792 4464 qui
1823 4411 1954 4465 apo-

2085 549 2264 602 νηται.
2292 529 2489 601 Διόπερ
2513 530 2574 581 οὐ
2612 527 2717 599 χρὴ
2743 526 2832 580 διὸ.
2856 527 2918 580 τὸ
2949 527 3110 595 φάναι
3144 525 3536 579 συναπολέσθαι
3565 528 3656 578 αὑ-

2081 621 2172 674 τὸν
2196 624 2305 685 τοῖς
2350 623 2406 672 ἐν
2447 619 2524 689 τῷ
2565 618 2954 690 κατακλυσμῷ,
2985 618 3071 671 διὰ
3092 617 3246 672 τοῦτο
3275 616 3412 688 ἓμθν
3438 617 3535 689 ἔτη
3567 618 3654 686 βε-

2083 711 2359 764 ϐιωκέναι.
2391 709 2550 763 Ἀλλὰ
2574 710 2694 762 οὐδὲ
2717 709 2796 780 τῷ
2830 710 3138 781 Ἀφρικανῷ
3167 709 3464 780 πειθόμεθα
3491 726 3656 780 προσ-

2078 803 2277 857 τιθέντι
2301 804 2368 856 τά
2389 803 2527 857 αὐτὰ
2552 809 2598 855 κ’
2624 803 2738 874 ἔτη,
2772 805 2863 856 καὶ
2903 801 3036 868 ἓπθν
3069 802 3274 870 λέγοντι
3303 801 3398 854 τοῦ
3438 801 3655 856 Μαθου-

2082 895 2236 957 σάλα,
2257 894 2538 962 άντὶεῇξθη
2569 895 2766 947 Λοιπὸν
2790 891 2882 948 οὖν
2915 897 3165 966 κρεῖσσον
3193 889 3333 948 εἶναι
3363 894 3516 948 δοκεῖ
3537 898 3652 958 ταῖς

2079 985 2200 1038 καθ’
2239 985 2366 1056 ὃλην
2403 986 2499 1057 τὴν
2543 987 2864 1058 οἰκουμένην
2901 985 3196 1057 ἑπομένους
3241 987 3412 1056 ἱεραῖς
3451 986 3656 1057 βίϐλοις

2078 1074 2199 1142 @36'
2220 1077 2317 1147 τῆς
2336 1077 2479 1147 ζωῆς
2503 1077 2682 1146 λέγειν
2701 1075 3050 1131 Μαθουσάλα·
3105 1079 3154 1130 εἰ
3181 1077 3238 1131 δὲ
3266 1078 3359 1130 τὸν
3389 1079 3656 1132 κατακλυ-

2078 1166 2212 1236 σμὸν
2249 1167 2624 1239 ὑπερϐέϐηκεν
2651 1169 2794 1220 ἔτεσι
2830 1173 2910 1229 ιε’,
2934 1166 3028 1220 τοῦ
3052 1166 3185 1220 Θεοῦ
3211 1169 3462 1221 κάκεῖνον
3501 1169 3652 1232 ἴσως,

2073 1255 2149 1322 ὡς
2190 1256 2282 1310 τὸν
2325 1256 2516 1328 Ἑνὼχ,
2560 1258 2963 1330 περισώσαντος
3004 1257 3338 1330 παραδόξως,
3390 1258 3517 1312 καθ’
3563 1259 3655 1322 οὓς

2073 1347 2183 1407 οἶδε
2220 1353 2470 1426 τρόπους,
2497 1356 2591 1409 καὶ
2628 1356 2846 1419 τόπους.

2145 1446 2307 1514 Ibid.,
2338 1446 2431 1500 lin.
2467 1447 2553 1502 '52.
2594 1449 2784 1512 Τούτῳ
2805 1446 2883 1514 τῷ
2909 1446 3130 1518 Λάμεχ.
3168 1446 3293 1502 Hac
3323 1447 3392 1502 ad
3423 1446 3652 1502 verbum

2073 1535 2326 1591 versibus
2365 1537 2636 1606 expressit
2669 1535 3068 1594 Constantinus
3101 1535 3381 1592 Manasses
3425 1536 3486 1589 in
3536 1537 3650 1589 An-

2073 1627 2182 1680 nal.
2216 1643 2234 1680 :

2071 1735 2182 1792 Ἦν
2225 1737 2292 1791 δέ
2335 1755 2423 1804 τις
2470 1739 2597 1794 Νῶε
2649 1739 2879 1808 δίκαιος
2914 1742 2984 1795 ἐν
3013 1757 3138 1806 τοις
3175 1757 3280 1794 του
3310 1737 3439 1809 Σὴᾷ
3479 1739 3652 1809 ἐγγύ-

2081 1881 2326 1946 Ἔνατος
2355 1879 2423 1932 ἐκ
2457 1880 2560 1934 τοῦ
2589 1879 2930 1951 σπέρματος
2956 1879 3130 1949 Ἀδὰμ
3153 1877 3260 1932 τοῦ
3293 1807 3652 1951 πρὲτέῗέἓὰ-

2078 2022 2196 2091 “ac,
2227 2018 2447 2087 μετιὼν
2483 2016 2590 2091 τῆς
2617 2019 2835 2088 ἀρετῆς
2856 2018 2984 2091 ﬁt”,
3009 1947 3578 2091 ένήομοτξραῒῑιξιξξυ,

2071 2090 2181 2144 Καὶ
2208 2091 2321 2156 τὴν
2364 2090 2582 2142 κακίαν
2611 2091 2677 2142 ἐκ
2710 2087 2915 2160 ψυχῆς
2956 2087 3335 2159 ἀποστυγιῖιν,
3375 2087 3476 2160 agat
3508 2087 3651 2156 5.7a}-

2076 2228 2224 2295 Τοὺς
2260 2228 2683 2298 φαυλουργοὺς
2725 2229 2824 2282 καὶ
2871 2226 3189 2293 δυσσεϐεῖς
3225 2156 3648 2349 Ῐξσπειὶἓέωσω-

3253 2314 3408 2349 (σοον
3494 2311 3576 2349 ιν.

2262 2295 2275 2298 ⁷
2498 2295 2507 2296 “
2545 2295 2554 2297 “
3253 2315 3292 2350 cs
3369 2298 3432 2350 νί
3494 2311 3576 2350 ιν.

2080 2368 2234 2422 Ἐπεὶ
2260 2367 2312 2422 δ’
2333 2371 2443 2423 οὐκ
2469 2370 2704 2424 ἔπειθεν
2728 2368 2949 2436 αὐτοὺς
2966 2369 3083 2422 τῶν
3107 2295 3644 2438 φαύἓῖιιξνοᾴἕσχέο

2065 2507 2334 2576 Μετέστη
2353 2507 2470 2579 μὲν
2499 2508 2617 2562 ἀπὸ
2655 2507 2762 2577 τῆς
2787 2506 2919 2579 γῆς,
2953 2507 3099 2579 ἔνθα
3126 2506 3196 2579 τὸ
3227 2435 3640 2579 :tpétlcgroggv'

2063 2575 2440 2650 Μέτοικοςῗδὲ
2462 2575 2778 2650 γενόμενος
2794 2575 3178 2650 ’ἀλλοδαποῖς
3208 2578 3280 2630 ἐν
3314 2577 3503 2650 ὅρρις,

2071 2648 2190 2714 Τὴν
2217 2645 2607 2717 ιῗνμνευμένην’
2638 2649 2886 2702 κιϐωτὸν
2909 2649 3134 2715 ὡρίσθη
3155 2645 3538 2713 τεκτονῆσαι,

2062 2717 2175 2772 Καὶ
2203 2717 2348 2778 ζῶον
2372 2719 2536 2772 ἁπαν
2561 2720 2630 2771 ἐν
2657 2717 2811 2786 αὐτῇ
2836 2719 3206 2786 χερσόῠγρσν
3229 2717 3541 2786 ἐγκλεῖσαι

2078 2788 2172 2853 Ὠς
2203 2787 2443 2856 σπέρμα
2487 2785 2936 2858 γρηματίσαιεν,
2983 2785 3082 2840 καὶ
3112 2785 3395 2928 ζώπυροῖ
3410 2787 3520 2841 τοῦ
3547 2785 3642 2855 γέ-

3399 2873 3571 2922 νους.

2062 2969 2119 3025 ln
2156 2970 2355 3041 quibus
2389 2971 2526 3026 mira
2565 2969 2832 3030 Manassis
2875 2967 3231 3034 hallucinatio
3271 2967 3637 3038 deprehendi-

2062 3070 2168 3116 tur.
2203 3061 2314 3118 Noe
2341 3064 2486 3118 enim
2529 3077 2734 3117 nonum
2781 3061 2850 3115 ab
2892 3061 3102 3115 Adamo
3144 3059 3454 3124 constituit,
3494 3057 3640 3114 Scri-

1985 3149 2027 3207 C
2061 3154 2239 3224 pturis
2267 3154 2544 3218 omnibus,
2588 3155 3090 3224 chronicorumque
3133 3151 3504 3221 scriptoribus
3549 3166 3632 3206 re-

2061 3245 2452 3300 clamantibus.
2489 3244 2670 3311 Quare
2699 3244 3070 3315 reponendum
3109 3242 3300 3313 judico
3321 3242 3551 3306 δέκατος
3577 3243 3638 3294 ὲκ

2060 3335 2152 3388 τοῦ
2179 3337 2510 3408 σπέρματος.
2540 3334 2652 3392 Nec
2695 3335 2752 3390 in
2779 3335 2876 3390 illo
2902 3335 3208 3390 audiendus
3247 3342 3353 3398 est,
3397 3349 3527 3388 cum
3557 3332 3638 3387 di-

2061 3427 2140 3481 cit
2190 3425 2303 3482 Noe
2331 3427 2386 3482 in
2429 3443 2610 3483 arcam
2647 3427 2848 3482 animal
2879 3441 3040 3482 omne
3063 3435 3340 3480 terrenum
3370 3433 3428 3480 et
3465 3439 3634 3496 aqua-

2061 3518 2172 3581 tile,
2217 3519 2567 3590 χερσόῦγρον,
2601 3517 2915 3581 inclusisse,
2949 3524 3008 3570 ut
3033 3531 3217 3572 semen
3242 3515 3369 3570 inde
3391 3517 3637 3569 animan-

2063 3611 2199 3664 tium
2234 3616 2498 3666 servaret.
2539 3608 2682 3664 Usus
2709 3609 2852 3663 enim
2888 3621 3032 3662 arca
3053 3607 3308 3670 terrenis,
3334 3621 3447 3660 non
3470 3620 3636 3674 aqua-

2059 3700 2250 3755 tilibus
2279 3709 2396 3755 erat
2440 3701 2804 3756 necessarius.
2849 3698 3123 3754 Eximium
3155 3697 3269 3752 Noe
3300 3699 3632 3766 przeconium

2058 3787 2229 3844 habes
2263 3789 2408 3859 apud
2431 3790 2906 3859 Chrysostomum,
2941 3789 3092 3843 hom.
3123 3787 3194 3841 25
3239 3787 3297 3840 in
3329 3784 3518 3840 Gates.
3553 3785 3634 3840 Si-

2058 3878 2256 3950 byllam
2286 3877 2507 3934 Oracul.
2541 3879 2664 3933 libr.
2696 3895 2738 3940 t,
2767 3877 3026 3934 Basiliam
3056 3876 3464 3933 Seleueiensem
3493 3883 3632 3933 orat.

2057 3969 2084 4023 1
2123 3977 2178 4024 et
2202 3969 2238 4022 2
2273 3968 2342 4024 de
2368 3968 2501 4033 Noe,
2537 3980 2592 4024 et
2620 3969 2779 4024 alios.

2121 4055 2283 4118 ιδιά..
2316 4057 2411 4110 litt.
2441 4057 2530 4111 ⁵55.
2563 4057 2724 4124 Ἄχρι
2750 4056 2858 4126 γὰρ
2888 4055 3143 4124 ἑϐδόμης
3167 4053 3402 4122 γενεᾶς.
3435 4053 3633 4110 Eadem

2054 4144 2218 4202 habet
2249 4145 2518 4218 Josephus
2549 4151 2586 4201 ι.
2621 4164 2636 4201 ι
2667 4149 2872 4219 Antiq.,
2902 4163 3024 4218 cap.
3061 4148 3118 4212 4;
3155 4145 3406 4201 Zonaras
3438 4147 3630 4202 Annal.

2055 4235 2155 4292 lib.
2190 4253 2229 4290 ι.
2274 4235 2386 4292 Nec
2414 4237 2669 4294 dissentit
2705 4238 3083 4294 Theodorctus
3109 4239 3162 4291 in
3205 4235 3399 4294 Cenes.
3434 4247 3631 4308 quaest.

2053 4327 2154 4393 47;
2194 4327 2500 4386 Methodius
2544 4349 2559 4386 :
2605 4331 2695 4400 Τῷ
2738 4331 2794 4383 δὲ
2848 4330 3250 4400 ἑπτακοσιοστῷ
3292 4331 3631 4400 ἐνενηκοστῷ

2055 4417 2167 4472 ἔτει
2207 4419 2308 4489 τῆς
2347 4421 2520 4492 Ἰάρεθ
2556 4421 2722 4492 ζωῆς,
2767 4423 2887 4492 ἦτοι
2923 4423 3022 4492 τῆς
3071 4421 3329 4491 δευτέρας
3375 4421 3627 4491 χιλιάδος,

387 4486 626 4556 cryphus
658 4493 764 4547 est,
805 4485 860 4539 in
893 4500 957 4539 ea
995 4487 1226 4541 assumit
1254 4487 1648 4543 testimonium.
1694 4488 1849 4543 Alius
1871 4496 1956 4544 est

2067 4511 2353 4580 προσέθετο
2383 4515 2412 4566 ό
2455 4514 2686 4585 πονηρὸς
2730 4516 2825 4568 καὶ
2857 4513 3098 4584 ὀλέθριος
3128 4512 3374 4576 διάϐολος
3417 4513 3630 4583 πολέμῳ

385 4575 474 4630 hic
503 4577 572 4630 ab
601 4576 826 4632 Enocho
853 4577 1007 4632 Caini
1033 4577 1163 4642 lilio,
1194 4577 1355 4647 cujus
1387 4592 1552 4648 supra
1584 4579 1951 4636 meminimus.

384 4711 388 4716 .
457 4666 707 4732 Cnl.752,
741 4667 836 4722 lin.
869 4668 959 4722 28.
1004 4668 1056 4720 '0
1087 4666 1155 4720 δὲ
1183 4667 1312 4732 υΙός
1327 4669 1532 4723 αὐτοῦ.
1555 4669 1787 4734 Quidam
1808 4669 1954 4723 hunc

387 4758 530 4812 sicut
555 4768 609 4812 et
641 4770 849 4828 patrem
875 4758 1058 4812 animo
1099 4768 1154 4813 ct
1179 4775 1408 4828 corpore
1435 4761 1758 4815 translatum
1784 4761 1954 4816 fuisse

381 4846 746 4912 tradiderunt,
776 4849 888 4912 alii,
908 4857 962 4902 ct
984 4848 1186 4914 verius,
1207 4849 1325 4918 ipso
1351 4865 1494 4904 anno
1516 4849 1702 4904 diluvii
1729 4851 1949 4906 obiisse.

387 4934 700 4991 Secundum
728 4937 1024 4992 editionem
1053 4936 1408 5009 Septuaginta
1439 4941 1598 4996 annis
1629 4944 1956 5010 quatuorde-

385 5028 492 5082 cim
524 5034 648 5097 post
667 5026 930 5081 diluvium
959 5028 1115 5093 vixit,
1142 5030 1285 5099 quod
1310 5038 1392 5087 est
1421 5033 1742 5097 absurdum,
1774 5043 1828 5088 ct
1854 5035 1953 5088 mi-

383 5135 529 5177 rum.
559 5118 670 5172 Ποῦ
698 5119 928 5190 διεσώθη
975 5123 1032 5173 ὲν
1060 5119 1138 5190 τῷ
1171 5122 1571 5194 καταύυσμῴῗ
1605 5125 1679 5180 De
1713 5129 1954 5182 celeber-

382 5217 524 5269 rima
555 5214 656 5267 hac
686 5213 987 5282 quaestione
1015 5215 1244 5269 consule
1274 5213 1662 5286 Hieronymum
1707 5218 1759 5271 in
1792 5219 1950 5282 Qum.

379 5308 544 5360 stion.
582 5303 884 5370 Hebraicis,
913 5307 1282 5376 Augustinum
1315 5307 1394 5361 De
1420 5309 1564 5363 civit.
1599 5308 1716 5373 Dei,
1752 5311 1844 5364 lib.
1887 5329 1955 5365 xv

378 5409 432 5454 et
460 5415 581 5454 xui.
615 5398 882 5471 Georgius
912 5397 1199 5470 Syncellus
1231 5400 1287 5454 in
1321 5399 1578 5456 Chronico
1603 5419 1621 5456 :
1655 5404 1824 5456 Τοῦτο
1853 5407 1955 5459 οὐκ

381 5486 439 5543 εὖ
468 5491 613 5559 ἔχειν
651 5491 814 5544 δοκεῖ.
848 5491 1095 5544 Ἔσονται
1135 5491 1243 5563 γάρ
1273 5493 1414 5546 κατὰ
1452 5493 1637 5548 τοῦτον
1671 5495 1760 5549 τὸν
1799 5497 1954 5566 λόγον

383 5582 437 5630 αἱ
479 5577 584 5632 ἀνά
615 5580 794 5644 πάσας
810 5582 1133 5652 Ἐκκλησίας
1154 5583 1247 5636 τοῦ
1271 5584 1422 5637 ’Θεοῦ
1473 5589 1616 5656 ἱεραὶ
1650 5589 1820 5659 βίϐλοι
1854 5591 1952 5662 τῆς

387 5667 654 5729 Γενέσεως
696 5670 1104 5740 διεφθαρμέναι,
1149 5675 1206 5727 αἳ
1239 5673 1360 5740 2350'
1406 5677 1499 5748 ἔτη
1553 5681 1820 5751 ἱστοροῦσι
1862 5683 1950 5736 τοῦ

385 5758 733 5813 Μιθουσάλα.
768 5763 955 5813 Ἔσται
985 5765 1039 5815 δὲ
1067 5767 1159 5816 καὶ
1196 5765 1361 5834 Ίάρεδ
1397 5774 1834 5847 μακροδιώτερος
1860 5779 1954 5829 αῦ-

2055 4605 2312 4675 πορνείας
2354 4605 2700 4676 προσψαῦσαι
2729 4610 2839 4670 τοῖς
2877 4607 3012 4669 υἱοῖς
3045 4605 3173 4676 Σὴθ,
3208 4608 3288 4668 εἰς
3336 4606 3440 4668 τὰς
3464 4605 3628 4674 Guyu-

2053 4695 2216 4766 τέρας
2244 4697 2402 4760 Κάῖν,
2441 4698 2535 4750 καὶ
2563 4698 2856 4762 ἐξωθείσας
2879 4698 3068 4769 ἔρριψε
3101 4697 3229 4760 τοὺς
3256 4697 3526 4766 γίγαντας
3555 4699 3628 4759 εἰς

2054 4787 2270 4859 ὄλεθρον
2299 4789 2397 4859 τῆς
2431 4791 2722 4862 ἁμαρτίας.
2763 4792 2871 4845 Καὶ
2906 4791 3149 4862 ὠργίσθη
3185 4789 3344 4860 θυμῷ
3373 4791 3576 4862 Kﬁpm;
3602 4793 3629 4842 ὀ

2053 4880 2204 4945 Θεός.
2231 4881 2340 4936 Καὶ
2365 4883 2423 4935 ὲν
2449 4881 2526 4952 τῷ
2563 4882 2705 4935 τέλει
2733 4883 2833 4952 τῆς
2863 4883 3126 4952 δευτέρας
3149 4881 3388 4952 χιλιάδος
3422 4883 3628 4950 ἐγένετο

2056 4970 2442 5041 κατακλυσμὸς
2469 4971 2577 5024 τῶν
2608 4973 2834 5037 ὑδάτων,
2867 4975 2960 5026 καὶ
2991 4973 3262 5044 ἠφανίσθη
3299 4975 3455 5029 πᾶσα
3484 4978 3518 5045 ἡ
3547 4975 3628 5044 δη-

2058 5057 2313 5128 μιουργία
2342 5075 2400 5110 τε
2455 5059 2550 5112 καὶ
2577 5059 2880 5123 διάπλασις.
2911 5059 3016 5116 Sed
3040 5077 3104 5116 ea
3133 5078 3255 5131 quae
3283 5063 3374 5118 hic
3407 5066 3626 5121 tradun-

2057 5157 2143 5201 tur
2177 5164 2206 5201 a
2248 5148 2524 5204 llletliodio
2575 5151 2714 5206 falsa
2751 5167 2894 5213 esse.
2929 5160 2984 5208 et
3017 5153 3094 5207 illi
3141 5153 3344 5216 allicta,
3409 5164 3625 5212 censent

2055 5241 2323 5302 nonnulli,
2357 5256 2546 5296 errore
2599 5243 2736 5298 satis
2771 5244 3056 5313 explorato
3109 5255 3370 5315 certoque
3399 5247 3623 5302 chrono-

2055 5330 2228 5400 logize.
2261 5329 2497 5395 Incesta,
2544 5333 2835 5398 adulteria,
2873 5327 3104 5400 scelera;
3138 5336 3470 5406 impietates,
3499 5338 3625 5393 alia.

2055 5436 2160 5490 que
2190 5421 2470 5475 hominum
2506 5422 2724 5478 illorum
2755 5421 2877 5479 fuse
2919 5426 3272 5496 prosequitur
3299 5425 3616 5482 Enoch-lib.

2063 5511 2254 5582 hnc-.91
2291 5511 2398 5564 τῶν
2429 5513 2763 5584 ἐγρηγόρων.
2797 5513 2878 5568 Ad
2914 5517 3200 5584 septimam
3231 5516 3439 5571 etenim
3469 5532 3618 5588 gene-

2056 5601 2318 5655 rationem
2374 5603 2483 5656 vita
2534 5603 2707 5656 Adam
2757 5615 3032 5672 protracta
3083 5623 3274 5662 omnes
3317 5607 3387 5662 ad
3421 5609 3613 5663 cultum

2060 5693 2173 5758 Dei,
2201 5704 2253 5748 et
2279 5695 2464 5758 verbo,
2487 5703 2539 5749 ct
2569 5712 2733 5766 Opere
2751 5699 3074 5752 instruendo
3098 5703 3494 5772 compellebat.
3518 5699 3613 5754 Par

2056 5786 2200 5839 enim
2250 5793 2332 5840 est
2386 5787 2634 5854 credere,
2682 5803 2803 5842 eum
2849 5807 2958 5845 non
3011 5799 3220 5846 tantum
3276 5793 3612 5858 proprioer
