3810 6168
190 223 309 285 985

1234 233 1303 288 ΙΝ
1340 230 1713 289 EUSTATHll
1754 229 2225 288 llEXAEMERON
2258 231 2488 287 ΝΟΉΕ.
2569 242 2581 255 ⁸

3348 227 3456 290 986

192 348 461 418 lapsuum
494 347 811 418 paenitentia
840 349 1073 415 tristem,
1114 365 1305 405 verum
1336 360 1391 403 et
1424 349 1655 404 aliorum
1688 347 1782 402 de-
1812 357 1853 408 Λ
1884 348 2028 403 dinis
2075 347 2224 404 mille
2264 347 2705 417 octingentorum
2760 346 3092 411 cubitorum,
3145 345 3458 404 latitudinis

194 441 354 495 lictis
387 441 542 511 quasi
586 440 823 496 stimulis
866 442 1194 512 quihusdam
1228 452 1407 497 actum
1447 441 1639 496 intime
1672 439 1780 497 fre-

194 531 437 595 muisse,
461 541 515 586 et
542 532 797 602 lacrymis
821 532 1119 604 supplicem
1156 533 1223 588 ad
1258 531 1428 587 Deum
1456 532 1782 602 delinquen-

197 625 358 679 tibus
388 624 608 692 optimis
638 627 862 681 monitis
894 628 1267 691 succitrrisse,
1295 628 1486 697 sicque
1524 634 1779 680 naturam

197 716 502 770 humanam
542 716 796 780 debilem,
828 725 881 773 et
913 719 1259 789 languentem
1301 733 1403 788 ope
1437 717 1528 772 D‘ei
1565 719 1779 771 instau-

196 823 380 863 rasse.
408 807 539 874 Quae
581 808 833 874 felicitas,
866 809 994 865 dum
1035 820 1087 865 et
1112 811 1243 873 vita,
1273 818 1327 864 et
1358 809 1601 880 spiritus,
1639 809 1779 863 inte-

198 915 299 969 gra
324 900 564 957 duravit.
596 902 888 972 Postquam
924 903 1181 967 decessit,
1209 903 1457 957 homines
1489 900 1777 955 amandata

196 992 536 1047 verecundia
584 994 827 1063 quotidie
874 993 940 1046 ad
982 994 1211 1063 majora,
1244 1003 1298 1048 et
1336 992 1655 1048 scelestiora
1699 990 1780 1043 fa-

197 1084 396 1138 cinora
425 1086 712 1156 prolapsos
741 1101 850 1140 non
901 1094 985 1140 est
1018 1088 1238 1141 mirum.
1280 1084 1511 1152 Quando
1548 1093 1600 1139 et
1649 1091 1777 1138 tunc

199 1174 298 1228 ﬁlii
336 1174 427 1231 Dei
464 1175 679 1230 ﬁliabus
709 1175 990 1229 hominum
1040 1192 1098 1231 se
1124 1176 1446 1245 junxerunt.
1481 1174 1777 1230 Posteritas

201 1268 417 1322 scilicet
446 1266 577 1322 Seth
629 1268 828 1339 pietate
860 1269 1090 1323 celebris
1126 1276 1180 1321 et
1222 1267 1334 1322 Deo
1364 1281 1576 1323 summe
1612 1267 1777 1320 chara

200 1360 563 1429 conjunxerat
596 1375 655 1416 se
709 1375 834 1414 cum
878 1361 1197 1429 posteritate
1220 1358 1374 1414 Caini
1411 1359 1575 1429 impia
1603 1367 1656 1413 et
1683 1372 1777 1412 ne-

198 1470 391 1524 quam.
423 1453 593 1536 Quasi
631 1453 838 1508 diceret
867 1452 1061 1510 iisdem
1090 1452 1386 1507 sceleribus
1434 1467 1497 1506 ac
1521 1439 1776 1505 facinori-

198 1545 306 1600 bus
336 1546 612 1615 complexa
641 1561 829 1601 eorum
863 1547 1049 1609 vitam,
1077 1561 1136 1600 se
1168 1544 1485 1609 immiscuit,
1517 1552 1571 1600 et
1603 1545 1655 1598 in
1682 1559 1775 1598 ea-

198 1638 326 1692 dem
378 1638 504 1692 vitia
537 1639 789 1709 prolapsa
822 1647 924 1693 est.
944 1636 1080 1693 Vide
1119 1636 1415 1693 Chronicon
1456 1635 1773 1691 Alexandri-

199 1748 351 1785 num.

275 1824 390 1879 Col.
417 1825 537 1890 752,
559 1823 656 1878 lin.
678 1824 767 1880 59.
784 1823 875 1890 Ὡς
890 1820 1004 1879 οὖν
1018 1827 1051 1877 ό
1064 1823 1206 1877 Νῶε.
1226 1821 1495 1892 Josephus
1512 1822 1768 1892 Antiquit.

196 1917 296 1971 lib.
333 1933 372 1979 t,
404 1932 522 1986 cap.
548 1917 581 1970 ὦ
614 1937 626 1971 :
677 1919 734 1970 Ὀ
768 1918 957 1987 Νῶχος
989 1917 1044 1970 δὲ
1067 1920 1177 1980 τοῖς
1210 1916 1300 1968 ὑπ’
1334 1914 1510 1968 αὐτῶν
1536 1932 1771 1985 πραττο-

198 2007 385 2077 μένοις
423 2008 803 2078 δυσχεραίνων,
834 2010 925 2063 καὶ
965 2008 1218 2079 ἁλγηρῶς
1247 2006 1404 2078 ἔχων,
1444 2006 1657 2060 ἔπειθεν
1680 2008 1773 2060 ἐπὶ

192 2101 259 2154 τὸ
289 2102 531 2170 κρεῖττον
553 2100 649 2172 τὴν
671 2102 903 2154 διάνοιαν
930 2100 1023 2152 καὶ
1051 2100 1149 2163 τὰς
1169 2100 1392 2169 πράξεις
1424 2098 1770 2169 μεταφέρειν.

206 2193 383 2265 Ὁρῶν
424 2194 467 2246 δ’
500 2195 599 2247 οὐκ
633 2193 946 2256 ἐνδιδόντας.
984 2192 1095 2245 ἀλλ’
1134 2191 1366 2262 ἰσχυρῶς
1399 2192 1502 2244 ὑπὸ
1527 2192 1624 2262 τῆς
1651 2190 1772 2262 ἡδο-

193 2286 295 2355 νῆς
325 2285 432 2339 τῶν
464 2285 649 2339 κακῶν
683 2284 1142 2357 κεκρατημένους,
1188 2284 1283 2336 καὶ
1326 2283 1508 2347 δείσας
1557 2281 1629 2353 μὴ
1676 2300 1772 2352 φο·

194 2378 458 2431 νεύσωσιν
484 2377 644 2429 αὐτὸν
670 2377 806 2447 μετὰ
836 2376 1128 2443 γυναικῶν,
1160 2376 1254 2429 καὶ
1285 2374 1507 2435 τέκνων,
1536 2374 1630 2427 καὶ
1660 2373 1770 2427 τῶν

194 2469 408 2532 τούτοις
454 2469 731 2533 συνοίκων,
781 2467 1085 2539 ἐξεχώρησε
1131 2466 1231 2536 τῆς
1275 2467 1396 2536 γῆς.
1439 2467 1494 2519 '0
1536 2466 1593 2518 δὲ
1640 2465 1771 2529 Θεὸς

192 2560 387 2615 τοῦτον
443 2561 540 2630 μὲν
587 2560 688 2631 τῆς
726 2558 1072 2629 δικαιοσύνης
1117 2558 1404 2628 ἠγάπησε·
1447 2556 1769 2622 κατεδίκαζε

192 2654 255 2706 δὲ
288 2653 387 2706 οὐκ
417 2654 590 2705 ἐκεῖνο
626 2653 783 2723 μόνον
826 2651 923 2719 τῆς
953 2650 1172 2713 κακίας,
1212 2648 1349 2702 ἀλλὰ
1380 2648 1474 2702 καὶ
1506 2649 1615 2701 πᾶν
1647 2648 1769 2700 ὅσον

190 2739 265 2814 ἦν
298 2742 630 2813 ἀνθρώπινον
658 2741 777 2794 τότε
808 2740 963 2805 δόξαν
992 2738 1140 2809 αὐτῷ
1167 2738 1470 2809 διαφθεῖραι
1499 2736 1592 2790 καὶ
1616 2736 1771 2807 ποιῆ-

198 2853 292 2889 σαι
344 2834 498 2903 γένος
545 2833 733 2904 ἓτερον
773 2831 1034 2903 πονηρίας
1073 2830 1331 2900 καθαρὸν,
1381 2829 1769 2898 ἐπιτεμόμενος

194 2929 378 2983 αὐτῶν
409 2930 501 2982 τὸν
532 2927 664 2998 βίον,
698 2928 791 2980 καὶ
819 2927 1047 2997 ποιήσας
1076 2924 1211 2978 ἐτῶν
1242 2924 1341 2995 οὐχ
1372 2924 1471 2976 ὅσα
1505 2923 1769 2994 πρότερον

195 3021 355 3085 ἔζων,
391 3021 504 3074 ἀλλ’
538 3019 730 3074 ἑκατὸν
762 3018 987 3081 εἴκοσιν,
1034 3019 1113 3080 εἰς
1151 3016 1423 3069 θάλασσαν
1469 3015 1566 3087 τὴν
1611 3015 1769 3086 ήπει-
1798 3058 1843 3118 c

197 3127 291 3183 ρον
326 3109 583 3180 μετέϐαλε
601 3150 613 3163 .
642 3110 752 3163 Καὶ
772 3111 820 3161 οἱ
855 3109 951 3179 μὲν
979 3106 1152 3170 οὕτως
1172 3104 1521 3175 ἀφανίζονται
1547 3104 1768 3168 πάντες.

194 3198 386 3269 Νῶχος
409 3198 466 3253 δὲ
492 3200 721 3263 σώζεται
752 3198 931 3268 μόνον,
962 3196 1299 3266 ὑποθεμένου
1325 3194 1572 3266 μηχανὴν
1601 3193 1768 3266 αὐτῷ,

194 3291 293 3345 καὶ
335 3290 500 3362 πόρον
539 3292 673 3363 πρὸς
708 3292 982 3363 σωτηρίαν
1014 3289 1107 3342 τοῦ
1143 3288 1279 3342 Θεοῦ
1317 3289 1592 3359 τοιαύτην.

270 3383 436 3462 lbid.,
486 3385 587 3438 lin.
635 3384 726 3438 41.
768 3386 877 3438 Καὶ
930 3382 1284 3452 προστάττει
1338 3380 1516 3446 αὐτῷ.
1564 3378 1773 3434 Μοιιίιιι

198 3478 385 3546 itaque
413 3477 681 3547 jusanue
726 3475 823 3533 Dei
876 3492 1002 3531 arca
1053 3481 1335 3532 exstructa
1386 3483 1489 3529 est.
1525 3472 1772 3543 Nugatur

195 3586 330 3641 ergo
364 3570 569 3640 pseudo
604 3570 839 3625 Berosus
876 3569 1184 3632 Annianus,
1209 3569 1301 3639 qui
1327 3569 1423 3633 ait,
1459 3567 1570 3621 Noe
1594 3574 1773 3621 astro-

199 3663 355 3733 logiae
402 3661 832 3717 scientissimum
883 3677 949 3715 ex
1001 3669 1272 3715 astrorum
1320 3659 1662 3730 inspectione
1718 3665 1772 3712 et

196 3753 578 3808 observatione
626 3752 944 3821 prmvidisse
982 3751 1267 3815 diluvium,
1306 3766 1407 3805 nec
1452 3750 1621 3804 tutior
1662 3747 1772 3802 An-

199 3843 325 3899 nius
358 3862 370 3897 :
407 3843 550 3897 Alibi
571 3843 883 3912 scripsimus
915 3853 1071 3914 atque
1116 3842 1476 3913 probavimus,
1515 3841 1625 3895 hare
1666 3840 1770 3895 duo

197 3933 359 3989 simul
400 3933 529 3987 dare
562 3934 963 3987 inundationem
995 3944 1254 3987 terrarum
1279 3951 1310 3986 a
1342 3933 1520 3986 causis
1551 3940 1771 3985 natura-

199 4028 339 4082 libus
364 4028 698 4095 processisse,
728 4044 859 4096 quas
888 4027 1110 4080 studiosi
1139 4028 1193 4079 in
1220 4034 1609 4079 monumentum
1634 4026 1771 4078 exci-

196 4119 408 4182 derunt,
440 4128 491 4172 et
512 4136 543 4171 a
568 4118 747 4172 divina
767 4118 1095 4187 providentia
1126 4117 1287 4171 simul
1313 4118 1378 4170 ab
1401 4126 1597 4170 retento
1626 4115 1770 4169 ordi-

196 4221 404 4271 natam,
431 4215 489 4261 ut
516 4226 617 4278 quo
650 4209 982 4277 potissimum
1024 4220 1250 4276 tempore
1278 4207 1509 4260 homines
1540 4205 1771 4260 demere-

197 4310 382 4354 rentur
415 4302 658 4369 perirent.
690 4300 951 4366 Quamvis
986 4300 1131 4353 enim
1169 4297 1466 4361 Avicenna,
1494 4297 1772 4351 nonnulli-

1882 448 2276 503 treccntorum,
2311 440 2617 495 altitudinis
2651 447 2870 495 centum
2910 440 3208 510 octoginta,
3255 442 3460 499 vastis-

1881 534 2074 587 simam
2125 548 2257 588 sane
2301 533 2518 597 molem,
2568 532 2613 588 si
2663 533 2731 587 ad
2775 533 2991 589 cubitos
3029 534 3319 599 solemnes,
3356 549 3457 592 seu

1880 640 2200 679 communes
2253 624 2484 681 reducas
2527 645 2542 680 :
2599 625 2704 681 hoc
2745 627 3059 690 est,'duum
3115 628 3345 681 millium
3389 631 3457 683 'et

1881 716 2348 787 septingentorum
2392 716 2591 787 pedum
2651 718 2705 772 in
2754 718 3000 789 longum,
3032 719 3457 789 quadringento—

1879 826 2001 877 rum
2046 816 2100 863 et
2152 810 2549 879 quinquaginta
2593 810 2648 865 in
2688 811 2888 873 latum;
2922 812 3150 866 altitudo
3191 812 3456 867 ducento-

1879 919 2000 957 rum
2051 904 2415 973 septuaginta.
2467 902 2621 957 Hanc
2668 903 2998 958 sententiam
3060 919 3182 958 cum
3240 903 3454 958 Isidoro
3522 948 3523 951 η

1877 995 2061 1050 Clario
2100 996 2349 1065 sequitur
2382 993 2618 1059 Delrius,
2667 996 2792 1066 quia
2840 994 3123 1065 proﬁtetur
3164 994 3449 1066 Origenes,
3496 1038 3504 1049 .

1877 1104 1999 1159 quae
2047 1091 2354 1144 traditurus
2401 1089 2469 1145 de
2506 1105 2632 1144 arca
2682 1090 2948 1158 majorum
2999 1091 3293 1147 traditione
3346 1093 3446 1146 ha-
3490 1102 3499 1115 “

1878 1182 2085 1244 buisse,
2108 1191 2160 1238 et
2187 1183 2311 1253 quia
2330 1198 2437 1236 non
2461 1182 2737 1253 displicuit
2765 1182 3054 1251 Augustin.
3078 1183 3114 1237 Ι.
3135 1199 3151 1237 t
3170 1183 3374 1247 Qutest.
3394 1183 3453 1237 in

1878 1270 2005 1326 Gen.
2043 1280 2098 1326 et
2134 1273 2284 1337 alibi,
2316 1272 2408 1342 qui
2441 1274 2805 1342 objectionem
2857 1274 3100 1343 illam‘de
3149 1290 3290 1329 arca:
3329 1290 3450 1328 ma-

1875 1365 2160 1437 gnitudine
2189 1376 2348 1421 vocat
2379 1366 2777 1436 ineptissimam
2805 1367 3159 1434 calumniam,
3194 1376 3250 1422 et
3285 1369 3448 1423 solvit

1878 1459 2237 1514 similitudine
2267 1460 2483 1513 urbium
2509 1458 2801 1528 majorum.
2836 1458 2953 1513 Non
2980 1460 3259 1530 displicuit
3281 1460 3447 1515 etiam

1876 1552 2181 1622 Cajetano;
2227 1559 2279 1606 ct
2322 1550 2501 1606 Deli-io
2533 1552 2823 1607 ridiculum
2863 1552 3099 1616 videtur,
3135 1554 3296 1608 malle
3328 1554 3449 1607 ani-

1877 1645 2080 1698 mantia
2116 1644 2171 1699 in
2218 1652 2427 1699 arctum
2484 1644 2595 1698 illic
2640 1652 2923 1715 compacta
2968 1644 3160 1709 fuisse,
3204 1653 3265 1699 ut
3295 1661 3449 1700 com-

1880 1736 2037 1790 mode
2080 1750 2139 1790 se
2177 1750 2397 1790 movere
2436 1744 2492 1789 et
2522 1736 2725 1791 cubare
2766 1735 3082 1806 nequirent,
3115 1751 3276 1806 quam
3327 1736 3450 1792 laxe

1878 1839 1932 1887 et
1967 1829 2257 1884 salubriter
2284 1828 2500 1900 degere.

1947 1922 2107 1985 lbid.,
2147 1923 2242 1977 lin.
2284 1922 2372 1977 48.
2426 1921 2879 1991 Ἐπενεχθέντος
2918 1920 2988 1975 δὲ
3030 1921 3157 1976 τοῦ.
3202 1920 3452 1976 Maximat

1876 2013 2025 2069 illius
2063 2028 2327 2083 aquarum
2361 2011 2758 2075 inundationis,
2794 2019 2849 2067 et
2881 2010 3199 2083 cataclysmi
3228 2012 3451 2067 univer-

1876 2106 2008 2160 salis
2051 2121 2119 2160 ex
2152 2105 2541 2160 vetustissimis
2585 2104 2954 2172 scriptoribus
2990 2102 3287 2157 meminere
3314 2102 3450 2156 Abi-

1877 2197 2074 2260 deutts,
2108 2195 2345 2251 Berosus
2395 2204 2449 2252 et
2478 2194 2593 2261 alii,
2629 2211 2768 2265 quos
2798 2207 3045 2251 recenset
3073 2194 3340 2251 Eusebius
3371 2195 3449 2250 De

1875 2287 2259 2356 prmparatione
2305 2286 2603 2355 evangelica
2645 2285 2741 2340 lib.
2770 2301 2847 2346 ix,
2880 2293 2935 2338 et
2974 2285 3224 2340 Chronici
3272 2286 3447 2356 prima

1877 2386 2048 2450 parte.
2081 2378 2216 2448 Ejus
2261 2378 2565 2448 elegantem
2612 2377 3036 2447 descriptionem
3092 2379 3262 2434 habes
3301 2378 3445 2448 apud

1877 2470 2183 2526 Hanassem
2219 2472 2272 2525 in
2302 2470 2621 2534 Annalibus,
2653 2479 2706 2525 et
2732 2469 2988 2524 Basilium
3016 2467 3443 2526 Seleuciensem.

1875 2562 2201 2617 Albumasar
2244 2577 2275 2616 a
2324 2561 2511 2615 mundi
2559 2560 2714 2614 initio
2762 2562 2828 2614 ad
2877 2561 3139 2616 diluvium
3194 2566 3448 2615 numerat

1878 2666 2052 2706 annos
2094 2651 2335 2720 integros
2386 2651 2495 2719 duo
2538 2649 2706 2703 millia
2756 2648 3026 2705 ducentos
3071 2650 3261 2719 viginti
3294 2656 3442 2704 octo.

1875 2744 2223 2807 Alliacensis,
2274 2744 2369 2798 lib.
2420 2743 2498 2797 De
2532 2742 2813 2795 concordia
2863 2743 3168 2813 astralogire
3200 2751 3249 2797 et
3278 2742 3443 2796 histo-

1876 2837 1992 2900 rite,
2022 2835 2092 2891 ab
2129 2835 2299 2889 Adam
2340 2835 2407 2889 ad
2438 2835 2704 2890 diluvium
2733 2850 2910 2889 annos
2940 2835 3024 2889 bis
3057 2835 3204 2890 mille
3240 2835 3447 2891 ducen-

1874 2934 1962 2984 tos
2014 2927 2376 2999 quadraginta
2424 2933 2549 2981 octo
2599 2925 2844 2991 “uixisse,
2889 2925 3053 2996 idque
3103 2927 3447 2998 astrologicis

1875 3019 2190 3074 rationibus
2224 3019 2397 3088 ipsius
2439 3018 2629 3073 mundi
2665 3019 2929 3089 genitura
2972 3018 3211 3072 themate
3240 3034 3444 3089 propo-

1876 3113 1983 3168 sito
2014 3112 2208 3165 nititur
2239 3111 2489 3181 probare.
2524 3109 2659 3163 Eum
2689 3108 2888 3164 refellit
2919 3106 3158 3163 Joannes
3191 3107 3353 3164 Picus
3385 3110 3444 3164 in

1872 3202 2075 3257 Astrol.
2108 3202 2205 3255 lib.
2236 3218 2288 3256 ν.
2334 3201 2407 3254 De
2436 3202 2521 3256 his
2567 3201 2689 3255 vide
2718 3203 2876 3271 plura
2918 3202 3059 3270 apud
3103 3201 3445 3272 chronogra-

1872 3292 2029 3364 phos.
2066 3292 2426 3362 Augustinus.
2466 3292 2559 3345 lib.
2612 3308 2748 3347 xvtn
2794 3292 2870 3347 De
2908 3294 3120 3347 civitate
3148 3292 3262 3356 Dei,
3305 3309 3355 3348 c.
3384 3293 3439 3357 8,

1871 3385 2076 3438 nullam
2134 3383 2302 3438 fuisse
2334 3399 2434 3438 nec
2493 3384 2637 3453 apud
2675 3382 2916 3447 Graecos,
2946 3396 2952 3405 '
2978 3398 3081 3437 nec
3107 3385 3248 3453 apud
3289 3382 3442 3438 Lati-

1872 3492 1974 3532 nos
2004 3476 2168 3545 hujus
2198 3475 2387 3530 diluvii
2409 3489 2586 3543 neque
2610 3474 2880 3538 notitiam,
2905 3489 3084 3542 neque
3113 3487 3442 3529 commemo-

1870 3568 2138 3622 rationem
2197 3566 2414 3622 scribit.
2475 3564 2889 3635 Varronemque
2942 3571 3138 3620 testem
3197 3564 3438 3629 adducit,

1871 3660 1965 3731 qui
1996 3659 2221 3728 scripsit
2264 3658 2318 3711 in
2351 3657 2723 3711 monumentis
2757 3656 3062 3710 litterarum
3091 3654 3294 3710 veteris
3327 3670 3440 3709 me-

1870 3748 2080 3811 moriae,
2111 3747 2247 3800 nihil
2295 3746 2494 3817 Ogygis
2523 3745 2750 3810 diluvio,
2801 3744 2947 3815 quod
2997 3744 3184 3801 multis
3223 3745 3439 3800 saeculis

1868 3847 1994 3909 post
2026 3836 2309 3892 Noeticum
2345 3836 2564 3899 accidit,
2592 3837 2815 3907 reperiri
2844 3838 3136 3891 vetustius.
3166 3834 3225 3890 ld
3257 3845 3439 3890 tamen

1870 3930 2055 4000 negari
2088 3930 2205 3984 sine
2229 3928 2563 3982 contumacia
2588 3927 2860 3992 Pererius,
2889 3928 2983 3983 lib.
3009 3944 3085 3982 ιιι
3132 3928 3188 3981 in
3227 3925 3439 3991 (ἕρπει,

1871 4024 1947 4078 ait
1975 4039 2083 4078 non
2114 4037 2275 4093 posse
2304 4037 2371 4076 ex
2397 4019 2617 4091 Josephi
2653 4021 2966 4077 testimonio
3005 4020 3101 4076 lib.
3131 4035 3147 4074 ι
3174 4019 3439 4091 Antiquit.

1869 4132 1992 4188 cap.
2025 4116 2060 4171 4
2092 4135 2104 4171 :
2132 4116 2309 4186 Hujus
2359 4123 2536 4168 autem
2597 4114 2783 4166 diluvii
2826 4123 2875 4168 et
2918 4130 3058 4169 arca:
3099 4114 3443 4168 meminerunt

1870 4225 2047 4263 omnes
2079 4208 2367 4262 barbariae
2393 4206 2626 4260 historia:
2657 4206 2959 4275 scriptores,
2992 4215 3043 4259 et
3073 4207 3127 4259 in
3161 4206 3242 4259 his
3274 4205 3439 4259 Bero-

1871 4319 1961 4356 sus
1996 4300 2299 4365 Chaldaeus,
2326 4316 2553 4353 narrans
2579 4298 2718 4352 enim
2744 4296 2808 4351 de
2833 4298 2929 4351 hoc
2955 4297 3149 4351 diluvio
3179 4297 3255 4350 sic
3276 4297 3442 4365 ferme

196 4409 306 4455 que
344 4393 435 4446 alii
475 4392 779 4447 astronomi
832 4390 1152 4454 defendant,
1205 4390 1440 4444 ellicacia
1481 4404 1770 4444 causarum
1801 4394 1849 4453 ῐ)
1876 4393 2094 4448 scribit:
2115 4411 2133 4443 ‹
2160 4390 2353 4445 Fertur
2372 4401 2567 4454 autem,
2591 4400 2640 4444 et
2664 4390 2860 4459 navigii
2874 4388 3027 4457 hujus
3044 4405 3168 4458 pars
3185 4389 3237 4441 in
3255 4389 3438 4442 Arme—

197 4485 548 4547 naturalium,
582 4498 881 4552 earumque
913 4483 964 4537 vi
1011 4482 1125 4537 ﬁeri
1167 4496 1326 4552 posse
1367 4490 1575 4534 tantam
1600 4495 1769 4550 aqua-

193 4594 318 4632 rum
349 4576 786 4641 ell‘usionem;et
835 4574 1039 4629 Seneca
1082 4576 1175 4627 lib.
1242 4591 1298 4627 III
1350 4574 1545 4628 Natur.
1578 4583 1764 4645 quwst.

194 4671 293 4727 ait,
333 4669 572 4723 futurum
607 4668 905 4737 aliquando
940 4668 1045 4721 tale
1076 4667 1361 4732 diluvium,
1391 4675 1447 4720 et
1475 4683 1584 4720 non
1609 4683 1768 4722 secus

193 4778 357 4831 quam
384 4762 636 4823 hiemem,
662 4776 825 4830 quam
852 4768 1115 4819 asstatem.
1145 4761 1258 4828 lege
1278 4759 1465 4812 mundi
1492 4774 1555 4812 ac
1577 4766 1769 4828 sponte

194 4861 510 4905 venturum.
562 4850 750 4905 Verior
790 4861 968 4906 tamen
1015 4851 1456 4921 probabiliorque
1498 4850 1767 4904 sententia

192 4943 471 4997 cnntraria
500 4949 603 4997 est.
638 4942 769 4996 Eam
799 4944 1086 4999 constituit
1123 4943 1445 4997 Aristoteles
1485 4941 1578 4995 lib.
1612 4958 1627 4994 t
1662 4939 1767 4995 Me-

196 5042 354 5094 teon,
386 5047 506 5101 cap.
542 5032 629 5097 14,
671 5042 721 5088 et
748 5033 864 5087 alii.
910 5032 1579 5104 Consule,Damascenum
1623 5032 1718 5086 lib.
1750 5046 1766 5085 ι

194 5123 353 5178 Fidei
385 5126 617 5188 orthod.,
654 5141 776 5194 cap.
808 5126 843 5181 5

273 5213 428 5277 lbid.,
458 5216 552 5269 litt.
585 5215 673 5269 42.
700 5213 1163 5269 Κατίισκευὰσαι
1188 5214 1450 5267 κιϐωτόν.
1483 5213 1638 5268 Philo
1664 5212 1768 5269 sul)

196 5309 360 5362 linem
396 5308 489 5362 lib.
540 5324 581 5361 ll
632 5308 763 5363 Viue
796 5308 1034 5380 Moysis;
1068 5308 1339 5377 Josephus
1371 5310 1551 5380 Antiq.
1584 5310 1678 5365 lib.
1726 5325 1765 5374 t,

196 5413 249 5451 c.
283 5397 338 5451 4.
380 5394 438 5450 ln
478 5397 598 5466 ejus
628 5399 876 5466 partibus
904 5399 1256 5469 assignandis
1299 5401 1769 5456 constituendisve
1811 5458 1816 5464 _

196 5487 415 5541 variant
436 5487 714 5543 doctores.
745 5487 996 5560 Origenis
1031 5492 1085 5544 in
1118 5490 1267 5545 hom.
1300 5490 1354 5553 2,
1375 5491 1560 5560 opinio
1583 5492 1768 5561 exagi-

198 5586 348 5633 tatur
391 5580 552 5635 hodie
587 5581 874 5637 sentientis
920 5583 1089 5638 fuisse
1120 5584 1335 5638 cubitos
1380 5586 1765 5653 geometricos,

196 5687 434 5745 quorum
461 5675 660 5744 singuli
688 5691 1008 5732 communes
1042 5693 1134 5733 sex
1167 5677 1483 5742 continent;
1525 5677 1764 5746 longitu—

1869 4487 1960 4539 nia
1991 4483 2128 4552 apud
2155 4492 2379 4537 montem
2414 4480 2774 4536 Corditeorum
2798 4494 3081 4548 superesse,
3107 4488 3154 4532 et
3182 4478 3436 4548 quosdam

1870 4581 2097 4634 bitumen
2145 4578 2264 4632 inde
2308 4579 2556 4630 abrasum
2614 4591 2791 4629 secum
2842 4582 3131 4641 reportare,
3184 4588 3286 4642 quo
3333 4573 3441 4627 vice

1871 4673 2090 4727 amuleti
2118 4671 2349 4739 lociejus
2375 4669 2606 4721 homines
2634 4666 2917 4720 utisolent.
2945 4686 2963 4718 ι
2982 4664 3225 4719 Meminit
3253 4665 3438 4719 horum

1866 4775 1917 4820 et
1947 4764 2301 4833 Hieronymus
2326 4760 2628 4830 ZEgyptius,
2658 4758 2747 4827 qui
2770 4758 3111 4826 antiquitates
3135 4756 3439 4812 Phoenicum

1867 4858 2098 4925 scripsit,
2138 4864 2185 4910 et
2218 4853 2489 4913 Mnaseas,
2518 4858 2565 4904 et
2614 4849 2710 4903 alii
2748 4848 2943 4917 plures.
2992 4848 3133 4913 Quin
3176 4857 3224 4902 et
3266 4846 3439 4901 Nico-

1870 4950 1985 5004 laus
2024 4948 2404 5009 Damascenus,
2434 4943 2529 4997 lib.
2578 4958 2723 5003 xcvr,
2757 4940 2820 4994 de
2849 4940 2928 4993 his
2971 4941 3121 4994 rebus
3168 4948 3353 4993 narrat
3382 4940 3437 4993 in

1863 5043 1973 5095 hrec
2009 5040 2163 5094 verba
2196 5056 2213 5092 :
2243 5059 2260 5089 ι
2295 5037 2388 5090 Est
2413 5052 2571 5105 super
2597 5037 2856 5103 regionem
2890 5030 3193 5101 Minyarum
3212 5046 3434 5100 magnus

1868 5149 2017 5186 mons
2052 5133 2106 5184 in
2129 5130 2399 5191 Armenia,
2431 5127 2637 5181 nomine
2666 5125 2845 5190 Baris,
2880 5124 2937 5177 in
2963 5140 3066 5194 quo
3089 5123 3283 5177 multos
3312 5137 3437 5191 pro-

1871 5225 2021 5294 fugos
2066 5222 2251 5275 diluvii
2293 5231 2520 5288 tempore
2557 5225 2788 5273 servatos
2835 5215 3029 5284 ferunt.
3062 5214 3131 5268 Et
3159 5215 3435 5286 quemdam

1871 5333 1998 5370 arca
2025 5325 2223 5369 vectum
2266 5314 2320 5366 in
2349 5312 2503 5381 hujus
2524 5312 2714 5365 vertice
2749 5308 2985 5373 hwsisse,
3009 5318 3056 5362 et
3087 5308 3338 5378 reliquias
3369 5307 3435 5361 li-

1867 5420 2088 5475 gnorum
2134 5402 2245 5472 ejus
2288 5403 2441 5471 longo
2482 5410 2708 5468 tempore
2749 5396 3039 5461 duravisse,
3097 5398 3187 5466 qui
3238 5397 3437 5466 fortas-

1866 5497 1938 5550 sis
1983 5496 2026 5549 is
2063 5494 2185 5561 fuit,
2226 5491 2289 5546 de
2327 5507 2426 5561 quo
2464 5490 2623 5543 etiam
2654 5487 2863 5557 Moyses
2907 5485 3087 5542 scribit
3122 5486 3434 5543 Judteorttm

1868 5587 2156 5657 lcgislator.
2195 5603 2212 5634 ι
2261 5584 2325 5636 Et
2366 5581 2586 5636 Eusebii
2628 5581 2745 5647 ,lib.
2808 5596 2861 5633 Ix
2907 5580 2981 5634 De
3043 5583 3434 5649 pra'paratione

1867 5677 2195 5746 evangelica,
2248 5676 2339 5745 qui
2398 5674 2579 5730 verbis
2637 5672 2857 5744 Joscplti
2914 5689 2977 5729 ex
3032 5673 3291 5744 Abydeno
3345 5673 3432 5726 bi-
