3810 6168
406 236 516 304 9ῖῖ

1782 244 2028 302 LEONIS
2065 243 2342 301 ALLATli

404 367 614 422 storico
647 365 831 423 subdit
879 367 1140 422 nonnulla
1188 375 1243 423 et
1269 367 1453 440 Cyrilli
1487 367 1861 432 Alexandrini,
1891 367 1987 439 qui
2018 375 2063 430 Α
2091 380 2154 420 ca
2178 366 2260 421 vel
2288 364 2505 420 Latina.
2545 364 2641 421 Sin
2693 365 2859 420 etiam
2896 363 3182 429 scientias,
3199 370 3257 420 et
3287 371 3440 420 artes
3477 376 3667 422 omnes

407 456 478 511 ad
506 456 610 510 hoc
649 455 993 526 probandum
1048 457 1216 513 refert
1277 459 1649 514 testimonium
1692 461 1991 516 Alexandri

407 547 789 620 Polyhistoris.
832 549 942 605 Nec
984 548 1140 604 Plato
1174 549 1227 603 id
1256 549 1534 621 ignorasse
1590 551 1804 606 videtur
1826 568 1893 607 ex
1923 553 1991 606 iis

409 654 532 708 quae
563 641 725 696 habet
753 642 807 695 in
835 641 1054 706 Timaeo,
1083 648 1208 695 ante
1235 640 1588 710 particularia
1613 641 1820 696 diluvia
1846 643 1989 712 apud

408 731 630 789 Graecos
709 733 1043 801 celebratam
1112 731 1284 786 fuisse
1332 732 1637 801 antiquitus
1691 734 1985 786 maximam

409 822 701 894 quamdam
725 836 989 895 aquarum
1013 824 1425 878 inundationem
1444 834 1708 895 terraeque
1729 826 1991 880 vastatio-

412 931 560 971 nem.
591 917 672 970 Ad
702 917 806 971 hoc
854 917 980 970 item
1015 917 1253 986 pertinet
1293 915 1439 986 quod
1469 916 1801 986 Pomponius
1829 917 1987 984 Mela,

410 1005 504 1061 lib.
538 1021 578 1070 t,
607 1021 659 1061 c.
683 1008 782 1073 2i;
810 1015 864 1062 et
903 1007 1111 1064 Plinius
1145 1009 1180 1062 Ι.
1218 1025 1270 1072 v,
1302 1024 1355 1063 c.
1389 1010 1475 1074 l3,
1509 1017 1563 1064 et
1597 1009 1839 1073 Solinus,
1865 1027 1986 1082 cap.

409 1097 514 1161 37,
568 1097 791 1168 Joppem
852 1099 1040 1154 urbem
1096 1098 1297 1155 ludam
1351 1101 1676 1154 maritimam
1709 1102 1991 1171 praedicari

408 1187 653 1240 omnium
739 1196 898 1243 terra:
971 1190 1187 1244 urbium
1239 1191 1668 1246 vetustissimam
1733 1193 1990 1261 credique

411 1276 584 1332 fuisse
636 1285 764 1333 ante
816 1279 1106 1335 diluvium.
1162 1279 1294 1347 Quae
1359 1288 1620 1350 praeterea
1673 1281 1742 1337 de
1785 1283 1990 1337 diluvio

408 1368 756 1424 Deucalionis
792 1369 1140 1434 Plutarchus,
1171 1373 1265 1427 lib.
1293 1372 1370 1426 De
1394 1373 1612 1428 solertia
1644 1375 1809 1429 anim.
1835 1384 1988 1430 retu-

407 1462 474 1516 lit
521 1463 589 1517 de
639 1462 912 1524 columba,
940 1463 1008 1517 ad
1047 1461 1329 1519 Noeticum
1381 1465 1646 1520 diluvium
1689 1467 1986 1536 pertinent.

411 1552 531 1607 lluc
562 1554 690 1608 item
721 1561 990 1622 spectant,
1032 1571 1153 1624 quae
1175 1555 1241 1610 de
1276 1557 1481 1611 diluvio
1519 1557 1556 1610 l.
1587 1574 1601 1612 l
1635 1555 1984 1624 Hetamorph.

411 1644 640 1700 Ovidius
696 1645 906 1700 scribit.
937 1644 1138 1701 Verum
1190 1646 1465 1712 Pererius,
1501 1650 1592 1719 qui
1637 1660 1759 1720 post
1799 1652 1986 1720 Augu—

407 1736 539 1791 stini
582 1736 648 1790 de
685 1738 879 1790 notitia
911 1737 1103 1792 diluvii
1147 1739 1472 1794 sententiam
1507 1740 1811 1809 expositam
1836 1740 1987 1794 afﬁr-
2021 1720 2062 1774 Β

406 1829 576 1880 mavit
611 1827 663 1880 id
704 1842 810 1880 non
836 1844 998 1898 posse
1020 1829 1206 1900 negari
1237 1831 1356 1884 sine
1377 1832 1744 1894 contumacia,
1777 1847 1900 1884 cum
1931 1830 1985 1885 id

407 1923 589 1970 tamen
621 1926 877 1987 negasset
903 1919 1260 1990 Augustinus,
1293 1935 1359 1975 ne
1387 1921 1663 1976 videretur
1690 1931 1840 1976 tanto
1867 1924 1986 1977 viro

404 2014 591 2063 notam
649 2010 1012 2064 contumaciae
1064 2011 1148 2065 vel
1195 2011 1539 2081 ignorantiae,
1567 2021 1662 2067 aut
1692 2013 1986 2071 oblivionis

407 2097 650 2153 historiae
698 2099 938 2165 inurere,
967 2101 1118 2156 illum
1171 2117 1442 2159 excusans
1480 2105 1574 2172 ait,
1619 2107 1984 2176 Augustinum

405 2205 518 2244 non
571 2192 797 2259 praecise
839 2191 1046 2251 dixisse
1082 2195 1250 2249 nullis
1279 2195 1559 2251 historicis
1592 2205 1782 2252 notum
1813 2197 1986 2254 fuisse

404 2279 667 2334 diluvium
699 2280 833 2350 Noe,
871 2284 965 2338 sed
989 2293 1200 2339 tantum
1239 2285 1411 2342 fuisse
1436 2288 1746 2359 ignoratum
1775 2305 1805 2344 a
1837 2289 1988 2346 Cra:-

401 2369 488 2427 eis
517 2378 574 2428 et
612 2370 876 2430 Romanis
931 2376 1234 2443 historicis,
1261 2379 1397 2433 nihil
1426 2379 1494 2435 de
1537 2380 1788 2438 barbaris
1815 2382 1986 2437 histo-

404 2463 504 2518 riis
545 2463 814 2530 locutum;
859 2473 913 2519 et
950 2465 1002 2520 id
1059 2483 1248 2522 verum
1297 2484 1440 2533 esse,
1489 2485 1614 2525 eum
1672 2472 1795 2528 illos
1840 2489 1982 2543 quos

405 2552 521 2622 Ipse
551 2551 802 2609 Pererius
829 2556 1016 2610 citavit
1044 2558 1309 2615 barbaros
1352 2559 1523 2615 fuisse
1555 2571 1610 2616 et
1642 2578 1826 2617 rerum
1857 2565 1985 2619 bar-

405 2644 717 2700 baricarum
744 2647 1042 2717 scriptores
1093 2658 1300 2704 certum
1349 2651 1439 2706 sit.
1492 2651 1617 2707 llaec
1678 2666 1857 2710 tamen
1889 2671 1986 2711 ex-

404 2736 624 2804 plicatio
655 2739 739 2807 pia
773 2747 878 2804 est,
939 2741 1064 2810 quis
1099 2742 1152 2796 id
1182 2743 1585 2813 negabit?dum
1615 2744 1981 2817 Augustinum

408 2826 480 2880 ah
517 2827 823 2898 ignorantia
855 2830 1116 2897 defendit,
1140 2842 1194 2888 et
1222 2837 1564 2890 contumacia
1595 2853 1802 2908 suaque
1829 2839 1984 2894 laude

404 2932 517 2973 non
566 2931 736 2976 caret.
784 2921 920 2976 Mihi
967 2931 1149 2978 tamen
1186 2925 1254 2980 ab
1295 2927 1444 2980 omni
1485 2927 1820 2985 humanitate
1852 2931 1984 2986 alie-

410 3026 540 3063 num
573 3014 708 3067 esse
752 3013 967 3068 videtur
1017 3015 1162 3071 serio
1220 3031 1512 3085 accusare,
1570 3036 1728 3090 quem
1769 3021 1979 3093 frigidis

405 3101 666 3173 falsisque
722 3105 1028 3162 rationibus
1084 3107 1283 3180 [postea
1327 3126 1438 3165 non
1477 3113 1616 3168 valet
1662 3113 1971 3174 defendere.

404 3191 475 3246 Ut
498 3195 643 3249 enim
672 3211 858 3252 verum
904 3197 1096 3264 fatear,
1124 3202 1245 3272 quis
1277 3219 1513 3273 unquam
1563 3206 1701 3261 dixit
1766 3216 1820 3264 et
1852 3210 1976 3266 Ale-

403 3286 672 3341 xandrum
721 3287 1142 3361 Polyhistorem,
1191 3304 1245 3350 et
1291 3293 1666 3368 Plutarchum,
1697 3311 1752 3356 et
1794 3301 1977 3359 Plato-

403 3393 548 3438 nem,
571 3387 625 3433 et
649 3379 920 3445 Ovidium,
941 3390 994 3438 et
1016 3383 1275 3448 Plinium,
1299 3395 1354 3441 et
1385 3386 1654 3455 Solinum,
1688 3400 1742 3446 et
1782 3393 1973 3449 Melan:

403 3468 668 3526 barbaros
692 3470 881 3538 fuisse,
911 3489 1115 3547 eosque
1149 3477 1321 3534 fuisse
1348 3495 1527 3536 rerum
1560 3483 1974 3542 harbariearum

401 3561 742 3630 scriptores?
770 3580 1050 3637 nunquam
1086 3571 1308 3625 memini
1344 3587 1430 3628 me
1450 3575 1679 3644 legisse;
1717 3593 1818 3632 nec
1849 3589 1978 3648 puto

409 3654 463 3708 id
499 3657 662 3712 etiam
695 3659 896 3716 litteris
927 3662 1197 3731 proditum
1221 3663 1392 3722 fuisse
1415 3665 1653 3736 Graecos,
1674 3669 1980 3728 Romanos-

401 3761 512 3814 que
570 3747 836 3806 barbaros
876 3751 1066 3820 fuisse.
1091 3753 1194 3820 Qui
1239 3756 1286 3811 si
1335 3755 1574 3826 barbari,
1608 3761 1731 3831 quis
1775 3761 1829 3816 in
1865 3770 1979 3818 toto

403 3850 678 3896 terrarum
711 3844 844 3900 orbe
869 3845 937 3899 ab
973 3845 1078 3902 hac
1121 3863 1179 3902 se
1207 3856 1335 3903 nota
1371 3850 1664 3908 immunem
1690 3853 1980 3910 defendet?

408 3930 479 3986 Ut
510 3947 642 4003 ergo
691 3933 827 3990 falso
892 3947 1182 3994 accusatus
1245 3939 1583 4010 Augustinus
1633 3945 1976 4015 defendatur,

401 4023 621 4080 barbari
664 4041 888 4092 omnes,
934 4041 989 4086 et
1026 4029 1278 4096 Romani,
1305 4043 1358 4088 et
1381 4032 1552 4091 Graeci
1581 4037 1807 4096 erimus.
1839 4043 1981 4096 Con-

399 4125 486 4171 tra
539 4116 630 4186 jus
691 4119 883 4189 fasque
951 4122 1290 4192 Augustinus
1354 4132 1612 4195 tanquam
1685 4142 1981 4190 contumax

401 4217 723 4277 accusatur,
747 4219 800 4266 et
829 4218 1018 4267 contra
1044 4213 1135 4282 jus
1156 4214 1343 4286 fasque
1364 4224 1416 4272 et
1447 4217 1708 4287 Romani,
1727 4232 1781 4278 et
1807 4224 1979 4281 Graeci

397 4300 616 4356 barbari
650 4301 983 4372 judicantur.
1028 4303 1298 4372 Profecto,
1335 4309 1477 4365 dicet
1512 4314 1637 4381 quis
1667 4316 1769 4380 vel,
1796 4333 1897 4374 nos
1925 4320 1982 4374 in

3491 448 3659 456 ...ι-

2091 465 2145 512 et
2173 456 2413 524 Graecas,
2442 467 2496 513 et
2533 455 2757 513 Latinas
2801 471 3027 512 necesse
3071 458 3177 513 erit
3212 455 3664 520 afﬁrmare,’euln

2091 549 2162 603 de
2205 548 2315 604 illis
2365 557 2530 618 agant
2576 547 2762 603 Graece
2797 556 2852 603 et
2883 546 3076 603 Latine
3116 556 3369 603 auctores
3411 545 3592 601 Graeci
3617 554 3666 602 et

2090 639 2308 707 Latini;
2337 656 2514 712 neque
2551 641 2680 696 talis
2713 639 2910 694 modus
2937 639 3264 695 elocutionis
3298 639 3468 693 talem
3499 637 3662 692 efficit

2091 731 2382 786 scientiam
2430 731 2514 786 vel
2552 739 2745 787 artem.
2778 730 3014 798 Quando
3054 739 3108 785 et
3138 728 3386 800 Dionysii
3418 728 3663 784 Halicar-

2090 823 2296 886 nassei,
2331 830 2386 878 et
2416 821 2604 880 Dionis
2648 823 2847 884 Cassii,
2881 830 2938 877 et
2969 822 3198 876 aliorum
3234 822 3530 876 historiam
3561 819 3667 875 Bo-

2091 931 2308 970 manam
2327 915 2569 970 Graecam
2591 931 2715 970 esse
2737 915 3460 984 contendemus,postquam
3486 915 3666 984 lingua

2091 1004 2278 1060 Graeca
2299 1007 2579 1060 enuntiata
2609 1013 2714 1062 est.
2744 1004 2853 1061 Res
2877 1021 3030 1075 ergo,
3057 1020 3167 1059 non
3198 1005 3467 1068 elocutio,
3500 1019 3669 1074 neque

2091 1105 2283 1152 auctor
2335 1099 2452 1168 ipse
2500 1097 2629 1151 facit
2662 1098 2953 1152 historiam
2985 1097 3148 1165 hujus
3173 1097 3357 1168 potius
3403 1094 3668 1160 nationis,

2090 1205 2252 1260 quam
2279 1191 2528 1244 alterius.
2555 1189 2722 1243 Multa
2751 1188 2818 1244 de
2848 1187 2980 1252 Deo,
3019 1190 3088 1244 de
3125 1187 3313 1243 mundi
3367 1187 3670 1250 creatione,

2090 1281 2158 1336 de
2194 1282 2529 1351 providentia
2578 1282 2784 1344 divina,
2816 1281 2883 1336 de
2915 1279 3223 1337 Christiana
3271 1280 3572 1350 religione,
3612 1279 3673 1333 de

2091 1374 2361 1427 sexcentis
2380 1373 2502 1428 aliis
2533 1373 2844 1444 philosophi
2875 1372 3171 1437 Platonici,
3194 1383 3250 1428 et
3271 1373 3534 1428 historici
3561 1386 3674 1441 pro-

2091 1463 2201 1518 fani
2250 1465 2309 1518 in
2349 1466 2465 1520 suis
2507 1465 2917 1520 commentariis
2947 1464 3254 1535 prodidere,
3280 1463 3430 1533 quod
3457 1465 3537 1516 ita
3564 1477 3674 1518 ma-

2090 1555 2349 1608 nifestum
2373 1563 2459 1610 est
2490 1556 2570 1610 uti
2597 1556 2926 1624 probatione
2955 1571 3062 1610 non
3080 1562 3233 1624 egeat
3270 1573 3282 1608 :
3317 1554 3447 1607 ideo
3472 1567 3545 1606 ne
3567 1551 3672 1615 illa,

2090 1656 2144 1701 et
2191 1646 2433 1701 Graecari]
2492 1647 2920 1718 philosophiam,
2985 1653 3040 1702 et
3088 1644 3331 1700 Graecam
3379 1645 3672 1699 historiam

2095 1737 2325 1805 illosque
2353 1734 2552 1791 Graeca:
2575 1737 2950 1807 philosOphize,
2983 1735 3070 1790 vel
3103 1736 3346 1789 historia:
3371 1734 3674 1804 scriptores

2094 1828 2266 1884 fuisse
2317 1827 2734 1891 affirmabimus,
2767 1828 2916 1884 aliud
2957 1828 3182 1883 omnino
3214 1835 3298 1884 est
3335 1827 3526 1882 alieno
3559 1842 3673 1893 ore,

2093 1921 2238 1975 aliud
2289 1920 2510 1990 proprio
2561 1921 2730 1991 loqui.
2757 1921 2971 1992 Optime
3002 1921 3185 1990 itaque
3212 1920 3567 1991 Augustinus
3597 1920 3673 1974 di-

2092 2011 2299 2066 luvium
2335 2025 2434 2065 nec
2465 2010 2674 2076 Graeca,
2708 2026 2810 2066 nec
2837 2012 3028 2064 Latina
3055 2009 3283 2064 historia
3331 2018 3672 2078 compertum

2097 2101 2268 2157 fuisse
2317 2099 2630 2162 affirmavit,
2661 2101 2789 2171 quia
2821 2101 2924 2156 etsi
2964 2101 3032 2156 de
3069 2101 3164 2156 illo
3207 2099 3541 2164 meminere,
3571 2114 3672 2155 non

2091 2208 2159 2249 ex
2190 2191 2500 2247 Graecorum
2559 2189 2992 2261 Latinorumque
3049 2190 3330 2246 historicis
3370 2189 3670 2252 thesauris,

2093 2284 2188 2340 sed
2217 2291 2568 2340 externorum
2601 2283 2756 2339 libris
2782 2283 2837 2337 id
2867 2283 3140 2349 hausere;
3164 2297 3310 2346 cum,
3335 2289 3399 2335 ut
3425 2282 3574 2336 idem
3601 2282 3671 2334 ait

2091 2377 2428 2448 Augustinus
2455 2391 2518 2430 ex
2543 2373 2808 2441 Varrone,
2834 2373 3026 2428 Latina
3056 2373 3283 2429 historia
3315 2374 3456 2428 nihil
3483 2373 3669 2428 habuit

2092 2469 2369 2538 antiquius
2397 2468 2598 2539 Ogygis
2648 2468 2872 2522 diluvio.
2903 2465 3198 2522 Possemus
3231 2466 3360 2520 item
3391 2465 3666 2524 dubitare,

2091 2575 2159 2614 an
2189 2561 2380 2615 Latina
2413 2560 2641 2616 historia
2679 2569 2734 2615 et
2755 2559 2997 2614 Romana
3021 2558 3161 2613 idem
3194 2558 3285 2613 sit.
3322 2557 3664 2628 Augustinus

2090 2653 2235 2708 enim
2275 2652 2373 2716 ait,
2407 2652 2558 2718 Quod
2587 2652 2817 2722 gentium
2847 2667 3008 2720 neque
3037 2650 3242 2714 Graeca,
3275 2666 3442 2719 neque
3474 2648 3664 2702 Latina

2091 2743 2232 2796 novit
2261 2741 2507 2796 historia.
2540 2741 2607 2794 At
2634 2741 2884 2796 Pererius
2912 2741 3040 2795 dum
3068 2742 3261 2812 repetit
3291 2740 3445 2794 illius
3477 2739 3660 2805 verba,

2089 2833 2173 2886 vel
2205 2817 2380 2886 saltim
2410 2833 2756 2894 sententiam,
2807 2830 2908 2886 Sed
2937 2840 3140 2885 tantum
3165 2830 3300 2883 dixit
3333 2831 3503 2899 fuisse
3521 2832 3661 2900 igno-

2091 2931 2267 2976 ratum
2305 2923 2359 2975 in
2389 2919 2608 2986 ercis,
2638 2931 2687 2976 et
2730 2921 2983 2976 Romanis
3009 2922 3269 2985 historiis,
3302 2921 3439 2974 nihil
3461 2921 3526 2974 de
3546 2921 3663 2973 bar-

2093 3013 2284 3068 baricis
2330 3014 2568 3069 historiis
2621 3017 2847 3070 locutus.
2912 3013 2991 3068 En
3044 3013 3320 3084 quomodo
3370 3029 3437 3068 ex
3475 3012 3662 3066 Latina

2091 3104 2340 3169 historia,
2376 3103 2624 3160 Romana
2682 3105 2826 3160 facta
2849 3111 2954 3161 est.
2989 3103 3096 3160 Sed
3125 3112 3325 3159 caetera
3360 3119 3660 3175 prosequa-

2084 3213 2207 3252 mur
2243 3212 2272 3250 a
2309 3205 2498 3252 nostro
2540 3196 2792 3252 instituto
2822 3195 3046 3251 minime
3081 3196 3281 3251 aliena.

2151 3311 2268 3366 Col.
2289 3311 2411 3376 75%,
2431 3311 2526 3364 lin.
2548 3311 2993 3378 48.Ἐκαιῖύφθη
3007 3310 3080 3363 τὰ
3090 3308 3661 3382 ὑψηλάπὴροριιῑιιις

2084 3405 2155 3457 ad
2177 3403 2520 3473 .Autolycum,
2561 3403 2656 3458 lib.
2694 3419 2776 3467 Ill,
2811 3403 2886 3456 ait
2911 3403 2969 3456 τὸ
2987 3402 3128 3473 ὓδωρ
3161 3402 3449 3472 ὑψωθῆναι
3487 3405 3664 3469 ἐπάνω

2084 3495 2286 3559 παντὸς
2311 3495 2468 3566 ὅρους
2491 3493 2694 3564 ὑψηλοῦ
2728 3493 3120 3547 πεντεκαίδεκα
3155 3495 3372 3564 πήχεις,
3416 3503 3474 3549 et
3515 3496 3661 3550 Albi-

2084 3603 2209 3651 nus,
2249 3587 2450 3652 Qutest.
2491 3587 2546 3640 in
2581 3584 2792 3650 (ἕρπει,
2824 3585 2928 3640 hoc
2977 3585 3092 3641 fieri
3125 3586 3375 3656 potuisse
3403 3586 3660 3648 afﬁrmat,

2082 3683 2332 3751 quamvis
2380 3679 2446 3734 ad
2472 3679 2618 3734 illam
2653 3686 2859 3749 partem
2891 3677 3034 3733 aeris
3055 3679 3386 3748 pervenerit,
3414 3679 3472 3733 in
3504 3695 3660 3749 quam

2085 3789 2185 3828 nec
2207 3782 2398 3828 ventus
2425 3772 2702 3834 invadere,
2723 3771 3016 3827 nec'nubes
3043 3771 3370 3826 condensari
3395 3786 3658 3844 possunt:

2086 3865 2151 3919 Si
2185 3873 2325 3918 terra
2370 3865 2598 3932 spatium
2645 3863 2792 3917 illius
2843 3862 3119 3932 tranquilli
3154 3862 3364 3917 aetheris
3421 3865 3663 3919 inraden

2083 3962 2270 4021 potest,
2304 3969 2400 4006 cur
2429 3970 2532 4006 non
2565 3962 2613 4006 et
2646 3969 2785 4021 aqua
2817 3951 3134 4007 crescendo?
3169 3951 3303 4006 Sunt
3340 3963 3519 4009 tamen
3551 3957 3661 4026 qui-

2085 4045 2230 4109 dam,
2266 4046 2358 4115 qui
2375 4053 2561 4114 putant
2604 4061 2695 4098 nec
2725 4053 2876 4098 terra:
2918 4043 3333 4113 ianualitatem
3365 4046 3549 4111 talem,
3574 4063 3660 4100 nec

2086 4137 2342 4190 montium
2398 4135 2735 4189 altitudinem
2787 4145 2993 4189 tantam
3039 4147 3160 4189 ante
3199 4137 3461 4193 diluvium
3504 4140 3661 4208 fuisse

2085 4225 2220 4278 sicut
2263 4241 2400 4278 nunc
2444 4235 2544 4279 est.
2579 4224 2775 4279 Verum
2816 4225 3338 4295 philtiSOphicarum,
3372 4244 3438 4284 ac
3480 4248 3659 4286 rerum

2086 4317 2591 4371 mathematicarum
2618 4319 2792 4387 perito
2826 4318 3050 4373 minime
3079 4321 3192 4374 hare
3219 4324 3497 4378 sententia
3529 4326 3662 4379 arri-

396 4395 629 4452 lectione
651 4404 935 4452 auctorum
967 4398 1059 4468 qui
1097 4399 1162 4455 de
1200 4400 1405 4456 diluvio
1441 4406 1604 4460 verba
1641 4407 1840 4476 fecere,
1877 4429 1980 4469 eai-
2019 4433 2064 4491 ο
2090 4407 2257 4462 debit.
2289 4407 2552 4474 Quamvis
2575 4411 2720 4463 enim
2754 4409 2840 4464 his
2867 4413 3206 4482 temporibus
3253 4425 3475 4473 montes
3503 4418 3658 4473 altio-

397 4488 675 4554 cutimus;
718 4489 804 4544 vel
839 4489 1180 4560 Augustinus
1233 4493 1392 4548 aliter
1432 4511 1496 4550 ac
1551 4513 1638 4552 res
1673 4511 1791 4555 erat
1821 4521 1988 4578 expo-

397 4580 527 4642 suit,
561 4583 654 4650 qui
710 4589 901 4637 contra
951 4585 1116 4639 sentit
1164 4593 1218 4640 et
1262 4586 1446 4656 lapsus
1483 4597 1586 4653 est,
1637 4591 1878 4654 historia:
1927 4614 1983 4657 et

396 4673 746 4760 antiquitatis
767 4682 860 4727 aut
891 4674 1127 4741 inscitia,
1159 4686 1252 4730 aut
1275 4679 1570 4738 oblivione.
1602 4681 1977 4760 Nequaquam.

394 4757 642 4831 Namque
697 4761 1038 4850 Augustinus
1097 4765 1176 4818 ait-
1233 4766 1287 4820 id
1344 4783 1454 4821 non
1517 4771 1740 4829 novisse
1803 4757 1982 4849 neque

395 4851 665 4917 Gr.ream,
698 4870 874 4924 neque
891 4853 1138 4910 Latinam
1165 4857 1472 4925 historiam,
1491 4864 1636 4932 quod
1662 4882 1851 4922 verum
1874 4881 1980 4937 est,

394 4957 444 5000 et
477 4946 680 5002 rationi
714 4948 1039 5018 veritatique
1068 4949 1312 5006 historiae
1338 4965 1802 5025 consentaneum;
1836 4977 1982 5018 nun-

399 5053 566 5105 quam
602 5039 748 5093 enim
784 5039 1016 5096 historia
1056 5043 1170 5098 sive
1193 5043 1399 5107 Graeca.
1427 5049 1542 5104 sive
1573 5049 1767 5108 Latina
1801 5071 1830 5110 a
1865 5057 1982 5113 suis

404 5131 770 5202 scriptoribus
813 5136 1188 5192 monumentis
1225 5139 1494 5207 publicis,
1537 5144 1652 5200 sive
1697 5147 1979 5204 hominum

403 5224 702 5280 traditione
759 5224 813 5279 id
864 5225 1080 5293 habuit,
1134 5225 1415 5285 Noeticum
1475 5231 1741 5290 diluvium
1788 5236 1976 5294 fuisse.

409 5317 626 5374 Recens
688 5325 774 5373 est
820 5325 874 5373 et
916 5317 1135 5388 juvenis
1186 5321 1416 5378 historia
1443 5323 1752 5381 Graecorum
1791 5337 1845 5384 et
1881 5329 1982 5384 La-

395 5408 674 5476 tinorum;
715 5409 1160 5478 antiquissimum
1191 5410 1477 5470 Noeticnm
1502 5415 1791 5481 diluvium,
1821 5419 1895 5473 ita
1921 5427 1981 5474 ut

399 5501 525 5565 ejus
570 5501 834 5554 memoria
876 5500 1223 5556 traditionem
1259 5519 1474 5561 omnem
1503 5507 1747 5578 effugiat.
1781 5509 1981 5565 Habuit

402 5590 550 5644 illius
595 5589 846 5644 notitiam
884 5591 1236 5647 Hebraeorum
1285 5595 1514 5652 historia
1554 5597 1854 5668 Scriptura:
1889 5617 1980 5657 sa-

402 5694 509 5736 crae
537 5682 908 5738 mounmentis
938 5700 1207 5756 nusquam
1237 5695 1415 5744 tamen
1450 5698 1533 5745 est
1562 5690 1788 5748 historia
1827 5693 1981 5750 Grae-

2093 4512 2178 4551 res
2211 4497 2595 4560 concedamus,
2629 4513 2736 4552 non
2779 4505 2962 4552 tamen
3002 4511 3322 4569 sequeretur
3371 4513 3506 4560 tunc
3542 4505 3657 4560 alti-

2086 4589 2334 4643 tudinem
2386 4592 2654 4644 montium
2694 4607 2801 4644 non
2859 4591 3032 4647 fuisse
3079 4600 3309 4660 tantam,
3332 4598 3480 4652 sicut
3519 4615 3655 4654 nunc

2084 4681 2349 4735 cernitur.
2392 4680 2682 4750 Nunquam
2740 4683 2886 4737 enim
2933 4695 3226 4740 creverunt
3269 4698 3514 4752 montes.
3563 4709 3658 4748 nec

2085 4773 2140 4828 in
2192 4775 2452 4844 majorem
2485 4776 2824 4832 altitudinem
2852 4793 2911 4832 se
2942 4790 3254 4847 erexerunt,
3283 4783 3450 4836 etiam
3484 4786 3533 4840 si
3569 4803 3658 4842 su-

2083 4866 2370 4922 blimiores
2402 4868 2685 4933 videntur;
2708 4868 2942 4923 vallibus
2969 4869 3114 4923 enim
3144 4871 3200 4924 in
3229 4873 3399 4926 imum
3426 4875 3658 4942 effossis,

2086 4964 2234 5011 terra
2266 4959 2577 5013 labentibus
2617 4959 2774 5028 aquis
2810 4959 3137 5016 decurrente
3166 4970 3259 5015 aut
3285 4965 3452 5019 etiam
3475 4967 3659 5022 ﬂuvia-

2086 5046 2250 5109 libus,
2278 5055 2490 5101 montes
2521 5047 2744 5102 altiores
2769 5056 3088 5119 assurgunt,
3121 5064 3230 5104 non
3262 5053 3413 5121 quod
3457 5056 3656 5127 aliquid

2084 5136 2194 5192 illis
2231 5139 2297 5194 de
2345 5153 2488 5193 novo
2525 5139 2598 5194 sit
2638 5139 2979 5206 adjunctum,
3010 5146 3104 5195 sed
3131 5143 3260 5211 quia
3292 5143 3348 5197 in
3376 5145 3658 5211 lateribus,

2085 5232 2171 5286 vel
2203 5231 2312 5285 ima
2340 5237 2494 5300 parte
2524 5231 2742 5300 aliquod
2773 5239 2857 5287 est
2885 5231 3214 5299 detractum,
3251 5242 3307 5289 et
3339 5250 3478 5292 sane
3507 5254 3657 5294 mon-

2081 5333 2167 5381 tes
2207 5325 2311 5396 ipsi
2351 5324 2596 5396 qnotidie
2635 5332 2943 5395 temporum
2991 5325 3254 5382 edacitati
3309 5329 3539 5386 obnoxii
3571 5333 3656 5389 de-

2082 5425 2360 5474 crescunt.
2391 5416 2728 5473 Fabulantur
2749 5415 2944 5479 Judaei,
2969 5417 3048 5488 0g
3082 5433 3260 5489 regem
3283 5418 3466 5476 Basan
3495 5422 3655 5481 fuisse

2083 5526 2148 5566 ex
2197 5510 2508 5582 gigantibus
2553 5511 2691 5577 illis,
2718 5511 2785 5567 de
2811 5512 3013 5583 quibus
3043 5511 3242 5566 dicitur
3285 5511 3417 5570 Gen.
3451 5532 3576 5580 vm,
3607 5519 3651 5570 in

2084 5601 2356 5658 altissimo
2390 5609 2575 5657 monte
2618 5603 3032 5668 consistentem,
3084 5603 3330 5660 evasisse
3370 5606 3650 5670 diluvium,

2085 5693 2326 5764 illudque
2356 5693 2590 5764 probant
2605 5708 2671 5749 ex
2687 5708 2752 5749 eo
2767 5695 2911 5764 quod
2934 5695 3165 5750 habetur
3184 5694 3338 5752 Deut.
3365 5712 3426 5752 Ill
3454 5717 3467 5753 :
3506 5698 3648 5755 Solus
