3810 6168
130 238 247 299 98‘.)

1190 235 1262 293 ΙΝ
1301 237 1676 294 EUSTATHII
1715 236 2191 294 HEXAEMERON
2227 238 2435 296 NOTE

3299 245 3406 306 990

134 359 224 429 09
254 358 524 412 restiterat
553 356 618 412 de
643 356 806 426 stirpe
834 355 1124 426 gigantum.
1153 355 1221 410 Et
1255 356 1377 413 falsi
1409 367 1720 430 arguuntur
1753 363 1788 416 A
1827 359 2011 413 feriret
2047 361 2098 413 in
2131 359 2312 416 fronte
2369 359 2599 431 accepit.
2657 359 3017 416 Percussione
3061 359 3162 417 hac
3220 359 3408 420 furore

135 448 556 512 Thalmudistae,
590 447 683 519 qui
736 447 947 513 dicunt,
1000 447 1269 502 diluvium
1311 465 1423 504 non
1475 451 1726 521 attigisse

134 548 387 596 montem
441 539 595 604 Sion,
640 541 743 595 hoc
804 541 922 596 solo
971 553 1294 612 argumento
1341 541 1490 611 quod
1538 556 1724 596 semen

135 634 430 705 gigantum
473 635 755 688 inventum
799 635 871 690 sit
897 642 1023 704 post
1055 635 1320 688 diluvium
1354 634 1409 688 in
1441 635 1560 688 loco
1584 649 1726 704 pra:-

134 728 314 783 dicto.
338 727 493 782 Plato
516 727 570 781 in
604 726 822 790 Timazo,
841 737 894 781 et
916 726 1186 782 Diodorus
1206 726 1426 782 Siculus
1445 726 1722 790 Biblioth.,

135 822 239 877 lib.
273 839 352 885 v1,
395 823 464 877 ab
506 822 610 876 hac
653 822 923 876 sententia
965 821 1221 876 videntur
1259 821 1578 884 abhorrere,
1631 821 1726 875 sed

73 938 88 981 ί
139 913 309 967 iidem
343 913 400 968 in
440 928 498 968 re
522 928 585 967 ac
617 913 843 966 materia
872 907 1117 976 diversa,
1144 912 1400 981 quamvis
1431 912 1486 965 in
1511 910 1725 966 caeteris

137 1003 272 1060 falsi
320 1005 691 1060 consentiunt.
727 1003 977 1057 Tradunt
1035 1004 1181 1058 enim
1227 1013 1473 1074 tempore
1515 1002 1724 1068 diluvii,

139 1111 335 1168 magos
372 1096 707 1167 confugisse,
741 1097 1146 1166 nonnullosque
1177 1095 1314 1150 alios
1358 1094 1578 1166 .tEgypti
1628 1109 1724 1164 po-

142 1189 304 1259 pulos
333 1189 385 1242 in
417 1189 545 1258 juga
577 1189 846 1242 montium
886 1188 1070 1258 ibique
1095 1196 1446 1241 monumenta
1473 1186 1726 1241 recondi-

141 1280 372 1335 tissimae
418 1279 911 1348 vetnstissixnaaque
952 1279 1282 1333 eruditionis
1317 1293 1545 1350 qmeque
1575 1293 1726 1331 com-

143 1380 414 1442 portasse,
456 1387 882 1442 asservasseque
915 1373 970 1424 in
1006 1373 1237 1440 gratiam
1267 1379 1320 1425 et
1353 1386 1511 1424 usum
1540 1368 1727 1422 mundi

145 1465 481 1533 superstitis.
537 1464 666 1520 lnde
719 1472 906 1534 postea
958 1464 1204 1521 inferunt
1245 1478 1275 1516 a
1343 1462 1514 1532 magis
1561 1461 1730 1532 Egy-

143 1555 385 1625 ptiisqne
423 1554 647 1610 Graeciae
681 1557 898 1626 p0pulis
932 1555 1360 1610 communicata.
1387 1553 1519 1619 Quae
1546 1553 1730 1607 omnia

142 1647 394 1717 quamvis
443 1653 646 1701 temere
693 1646 1056 1710 aflirmentur,
1128 1646 1230 1700 hos
1295 1645 1495 1714 tamen}
1527 1650 1728 1697 aucto-

144 1751 237 1793 res
277 1737 472 1807 lepidis
514 1737 666 1792 hisce
712 1737 931 1792 fabellis
995 1735 1129 1790 illud
1191 1735 1441 1790 innuisse
1514 1742 1726 1789 certum

147 1835 236 1881 est
277 1845 290 1880 :
328 1841 359 1880 a
390 1827 717 1896 quibusdam
764 1833 818 1880 et
866 1826 1067 1895 pietate
1127 1833 1182 1878 et
1229 1823 1538 1878 eruditione
1595 1837 1730 1876 con-

145 1919 356 1989 spicuis
400 1903 536 1972 viris
586 1925 705 1971 arte
753 1918 990 1987 quadam
1031 1915 1326 1970 multarum
1371 1913 1728 1970 scientiarum

144 2010 449 2077 methodos,
490 2012 749 2076 rationes,
781 2010 1044 2080 variaque
1094 2010 1467 2079 experimenta
1517 2008 1724 2065 futuris

146 2101 476 2165 hominibus,
507 2100 576 2154 ab
617 2100 867 2155 eluvione
899 2099 995 2152 illa
1039 2114 1306 2169 aquarum
1343 2113 1724 2156 conservasse.

143 2192 279 2247 Illud
307 2193 363 2246 in
395 2193 483 2248 his
514 2192 770 2248 omnibus
811 2206 996 2247 verum
1028 2199 1133 2254 est,
1163 2206 1353 2246 omnes
1379 2193 1726 2246 summitates

140 2284 432 2347 montium,
463 2291 524 2337 ut
563 2284 761 2338 divinae
803 2284 1029 2338 tradunt
1058 2284 1298 2345 Litterae,
1319 2291 1468 2337 certa
1490 2283 1723 2353 quadam

141 2383 409 2440 aquarum
448 2383 703 2423 mensura
755 2378 1042 2438 coopertas
1070 2410 1084 2434 ,
1129 2384 1228 2438 per
1263 2368 1316 2422 id
1352 2368 1586 2438 spatium
1615 2381 1726 2437 quo

139 2461 362 2514 duravit
397 2460 658 2516 diluvium
696 2461 798 2515 sub
827 2461 983 2531 aquis
1015 2461 1264 2525 latuisse,
1287 2476 1388 2516 nec
1420 2459 1724 2516 audiendus

138 2554 456 2624 Cajetanus,
489 2556 580 2624 qui
604 2562 758 2625 putat
804 2555 1038 2609 vertices
1069 2555 1284 2624 aliquos
1310 2554 1579 2608 montium
1612 2568 1724 2607 non

142 2649 316 2702 fuisse
354 2647 766 2722 opertos‘aquis
810 2646 1020 2706 diluvii.
1058 2662 1159 2702 nec
1194 2647 1297 2701 hoc
1336 2645 1614 2700 adversari
1643 2643 1726 2699 di-

141 2740 285 2794 vinae
317 2737 648 2808 Scriptum;
672 2737 948 2808 quomodo
975 2737 1028 2791 id
1052 2738 1288 2808 potuerit
1315 2754 1438 2794 esse
1465 2739 1720 2808 explicat,

138 2838 196 2884 (ι.
258 2839 383 2884 ante
431 2828 750 2899 Cajetanum
802 2829 1051 2883 nonnulli
1107 2829 1162 2883 id
1221 2828 1569 2884 aflirmarunt
1621 2843 1721 2884 eos

140 2929 380 2983 montes,
429 2935 660 2990 quorum
715 2920 949 2974 altitudo
983 2916 1214 2975 'excedit
1265 2921 1444 2974 locum
1494 2935 1722 2992 genera-

139 3013 311 3066 tionis
361 3011 617 3066 imbrium
656 3011 772 3066 sive
808 3012 1039 3065 mediam
1076 3014 1354 3082 regionem
1410 3014 1577 3078 aeris,
1611 3028 1720 3067 non
1750 3049 1794 3106 α

139 3103 318 3160 fuisse
349 3110 588 3172 opertos,
616 3117 741 3157 cum
794 3102 1057 3156 diluvium
1112 3093 1432 3173 generatum
1463 3120 1492 3158 a
1524 3104 1724 3174 pluviis

141 3209 257 3249 non
301 3194 536 3264 potuerit
566 3195 871 3247 increscere
905 3209 1074 3262 supra
1106 3193 1288 3248 locum
1335 3194 1427 3248 ubi
1458 3209 1726 3264 generan-

141 3297 238 3340 tur
262 3285 478 3356 pluviae.
511 3284 661 3338 llanc
686 3283 998 3353 opinionem
1023 3283 1364 3352 Augustinus
1396 3298 1726 3340 commemo-

142 3383 252 3440 rat,
276 3384 330 3430 et
368 3374 589 3438 refellit,
626 3374 663 3428 l.
694 3390 764 3427 xv
795 3372 870 3426 De
900 3373 1109 3425 civitate
1143 3371 1265 3436 Dei,
1289 3389 1409 3443 cap.
1439 3374 1508 3425 ‘27
1538 3392 1550 3427 :
1592 3373 1722 3443 Opi-

141 3476 346 3522 nanlur
376 3467 627 3536 quidam,
660 3475 770 3518 tam
805 3483 1052 3535 magnum
1083 3467 1196 3534 ﬁeri
1232 3482 1335 3519 non
1388 3468 1620 3535 potuisse
1645 3467 1729 3520 di-

145 3560 364 3621 luvium,
395 3567 453 3613 ut
488 3558 778 3613 altissimos
814 3568 1013 3612 montes
1038 3560 1332 3629 quindecim
1362 3561 1551 3613 cubitis
1590 3578 1729 3630 aqua

142 3651 422 3710 crescendo
479 3653 884 3714 transcenderet,
936 3662 1148 3721 propter
1215 3649 1428 3722 Olympi
1484 3655 1728 3708 verticem

145 3745 366 3808 montis,
395 3761 558 3813 supra
611 3761 762 3814 quem
825 3745 1160 3813 perhibentur
1213 3745 1372 3799 nubes
1423 3763 1526 3801 non
1570 3762 1727 3815 posse

142 3837 522 3901 conscendere;
551 3847 608 3891 ut
632 3855 732 3891 non
759 3837 830 3891 ibi
858 3839 927 3890 sit
957 3855 1048 3892 aer
1073 3838 1172 3892 iste
1193 3839 1426 3892 crassior
1459 3840 1548 3893 ubi
1569 3841 1726 3907 venti,

144 3931 678 4004 nebulw,imbresque
705 3933 1017 4003 gignuntur,
1052 3949 1144 3986 nec
1178 3933 1475 3999 attendunt,
1499 3936 1730 3988 onmium

140 4026 521 4079 elementorum
549 4026 942 4079 crassissimam
987 4035 1184 4080 terram
1222 4026 1296 4079 ibi
1335 4044 1448 4080 esse
1475 4029 1726 4097 potuisse.

141 4123 230 4175 An
264 4121 397 4191 forte
444 4129 626 4191 negent
652 4137 764 4174 esse
795 4121 930 4174 hanc
960 4115 1157 4176 terram
1204 4123 1447 4176 verticem
1497 4123 1728 4179 montis?

139 4214 256 4269 Cur
309 4214 472 4284 igitur
525 4229 687 4278 usque
730 4212 798 4266 ad
827 4212 924 4267 illa
957 4214 1072 4267 coeli
1104 4216 1275 4282 spatia
1300 4216 1459 4269 terris
1497 4217 1730 4270 exaltari

140 4308 377 4370 licuisse,
427 4316 478 4361 et
530 4308 681 4369 aquis
711 4307 944 4361 exaltari
976 4324 1080 4360 non
1121 4308 1335 4361 licuisse
1372 4309 1724 4373 contendunt,

1829 458 1992 520 atque
2029 451 2109 506 ira
2138 451 2220 506 leo
2243 451 2470 517 exarsit,
2501 460 2555 505 et
2584 450 2810 521 spiravit
2843 451 3206 518 vehementer,
3243 459 3304 506 ut
3335 466 3409 508 ex

1825 543 1945 612 ejus
1982 559 2118 600 naso
2150 553 2307 599 catus
2340 545 2603 615 prodierit
2631 545 2862 600 soricem
2890 544 3186 601 devorans!
3217 543 3260 598 Ο
3293 544 3408 600 Ma-

1826 634 2174 690 humetanam
2209 637 2568 707 elegantiam!
2597 650 2630 690 o
2655 637 2868 690 arcam!
2896 652 2930 690 ο
2982 651 3183 690 numen
3218 634 3408 690 Mahu-

1827 727 1988 783 metis
2044 730 2408 782 stercoreum!
2441 710 2474 782 ο
2505 729 2916 798 percussionem
2948 727 3123 784 leonis
3161 735 3273 782 tam
3296 727 3407 782 uti-

1827 819 1967 871 lem!
2003 833 2036 872 o
2064 826 2248 873 catum
2280 820 2348 874 de
2393 821 2630 874 humano
2651 835 2850 890 genere
2883 821 3022 875 bene
3055 821 3343 874 meritum!
3371 834 3409 875 o

1825 925 2062 978 nequam
2119 911 2376 974 soricem,
2424 910 2742 992 nequiorem
2783 910 3158 980 elephantum,
3181 909 3410 980 nequis-

1827 1003 2025 1058 simum
2059 1005 2152 1075 qui
2191 1005 2306 1061 haec
2361 1006 2538 1074 audit,
2565 1013 2620 1062 et
2670 1005 2868 1072 credit,
2921 1021 3025 1062 nec
3079 1013 3410 1076 aspernatur

1827 1095 1941 1160 liri,
1981 1097 2071 1150 liri

1897 1221 2189 1301 (1013755,
2243 1238 2340 1293 lin.
2392 1237 2439 1292 l.
2489 1240 2594 1305 Ε’ίς
2621 1237 2812 1306 ἄκραν
2842 1239 2974 1293 τινὰ
3010 1240 3207 1310 ὄρους.
3249 1239 3406 1297 Mons

1829 1347 1994 1402 super
2021 1347 2182 1401 quem
2220 1332 2422 1388 resedit
2454 1345 2602 1396 arca,
2644 1333 2794 1387 varie
2826 1332 2895 1386 ab
2924 1335 3244 1390 auctoribus
3288 1343 3404 1388 tra-

1827 1423 2276 1480 diturzﬁerosns
2324 1423 2610 1478 Chaldaeus
2642 1425 2785 1492 apud
2828 1422 3148 1493 Josephnm,
3222 1425 3401 1496 Antiq.

1828 1516 1926 1570 lib.
1973 1532 2014 1579 t,
2091 1516 2326 1586 appellat
2378 1523 2618 1568 montem
2683 1514 3100 1585 Gordyaeorum;
3148 1512 3414 1570 Nicolaus

1830 1608 2202 1665 Damascenus
2257 1608 2503 1662 nominat
2552 1605 2955 1662 Barim.Verba
2982 1606 3201 1678 Iosephi
3244 1622 3408 1680 supe-

1759 1709 1800 1764 Β
1828 1700 1942 1755 rius
1968 1700 2380 1770 exscripsimus,
2413 1708 2466 1754 et
2497 1715 2562 1754 ex
2592 1714 2657 1753 eo
2696 1698 2938 1754 Zonaras
2966 1699 3161 1753 Annal.
3193 1706 3325 1753 tom.
3359 1700 3403 1756 l.

1829 1794 1938 1848 Cur
1987 1800 2169 1847 autem
2207 1791 2531 1846 Ambrosius
2583 1806 2706 1845 eum
2763 1791 3114 1861 appellaverit
3169 1802 3406 1846 montem

1829 1885 2112 1952 Quadrati,
2144 1882 2398 1938 Pererius
2434 1883 2580 1937 nulla
2611 1883 2925 1952 conjectura
2983 1883 3068 1939 vel
3094 1885 3410 1954 suspicione

1828 1994 1887 2033 se
1925 1993 2085 2048 posse
2115 1977 2380 2048 attingere
2413 1977 2609 2030 scribit
2639 1975 2734 2030 lib.
2766 1991 2866 2030 xm
2912 1977 2967 2028 in
2995 1975 3177 2032 Genes.
3202 1977 3406 2032 Textus

1826 2079 2008 2126 tamen
2053 2069 2355 2140 Scriptores
2413 2067 2655 2134 Graecus,
2709 2075 2763 2124 et
2818 2067 3078 2124 Hebraeus
3135 2070 3409 2140 expressit

1825 2163 2042 2226 Ararat,
2076 2164 2221 2234 quod
2256 2160 2318 2215 Ι).
2350 2159 2717 2231 Hieronymus
2755 2160 2832 2213 ait
2887 2160 3200 2216 Armeniam
3234 2175 3354 2216 esse
3385 2178 3402 2216 :

1828 2261 1960 2310 sunt
1994 2262 2213 2308 montes
2238 2252 2530 2318 Armeniae,
2551 2258 2603 2306 et
2624 2266 2751 2321 pars
2770 2249 2958 2315 Tauri,
2980 2253 3072 2322 qui
3094 2251 3244 2306 varia
3269 2250 3404 2306 locis

1825 2343 2057 2399 diversis
2084 2343 2309 2398 nomina
2336 2341 2570 2410 accepit.
2599 2340 2937 2411 Epiphanius
2967 2341 3020 2394 in
3045 2339 3281 2395 Panario
3303 2341 3404 2396 has

1825 2450 2017 2492 omnes
2048 2435 2333 2491 nominum
2367 2435 2716 2490 diversitates
2750 2435 3251 2500 conciliat,dicens,
3278 2441 3405 2508 post

1824 2530 2084 2585 diluvium
2113 2528 2645 2599 requievissejarcam
2678 2525 2791 2582 Noe
2823 2526 2877 2581 in
2898 2526 3176 2583 montibus
3201 2528 3400 2583 Ararat

1827 2621 1970 2693 (esse
2018 2620 2418 2692 Septuaginta),
2471 2619 2667 2676 mediis
2715 2622 2859 2675 inter
2904 2620 3290 2675 Armeniorum
3345 2629 3405 2674 et

1824 2715 2205 2786 Cardyaeorum
2257 2712 2391 2767 lines
2437 2712 2582 2783 (esse
2624 2709 2908 2782 Vulgatam
2953 2713 3298 2779 versionem,
3349 2718 3406 2768 et

1822 2807 2059 2862 Chaldaei
2080 2803 2483 2876 paraphrasin),
2501 2805 2552 2858 in
2573 2810 2756 2858 monte
2770 2802 2949 2858 Lubar
2967 2804 3253 2874 appellato,
3274 2817 3409 2860 ecce

1822 2900 1968 2971 quod
2008 2899 2380 2954 Damascenus
2413 2897 2673 2967 prodidit,
2707 2898 2765 2951 ὲν
2790 2899 2898 2960 τοῖς
2928 2897 3080 2968 ὄρεσι
3112 2899 3225 2961 τοῖς
3250 2898 3408 2970 ’Δρα-

1827 2991 1926 3064 ρὰτ
1979 2990 2250 3061 ἀναμέσον
2291 2989 2594 3060 Ἀρμενίων
2653 2989 2748 3042 καὶ
2791 2989 3147 3060 Καρδυαίων,
3209 2991 3266 3043 ἐν
3323 2987 3411 3057 τῷ

1827 3084 2045 3156 Λουϐὰρ
2075 3084 2189 3155 ὄρει
2216 3083 2551 3153 καλουμένῳ.
2580 3081 2879 3150 Procopius
2914 3100 2927 3136 :
2961 3081 3162 3135 Ararat
3199 3080 3404 3135 medius

1826 3175 1962 3229 inter
1995 3173 2322 3236 Armeniam,
2344 3181 2395 3224 et
2427 3169 2704 3223 Part/tiam
2733 3170 2966 3222 excurrit
3007 3185 3184 3224 versus
3215 3169 3406 3222 Adra-

1828 3266 2074 3320 benorum
2106 3265 2386 3334 regionem.
2422 3260 2686 3332 Sibyllina
2711 3261 2930 3315 oracula
2966 3261 3062 3315 lib.
3099 3276 3150 3324 ι.
3178 3275 3277 3331 pro
3301 3259 3406 3313 Ar-

1827 3359 2005 3414 menia
2035 3356 2326 3427 Phrygiam
2376 3354 2677 3410 obtrudunt
2711 3369 2726 3418 ;
2756 3353 2954 3408 falsum
3008 3353 3170 3422 plane
3195 3391 3210 3415 ,
3243 3357 3304 3404 ut
3349 3357 3407 3406 et

1828 3451 1959 3505 illud
1998 3450 2143 3520 quod
2189 3449 2372 3503 subdit
2417 3447 2612 3501 eadem
2652 3444 2892 3518 Sibylla,
2948 3460 3006 3501 se
3053 3459 3176 3500 cum
3207 3444 3406 3499 marito

1829 3555 1930 3597 suo
1964 3541 2019 3594 in
2049 3553 2178 3594 arca
2211 3539 2479 3593 inclusam
2510 3535 2697 3592 fuisse.

1895 3673 2068 3736 lbid.,
2114 3672 2212 3726 lin.
2253 3670 2302 3725 5.
2342 3669 2451 3724 Καὶ
2488 3669 2562 3723 τὰ
2605 3669 2887 3738 λείψανα.
2941 3666 3274 3738 Theophilus
3335 3666 3406 3721 ad

1827 3765 2164 3832 Autolycum,
2206 3763 2300 3818 lib.
2336 3777 2396 3815 tu
2431 3780 2443 3815 :
2476 3755 2584 3824 τΗς
2617 3759 2848 3814 κιϐωτοῦ
2880 3759 2950 3814 τὰ
2983 3759 3209 3830 λείψανα
3242 3757 3411 3830 μέχρι.

1827 3858 1928 3928 τῆς
1954 3858 2111 3928 δεῦρο
2132 3854 2403 3908 δείκνυται
2430 3848 2568 3906 εἶναι
2591 3855 2648 3906 ὲν
2675 3851 3076 3924 τοῖςἈρασίοις
3097 3851 3266 3923 ὄρεσι.
3296 3849 3406 3906 Zo-

1827 3964 2012 4010 naras,
2035 3947 2152 4001 loco
2183 3945 2238 4001 d.
2263 3963 2275 4000 :
2311 3944 2706 4014 Ἀποϐατήριον
2731 3942 2788 3995 δὲ
2817 3941 2907 3996 τὸν
2935 3941 3098 3995 τόπον
3126 3941 3410 3995 καλεῖσθαι

1803 4043 1938 4103 ,τοῖς
1970 4037 2275 4109 Ἀρμενίοις
2317 4038 2482 4107 φησιν
2513 4034 2774 4106 Ἰώσηπος
2809 4034 2903 4086 καὶ
2940 4031 3167 4103 λείψανα
3192 4031 3408 4087 δείκνυ-

1831 4132 1954 4186 σθαι
1993 4135 2092 4203 τῆς
2139 4132 2407 4202 λάρνακος
2459 4131 2593 4182 ἐκεῖ.
2641 4127 2707 4181 Ει
2752 4125 3024 4197 Josephus
3068 4141 3135 4180 ex
3184 4125 3409 4180 Nicolao

1833 4223 2168 4278 Damasceno
2201 4241 2215 4276 :
2249 4225 2360 4276 Καὶ
2403 4221 2668 4285 Νικόλαος
2697 4220 2753 4274 δὲ
2803 4222 2831 4273 ὁ
2871 4218 3225 4291 Δαμασκηνὸς
3254 4220 3311 4272 ὲν
3337 4221 3411 4290 τῇ

1831 4315 2156 4383 ἐνενηκοστῇ
2188 4314 2282 4366 καὶ
2315 4311 2450 4384 ἕκτῃ
2491 4311 2657 4382 βίϐλῳ
2702 4311 2904 4382 ἱστορεί
2950 4309 3078 4382 περὶ
3113 4309 3289 4363 αὐτῶν
3321 4307 3412 4362 λὲ-

138 4417 265 4456 cum
308 4401 399 4455 isti
459 4417 726 4454 mensores
782 4408 833 4453 et
879 4416 1125 4468 pensores
1162 4401 1530 4455 elementorum
1569 4419 1720 4472 aqua:

1839 4422 1949 4474 γων
1995 4403 2198 4467 οὕτως·
2247 4405 2432 4458 Ἔστιν
2478 4403 2620 4474 ὑπὲρ
2657 4403 2755 4474 τὴν
2797 4401 3044 4456 Μινυάδα
3099 4401 3238 4472 μέγα
3283 4401 3409 4472 ὅρος

139 4495 300 4549 terris
344 4492 650 4562 perhibeant
697 4496 1012 4560 superiores,
1059 4501 1215 4563 atque
1277 4494 1533 4550 leviores?
1587 4495 1728 4561 Quid

138 4589 318 4656 itaque
369 4586 595 4639 rationis
649 4587 898 4654 afferunt,
931 4589 1094 4656 quafe
1135 4596 1275 4639 terra
1301 4589 1536 4656 gravior,
1574 4596 1622 4640 et
1650 4588 1734 4640 in-

136 4682 306 4750 ferior
326 4680 499 4732 locum
544 4679 659 4733 cmli
730 4679 1114 4748 tranquilliaris
1172 4679 1424 4732 invaserit
1453 4695 1546 4747 per
1586 4680 1733 4733 volu-

138 4774 289 4828 mina
336 4782 409 4826 tot
445 4789 726 4836 annorum,
770 4781 820 4826 et
868 4788 1008 4842 aqua
1059 4771 1220 4824 levior
1250 4789 1312 4824 ac
1340 4774 1578 4840 superior
1627 4789 1732 4826 non

134 4866 402 4933 permissa
437 4866 506 4919 sit
545 4863 640 4917 hoc
677 4864 850 4934 facere
881 4865 1069 4918 saltem
1113 4865 1181 4918 ad
1214 4877 1415 4935 tempus
1444 4867 1732 4937 exiguum?

137 4954 386 5008 Tandem
433 4954 673 5009 ridenda:
729 4963 858 5010 sunt
899 4971 1056 5025 nugae
1101 4955 1529 5019 Mahumetanaa,
1608 4972 1730 5027 quae

138 5063 254 5101 non
289 5047 504 5109 dicunt,
530 5047 624 5100 sed
657 5047 938 5100 insaniunt
960 5088 974 5112 ,
1007 5063 1189 5102 arcam
1215 5051 1573 5103 excrementis
1605 5065 1729 5118 gra-

136 5145 324 5192 vatam
357 5139 602 5207 periculo
631 5139 932 5207 proximam
970 5137 1174 5203 fuisse;
1211 5147 1542 5210 quapropter
1590 5139 1723 5207 Noe,

135 5244 269 5285 cum
313 5229 382 5282 ad
425 5229 594 5284 Deum
642 5228 1000 5298 confugisset,
1044 5245 1374 5300 responsum
1407 5231 1636 5300 accepit,
1666 5237 1726 5285 ut

137 5329 374 5375 curaret.
395 5320 748 5390 elephantum
773 5321 828 5374 in
852 5319 1056 5375 cloacis
1081 5321 1361 5374 hominum
1385 5337 1604 5391 egerere
1625 5336 1723 5375 sua

140 5426 412 5469 stercora.
469 5411 548 5467 Ex
615 5413 818 5484 quibus
884 5427 980 5467 sus
1035 5413 1362 5483 pergrandis
1434 5422 1722 5481 generatus

140 5505 428 5562 immunda
470 5504 563 5559 illa
608 5504 906 5567 devoravit,
943 5514 1007 5558 ex
1037 5505 1152 5560 suis
1179 5504 1352 5559 fetore
1399 5514 1720 5574 procreatus

149 5612 314 5653 sorex
345 5612 530 5652 arcam
562 5599 784 5662 arrosit,
820 5614 884 5655 ac
915 5597 1230 5670 perforavit,
1260 5597 1335 5652 ita
1367 5606 1427 5652 ut
1455 5614 1593 5670 aqua
1623 5601 1720 5654 in—

146 5689 482 5760 grederetur.
531 5687 644 5747 Noe
694 5689 888 5763 majori
927 5691 1166 5764 periculo
1196 5705 1226 5746 a
1264 5688 1374 5747 Deo
1408 5698 1477 5764 ut
1503 5693 1715 5751 leonem

1836 4497 1976 4551 κατὰ
2009 4497 2106 4568 τὴν
2139 4495 2429 4567 Ἀρμενίαν
2463 4495 2630 4566 Βάρις
2661 4495 2969 4565 λεγόμενον,
3005 4496 3085 4556 εἰς
3121 4493 3148 4546 ὃ
3182 4492 3409 4558 πολλοὺς

1837 4588 2219 4659 συμφυγόντας
2252 4590 2344 4641 ἐπὶ
2384 4587 2478 4641 τοῦ
2515 4586 2896 4656 κατακλυσμοῦ
2926 4586 3080 4654 λόγος
3111 4584 3223 4655 ἔχει
3253 4601 3409 4656 περι-

1835 4681 2092 4751 σωθῆναι,
2123 4681 2216 4734 καί
2245 4696 2366 4732 τινα
2413 4678 2506 4731 ἐπὶ
2545 4678 2812 4750 λάρνακος
2845 4676 3138 4748 ὀχούμενον
3180 4676 3272 4728 ἐπὶ
3307 4675 3410 4746 τὴν

1832 4777 2143 4848 ἀκρώρειαν
2193 4776 2434 4838 ὀκεῖλαι,
2468 4776 2562 4828 καὶ
2605 4775 2674 4828 τὰ
2715 4775 2942 4843 λείψανα
2966 4773 3072 4826 τῶν
3115 4770 3286 4837 ξύλων
3313 4772 3410 4826 ἐπὶ

1831 4871 1964 4924 πολὺ
1999 4869 2256 4939 σωθῆναι.
2294 4855 2508 4922 Γένοιτο
2536 4869 2582 4922 δ’
2615 4868 2678 4922 ἂν
2707 4862 2859 4930 οὗτος
2895 4867 3076 4919 ὅντινα
3119 4865 3214 4918 καὶ
3241 4865 3407 4930 Maii)-

1831 4962 1930 5032 σῆς
1959 4961 2263 5031 ἀνέγραψεν
2293 4963 2321 5013 ὁ
2351 4960 2460 5013 τῶν
2489 4959 2757 5013 Ἰουδαίων
2786 4957 3103 5029 νομοθέτης.
3147 4953 3409 5010 Nicolaus

1831 5054 2118 5116 Salconus,
2147 5054 2242 5107 lib.
2265 5052 2472 5106 Histor.
2497 5060 2635 5120 part.
2666 5051 2898 5106 Orientis
2927 5065 2991 5104 ex
3020 5064 3114 5104 ore
3130 5046 3406 5119 llaythoni

1827 5146 2039 5201 ordinis
2091 5145 2630 5200 Prazmonstratensis
2668 5143 2776 5198 :ln
2817 5143 3067 5196 Armenia
3121 5150 3200 5195 est
3243 5139 3408 5193 altior

1826 5255 2010 5300 mons,
2042 5239 2132 5308 qui
2179 5239 2248 5292 sit
2292 5239 2349 5290 in
2397 5246 2505 5291 toto
2553 5235 2678 5290 orbe
2727 5245 3010 5296 terrarum,
3041 5232 3130 5302 qui
3165 5229 3402 5284 Ararath

1825 5330 1975 5399 vulgo
2009 5339 2341 5398 nuncupatur
2359 5369 2373 5390 ,
2400 5339 2449 5383 et
2495 5329 2549 5382 in
2576 5327 2845 5381 cacumine
2875 5325 3024 5379 illius
3052 5323 3244 5377 montis
3273 5337 3402 5376 arca

1826 5419 1942 5474 Noe
1990 5430 2107 5489 post
2143 5421 2400 5476 diluvium
2424 5422 2594 5489 primo
2609 5419 2762 5481 sedit,
2783 5429 2832 5473 et
2863 5419 2980 5472 licet
2996 5426 3208 5486 propter
3231 5417 3401 5470 abun-

1822 5511 2066 5564 dantiam
2096 5513 2313 5575 nivium,
2345 5523 2462 5583 qua:
2495 5528 2693 5580 semper
2720 5513 2776 5565 in
2809 5511 2904 5565 illo
2933 5517 3106 5564 monte
3127 5507 3400 5578 reperiun-

1823 5609 1940 5660 tur,
1975 5609 2083 5652 tam
2113 5600 2277 5656 hieme
2318 5619 2478 5672 quam
2528 5586 2744 5666 azstate,
2778 5617 2928 5655 nemo
2951 5601 3086 5655 valet
3117 5599 3397 5654 ascendere

1821 5701 2046 5749 montem
2081 5694 2266 5765 illum,
2308 5713 2507 5769 semper
2557 5705 2727 5752 tamen
2769 5705 2986 5767 apparet
3027 5696 3080 5750 in
3134 5694 3249 5765 ejus
3298 5709 3393 5748 ca-
