3810 6168
432 242 532 298 991

1812 253 2056 312 LEONIS
2106 255 2381 315 ALLATII

3602 268 3701 324 993

430 360 643 415 cumine
667 361 935 433 quoddam
967 365 1203 435 nigrant,
1230 370 1368 437 quod
1397 370 1462 424 ab
1487 371 1784 428 hominibus
1816 373 2011 428 dicitur
2039 376 2087 431 A
2114 373 2375 431 liﬁcatum
2421 377 2621 444 Solem,
2663 395 2783 448 qua:
2819 378 3213 437 Melchisedech
3264 382 3695 442 administravit.

444 466 560 504 8888
580 466 729 505 arca.

492 542 613 596 Col.
637 542 761 607 755,
780 544 880 600 lin.
908 546 962 601 6.
984 545 1093 600 Kal
1120 545 1192 615 τῇ
1207 547 1515 617 ἀσφάλτῳ.
1534 549 1784 614 Albinus,
1807 551 2013 618 Quaest.

433 636 490 689 in
522 634 709 692 Cenes.
739 638 806 693 de
822 646 1016 693 natura
1036 629 1346 695 bituminis:
1369 642 1610 698 Bitumen
1626 655 1703 698 est
1731 645 2017 712 ferventis-

435 729 633 781 simum
656 738 705 783 et
739 731 1169 786 uiolentissimum
1192 732 1391 802 gluten,
1411 735 1563 805 cujus
1583 747 1662 790 est
1687 736 1797 790 hinc
1827 739 2011 802 virtus,

436 828 497 872 ut
526 819 673 890 ligna
696 837 756 876 eo
789 822 979 886 oblita,
1013 840 1104 877 nec
1136 825 1395 880 vermibus
1429 827 1577 880 exedi
1597 868 1612 891 ,
1642 846 1732 882 nec
1758 831 1884 883 solis
1910 848 2016 883 ar—

431 910 593 975 dore,
644 929 736 966 nec
775 913 993 982 ﬂatibus
1045 925 1350 983 ventorum,
1389 935 1480 972 nec
1512 938 1770 990 aquarum
1812 924 2014 991 possint

431 1006 777 1062 inundatione
808 1010 1047 1064 dissolvi.
1083 1010 1353 1081 Joseplius
1386 1012 1569 1083 Antig.
1604 1016 1699 1071 lib.
1738 1031 1776 1079 ι,
1813 1031 1931 1086 cap.
1957 1017 2010 1079 4,

430 1096 499 1150 de
527 1111 667 1151 arcae
696 1098 963 1152 bitumine
993 1116 1059 1155 ex
1092 1100 1296 1157 Beroso
1324 1101 1611 1157 Chaldaeo:
1636 1104 1741 1158 Τοῦ
1762 1105 1820 1158 δὲ
1853 1123 2017 1159 κατα-

427 1185 671 1258 κλυσμοῦ
706 1189 894 1241 τούτου
920 1192 1012 1243 καὶ
1053 1192 1153 1262 τῆς
1182 1193 1449 1264 λάρνακος
1478 1197 1780 1268 μέμνηνται
1805 1199 2009 1263 πάντες

422 1279 473 1331 oi
510 1277 607 1342 τὰς
637 1280 979 1353 βαρϐαρικάς
1019 1284 1257 1355 ἱστορίας
1299 1287 1739 1358 ἀναγράφοντες,
1780 1284 1853 1344 ὧν
1892 1293 2010 1344 ἐστι

423 1371 522 1424 καὶ
552 1373 844 1445 Βηρωσσὸς
878 1379 906 1429 ὁ
935 1377 1221 1441 Χαλδαῖος.
1256 1380 1622 1450 Διηγούμενος
1652 1383 1760 1456 γάρ
1788 1386 1854 1438 τά
1883 1387 2012 1457 περὶ

422 1463 515 1516 τὸν
542 1465 925 1539 κατακλυσμὸν
954 1468 1097 1523 οὕτω
1130 1488 1247 1534 πως
1293 1472 1530 1537 διέξεισι·
1565 1476 1797 1544 Λέγεται
1826 1477 1882 1531 δὲ
1916 1480 2011 1532 καὶ

419 1554 519 1607 τοῦ
553 1556 736 1611 πλοίου
770 1560 827 1612 ὲν
856 1563 919 1633 τῇ
948 1563 1214 1635 Ἀρμενίᾳ
1247 1565 1381 1636 πρὸς
1407 1566 1483 1639 τῷ
1509 1567 1625 1639 ὄρει
1653 1569 1761 1623 τῶν
1793 1572 2008 1644 Καρδυ-

422 1648 558 1703 αίων
601 1649 681 1703 ἔτι
726 1652 893 1725 μέρος
964 1672 1015 1708 τι
1054 1652 1232 1720 εἶναι,
1281 1658 1374 1711 καὶ
1428 1662 1675 1732 κομίζειν
1721 1663 1873 1728 τινας
1909 1666 2007 1736 τῆς

420 1738 697 1808 ἀσφάλτου
740 1742 1124 1815 ἀφαιροῦντας.
1161 1747 1416 1819 Χρῶνται
1467 1751 1525 1803 δὲ
1566 1753 1800 1822 μάλιστα
1838 1756 1887 1808 οἱ
1924 1756 2008 1809 ἇν-

421 1833 629 1904 θρωποι
706 1836 785 1906 τῷ
851 1839 1197 1912 κομιζομένῳ
1264 1843 1404 1914 πρὸς
1460 1845 1591 1908 τοὺς
1656 1848 2006 1917 ἀποτροπια-

421 1926 612 1996 σμούς.
629 1924 724 1981 His
736 1943 799 1982 ex
818 1927 1054 2000 Josepho
1072 1933 1257 1988 subdit
1278 1937 1536 1990 nonnulla
1558 1952 1624 1990 ex
1642 1932 1888 1993 Abideno
1908 1940 2007 1993 Eu-

424 2017 542 2072 seb.
568 2017 645 2072 De
670 2034 898 2088 prwpar.
935 2040 1119 2095 evang.
1141 2065 1155 2088 ,
1184 2026 1278 2082 lib.
1310 2044 1385 2091 ix,
1423 2028 1566 2083 inter
1594 2037 1788 2084 caetera
1812 2050 1823 2084 :
1847 2033 1919 2085 Τὸ
1947 2033 2003 2087 δὲ

415 2109 599 2164 πλοῖον
633 2112 693 2165 ὲν
734 2113 997 2185 Ἀρμενίῃ
1046 2118 1324 2187 περίαπτα
1368 2118 1540 2186 ξύλων
1584 2121 2004 2195 ἀλεξιφάρμακα

414 2202 585 2254 τοῖσιν
618 2204 958 2275 ὲπιχωρίοισι
996 2208 1309 2279 παρείχετο.
1340 2210 1407 2264 Et
1442 2210 1826 2268 Chronicorum
1861 2226 1999 2286 part.

416 2305 455 2350 ι,
487 2306 555 2346 ex
590 2290 903 2349 Alexandro
938 2295 1282 2367 Polyhistore
1320 2318 1333 2355 :
1367 2301 1472 2355 Τοῦ
1511 2304 1567 2356 δὲ
1596 2304 1782 2358 πλοίου
1814 2307 2001 2361 τούτου

413 2388 835 2455 κατακλιθέντος
864 2393 920 2442 ἐν
948 2394 1013 2463 τῇ
1042 2392 1308 2464 ’Λρμενία
1343 2395 1507 2466 μέρος
1537 2414 1588 2450 τι
1626 2395 1763 2452 εἶναι
1797 2402 1855 2453 ὲν
1890 2404 2003 2465 τοῖς

412 2478 775 2552 Κορκοραίοις
818 2482 957 2553 (lego
1011 2486 1354 2555 Κορδυαίοις)
1395 2487 1549 2560 ὄρεσι
1578 2490 1676 2561 τῆς
1709 2492 2001 2563 Ἀρμενίας

410 2564 702 2636 διαμένον,
740 2570 834 2624 καί
875 2588 1028 2635 τινας
1070 2574 1180 2626 ἀπὸ
1214 2574 1305 2628 τοῦ
1348 2577 1531 2630 πλοίου
1570 2582 1818 2651 κομίζειν
1863 2584 1998 2636 ἀπο-

413 2654 635 2723 ξύοντας
664 2661 936 2730 ἄσφαλτον
958 2678 970 2691 ·
1004 2666 1238 2735 χρᾶσθαι
1266 2666 1321 2719 δὲ
1346 2669 1519 2740 ,αὐτὴν
1548 2672 1684 2742 πρὸς
1712 2675 1839 2737 τοὺς
1869 2676 2001 2729 ἀπο-

411 2757 809 2827 τροπιασμούς.
859 2757 954 2813 liae
999 2769 1177 2816 autem
1214 2778 1356 2818 arca:
1391 2767 1637 2836 reliquizc
1660 2809 1675 2833 ,
1708 2778 1769 2823 ut
1816 2773 1999 2829 videre

414 2853 501 2899 est
533 2862 600 2902 ex
627 2846 867 2920 Joseplio
891 2890 907 2915 ,
958 2866 1079 2921 qua}
1112 2853 1179 2907 ad
1223 2870 1321 2910 sua
1355 2863 1598 2929 tempora
1629 2862 1999 2932 perdurarunt

413 2953 513 3008 per
544 2955 720 2997 annos
748 2945 983 3012 amplius
1012 2945 1096 3000 bis
1130 2948 1309 3017 mille,
1342 2966 1409 3005 an
1447 2954 1646 3008 virtute
1687 2956 1994 3025 bituminis,

413 3028 483 3083 de
512 3045 622 3100 quo
666 3033 822 3101 plura
852 3030 1084 3096 Plinius.
1119 3036 1213 3093 lin.
1260 3055 1425 3103 xxxv,
1458 3055 1575 3111 cap.
1614 3043 1702 3112 15,
1730 3054 1783 3101 et
1809 3064 1875 3103 ex
1903 3048 1998 3104 Al—

412 3119 544 3175 bino
573 3119 833 3180 Rabanus
868 3125 1146 3183 :Bitumen
1175 3140 1253 3185 est
1282 3131 1750 3204 ferventissimam,
1789 3149 1839 3194 et
1875 3142 2000 3195 vio-

412 3213 775 3271 lentissimum'
804 3218 983 3289 gluten
1009 3260 1024 3285 ,
1057 3221 1208 3292 cujus
1240 3224 1352 3280 lucc
1401 3236 1480 3282 est
1524 3230 1725 3296 virtus,
1761 3244 1818 3287 ut
1855 3235 1999 3307 ligna

410 3324 530 3378 quia
559 3327 619 3364 eo
653 3312 820 3365 oblita
852 3314 1073 3383 fuerint,
1117 3334 1208 3370 nec
1256 3320 1518 3374 vermibus
1546 3323 1716 3388 exedi,
1755 3343 1844 3381 nec
1870 3331 1998 3385 solis

409 3399 620 3464 ardore,
658 3417 749 3455 nec
796 3414 1064 3458 ventorum
1099 3407 1340 3475 ﬂatibus,
1371 3428 1463 3464 nec
1495 3429 1759 3483 aquarum
1789 3421 1996 3487 possint

406 3490 657 3546 violentia
684 3491 944 3560 dissolvi;
975 3511 1045 3551 an
1097 3498 1172 3553 ita
1215 3499 1326 3555 Deo
1374 3503 1703 3573 disponente
1728 3547 1742 3573 ,
1774 3511 1917 3579 quod
1944 3521 1998 3567 et

409 3583 613 3649 verius,
641 3592 700 3639 ut
726 3589 987 3645 mortales
1020 3600 1307 3660 aeternum,
1341 3603 1400 3649 ut
1430 3597 1505 3651 ita
1540 3599 1745 3667 dicam,
1768 3602 1996 3672 iustitia:

407 3670 626 3741 divinae,
659 3691 760 3731 nec
808 3693 916 3733 non
963 3686 1017 3734 et
1060 3681 1451 3741 misericordias
1481 3702 1593 3758 prae
1620 3670 1797 3748 oculis
1825 3693 1994 3749 habe-

406 3771 530 3817 rent
561 3767 1001 3823 monimentum?

474 3853 611 3907 Ibid.
637 3894 653 3919 ,
698 3856 796 3910 lin.
834 3857 887 3911 8.
932 3859 985 3912 Ὀ
1027 3860 1096 3914 δὲ
1141 3862 1269 3918 Νῶε
1313 3864 1993 3937 ὲτελεύτησεν.Ρεευᾶο-

405 3941 643 4001 Berosus
664 3946 951 4006 Annianus
999 3953 1092 4009 lib.
1128 3970 1211 4021 tu,
1238 3958 1409 4012 multa
1426 3959 1493 4015 de
1526 3960 1673 4031 Noe,
1711 3966 1853 4022 etiis
1878 3985 1998 4036 quae

405 4037 523 4106 ipse
540 4045 663 4108 post
698 4040 962 4098 diluvium
992 4048 1182 4115 gessit,
1220 4049 1355 4106 ﬁdes
1388 4052 1459 4107 sit
1492 4070 1658 4124 penes
1692 4067 1992 4116 auctorem.

472 4126 635 4195 lbid.,
669 4132 765 4186 lin.
804 4134 857 4188 9.
891 4137 1000 4189 Kal
1034 4139 1148 4193 υἱοὶ
1203 4143 1410 4197 αὑτοῦ.
1454 4144 1803 4206 Hebraeorum
1831 4154 1996 4224 pleri-

404 4234 511 4288 que
544 4221 778 4288 docent,
810 4223 1006 4295 Japhet
1050 4231 1226 4298 primo
1276 4234 1396 4289 loco
1429 4252 1457 4290 a
1493 4237 1606 4294 Noe
1645 4221 1997 4316 fuisse—geni-

405 4320 520 4367 tum
542 4354 557 4379 ,
584 4314 754 4369 Cham
789 4320 1032 4374 secundo
1053 4362 1067 4384 ,
1102 4320 1228 4377 Sem
1269 4328 1514 4384 omnium
1543 4314 1995 4401 postrema—Au-

2188 464 2347 531 lbid.,
2376 468 2473 521 lin.
2505 469 2592 523 92.
2628 468 2864 536 Νεϐρὼο
2895 471 3130 526 ἔπειθεν
3157 475 3213 527 ό.
3246 472 3526 544 Josepbus
3553 516 3570 537 ,
3608 478 3695 545 lib.

2116 573 2133 611 ι
2172 560 2456 628 Antiquit.,
2485 575 2605 630 cap.
2639 561 2673 615 5
2705 581 2718 615 :
2752 562 2946 635 Ἐξῆρε
2971 564 3029 617 δὲ
3058 565 3255 628 αὐτοὺς
3280 566 3419 637 πρός
3443 584 3506 619 τε
3544 566 3695 641 ὓϐριν

2114 650 2208 703 τοῦ
2241 651 2397 715 Θεοῦ,
2438 654 2532 706 καὶ
2570 655 2972 727 καταφρόνησιν
3010 656 3337 729 Νεϐρώδης,
3384 658 3465 723 ὡς
3505 661 3696 725 υἱωνὸς

2118 743 2216 813 μὲν
2257 743 2332 796 ὢν
2376 745 2568 816 Χάμου
2614 745 2706 798 τοῦ
2748 746 2971 819 Νώχου·
3014 749 3285 822 τολμηρὸς
3321 751 3381 805 δὲ
3418 754 3520 805 καὶ
3560 755 3695 807 κατά

2114 839 2273 907 χεῖρα
2300 840 2564 904 γενναῖος,
2590 837 2804 892 ἔπειθεν
2828 841 3026 904 αὐτοὺς
3052 842 3127 913 μὴ
3150 842 3227 913 τῷ
3249 844 3367 916 Θεῷ
3401 845 3607 899 διδόναι
3639 849 3691 901 τὸ

2112 927 2178 980 δι’
2206 928 2409 981 ἐκεῖνον
2431 929 2786 1000 εὐδαιμονεῖν,
2820 931 2955 985 ἀλλά
2981 935 3080 1003 τὴν
3115 935 3250 988 ἰδίαν
3280 937 3489 1008 ἀρετὴν
3529 940 3701 991 ταῦτα

2114 1020 2373 1090 παρέχειν
2401 1021 2584 1085 αὐτοῖς
2598 1021 2868 1091 ἡγεῖσθαι.
2892 1024 3154 1093 Περίιστα
3180 1026 3234 1079 δὲ
3260 1030 3382 1080 κατ’
3408 1028 3597 1097 ὀλίγον
3621 1033 3687 1092 εἰ,

2110 1110 2400 1181 τυραννίδα
2426 1111 2494 1165 τὰ
2524 1112 2845 1183 πράγματα,
2882 1113 3060 1184 μόνως
3087 1115 3229 1170 οὕτω
3283 1119 3533 1189 νομίζων
3566 1122 3687 1173 ἀπο-

2114 1203 2330 1272 στήσειν
2359 1205 2485 1267 τοὺς
2511 1204 2831 1277 ἀνθρώπους
2860 1209 3011 1280 παρὰ
3040 1209 3133 1263 τοῦ
3158 1210 3313 1274 Θεοῦ,
3340 1213 3392 1264 εί
3419 1212 3691 1284 χρώμενα

2109 1295 2175 1363 τῇ
2202 1293 2365 1347 αὐτοῦ
2394 1294 2618 1366 δυνάμει
2648 1296 2957 1353 διατελεῖεν.
2978 1301 3322 1371 Ἀμυνεῖσθαί
3352 1320 3413 1356 τε
3441 1304 3541 1357 τὸν
3568 1305 3693 1359 Θεὸν

2111 1382 2272 1436 πάλιν
2330 1385 2545 1454 ἠπείλει
2594 1386 2693 1457 τὴν
2754 1389 2857 1459 γῆν
2912 1391 3305 1447 ὲπικλύσασθαι
3361 1394 3688 1465 θελήσαντω

2116 1472 2322 1551 πύργον
2362 1478 2470 1549 γὰρ
2511 1478 2884 1553 οἰκοδομήσειν
2928 1482 3289 1554 ὑψηλότερον,
3337 1485 3373 1556 ῆ
3432 1488 3499 1540 τὸ
3556 1487 3693 1559 ὓδωρ

2107 1566 2373 1643 αναόῆψι
2419 1567 2708 1641 δυνηθείηο
2757 1572 3175 1641 μετελεύσεσθαι
3214 1576 3272 1629 δὲ
3330 1578 3429 1631 καὶ
3459 1579 3565 1648 τῆς
3590 1581 3692 1633 τῶν

2111 1660 2389 1729 προγόνων
2414 1659 2705 1726 ἀπωλείας.
2740 1661 2858 1717 Νοιι
2900 1666 3184 1721 dissimilia
3216 1678 3408 1723 narrat
3438 1669 3604 1742 Hugo
3631 1672 3691 1728 de

2040 1730 2084 1790 Β
2115 1746 2318 1803 Sancto
2365 1749 2585 1807 Victore
2630 1753 2828 1809 Annal.
2878 1757 2931 1810 in
2967 1756 3150 1813 Cenes.
3196 1768 3252 1815 et
3296 1730 3687 1834 llieronytmus,

2116 1837 2514 1895 Traditionibus
2552 1841 2710 1897 Hebr.
2743 1845 2797 1898 in
2814 1843 3057 1902 Genesin.
3081 1848 3337 1913 Nemrod,
3368 1851 3578 1922 inquit,
3608 1871 3690 1906 ar-

2112 1931 2274 1999 ripuit
2302 1932 2561 1986 insuetam
2589 1937 2792 2003 primus
2822 1938 2877 1991 in
2906 1940 3098 2009 populo
3130 1942 3469 2011 tyrannidem
3502 1962 3688 2014 regna-

2112 2025 2282 2094 vitque
2319 2025 2374 2078 in
2417 2025 2721 2096 Babylone,
2764 2047 2881 2100 qua:
2915 2031 2980 2084 ab
3031 2049 3091 2086 eo
3113 2073 3132 2097 ,
3176 2035 3314 2103 quod
3345 2035 3422 2088 ibi
3454 2040 3687 2108 confusa:

2110 2127 2231 2171 sunt
2261 2117 2476 2187 lingula,
2501 2121 2662 2174 turris
2688 2120 3068 2181 adificantium
3098 2124 3263 2179 Babel
3288 2129 3567 2195 appellata
3593 2140 3683 2185 est.

2114 2205 2418 2262 Hetliodius
2442 2209 2519 2262 ait
2544 2209 2688 2265 hunc
2724 2212 2892 2269 fuisse
2927 2224 3173 2283 nepotem
3206 2216 3331 2272 Seni
3362 2235 3377 2270 :
3407 2222 3560 2293 Πρὸς
3580 2221 3687 2276 τοῦ-

2109 2314 2199 2350 τον
2227 2297 2461 2368 κατῆλθε
2506 2299 2758 2372 Νεὸρὼδ,
2788 2302 2883 2354 καὶ
2910 2304 3217 2369 παιδευθεὶς
3253 2309 3387 2377 παρ’
3417 2309 3589 2362 αὑτοῦ
3618 2310 3686 2362 εί-

2108 2387 2244 2461 ληφε
2276 2389 2469 2461 βουλὴν
2500 2393 2584 2461 ἐφ’
2610 2387 2653 2460 ᾧ
2688 2393 3003 2463 βασιλεῦσαι
3034 2397 3211 2451 αὐτόν.
3247 2393 3418 2463 Οὗτος
3448 2400 3510 2453 δὲ
3543 2402 3683 2457 ὁδε-

2109 2482 2255 2555 6ρὼδ
2316 2484 2544 2554 ἀδελφὸς
2598 2486 2707 2540 τῶν
2771 2488 2965 2560 ⁴ἡρώων
3013 2490 3275 2563 ἐτύγχανε
3323 2493 3440 2546 τῶν
3485 2495 3681 2548 τέκνων

2106 2576 2201 2628 τοῦ
2244 2577 2383 2648 Σήμ.
2423 2580 2532 2631 Καὶ
2572 2580 2732 2645 αὐτὸς
2774 2583 2990 2654 πρῶτος
3039 2584 3389 2640 ἐϐασίλευσεν
3436 2590 3535 2642 ἐπὶ
3590 2590 3681 2658 τῆς

2106 2669 2229 2740 γῆς.
2261 2668 2417 2736 Quod
2468 2668 2667 2726 falsum
2713 2689 2838 2729 esse
2864 2676 3029 2731 verba
3070 2676 3272 2748 Moysis
3320 2681 3676 2747 convincunt,

2106 2777 2227 2831 quae
2249 2777 2371 2817 eum
2396 2760 2600 2817 faciunt
2625 2773 2875 2834 nepotem
2902 2768 3091 2823 Chami
3109 2789 3126 2823 :
3149 2768 3280 2824 Filii
3300 2770 3498 2837 Cham,
3526 2772 3677 2835 Class,

2106 2852 2394 2918 Hesraim,
2438 2855 2614 2923 Plzut,
2654 2867 2706 2911 et
2748 2857 3038 2914 Clianaam.
3092 2860 3264 2917 Porro
3317 2862 3470 2919 Chus
3514 2867 3676 2936 genuit

2108 2944 2366 3003 Nemrod.
2395 2947 2460 3005 Et
2475 2950 2838 3021 Augustinus,
2864 2953 2961 3007 lib.
2994 2971 3084 3009 xvi
3119 2955 3196 3009 De
3221 2957 3372 3012 civit.
3399 2958 3499 3013 Dei
3518 3004 3533 3021 ,
3565 2975 3673 3030 cap.

2105 3037 2139 3091 4
2173 3056 2187 3091 :
2232 3038 2380 3095 Unde
2406 3042 2693 3112 colligitur,
2739 3044 3002 3115 gigantem
3043 3047 3197 3101 illum
3232 3047 3499 3104 Nemroth
3527 3052 3675 3117 fuisse

2101 3130 2249 3185 illius
2278 3132 2623 3202 conditorem,
2646 3136 2784 3207 quod
2814 3140 3053 3207 superius
3092 3140 3312 3196 breviter
3339 3143 3525 3211 fuerat
3557 3146 3672 3199 inti-

2103 3233 2305 3277 matum
2331 3218 2357 3288 ,’
2383 3225 2473 3280 ubi
2519 3244 2637 3281 cum
2679 3227 2742 3282 de
2775 3229 2869 3284 illo
2914 3232 3188 3301 Scriptura
3214 3234 3527 3305 loqueretur
3547 3281 3562 3305 ,
3590 3241 3671 3301 ait,

2100 3315 2311 3369 initium
2340 3319 2484 3388 regni
2510 3319 2624 3388 ejus
2651 3320 2755 3390 fuit
2788 3322 3029 3393 Babylon
3054 3325 3096 3357 "
3117 3367 3131 3391 ,
3169 3326 3225 3379 id
3256 3337 3358 3392 est,
3384 3347 3509 3399 quin

2103 3413 2272 3460 totum
2301 3418 2613 3464 cwterarum
2645 3422 2842 3481 gereret
2869 3415 3241 3482 principatum,
3274 3417 3370 3472 ubi
3400 3432 3545 3476 esset
3573 3432 3675 3475 tan-

2098 3513 2258 3567 quam
2295 3499 2351 3552 in
2381 3502 2655 3571 metropoli
2692 3502 3051 3558 habitaculum
3084 3508 3260 3577 regni,
3283 3513 3534 3579 quamvis
3570 3529 3675 3581 per-

2100 3588 2240 3656 fecta
2272 3606 2376 3644 non
2406 3591 2566 3660 fuerit
2595 3609 2757 3664 usque
2805 3594 2861 3647 in
2895 3604 3098 3649 tantum
3127 3598 3370 3663 modum,
3421 3614 3672 3672 quantum

2098 3682 2323 3751 superba
2345 3685 2610 3754 cogitabat
2631 3686 2894 3750 impietas.
2918 3686 2981 3741 Et
3006 3688 3266 3746 inferius:
3293 3689 3551 3764 Erigebat
3564 3712 3673 3763 ergo

2098 3790 2218 3828 cum
2261 3776 2371 3831 suis
2407 3777 2612 3845 populis
2663 3788 2859 3832 turrem
2900 3792 3085 3835 contra
3114 3781 3436 3850 Dominum,
3474 3804 3580 3857 qua
3604 3798 3669 3842 est

2098 3865 2263 3935 impia
2292 3870 2594 3938 signiﬁcata
2626 3874 2891 3938 superbia.
2929 3872 3096 3928 Plura
3115 3874 3181 3930 de
3212 3875 3315 3931 hac
3348 3881 3525 3936 turris
3552 3880 3671 3935 ardi-

2098 3956 2351 4014 iicatione
2399 3976 2497 4031 per
2546 3960 2894 4019 Nemrothem
2943 3966 3114 4023 babes
3164 3970 3307 4038 apud
3355 3970 3665 4028 historicos.

2097 4049 2273 4104 Aliter
2295 4059 2477 4105 tamen
2502 4052 2676 4108 sensit
2699 4052 3016 4120 Caietanus,
3039 4072 3163 4112 cum
3194 4066 3361 4130 negat
3395 4071 3666 4117 auctorem

2098 4141 2264 4212 hujus
2296 4146 2464 4199 turris
2496 4145 2666 4203 fuisse
2699 4146 2959 4203 Nemroth
2982 4190 2996 4213 ,
3029 4152 3281 4221 quamvis
3302 4154 3419 4222 jam
3454 4155 3668 4210 inchoa-
3772 4150 3773 4169 ἶ

2096 4240 2166 4288 ῑιο
2204 4244 2327 4304 post
2356 4237 2733 4294 confusionem
2783 4240 3091 4311 linguarum
3125 4253 3539 4314 occupatorem.
3566 4246 3666 4302 Ne-

2098 4342 2203 4396 que
2235 4326 2519 4393 Nemroth,
2552 4330 2758 4399 inquit,
2794 4348 2969 4402 neque
2992 4334 3225 4403 aliquem
3252 4346 3465 4391 certum
3502 4338 3665 4393 homi-

405 4405 694 4474 gustinus,
730 4408 823 4463 lib.
858 4427 949 4464 xv:
984 4410 1062 4466 De
1106 4414 1316 4469 civitate
1346 4416 1443 4472 Dei
1463 4459 1478 4486 ,
1525 4424 1737 4494 capue,
1791 4426 1989 4498 Japhet
2021 4435 2066 4491 υ
2096 4436 2219 4474 nem
2251 4429 2531 4477 auctorem
2563 4422 2738 4480 fuisse
2788 4426 2934 4481 illius
2962 4426 3181 4481 fabricae
3207 4429 3455 4483 declarat
3479 4431 3664 4486 exhor-

408 4501 698 4556 minimum
730 4512 908 4574 putat,
945 4504 1069 4561 Sem
1106 4511 1429 4567 maximum.
1655 4564 1673 4582 ,

476 4593 637 4659 lbid.,
669 4594 765 4649 lin.
788 4595 874 4648 12.
905 4597 1050 4650 Ἀπὸ
1079 4598 1182 4651 τοῦ
1216 4600 1419 4669 ὄρους.
1449 4602 1562 4661 Noe
1594 4608 1761 4675 enim,
1786 4618 1841 4665 et
1873 4612 1988 4680 ﬁlii,

404 4686 618 4741 relictis
671 4689 955 4745 montibus
993 4692 1266 4748 Armeniae
1312 4705 1435 4765 post
1478 4696 1776 4768 diluvium,
1833 4713 1993 4762 terra:

403 4779 690 4848 planitiem
735 4791 1141 4853 assequuntur,
1172 4786 1383 4858 fuitque
1425 4792 1600 4862 prima
1646 4795 1909 4853 habitatio
1936 4802 1989 4855 in

405 4876 550 4922 terra
583 4868 867 4935 Sennaar,
900 4889 1010 4942 quo
1038 4875 1092 4928 in
1141 4876 1259 4932 loco
1300 4888 1492 4948 postea
1537 4882 1780 4957 Babylon
1821 4891 1993 4945 aedili-

403 4970 524 5015 cata
575 4962 697 5017 fuit.
718 4964 988 5020 Eusebius
1012 5005 1027 5031 ,
1060 4976 1204 5036 part.
1241 4985 1256 5023 ι
1291 4968 1536 5027 Chronic.
1572 4992 1640 5031 ex
1679 4978 1991 5039 Alexandro

400 5054 746 5129 Polyhistore
784 5062 1110 5129 ιἚλθόντας
1156 5062 1249 5122 οὖν
1299 5071 1521 5136 τούτους
1568 5076 1650 5140 εἰς
1693 5078 1988 5136 Βαϐυλῶνα

399 5148 470 5201 τά
497 5166 557 5201 τε
588 5152 653 5204 ὲκ
680 5152 982 5224 Σιππάρων
1011 5157 1317 5229 γράμματα
1361 5163 1650 5235 ἀνορύξαι,
1686 5172 1778 5224 καὶ
1808 5174 1987 5238 πόλεις

401 5242 601 5306 πολλὰς
647 5246 966 5312 κτίζοντας,
1008 5250 1103 5304 καὶ
1153 5253 1274 5323 ἱερά
1316 5256 1781 5330 ἀνιδρυσαμένους
1821 5266 1988 5320 πάλαι

399 5334 676 5390 ἑπικτίσαι
721 5339 823 5411 τὴν
847 5340 1163 5396 Βαϐυλῶνα.
1199 5343 1407 5401 Ηοῢιίοί
1442 5360 1733 5419 asserunt,
1776 5355 1891 5414 Noe
1921 5376 1987 5415 ex

399 5422 660 5483 Armenia
690 5431 922 5487 rediisse
949 5433 1006 5488 in
1035 5442 1278 5492 veterem
1311 5441 1541 5508 patriam
1563 5486 1578 5509 ,
1628 5445 1683 5509 id
1714 5455 1797 5503 est
1823 5490 1837 5515 ,
1868 5451 1985 5507 loca

402 5516 671 5588 Damaseo
712 5524 891 5580 vicina
917 5566 932 5593 ,
961 5528 1055 5585 ubi
1097 5533 1391 5589 constituit
1443 5551 1670 5609 regnum
1699 5580 1713 5607 ,
1747 5550 1802 5601 et
1849 5561 1986 5617 ponv

477 5681 519 5712 ’”
547 5680 683 5736 Gen.
714 5699 767 5751 χ,
806 5686 888 5740 lO.

2096 4514 2251 4577 latio,
2282 4521 2337 4567 et
2366 4514 2617 4570 incitatio
2647 4516 2911 4571 attributa
2945 4534 3079 4589 vage
3103 4526 3159 4573 et
3189 4518 3478 4577 indeﬁnite
3507 4523 3665 4577 homi-

2093 4608 2278 4666 nibus.
2311 4613 2372 4660 ut
2406 4608 2778 4678 intelligamus
2808 4611 2972 4676 hinc,
3007 4613 3153 4681 quod
3182 4612 3449 4669 Nemroth
3480 4617 3660 4672 civita-

2093 4699 2199 4746 ti-m
2219 4693 2525 4765 Babyloniae
2546 4697 2879 4763 inchoatam,
2897 4703 3173 4756 communi
3202 4713 3350 4767 voto,
3368 4714 3424 4761 et
3450 4716 3659 4769 conatu.

2094 4793 2216 4853 post
2248 4785 2623 4844 confusionem
2667 4791 2978 4861 linguarum
3022 4795 3568 4868 ipse‘occupaverit,
3616 4807 3661 4856 et

2094 4873 2290 4929 ibidem
2323 4893 2552 4948 regnare
2577 4881 2827 4951 cmperit.

2165 5007 2320 5072 lbid.,
2344 5011 2441 5065 lin.
2474 5012 2564 5067 25.
2593 5015 2701 5068 Καὶ
2731 5014 2807 5085 δὴ
2841 5017 3093 5086 πύργον.
3125 5017 3201 5075 De
3228 5019 3333 5075 hac
3364 5025 3506 5078 turri
3530 5023 3661 5095 Aby-

2090 5099 2264 5184 denus
2297 5104 2437 5173 apud
2470 5103 2800 5172 Eusebium,
2837 5108 2916 5162 De
2955 5122 3245 5179 pra'parat.
3287 5106 3551 5187 evangel.,
3576 5118 3654 5173 lib.

2092 5205 2144 5243 lx
2170 5175 2347 5245 :"Evz‘t
2372 5193 2415 5245 δ’
2440 5194 2488 5247 οἳ
2521 5194 2737 5264 λέγουσι
2764 5200 2890 5263 τοὺς
2906 5175 3158 5271 πρώτους
3186 5205 3250 5256 ἐκ
3283 5206 3389 5276 γῆς
3420 5175 3657 5278 ἀνασχόν-

2089 5298 2208 5345 τας,
2242 5282 2401 5357 ῥώμῃ
2427 5301 2485 5337 τε
2517 5287 2612 5340 καὶ
2640 5288 2856 5358 μεγέθει
2888 5292 3288 5361 χαυνωθέντας,
3314 5297 3413 5354 καὶ
3438 5298 3504 5372 δὴ
3537 5299 3656 5354 θεῶν

2089 5378 2640 5447 καταφρονήσαντας,
2684 5380 2973 5450 ἀμείνονας
3024 5380 3162 5440 εἶναι
3216 5388 3445 5461 πύργων
3482 5392 3653 5465 τύρσει

2088 5462 2340 5534 ἠλίϐατον
2376 5467 2613 5539 ἀείρειν,
2661 5470 2748 5524 ἵνα
2794 5470 2890 5526 νῦν
2935 5473 3191 5531 Βαδυλῶν
3243 5479 3416 5548 ἐστιν,
3477 5462 3576 5557 ﬁcii}
3602 5501 3649 5535 τε

2089 5550 2255 5609 ἆσσον
2298 5551 2435 5613 εἶναι
2474 5559 2566 5613 τοῦ
2609 5561 2875 5633 οὐρανοῦ,
2910 5566 3006 5620 καὶ
3054 5569 3180 5632 τοὺς
3218 5570 3458 5642 ἀνέμοπ
3505 5575 3648 5632 θεοῖσι
