3810 6168
146 270 264 323 993

1245 260 1310 312 ΙΝ
1352 256 1723 313 EUSTA'IHII
1767 253 2234 310 llEXAEMERON
2270 251 2497 308 NOTzE.

3316 259 3422 314 995

151 383 471 455 βωοέοντας
496 373 793 450 ἀνατρέψαι
829 378 956 450 περὶ
981 380 1191 430 αὑτοῖσι
1214 377 1275 430 τὸ
1300 378 1512 448 μηχάνη
1523 391 1618 445 μα.
1636 374 1736 426 Τοῦ

1848 370 2010 442 pedes
2057 371 2298 434 ducenti,
2342 369 2574 424 latitudo
2623 370 3034 442 quinquageni:
3071 372 3126 426 in
3176 373 3424 445 singulos

148 475 300 546 δῆτα
352 472 568 544 ἐρείπια
601 471 852 539 λέγεσθαι
905 469 1218 524 Βαϐυλῶνα.
1255 468 1556 525 Alexander
1584 465 1744 536 Poly-

152 568 347 622 histor
373 582 440 621 ex
467 565 762 635 Eupolemo
782 584 794 618 :
818 562 1129 633 Εὐπόλεμος
1158 562 1214 615 δὲ
1248 564 1303 615 ὲν
1337 560 1415 630 τῷ
1446 559 1575 630 περὶ
1612 558 1741 611 Ἰου-

151 658 331 712 δαίων
371 658 471 727 τῆς
512 655 803 726 Ἀσσυρίας
843 656 975 724 φησὶ
1022 652 1171 706 πόλιν
1203 651 1495 706 Βαϐυλῶνα
1529 649 1742 720 πρῶτον

158 751 269 822 μὲν
292 750 576 820 κτισθῆναι
603 749 704 802 ὑπὸ
719 749 824 802 τῶν
856 745 1226 801 διασωθέντων
1259 746 1321 797 ὲκ
1353 744 1446 796 τοῦ
1474 742 1743 797 κατακλυ-

158 840 332 912 σμοῦ,
385 836 521 893 εἶναι
566 840 621 893 δὲ
656 840 850 902 αὐτοὺς
886 839 1177 907 γίγαντας,
1224 835 1523 904 οἰκοδομεῖν
1558 833 1614 886 δὲ
1651 833 1741 886 τὸν

159 932 550 1005 ἱστορούμενον
576 931 798 1003 πύργον.
822 932 1086 994 Πεσόντος
1111 929 1167 982 δὲ
1191 928 1377 980 τούτου
1400 926 1502 978 ὑπὸ
1524 926 1625 995 τῆς
1645 923 1740 977 τοῦ

158 1024 302 1077 Θεοῦ
335 1024 631 1097 ἐνεργείας,
656 1024 783 1086 τοὺς
811 1023 1069 1092 γίγαντας
1084 1021 1441 1091 διασπαρῆναι
1472 1018 1593 1071 καθ’
1614 1017 1740 1089 ὃλην

158 1117 406 1194 τὴνγῆν.
433 1115 588 1171 Dictu
614 1118 749 1169 mira
782 1115 964 1185 prodit
988 1114 1351 1184 Hieronymus
1376 1113 1430 1166 in
1463 1128 1555 1166 xw
1577 1118 1739 1182 caput

161 1209 348 1265 Esaia:
398 1210 465 1264 de
517 1208 806 1264 altitudine
851 1208 1016 1278 hujus
1064 1208 1234 1262 turris
1284 1206 1352 1261 ad
1416 1206 1736 1261 miraculum

163 1318 369 1372 usque,
396 1317 556 1372 quem
587 1302 727 1357 vide.

236 1395 359 1448 Col.
387 1394 509 1460 755,
547 1394 642 1448 lin.
670 1392 760 1448 26.
801 1391 1217 1461 Ἀπειλῶιπτὸν
1250 1392 1416 1445 Θεόν.
1459 1389 1604 1454 ldeo,
1637 1388 1733 1453 ait,

164 1488 293 1542 illos
322 1487 571 1540 homines
597 1486 791 1540 turrim
818 1485 1134 1549 aediﬁcasse,
1157 1492 1214 1537 ut
1237 1491 1427 1537 contra
1449 1482 1731 1544 diluvium,

164 1580 336 1633 etiam
369 1578 478 1633 Deo
501 1579 740 1640 nolente,
788 1578 890 1633 sibi
946 1577 1316 1631 consulerent.
1349 1575 1548 1629 Eadem
1577 1574 1734 1630 Jose-

167 1670 335 1740 phus,
366 1670 457 1725 lib.
489 1685 506 1724 ι
551 1670 836 1740 Antiquit.,
860 1670 1017 1740 cujus
1048 1669 1210 1724 verba
1240 1684 1405 1739 supra
1431 1669 1729 1739 posuimus.

168 1761 536 1834 Augustinus,
595 1763 690 1817 lib.
734 1778 823 1816 xv1
868 1762 942 1817 De
980 1762 1189 1817 civitate
1231 1761 1348 1830 Dei,
1380 1777 1503 1833 cap.
1549 1763 1603 1827 4,
1643 1781 1737 1819 ve-

169 1871 305 1910 sana
362 1857 441 1911 ait
468 1856 700 1926 quadam
731 1855 896 1910 animi
947 1854 1203 1919 elatione,
1234 1870 1297 1909 ac
1345 1856 1655 1920 insolentia,
1685 1865 1737 1912 et

170 1948 439 2003 adversus
476 1946 644 2001 Deum
688 1947 963 2018 impietate
987 1944 1248 2002 Nemroth
1284 1946 1418 2001 illud
1448 1947 1736 2002 aedilicium

168 2041 530 2106 exstruxisse,
554 2048 614 2095 ut
642 2048 833 2094 contra
863 2037 1032 2095 Deum
1066 2039 1170 2095 sibi
1197 2049 1413 2109 pararet
1437 2056 1740 2111 prepugna-

167 2132 379 2196 culum,
406 2132 666 2201 illumque
695 2133 1126 2201 quotiescunque
1155 2130 1405 2186 libuisset
1434 2130 1735 2195 infestaret,

164 2235 336 2294 atque
362 2222 679 2288 offenderet,
710 2224 956 2280 aliialias
983 2224 1258 2278 adducunt
1293 2239 1509 2279 causas.
1541 2223 1738 2279 Noster

165 2316 497 2372 Eustathius
531 2324 840 2388 utramque,
873 2327 929 2373 et
948 2315 1193 2388 Iosephi,
1223 2326 1277 2370 et
1300 2315 1587 2388 Augustini
1613 2333 1742 2372 con-

160 2409 373 2476 junxit,
406 2417 459 2463 et
502 2409 660 2479 quasi
708 2425 869 2463 unam
901 2410 1182 2480 exposuit;
1230 2425 1333 2466 nec
1372 2410 1621 2465 homines
1660 2410 1738 2464 illi

165 2499 319 2553 aliud
340 2500 394 2553 in
421 2510 599 2556 mente
616 2499 945 2555 habuerunt.
965 2500 1152 2556 Solent
1168 2503 1310 2556 enim
1337 2502 1619 2571 praeteritis
1632 2517 1740 2556 ma-

166 2591 244 2644 lis
270 2590 475 2654 aﬂlicti,
499 2590 682 2645 futura
721 2592 904 2646 studio
929 2602 1155 2664 arteque
1180 2594 1504 2663 propellere,
1534 2609 1603 2647 ne
1651 2594 1737 2648 bis

167 2680 368 2737 iisdem
417 2681 666 2738 infestari
719 2684 1038 2755 contingat;
1080 2694 1132 2740 et
1171 2685 1300 2739 dum
1336 2693 1545 2740 naturae
1582 2685 1739 2742 donis

166 2774 422 2838 alliuunt,
452 2775 667 2841 robore,
696 2776 922 2839 divitiis,
949 2779 1382 2849 auctoritateque
1411 2779 1619 2849 stipati,
1655 2779 1739 2832 in-

166 2880 310 2920 sano
340 2880 477 2920 ausu
510 2865 722 2934 furere;
746 2875 800 2921 et
828 2883 952 2921 eum
974 2867 1087 2937 jam
1113 2868 1390 2921 hominum
1420 2884 1478 2923 se
1502 2884 1624 2923 esse
1646 2884 1740 2924 su-

167 2960 418 3029 periores
468 2959 863 3028 persenserint,
912 2970 1101 3015 contra
1151 2959 1319 3015 Deum
1366 2960 1732 3027 insolescere;

165 3052 389 3121 sibique
418 3066 599 3121 posse,
619 3052 1057 3143 quandocunque
1080 3052 1133 3107 id
1159 3052 1322 3143 fuerit
1345 3067 1501 3143 opus,
1525 3053 1601 3143 ab
1617 3052 1735 3121 ejus
1763 3086 1805 3143 ε

166 3156 337 3195 manu
357 3155 550 3197 cavere
571 3142 817 3210 epinari;
844 3142 976 3211 quin
1000 3149 1055 3195 et
1082 3142 1329 3196 molestia
1351 3142 1501 3195 illum
1524 3140 1737 3196 allicere

166 3239 531 3301 praesumunt.
579 3232 623 3284 0
673 3232 959 3286 ridiculam
1001 3232 1351 3287 industriam!
1382 3246 1414 3285 0
1444 3230 1735 3285 nefandum

166 3322 451 3377 studium!
499 3338 532 3377 ο
581 3324 899 3379 sceleratam
930 3324 1373 3394 praevidentiam!
1410 3322 1501 3378 Nae
1534 3323 1634 3388 illi,
1683 3331 1738 3379 ct

166 3416 370 3481 oculis,
399 3425 454 3469 et
484 3417 730 3482 auribus,
760 3426 813 3471 et
845 3418 1027 3471 animo
1052 3416 1179 3471 czeci
1214 3426 1358 3471 sunt.

245 3503 406 3570 lbid.,
438 3506 533 3560 lin.
577 3507 663 3560 5l.
710 3506 771 3559 Ὀ
808 3506 952 3572 Θεὸς
996 3505 1112 3575 τὴν
1153 3505 1483 3559 διάλεκτον.
1533 3504 1735 3577 Sibylla

168 3598 316 3667 apud
345 3597 672 3653 Eusebium:
710 3598 930 3652 Πάντων
970 3597 1264 3669 ὁμοφώνων
1297 3597 1463 3651 ὄντων
1501 3598 1606 3651 τῶν
1643 3599 1737 3651 ἁν-

168 3687 431 3760 θρώπων,
462 3687 667 3759 πύργον
713 3673 1069 3759 ᾠκοδόμησάν
1115 3705 1258 3751 τινες
1288 3687 1636 3759 ὑψηλότατον,
1664 3687 1739 3750 ὼς

167 3781 265 3834 ἐπὶ
295 3780 382 3832 τὸν
420 3780 643 3850 οὐρανὸν
685 3779 1076 3851 ἀναϐησόμενοι
1105 3780 1172 3832 δι’
1201 3779 1384 3832 αὑτοῦ,
1424 3781 1485 3831 Οἱ
1518 3779 1574 3832 δὲ
1607 3778 1737 3843 Osci,

169 3873 409 3942 ἀνέμους
446 3873 871 3944 ἐπιπέμψαντες,
908 3872 1205 3942 ἀνέτρεψαν
1246 3871 1339 3925 τὸν
1380 3870 1606 3942 πύργον,
1646 3872 1740 3923 καὶ

173 3966 314 4020 ἰδίαν
342 3966 554 4034 ἑκάστῳ
585 3963 764 4035 φωνὴν
788 3964 1011 4027 ἔδωκαν,
1035 3964 1128 4017 καὶ
1153 3962 1239 4016 διὰ
1263 3962 1418 4018 τοῦτο
1450 3963 1739 4016 Βαϐυλῶνα

170 4057 371 4128 συνέϐη
406 4056 667 4126 κληθῆναι
713 4054 811 4126 τὴν
851 4055 1021 4107 πόλιν.
1068 4053 1131 4106 ΕΙ.
1181 4053 1455 4110 ΙΙεεῑιῊιυε
1485 4072 1498 4108 :
1524 4053 1642 4105 Τῶν
1684 4054 1739 4105 δὲ

170 4156 363 4227 ἱερέων
390 4157 513 4218 τοὺς
549 4155 929 4219 διασωθέντας,
958 4154 1025 4208 τὰ
1056 4154 1147 4207 τοῦ
1188 4154 1461 4208 Ἐνυαλίου
1498 4152 1619 4215 Διὸς
1662 4152 1739 4203 is-

170 4249 403 4322 ρώματα
433 4247 714 4311 λαϐόντας,
756 4249 835 4309 εἰς
872 4246 1111 4319 Σενναὰρ
1149 4246 1246 4316 τῆς
1282 4243 1623 4306 Βαϐυλωνίας
1657 4242 1741 4295 ὲλ-

170 4342 305 4393 θεῖν.
330 4340 643 4392 Σκίδνανται
683 4340 746 4409 δὴ
776 4338 834 4391 τὸ
865 4337 1047 4391 λοιπὸν
1076 4336 1319 4390 ἐντεῦθεν
1355 4337 1460 4389 ὑπὸ
1481 4336 1578 4406 τῆς
1605 4336 1738 4405 ὀμο-

1846 465 2014 534 pedes
2044 463 2214 518 ternis
2240 463 2426 533 digitis
2454 478 2709 516 mensura
2736 464 3001 534 ampliore
3021 479 3181 533 quam
3207 474 3418 522 nostra.

1844 554 1942 608 Via
1974 556 2029 608 in
2062 555 2336 609 moenibus
2377 555 2512 623 ipsis
2560 563 2670 608 tam
2714 555 2845 621 lata,
2899 564 2953 608 ut
2997 557 3278 627 quadrigae
3320 560 3425 614 sibi

1842 646 2075 700 invicem
2148 653 2503 699 occurrentes
2547 644 2707 717 facile
2754 648 3092 714 pertransire
3153 657 3424 716 possent;

1842 736 1989 807 quod
2036 736 2322 806 Antipater
2370 737 2641 805 expressit
2688 752 2811 790 cum
2864 737 3158 809 ἐπίδρομον
3213 738 3425 809 ἅρμασι

1841 833 2019 899 τεῖχος
2049 841 2264 881 murum
2294 828 2606 898 appellavit,
2625 834 2678 881 et
2702 826 2975 897 Propert.,
3012 828 3104 883 lib.
3132 843 3190 881 ιιι
3230 847 3243 883 :

1915 921 1982 974 Et
2020 920 2124 973 duo
2157 922 2210 972 in
2243 920 2519 974 aduersum
2557 921 2701 972 misit
2738 935 2828 987 per
2860 921 3053 973 mamia
3088 936 3280 976 currus

1984 990 2064 1045 Ne
2097 1002 2308 1059 possent
2350 1000 2492 1043 tacto
2523 991 2779 1058 stringere
2819 990 2883 1043 ab
2912 1007 3010 1044 axe
3045 990 3212 1046 latus.

1842 1077 1974 1147 Ejus
2021 1079 2272 1132 conditor
2322 1078 2581 1132 laudatur.
2635 1078 2919 1143 Nemrotli,
2964 1067 3222 1150 stepho,
3266 1078 3361 1135 lib.
3398 1096 3418 1137 ι

1838 1170 2043 1243 Antiq.,
2063 1170 2305 1234 Zonaras,
2329 1171 2596 1238 Cedreno,
2618 1171 2738 1227 aliis
2758 1191 2770 1226 :
2791 1171 3126 1238 Marcellino,
3147 1173 3239 1227 lib.
3257 1190 3425 1241 mu,

1836 1261 2027 1329 Belus;
2054 1262 2328 1332 Stephano
2354 1261 2596 1333 Babylon
2628 1261 2767 1317 Medi
2795 1263 2939 1318 lilius
2969 1281 2982 1317 :
3008 1261 3261 1317 Βαϐυλὼν
3279 1265 3420 1336 Περ-

1839 1352 1964 1424 σικὴ
1994 1353 2165 1416 πόλις,
2197 1351 2546 1424 μητρόπολις,
2583 1351 2840 1406 Σελευκία
2876 1351 3179 1423 καλουμένη
3204 1392 3219 1417 ,
3251 1352 3421 1407 Βαϐυ-

1836 1446 2003 1509 λῶνος
2032 1446 2222 1516 ἀνδρὸς
2261 1445 2466 1516 κτίσμα
2503 1444 2853 1509 παλαίτατον,
2889 1440 3197 1514 σοφωτάτου
3229 1447 3417 1512 παιδὸς

1835 1538 2042 1609 Μήδου,
2075 1538 2191 1607 οὐχ,
2224 1537 2298 1601 ὡς
2332 1538 2629 1609 Ἡρόδοτος,
2648 1538 2753 1591 ὑπὸ
2784 1538 3178 1609 Σεμιράμιδος·
3212 1541 3418 1612 ταύτης

1834 1624 1942 1695 γὰρ
1976 1621 2042 1696 ἦν
2085 1626 2414 1697 ἀρχαιοτέρα
2435 1625 2578 1680 ἔτεσι
2611 1627 2800 1697 χιλίοις
2832 1627 2953 1694 δύο,
3003 1629 3079 1692 ὡς
3117 1626 3415 1701 Ἐρράνιος.

1772 1730 1810 1783 Β
1839 1715 2091 1786 Plerique
2115 1718 2207 1770 alii
2236 1716 2648 1775 Semiramidem
2674 1727 2956 1790 parentem
2986 1721 3214 1778 faciunt.
3248 1722 3418 1779 Clau-

1839 1809 2057 1873 dianus,
2089 1810 2145 1863 in
2180 1808 2327 1864 Rufi.
2357 1810 2453 1865 lib.
2493 1826 2509 1864 ι
2554 1827 2566 1861 :

1916 1899 2164 1975 greditur
2186 1911 2235 1956 et
2270 1911 2474 1956 centum
2501 1903 2669 1975 portis
2698 1902 2975 1974 Babylona
3000 1905 3277 1975 superbam

1912 1970 2196 2026 Femineas
2226 1976 2486 2027 struxisse
2502 1970 2509 1971 ί
2525 1974 2695 2028 labor.

1836 2060 1902 2114 Et
1928 2059 2175 2133 Propert.
2214 2063 2310 2117 lib.
2342 2078 2403 2117 ιιι
2425 2080 2438 2117 :

1906 2153 2196 2226 Persarum
2226 2157 2415 2209 statuit
2448 2154 2725 2226 Babylona
2747 2156 3059 2212 Semiramis
3093 2158 3276 2213 urbem

1984 2223 2052 2278 Ut
2081 2226 2306 2279 solidum
2337 2236 2483 2280 cocto
2513 2223 2714 2281 tolleret
2740 2245 2925 2298 aggere
2960 2245 3110 2297 opus.

1838 2311 1913 2369 De
1937 2312 2211 2385 Babylone
2232 2314 2354 2369 vide
2381 2316 2536 2385 plura
2563 2317 2703 2385 apud
2722 2317 3092 2371 Abrahamum
3108 2316 3408 2372 llortelium

1836 2403 1893 2456 in
1918 2397 2184 2458 Thesauro
2208 2406 2512 2475 geograpli.,
2551 2397 2863 2461 Matlha'um
2896 2406 3168 2462 Raderum
3190 2409 3246 2461 in
3274 2407 3417 2461 Mar-

1839 2495 2040 2561 tialem,
2074 2496 2168 2550 lib.
2202 2512 2240 2561 ι,
2270 2499 2430 2568 epist.
2470 2498 2521 2565 l;
2557 2496 2905 2563 Strabonem,
2939 2499 3030 2554 lib.
3062 2515 3185 2566 xw;
3222 2497 3419 2555 Diodo-

1838 2602 1957 2639 rum
2006 2585 2272 2654 Siculum,
2310 2589 2404 2642 lib.
2454 2604 2554 2656 lll;
2593 2588 2891 2652 Justinum,
2949 2591 3041 2645 lib.
3078 2608 3116 2658 ι,
3147 2591 3413 2646 Joannem

1838 2676 2106 2731 Bodinum
2141 2679 2195 2732 in
2250 2680 2582 2750 Compendio
2625 2680 2909 2748 historico,
2963 2680 3312 2752 Rodiginum,
3359 2691 3416 2736 tt

1841 2770 1997 2825 alios.
2026 2769 2190 2824 Plura
2216 2786 2318 2825 nos
2345 2772 2472 2826 item
2500 2772 2825 2827 notabamus
2858 2773 3060 2828 nostris
3084 2773 3138 2827 in
3169 2772 3415 2827 Philonis

1839 2857 2083 2929 Byzantii
2106 2860 2172 2915 de
2190 2869 2393 2932 septem
2408 2861 2557 2915 orbis
2572 2861 2901 2932 spectaculis
2914 2863 3173 2927 libellum,
3201 2865 3417 2933 elegan-

1839 2952 2107 3007 tissimum
2143 2951 2292 3006 illum
2328 2953 2567 3023 quidem,
2592 2954 2659 3008 de
2683 2952 2957 3026 Babylone
2987 2962 3041 3009 et
3075 2954 3193 3025 ejus
3218 2955 3417 3009 muris.

1907 3067 2068 3130 lbid.,
2122 3067 2220 3122 lin.
2275 3066 2365 3122 36.
2399 3070 2696 3135 Ἕκαστος
2745 3071 2894 3140 γοῦν
2950 3068 3082 3136 τήν.
3146 3068 3410 3123 Βὶεῐὶη(·ι.ε

1838 3159 2130 3214 admodum
2178 3169 2366 3215 noster
2396 3159 2716 3216 Eustathius
2756 3163 3132 3216 successiones
3176 3161 3412 3216 ﬁliorum

1834 3251 1948 3307 Noe
1992 3251 2363 3321 prosequitur,
2397 3259 2451 3306 et
2501 3259 2658 3305 terrae
2688 3250 3032 3306 divisionem.
3077 3250 3141 3305 lli
3175 3268 3413 3323 namque

1836 3340 2079 3397 omnium
2128 3339 2411 3393 hominum
2461 3350 2716 3409 parentes
2766 3341 2959 3394 merito
3006 3341 3110 3395 dici
3156 3350 3410 3411 possunt,

1837 3447 1959 3486 eum
1995 3429 2191 3501 reliqui
2220 3445 2485 3500 aquarum
2529 3430 2619 3484 illa
2647 3429 3005 3485 inundatione
3034 3431 3319 3500 obiissent,
3353 3441 3408 3486 ct

1837 3539 1903 3577 ex
1937 3523 2022 3579 his
2065 3528 2381 3577 nostrorum
2419 3522 2663 3576 omnium
2696 3531 2853 3577 ortus
2895 3523 3276 3593 agnoscendus
3303 3533 3408 3590 est,

1841 3613 1940 3667 Per
1964 3628 2156 3669 omnes
2179 3613 2322 3668 enim
2356 3612 2547 3667 mundi
2591 3623 2776 3683 partes
2805 3613 2984 3667 dill'usi
3019 3630 3190 3684 genus
3221 3614 3415 3668 huma-
3461 3637 3465 3641 ·

1839 3721 1967 3759 num
2001 3715 2388 3775 propagarunt,
2417 3721 2626 3775 suaque
2654 3707 2891 3776 posteris
2919 3707 3139 3761 nomina
3188 3707 3415 3761 immor-

1839 3798 2084 3860 talitatis,
2110 3806 2163 3849 et
2193 3796 2468 3850 memoria:
2502 3812 2634 3866 ergo
2667 3796 3110 3850 transmiserunt.

1908 3888 2068 3952 lbid.,
2114 3889 2212 3941 lin.
2259 3888 2349 3941 41.
2397 3886 2518 3941 Τῶν·
2555 3888 2860 3955 Ἑλλήνων
2903 3887 3072 3957 μετά.
3107 3885 3232 3942 Ηιιξο
3278 3902 3413 3944 sane

1840 3979 1941 4034 l‘uit
1980 3978 2289 4033 Graecorum
2336 3979 2676 4048 praestantia,
2714 3979 2826 4032 haec
2855 3980 3049 4043 virtus,
3100 3979 3232 4034 solis
3276 3980 3409 4049 ipsis

1839 4086 2122 4135 concessa,
2164 4071 2425 4139 denegata
2471 4071 2705 4137 caeteris,
2736 4079 2795 4123 ut
2841 4079 3053 4140 reperta
3091 4070 3160 4124 ab
3201 4070 3323 4125 aliis
3355 4072 3411 4124 in

1838 4160 2115 4214 meliorem
2168 4159 2379 4231 frugem
2428 4162 2773 4228 reducerent,
2819 4161 3011 4215 mutila
3049 4161 3409 4231 perlicerent,

1839 4250 2065 4306 confusa
2097 4253 2510 4329 distribuerent,
2551 4268 2743 4307 manca
2772 4253 3107 4323 supplerent,
3137 4252 3409 4322 superﬂua

1840 4344 2150 4413 demerent;
2177 4360 2286 4399 non
2312 4345 2562 4413 barbare,
2590 4362 2701 4402 non
2733 4346 3069 4409 indistincte,
3087 4343 3183 4400 sed
3204 4343 3410 4413 optima

167 4431 441 4500 γλωσσίας
466 4429 563 4493 τὰς
614 4430 885 4491 συνοικίας
917 4427 1269 4497 ποιησάμενοι
1304 4424 1599 4496 πανταχοῦ,
1645 4424 1736 4477 καὶ

1842 4437 2115 4499 methodo,
2148 4437 2516 4506 pulcherrimo
2545 4437 2781 4508 eloquio,
2806 4444 2859 4491 et
2889 4436 3172 4506 aptissima
3202 4432 3410 4486 oratio-

166 4524 275 4593 γῆν
307 4523 525 4576 ἕκαστοι
555 4521 956 4590 κατελάμϐανον
990 4519 1085 4591 τὴν
1114 4519 1456 4590 ἐντυχοῦσαν.

248 4614 403 4678 lbid.,
435 4616 529 4667 lin.
563 4614 650 4668 55.
676 4613 801 4667 Κάλι
830 4613 1045 4664 τούτου
1072 4614 1105 4664 ὀ
1137 4611 1222 4665 τό.
1255 4610 1617 4680 Augustinus,
1661 4608 1740 4663 De

169 4709 379 4762 civitate
415 4705 532 4769 Dei,
566 4706 657 4759 lib.
690 4721 801 4767 xvi,
835 4720 955 4774 cap.
984 4704 1043 4757 ἇς
1070 4701 1182 4756 Ista
1208 4703 1392 4755 civitas
1414 4718 1528 4772 quae
1559 4700 1738 4771 appel-

171 4802 285 4854 lata
309 4807 384 4852 est
414 4797 672 4865 confusio,
702 4797 816 4864 ipsa
844 4806 920 4849 est
954 4794 1212 4864 Babylon,
1252 4794 1402 4862 cujus
1444 4793 1739 4846 mirabilem

168 4888 610 4942 constructionem
658 4886 887 4955 gentium
930 4886 1087 4938 etiam
1131 4883 1454 4937 commendat
1492 4884 1733 4936 historia.

169 4980 411 5051 Babylon
424 4980 607 5050 quippe
634 4981 1008 5047 interpretatur
1024 4977 1293 5032 confusio.
1316 4975 1380 5028 Et
1405 4975 1695 5046 Abydenus
1719 4990 1732 5025 :

184 5075 246 5126 '0
273 5072 328 5124 δὲ
352 5072 512 5137 τόπος
541 5075 599 5125 ἐν
622 5065 668 5140 ᾧ
698 5071 788 5124 τὸν
817 5070 1021 5141 πῧργον
1048 5061 1416 5139 ᾠκοδόμησᾶν,
1439 5068 1533 5120 νῦν
1566 5067 1739 5119 Βαϐυ-

169 5164 282 5218 λὼν
309 5165 549 5217 καλεῖται
583 5164 670 5217 διὰ
700 5164 798 5233 τὴν
840 5162 1097 5232 σύγχυσιν
1156 5159 1247 5213 τοῦ
1279 5160 1406 5231 περὶ
1437 5160 1535 5229 τὴν
1563 5159 1736 5212 διάλε-

170 5274 300 5310 κτον
338 5256 550 5327 πρῶτον
593 5254 876 5325 ἐναργοῦς.
910 5253 1144 5324 Ἑϐραῖοι
1190 5253 1297 5323 γὰρ
1338 5250 1436 5322 τὴν
1478 5250 1737 5320 σύγχυσιν

173 5347 341 5420 βαϐὲλ
372 5348 642 5402 καλοῦσιν.
674 5348 803 5401 Eam
849 5354 1100 5400 accurate
1133 5345 1448 5399 describunt
1491 5341 1736 5397 Herodo-

173 5452 286 5505 tus,
318 5441 411 5494 lib.
444 5440 764 5508 i;Curtius,
814 5441 905 5493 lib.
950 5456 1019 5505 v;
1066 5437 1432 5492 Philostratus
1460 5451 1496 5489 ι.
1529 5434 1736 5491 Pausa-

171 5533 296 5586 nias
330 5531 497 5584 tradit
536 5533 778 5585 omnium
809 5545 970 5600 quam
1001 5543 1240 5597 unquam
1275 5528 1356 5582 sol
1402 5529 1611 5596 aspexit
1643 5544 1737 5581 ur-

173 5625 324 5678 bium
344 5625 632 5678 maximam
655 5643 669 5692 ;
695 5624 836 5677 mari
854 5624 1114 5676 ambitum
1135 5620 1320 5674 habuit
1343 5627 1733 5684 trecentorum,

172 5724 229 5772 ct
259 5718 531 5789 octoginta
558 5718 799 5788 quinun
844 5714 1183 5783 stadiorum;
1232 5729 1464 5786 quorum
1507 5712 1736 5769 altitudo

1838 4529 1926 4583 nis
1958 4536 2267 4597 structura;
2301 4532 2471 4584 multa
2497 4530 2658 4585 etiam
2694 4531 2797 4600 ipsi
2817 4528 3141 4595 invenirent,
3175 4541 3297 4596 quae
3330 4525 3407 4579 ita

1836 4620 2177 4689 perlicerent,
2220 4627 2278 4675 ut
2308 4636 2469 4676 nemo
2498 4622 2581 4675 vel
2615 4621 2683 4676 iis
2714 4621 2913 4691 aptius,
2946 4619 3029 4673 vel
3060 4615 3404 4671 commodius

1837 4710 2019 4766 dicere
2054 4712 2312 4780 potuerit.
2353 4711 2495 4777 Quid
2520 4712 2735 4782 gannis,
2783 4720 2835 4765 ct
2864 4711 3099 4765 blateras
3132 4708 3410 4777 ineptissi-

1838 4815 1960 4854 mus
1986 4800 2147 4868 Anni,
2177 4802 2243 4855 iis
2267 4816 2362 4871 per
2391 4815 2531 4870 quos
2562 4800 2893 4869 proleceras,
2927 4802 2971 4853 si
3000 4800 3131 4869 quid
3165 4813 3405 4868 unquam

1839 4890 1894 4944 in
1925 4892 2123 4947 litteris
2178 4892 2482 4962 proiecisti,
2522 4894 2725 4947 rustice
2770 4894 3015 4961 ingratus
3039 4892 3062 4943 ?
3083 4890 3137 4944 Si
3168 4889 3340 4943 Graeci
3373 4890 3407 4940 ii

1839 4990 1987 5049 sunt,
2022 4998 2159 5053 quos
2200 4992 2258 5037 tu
2289 4984 2555 5049 somnias,
2587 4984 2717 5054 quid
2758 4993 2837 5037 tot
2866 4982 3172 5053 vigiliarum
3206 4980 3261 5033 in
3297 4979 3410 5032 illis

1838 5075 2223 5131 elucubrandis
2292 5076 2666 5146 nugamenta?
2695 5073 2834 5141 Quid
2871 5082 2952 5128 tot
2988 5079 3278 5142 congestas
3323 5071 3414 5124 in-

1838 5167 2011 5234 epti-as
2044 5166 2250 5219 insulse
2282 5164 2586 5235 impendis?
2619 5166 2759 5230 Quid
2787 5166 2842 5217 in
2872 5164 2979 5217 illis
3001 5161 3412 5218 commentariis

1839 5257 2177 5311 illustrandis
2222 5271 2440 5326 operam
2476 5255 2697 5326 perdis?
2727 5254 2820 5309 Nae
2871 5263 2926 5307 tu
2967 5270 3072 5307 una
3112 5269 3234 5308 cum
3277 5253 3406 5317 illis,

1837 5364 1975 5419 quos
2011 5347 2209 5403 studiis
2261 5349 2481 5412 adoras,
2519 5349 2702 5417 lingua
2748 5347 2931 5416 iniqua
2964 5345 3304 5415 impudenter
3328 5344 3409 5399 la-

1837 5456 2013 5502 ceras,
2054 5440 2436 5504 veLinsanire,
2469 5439 2551 5493 vel
2584 5440 2768 5502 lallax,
2798 5446 2849 5491 et
2884 5437 3147 5507 impostor
3171 5451 3293 5490 esse
3320 5434 3411 5490 de-

1836 5532 2189 5603 prehenderis
2212 5534 2223 5585 ι
2262 5531 2433 5585 Graeci
2459 5539 2604 5593 sunt,
2639 5546 2777 5599 quos
2803 5531 2915 5599 ipse
2943 5529 3110 5584 duces
3137 5527 3405 5598 sequeris,

1839 5633 1886 5680 el
1926 5641 1991 5680 eo
2020 5625 2128 5680 illis
2174 5624 2501 5694 perversior,
2543 5623 2686 5693 quod
2732 5638 2855 5675 eum
2888 5637 2984 5676 eos
3020 5628 3277 5691 tanquam
3304 5622 3408 5674 im-

1838 5724 2087 5785 postorcs
2135 5731 2383 5783 accuses,
2420 5730 2610 5772 eorum
2656 5722 2839 5771 tamen
2887 5713 3130 5781 vestigiis
3171 5712 3404 5769 insistis.
