3810 6168
103 303 210 362 9η

102 514 392 570 Berosum.
447 510 744 567 Eusebium
791 511 909 566 scio
945 508 1195 563 Graecum
1240 507 1462 562 natione
1490 503 1682 569 fuisse,

102 606 356 662 Graecum
385 605 494 659 late
524 614 741 673 sumpto
764 603 1050 667 vocabulo,
1073 601 1374 670 Graeceque
1395 597 1686 668 scripsisse

101 699 540 768 Hieronymum;
577 695 674 750 sed
715 702 836 750 esto
893 693 1154 758 Latinus;
1203 691 1503 762 Iosephum
1555 691 1686 744 reli-

101 789 269 859 gione
307 787 579 855 Iudaeum,
636 787 940 857 scriptione
989 786 1259 841 Graecum.
1317 783 1412 839 Sat
1441 785 1599 848 bene,
1629 792 1685 838 at

102 879 382 938 Eusebius
402 878 686 949 quomodo
715 877 983 933 Latinus?
1010 879 1091 932 An
1123 879 1253 948 quia
1276 878 1391 947 ipse
1423 892 1546 932 eum
1582 875 1684 928 La-

101 975 282 1028 tinum
311 972 546 1042 legerit?
573 970 669 1025 sed
705 971 834 1041 legit
863 978 916 1026 et
939 970 1192 1024 Latinum
1220 968 1516 1040 Iosepbum
1551 969 1682 1038 (non

99 1064 254 1119 enim
307 1062 444 1116 tanti
503 1061 608 1115 fuit
653 1062 740 1116 hic
787 1071 982 1116 auctor
1031 1071 1088 1116 ut
1127 1061 1346 1117 Graecos
1406 1072 1680 1126 auctores,

98 1153 293 1208 Graece
332 1153 615 1221 loquentes
652 1153 1003 1220 percurrerit,
1033 1160 1094 1205 ut
1128 1153 1334 1222 passim
1380 1153 1567 1207 videre
1599 1160 1684 1208 est

95 1247 156 1300 in
184 1245 294 1301 hoc
317 1245 550 1313 libello),
570 1252 625 1298 et
656 1242 910 1298 Latinum
943 1245 1229 1309 Berosum,
1262 1261 1363 1300 nec
1392 1255 1572 1300 tamen
1599 1246 1684 1301 in—

92 1345 187 1393 ter
217 1337 442 1393 Latinos
477 1345 820 1392 annumerat.
871 1337 930 1392 Si
981 1340 1164 1408 itaque
1198 1355 1309 1394 non
1365 1341 1681 1410 scriptione,

91 1430 198 1486 sed
229 1439 423 1485 natura
452 1438 506 1486 et
538 1431 646 1486 ritu
672 1447 846 1504 genus
871 1430 1072 1487 Tarafa
1101 1433 1385 1504 dijudicat,
1414 1433 1682 1490 Eusebius

91 1525 212 1578 erit
244 1522 485 1581 Graecus.

170 1613 296 1670 Col.
328 1614 455 1678 753,
491 1616 584 1670 lin.
621 1617 710 1671 52.
736 1619 955 1687 Γαμερ,
982 1615 1150 1683 ὅστις
1166 1618 1479 1686 Γαμαρεῖς.
1514 1619 1684 1674 Chro-

91 1708 262 1760 nicon
304 1707 724 1763 Alexandrinum
764 1711 1047 1774 Κελκαῖοι,
1067 1710 1357 1775 Eusebius,
1384 1711 1680 1764 Καππάδο-

1191 295 1259 351 IN
1281 289 1671 365 'EUSTATHII
1705 286 2183 346 HEXAEMEBON
2212 289 2442 347 NOTIE.

103 435 419 494 ronymum,
467 434 537 476 ex
575 417 818 474 Hebraeis
853 415 1149 487 Iosephum
1173 457 1188 482 ,
1229 422 1286 470 et
1323 429 1388 470 ex
1421 410 1691 468 Chaldaeis
1717 412 1766 469 Α
1795 406 2093 478 Scriptura:
2130 410 2251 465 loca
2288 409 2442 480 bene]
2475 388 2914 474 considerentur,
2951 408 3112 463 aliam
3149 417 3368 481 gentem
3477 419 3487 498 ς

1789 507 1844 554 et
1880 499 2158 556 nationem
2186 501 2445 566 innuunt,
2478 516 2645 573 quam
2685 517 2807 556 eam
2853 501 2922 556 ad
2970 517 3136 571 quam
3182 502 3370 555 omnia
3476 506 3482 550 ἑ

3261 289 3368 347 998

1788 591 1879 646 isti
1915 590 2024 646 duo
2065 601 2319 648 auctores
2361 592 2626 649 referunt.
2663 592 2854 664 POpuli
2903 608 3140 664 namque
3181 594 3372 648 Ibero-

1789 697 1908 736 rum
1940 692 2098 737 erant
2128 683 2183 738 in
2213 684 2344 738 Asia
2379 684 2590 738 nationi
2617 684 2921 755 Chalybum
2949 683 3153 742 vicina.
3179 682 3370 751 ibique

1789 790 1957 829 venas
1984 777 2288 831 metallicas
2316 777 2823 846 per-scrutabantur.
2860 775 2994 830 Nam
3029 783 3083 830 et
3116 774 3368 832 Ezechiel
3465 819 3474 848 ν.

1791 868 2025 922 collocat
2079 868 2292 922 Thubal
2351 869 2408 922 in
2480 869 2933 938 septentrionem.
2985 866 3239 924 Iustinus
3265 867 3362 922 lib.
3470 872 3477 879 '

1791 967 2066 1029 postremo
2125 959 2315 1014 scribit
2370 959 2640 1032 Chalybes
2691 961 2747 1015 in
2783 961 3102 1030 Hispaniam
3128 960 3364 1024 venisse,

1791 1061 1850 1105 ut
1903 1050 2166 1105 credibile
2196 1051 2269 1104 sit
2320 1050 2469 1107 illius
2515 1052 2764 1107 homines
2818 1053 3139 1123 qumsivisse
3196 1067 3367 1108 venas

1789 1143 2110 1208 metallicas,
2141 1148 2196 1197 et
2223 1143 2279 1197 in
2314 1145 2442 1198 aliis
2487 1144 2669 1199 terris.
2710 1143 3005 1208 Eusebius,
3054 1144 3260 1207 Θωὸὲλ,
3304 1145 3366 1212 ἐξ

1787 1230 1848 1289 οὗ
1879 1235 2156 1289 Θετταλοί.
2190 1234 2488 1290 Chronicon
2523 1236 2964 1299 Alexandrinum,
2995 1235 3182 1299 Θοϐὲλ,
3215 1235 3274 1302 ἐξ
3301 1225 3367 1289 οὗ

1787 1328 2124 1381 Μακουακοί.
2178 1329 2278 1384 His
2328 1344 2430 1384 nec
2477 1328 2689 1385 Annius
2723 1343 2826 1383 nec
2875 1326 3072 1383 Taral‘a
3119 1326 3364 1381 animum

1789 1417 2162 1473 adverterunt.

1857 1509 2020 1575 Ibid.,
2074 1511 2172 1563 lin.
2228 1508 2315 1562 57.
2378 1506 2557 1576 Ὀσόχ
2585 1507 3028 1578 Μεσχηναίους.
3070 1503 3362 1575 Iosephus,

1787 1599 1898 1651 Καὶ
1926 1601 2184 1669 Μεσχινο).
2212 1600 2269 1652 δὲ
2305 1599 2409 1652 ὑπὸ
2437 1600 2655 1669 Μέσχου
2689 1599 3017 1660 κτισθέντες.
3065 1595 3362 1650 Καππάδο-

1787 1709 1882 1756 κες
1918 1693 2013 1763 μὲν
2045 1692 2152 1763 γὰρ
2175 1693 2298 1764 ἄρτι
2331 1692 2657 1763 κέκληνται,
2691 1692 2788 1764 τῆς
2823 1691 2880 1744 δὲ
2920 1689 3148 1761 ἀρχαίας
3181 1686 3363 1741 αὐτῶν

90 1815 222 1864 κες.
269 1799 405 1854 Cum
453 1799 741 1856 Eustathio
789 1812 872 1858 est
896 1771 1166 1872 Iosephus
1205 1771 1352 1858 lib.
1393 1803 1654 1874 Antiquit.

1794 1782 2154 1853 προσηγορίας
2193 1786 2415 1853 σημεῖον
2449 1782 2739 1836 δείκνυται.
2775 1781 2937 1844 Πόλις
2958 1782 3067 1853 γάρ
3092 1784 3208 1834 ἐστι
3233 1779 3361 1852 παρ’

91 1909 227 1964 cap.
259 1894 291 1947 7
329 1913 342 1950 :
382 1896 519 1960 Τοὺς
572 1897 670 1967 μὲν
714 1896 824 1968 γάρ
869 1897 964 1952 νῦν
1014 1899 1103 1968 ὑφ’
1150 1898 1412 1970 Ἐλλήνων
1441 1899 1684 1962 Γαλάτας

91 1984 506 2055 καλουμένους,
569 1987 840 2058 Γομαρεῖς
896 1989 952 2042 δὲ
1012 1988 1356 2059 λεγομένους,
1438 1991 1684 2062 Γομαρὺς

93 2072 312 2127 ἔκτισε.
346 2075 429 2128 Ab
463 2075 567 2129 hoc
588 2085 749 2132 ortos
795 2092 918 2132 esse
967 2077 1309 2144 Cimmerios,
1351 2081 1444 2150 qui
1493 2091 1682 2151 postea

92 2164 316 2220 Cimbri
346 2167 476 2221 dicti
508 2178 636 2222 sunt
665 2169 886 2238 quidam
912 2171 1247 2235 existimant,
1282 2180 1336 2226 et
1359 2173 1683 2230 Cimmerios

102 2257 290 2312 fuisse
347 2259 490 2312 ultra
545 2258 836 2314 Thraciam
888 2261 1033 2316 circa
1090 2261 1398 2318 Moeotidem
1430 2265 1681 2334 paludem

92 2348 344 2418 probant
378 2366 444 2403 ex
478 2365 599 2420 cap.
647 2366 857 2407 xxxvm
892 2353 1211 2420 Ezechielis,
1253 2356 1346 2426 qui
1374 2356 1576 2411 Gomer
1626 2366 1680 2411 et

89 2437 368 2509 Iogorma
395 2441 566 2496 latera
593 2458 715 2499 esse
746 2443 1035 2515 Aquilonis
1066 2447 1290 2501 scribit:

169 2528 343 2594 Ibid.,
389 2531 484 2584 lin.
529 2532 618 2587 54.
661 2534 840 2606 Ἀτὼγ
876 2537 1196 2607 Ματώδεις.
1237 2537 1527 2609 Iosephus,
1557 2542 1682 2595 Μαη

90 2618 293 2692 γὼγης
326 2621 383 2676 δὲ
428 2625 553 2688 τοὺς
607 2626 698 2679 ὑπ’
749 2627 914 2681 αὑτοῦ
960 2629 1239 2698 Μαγώγας
1288 2630 1682 2702 ὀνομασθέντας

90 2711 310 2784 ᾤκισε,
365 2713 576 2777 Σκύθας
628 2716 684 2768 δὲ
733 2717 824 2770 ὑπ’
858 2717 1038 2771 αὐτῶν
1089 2721 1677 2792 προσαγορευομένους.

90 2801 400 2868 Eusebius,
451 2805 511 2870 ἐξ
563 2799 624 2860 οὗ
674 2807 890 2872 Κελτοὶ,
937 2809 1030 2862 καὶ
1073 2810 1327 2866 Γαλάται.
1387 2812 1681 2867 Chronicon

89 2891 553 2961 Alexandrinum,
585 2889 734 2959 €606
777 2898 1117 2969 Ἀκυρτανοί.
1149 2899 1380 2957 Gentem
1405 2903 1545 2958 hanc
1570 2904 1681 2958 Ma-

87 2999 367 3056 gogorum
420 2985 669 3042 Ezechiel
726 2992 1228 3058 septentrionalem.
1257 3009 1381 3049 esse
1437 2995 1570 3050 dicit
1627 3004 1681 3051 et

88 3077 348 3132 externis
391 3080 726 3150 temporibus
768 3082 877 3138 late
926 3092 1259 3140 vastaturam
1299 3089 1487 3152 Israel,
1535 3091 1678 3145 unde
1707 3115 1753 3178 ο

87 3181 213 3222 non
237 3167 510 3223 immerito
545 3168 822 3241 Scythiam
856 3187 979 3228 esse
1021 3183 1208 3228 noster
1252 3173 1568 3232 Eustathius
1596 3179 1678 3232 af-

87 3260 307 3314 ﬁrmat.
356 3258 681 3331 Scytharum
717 3264 903 3333 plures
951 3267 1200 3321 nationes
1245 3275 1300 3321 et
1345 3283 1532 3322 eorum
1578 3287 1678 3325 no-

86 3354 252 3407 mina
284 3353 407 3407 vide
439 3355 581 3424 apud
599 3356 968 3410 Abrahamum
989 3359 1288 3414 Hortelium
1321 3361 1376 3415 in
1410 3361 1677 3418 Thesauro

85 3439 470 3508 geographica.
523 3439 720 3494 Strabo
755 3441 964 3505 scribit,
994 3444 1087 3497 lib.
1125 3459 1161 3506 ι,
1187 3459 1384 3498 omnes
1430 3448 1677 3516 cognitas

88 3531 362 3600 regiones
410 3547 605 3587 versus
649 3537 1072 3603 septentrionem
1105 3550 1216 3588 uno
1244 3537 1400 3604 prius
1433 3537 1674 3603 nomine,

86 3624 182 3678 vel
222 3621 474 3693 Scythas,
516 3627 602 3680 vel
634 3633 693 3679 ut
720 3627 788 3681 ab
819 3629 1058 3680 Homero
1082 3625 1352 3682 Nomades
1378 3629 1679 3698 appellatas

84 3715 246 3771 idem
277 3717 494 3771 videtur
522 3733 788 3783 asserere,
823 3729 877 3775 et
913 3722 949 3774 l.
991 3736 1050 3775 ιι.

161 3808 336 3872 lbid.,
367 3809 462 3863 lin.
492 3810 580 3864 55.
626 3810 791 3866 Ἀδαῐ
813 3813 1137 3878 Μαδαίους.
1161 3810 1450 3884 Iosephus,
1481 3813 1600 3868 Τῶν
1623 3815 1681 3868 δὲ

99 3899 332 3968 Ἰάφθου
367 3902 572 3956 παίδων
607 3903 845 3957 Ἰαυάνου
877 3904 971 3958 καὶ
1020 3905 1225 3959 Μάδου.
1266 3906 1400 3959 Ἀπὸ
1443 3907 1542 3976 μὲν
1584 3923 1678 3959 του

84 3993 336 4048 Μαδαῖοι
367 3994 666 4063 γίγνονται,
714 3995 868 4059 ἔθνος
915 3997 944 4050 ὃ
995 3999 1132 4069 πρὸς
1191 3998 1459 4070 Ἐλλήνων
1506 4000 1680 4069 Μῆδοι

84 4083 416 4156 κέκληνται.
440 4086 726 4152 Eusebius,
750 4089 810 4153 ἐξ
837 4084 899 4142 οὗ
923 4088 1114 4160 Μῆδοι.
1141 4089 1438 4145 Chronicon
1455 4091 1682 4146 Alexan-

80 4178 341 4239 drinum,
369 4177 549 4230 Μαδαῒ
575 4178 632 4244 ἐξ
657 4173 720 4232 οὖ
753 4180 1062 4250 Βρεττανοί.
1093 4180 1232 4236 Medi
1275 4197 1464 4238 versus
1504 4184 1682 4238 orien-

81 4281 212 4328 tem
261 4273 538 4341 progressi
565 4281 713 4340 suut,
749 4288 884 4343 gens
917 4273 1122 4328 nobilis
1145 4282 1199 4330 et
1228 4274 1382 4330 dives
1428 4276 1474 4330 si
1505 4274 1682 4330 Hero-

81 4364 257 4428 doto,
313 4361 678 4434 Xenophonti,
731 4365 966 4435 aliisque
1016 4366 1375 4437 scriptoribus
1405 4366 1542 4423 ﬁdes
1579 4367 1682 4422 ba-

77 4456 284 4515 henda
312 4463 418 4512 est.

161 4549 314 4605 Ibid.
350 4550 540 4606 Ἰουὰν
581 4553 819 4609 Ἰωνίαν.
854 4553 1148 4625 Iosephus,
1193 4555 1326 4608 Ἀπὸ
1351 4554 1408 4608 δὲ
1442 4555 1680 4609 Ἰαυάνου

96 4645 293 4700 Ἰωνία
341 4645 436 4698 καὶ
480 4645 682 4708 πάντες
726 4645 986 4716 Ἕλληνες
1030 4645 1336 4715 γεγόνασιν.
1388 4644 1679 4712 Eusebius,

97 4734 327 4798 Ἷωυὰν,
362 4732 422 4800 ἐξ
473 4728 536 4788 οὗ
584 4735 844 4807 Ἕλληνες
894 4737 990 4788 καὶ
1042 4736 1092 4787 oi
1124 4735 1328 4798 Ἴωνες.
1386 4733 1680 4789 Chronicon

77 4825 551 4889 Alexandrinum,
594 4825 752 4879 Ἰωυὰ
783 4824 1006 4889 Σπάνοι,
1032 4827 1079 4879 οἱ
1111 4826 1202 4878 καὶ
1229 4824 1535 4895 Τυράννιοι.
1574 4826 1682 4895 Αρ-

78 4919 403 4995 pellatione
429 4917 626 4973 Ionum
649 4918 1038 4988 comprehendi
1072 4916 1292 4972 Graecos
1324 4915 1495 4971 ﬁrmis
1529 4918 1683 4972 testi-

77 5013 310 5072 moniis
339 5013 560 5082 probari
599 5021 778 5083 potest
806 5028 875 5068 ex
905 5013 1148 5078 Daniele,
1185 5027 1308 5065 cum
1341 5010 1682 5065 eversionem

74 5105 260 5178 regni
311 5103 603 5161 Persarum
656 5104 826 5159 Iavan
873 5106 1135 5169 nominet,
1179 5110 1233 5156 et
1283 5110 1464 5172 potest
1515 5101 1681 5156 etiam

74 5200 459 5276 profanorum
495 5199 823 5268 scriptorum
854 5199 1180 5253 auctoritate
1207 5195 1540 5250 conﬁrmari.

162 5289 342 5352 lbid.,
379 5288 476 5344 lin.
509 5288 594 5344 56.
645 5289 808 5343 Ὀὄὲλ
843 5291 1186 5352 Θεοϐέλοιις.
1212 5284 1508 5360 Iosephus,
1537 5289 1684 5339 Κατ-

75 5382 299 5446 οικίζει
352 5381 408 5434 δὲ
470 5383 566 5435 καὶ
611 5381 885 5452 Θοόήλους
930 5379 1189 5450 Θὸὅηλος,
1240 5379 1436 5440 οἵτινες
1470 5381 1527 5430 έν
1574 5382 1686 5441 τοῖς

78 5479 195 5535 νῦν
233 5475 453 5547 Ἵῦηρες
479 5476 790 5529 καλοῦνται.
815 5475 1067 5529 Pluribus
1099 5474 1147 5527 id
1184 5473 1414 5542 probare
1439 5473 1688 5524 nituntur

77 5567 346 5630 Annius,
378 5577 432 5620 et
462 5566 681 5628 Tarafa.
712 5583 779 5621 ex
810 5564 1138 5635 quibusdam
1179 5563 1368 5616 Iberia:
1403 5563 1684 5614 civitatum

80 5659 428 5720 nominibus
458 5661 690 5729 sumptis
721 5658 1081 5728 argumentis,
1125 5671 1288 5726 quem
1330 5663 1384 5710 et
1416 5655 1687 5725 Hispano—

81 5775 229 5817 rum
262 5757 500 5830 primum
551 5770 734 5826 regem
773 5753 1136 5810 constituunt.
1179 5747 1380 5806 Verum
1421 5748 1468 5805 si
1517 5761 1684 5804 sacrae

1788 1873 1971 1935 αὐτοῖς
2009 1873 2088 1925 ἔτι
2122 1874 2216 1926 καὶ
2249 1873 2344 1928 νῦν
2390 1874 2628 1938 Μάζακα
2678 1872 2912 1944 δηλοῦσα
2955 1874 3068 1934 τοῖς
3123 1871 3363 1926 συνιέναι

1785 1965 2098 2036 δυναμένοις
2130 1965 2271 2020 οὕτω
2297 1966 2426 2018 ποτὲ
2457 1967 2892 2039 προσαγορευθὲν
2926 1967 2988 2018 τὸ
3018 1965 3189 2029 ἔθνος.
3253 1964 3364 2020 Eu-

1785 2057 1990 2120 sebius,
2040 2056 2245 2126 Μεσὸχ,
2289 2055 2349 2120 ἐξ
2395 2048 2456 2108 οὗ
2504 2054 2765 2126 Ἰλλυριοί.
2799 2055 3098 2110 Chronicon
3126 2055 3364 2109 Alexan-

1783 2147 2016 2210 drinum,
2045 2147 2252 2217 Μεσὸχ,
2284 2145 2343 2210 ἐξ
2370 2139 2430 2198 οὗ
2481 2145 2750 2198 Γετουλοί.
2792 2143 3022 2210 Quidam
3051 2143 3364 2199 existimant

1783 2237 1885 2291 bos
1907 2251 2028 2292 esse
2055 2236 2381 2291 Moscboviae
2405 2237 2656 2307 populos,
2683 2236 2777 2305 qui
2801 2250 2831 2289 a
2855 2237 3131 2290 veteribus
3155 2233 3362 2304 Μοσχι-

1784 2331 1870 2384 κοί
1917 2338 1972 2386 οι
2020 2331 2381 2385 Μοσσύνοικοι
2435 2328 2691 2399 appellati
2749 2335 2898 2382 sunt.
2954 2326 3132 2396 Hujus
3180 2326 3362 2396 gentis

1783 2424 1958 2494 prima
1988 2422 2144 2476 sedes
2175 2419 2276 2474 fuit
2307 2419 2460 2486 littus
2490 2418 2651 2474 Ponti
2679 2415 2902 2482 Euxini,
2927 2424 3114 2486 postea
3147 2415 3364 2484 Cappa-

1782 2516 1948 2571 doces
2005 2513 2203 2579 fuere;
2259 2511 2454 2566 deinde
2508 2525 2702 2566 versus
2753 2508 3176 2579 septentrionem
3226 2520 3360 2577 pro-

1784 2620 1971 2679 gressa
2006 2613 2108 2660 est.

1853 2701 1970 2756 Col.
2005 2699 2129 2763 756,
2170 2698 2268 2752 lin.
2304 2696 2354 2750 1.
2393 2694 2602 2762 Θείρας
2625 2692 2766 2760 τοὺς
2794 2693 3021 2760 Θείρας.
3065 2690 3358 2760 Iosephus,

1783 2793 1981 2863 Θείρης
2011 2792 2068 2846 δὲ
2096 2789 2292 2860 Θείρας
2321 2787 2419 2860 μὲν
2451 2787 2730 2850 ἐκάλεσεν,
2757 2780 2832 2838 ὧν
2864 2780 3029 2855 ἦρξεν
3049 2799 3064 2812 ι
3099 2781 3359 2851 Ἕλληνες

1783 2887 1841 2940 δὲ
1884 2886 2104 2956 Θρᾷκας
2165 2883 2362 2944 αὐτοὺς
2426 2878 2838 2951 μετωνόμασαν.
2885 2875 3187 2938 Eusebius,
3246 2871 3359 2943 Θη-

1786 2980 1919 3052 ρὰς,
1953 2975 2013 3042 ἐξ
2051 2969 2111 3030 οὗ
2144 2975 2376 3046 Θρᾷκες.
2431 2970 2725 3028 Chronicon
2778 2966 3218 3030 Alexandrinum,
3253 2964 3364 3034 Θη-

1788 3072 1918 3144 ρὰς,
1953 3069 2013 3136 ἐξ
2035 3064 2095 3124 οὗ
2139 3067 2348 3139 Ἀφροί.
2394 3063 2492 3119 Est
2521 3073 2574 3117 et
2604 3063 2661 3116 in
2692 3060 2889 3114 Russia
2919 3058 3116 3112 fluvius
3143 3055 3364 3112 nomine

1784 3163 2002 3224 Thiras,
2035 3175 2204 3230 quare
2236 3155 2480 3212 nonnulli
2515 3151 2867 3222 suspicantur
2897 3150 2964 3203 ab
2998 3148 3099 3202 hac
3126 3148 3366 3219 appella--

1787 3256 1931 3308 tione
1957 3253 2055 3307 ﬁlii
2092 3251 2306 3322 Iaphet,
2332 3256 2385 3305 et
2410 3248 2635 3303 ﬂuvium
2666 3251 2720 3299 et
2741 3251 2952 3314 gentem
2985 3246 3362 3310 nuncupatum

1783 3360 1926 3401 esse.

1859 3435 2018 3499 lbid.,
2053 3434 2152 3488 lin.
2178 3433 2233 3486 2.
2268 3429 2510 3501 Σχανὰξ
2544 3428 2614 3492 ἐξ
2654 3420 2749 3481 οὗ.
2777 3423 3068 3492 Iosephus,
3098 3420 3358 3490 Γαμάρου

1785 3528 1842 3582 δὲ
1873 3526 2039 3599 τριῶν
2082 3523 2214 3576 υἱῶν
2267 3520 2591 3590 γενομένων,
2642 3513 2975 3586 Ἀσχανάξης
3012 3513 3110 3583 μὲν
3161 3511 3360 3580 Ἀσχα-

1785 3620 1951 3686 νάξας
1987 3619 2207 3690 ᾤκισεν,
2240 3615 2288 3670 οἳ
2333 3614 2426 3669 νῦν
2481 3613 2726 3682 Ῥηγίνες
2775 3609 2880 3662 ὑπὸ
2919 3605 3029 3659 τῶν
3091 3604 3357 3675 Ἐλλήνων

1786 3712 2094 3766 καλοῦνται.
2149 3709 2438 3769 Eusebius,
2505 3702 2791 3773 Ἀσχανὰξ,
2849 3700 2908 3766 ὲξ
2955 3694 3016 3754 οἵ)
3087 3699 3353 3770 Ῥηγῖνες.

1786 3804 2080 3859 Chronicon
2124 3797 2563 3859 Alexandrinum,
2633 3791 2935 3864 Ἀσχανὰθ,
2992 3790 3053 3857 ἐξ
3114 3785 3176 3845 οὗ
3233 3790 3358 3845 Μά-

1786 3899 1955 3962 ζικες.

1859 3989 2018 4053 lbid.,
2055 3987 2150 4042 lin.
2188 3986 2242 4040 5.
2295 3982 2522 4052 'Pzgpdrﬁ,
2546 3980 2614 4045 ἐξ
2634 3975 2727 4036 οὗ.
2763 3976 3053 4049 Iosephus,
3095 3973 3359 4046 Ῥιφάθης

1785 4085 1842 4137 δὲ
1883 4081 2195 4150 Ῥιφαθέους
2237 4079 2362 4140 τοὺς
2406 4074 2763 4143 Παφλαγόνας
2809 4071 3152 4140 λεγομένους.
3189 4067 3361 4122 Eusc-

1787 4177 1930 4243 bius,
1973 4174 2176 4245 Ῥιχὰδ,
2207 4171 2266 4236 ἐξ
2297 4165 2357 4225 οὗ
2391 4169 2760 4240 Σαυρομάται.
2791 4161 3088 4219 Chronicon
3121 4160 3360 4214 Alexan-

1789 4272 2024 4334 drinum,
2082 4264 2305 4335 Ῥυφὰθ,
2340 4263 2398 4330 eg
2429 4258 2490 4316 οὗ
2520 4260 2878 4331 Ταράμαντες
2917 4254 3192 4324 ὲξὼτεροι,
3238 4253 3359 4322 qui-

1789 4365 1914 4420 dam
1947 4367 2138 4433 putant
2170 4357 2455 4428 legendum
2482 4353 2856 4425 Γαράμαντες.

1714 4472 1761 4528 D
1860 4455 2018 4521 lbid.,
2048 4452 2143 4507 lin.
2173 4450 2225 4503 4.
2252 4443 2675 4518 Θυγραμμὰεις.
2696 4441 2985 4511 Iosephus.
3016 4436 3359 4528 Θυγράμμης

1784 4550 1842 4604 δὲ
1889 4544 2344 4618 Θυγραμμάνους,
2393 4539 2443 4592 οἳ
2495 4537 2652 4601 δόξαν
2682 4533 2910 4604 Ἕλλησι
2955 4530 3164 4601 Φρύγες
3218 4527 3357 4582 ὠνο-

1786 4641 2087 4715 μάσθησαν.
2143 4633 2432 4695 Eusebius,
2491 4625 2777 4702 Θοργαμὰ,
2832 4623 2891 4689 ἐξ
2934 4618 2994 4678 οὗ
3058 4619 3352 4715 Ἀρμένιοι.

1783 4707 2081 4790 δΙινοιιὶεοη
2141 4724 2594 4787 Alexandrinum,
2653 4717 2986 4788 Θοσμαγὰο.
3037 4714 3097 4778 ἐξ
3149 4707 3208 4768 οὗ
3257 4710 3356 4768 Bo-

1821 4822 1967 4878 ἀδες.

1785 4840 2014 4977 ραῖθῗά.,
2051 4911 2147 4963 lin.
2189 4906 2239 4960 6.
2271 4904 2583 4967 Ἑλίσασα,
2616 4899 2684 4963 ἐξ
2707 4893 2802 4954 οὗ.
2835 4895 3124 4966 Iosephus,
3180 4893 3357 4948 Ἰαυά-

1781 5024 1872 5061 νου
1905 5005 1960 5058 δὲ
2008 5001 2100 5056 τοῦ
2146 4999 2358 5066 Ἰάφθου
2389 4993 2555 5066 τριῶν
2587 4989 2750 5046 αὐτοῦ
2780 4989 2984 5043 παίδων
3027 4986 3357 5058 γενομένων,

1793 5097 2006 5159 ’Λλίσας
2037 5094 2134 5164 μὲν
2179 5091 2479 5152 Ἁλισαίους
2509 5087 2786 5147 ἐκάλεσεν,
2819 5077 2892 5137 ὧν
2923 5078 3112 5152 ἦρχεν,
3150 5077 3357 5142 Αἰολεῖς

1780 5190 1836 5242 δὲ
1867 5188 1960 5242 νῦν
1987 5189 2111 5240 εἰσι.
2156 5184 2444 5245 Eusebius,
2475 5179 2714 5244 Ἐλισσὰ,
2740 5176 2800 5242 ἐξ
2837 5167 2898 5230 οὗ
2927 5173 3156 5227 Σικελοί.
3189 5170 3359 5227 Chro-

1783 5282 1934 5334 nican
1975 5277 2413 5338 Alexandrinum,
2458 5273 2698 5334 Ἐλισσὰ,
2735 5269 2792 5336 ἐξ
2821 5264 2882 5321 οὗ
2912 5266 3146 5338 Μαῦροι.

1855 5371 2015 5435 lhid.,
2055 5372 2149 5424 lin.
2188 5371 2239 5425 7.
2278 5365 2540 5435 Θαρσῆς,
2569 5366 2670 5432 ἀφ’
2701 5359 2794 5417 οὗ.
2831 5359 3123 5429 Iosephus,
3149 5357 3360 5428 Θάρσος

1784 5466 1840 5518 δὲ
1867 5466 2116 5534 Θαρσεῖς.
2166 5461 2321 5516 Οὕτω
2353 5459 2461 5530 γὰρ
2491 5457 2735 5511 ἐκαλεῖτο
2777 5454 2837 5506 τὸ
2872 5453 3098 5507 παλαιὸν
3137 5452 3170 5522 ἡ
3200 5447 3358 5504 Κιλι-

1786 5557 1897 5611 κία.
1937 5558 2167 5627 Σημεῖον
2217 5553 2306 5606 δέ·
2343 5551 2555 5623 Θαρσὺς
2603 5549 2712 5620 γὰρ
2762 5548 2890 5618 παρ’
2925 5547 3106 5608 αὐτοῖς
3129 5543 3238 5598 τῶν
3263 5542 3358 5598 πύ-

1787 5649 1926 5701 λεων
1975 5649 2008 5717 ἡ
2039 5643 2438 5712 ἀξιολογωτάτη
2472 5641 2720 5696 καλεῖται
2755 5636 3091 5708 μητρόπολις
3117 5631 3272 5692 οὖσα.
3297 5632 3360 5686 τὸ

1785 5738 2058 5814 ταῦ-πρὸς
2091 5737 2189 5809 τὴν
2216 5736 2407 5808 κλῆσιν
2437 5736 2559 5790 ἀντὶ
2587 5732 2680 5788 τοῦ
2715 5732 2855 5804 θῆτα
2895 5727 3357 5801 μεταϐαλλόντων.
