3848 6168
444 286 547 338 599

1826 277 2003 334 LEON
2012 277 2070 333 IS
2110 278 2383 334 ALLATll

3550 288 3576 341 1
3586 288 3691 343 000

443 398 734 463 Eusebius,
783 396 1033 469 θαρσεῖς,
1073 396 1133 462 ἐξ
1176 392 1236 451 οὗ
1271 398 1506 469 Ἴϐηρες.
1542 397 1838 454 Chronicon
1888 400 2013 453 Ale-

2126 400 2308 465 liabus,
2336 401 2604 466 masculis,
2629 400 2817 464 brutis,
2846 410 2895 456 et
2928 404 3105 473 quovis
3127 404 3233 458 alio
3260 422 3462 476 genere,
3507 407 3573 462 ob
3597 410 3691 464 hoc

445 486 786 559 Wrinum,
818 494 1069 564 Θαρσεῖς,
1100 491 1158 557 ἐξ
1186 486 1248 544 οὗ
1274 491 1619 562 Ταράναντες
1645 489 1920 563 ὲσώτεροι.

516 586 775 648 Col.756,
793 586 889 639 lin.
912 584 997 638 10.
1015 584 1227 652 Χεθεὶμ
1250 581 1516 651 Χεθειμά.
1542 579 1833 651 Iosephus,
1851 580 2015 634 Χέοι-

450 699 549 753 μος
574 682 633 737 δὲ
680 677 895 749 Χεθιμὰ
942 677 1039 748 τὴν
1069 676 1232 746 νῆσον
1286 674 1430 745 ἔσχε.
1469 673 1692 745 Κύπρος
1740 673 1876 744 αὕτη
1923 672 2017 728 νῦν

446 775 714 836 καλεῖται,
742 773 833 825 καὶ
864 771 956 824 ἀπ’
978 770 1144 838 αὐτῆς
1166 766 1318 837 νῆσοί
1350 782 1410 819 τε
1438 768 1607 819 πᾶσαι
1633 768 1724 820 καὶ
1746 765 1817 818 τὰ
1849 765 2017 820 πλείω

445 865 555 919 τῶν
589 862 741 935 παρᾶ
790 861 1059 915 θάλασσαν
1095 855 1274 926 Χεθὶμ
1306 856 1412 908 ὑπὸ
1461 856 1723 925 Ἐϐραίων
1755 856 2015 925 ὀνομάζε-

446 973 557 1010 ται.
591 956 815 1026 Μάρτυς
860 951 916 1005 δέ.
953 966 1054 1021 μου
1098 946 1194 1001 τοῦ
1237 946 1395 1015 λόγου
1429 946 1523 1017 μία
1563 947 1671 999 τῶν
1702 949 1759 1001 ἐν
1808 948 2017 1017 Κύπρῳ

449 1047 654 1102 πόλεων
688 1044 949 1115 ἰσχύσασα
984 1043 1085 1113 τὴν
1123 1040 1488 1112 προσηγορίαν
1522 1036 1784 1109 φυλάξαι.
1815 1038 2018 1110 Κήθιος

446 1141 558 1212 γὰρ
588 1138 694 1191 ὑπὸ
732 1135 838 1188 τῶν
882 1133 1336 1203 ἐξελληνισάντων
1382 1133 1548 1202 αὐτὴν
1597 1130 1861 1193 καλεῖται,
1894 1130 2017 1201 μηδ’

446 1231 588 1285 οὓτω
615 1228 979 1296 διαφεύγουσα
1010 1223 1103 1278 τοῦ
1139 1223 1376 1295 Χεθίμου
1405 1224 1466 1276 τὸ
1486 1224 1675 1293 ὄνομα.
1724 1222 2013 1289 Eusebius,

447 1323 648 1383 Κίτιοι,
705 1319 764 1385 ἐξ
795 1313 855 1372 οὗ
896 1320 1113 1371 Λατῖνοι
1160 1317 1211 1369 οἱ
1255 1316 1350 1368 καὶ
1390 1317 1667 1386 Ῥωμαῖοι.
1721 1314 2018 1370 Chronicon

445 1413 889 1472 Alexandrinum,
930 1408 1143 1475 Ῥόδιοι,
1175 1406 1235 1472 ἐξ
1273 1400 1336 1459 οῦ
1378 1408 1657 1477 Ῥωμαῖοι,
1702 1409 1752 1460 oi
1790 1408 1884 1461 καὶ
1904 1408 2016 1462 Λα-

445 1508 602 1559 τῖνοι.
637 1505 772 1570 Quis
803 1503 917 1557 baac
941 1502 1124 1571 legens
1148 1514 1256 1553 non
1284 1494 1589 1568 deplOrabit
1617 1498 2016 1569 exscriptorum

448 1595 745 1658 inscitiam,
780 1591 1100 1647 dictantium
1129 1588 1498 1651 oscitantiam,
1531 1594 1585 1641 et
1616 1595 1902 1641 auctorum
1933 1587 2015 1641 la-

448 1695 564 1739 tum
605 1685 878 1754 iniquum,
907 1679 1000 1750 qui
1039 1693 1101 1734 ea
1136 1693 1256 1747 qua:
1298 1692 1473 1747 neque
1511 1677 1869 1746 scripserunt.
1918 1691 2018 1730 ne-

2121 492 2315 562 ejectus
2351 510 2384 546 a
2413 491 2555 546 Jano
2586 494 2844 562 piissimo,
2868 505 2915 549 et
2940 497 3253 551 castimonia
3293 510 3449 568 atque
3481 500 3691 569 pudici-

2124 585 2198 637 tia
2262 584 2627 653 refertissimo,
2658 586 2878 639 sortitus
2931 596 3009 640 est
3070 600 3467 658 cognomentum
3522 591 3687 646 Chem

2122 674 2356 741 Esenua,
2384 676 2438 729 id
2464 685 2565 742 est,
2609 676 2768 732 Cltem
2816 678 3034 748 infamis
3069 689 3118 733 et
3175 681 3491 748 impudicus,
3542 685 3690 738 incu-

2123 765 2216 821 bus
2244 777 2595 837 propagator;
2652 779 2730 824 est
2758 770 2897 822 enim
2936 768 3094 823 Esem
3127 770 3266 838 apud
3301 770 3529 841 Scythas
3552 775 3690 828 Ara-

2121 871 2281 910 mceos
2346 857 2605 926 infamis,
2655 866 2706 912 et
2768 858 3098 928 impudicus.
3161 859 3318 916 Enna
3392 879 3513 917 vero
3573 875 3683 919 tum

2122 947 2444 1017 impudicus,
2508 959 2619 1002 tum
2669 960 3014 1020 propagator,
3068 958 3178 1009 etc.
3228 953 3387 1025 Apud
3418 955 3690 1014 Joannem

2123 1036 2445 1093 Cassianum
2481 1037 2720 1096 Serenus
2750 1044 2944 1107 abbas,
2979 1045 3161 1098 collat.
3193 1045 3246 1109 8,
3274 1063 3395 1115 cap.
3433 1047 3528 1116 21,
3578 1060 3691 1105 tra-

2122 1125 2222 1187 dit,
2280 1128 2613 1197 magicarum
2674 1134 3149 1201 superstitionum,
3188 1143 3242 1190 et
3286 1140 3689 1211 praestigiarum

2122 1216 2329 1286 primos
2371 1228 2625 1276 auctores
2684 1229 2738 1277 et
2788 1224 3080 1293 magistros
3141 1226 3312 1283 fuisse
3353 1231 3532 1286 malos
3597 1249 3694 1288 an-

2122 1309 2271 1377 gelos
2340 1310 2614 1380 quondam
2670 1328 2794 1367 cum
2836 1315 3159 1371 mulieribus
3218 1319 3447 1385 niistos;
3497 1338 3692 1377 earum

2121 1416 2252 1455 vero
2280 1402 2477 1455 artium
2510 1403 3000 1471 studiosissimum,
3024 1416 3078 1462 et
3097 1408 3486 1478 peritissimum
3518 1413 3693 1470 fuisse

2122 1491 2290 1547 Cham
2314 1493 2482 1548 lilium
2506 1493 2640 1559 Noe,
2672 1496 2766 1565 qui
2793 1512 2887 1553 eas
2917 1506 3061 1554 artes
3091 1516 3160 1555 ne
3202 1501 3408 1557 diluvio
3448 1506 3695 1574 perirent

2122 1581 2461 1639 diversorum
2491 1586 2834 1641 metallorum
2887 1588 3103 1646 laminis
3143 1600 3197 1646 et
3249 1592 3569 1652 durissimis
3615 1599 3694 1651 la-

2122 1675 2338 1744 pidibus
2380 1677 2682 1748 insculptas
2732 1682 3097 1747 conservavit,
3136 1691 3192 1738 et
3245 1695 3367 1755 post
3422 1687 3693 1743 diluvium

450 1794 559 1849 que
593 1777 937 1831 somniarunt
990 1772 1232 1843 quidem,
1285 1779 1556 1841 coguntur
1618 1769 1742 1825 aliis
1798 1769 2021 1840 legenda
2053 1786 2095 1840 Β
2124 1783 2218 1822 eas
2252 1769 2437 1823 docuit
2464 1779 2712 1840 posteros
2728 1787 2876 1838 suos,
2899 1781 2948 1828 et
2965 1790 3062 1844 per
3079 1776 3262 1831 orbem
3290 1776 3690 1835 disseminavit.

452 1866 797 1940 proponere?
856 1863 1095 1917 Victoris
1139 1862 1441 1932 presbyteri
1489 1860 1782 1930 explicatio
1827 1862 1883 1914 in
1928 1858 2022 1914 Je-

454 1960 695 2025 remiam,
728 1972 847 2027 cap.
876 1955 932 2019 2,
964 1954 1223 2023 Χεττιεὶμ
1252 1953 1286 2022 ἡ
1318 1951 1539 2023 Κύπρος
1567 1950 1704 2003 ἐστί.
1749 1950 1941 2022 Κηδὰρ
1964 1950 2022 2003 δὲ

453 2047 522 2122 ἦν
556 2051 669 2113 υἱὸς
707 2047 927 2120 Ἰσμαὴλ
970 2044 1085 2098 υἱοῦ
1131 2042 1402 2115 Ἀϐραὰμ,
1447 2043 1506 2107 ἐξ
1550 2037 1672 2112 οῦὴ
1719 2042 1874 2114 χώρα
1919 2043 2023 2095 Σα-

458 2143 708 2219 ρακηνῶν
763 2141 1170 2212 ἐπωνόμασται.
1225 2136 1669 2209 Olympiodorus,
1728 2136 1883 2200 Τινὲς
1925 2136 2022 2207 μὲν

453 2236 733 2309 Κυπρίους
759 2234 912 2303 φασὶ,
947 2232 1088 2294 τινὲς
1116 2231 1175 2284 δὲ
1203 2229 1379 2283 Ἰνδῶν
1398 2228 1546 2300 ἔθνη.
1574 2226 2019 2299 Chrysostomus,

452 2328 678 2393 ibidem,
712 2323 974 2394 Χεττιείμ
1022 2337 1167 2386 τινες
1215 2320 1423 2390 ἔφασαν
1450 2318 1749 2391 Κυπρίους,
1781 2317 1926 2383 τινὲς
1965 2318 2023 2371 δὲ

452 2419 636 2483 Χίους.

524 2535 686 2598 Ibid.,
713 2532 811 2587 lin.
842 2532 927 2586 15.
953 2533 1017 2584 Ol
1031 2529 1099 2583 δὲ
1131 2527 1246 2582 υἱοὶ
1275 2529 1381 2583 τοῦ
1397 2528 1543 2598 Χάμ.
1564 2528 1855 2599 Iosephus,
1888 2527 2021 2580 υίδὲ

451 2628 642 2699 Χάμου
659 2626 865 2691 παῖδες,
878 2623 971 2694 τὴν
998 2622 1103 2675 ἀπὸ
1118 2622 1338 2695 Συρίας,
1354 2621 1447 2673 καὶ
1475 2620 1734 2690 Ἀμάνου,
1754 2621 1848 2674 καὶ
1864 2620 2024 2674 Λιϐά-

451 2737 544 2777 νου
559 2717 666 2771 τῶν
681 2720 819 2789 ὅρων
842 2717 945 2786 γῆν
973 2714 1251 2784 κατέσχον,
1282 2714 1379 2766 ὅσα
1399 2712 1532 2783 πρὸς
1561 2711 1833 2765 Θάλασσαν
1852 2711 2022 2781 αὐτῆς

453 2812 750 2883 ἐτέτραπτο
795 2806 1211 2869 καταλαϐόντες,
1261 2805 1356 2858 καὶ
1383 2804 1449 2857 τὰ
1481 2804 1639 2876 μέχρι
1662 2803 1753 2857 τοῦ
1780 2803 2020 2857 ὠκεανοῦ

406 2880 421 2894 ’
454 2880 878 2972 ἐξιδιωσάμενοι.
914 2899 979 2951 Ai
1023 2896 1206 2968 μέντοι
1236 2897 1595 2969 προσηγορίαι
1642 2894 1748 2947 τῶν
1799 2895 1896 2965 μὲν
1930 2895 2023 2948 καὶ

453 2992 726 3055 παντελῶς
754 2990 984 3061 ἐξίτηλοι
1011 2988 1317 3056 γεγόνασιν,
1367 2987 1523 3039 ἐνίων
1564 2986 1621 3039 δὲ
1658 2985 2021 3056 μεταϐάλλου-

454 3106 563 3151 σαι,
602 3084 697 3139 καὶ
732 3079 1281 3155 μεταρρυθμισθεῖσαι
1310 3078 1446 3150 πρὸς
1477 3078 1667 3148 ἐτέρας
1694 3076 2020 3146 δύσγνωστοι

451 3177 824 3245 τυγχάνουσιν.
863 3171 1153 3235 Eusebius,
1201 3170 1332 3242 Χὰμ
1376 3169 1434 3222 δὲ
1472 3167 1550 3239 τῷ
1591 3168 1824 3239 δευτέρῳ
1859 3167 2021 3220 αὑτοῦ

452 3267 554 3338 υἱῷ
602 3266 786 3336 ἄγοντι
840 3265 958 3327 ἔτος
1011 3261 1125 3327 υκζ¹
1172 3261 1338 3315 ἔδωκε
1385 3261 1485 3331 τὴν
1532 3260 1670 3331 πρὸς
1717 3260 1887 3327 νότον,
1931 3259 2025 3313 καὶ

452 3356 599 3420 λίϐα,
627 3357 720 3409 καὶ
756 3354 918 3426 μέρος
956 3352 1054 3423 τῆς
1084 3351 1285 3414 δύσεως
1320 3351 1426 3404 ἀπὸ
1477 3349 1895 3421 Ῥινοκορούρων
1925 3348 2025 3419 τῆς

452 3446 749 3517 Αἰγύπτου,
813 3443 1116 3511 Αἰθιοπίαν,
1165 3444 1260 3496 καὶ
1313 3442 1604 3511 Αἴγυπτον,
1652 3442 1746 3494 καὶ
1794 3438 2020 3510 Λιϐύην.

466 3538 750 3611 Ἀφρικὴν,
796 3537 889 3590 καὶ
937 3535 1312 3607 Μαυριτανὶαν
1354 3533 1458 3596 ἓως
1515 3531 1851 3603 Ἡρακλείων
1893 3547 2023 3602 στη-

453 3630 582 3696 λῶν,
633 3630 749 3700 ἦτοι
783 3628 904 3691 ’ἓως
944 3626 1041 3681 τοῦ
1082 3624 1297 3679 δυτικοῦ
1344 3626 1438 3679 καὶ
1475 3623 1708 3678 Λιϐυκοῦ
1743 3622 1982 3677 ὠκεανοῦ
2005 3639 2021 3655 ο

455 3721 697 3792 ποταμὸν
734 3720 792 3772 δὲ
823 3719 1124 3790 διορίζοντα
1153 3719 1243 3771 τὸν
1276 3717 1488 3784 Νεῖλον,
1516 3717 1574 3780 ὃς
1606 3717 1699 3770 καὶ
1737 3716 1883 3769 Γεὼν
1931 3716 2025 3770 καὶ

456 3811 810 3885 Χρυσορρόας
873 3811 1121 3879 λέγεται.
1201 3806 1497 3864 Chronicon
1570 3807 2020 3871 Alexandrinum,

455 3905 588 3975 Χὰμ
621 3904 678 3957 δὲ
730 3902 809 3974 τῷ
840 3902 1074 3973 δευτέρῳ
1113 3899 1213 3971 υίῷ
1252 3899 1345 3953 τοῦ
1384 3899 1506 3952 Νῶε
1552 3900 1658 3952 ὑπὸ
1692 3898 2024 3971 Ῥινοκορού-

458 4013 568 4068 ρων
612 3996 717 4059 ἕως
747 3994 1070 4065 Γαδαρηνῶν
1113 3994 1403 4061 Αἴγυπτον,
1436 3992 1529 4045 καὶ
1565 3992 1740 4045 πάντα
1780 3991 1846 4044 τὰ
1888 3992 2023 4061 πρὸς

455 4089 607 4144 νότον
650 4087 927 4141 ὑπέπεσαν
982 4086 1122 4139 πάνυ
1170 4084 1428 4139 δοκοῦντα
1478 4082 1794 4154 καυματικὰ
1847 4082 2024 4152 ὑπάρ-

457 4196 590 4250 χειν.
630 4176 1114 4234 Pseudo-Berosus
1164 4177 1261 4239 ait,
1306 4175 1451 4229 hunc
1490 4173 1752 4228 Chamum
1801 4172 2023 4244 magicae

456 4280 512 4328 et
558 4270 812 4327 veneﬁca:
858 4270 960 4323 arti
1016 4267 1326 4333 studuisse,
1377 4266 1606 4336 ideoque
1669 4264 2021 4320 Zoroastrum

458 4366 852 4429 nuncupatum.
892 4357 1026 4416 Erat
1065 4356 1167 4420 illi,
1202 4364 1259 4408 ut
1289 4354 1539 4418 diximus,
1577 4354 1720 4423 ﬁlius
1749 4368 1815 4408 ea:
1849 4354 2019 4409 tribus

455 4452 641 4523 primis
675 4450 1053 4504 adolescentior
1104 4448 1291 4510 Citam,
1336 4448 1426 4517 qui
1475 4461 1673 4514 semper
1729 4447 1942 4518 magica?
1971 4457 2021 4501 et

453 4545 693 4614 veneﬁcae
723 4541 959 4606 studens,
993 4539 1268 4594 Zoroastri
1293 4554 1479 4592 nomen
1522 4548 1827 4593 consecutus
1876 4548 2011 4594 erat.

456 4635 514 4691 Is
544 4644 746 4705 patrem
792 4632 916 4687 Non
959 4630 1079 4687 odio
1112 4629 1353 4694 habebat,
1389 4630 1512 4700 quia
1547 4629 1681 4683 alios
1714 4631 1899 4685 ultimo
1934 4646 2019 4699 ge-

453 4726 592 4781 nitos
623 4723 893 4778 ardentius
925 4719 1161 4783 amabat,
1196 4736 1249 4773 se
1275 4735 1392 4773 vero
1423 4719 1619 4787 despici
1647 4719 1869 4773 videbat.
1908 4718 2017 4772 Po-

456 4817 655 4872 tissime
683 4832 802 4870 vero
830 4814 967 4868 idem
989 4813 1224 4878 infensus
1246 4820 1359 4865 erat
1388 4813 1528 4880 patri
1554 4810 1617 4865 ob
1641 4813 1786 4865 vitia.
1833 4811 2019 4881 Itaque

454 4918 641 4963 nactus
674 4910 1134 4977 opportunitatem,
1180 4922 1297 4958 cum
1341 4903 1463 4957 Noa
1492 4915 1640 4973 pater
1664 4905 1907 4960 madidus
1926 4906 2020 4975 ja-

453 5012 612 5065 ceret,
635 5002 782 5057 illius
811 5000 985 5055 virilia
1011 4997 1466 5069 compreltendens,
1497 4999 1748 5068 taciteque
1775 5003 2021 5053 submur-

453 5112 671 5152 murans
701 5094 936 5148 carmine
965 5093 1168 5162 magico
1194 5094 1334 5159 patri
1365 5091 1557 5153 illusit,
1584 5092 1760 5153 simul,
1790 5101 1839 5145 et
1867 5093 2020 5146 illum

452 5190 683 5245 sterilem
712 5186 923 5258 perinde
950 5197 1103 5255 atque
1128 5193 1417 5237 castratum
1440 5183 1629 5252 effecit.
1661 5182 1842 5250 Neque
1873 5183 2020 5238 dein-

453 5299 570 5353 ceps
626 5280 747 5335 Noa
796 5277 1061 5348 femellam
1100 5277 1332 5346 aliquam
1386 5275 1667 5345 fecundare
1707 5279 1894 5345 potuit.
1939 5278 2018 5334 0b

456 5375 761 5444 bene/icium
795 5373 1013 5426 inventa:
1033 5370 1153 5423 vitis
1202 5378 1252 5422 et
1293 5369 1399 5422 vini
1432 5368 1678 5438 dignatus
1708 5379 1785 5423 est
1830 5387 2022 5438 cogno-

454 5477 625 5521 mento
653 5465 814 5529 lano,
858 5463 994 5535 quod
1021 5462 1264 5515 Aranteis
1303 5474 1456 5514 sonat
1492 5462 1688 5531 vitifer,
1726 5471 1776 5516 et
1809 5463 2015 5533 rinifer.

451 5562 522 5614 At
554 5576 669 5613 vero
706 5558 874 5612 Cham
911 5572 1030 5610 cum
1065 5554 1270 5625 publice
1300 5565 1650 5623 corrumperet
1682 5555 1901 5608 mortale
1928 5572 2018 5626 ge-

452 5668 572 5716 nus,
595 5667 831 5704 asserens
844 5658 893 5704 et
919 5649 1089 5715 reipsa
1112 5663 1392 5717 exsequens
1428 5647 1862 5715 congrediendum
1885 5664 2016 5712 esse,

449 5749 509 5795 ut
554 5750 674 5794 ante
706 5739 1120 5804 inundationem,
1157 5753 1273 5792 cum
1307 5737 1584 5803 matribus,
1618 5740 1905 5803 sororibus,
1952 5741 2018 5808 ﬁ-

2125 1858 2365 1916 Historia
2401 1863 2529 1917 item
2559 1865 2885 1922 scholastica
2931 1868 2987 1921 in
3033 1867 3216 1923 Cenes.
3261 1885 3383 1941 cap.
3426 1888 3580 1935 xxix,
3609 1873 3696 1929 bis

2123 1951 2303 2007 alﬁnia
2325 1952 2535 2010 scribit.
2568 1954 2765 2024 Ninus,
2797 1958 2994 2028 inquit,
3026 1960 3153 2013 vidit
3184 1958 3371 2024 Citam,
3399 1965 3492 2032 qui
3522 1964 3697 2017 adhuc

2123 2042 2320 2098 vivebat
2368 2053 2419 2099 et
2462 2047 2713 2117 regnabat
2762 2051 2901 2119 apud
2944 2050 3280 2117 Bactrianos,
3311 2057 3474 2108 velut
3522 2056 3696 2125 placet

2123 2138 2269 2202 aliis,
2289 2139 2343 2192 in
2366 2139 2679 2204 Thracia,et
2706 2142 3072 2212 appellabatur
3098 2142 3430 2210 Zoroastres,
3456 2148 3697 2204 inm-utor

2123 2233 2340 2302 magica:
2378 2235 2533 2297 artis,
2563 2236 2651 2304 qui
2682 2246 2733 2290 et
2771 2236 2904 2290 lianc
2935 2246 2984 2291 et
3038 2248 3230 2307 septem
3265 2239 3510 2295 liberales
3552 2253 3694 2297 artes

2122 2325 2177 2378 in
2216 2325 2613 2395 quatuordecim
2640 2329 2900 2384 columnis
2945 2333 3177 2400 scripsit,
3208 2345 3403 2403 septem
3432 2337 3619 2399 trucis,
3645 2346 3697 2389 et

2122 2425 2314 2485 septem
2349 2417 2595 2473 lateritiis
2623 2430 2807 2475 contra
2835 2424 3026 2491 duplex
3059 2425 3200 2478 orbis
3228 2426 3520 2493 excidium,
3554 2428 3695 2498 quod

2124 2510 2658 2578 futurumaudierat,
2691 2514 2914 2568 alterum
2936 2531 3027 2583 per
3064 2534 3278 2587 aquam,
3309 2519 3537 2573 alterum
3575 2537 3693 2574 vero

2121 2619 2213 2674 per
2244 2605 2431 2675 ignem.
2467 2603 2641 2659 Ninus
2684 2619 2859 2661 autem
2893 2609 3053 2662 libros
3081 2610 3197 2678 ejus
3228 2612 3537 2667 combussit.
3586 2611 3696 2665 Ho-

2122 2699 2245 2749 rum
2274 2696 2407 2751 ﬁdes
2431 2713 2596 2767 penes
2628 2698 2699 2753 sit
2739 2699 2886 2770 ipsos
2931 2710 3202 2758 auctores.
3227 2703 3363 2758 'Mibi
3408 2720 3695 2777 nunquam

2124 2787 2179 2841 id
2212 2789 2618 2859 persuadebunt
2673 2798 2727 2846 et
2781 2793 2953 2846 Cliam
3008 2794 3238 2864 magicis
3282 2795 3493 2851 artibus
3536 2799 3697 2852 incu-

2123 2880 2327 2945 buisse,
2362 2891 2418 2935 et
2440 2881 2702 2937 veneﬁcia
2730 2884 2988 2941 adversus
3030 2892 3238 2955 patrem
3271 2887 3607 2951 exercuisse,
3642 2896 3696 2943 et

2123 2972 2392 3028 columnis
2430 2976 2616 3040 aeneis,
2664 2983 2759 3028 aut
2796 2968 3068 3041 lateritiis,
3102 2978 3348 3047 magiéen
3381 2993 3410 3032 a
3440 2981 3693 3049 parenti-

2124 3063 2228 3118 bus
2272 3074 2553 3136 acceptam
2603 3066 2866 3123 a’dversus
2916 3068 3062 3122 illam
3119 3084 3383 3139 aquarum
3445 3071 3693 3128 illuviem

2125 3171 2502 3226 conservasse,
2537 3167 2592 3214 et
2619 3159 2963 3216 Zoroastrem
3009 3163 3351 3216 nominatum
3408 3179 3519 3218 una
3568 3182 3695 3219 cum

2125 3246 2267 3302 Nino
2304 3250 2646 3304 atrocissime
2673 3266 2966 3321 pugnasse,
3022 3266 3052 3305 a
3098 3268 3208 3323 quo
3241 3256 3468 3319 victum,
3502 3264 3559 3311 et
3606 3272 3698 3312 su-

2125 3349 2395 3410 peratum,
2426 3341 2680 3413 illiusque
2726 3343 2897 3400 libros
2939 3345 3257 3403 combustos
3306 3347 3513 3414 fuisse;
3569 3364 3697 3405 cum

2125 3448 2228 3488 nec
2272 3441 2576 3503 temporum
2629 3437 2791 3499 ratio,
2822 3452 2923 3491 nec
2966 3438 3267 3494 auctoritas
3307 3441 3561 3506 Patrum,
3597 3459 3699 3498 nec

2124 3526 2307 3581 divina
2337 3526 2553 3597 eloquia
2587 3528 2639 3582 id
2670 3539 2938 3584 asserant.
2971 3529 3266 3585 Maximum
3293 3532 3435 3587 inter
3466 3532 3695 3602 Ninum,

2124 3625 2179 3673 et
2237 3617 2618 3685 Zoroastrem,
2672 3627 2726 3674 et
2784 3618 3065 3676 Noeticum
3123 3622 3390 3678 diluvium
3431 3627 3699 3695 temporis

2126 3710 2363 3780 spatium
2395 3710 2725 3765 intercessit.

2194 3800 2355 3868 lbid.,
2389 3803 2483 3857 lin.
2512 3802 2603 3857 20.
2632 3803 2788 3870 Χοῦς
2813 3803 2883 3870 ἐξ
2906 3800 2979 3861 οὗ
3013 3806 3155 3860 Χοῦ.
3209 3803 3485 3877 Iosephus
3516 3826 3531 3860 :
3560 3806 3698 3859 Τεσ-

2125 3893 2307 3964 σάρων
2338 3892 2445 3963 γὰρ
2477 3893 2662 3964 Χάμου
2691 3896 2893 3951 παίδων
2916 3897 3246 3967 γενομένων,
3298 3900 3569 3950 Χουσαῖον
3601 3900 3699 3968 μὲν

2122 3987 2272 4041 οὐδὲν
2296 3987 2525 4056 ἔϐλαψεν
2555 3989 2583 4040 ὁ
2606 3989 2794 4059 χρόνος
2817 4005 2831 4018 ·
2861 3989 3116 4052 Αἰθίοπες
3144 3991 3272 4060 γὰρ,
3294 3985 3368 4043 ὧν
3394 3986 3586 4062 ἦρξεν,
3618 3992 3698 4043 ἔτι

2122 4080 2218 4132 καὶ
2248 4080 2341 4132 νῦν
2373 4080 2477 4132 ὑπὸ
2519 4080 2725 4134 ἑαυτῶν
2753 4098 2810 4133 τε
2845 4082 2937 4134 καὶ
2980 4081 3087 4133 τῶν
3110 4084 3169 4134 ὲν
3204 4086 3269 4154 τῇ
3297 4083 3451 4153 Ἀσία
3478 4085 3700 4137 πάντων

2123 4172 2381 4225 Χουσαῖοι
2412 4172 2720 4225 καλοῦνται.
2743 4172 3099 4237 Eusebius,et
3128 4174 3427 4229 Chronicon
3457 4177 3704 4251 Alexan-

2123 4265 2361 4331 drinum,
2426 4265 2569 4330 Χοῦς
2599 4267 2656 4332 ἐξ
2685 4262 2745 4321 οῦ
2778 4265 3053 4333 Αἰθίοπες,
3090 4268 3253 4338 stirps
3275 4268 3602 4339 Ethiopum
3642 4270 3700 4324 in

2124 4355 2313 4409 ultima
2359 4371 2459 4409 ora
2492 4356 2725 4423 Africae;
2761 4364 2815 4411 et
2845 4358 2987 4427 apud
3037 4356 3385 4414 Ptolemaeum
3444 4362 3505 4414 in
3554 4362 3704 4417 inte-

2125 4447 2267 4501 riore
2295 4456 2448 4517 parte
2488 4449 2667 4519 Libya:
2697 4466 2892 4505 nomen
2924 4461 3007 4507 est
3041 4451 3297 4508 Chusitaa.

2196 4539 2329 4595 Ibid.
2360 4539 2633 4610 Μεστρὲμ
2653 4542 2721 4606 ἐξ
2745 4538 3127 4615 015.105cphus
3154 4566 3167 4600 ;
3213 4548 3490 4622 Ἐτηρήθη
3521 4552 3580 4606 δὲ
3606 4556 3701 4608 καὶ

2117 4633 2413 4704 Μεσραίοις
2445 4635 2477 4705 ἡ
2511 4635 2651 4689 κατὰ
2680 4637 2779 4707 τὴν
2808 4640 3177 4711 προσηγορίαν
3209 4644 3420 4714 μνήμη.
3455 4647 3570 4719 Τὴν
3593 4650 3699 4721 γὰρ

2119 4724 2391 4792 Αἴγυπτον
2420 4724 2664 4798 Μέσρην,
2717 4729 2812 4781 καὶ
2856 4731 3163 4804 Μεσραίους
3194 4735 3318 4798 τοὺς
3360 4739 3699 4805 Αἰγυπτίους

2120 4816 2359 4879 ἅπαντες
2390 4819 2439 4869 οἰ
2472 4817 2675 4890 ταύτην
2705 4820 2977 4886 οἰκοῦντες
3026 4824 3312 4896 καλοῦμεν.
3378 4826 3655 4886 Eusebius
3681 4873 3696 4895 ,

2119 4909 2436 4980 Μεστραΐμ,
2472 4909 2767 4966 Chronicon
2793 4913 3212 4970 Alexandrinum
3239 4958 3255 4982 ,
3289 4920 3611 4993 Μεσραεὶμ,
3641 4924 3697 4989 ἐξ

2118 4993 2179 5052 οῦ
2212 5001 2515 5071 Αἰγύπτιοι,
2542 5011 2596 5059 et
2634 5003 2871 5061 Joannes
2900 5006 3271 5065 Antiochenus
3301 5012 3357 5065 in
3386 5015 3697 5069 Arciurolo—

2118 5094 2228 5166 gia,
2263 5095 2322 5146 '0
2356 5095 2462 5148 ἀπὸ
2522 5097 2653 5168 Χὰμ
2701 5099 2796 5152 τοῦ
2833 5101 2951 5152 υἱοῦ
3004 5103 3125 5155 Νῶε
3160 5106 3421 5178 Μεστρὲμ
3481 5114 3562 5173 εἰς
3602 5111 3695 5163 Αἵ-

2118 5182 2338 5256 γυπτον’
2357 5189 2640 5262 ἀπῳκίσθη
2669 5207 2682 5220 ·
2721 5193 2814 5245 καὶ
2848 5193 2942 5247 ἀπ’
2978 5196 3143 5248 αὑτοῦ
3191 5198 3394 5271 ἐκλήθη
3429 5204 3465 5272 ἡ
3509 5204 3690 5277 χώρα·

2117 5276 2180 5329 τὸ
2205 5278 2313 5348 γὰρ
2342 5280 2601 5351 Μεστρὲμ
2629 5281 2902 5353 Ἐϐραϊστὶ
2942 5288 3210 5354 Αἴγυπτον
3238 5290 3409 5360 δηλοῖ.

2192 5368 2348 5430 lbib.,
2375 5373 2469 5426 lin.
2495 5374 2585 5428 2|.
2634 5377 2791 5428 Φοὺτ
2826 5381 3058 5433 suomet.
3113 5380 3384 5452 Josepbus
3416 5402 3432 5437 :
3474 5389 3691 5443 Ἕκτισε

2119 5460 2175 5515 δὲ
2200 5464 2292 5516 καὶ
2319 5466 2522 5537 Φούτης
2554 5469 2650 5540 τὴν
2679 5470 2900 5543 Λιϐύην,
2930 5474 3163 5541 Φούτους
3189 5476 3284 5530 ἀπ’
3313 5480 3484 5534 αὐτοῦ
3537 5485 3695 5538 καλέ-

2123 5571 2220 5617 σας
2242 5557 2365 5619 τοὺς
2408 5560 2749 5630 ἐπιχωρίους,
2789 5565 2944 5618 Ἔστι
2991 5566 3048 5619 δὲ
3096 5572 3189 5623 καὶ
3240 5575 3488 5643 ποταμὸς
3537 5579 3597 5629 ἐν
3628 5580 3691 5648 τῇ

2121 5648 2360 5718 Μαύρων
2393 5650 2545 5721 χώρᾳ
2572 5652 2729 5706 τοῦτο
2770 5656 2908 5726 ἔχων
2940 5660 2998 5711 τὸ
3026 5660 3213 5732 ὄνομα.
3247 5665 3415 5720 Ὅθεν
3449 5673 3544 5724 καὶ
3572 5676 3691 5734 τοὺς

2124 5741 2404 5807 πλείστους
2434 5745 2540 5801 τῶν
2570 5748 2892 5814 Ἑλληνικῶν
2926 5754 3356 5821 ἱστοριογράφων
3389 5763 3540 5820 ἐστιν
3574 5768 3690 5822 ἰδεῖν
