3810 6168
147 307 278 364 1001

1230 300 1297 359 IN
1346 296 1716 358 EUSTATHII
1754 295 2230 356 HEIAEMERON
2270 295 2510 355 ΝΟΤΕ.

3246 303 3385 361 10θὲ

146 423 531 499 μεμνημένους
566 421 658 475 τοῦ
707 419 952 493 ποταμοῦ
1002 421 1099 475 καὶ
1152 419 1252 491 τῆς
1302 421 1718 494 παρακειμένης
1746 432 1792 487 Α
1816 414 2056 499 δίεοςρὲέλ
2073 410 2574 499 οὖτοςικατῴκησε
2594 420 2708 499 τίηρ
2725 413 2834 486 τῆς
2847 420 3144 499 Αίγύπτου
3165 419 3384 499 χώραν,

140 515 294 587 αὐτῷ
321 514 506 585 χώρας
538 513 742 586 Φούτης
775 512 1093 585 λεγομένης.
1134 511 1410 575 Μετέϐαλε
1442 512 1499 567 δὲ
1531 513 1558 565 δ
1601 513 1718 565 ἐστι

142 609 239 664 νῦν
265 606 417 677 αὑτῷ
443 608 615 677 ὄνομα
654 605 761 660 ἀπὸ
803 606 898 660 τοῦ
946 607 1248 677 Μεσράμου
1285 603 1417 658 υἱῶν
1457 602 1576 667 ένός
1623 603 1720 656 Λί-

141 700 276 763 ϐυος
303 699 614 769 λεγομένου.
646 683 736 752 Sic
760 697 1071 752 nominatur
1101 696 1244 766 apud
1268 695 1528 751 Plinium.
1559 694 1719 764 Apud

145 789 497 846 Ptolemaeum
554 791 819 844 scribitur
875 787 1100 843 Pthuth.
1137 787 1404 843 Eusebius
1434 803 1450 840 :
1480 786 1636 849 Φοὺδ,
1661 784 1720 852 ἐξ

142 873 211 936 οὗ
232 881 631 955 Τρωγλοδῦται.
667 880 812 936 idem
842 880 1136 937 Clironicon
1160 879 1600 936 Alexandrinum.

219 1016 337 1072 Coi.
359 1017 480 1082 756,
503 1017 600 1072 lin.
618 1017 708 1074 27.
737 1017 820 1083 Τῷ
842 1017 909 1070 δὲ
931 1020 1086 1084 Χοὺς
1117 1018 1414 1089 ἐγένοντο.
1451 1018 1722 1090 Joscphus

147 1122 247 1164 sex
274 1106 404 1161 dicit
429 1124 444 1162 :
480 1106 720 1160 Γίνονται
756 1108 852 1177 μὲν
884 1108 1067 1171 παῖδες
1092 1106 1151 1172 ἐξ
1182 1107 1357 1161 αὐτῶν
1380 1106 1587 1160 Χούσου
1624 1109 1722 1179 μὲν

145 1192 230 1259 εξ,
253 1189 326 1247 ῶν
341 1192 518 1257 Σάϐας
541 1194 638 1264 μὲν
662 1195 945 1260 Σαϐαίους,
975 1196 1168 1261 Εὐῖλας
1199 1197 1255 1250 δὲ
1278 1197 1557 1261 Εὐῖλαίους
1578 1197 1724 1251 ἔκτι-

148 1303 264 1352 σεν,
283 1287 331 1340 οἶ
351 1286 444 1340 νῦν
459 1286 704 1340 Γέτουλοι
730 1287 997 1357 λέγονται,
1019 1287 1270 1359 Σαϐάθης
1285 1289 1339 1342 δὲ
1357 1288 1719 1360 Σαϐαθηνούς.

159 1379 546 1451 Ὀνομάζονται
578 1379 1006 1452 δεἈστάϐαρροι
1048 1381 1179 1453 παρ’
1205 1383 1477 1453 Ἕλλησιν.
1514 1381 1720 1446 Οἰκίζει

145 1469 210 1524 δὲ
232 1473 324 1524 καί
357 1471 642 1536 Σαϐάκτας
664 1473 1065 1543 Σαϐακτηνούς,
1083 1473 1292 1544 Ῥῶμος
1321 1473 1378 1527 δὲ
1416 1474 1720 1544 Ῥωμαίους

147 1559 340 1630 ᾤκισε,
370 1563 465 1614 καὶ
518 1561 611 1615 δύο
645 1563 839 1628 παῖδας
872 1562 1050 1634 ἔσχεν,
1079 1557 1155 1616 ὧν
1187 1563 1386 1627 Ἰούδας
1441 1565 1539 1636 μὲν
1591 1566 1720 1618 Ἰου-

147 1650 352 1717 δαίους,
373 1652 684 1708 Αἰθιοπικὸν
701 1654 848 1718 ἔθνος
864 1655 971 1708 τῶν
997 1651 1319 1727 Ἐσπερίων,
1342 1656 1550 1720 οἰκίσας
1575 1657 1720 1710 ἐπώ-

148 1759 319 1814 νυμον
348 1744 511 1798 αὐτοῦ
544 1747 822 1800 κατέλιπε·
867 1746 1130 1811 Σαϐαίους
1155 1749 1211 1802 δὲ
1244 1747 1492 1812 Σαϐαῖος.
1543 1746 1718 1804 Eusc-
1750 1780 1791 1834 Β
1819 1744 1984 1839 var“;
2004 1775 2062 1841 ἐξ
2082 1768 2163 1829 οὗ.
2196 1814 2209 1827 ο

147 1835 276 1890 bius
312 1854 324 1889 :
351 1835 471 1889 Υἱοὶ
503 1836 614 1891 Χοῦ
637 1836 731 1892 τοῦ
758 1839 1011 1902 Αἰθίοπος
1033 1839 1128 1892 τοῦ
1152 1839 1366 1911 πρώτου
1415 1838 1533 1893 υἱοῦ
1585 1837 1716 1910 Χὰμ

148 1925 352 1990 Σαϐὰτ,
383 1927 443 1992 ἐξ
465 1921 526 1981 οὗ
565 1929 762 1982 Σαϐάτο
787 1929 1003 1994 Εὐῖλάτ,
1026 1930 1084 1996 ἐξ
1103 1922 1163 1982 οὑ
1192 1930 1460 1999 Γαγγινοί·
1483 1929 1712 1996 Σεϐατὰ,

145 2018 212 2086 ἐξ
236 2015 296 2073 οὑ
323 2020 556 2074 Σαϐῖνοι·
591 2022 817 2092 Ῥέγμα,
851 2021 909 2086 ἐξ
932 2017 991 2076 οὑ
1022 2021 1381 2093 Ἰχθυοφάγοι·
1415 2023 1714 2087 Σεϐακατὰ,

146 2109 213 2174 ἐξ
238 2105 318 2165 οῦ.
352 2150 368 2165 .
404 2150 418 2165 .
451 2111 746 2167 Chronicon
786 2113 1205 2168 Alexandrinum
1236 2115 1397 2169 εΥἱοὶ
1446 2108 1589 2180 Χοῦς
1619 2115 1714 2169 τοῦ

144 2202 407 2268 Αἰθίοπος
432 2202 527 2258 τοῦ
583 2205 872 2276 γενομένου
897 2208 962 2260 ὲκ
995 2204 1086 2259 τοῦ
1138 2207 1268 2278 Χάμ
1295 2207 1546 2280 δευτέρου
1599 2206 1716 2262 υἱοῦ

144 2292 245 2348 τοῦ
262 2293 384 2348 Νῶε
399 2310 412 2324 ·
441 2294 610 2361 Σάϐα,
633 2295 690 2362 ἐξ
708 2293 1044 2369 οὑἸταϐηνοί
1063 2313 1076 2328 ·
1108 2296 1330 2366 Εὐῖλάτ,
1352 2297 1411 2365 ἐξ
1429 2293 1489 2352 οὗ
1514 2298 1711 2369 Ἰχθυο·

145 2387 342 2456 φάγοι·
368 2388 602 2451 Σαϐάδα,
631 2390 689 2456 ἐξ
717 2381 778 2442 οὐ
800 2389 1067 2443 Ἑλλανοί·
1117 2390 1343 2461 Ῥἐγμα,
1378 2390 1438 2456 ἐξ
1466 2386 1528 2445 οὗ
1550 2392 1719 2460 Αἰγύ-

146 2496 328 2533 πτιοι·
350 2479 661 2535 Σαϐακαθά.
700 2477 858 2536 Οὗτοι
877 2482 1130 2547 Αἰθίοπες
1153 2483 1368 2548 Λίϐυες.

222 2588 382 2655 lbid.,
415 2590 514 2644 lin.
549 2591 638 2646 5i.
668 2591 976 2662 Ῥεγμαρά.
1002 2591 1270 2648 Eusebius
1303 2611 1316 2647 :
1357 2593 1476 2646 Υἱοὶ
1515 2594 1720 2665 Ῥέγμα

144 2681 322 2746 Σαϐὰ,
351 2679 412 2746 ἐξ
455 2675 515 2736 οὐ
547 2683 914 2754 Μαργαρῖται·
945 2683 1232 2748 Ἰουδαδὰν,
1264 2683 1324 2750 ἐξ
1360 2680 1421 2740 οῦ
1456 2685 1716 2750 Φοίνικες.

145 2769 454 2825 Chronicon
499 2770 967 2826 Alexandrinum:
994 2773 1119 2826 Υἱοὶ
1158 2773 1365 2845 Ῥέγμα
1398 2774 1513 2828 υἱοῦ
1554 2776 1717 2841 Χοῦς,

141 2860 243 2914 τοῦ
274 2861 392 2914 υἱοῦ
423 2862 570 2934 Χάμ·
611 2863 782 2927 Σαϐὰ,
819 2863 879 2929 ἐξ
919 2859 978 2918 οὗ
1024 2867 1402 2938 Μαρμαρῖδες·
1439 2867 1629 2934 Δαδὰν,
1661 2867 1719 2933 ἐξ

142 2945 212 3006 οὗ
252 2953 445 3026 Κάροι.

222 3065 388 3134 lbid.,
421 3068 516 3124 lin.
545 3069 636 3124 54.
659 3068 895 3138 Νεϐρὼδ
925 3087 1121 3136 ουτος.
1148 3069 1457 3140 Iosephus:
1489 3071 1718 3143 Ναϐρώ-

141 3157 246 3228 δης
291 3157 348 3211 δὲ
391 3157 598 3210 Χούσου
647 3158 781 3222 υίὸς,
831 3159 1126 3230 ὑπομείνας
1179 3157 1328 3229 παρὰ
1365 3156 1721 3220 Βαϐυλωνίοις

142 3246 538 3318 ἐτυράννησεν,
578 3248 653 3312 ὡς
703 3250 797 3302 καὶ
833 3250 1090 3321 πρότερόν
1143 3266 1232 3319 μοι
1263 3247 1574 3319 δεδήλωται.
1615 3247 1724 3302 Eu-

141 3339 342 3396 sebius
366 3358 381 3396 :
414 3340 657 3411 Νεϐρὼδ,
684 3339 743 3406 ἐξ
769 3337 828 3396 οῦ
857 3342 1124 3411 γίγαντες.
1158 3341 1455 3396 Cltronicon
1484 3342 1718 3395 Alexan-

142 3433 368 3487 drinum
403 3449 422 3486 :
461 3429 628 3497 Οὗτός
666 3437 781 3488 ἐστι
820 3433 1044 3505 Νεϐρὼδ
1083 3437 1111 3486 ὁ
1158 3434 1318 3502 γίγας
1351 3434 1445 3488 καὶ
1490 3433 1722 3504 κυνηγὸς

143 3523 393 3580 ἐναντίον
431 3523 633 3595 Κυρίου
674 3541 688 3554 ·
737 3523 909 3596 τούτῳ
946 3523 1022 3594 τῷ
1045 3523 1271 3595 Νεϐρὼδ
1313 3524 1412 3595 τὴν
1447 3522 1720 3594 βασιλείαν

142 3613 467 3679 Βαϐυλῶνος
491 3616 629 3686 μετὰ
653 3615 744 3668 τὸν
766 3615 1144 3686 κατακλυσμὸν
1175 3618 1206 3684 ἡ
1237 3614 1356 3668 θεία
1373 3615 1560 3686 Γραφὴ
1590 3616 1722 3669 ἁνα-

139 3707 352 3777 τίθησι.
386 3707 547 3775 Λέγει
575 3707 683 3778 γάρ
707 3709 738 3779 ἡ
772 3707 984 3779 Γραφή·
1002 3707 1169 3778 Ἀρχὴ
1195 3706 1291 3776 τῆς
1315 3706 1590 3777 βασιλείας
1623 3706 1721 3758 αὑ-

140 3798 244 3853 τοῦ
268 3797 546 3855 Βαϐυλών.
577 3799 918 3868 Adducitque
946 3799 1012 3852 ad
1037 3799 1139 3852 hoc
1169 3798 1605 3852 conﬁrmandum
1637 3798 1717 3853 lo-

141 3907 275 3947 cum
321 3907 388 3946 cx
437 3890 599 3947 Petro
656 3893 900 3962 apostolo
945 3891 1090 3961 apud
1145 3892 1501 3955 Clementem,
1533 3891 1625 3946 lib.
1669 3907 1723 3944 IV

143 3982 604 4054 Recogniﬁonum.
655 3981 788 4038 Vide
840 3983 1140 4039 Manassem
1190 3983 1244 4038 in
1294 3983 1610 4040 Annalibus.
1647 3981 1722 4038 De

142 4074 256 4131 hoc
283 4075 454 4130 etiam
483 4074 718 4128 diximus
745 4088 847 4128 nos
873 4074 1131 4128 nonnulla
1165 4074 1438 4142 superius.
1550 4091 1552 4093 ν

223 4166 381 4228 Ibid.,
416 4167 512 4222 lin.
548 4166 640 4221 57.
681 4165 956 4234 Μεστρὲμ
989 4166 1124 4220 υἱοί.
1174 4163 1483 4235 Josephus:
1518 4163 1637 4216 Τῶν
1665 4163 1722 4217 δὲ

140 4259 428 4331 Μεσραίου
481 4257 686 4312 παίδων
739 4256 883 4310 ὀκτὼ
919 4257 1244 4327 γενομένων,
1294 4257 1341 4309 οἱ
1379 4255 1578 4318 πάντες
1625 4253 1721 4325 τὴν

140 4340 599 4421 ἀπδΓάζης-’ἓως
643 4352 918 4420 Αἰγύπτου
965 4351 1068 4422 γῆν
1103 4351 1384 4419 κατέσχον.
1437 4347 1615 4402 Μόνον
1665 4347 1722 4400 δὲ

1834 489 1948 556 Ἀφ’
1971 485 2154 553 οὗπερ
2177 487 2275 558 καὶ
2299 487 2413 554 τὴν
2425 489 2725 558 Αἴγυπτόν
2742 485 2935 556 φασιν·
2958 485 3386 558 όνομαάθῆνίιιζ

1826 555 1903 611 Τὸί
1925 559 2034 626 γὰρ
2064 555 2306 626 Μεσρὲμ
2357 555 2667 625 Έϐριὶϊκῶς
2705 555 3013 628 Ᾱῖγυπτον
3051 555 3386 630 ἑρμηνεύειν.

1891 671 2050 738 lbid.,
2084 671 2178 726 lin.
2204 671 2294 726 41.
2327 671 2632 741 Ἐγένοντο
2658 672 2727 726 δὲ
2750 673 2872 730 καί.
2898 673 3167 746 Josephus
3190 691 3208 729 :
3237 676 3387 746 Ἐγέο

1821 782 1970 820 νοντο
1990 765 2047 819 δὲ
2080 768 2174 818 καὶ
2208 765 2507 818 Χαναναίου
2547 764 2752 830 παῖδες,
2788 764 3054 830 Σιδώνιος,
3088 767 3145 830 ὃς
3171 769 3265 822 καὶ
3296 769 3381 822 πό-

1818 857 1902 913 λιν
1934 855 2216 926 ὲπώνυμον
2250 857 2462 910 ἔκτισεν
2495 859 2554 910 ὲν
2571 857 2813 929 Φοινίκῃ,
2840 857 3006 914 Σιδὼν
3027 859 3069 912 δ’
3092 861 3182 929 ὑφ’
3211 860 3384 932 Ἐλλή-

1819 965 1925 1002 νων
1953 947 2214 1001 καλεῖται.
2245 948 2487 1018 Ἀμαθος
2522 946 2577 1001 δὲ
2620 947 2864 1018 Ἀμάθην
2893 948 3233 1020 κατῴκησεν,
3269 951 3389 1020 ⁴ἥτις

1820 1040 1938 1093 ἐστὶ
1974 1039 2070 1094 καὶ
2101 1039 2196 1093 νῦν
2228 1040 2334 1093 ὑπὸ
2381 1038 2480 1110 μὲν
2521 1040 2801 1111 ἐγχωρίων
2815 1040 3025 1111 Ἀμάθη
3062 1040 3390 1114 καλουμένη·

1819 1131 2129 1194 Μακεδόνες
2161 1131 2216 1184 δὲ
2244 1130 2411 1202 αὐτὴν
2440 1131 2807 1200 Ἐπιφάνειαν,
2853 1133 2945 1202 ἀφ’
2979 1133 3097 1196 ἑνὸς
3123 1132 3232 1188 τῶν
3257 1134 3384 1188 ἀπο-

1820 1222 1992 1291 γόνων
2023 1223 2402 1294 ἐπωνόμασαν.
2441 1216 2743 1295 Ἀρουδαῖος
2768 1223 2827 1277 δὲ
2843 1223 3073 1295 Ἀραδον
3099 1225 3199 1298 τὴν
3230 1225 3392 1296 νῆσον

1821 1316 1996 1388 ἔσχεν,
2024 1317 2338 1389 Ἀρουκαῖος
2364 1317 2421 1370 δὲ
2441 1319 2650 1389 ’Ἀρκην
2686 1316 2784 1388 τὴν
2811 1319 2867 1370 ὲν
2901 1317 3137 1388 Λιϐάνῳ.
3187 1317 3307 1372 Τῶν
3335 1319 3390 1372 δὲ

1820 1407 1993 1461 ἄλλων
2021 1408 2181 1471 ἑπτὰ,
2203 1407 2424 1472 Εὐαίου,
2446 1408 2730 1473 Χετταίου,
2749 1407 3127 1473 Ἰεϐουσσαίου,
3145 1408 3391 1473 Εὐδαίου,

1821 1499 2084 1563 Σειναίου,
2115 1499 2431 1572 Σαμαραίου
2473 1499 2614 1570 πλὴν
2639 1499 2749 1553 τῶν
2779 1501 3056 1572 ὀνομάτων
3082 1504 3139 1555 ὲν
3168 1505 3288 1566 ταῖς
3314 1506 3392 1556 ἰε-

1823 1592 1944 1662 ραῖς
1966 1589 2166 1660 βίϐλοις
2197 1590 2350 1644 οὐδὲν
2376 1590 2590 1661 ἔχομεν.
2653 1589 2954 1647 Eusebius:
2979 1593 3098 1646 Υἱοὶ
3123 1591 3356 1664 Χαναάμ
3373 1636 3389 1659 ,

1819 1678 1894 1739 ὧν
1926 1683 2267 1757 πρωτότοκος
2305 1683 2494 1749 Σιδὼν,
2537 1683 2705 1738 Σιδὼν
2747 1683 2807 1749 ἐξ
2839 1680 2898 1739 οὗ
2930 1685 3204 1740 Σιδώνιοι·
3249 1687 3393 1739 Χατ-

2243 1815 2256 1828 .
2274 1774 2609 1838 Ἰεϐουσαῖος,
2628 1774 2685 1842 ἐξ
2708 1769 2768 1828 οὗ
2811 1775 3122 1829 Ἰεϐουσαῖοι
3146 1791 3162 1806 ·
3198 1776 3394 1848 Ἀμορ-

1819 1869 1989 1935 ραῖος,
2024 1863 2084 1930 ἐξ
2133 1858 2194 1918 οὑ
2233 1865 2578 1936 Ἀμορῤαἶοι·
2608 1865 2955 1936 Γεργεσαίος,
2993 1866 3052 1930 ἐξ
3091 1861 3151 1921 οὗ
3194 1867 3392 1939 Γεργε-

1819 1960 1957 2010 σαῖοι
1981 1973 1994 1987 ·
2032 1956 2245 2020 Εὐαῖος,
2295 1955 2355 2021 ἐξ
2384 1952 2444 2010 οὑ
2478 1957 2663 2010 Εὑαῖοι
2685 1973 2698 1986 ·
2749 1957 3035 2028 ’Λροῦκος,
3093 1957 3153 2022 ἐξ
3183 1953 3242 2012 οὗ
3273 1997 3288 2012 .
3320 1998 3332 2010 .
3370 1998 3387 2013 .

1830 2047 2120 2109 Ἀσεναῖος,
2152 2045 2210 2113 ἐξ
2238 2040 2299 2100 οὗ
2336 2089 2350 2100 .
2386 2087 2401 2102 .
2438 2085 2453 2101 .
2499 2046 2762 2118 Ἀράδιος,
2807 2046 2865 2113 ἐξ
2893 2042 2954 2102 οὐ
2983 2047 3259 2119 Ἀράδιοι·
3288 2050 3393 2102 Σα-

1819 2139 2070 2207 μαραῖος,
2098 2137 2156 2203 ἐξ
2184 2132 2243 2190 οὑ
2281 2137 2580 2208 Ὀρθοσῖται
2601 2155 2614 2169 ·
2645 2138 2919 2208 Ἀμαθεὶς,
2955 2137 3013 2204 ἐξ
3035 2134 3094 2193 οὑ
3131 2139 3393 2210 Ἀμαθού-

1819 2242 1943 2279 σιοι.
1993 2224 2283 2280 Chronicon
2343 2225 2758 2280 Alexandrinum
2814 2245 2833 2280 :
2876 2227 3107 2299 Χαναάμ
3138 2229 3392 2298 ἐγέννησε

1815 2315 1904 2368 τὸν
1921 2314 2122 2370 Σιδῶνα
2139 2316 2496 2387 πρωτότοκον,
2509 2315 2730 2379 Σιδῶνα,
2743 2315 2803 2380 ἐξ
2816 2311 2875 2371 οῦ
2896 2317 3091 2370 Μυσοί·
3111 2319 3390 2383 Χετταῖον,

1818 2405 1876 2470 ἐξ
1933 2399 1994 2459 οὑ
2047 2405 2338 2479 Δαρδανοί·
2393 2405 2751 2480 ξιεϐουσαῑον,
2807 2406 2865 2473 ἐξ
2917 2400 2977 2460 οὗ
3041 2407 3390 2463 Ἰεϐουσαῖοιο

1831 2501 2173 2571 Ἀμορραῖον,
2205 2497 2264 2564 ἐξ
2287 2492 2346 2551 οὐ
2372 2499 2640 2570 Γερμανοί
2663 2516 2676 2529 ·
2711 2499 3055 2570 Γεργεσαῖον,
3087 2498 3148 2564 ἐξ
3168 2492 3229 2553 οῦ
3252 2501 3390 2574 Σαρ-

1823 2590 1989 2659 μᾶται
2011 2604 2024 2618 ·
2060 2589 2273 2652 Εὐαῖον,
2300 2587 2360 2652 ἐξ
2405 2583 2465 2643 οὑ
2493 2587 2819 2642 Παννώνιοι·
2870 2589 3206 2660 Ἀρουκαῖον,
3247 2591 3304 2658 ἐξ
3331 2584 3391 2646 οῦ

1821 2681 2076 2742 Παίονες·
2108 2680 2432 2742 Ἀσενναῖον,
2455 2678 2514 2746 ἐξ
2541 2671 2600 2731 οὗ
2628 2678 2939 2749 Δαλμᾶται·
2969 2677 3231 2752 Ἀράδιον’,
3249 2681 3310 2746 ἐξ
3328 2675 3391 2736 οὗ

1832 2771 2107 2839 Ῥωμαῖοι,
2125 2771 2173 2824 οἰ
2197 2771 2290 2824 καὶ
2310 2772 2598 2825 Κιττιαῖοι·
2617 2772 2947 2843 Σαμαραῖον,
2964 2770 3024 2836 ἐξ
3041 2766 3101 2826 οῦ
3125 2773 3356 2846 Λὶγυρες
3375 2791 3391 2805 ·

1833 2861 2052 2932 Ἀϐάδη,
2081 2860 2141 2928 ἐξ
2162 2856 2221 2917 οὗ
2260 2862 2628 2934 Ἀμαθούσιοι.

1891 2975 2010 3029 Col.
2047 2975 2170 3039 757,
2209 2975 2306 3030 lin.
2339 2974 2393 3030 6.
2445 2975 2631 3030 Πέντε
2653 2975 2752 3030 καί
2782 2975 2912 3046 Σὴμ
2943 2975 3175 3043 παῖδες.
3235 2972 3390 3033 Jose-

1823 3065 1999 3136 phus:
2037 3067 2109 3138 Ση
2120 3085 2194 3136 μα
2231 3067 2287 3119 δὲ
2315 3066 2394 3137 τῷ
2423 3069 2590 3140 τρίτῳ
2616 3067 2726 3122 τῶν
2750 3067 2942 3140 Νώχου
2972 3069 3100 3123 υἱῶν
3129 3068 3291 3124 πέντε
3313 3069 3381 3139 γί·

1821 3176 2000 3212 νονται
2038 3158 2243 3223 παῖδες,
2277 3159 2325 3212 οἳ
2361 3159 2458 3230 τὴν
2497 3159 2659 3230 μέχρι
2704 3159 2800 3213 τοῦ
2836 3161 2955 3213 κατ’
2989 3160 3180 3214 Ἰνδίαν
3212 3161 3381 3215 ώκεα-

1821 3251 1912 3303 νοῦ
1942 3250 2284 3303 κατοικοῦσιν
2332 3251 2514 3304 Ἀσίαν
2544 3252 2638 3304 ἀπ’
2668 3251 2950 3321 Εὐφράτου
2973 3252 3074 3322 τὴν
3097 3251 3268 3323 ἀρχὴν
3293 3268 3390 3306 πε-

1823 3342 2125 3411 ποιημένοι.
2182 3341 2418 3411 Ἔλυμος
2475 3343 2573 3412 μὲν
2629 3341 2738 3412 γάρ
2795 3343 3111 3412 Ἐλυμαίους
3165 3343 3390 3413 Περσῶν

1820 3431 1977 3494 ὄντας
2025 3431 2335 3503 ἀρχηγέτας
2388 3432 2677 3485 κατέλιπεν
2707 3449 2719 3462 ·
2770 3433 3064 3502 Ἀσσούρας
3117 3432 3174 3486 δὲ
3224 3433 3389 3487 Νίνου

1820 3521 2012 3588 οἰκίζει
2039 3523 2214 3587 πόλιν,
2248 3524 2341 3576 καὶ
2372 3524 2497 3586 τοὺς
2526 3523 2798 3594 ὑπηκόους
2839 3523 3151 3593 Ἀσσυρίους
3179 3523 3386 3578 ἐπωνό-

1825 3631 2014 3686 μασεν,
2032 3615 2080 3667 οἳ
2115 3615 2346 3686 μάλιστα
2373 3613 2764 3685 εὐδαιμόνησαν
2780 3630 2794 3644 ·
2828 3613 3163 3686 Ἀρφαξάδης
3187 3617 3242 3669 δὲ
3265 3615 3389 3679 τούς

1822 3705 1916 3760 νῦν
1948 3706 2247 3769 Χαλδαίους
2292 3706 2658 3776 καλουμένους
2705 3705 3123 3774 Ἀρφαξαδαίους
3171 3706 3389 3778 ὠνόμα-

1825 3813 1937 3862 σεν,
1957 3797 2125 3869 ἄρξας
2154 3797 2352 3853 αὐτῶν.
2381 3796 2712 3867 Ἀραμαίους
2743 3795 2802 3849 δὲ
2834 3795 3077 3867 ’Ἄραμος
3100 3795 3276 3866 ἔσχεν,
3299 3795 3389 3860 οὓς

1825 3888 2083 3960 Ἕλληνες
2106 3887 2311 3958 Σύρους
2341 3886 2856 3958 προσαγορεύουσιν,
2871 3885 2965 3948 οὒς
2989 3885 3045 3939 δὲ
3067 3887 3274 3950 Λυδοὺς
3298 3884 3390 3939 νῦν

1823 3977 2066 4032 καλοῦσι·
2085 3978 2317 4040 Λούδους
2341 3977 2396 4031 δὲ
2424 3979 2547 4031 τότε
2584 3977 2790 4041 Λούδας
2823 3979 3053 4033 ἔκτισεν.
3076 3977 3344 4033 Eusebius
3375 3996 3388 4032 :

1824 4072 1938 4142 Σὴρ
1975 4069 2052 4142 τῷ
2083 4069 2390 4140 προτοτόκῳ
2440 4069 2603 4123 αὐτοῦ
2657 4069 2760 4140 υἱῷ
2789 4070 2976 4138 άγοντι
3027 4069 3146 4133 ἔτος
3199 4087 3380 4143 τετραο

1823 4163 2100 4216 κοσιοστὸν
2132 4163 2454 4232 τριακοστὸν
2495 4163 2710 4234 πρῶτον
2746 4162 2944 4216 ἔδωκεν
2987 4163 3097 4216 ἀπὸ
3133 4164 3389 4235 Περσίδος

1822 4256 1916 4310 καὶ
1946 4255 2205 4327 Βάκτρων
2237 4255 2341 4318 ἓως
2370 4256 2594 4327 Ἰνδικῆς
2626 4257 2818 4327 μῆκος,
2838 4256 3036 4320 πλάτος
3063 4257 3120 4312 δὲ
3147 4258 3254 4312 άπὸ
3295 4261 3382 4312 Ἰν-

1822 4347 1976 4418 δικῆς
1999 4347 2103 4412 ἕως
2143 4346 2565 4419 Ῥινοκορούρων
2601 4349 2699 4420 τῆς
2728 4347 3024 4416 Αἰγύπτου,
3048 4351 3164 4419 ἦτοι
3191 4351 3260 4404 τά
3285 4351 3388 4404 ἀπὸ

138 4439 449 4495 Φιλιστίνου
473 4441 570 4512 τὴν
601 4440 913 4512 ἐπωνυμίαν
942 4441 975 4511 ἡ
1005 4438 1156 4511 χώρα
1179 4436 1480 4505 διεφύλαξε.
1513 4437 1719 4492 ΙΙαλαι-
1751 4455 1794 4508 ι)
1824 4436 2088 4507 ἀνατολῆς
2128 4437 2230 4499 ἓως
2281 4436 2479 4508 μέρους
2518 4437 2616 4507 τῆς
2658 4439 3002 4513 μεσημϐρίας
3050 4441 3149 4510 τήν
3184 4455 3244 4492 τε
3289 4439 3387 4492 Συ-

140 4531 337 4600 στίνην
368 4529 478 4603 γάρ
513 4533 562 4584 οἱ
593 4531 852 4601 ’Έλληνες
899 4531 1062 4584 αὐτοῦ
1090 4531 1189 4602 τὴν
1224 4532 1416 4600 μοῖραν
1472 4529 1715 4584 καλοῦσι.

139 4619 273 4673 Τῶν
300 4618 358 4672 δὲ
389 4618 582 4683 ἄλλων,
615 4619 910 4690 Λουμαίου,
935 4619 1027 4673 καὶ
1064 4619 1312 4690 Ἐναμία,
1348 4619 1441 4672 καὶ
1475 4619 1719 4690 Λαϐίμου

138 4711 243 4766 τοῦ
274 4711 436 4781 μόνου
465 4713 886 4784 κατοικήσαντος
934 4712 992 4764 ἐν
1043 4707 1236 4785 Λιϐύῃ,
1286 4712 1379 4765 καὶ
1409 4711 1506 4782 τὴν
1537 4709 1720 4783 χώραν

137 4802 426 4858 άπάὑτοῦ
459 4802 806 4868 καλέσαντος,
824 4803 1071 4874 Νεθέμου
1099 4820 1158 4856 τε
1207 4803 1299 4856 καὶ
1322 4802 1718 4874 Φαιθρωσίμου,

138 4891 246 4947 καὶ
277 4891 563 4963 Χελοίμου,
624 4894 714 4946 καὶ
761 4892 1080 4963 Χεφθώμου
1125 4893 1252 4964 περὶ
1291 4893 1398 4948 τῶν
1442 4893 1720 4964 ὀνομάτων

136 4983 302 5040 οὐδὲν
333 4984 508 5055 ἴσμεν.
549 4983 608 5039 Ὀ
635 4984 743 5055 γάρ
771 4983 1082 5047 Αἰθιοπικὸς
1109 4984 1365 5054 πόλεμος,
1389 4984 1518 5056 περί
1538 4977 1598 5037 οὐ
1627 4984 1720 5052 δη-

136 5076 393 5149 λώσομεν
428 5075 669 5147 ὕστερον,
686 5074 1018 5140 ἀναστάτους
1041 5073 1220 5128 αὐτῶν
1240 5075 1337 5138 τὰς
1362 5073 1543 5138 πόλεις
1574 5074 1719 5126 ἐποί-

137 5183 304 5238 ησεν.
336 5165 632 5221 Chrom'con
663 5165 1085 5220 Alexandrinum
1112 5179 1132 5218 :
1152 5163 1440 5235 Μεσραεὶμ
1463 5162 1718 5234 ἐγέννησε

138 5259 278 5322 τοὺς
291 5257 568 5330 Αουδιεὶμ,
596 5258 851 5328 Λουδιεὶμ
877 5257 935 5322 ἐξ
957 5251 1018 5311 οὐ
1039 5255 1220 5310 Λυδοί·
1247 5255 1634 5327 Ἀἰνομετιεὶμ,
1660 5255 1720 5322 ἐξ

135 5344 206 5405 οὗ
236 5347 556 5418 Πάμφυλοι·
583 5347 838 5419 Λαϐιείμ,
858 5347 916 5414 ἐξ
942 5341 1002 5402 οὑ
1026 5346 1221 5411 Λίϐυες
1240 5363 1254 5376 ·
1284 5346 1643 5418 Νεφθαλιεὶμ,
1660 5345 1720 5412 ἐξ

137 5435 207 5498 οὗ
265 5440 514 5512 ⁴Ιιρύγες·
578 5439 1010 5512 Πατρωσονιεὶμ,
1057 5438 1118 5505 ἐξ
1170 5434 1232 5494 οὐ
1284 5439 1549 5510 Κρίταις·
1608 5437 1722 5493 Χα-

139 5532 429 5604 σλωνιεὶμ,
481 5530 542 5597 ἑξ
589 5525 650 5587 οὐ
693 5530 924 5586 Λύκιοι·
958 5528 1294 5602 Φυλιστιεὶμ,
1334 5530 1394 5596 ἐξ
1424 5524 1484 5585 οὑ
1534 5529 1717 5601 Μαρι-

138 5623 378 5680 ινδινοί·
434 5623 795 5696 Χαφθοριείμ,
833 5623 893 5687 ὲξ
923 5615 983 5677 οὗ
1024 5623 1276 5687 Κύλικες.
1319 5622 1616 5690 Manasscs,
1659 5620 1715 5678 in

137 5714 383 5773 AmL:

466 5807 736 5869 Ρλτιιοι..
769 5808 886 5869 Gn.
924 5807 1161 5870 XVIII.

1825 4525 1966 4596 ρίαν,
2003 4527 2038 4598 ἦ
2063 4527 2155 4580 καὶ
2202 4527 2430 4582 Ἰουδαία
2471 4527 2684 4597 λέγεται
2713 4529 2827 4601 (καὶ
2846 4530 2954 4602 γὰρ
2979 4531 3072 4584 καὶ
3095 4533 3143 4584 οί
3174 4529 3388 4584 παλαιοὶ

1821 4620 2026 4691 Σύρους
2073 4619 2200 4683 τοὺς
2246 4619 2637 4683 Παλαιστινούς
2687 4620 3010 4694 ὠνόμαζον),
3047 4622 3140 4675 καὶ
3177 4623 3387 4693 Μηδίαν

1822 4709 1915 4763 καὶ
1946 4707 2519 4778 ποταμὸν,διορὶςοντα
2549 4707 2687 4761 αὐτὰ
2706 4707 2776 4761 τὰ
2802 4709 2946 4780 ὅρια,
2962 4709 3050 4763 τὸν
3071 4709 3383 4780 Εὐφράτην.

1821 4799 1888 4855 Et
1938 4799 2208 4856 inferius:
2258 4801 2353 4854 Ἐκ
2390 4798 2484 4853 τοῦ
2545 4800 2667 4870 Σὴμ
2722 4799 2818 4854 τοῦ
2876 4799 3214 4872 πρωτοτόκου
3261 4801 3386 4854 Νῶε

1821 4893 1947 4964 ἔθνη
1982 4899 2058 4946 κε’
2087 4892 2288 4956 οὕτως·
2337 4891 2625 4964 Ἀρφαξάδ,
2656 4893 2752 4962 ἀφ’
2773 4887 2834 4948 οῦ
2865 4893 3153 4946 Χαλδαῖοι·
3191 4891 3386 4964 Ἀλὰμ,

1821 4983 1913 5052 ἀφ’
1946 4977 2007 5036 οὗ
2040 4981 2318 5054 Ἐλυμαῖοι
2337 4999 2350 5012 ·
2389 4983 2639 5052 Ἀσσούρ,
2677 4983 2768 5050 ἀφ’
2796 4976 2856 5036 οὑ
2895 4980 3196 5056 Ἀσσύριοι·
3227 4982 3387 5051 Λοὺδ,

1819 5075 1912 5142 ἀφ’
1933 5066 1994 5126 οὐ
2025 5072 2206 5126 Λυδοί·
2224 5073 2418 5144 Ἀρὰμ,
2437 5073 2529 5141 ἀφ’
2559 5064 2619 5126 οὐ
2649 5072 2828 5145 Σύροι.
2853 5070 3149 5128 Chronicon
3161 5071 3390 5127 Alexan-

1818 5163 2028 5218 drinum
2059 5180 2076 5218 :
2108 5159 2241 5218 Εἶτα
2270 5163 2430 5218 πάλιν
2467 5163 2796 5234 Ἐπιφάνιος.
2846 5163 2936 5235 Τῷ
2959 5164 3018 5218 δὲ
3041 5163 3162 5236 Σὴμ
3189 5162 3390 5236 πρώτῳ

1819 5256 1920 5327 υίῷ
1942 5256 2034 5310 τοῦ
2067 5256 2190 5310 Νῶε
2223 5257 2493 5309 ὑπέπεσεν
2517 5258 2547 5310 ό
2581 5255 2779 5328 κλῆρος
2803 5257 2830 5310 ὁ
2865 5256 2974 5310 άπὸ
3005 5255 3267 5327 Περσίδος
3296 5256 3389 5309 καὶ

1818 5348 2077 5420 Βάκτρων
2099 5348 2207 5412 ἕως
2232 5347 2476 5418 Ἰνδικῆς,
2519 5347 2692 5418 μῆκος
2722 5346 2816 5401 τοῦ
2850 5347 3050 5418 κλήρου
3079 5347 3183 5410 ἕως
3215 5346 3386 5400 Ῥινο·

1819 5436 2108 5508 κορούρων.
2128 5437 2321 5492 Κεῖται
2363 5437 2419 5490 δὲ
2460 5437 2608 5509 αῦτη
2639 5437 2672 5509 ἡ
2702 5437 3079 5510 Ῥινοκόρουρα
3101 5435 3206 5490 ἀνά
3223 5436 3388 5508 μέσον

1817 5528 2090 5597 Αἰγύπτου
2119 5527 2213 5581 καὶ
2243 5527 2606 5602 Παλαιστίνης
2630 5530 2730 5601 τῆς
2754 5530 2979 5602 ἀντικρὺ
3008 5527 3263 5600 κειμένης
3285 5530 3389 5601 τῆς

1829 5618 2097 5691 Ἐρυθρᾶς
2125 5617 2419 5691 θαλάσσης.
2463 5620 2584 5674 Υίοὶ
2623 5621 2744 5693 Σὴμ
2774 5619 2867 5675 τοῦ
2901 5618 3243 5692 πρωτοτόκου
3285 5636 3388 5688 φυ-

1816 5708 1906 5765 λαὶ
1939 5710 2041 5776 κζ’·
2069 5709 2270 5783 Αἰλάμ,
2308 5708 2368 5775 ἐξ
2404 5707 2463 5767 οῦ
2496 5714 2544 5766 οἱ
2589 5713 2902 5785 Ἐλαμῖται·
2945 5714 3194 5786 Ἀσσοὺρ,
3227 5711 3287 5777 ἐξ
3317 5700 3383 5763 οῦ
