3848 6168
425 305 564 365 1005

1786 299 2034 358 LEONIS
2083 299 2351 357 ALLATII

3542 294 3665 344 10οι

421 426 474 483 οἱ
523 424 791 497 Ἀσσύριοι
811 440 824 454 ο
862 421 1150 495 Ἀρφαξάδ,
1179 420 1237 484 ὲξ
1258 413 1316 475 οὗ
1348 421 1396 472 οί
1428 418 1711 472 Χαλδαῖοι·
1748 417 1908 482 Λοὺδ,
1938 415 1987 480 ἐξ

2101 414 2317 469 Delrius
2367 413 2422 466 in
2477 425 2597 482 cap.
2655 425 2711 465 ιι
2761 406 2948 463 Cenes.
2998 413 3152 479 putat
3207 404 3448 478 Moysem
3496 406 3664 462 dedita

423 507 486 571 οὗ
519 519 566 570 οἱ
595 513 876 581 Μάζωνες,
896 514 988 567 καὶ¹
1013 513 1205 583 Μῆδοι,
1231 513 1324 566 καὶ
1349 510 1554 583 Πέρσαι
1572 527 1586 540 '
1624 509 1819 582 Ἀρὰμ,
1844 507 1902 574 ἐξ
1934 501 1995 560 οὒ

423 611 476 664 οἱ
508 608 715 662 Ἐκταί.
777 607 854 660 Ex
910 605 1111 675 quibus
1148 602 1377 658 emendo
1427 609 1632 657 textum
1677 599 1992 655 Eustathii:

424 699 593 753 Πέντε
623 698 718 751 καὶ
749 696 868 767 Σὴμ
898 694 1082 756 παῖδες
1116 693 1381 761 ἐγένοντο.

496 789 612 845 Col.
638 789 761 853 757,
781 789 874 841 lin.
894 786 981 841 16.
1010 784 1128 839 Υἱοὶ
1143 784 1209 837 δὲ
1224 784 1328 837 τοῦ
1346 782 1532 852 Ἀράμ.
1553 781 1820 852 Iosephus
1843 799 1854 834 :
1877 781 1997 832 Τῶν

426 882 483 935 δὲ
512 882 749 953 Ἀράμου
783 880 1009 943 παίδων,
1039 877 1317 947 τεσσάρων
1343 876 1530 937 ὄντων,
1561 873 1745 944 Οὓσης
1765 875 1860 945 μὲν
1888 873 1998 926 κτί-

426 971 509 1036 ζει
528 973 625 1042 τὴν
649 972 980 1042 Τραχωνῖτιν
1012 969 1106 1022 καὶ
1133 968 1440 1038 Δαμασκόν.
1478 967 1632 1037 Μέση
1661 966 1716 1018 δέ
1753 969 1867 1018 ἐστι
1898 965 1995 1035 τῆς

424 1064 786 1134 Παλαιστίνης
829 1062 922 1116 καὶ
955 1061 1156 1132 Κοίλης
1210 1061 1434 1132 Συρίας·
1484 1059 1770 1130 Ἀρμενίαν
1818 1059 1874 1111 δὲ
1906 1059 1997 1110 '0-

423 1171 569 1228 τρος,
604 1155 696 1209 καὶ
743 1153 964 1225 Γέθερις
1017 1151 1417 1224 Βακτριανούς·
1478 1151 1675 1221 Μήσας
1719 1150 1774 1202 δὲ
1801 1151 1995 1219 Μησα-

425 1248 636 1310 ναίους·
665 1247 902 1300 Πασίνου
929 1245 1104 1317 χάραξ
1134 1247 1189 1297 ἐν
1229 1248 1340 1308 τοῖς
1372 1244 1468 1298 νῦν
1499 1244 1769 1301 καλεῖται.
1825 1243 1994 1297 Euse-

424 1339 609 1394 sebius
637 1356 649 1392 :
681 1338 802 1392 Υίοὶ
831 1338 1026 1409 Ἀράμ·
1051 1339 1163 1402 Ὣς,
1187 1337 1278 1406 ἀφ’
1303 1330 1363 1390 οὗ
1393 1335 1680 1406 Τράχωνες
1699 1352 1712 1364 ·
1745 1333 1873 1399 Οὒλ,
1902 1335 1993 1402 ἀφ’

423 1423 484 1483 οὗ
516 1429 824 1500 Μαγαρδοί·
868 1428 1061 1500 Γάθερ,
1096 1428 1186 1496 ἀφ’
1220 1420 1280 1480 οὗ
1322 1426 1628 1498 Ἀρμένιοι·
1663 1424 1866 1495 Μοσδχ,
1901 1425 1991 1493 ἀφ’

422 1516 482 1578 οὗ
508 1523 826 1593 Μεσσήνιοι.
878 1520 1171 1576 Chronicon
1201 1520 1619 1574 Alexandrinum
1648 1537 1665 1574 :
1703 1521 1814 1585 Ὣς,
1846 1519 1903 1582 ἐξ
1931 1511 1990 1571 οὗ

421 1616 735 1670 Μαδιναῖοι·
775 1614 902 1678 Οὓλ,
936 1614 996 1679 ἐξ
1020 1609 1081 1668 οὗ
1128 1615 1317 1684 Λυδοί·
1367 1612 1565 1684 Γάθερ,
1595 1612 1651 1678 ἐξ
1691 1605 1750 1664 οὗ
1782 1613 1994 1684 Γαρφη-

420 1707 500 1761 νοί
529 1723 542 1736 ·
577 1706 782 1778 Μοσὸχ,
840 1705 901 1770 ἐξ
931 1700 992 1759 οὗ
1052 1705 1386 1775 Ἀλασσηνοί.
1435 1703 1990 1758 Animadvertendum

423 1799 600 1854 obiter
629 1805 714 1853 est
748 1797 816 1854 de
840 1797 956 1853 Uxe
986 1797 1270 1852 conditore
1302 1795 1576 1852 Damasci.
1604 1795 1987 1866 Hieronymus,

421 1890 478 1945 in
510 1889 712 1956 Quaest.
741 1888 1017 1944 Hebraicis
1046 1890 1102 1942 in
1131 1887 1284 1955 Gem,
1325 1904 1444 1960 cap.
1480 1906 1513 1944 χ
1548 1895 1602 1944 et
1646 1904 1754 1952 xw,
1785 1889 1991 1959 colligit

421 1986 547 2034 ante
574 1978 850 2034 Abraham
903 1976 1226 2034 Damascum
1293 1977 1464 2033 fuisse
1514 1977 1809 2040 conditam,
1865 1992 1990 2030 cum

419 2070 624 2125 Abram
685 2069 968 2125 insecutus
1027 2069 1100 2124 sit
1169 2077 1402 2140 quatuor
1447 2069 1571 2124 illos
1611 2084 1763 2139 reges
1818 2083 1989 2137 usque

420 2160 595 2225 Heba,
615 2175 737 2232 qua:
766 2168 850 2216 est
875 2160 940 2215 ad
969 2161 1157 2216 laevam
1189 2159 1461 2216 Damasci.
1499 2159 1603 2215 Sed
1628 2159 1768 2214 idem
1802 2157 1990 2213 lliero—

419 2251 864 2323 n’ymus,cap.l5
899 2250 1139 2304 Historia
1173 2249 1782 2319 scltolastica,lTostatus
1801 2259 1852 2304 et
1873 2250 1986 2314 alii,

421 2354 678 2404 asserunt
707 2346 1033 2402 Damascum
1056 2347 1245 2402 urbem
1268 2361 1300 2399 a
1334 2344 1600 2400 Damasco
1621 2360 1778 2400 servo
1807 2343 1987 2398 Abra-

420 2439 503 2496 hre
559 2438 727 2495 fuisse
790 2444 1144 2493 exstructam.
1213 2417 1425 2506 Sicque.
1467 2445 1713 2507 tempore
1757 2437 1988 2493 Abrahae

420 2545 450 2581 a
497 2527 681 2598 Moyse
739 2543 832 2598 per
866 2526 1308 2595 anticipationem
1359 2526 1685 2598 appellatum
1728 2525 1878 2580 illum
1909 2525 1986 2580 lo-

419 2629 565 2677 cum,
606 2621 662 2667 ut
710 2629 808 2668 sua
839 2623 996 2669 aetate
1025 2614 1416 2684 appellabatur.

487 2703 646 2766 lbid.,
681 2705 773 2758 lin.
792 2703 880 2756 21.
907 2703 1023 2756 Υἱοὶ
1063 2702 1372 2772 Ἀρφαξάδ.
1406 2701 1709 2758 Eusebius:
1736 2703 1986 2774 ΥἱοὶἈρ-

418 2793 612 2864 φαξέιδ,
646 2792 872 2857 Καϊνὰν,
900 2793 992 2862 ἀφ’
1021 2785 1081 2846 οὗ
1111 2794 1402 2864 Γασφηνοί.
1436 2793 1732 2848 Chronicon
1760 2794 1985 2849 Alexan-

416 2885 632 2939 drinum
659 2901 677 2938 :
712 2884 938 2950 Καϊνὰν,
977 2883 1036 2950 ἐξ
1070 2875 1130 2937 οὗ
1160 2886 1467 2957 Σαρμᾶται.
1499 2885 1573 2941 De
1596 2885 1801 2941 Cainan
1823 2902 1986 2958 gene-

416 2977 630 3031 ratione
655 2976 749 3030 diu
787 2977 929 3046 apud
969 2985 1224 3033 auctores
1257 2979 1458 3048 agitata
1491 2981 1886 3050 controuersia,
1932 2988 1986 3035 et

2098 518 2283 572 opera,
2317 503 2412 558 sed
2442 501 2592 572 justa
2617 499 2830 554 ratione
2855 497 2996 552 hanc
3034 496 3440 568 generationem
3473 497 3662 551 transi-

2098 595 2270 659 liisse,
2319 592 2580 664 quoniam
2616 594 2883 646 statuerat
2913 585 3029 641 Noe
3067 585 3134 640 ad
3175 583 3453 640 Abraham
3487 583 3660 638 decem

2099 686 2302 755 gradus
2330 685 2596 740 duntaxat
2627 694 2939 745 recensere,
2973 677 3116 732 sicut
3148 675 3365 731 fuerant
3393 675 3576 730 decem
3597 675 3662 729 ab

2097 777 2306 832 Adamo
2353 791 2528 846 usque
2559 775 2626 830 ad
2671 773 2803 828 Noe.
2856 771 3049 826 Merito
3091 769 3255 824 etiam
3293 766 3656 838 Septuaginta.

2098 876 2150 922 et
2188 883 2283 922 eos
2312 875 2562 923 secutum
2593 864 2656 918 D.
2680 862 2886 917 Lucam
2924 874 3043 914 eam
3076 873 3185 912 non
3219 857 3546 928 praeteriisse
3567 871 3662 925 pu-

2098 967 2196 1024 tat,
2233 973 2397 1027 quam
2435 955 2649 1026 Moyses
2690 951 2974 1024 prteteriit,
3009 947 3138 1019 quia
3168 962 3280 1001 non
3321 945 3660 1002 attendebant

2099 1051 2165 1104 ad
2196 1050 2345 1104 illum
2391 1061 2679 1103 numerum
2712 1042 3019 1105 denarium,
3057 1039 3153 1095 sed
3196 1045 3503 1094 statuerant
3538 1054 3659 1093 exa-

2097 1149 2244 1195 ctum
2274 1140 2594 1209 Catalogum
2615 1136 2858 1192 omnium
2889 1134 3113 1189 omnino
3141 1131 3545 1202 generationum
3567 1146 3661 1201 po-

2097 1248 2243 1288 nere.
2275 1232 2518 1302 Denique
2545 1230 2610 1285 D.
2643 1229 3029 1301 Hieronymus,
3057 1227 3151 1282 ﬁdi
3200 1221 3514 1295 interpretis
3551 1223 3660 1279 otii-

2096 1329 2180 1380 cio
2214 1325 2433 1380 functus
2465 1324 2586 1387 fuit,
2612 1339 2732 1379 eam
2773 1323 3058 1387 omittens,
3086 1320 3289 1376 etenim
3317 1333 3442 1372 cum
3473 1334 3538 1372 ex
3560 1317 3660 1373 lle-

2094 1418 2236 1473 brmo
2264 1417 2410 1471 fonte
2460 1424 2718 1480 verteret,
2769 1415 2957 1470 debuit
2999 1413 3275 1475 omittere,
3303 1411 3448 1481 quod
3478 1411 3532 1465 in
3562 1411 3663 1464 lle-

2093 1514 2254 1567 brseis
2284 1511 2569 1566 codicibus
2610 1526 2721 1564 non
2761 1521 3061 1579 repererat.
3102 1505 3306 1562 Contra
3351 1504 3414 1560 D.
3463 1505 3658 1567 Lucas,

2093 1607 2220 1676 quia
2253 1605 2580 1675 sequebatur
2617 1601 2971 1673 Septuaginta
3000 1601 3330 1666 versionem,
3363 1597 3553 1654 debuit
3576 1613 3662 1666 po-

2095 1715 2243 1762 nere,
2277 1698 2420 1768 quod
2451 1696 2596 1767 apud
2628 1711 2724 1751 eos
2759 1695 3060 1764 legebatur,
3097 1702 3150 1749 et
3181 1692 3401 1748 veritati
3426 1705 3661 1745 consen-

2093 1800 2314 1848 taneum
2345 1799 2484 1854 erat,
2515 1799 2569 1846 et
2615 1789 2681 1844 ad
2724 1788 3095 1844 diﬂieultatem
3128 1808 3142 1844 :
3177 1789 3289 1843 Cur
3320 1787 3486 1857 igitur
3530 1786 3662 1855 Sep-

2093 1885 2338 1956 tuaginta
2379 1891 2701 1954 posuerunt,
2737 1897 2860 1937 cum
2905 1888 3092 1936 essent
3129 1881 3478 1949 interpretes,
3516 1878 3661 1947 quod

2091 1977 2144 2030 in
2175 1975 2402 2031 Hebraeo
2427 1991 2536 2030 non
2560 1975 2884 2039 habebatur,
2909 1981 2962 2027 et
2986 1988 3111 2026 cum
3134 1985 3243 2026 non
3274 1972 3377 2041 ipsi
3401 1970 3469 2024 ad
3498 1969 3662 2023 dena-

2089 2069 2232 2123 rium
2282 2068 2434 2122 illum
2478 2066 2853 2131 attenderunt,
2895 2065 3186 2136 respondet
3220 2063 3342 2118 illos
3384 2078 3525 2132 saepe
3553 2077 3662 2115 non

2090 2161 2447 2231 interpretum
2495 2167 2729 2223 tantum,
2763 2159 2859 2214 sed
2899 2167 2952 2213 et
2999 2157 3494 2227 metaphrastarum
3539 2155 3664 2209 fun-

2089 2262 2205 2308 ctos
2230 2250 2426 2316 cilicio,
2449 2259 2502 2306 et
2526 2251 2914 2320 prophetarum
2939 2265 3178 2320 quoque,
3204 2256 3367 2319 atque
3399 2249 3475 2304 ita
3505 2248 3664 2302 nobis

2088 2342 2251 2399 etiam
2277 2339 2643 2396 immediatam
2672 2339 3075 2410 generationem
3108 2336 3396 2406 Arphaxad
3425 2335 3665 2390 voluisse

2087 2435 2434 2495 conservare,
2461 2445 2625 2501 quam
2651 2429 2714 2483 D.
2740 2429 2918 2484 Lucas
2942 2430 3288 2499 postmodum
3315 2428 3665 2484 exbibiturus

2086 2529 2224 2577 erat.
2275 2521 2381 2576 Alii
2427 2521 2831 2591 generationem
2876 2521 3026 2574 illam
3075 2535 3176 2575 nec
3225 2534 3256 2572 a
3305 2518 3662 2589 Septuaginta

2085 2613 2434 2668 translationi
2477 2614 2764 2677 insertam,
2809 2627 2911 2668 nec
2960 2610 3249 2682 Evangelio
3293 2627 3329 2670 a.
3378 2609 3439 2665 D.
3497 2610 3666 2677 Luca,

2086 2706 2183 2761 sed
2219 2705 2288 2758 ab
2326 2704 2534 2774 aliquo,
2571 2705 2822 2759 nesciunt
2865 2718 3048 2773 quem,
3081 2713 3136 2758 et
3167 2704 3447 2758 nonnullis
3477 2703 3668 2772 conje-

2086 2798 2258 2852 cturis
2286 2795 2684 2852 demonstrant.
2734 2795 2978 2849 Arduum
3031 2811 3163 2851 sane
3209 2803 3295 2851 est
3343 2796 3399 2849 in
3445 2811 3508 2850 re
3556 2805 3667 2848 tam

2084 2888 2236 2960 gravi
2265 2894 2473 2944 certum
2500 2887 2656 2957 quid,
2683 2894 2737 2942 et
2768 2887 2985 2942 veritati
3011 2888 3360 2942 consentiens
3389 2886 3664 2957 proferre,

2085 2996 2254 3034 unum
2278 2981 2422 3035 enim
2454 2979 2766 3044 defendere,
2794 2988 2880 3036 est
2911 2981 3076 3034 alium
3100 2993 3386 3044 accusare,
3423 2994 3546 3048 quae
3574 2995 3669 3033 ac-

417 3067 595 3122 adhuc
613 3067 714 3124 sub
733 3067 917 3137 judice
939 3067 1007 3124 lis
1022 3079 1124 3123 est.
1150 3067 1279 3122 Eam
1301 3079 1730 3124 commemorant
1756 3069 1984 3141 Septua-
2009 3091 2051 3146 ρ
2085 3070 2296 3125 cusatio
2323 3078 2375 3124 et
2400 3070 2565 3140 impia
2593 3081 2738 3126 esset
2772 3079 2826 3126 et
2858 3071 3128 3126 catholico
3161 3071 3379 3125 homine
3407 3071 3661 3140 indigna.

415 3159 567 3230 ginta
597 3157 948 3230 lnterpretes,
1001 3169 1055 3215 et
1087 3158 1150 3214 D.
1180 3159 1379 3226 Lucas,
1427 3177 1550 3232 cap.
1585 3163 1620 3216 5
1658 3162 1986 3234 Evangelij

415 3252 676 3318 historias,
732 3267 853 3307 eam
883 3261 1205 3324 agnoscunt,
1240 3261 1435 3324 praeter
1464 3255 1641 3311 dictos
1698 3263 1984 3320 auctores,

411 3346 776 3420 Augustinus,
809 3344 905 3399 lib.
937 3361 1025 3399 xvr
1059 3345 1136 3400 De
1156 3347 1367 3400 civitate
1388 3342 1505 3415 Dei,
1526 3362 1646 3416 cap.
1673 3348 1760 3412 10,
1792 3357 1845 3403 et
1871 3348 1984 3412 alii,

412 3453 555 3508 quos
587 3453 698 3492 non
745 3444 829 3492 est
861 3452 999 3508 opus
1033 3437 1123 3492 hic
1176 3453 1479 3494 recensere.
1541 3437 1822 3509 Scriptura
1871 3438 1985 3495 He-

414 3529 624 3593 braica,
644 3535 698 3583 et
715 3527 1066 3598 paraphrasis
1089 3527 1379 3583 Chaldaica
1401 3545 1466 3583 ne
1489 3530 1713 3584 verbum
1744 3530 1982 3600 quidem.

415 3618 649 3684 Quinam
683 3618 849 3687 igitur
884 3617 1006 3672 falsi
1048 3626 1195 3682 sunt,
1231 3629 1285 3673 et
1323 3619 1615 3674 errarunt?
1670 3619 1986 3690 Septuagin-

417 3717 491 3774 ta,
519 3725 586 3762 an
616 3707 877 3764 Hebraea?
902 3724 1025 3771 cum
1054 3717 1336 3780 utramque
1364 3726 1547 3765 veram
1578 3726 1700 3767 esse
1729 3713 1846 3766 ﬁeri
1875 3727 1983 3767 non

418 3802 612 3871 possit.
672 3801 946 3867 Pererius,
983 3802 1188 3871 disput.
1234 3803 1323 3867 ‘ll,
1371 3803 1466 3857 lib.
1497 3819 1634 3867 xvn,
1686 3806 1984 3861 sententias

415 3892 571 3962 ponit
604 3894 808 3958 varias,
839 3901 892 3946 et
923 3891 1120 3947 refellit
1149 3894 1374 3963 prolixe.
1428 3895 1764 3965 Augustinus
1803 3895 1984 3968 Eugu—

413 3983 579 4039 binus
609 3983 742 4038 dicit
793 3984 884 4037 illa
924 3985 1203 4041 additione
1255 3985 1607 4058 Septuaginta
1652 3988 1982 4058 lnterpretes

415 4089 651 4139 errasse,
685 4083 740 4130 et
787 4090 975 4130 eorum
1004 4091 1244 4131 errorem
1277 4086 1550 4144 secutum,
1583 4078 1707 4148 quis
1750 4094 1858 4132 non
1907 4079 1984 4132 in-

414 4165 795 4221 horresceret?
844 4153 1180 4240 D.."_L‘ucam.
1238 4167 1566 4237 Cajetanus,
1627 4167 1981 4239 Septuaginta

416 4257 565 4310 illam
605 4256 853 4312 addendo
882 4253 1117 4323 errasse,
1153 4257 1216 4312 D.
1250 4274 1376 4314 vero
1402 4257 1602 4313 Lucam
1631 4261 1883 4315 excusari
1914 4261 1981 4315 ab

309 4385 312 4388 ~
414 4364 624 4415 errore,
649 4363 774 4403 cum
806 4349 1025 4405 secutus
1056 4350 1126 4404 sit
1148 4350 1562 4420 quzeinvenerit
1585 4351 1727 4420 apud
1749 4349 1979 4420 Septua-

2089 3162 2242 3219 Unus
2273 3171 2326 3218 et
2356 3163 2497 3218 idem
2525 3163 2766 3233 Spiritus
2798 3162 2982 3219 divino
3005 3163 3263 3233 impulsu,
3291 3163 3587 3234 afﬂatuque
3616 3171 3668 3218 et

2087 3271 2307 3310 manum
2349 3253 2551 3326 Moysis
2582 3256 2933 3319 scribentem,
2964 3263 3016 3310 et
3059 3254 3412 3325 Septuaginta
3444 3264 3669 3310 verten-

2089 3353 2220 3410 tem,
2266 3352 2319 3400 et
2363 3343 2427 3398 D.
2461 3344 2623 3400 Lucae
2666 3353 2998 3415 repetentem
3043 3344 3275 3402 fovendo
3319 3347 3483 3401 rexit.
3531 3346 3667 3413 Quis

2088 3433 2232 3489 hunc
2263 3432 2524 3506 Spiritum
2556 3436 2612 3488 in
2639 3434 2782 3491 Luca
2815 3437 2900 3491 vel
2933 3437 3285 3508 Septuaginta
3316 3437 3663 3500 mendacem,

2087 3526 2141 3580 in
2175 3526 2357 3598 Moyse
2391 3542 2663 3593 veracem,
2693 3528 2779 3583 vel
2808 3537 3020 3594 contra,
3054 3529 3173 3584 sine
3203 3530 3442 3583 maxima
3475 3529 3668 3598 impie-

2086 3619 2213 3672 tatis
2242 3627 2392 3683 nota,
2427 3629 2481 3674 et
2519 3619 2801 3674 catholicae
2845 3618 2968 3674 ﬁdei
3013 3619 3341 3674 detrimento
3377 3635 3668 3676 assevera-

2086 3709 2202 3762 bit?
2237 3707 2293 3763 Si
2324 3708 2624 3764 secundum
2656 3709 2937 3778 Basiliam,
2964 3709 3113 3766 hom.
3137 3710 3204 3764 10
3228 3711 3282 3763 in
3303 3709 3490 3765 Cenes.
3515 3754 3531 3778 ,
3567 3711 3671 3766 Di-

2086 3818 2198 3855 cere
2239 3802 2448 3855 uerbum
2493 3801 2705 3875 aliquod
2733 3817 2845 3854 esse
2890 3802 2944 3854 in
2987 3799 3281 3869 Scripturis
3320 3802 3578 3867 otiosum,
3619 3811 3671 3855 et

2085 3911 2550 3965 supervacaneum,
2583 3893 2906 3963 blasphemia
2929 3904 3026 3964 est,
3065 3893 3197 3964 quid
3224 3893 3330 3949 erit
3359 3894 3413 3948 in
3438 3893 3552 3950 illis
3579 3909 3672 3950 er-

2086 4004 2260 4053 rores,
2291 3987 2536 4058 falsaque
2576 3986 2917 4042 concedere?

2156 4078 2313 4146 lbid.,
2341 4079 2439 4134 lin.
2472 4079 2563 4134 2i.
2604 4078 2789 4143 Σαλά,
2835 4077 2938 4147 ἀφ’
2987 4072 3059 4133 οὗ
3101 4078 3448 4133 Σουσιανοί.
3494 4077 3672 4134 Euse-

2087 4172 2264 4228 bius:
2314 4170 2510 4235 Σασὰν,
2544 4171 2637 4240 ἀφ’
2679 4162 2739 4223 οὗ
2783 4172 3030 4223 Κοσαῖοι.
3085 4169 3386 4225 Chronicon
3419 4171 3671 4226 Alexan-

2085 4265 2316 4318 drinum.
2357 4261 2521 4327 Σαλὰ,
2553 4262 2613 4326 ἐξ
2639 4256 2700 4316 οὗ
2734 4262 3060 4316 Σαλαθιαῖοι.

2155 4353 2313 4417 lbid.,
2344 4353 2442 4406 lin.
2488 4351 2578 4407 9.6.
2624 4352 2757 4418 Υἱὸς
2790 4351 2897 4406 τοῦ
2941 4351 3107 4406 Σαλὰ
3132 4352 3317 4418 Ἔϐερ.
3343 4347 3628 4423 Iosephus
3655 4372 3669 4406 :

415 4437 877 4514 ginta,‘veritum,
940 4457 1007 4496 ne
1057 4439 1276 4496 diversa
1329 4458 1356 4494 a
1413 4441 1766 4512 Septuaginta
1813 4443 1983 4497 Inter-

2099 4444 2430 4516 Ἀρφαξάδου
2460 4443 2516 4496 δὲ
2559 4442 2767 4512 γίνεται
2797 4446 2925 4505 παῖς
2954 4442 3150 4511 Σαλῆς,
3174 4439 3266 4493 τοῦ
3308 4441 3364 4494 δὲ
3397 4443 3670 4516 Ἐὁαρος,

416 4532 661 4602 pretibus
693 4531 1002 4597 scribendo,
1033 4531 1394 4600 minus'vulgo
1423 4532 1622 4600 scripta
1651 4547 1747 4586 sua
1779 4533 1978 4602 proba-

416 4623 877 4680 rentur.Joanncs
899 4621 1141 4678 Lucidus
1171 4621 1249 4676 De
1282 4622 1643 4676 emendatione
1673 4631 1984 4691 temporum,

416 4722 470 4771 et
489 4715 858 4769 Hartmannus
884 4715 1210 4773 Contractus
1237 4714 1292 4767 in
1321 4713 1593 4771 Chronicis
1619 4715 1792 4780 aiunt,
1812 4730 1982 4769 unum

416 4814 471 4862 et
495 4807 745 4863 eumdem
765 4806 934 4861 fuisse
965 4805 1109 4870 Sale,
1136 4815 1190 4861 et
1218 4806 1445 4871 Cainan,
1467 4807 1856 4878 corriguntque
1873 4813 1987 4864 tex-

417 4905 531 4953 tum
557 4897 617 4950 D.
650 4896 811 4952 Lucae
842 4897 1151 4963 111,555,513:
1186 4897 1288 4962 Qui
1319 4897 1420 4966 fuit
1455 4897 1596 4961 Sale,
1617 4900 1704 4968 qui
1731 4900 1833 4968 fuit
1868 4899 1987 4954 Cai-

416 5003 543 5052 nan,
571 4988 626 5041 in
665 4987 770 5053 Qui
801 4986 900 5056 fuit
931 4985 1074 5050 Sale,
1107 4987 1196 5055 qui
1222 4996 1271 5038 et
1301 4984 1529 5040 Cainan.
1564 4986 1822 5056 Aloysius
1857 4985 1986 5054 Lip-

416 5093 685 5150 pomanus
714 5080 768 5132 in
807 5093 922 5147 cap.
955 5094 1008 5131 xi
1035 5075 1218 5131 Genes.
1251 5085 1306 5132 et
1331 5076 1592 5132 Melchior
1640 5075 1824 5130 Canus
1857 5077 1981 5131 libr.

419 5186 455 5223 ιι
503 5169 579 5223 De
606 5169 734 5223 locis
778 5167 1096 5235 theologicis,
1129 5167 1294 5236 capit.
1343 5168 1428 5231 18,
1467 5175 1798 5222 censuerunt
1845 5166 1984 5220 hanc

416 5261 825 5331 generationem
859 5259 1063 5314 Cainan
1093 5272 1218 5313 vere
1248 5259 1388 5312 inter
1429 5259 1716 5326 Arphaxad
1753 5267 1807 5312 et
1859 5257 1984 5312 Sala

417 5351 830 5417 intercessisse;
862 5365 1088 5419 eamque
1110 5349 1462 5418 Septuaginta
1489 5350 1571 5402 vel
1601 5365 1668 5403 ex
1691 5357 1840 5402 certa
1871 5365 1984 5426 mag

415 5443 599 5511 jorum
641 5442 930 5496 traditione
964 5441 1050 5495 vel
1091 5457 1157 5494 ex
1198 5439 1440 5494 historiis
1483 5438 1610 5499 ﬁde,
1639 5440 1819 5510 dignis
1873 5457 1986 5496 sua:

420 5533 769 5587 translationi
814 5533 1130 5599 inseruisse,
1171 5547 1333 5602 quam
1379 5531 1592 5603 Moyses
1643 5533 1822 5586 sciens
1855 5548 1987 5603 pru-

422 5623 667 5692 densque
719 5625 1158 5696 praeter-miserat,
1214 5631 1273 5677 ut
1323 5623 1519 5678 seriem
1577 5625 1986 5694 generationum

423 5716 718 5772 decadibus
760 5730 869 5770 non
910 5716 1028 5772 sine
1059 5715 1242 5786 aliquo
1289 5715 1548 5786 mysterio
1585 5715 1889 5784 perﬁceret,
1930 5721 1982 5771 et

2088 4536 2180 4605 ἀφ’
2218 4527 2278 4588 οὗ
2322 4536 2446 4598 τοὺς
2488 4533 2770 4598 Ἰουδαίους
2816 4533 3100 4604 Ἑϐραίους
3128 4534 3364 4607 ἀρχῆθεν
3407 4535 3667 4588 ἐκάλουν.

2089 4626 2354 4682 Eusebius
2383 4626 2590 4698 εἜὸερ,
2614 4627 2705 4697 ἀφ’
2729 4621 2788 4680 οὗ
2821 4625 3078 4697 Ἑϐραῖοι.
3106 4618 3400 4681 Clironicon
3426 4628 3672 4681 Alexan-

2087 4717 2298 4771 drinum
2343 4734 2361 4770 :
2399 4715 2571 4788 Ἔϐερ
2615 4717 2675 4781 ἐξ
2718 4708 2778 4769 οὗ
2813 4716 3079 4770 Ἀλϐανοί.
3117 4717 3199 4772 Ab
3248 4717 3354 4772 hoc
3398 4715 3670 4772 Hebraeos

2087 4824 2209 4863 esse
2259 4809 2660 4872 denominatos,
2705 4813 2966 4877 tanquam
3009 4806 3286 4872 Hebraeos,
3335 4814 3391 4862 et
3443 4822 3558 4861 non
3601 4808 3670 4859 ab

2088 4900 2323 4954 Abraam
2354 4901 2519 4954 tradit
2552 4900 2912 4970 Augustinus,
2942 4899 3040 4954 lib.
3067 4916 3156 4954 xvr
3188 4899 3266 4954 De
3293 4899 3508 4954 civitate
3541 4899 3667 4959 Dei,

2088 5006 2207 5060 cap.
2245 4992 2279 5044 5
2304 5008 2316 5046 :
2354 4989 2476 5043 Non
2505 4990 2731 5058 frustra,
2761 4991 2960 5059 inquit,
2990 4991 3100 5058 ipse
3122 4991 3323 5060 primus
3351 4992 3669 5044 nominatus

2087 5092 2162 5136 est
2189 5084 2240 5136 in
2264 5083 2506 5152 progenie
2536 5083 2762 5144 veniente
2789 5082 2852 5135 de
2877 5081 3020 5146 Sem,
3045 5091 3093 5137 et
3118 5082 3372 5152 praelatus
3396 5092 3478 5136 est
3499 5085 3670 5136 etiam

2089 5176 2240 5244 ﬁliis,
2268 5192 2385 5227 cum
2436 5175 2506 5228 sit
2552 5174 2762 5243 quintus
2801 5190 2957 5241 nepos
2990 5189 3008 5226 :
3056 5175 3160 5228 nisi
3206 5176 3332 5243 quia
3373 5191 3560 5228 rerum
3591 5182 3670 5226 est

2088 5265 2225 5336 quod
2279 5264 2506 5318 traditur
2552 5280 2615 5317 ea:
2662 5264 2754 5317 illo
2807 5263 3056 5318 Hebraeos
3102 5281 3214 5318 esse
3259 5267 3669 5335 cognominatos

2091 5367 2339 5427 tanquam
2377 5355 2646 5420 Ilebrteos,
2677 5373 2795 5409 cum
2822 5367 2870 5409 et
2901 5356 3010 5409 alia
3040 5357 3205 5425 possit
3235 5373 3347 5410 esse
3379 5358 3582 5423 opinio,
3615 5365 3668 5406 ut

2087 5435 2152 5496 ea:
2182 5443 2450 5496 Abraham
2491 5451 2738 5513 tanquam
2768 5444 2983 5498 Abratei
3023 5444 3154 5497 dicti
3202 5461 3314 5498 esse
3359 5446 3664 5498 videantur.

2092 5531 2193 5587 Sed
2217 5533 2463 5586 nimirum
2491 5533 2585 5587 hoc
2609 5551 2781 5587 verum
2813 5543 2911 5598 est,
2945 5532 3082 5604 quod
3109 5549 3174 5588 ea:
3201 5533 3372 5590 Heber
3413 5534 3666 5588 Habenti

2093 5624 2342 5693 appellati
2383 5634 2522 5689 sunt,
2551 5641 2612 5678 ac
2645 5625 2764 5677 inde
2791 5642 2900 5677 una
2935 5624 3172 5679 detracta
3203 5625 3382 5679 littera
3406 5625 3628 5680 Hebrtti
3647 5666 3662 5678 .

2094 5733 2249 5787 quam
2281 5717 2512 5786 linguam
2541 5716 2682 5771 solus
2720 5715 2892 5771 Iarael
2922 5718 3143 5787 populus
3177 5719 3348 5785 potuit
3385 5717 3629 5771 obtinere
