3848 6168
243 299 374 359 1005

1197 299 1266 356 ΙΝ
1317 290 1685 358 ΕΠΞΤΑἸἮΠ
1738 292 2212 357 HEXAEMERON
2249 296 2489 357 NOTIE:

3344 292 3480 361 1.006

238 417 293 472 ia
312 431 408 485 quo
438 413 538 468 Dei
570 414 775 478 civitas,
799 423 847 470 et
871 417 927 469 in
952 419 1150 471 sanctis
1181 419 1515 489 peregrinata
1545 431 1644 486 est,
1672 431 1720 473 et
1750 423 1799 474 in
1835 432 1876 486 Α
1906 421 2133 488 pltoniae,
2164 426 2219 475 et
2246 419 2398 475 alibi.
2421 415 2686 488 Origenes
2723 413 2873 469 hom.
2908 413 2970 469 li
3004 413 3060 467 in
3091 411 3255 468 Nam.
3286 412 3482 471 Hiero-

240 504 471 560 omnibus
494 516 831 560 sacramenta
855 506 1194 564 adumbrata.
1231 508 1297 562 Et
1328 510 1421 566 lib.
1464 526 1502 563 ιι
1543 510 1797 573 Retract.,

240 611 358 666 cap.
395 595 484 660 M,
521 597 827 666 posthabita
856 598 1032 667 prima
1063 600 1344 669 opinione,
1386 601 1440 654 in
1472 616 1579 670 qua
1626 601 1802 657 fuerat

241 686 550 757 aliquando,
578 676 723 752 quod
752 690 821 743 ab
846 689 1083 743 Abraam
1105 691 1236 745 dicti
1264 691 1374 746 sint
1402 690 1635 755 chrmi,
1662 692 1801 744 hanc

241 778 480 834 eamdem
523 780 836 849 Opinionem
870 781 993 835 aliis
1038 781 1293 850 praetulit.
1344 781 1600 836 Eamdcm
1639 791 1800 836 tuen—

242 878 348 937 tur,
381 868 652 927 Eusebius
677 873 731 927 in
756 872 983 928 exordio
1017 888 1130 928 suae
1157 871 1542 945 Chronologiaz,
1570 874 1802 929 Aracius

240 960 585 1019 Caesariensis
619 965 672 1017 in
703 963 855 1030 Cen.,
889 964 1253 1036 Hieronymus
1276 965 1674 1020 Traditionibus
1694 964 1804 1019 IIe-

241 1051 428 1107 braieis
452 1053 507 1107 in
527 1050 652 1108 Cen.
685 1071 807 1125 cap.
848 1072 959 1121 xw,
990 1063 1044 1112 et
1078 1056 1254 1112 secuti
1284 1066 1413 1111 sunt
1441 1055 1604 1119 Beda,
1641 1055 1803 1109 Isido-

242 1160 354 1209 rus,
381 1144 645 1217 Lyranus,
676 1145 993 1217 Eugubinus
1028 1146 1475 1203 annotationibus
1505 1148 1558 1200 in
1592 1145 1799 1213 Cenes.,

241 1249 356 1305 cap.
386 1251 499 1298 XIV,
536 1245 591 1290 et
628 1237 739 1289 alii.
771 1236 1084 1308 Artapanus
1124 1237 1269 1307 apud
1298 1235 1591 1291 Eusebium
1622 1235 1717 1290 lib.
1747 1252 1800 1289 ιι

240 1324 314 1379 De
339 1330 722 1396 prteparatione
754 1328 986 1398 evangel.
1018 1343 1138 1398 cap.
1175 1327 1300 1391 ult.,
1334 1343 1427 1382 eos
1456 1328 1530 1381 ita
1570 1327 1805 1397 appella-

242 1425 323 1472 tos
359 1417 524 1474 refert
576 1435 641 1474 ex
693 1420 928 1474 Abraam
972 1420 1242 1490 principe,
1295 1434 1360 1474 ac
1406 1426 1633 1489 parente
1682 1418 1802 1487 ejus

238 1512 409 1580 gentis
461 1512 834 1571 nobilissimo.
890 1522 945 1567 et
990 1514 1119 1567 dicti
1176 1520 1305 1567 sunt
1358 1509 1591 1576 Hebraei,
1644 1510 1802 1580 quasi

236 1601 464 1657 Abrami.
501 1602 834 1674 Ἀρτάπανος
879 1604 936 1658 δέ
978 1621 1139 1675 φησιν
1186 1603 1242 1655 ἐν
1291 1603 1414 1668 τοῖς
1469 1599 1805 1667 Ἰουδαϊκοῖς

1905 527 2100 583 nymus
2128 511 2375 567 Oleaster
2404 512 2458 564 in
2489 522 2610 578 cap.
2639 523 2671 561 x
2696 500 2881 561 Cenes.
2906 514 2960 561 et
2987 505 3103 560 alii.

1972 603 2137 670 Ibid.,
2191 603 2287 657 lin.
2344 604 2433 657 50.
2500 599 2741 655 Υἱοὶ-δὲ
2792 599 2899 653 τοῦ
2943 599 3133 667 Ἔϐερ.
3171 596 3479 654 Eusebius:

1900 694 2099 754 Φαλὲκ,
2149 696 2243 763 ἀφ’
2281 690 2342 749 οὗ
2383 693 2652 764 Βάκτροι·
2691 691 3035 763 Ἐλμωδὰμν
3065 691 3156 759 ἀφ’
3196 684 3256 745 οὗ
3295 690 3478 744 Ἰνδοί·

1916 786 2140 849 Ἰεκτὰν,
2172 787 2263 854 ἀφ’
2285 779 2344 839 οὗ
2372 785 2671 839 Μαδιναῖοι.
2707 782 3001 839 Chronicon
3025 781 3442 836 Alexandrinum
3461 799 3482 836 :

1900 878 2099 942 Φαλὲκ,
2139 876 2198 943 ἐξ
2227 872 2288 931 οὗ
2324 878 2619 945 κατάγεται
2645 876 2706 928 τὸ
2742 875 2896 944 γένος
2932 873 3183 946 Ἀϐραὰμ
3209 874 3483 945 προπάτο-

1907 985 2027 1040 ρος·
2071 967 2298 1035 Ἰεκτὰν,
2333 967 2392 1034 ἐξ
2421 962 2481 1021 οὗ
2514 965 2790 1031 Αἰθίοπες.

1973 1058 2132 1128 Ibid.,
2172 1060 2269 1114 lin.
2312 1060 2402 1113 51.
2446 1059 2499 1111 '0
2532 1058 2600 1111 δὲ
2623 1059 2821 1113 Φαλὲκ
2865 1058 2979 1112 διά.
3017 1058 3360 1129 Nicephorus
3387 1074 3484 1129 pan

1904 1151 2139 1205 triarcha
2166 1149 2800 1219 Constantinopolitanus
2820 1165 2877 1203 ιη
2905 1149 3339 1220 Chronographia
3360 1150 3483 1204 :‘Ev

1901 1240 1957 1294 δὲ
1996 1243 2115 1304 ταῖς
2158 1240 2391 1312 ἡμέραις
2424 1240 2601 1293 Φαλὲκ
2640 1239 3097 1312 διεμερίσθησαν
3130 1239 3210 1293 διὸ
3250 1240 3347 1294 καὶ
3385 1256 3484 1311 ση-

1906 1332 2084 1402 μαίνει
2111 1331 2171 1385 τὺ
2193 1331 2371 1384 Φαλὲκ
2391 1330 2560 1402 ὄνομα
2590 1334 2655 1403 τῇ
2695 1331 2958 1402 Ἐϐραίων
2980 1334 3131 1403 φωνῇ
3160 1334 3479 1402 μερισμός.

1902 1423 2013 1477 Καὶ
2037 1418 2194 1487 οὗτος
2222 1423 2328 1495 πρὸ
2362 1423 2454 1478 τοῦ
2485 1423 2613 1494 περὶ
2635 1423 2878 1494 τελευτᾷ.
2897 1424 3020 1476 Ἐπὶ
3047 1423 3235 1477 τούτου
3260 1426 3293 1495 ή
3338 1440 3481 1495 πυρα

1902 1514 2120 1583 γοποιία
2152 1513 2401 1584 συνέστη,
2436 1515 2531 1568 καὶ
2570 1514 2678 1566 ἀπὸ
2710 1517 2839 1584 μιᾷς
2878 1515 2974 1584 τῆς
3003 1514 3167 1569 πάλαι
3200 1514 3481 1569 διαλέκτου

1904 1604 2214 1675 πολυφωνία
2254 1605 2467 1675 γέγονε.
2511 1606 2623 1659 Καὶ
2666 1607 2700 1676 ἡ
2737 1605 2858 1660 καθ’
2909 1606 3136 1660 ἕκαστον
3183 1607 3335 1671 ἔθνος
3371 1607 3480 1662 τῶν

236 1695 354 1758 τοὺς
399 1695 497 1766 μὲν
547 1695 832 1759 Ἰουδαίους
877 1694 1234 1768 ὀνομάζεσθαι
1277 1694 1553 1767 Ἐρμιοὺθ,
1594 1694 1623 1747 ὃ
1667 1689 1803 1746 εἶναι
1904 1697 2164 1767 γλωσσῶν
2202 1697 2487 1767 διαφωνία,
2520 1698 2682 1768 φησὶν
2724 1701 2756 1770 ἠ
2811 1697 2929 1751 θεία
2973 1699 3193 1771 Γραφήι·
3221 1698 3480 1756 Hebraeo:

239 1784 670 1857 μεθερμηνευθὲν
718 1786 859 1841 κατὰ
906 1787 1003 1858 τὴν
1050 1787 1273 1841 Ἐλλάδα
1322 1787 1502 1858 φωνὴν
1538 1786 1789 1840 Ἰουδαῖοι.

1908 1802 2026 1840 rum
2057 1787 2147 1841 illa
2194 1785 2295 1841 fuit
2332 1788 2626 1853 sententia,
2661 1786 2840 1843 Heber
2865 1803 3122 1859 magnum
3156 1788 3330 1846 fuisse
3353 1805 3481 1860 pro-ﬁ

236 1877 523 1931 Καλεῖσθαι
578 1879 636 1932 δὲ
702 1879 899 1944 αὐτοὺς
954 1880 1239 1952 Ἑϐραίους
1302 1881 1406 1933 ὑπὸ
1464 1879 1789 1951 Ἀϐραάμου.

1904 1878 2145 1948 phetam,
2172 1887 2338 1950 atque
2366 1879 2543 1933 divini
2567 1879 2811 1935 numinis
2834 1880 3011 1935 afflatu
3042 1890 3169 1936 ante
3209 1882 3477 1938 ducentos

234 1966 386 2024 Hunc
407 1969 702 2041 aliquando
731 1978 954 2026 secutus
986 1981 1071 2027 est
1095 1971 1436 2040 Augustinus
1460 1972 1495 2024 l.
1525 1988 1540 2024 ι
1571 1971 1648 2025 De
1674 1988 1798 2025 con-
1902 1983 2076 2025 annos
2122 1969 2362 2025 fulurum
2408 1971 2778 2041 praevidendo,
2812 1986 3012 2027 nomen
3059 1971 3259 2028 Plialec
3300 1974 3481 2044 impo-

233 2077 381 2114 sensu
413 2064 743 2133 evangelist.,
789 2080 911 2135 cap.
962 2065 1050 2128 M,
1088 2066 1307 2118 tandem
1357 2064 1448 2117 alii
1500 2065 1568 2118 ab
1621 2063 1801 2118 Hebar
1902 2064 2098 2118 suisse.
2123 2062 2268 2119 l'dem
2314 2064 2484 2120 sentit
2529 2064 2913 2136 Hieronymus,
2942 2067 3036 2136 qui
3070 2068 3125 2121 in
3159 2066 3480 2122 Traditioni-

231 2151 370 2220 quod
405 2149 599 2206 Latine
632 2160 717 2207 est
767 2155 1032 2216 transivit,
1083 2152 1339 2208 Hebraeos
1384 2154 1799 2224 cognominatos
1902 2153 1996 2207 bus
2046 2152 2325 2209 Hebraicis
2373 2157 2427 2210 in
2481 2155 2667 2213 Cenes.
2717 2158 2948 2214 afﬁrmat
2997 2158 3175 2214 Hebcr
3218 2159 3479 2216 vaticinia

232 2241 562 2309 existimant,
594 2251 648 2299 et
677 2260 786 2299 non
819 2246 887 2300 ab
928 2246 1227 2313 Abraham,
1263 2262 1441 2317 neque
1482 2248 1552 2303 ab
1595 2247 1794 2304 Heber.

230 2334 397 2405 Hujus
428 2338 709 2408 opinionis
741 2339 892 2394 fuere
925 2338 1210 2409 Origenes,
1247 2338 1517 2395 Diodorus
1559 2338 1799 2395 Tarsen-

230 2426 325 2492 sis,
351 2426 630 2498 Rupertus
678 2429 772 2484 lib.
803 2445 835 2478 ν
863 2429 1231 2485 Commentar.
1259 2431 1314 2484 in
1340 2429 1523 2485 Cenes.
1560 2446 1682 2502 cap.
1708 2446 1793 2498 x1;

227 2518 651 2593 Chrysostomus
719 2521 865 2576 hom.
926 2522 995 2576 55
1068 2524 1125 2576 in
1189 2522 1370 2578 Cenes.
1423 2523 1797 2581 Theodoretus

226 2622 414 2680 quast.
454 2611 527 2667 60
566 2612 622 2666 in
661 2609 845 2666 Cenes.
891 2627 1010 2667 eam
1058 2613 1133 2665 ita
1173 2611 1434 2675 defendit,
1480 2623 1539 2665 ut
1573 2612 1795 2682 Opposi-

228 2710 333 2757 tam
363 2702 747 2774 reprehendat.
781 2700 836 2755 Si
878 2701 1047 2764 enim,
1097 2700 1294 2771 inquit,
1331 2699 1401 2754 ab
1442 2697 1641 2765 Heber,
1685 2698 1794 2753 He-

226 2793 376 2857 braei,
405 2801 462 2848 et
503 2793 691 2863 lingua
733 2790 1003 2845 Hebraica
1047 2805 1246 2845 nomen
1287 2789 1476 2856 traxit,
1508 2791 1795 2859 oportebat

227 2900 410 2941 omnes
439 2893 694 2956 posteros
723 2883 901 2938 Heber
940 2882 1238 2953 appellatos
1285 2880 1455 2937 fuisse
1503 2880 1782 2945 Hebraeos,

227 2982 386 3042 atque
423 2989 492 3027 ea
521 2971 706 3041 lingua
749 2985 901 3035 usos,
930 2967 1077 3039 quod
1120 2968 1176 3023 in
1205 2966 1382 3040 Syris,
1420 2965 1696 3033 Moabitis,
1739 2976 1793 3023 et

224 3064 344 3118 aliis
370 3063 611 3134 posteris
648 3060 827 3116 Heber
860 3076 971 3116 non
1024 3058 1275 3130 contigit.
1319 3057 1559 3128 Ideoque
1603 3069 1791 3114 censet

222 3157 521 3226 appellatos
552 3154 721 3209 fuisse
757 3152 1015 3208 Hebraeos
1058 3167 1127 3207 ex
1173 3167 1239 3206 eo
1280 3151 1426 3220 quod
1455 3151 1728 3205 Abraham
1762 3166 1793 3205 e

222 3247 436 3317 regione
467 3245 850 3301 Chaldaeorum
881 3245 1103 3300 veniens
1130 3244 1186 3297 in
1232 3242 1579 3297 Palaestinam
1611 3251 1792 3299 trans-

221 3339 315 3394 ivit
354 3338 585 3395 fluvium
616 3337 969 3408 Euphratem.
1005 3335 1184 3390 Hebra
1205 3336 1349 3391 enim
1388 3334 1649 3406 Syrorum
1682 3335 1790 3389 lin-

224 3450 325 3502 gua
352 3434 494 3489 idem
540 3432 744 3487 dicitur
777 3430 925 3501 quod
951 3428 1276 3499 Euphrates.
1308 3427 1514 3482 Paulus
1549 3426 1790 3498 Burgen-

224 3527 299 3583 sis
326 3536 515 3583 censet
565 3524 822 3580 Hebraeos
856 3538 978 3578 esse
1005 3522 1419 3592 cognominatos
1445 3521 1601 3590 quasi
1636 3535 1792 3591 pere-

223 3618 430 3688 grinos,
456 3618 565 3673 hoc
587 3631 711 3672 esse
740 3623 957 3687 etymon
993 3613 1241 3667 vocabuli
1271 3613 1454 3682 lingua
1482 3612 1570 3665 illa
1599 3630 1611 3666 :
1641 3612 1708 3666 dc
1733 3627 1791 3666 re

223 3725 331 3764 non
378 3724 503 3767 esse
564 3708 949 3764 dubitandum.
986 3704 1122 3771 Quis
1173 3705 1316 3759 enim
1364 3704 1539 3758 nescit
1568 3710 1788 3775 gentem

223 3801 367 3855 illam
409 3810 464 3857 et
511 3801 569 3855 in
606 3808 750 3857 terra
781 3798 1062 3862 Chanaan,
1095 3803 1149 3852 et
1192 3797 1247 3851 in
1275 3794 1511 3868 [Egypto
1544 3810 1665 3851 esse
1696 3811 1788 3866 pe-

222 3893 576 3964 regrinatam.

288 3984 402 4039 Col.
424 3982 775 4049 757οοῖτινες
797 3981 912 4050 τὴν
930 3980 1142 4050 ἀρχὴν.
1164 3978 1337 4033 Heber
1356 3992 1571 4048 poenam
1588 3978 1721 4031 conf
1723 3994 1753 4030 u
1767 4007 1785 4018 -

219 4072 388 4131 sionis
425 4077 737 4147 linguarum
783 4073 1049 4136 evasisse,
1079 4072 1226 4142 quod
1258 4085 1397 4125 vana
1434 4070 1786 4124 molientibus

218 4183 322 4222 non
344 4168 728 4229 assentiretur,
749 4165 915 4221 refert
939 4164 1141 4219 Catena
1164 4161 1351 4217 Graeca
1373 4163 1427 4216 in
1456 4160 1639 4216 Cenes.
1672 4164 1784 4215 Φα-

218 4256 297 4311 civ
319 4259 392 4321 ὡς
425 4259 577 4331 παρὰ
602 4256 680 4328 τῷ
700 4256 869 4327 Ἔϐερ
900 4255 1044 4326 μόνῳ
1069 4254 1343 4324 ἐφυλάχθη
1367 4256 1399 4324 ἡ
1431 4252 1673 4321 γλῶσσα,
1710 4253 1786 4315 ὡς

220 4351 294 4422 μὴ
321 4351 708 4420 κοινωνήσαντι
749 4348 829 4408 εἰς
876 4345 937 4398 τὸ
982 4343 1072 4397 τοῦ
1108 4343 1317 4415 πύργου
1363 4341 1632 4412 τόλμημα.
1666 4340 1783 4394 Ma-

217 4434 406 4497 nasses
431 4442 487 4496 in
528 4438 728 4493 Annal.
763 4453 781 4491 :

213 4526 383 4607 ﬁlios};
416 4531 484 4585 δὲ
509 4530 701 4601 μόνος
740 4528 852 4607 ’τῇ-ς
879 4523 1113 4607 πληῃῖς
1150 4524 1461 4591 ἐλεύθερος
1487 4522 1776 4603 ὐετῆρξεν·

216 4603 296 4657 οὐ
323 4599 433 4673 Ῠὰρ
469 4599 927 4669 σὺτκατετίθετο
952 4599 1076 4661 τοῖς
1106 4599 1639 4665 ματαιοπριιγθῦσι.

213 4717 450 4775 Suidas:
492 4708 660 4780 Οὗτος
696 4714 756 4766 οὐ
784 4712 1099 4781 συνεποὶησε
1135 4714 1246 4773 τοῖς
1284 4710 1652 4780 πυργοποιοῖς,
1683 4707 1779 4759 καὶ

209 4810 473 4881 διέμεινεν
510 4811 547 4879 ἡ
579 4806 853 4869 διάλεκτος
896 4803 1058 4859 αὐτοῦ
1092 4801 1482 4873 ἀμετάϐλητος.
1524 4799 1779 4854 Theodo-

209 4908 381 4966 retus,
419 4908 617 4973 quast.
651 4898 720 4953 59
746 4900 799 4951 in
831 4895 1045 4961 Cenes.,
1088 4894 1526 4965 antiquissimam
1556 4893 1776 4963 lingua-

210 5006 328 5046 rum
361 4992 610 5047 omnium
657 4988 933 5061 Syriacam
979 4986 1275 5049 existimat,
1324 4983 1604 5039 Hebraaam
1645 4998 1776 5038 vero

208 5083 442 5152 primum
480 5082 740 5137 traditam
775 5078 947 5151 Moysi
974 5093 1005 5133 a
1037 5076 1145 5133 Deo
1180 5076 1368 5132 fuisse.
1411 5074 1776 5141 Quemadmo-

208 5173 335 5229 dum
361 5175 509 5230 enim
527 5175 600 5229 -in
641 5173 855 5242 templis
886 5170 1199 5226 Graecorum
1227 5168 1449 5240 quidam
1478 5176 1607 5224 sunt
1633 5168 1779 5222 litte-

206 5277 393 5318 rarum
414 5264 765 5320 characteres
797 5263 1120 5335 peculiares,
1147 5276 1286 5331 quos
1313 5275 1501 5315 sacros
1538 5259 1778 5329 appella-

206 5366 355 5423 runt,
391 5359 475 5415 sic
519 5357 664 5413 Deus
706 5371 804 5428 per
828 5354 1032 5411 Mosem
1073 5352 1299 5408 donavit
1334 5352 1475 5406 hanc
1506 5352 1770 5422 linguam,

204 5467 315 5507 non
347 5452 570 5522 quidem
603 5450 932 5514 naturalem,
969 5449 1064 5505 sed
1108 5448 1177 5502 ad
1217 5445 1521 5502 docendum
1550 5444 1769 5516 quidem

202 5548 404 5612 aptam.
444 5538 648 5598 Verum
679 5542 836 5596 aliter
865 5548 923 5596 et
944 5555 1067 5595 cum
1099 5546 1290 5594 nostro
1323 5536 1609 5593 Eustathio
1638 5554 1771 5594 con-

202 5632 365 5688 sentit
388 5634 733 5703 Augustinus
763 5633 835 5686 De
867 5633 1076 5687 civitate
1098 5631 1213 5694 Dei,
1239 5630 1338 5685 lib.
1370 5646 1485 5695 xvr,
1521 5646 1643 5700 cap.
1678 5630 1766 5691 11,

200 5734 253 5780 et
282 5725 380 5782 lib.
416 5741 578 5793 svnt,
607 5742 726 5799 cap.
769 5723 872 5795 39;
922 5725 1285 5797 Hieronymus
1318 5724 1371 5780 in
1406 5739 1523 5796 cap.
1560 5741 1623 5780 ηπ
1666 5724 1766 5781 So-

1898 2246 2134 2316 quodam
2164 2247 2418 2304 videlicet
2458 2266 2528 2305 ex
2569 2249 2758 2305 futuro
2800 2261 2997 2308 eventu
3039 2252 3324 2309 divisionis
3371 2253 3479 2306 lins-

1904 2348 2136 2403 guarum
2177 2349 2377 2390 nomen
2419 2336 2748 2406 imposuisse
2792 2355 2912 2405 suo,
2946 2346 3000 2396 et
3048 2339 3477 2412 Chrysostomus

1900 2423 2045 2476 hom.
2079 2423 2149 2478 50
2192 2425 2247 2478 in
2293 2422 2858 2492 Cenes.:Cansidera,
2905 2430 3101 2500 inquit,
3135 2432 3478 2503 quemadmos-

1897 2513 2024 2569 dum
2055 2517 2131 2570 rei
2166 2516 2363 2586 futura:
2386 2520 2771 2587 prtescientiam
2802 2525 3052 2577 vocabuia
3075 2526 3187 2578 nati
3210 2525 3360 2593 pueri
3384 2523 3476 2579 des-

1897 2608 2161 2671 claravit;
2194 2618 2253 2664 ut
2286 2628 2407 2665 cum
2436 2613 2634 2669 videris
2669 2631 2778 2670 rem
2816 2632 2968 2686 opere
2996 2618 3337 2689 adimpletam
3368 2636 3477 2674 non

1894 2700 2041 2755 ultra
2074 2703 2302 2768 mireris,
2335 2703 2514 2760 videns
2535 2706 2786 2763 divinitus
2827 2710 2890 2762 id
2909 2711 3059 2779 pueri
3100 2712 3311 2767 nomine
3332 2726 3475 2781 prta“-

1894 2786 2110 2843 diclam.
2143 2789 2415 2864 Josephus
2445 2804 2626 2851 tamen
2664 2796 2758 2851 lib.
2794 2813 2811 2851 ι
2838 2798 3098 2869 Antiquit.
3129 2806 3182 2853 et
3208 2800 3475 2871 Augusti-

1894 2897 2022 2947 nus,
2053 2883 2152 2938 lib.
2197 2901 2287 2940 xvi
2330 2886 2409 2941 De
2451 2888 2663 2944 civitate
2692 2889 2809 2956 Dei,
2841 2906 2964 2963 cap.
2994 2893 3081 2958 H,
3112 2908 3311 2950 nomen
3342 2894 3477 2960 hoc,

1893 2988 2002 3028 non
2028 2989 2092 3029 ex
2123 2974 2310 3033 futuro
2335 2987 2553 3044 eventu,
2588 2982 2778 3039 sedeo
2806 2985 2949 3055 quod
2980 2983 3181 3040 factum
3211 2993 3351 3051 erat,
3377 3002 3475 3057 pou

1894 3065 2059 3119 situm
2090 3065 2281 3125 fuisse.

1966 3155 2127 3223 Ibid.,
2172 3160 2272 3215 lin.
2312 3162 2403 3217 56‘.
2452 3164 2774 3235 Τρισχίλιοι
2821 3166 2951 3237 γάρ.
3004 3167 3079 3223 De
3132 3170 3475 3240 temporibus

1893 3250 2060 3306 verba
2097 3251 2366 3310 facientes
2390 3263 2640 3311 anctores
2671 3257 2815 3312 haud
2856 3257 3208 3314 mediocriter
3238 3260 3382 3315 inter
3410 3276 3472 3316 se

1891 3340 2180 3407 dissident,
2223 3352 2276 3398 et
2302 3345 2453 3399 varia
2486 3346 2792 3416 proferunt,
2826 3356 2891 3402 ut
2918 3347 3139 3405 facilius
3167 3351 3238 3406 sit
3279 3352 3334 3406 in
3364 3352 3472 3406 hac

1889 3445 1949 3485 re
1976 3432 2121 3500 quod
2157 3433 2311 3489 alius
2333 3433 2542 3491 dixerit
2574 3437 2993 3506 reprehendere,
3031 3451 3195 3509 quam
3242 3441 3468 3512 aliquod

1890 3524 2036 3592 quod
2070 3526 2499 3595 reprehensione
2526 3536 2699 3596 caret,
2742 3530 3019 3601 proferre;
3064 3543 3190 3586 cum
3221 3533 3471 3591 rationes

1889 3625 1943 3672 et
1981 3629 2323 3691 argumenta,
2359 3621 2559 3691 quibus
2586 3621 2700 3677 haec
2728 3630 3066 3687 statuuntur,
3094 3638 3206 3679 non
3238 3627 3469 3684 omnino

1888 3719 2058 3774 certa,
2091 3711 2187 3766 sed
2226 3710 2392 3768 dubia
2429 3714 2559 3769 sint.
2603 3711 2742 3769 Illud
2776 3715 3157 3786 unusquisque
3182 3728 3283 3787 pro
3310 3729 3469 3774 certo

1889 3802 2105 3865 habeat,
2134 3818 2195 3859 se
2230 3818 2295 3859 eo
2319 3803 2501 3861 minus
2528 3821 2733 3871 errare,
2760 3822 2870 3878 quo
2893 3808 3075 3863 minus
3102 3808 3174 3864 ab
3203 3808 3467 3866 Ecclesiae

1886 3893 2170 3949 catholicae
2199 3895 2492 3950 traditione
2531 3897 2735 3952 recedit
2780 3913 2946 3968 penes
2976 3914 3140 3969 quam
3170 3900 3367 3966 solam,
3405 3911 3462 3958 et

1884 3985 2099 4041 veritas
2115 3986 2359 4041 omnium
2388 4003 2594 4055 rerum,
2624 3996 2678 4044 et
2711 3988 2986 4046 certitudo
3010 3999 3115 4057 est,
3144 3991 3201 4046 in
3228 3991 3350 4048 aliis
3375 3992 3461 4048 in-

1886 4077 2031 4148 genii
2063 4077 2289 4134 humani
2331 4079 2559 4135 libidine
2592 4088 2647 4136 et
2691 4081 2921 4137 audacia
2967 4083 3150 4138 omnia
3196 4084 3459 4150 obscura,

1884 4174 1940 4223 et
1965 4170 2238 4225 sexcentis
2263 4170 2544 4226 erroribus
2567 4171 2867 4241 implicata.
2894 4171 3244 4230 Adducemus
3271 4181 3457 4231 tamen

1884 4276 2006 4331 quae
2034 4261 2126 4316 alii
2160 4263 2242 4317 uti
2278 4272 2461 4325 certa,
2485 4264 2589 4317 etsi
2623 4277 2735 4318 non
2771 4278 2830 4317 re
2859 4279 2995 4319 vera
3019 4265 3095 4320 ita
3124 4266 3256 4328 sint,
3282 4267 3455 4321 uadi;-

1885 4354 2103 4410 derunt.
2149 4352 2217 4407 Et
2259 4356 2402 4410 sicut
2446 4354 2699 4424 superius
2747 4355 3002 4421 diximus,
3049 4356 3191 4411 inter
3235 4355 3455 4416 Graecos

1811 4460 1858 4516 ι)
1885 4464 2185 4519 omnesque
2213 4464 2329 4513 eos,
2363 4448 2453 4518 qui
2482 4447 2833 4519 Septuaginta
2856 4446 3217 4518 lnterpretum
3245 4450 3452 4506 versim-

1881 4554 2008 4595 nem
2035 4539 2208 4596 secuti
2248 4547 2396 4601 sunt,
2427 4546 2481 4594 et
2510 4537 2732 4594 Latinos
2762 4538 3058 4593 maximum
3098 4552 3221 4595 esse
3251 4539 3451 4597 discrii-

1879 4645 2025 4696 men,
2056 4645 2181 4685 cum
2220 4630 2273 4684 in
2310 4629 2683 4685 describendis
2722 4638 2934 4699 patrum
2959 4669 2974 4693 ,
3011 4636 3065 4685 et
3104 4631 3447 4702 patriarcha»

1877 4734 1997 4774 rum
2044 4720 2402 4790 temporibus,
2439 4718 2747 4775 differentia
2779 4726 3089 4790 temporum
3129 4721 3306 4792 spatia
3337 4732 3458 4778 δίει-ν

1877 4812 2098 4866 tuerint.
2127 4811 2437 4867 Fridericus
2459 4809 2772 4867 Husmanus
2794 4812 2847 4866 in
2875 4827 2974 4867 sua
3000 4811 3349 4886 Chronologia
3377 4819 3448 4874 ab

1875 4903 2006 4957 orbe
2049 4900 2293 4965 condito,
2335 4901 2402 4956 ad
2457 4916 2662 4956 annum
2716 4901 2786 4956 '50
2842 4900 3043 4957 Phalec
3086 4918 3260 4959 annos
3307 4906 3447 4963 i788

1873 5002 2175 5059 enumerat,
2208 5000 2335 5048 ante
2377 4992 2657 5048 Christum
2700 5001 2888 5047 natum
2917 4993 3078 5058 2172,
3110 5004 3165 5050 et
3210 4995 3439 5052 Romam

1875 5083 2148 5137 conditam
2191 5083 2349 5147 1421,
2384 5083 2452 5138 ab
2484 5083 2648 5153 hujus
2693 5083 2971 5153 opinione,
3016 5086 3195 5156 quoad
3239 5101 3451 5144 annum

1877 5176 1946 5230 ab
1982 5176 2114 5231 orbe
2137 5174 2360 5231 condito
2385 5175 2452 5229 ad
2476 5177 2546 5231 30
2574 5175 2773 5231 Phalec
2806 5192 2913 5231 non
2955 5178 3110 5233 abest
3139 5177 3448 5236 Genebrarh

1874 5268 1977 5323 dus
2005 5266 2402 5340 Chronograph.
2434 5269 2559 5325 libr.
2595 5285 2631 5322 ι.
2667 5269 3020 5326 Cunmannus
3060 5269 3444 5330 Flinsbacbius

1874 5356 2295 5426 4787,.loannes
2326 5358 2612 5415 Funccius'
2646 5360 2700 5415 in
2740 5358 3091 5431 Chronologia
3144 5361 3294 5416 I739.
3338 5361 3449 5418 No-

1873 5461 1984 5508 ster
2018 5461 2197 5509 tamen
2224 5453 2315 5507 hic
2348 5460 2541 5508 auctor
2556 5439 2637 5507 'ad
2661 5452 2996 5508 nativitatem
3036 5451 3235 5508 Phalec
3267 5468 3443 5512 annos

1870 5551 1954 5599 ter
1998 5544 2146 5600 mille
2180 5543 2350 5602 fuisse
2385 5545 2602 5616 elapsos
2631 5552 2930 5601 asseverat.
2976 5542 3083 5601 Sed
3129 5561 3232 5601 nos
3270 5546 3437 5603 etiam

1874 5635 2103 5691 inferius
2146 5636 2213 5693 de
2256 5638 2415 5693 annis
2463 5653 2494 5692 a
2529 5638 2736 5694 mundo
2782 5639 3006 5696 condito
3055 5639 3121 5695 ad
3157 5638 3443 5696 Christum

1874 5737 2058 5783 natum
2081 5729 2340 5784 nonnulla
2366 5728 2629 5785 dicemus.
