3848 6168
381 327 512 384 i007

1772 312 2019 371 LEONIS
2055 311 2328 368 ALLATII

3482 309 3611 366 i008

441 447 562 501 Col.
589 437 710 512 757,
727 442 822 498 lin.
841 441 930 497 37.
949 438 1301 511 Λογιζόμεθα
1316 435 1448 508 γάρ.
1473 434 1624 491 Hanc
1638 435 1950 508 opinionem
1980 443 2027 499 Α
2054 450 2176 505 cap.
2217 433 2425 496 Helec..
2461 441 2515 487 et
2542 439 2779 488 tractatu
2811 430 2890 490 De
2917 433 3249 498 idololatria,
3281 444 3399 501 cap.
3426 424 3610 491 Libne,

381 551 433 594 et
459 537 612 594 multi
646 536 829 606 magni
852 533 1088 589 nominis
1105 531 1295 587 Patres
1319 531 1491 586 secuti
1517 539 1664 584 sunt.
1695 527 1946 584 Justinus

374 632 579 702 Martyr
606 628 688 684 Ad
715 626 866 683 Geni.
899 633 1095 698 quast.
1150 625 1245 689 7t;
1277 621 1514 678 lrenzcus
1543 620 1639 677 lib.
1673 638 1704 676 v
1727 620 1946 676 Advers.

373 724 559 776 htcres.
590 735 713 790 cap.
743 721 876 787 ult.;
919 715 1261 780 Lactantius,
1289 715 1385 770 lib.
1432 729 1502 770 vu
1531 712 1775 768 Institut.
1821 728 1944 783 cap.

377 807 446 872 7;
484 805 724 859 Hilarius
755 817 880 858 can.
900 803 956 855 in
985 799 1298 854 Matt/tarum
1315 799 1819 871 xvn;Augustinus
1848 798 1945 856 lib.

374 914 446 953 xx
473 897 551 951 De
571 897 778 951 civitate
820 894 917 948 Dei
938 910 959 960 ;
987 892 1351 964 Hieronymus
1373 891 1589 964 epistol.
1623 891 1690 946 ad
1717 891 1948 963 Cypria-

377 1005 530 1052 num,
569 996 623 1043 et
653 986 959 1042 Comment.
1001 985 1058 1039 in
1089 983 1392 1048 Michazam,
1431 998 1552 1053 cap.
1602 1000 1656 1039 tv
1682 1002 1696 1050 ;
1721 982 1948 1039 Germa-

376 1096 483 1137 nus
509 1077 900 1135 Constantinus
937 1075 1033 1131 lib.
1067 1075 1143 1130 De
1176 1075 1399 1130 Theoria
1426 1090 1602 1128 rerum
1633 1075 1949 1129 ecclesiaslio

374 1187 580 1236 carum,
609 1170 677 1226 ad
707 1169 853 1224 hunc
874 1183 1158 1224 numerum
1185 1168 1493 1238 quingentis
1516 1167 1764 1238 adjectis,
1795 1177 1846 1222 et
1871 1168 1946 1223 ait

375 1271 500 1319 ante
530 1264 708 1333 ipsum
737 1259 927 1316 eadem
973 1259 1179 1315 dixisse
1209 1267 1264 1314 et
1294 1258 1646 1330 Hippolytum
1690 1274 1720 1314 e
1748 1256 1940 1325 Roma,

373 1363 428 1409 et
483 1354 540 1408 S.
592 1350 853 1424 Cyrillum
905 1350 964 1404 in
1005 1349 1103 1405 lib.
1159 1349 1234 1404 De
1276 1350 1640 1415 Antichristo,
1706 1350 1947 1421 itemque

373 1445 845 1517 Chrysostomum.
880 1440 1207 1513 Opinionem
1253 1444 1415 1499 istam
1447 1458 1558 1499 non
1586 1459 1710 1500 esse
1758 1460 1943 1500 veram

375 1538 492 1608 ipsa
521 1535 858 1606 experientia
886 1531 1169 1601 docemur,
1206 1535 1478 1605 pratcipue
1507 1535 1553 1591 si
1592 1534 1945 1606 Septuaginta

341 1629 877 1700 -interpretatiouem
934 1625 1346 1682 consideremus
1376 1665 1392 1692 ,
1452 1640 1617 1696 quam
1671 1637 1729 1682 ut
1774 1625 1944 1698 pluri-

375 1736 524 1777 mum
553 1721 728 1778 secuti
757 1729 884 1775 sunt
919 1729 1171 1776 auctores
1209 1734 1374 1790 supra
1406 1719 1581 1784 citati,
1609 1719 1701 1790 qui
1734 1719 1788 1774 id
1818 1735 1939 1775 mo-

376 1813 527 1868 deste
581 1819 956 1867 asseruerunt.
1025 1808 1250 1881 Semper
1302 1809 1508 1865 dictum
1565 1809 1774 1865 Christi
1833 1825 1946 1881 prae

375 1902 551 1959 oculis
611 1901 877 1957 habentes
926 1901 1093 1955 Marci
1157 1916 1276 1967 xm,
1327 1900 1397 1955 52
1429 1919 1443 1955 :
1477 1899 1556 1955 De
1580 1900 1664 1956 die
1707 1902 1821 1968 illo,
1882 1919 1944 1956 ac

377 2003 627 2063 tempore,
655 2009 804 2047 nemo
821 1994 982 2056 novit,
1017 2008 1175 2062 neque
1201 1992 1372 2062 angeli
1393 1991 1599 2062 quidem
1628 1993 1716 2063 qui
1740 1992 1792 2046 in
1817 1993 1944 2046 cazlo

375 2094 519 2150 sunt,
541 2099 701 2154 neque
725 2083 830 2152 ipse
851 2080 1057 2146 Filius;
1082 2089 1135 2137 et
1166 2081 1280 2136 Act.
1308 2098 1348 2147 ι,
1382 2081 1412 2134 7
1434 2100 1447 2136 :
1468 2079 1592 2136 Non
1615 2092 1691 2137 est
1719 2091 1944 2138 vestrum

375 2191 528 2229 nosse
554 2166 786 2244 tempora
820 2172 897 2228 vel
931 2181 1212 2240 momenta,
1243 2189 1360 2244 qua:
1389 2172 1530 2228 Deus
1558 2175 1730 2242 posuit
1761 2176 1813 2228 in
1847 2191 1944 2228 sua

375 2274 649 2336 potestate.
698 2263 1022 2335 Nuperrime
1078 2273 1255 2319 tamen
1296 2263 1655 2320 Cunmannus
1692 2263 1945 2320 Flinsba-

377 2355 534 2411 chius
600 2354 786 2430 furore
859 2353 1185 2412 insanientis
1240 2352 1676 2410 Lutheranorum
1719 2353 1942 2412 hazresis

377 2458 556 2513 actus,
592 2446 778 2502 libello
812 2445 880 2502 de
911 2446 1016 2501 hac
1064 2461 1123 2502 re
1170 2445 1320 2502 edito
1365 2454 1598 2502 conatur
1629 2447 1940 2512 ostendere,

374 2538 562 2593 Mundi
612 2537 768 2608 hujus
830 2547 1038 2593 tetatem
1085 2553 1248 2608 supra
1302 2554 1392 2592 sea:
1437 2539 1611 2593 millia
1659 2556 1940 2606 annorum,

378 2637 626 2698 tanquam
674 2638 870 2683 certam
915 2638 964 2683 et
1009 2629 1282 2682 immotam
1334 2639 1546 2694 metam,
1589 2646 1748 2700 quam
1800 2629 1942 2686 Deus

378 2719 592 2788 mundo,
621 2721 843 2788 sapienti
885 2729 932 2774 et
955 2720 1286 2774 inscrutabili
1308 2721 1525 2775 consilio
1553 2721 1938 2789 determinavit,

379 2827 481 2863 non
529 2803 873 2866 excursuram
919 2828 1050 2866 esse.
1081 2810 1282 2866 Deinde
1311 2813 1553 2867 ultimum
1586 2813 1942 2869 millenarium

378 2910 603 2967 sextum,
640 2903 692 2956 in
744 2919 845 2973 quo
889 2919 1025 2957 nunc
1079 2904 1318 2968 vivimus,
1355 2921 1460 2959 non
1498 2907 1809 2976 completum
1850 2907 1939 2963 iri.

381 2995 573 3047 Decem
599 2993 930 3062 conjecturis
975 2995 1111 3049 hinc.
1134 2995 1262 3050 inde
1295 2995 1362 3051 ab
1395 2995 1642 3066 ejusdem
1669 2998 1940 3054 haereseos

1974 1789 2017 1846 Β

2051 537 2105 584 et
2152 533 2374 581 tractat.
2430 522 2508 578 De
2538 523 2795 579 Sabbato.
2855 523 2991 596 Ejus
3062 523 3415 593 conjecturas
3463 517 3612 574 aﬂert

2051 617 2225 672 ltabbi
2274 617 2427 672 lsaac
2475 615 2531 668 in
2573 625 2737 686 caput
2763 615 2962 670 Cenes.
2994 613 3236 671 secundo
3269 625 3337 667 ex
3370 609 3505 664 locis
3533 607 3615 663 di-

2049 710 2188 762 vina:
2221 705 2538 776 Scriptum.
2598 703 2785 760 Tertio
2833 703 3034 759 mirum
3081 710 3168 759 est
3209 707 3478 758 secretum
3513 696 3614 751 hoc

2048 799 2115 851 de
2159 794 2435 850 mundana
2473 793 2763 848 duratione
2790 791 2940 847 omni
2976 790 3185 846 nationi
3215 776 3611 851 absconditum;

2045 886 2213 942 etiam
2259 885 2486 956 angelis,
2522 891 2577 939 ct
2625 881 2767 939 Filio
2810 883 3074 947 hominis,
3106 881 3251 952 quod
3284 895 3352 937 ex
3396 886 3615 937 senten-

2046 979 2119 1030 tia
2146 973 2369 1030 Patrum
2414 982 2467 1029 et
2497 973 2840 1046 expositione
2870 973 3278 1044 intelligendum
3314 979 3420 1035 est,
3447 970 3612 1026 fuisse

2045 1068 2342 1124 revelatum
2394 1066 2545 1132 Elite,
2576 1075 2630 1122 et
2688 1067 2758 1121 ab
2800 1081 2868 1122 eo
2901 1066 3002 1121 toti
3038 1067 3278 1120 humano
3316 1063 3525 1136 generi,
3558 1069 3612 1120 et

2044 1172 2228 1220 tamen
2277 1163 2563 1234 ignorasse
2621 1161 2928 1234 apostolos.
2965 1159 3171 1227 Quarto
3202 1175 3267 1216 ex
3312 1159 3613 1231 Augustino

2044 1259 2101 1312 iu
2127 1256 2471 1313 enarratione
2495 1256 2690 1325 psalm.
2707 1270 2908 1310 Lxxxtx
2924 1271 2938 1309 :
2953 1254 3086 1309 Ausi
3096 1264 3216 1308 sunt
3232 1255 3463 1308 homines
3481 1270 3616 1324 prte-

2043 1366 2248 1405 sumere
2278 1349 2553 1404 scientiam
2605 1357 2912 1418 temporum,
2942 1345 3080 1418 quod
3121 1347 3254 1400 scire
3295 1346 3616 1414 cupientibus

2042 1441 2316 1511 discipulis
2345 1440 2598 1494 Dominus
2631 1440 2749 1495 ait:
2779 1455 2799 1488 ι
2829 1438 2948 1492 Non
2977 1447 3055 1492 est
3076 1447 3300 1492 vestrum
3332 1440 3612 1492 sciretemo

2045 1549 2197 1602 pora,
2225 1549 2340 1603 quw
2363 1531 2527 1586 Pater
2555 1531 2729 1600 posuit
2759 1533 2812 1584 in
2845 1545 2942 1584 sua
2970 1539 3247 1599 potestate,
3275 1549 3294 1582 ι
3320 1539 3369 1584 et
3397 1529 3617 1598 deﬁnie-

2043 1633 2165 1678 r'unt
2212 1625 2308 1677 hoc
2352 1623 2605 1677 smculum
2664 1636 2756 1676 sea:
2785 1637 3043 1674 annorum
3081 1621 3334 1685 millibus,
3365 1630 3615 1688 tanquam

2041 1731 2133 1769 sea:
2159 1714 2338 1769 diebus
2355 1729 2505 1784 posse
2524 1713 2700 1783 ﬁniri;
2723 1727 2814 1766 nec
2859 1711 3194 1766 attenderunt
3238 1709 3374 1780 quod
3413 1709 3614 1763 dictum

2044 1816 2142 1874 est,
2193 1818 2443 1878 tanquam
2488 1805 2598 1860 dies
2647 1821 2804 1868 unus,
2845 1804 2936 1874 qui
2990 1803 3244 1872 pratteriit
3273 1817 3291 1855 .'
3321 1819 3422 1855 non
3469 1803 3611 1855 enim

2043 1897 2251 1969 quando
2283 1898 2378 1952 hoc
2407 1898 2606 1952 dictum
2644 1906 2722 1950 est
2764 1895 2865 1949 soli
2893 1895 3037 1949 mille
3079 1895 3206 1948 anni
3227 1893 3616 1962 prseterierant;

2043 2000 2090 2044 et
2120 1989 2257 2062 quod
2297 2007 2382 2044 eos
2419 1991 2646 2043 maxime
2686 1987 2861 2042 debuit
2898 1985 3197 2049 admonere,
3231 2001 3292 2039 ne
3322 1995 3612 2052 temporum

2045 2083 2348 2137 luderentur
2395 2083 2612 2143 incerto,
2640 2079 2771 2134 illud
2809 2082 2910 2144 est,
2939 2079 3075 2132 sicut
3123 2077 3300 2147 vigilia
3341 2076 3394 2130 in
3436 2087 3616 2140 nocte;

2045 2189 2204 2244 neque
2247 2175 2385 2226 enim
2423 2173 2486 2227 de
2509 2186 2600 2226 sea:
2629 2169 2810 2224 diebus
2842 2167 3043 2239 aliquid
3075 2167 3353 2222 verisimile
3376 2168 3618 2221 videntur

2045 2265 2246 2334 opinati
2264 2272 2474 2335 propter
2503 2277 2594 2315 sex
2621 2261 2732 2314 dies
2757 2260 2978 2329 primos,
3006 2259 3193 2328 quibus
3225 2256 3365 2312 Deus
3396 2257 3618 2327 perfecit

2043 2372 2202 2426 opera
2260 2371 2379 2423 sua,
2412 2355 2487 2408 sic
2516 2354 2676 2408 etiam
2709 2367 2800 2406 sea:
2831 2351 3060 2422 vigilias,
3102 2349 3156 2404 id
3195 2359 3296 2414 est,
3334 2349 3495 2405 horas
3525 2349 3620 2406 de-

2042 2461 2152 2501 cem
2192 2455 2241 2500 et
2287 2455 2401 2499 octo
2445 2457 2671 2512 possunt
2721 2442 2806 2496 illi
2853 2441 3146 2512 opinationi
3183 2451 3449 2510 cooptare.
3481 2441 3620 2498 Vide

2042 2537 2168 2593 item
2197 2537 2542 2595 Ambrosium
2576 2537 2671 2592 lib'.
2714 2551 2790 2590 vtt
2830 2534 3043 2590 Comm.
3073 2535 3128 2589 in
3165 2533 3364 2589 Lucam
3397 2535 3453 2589 in
3483 2533 3618 2590 illud

2044 2630 2300 2691 Mattltaei,
2340 2646 2471 2696 xvu,
2501 2629 2557 2694 2,
2583 2628 2713 2683 Post
2739 2628 2849 2683 dies
2879 2643 2970 2683 sea:
3000 2628 3410 2698 transﬁguratus
3445 2639 3544 2681 est.

2111 2721 2269 2787 lbid.,
2302 2721 2403 2776 lin.
2436 2720 2524 2774 t4.
2575 2719 2698 2772 Ἐπὶ
2739 2718 2808 2772 δὲ
2843 2718 2958 2787 τὴν
2994 2717 3121 2771 τοῦ.
3155 2717 3619 2788 Chronograpbo-

2042 2829 2160 2868 rum
2191 2814 2256 2868 de
2288 2813 2389 2868 hac
2433 2828 2492 2867 re
2542 2821 2596 2868 et
2637 2826 2781 2865 anno
2829 2810 3132 2865 nativitatis
3185 2808 3390 2864 Christi
3447 2813 3622 2865 varia

2042 2906 2259 2961 luerunt
2285 2903 2589 2969 sententiae,
2622 2917 2854 2973 quarum
2876 2902 3169 2955 nonnullas
3197 2900 3252 2955 in
3289 2915 3389 2956 sua
3409 2900 3622 2955 Biblio-

2043 2997 2187 3052 theca
2213 2998 2398 3051 retulit
2423 2995 2608 3051 Sixtus
2635 2994 2913 3050 Senensis.
2931 2993 3042 3049 Nos
3072 2994 3200 3048 item
3224 2992 3292 3046 ad
3325 2993 3616 3048 illustran-

378 3083 705 3157 primatibus
763 3085 970 3155 petitis,
1019 3093 1078 3140 ut
1137 3085 1242 3141 sibi
1283 3085 1502 3143 videtur
1531 3087 1790 3146 ostendit.
1830 3088 1935 3145 Sed
1963 3120 2004 3178 ρ
2040 3091 2164 3145 dum
2208 3089 2352 3145 hunc
2387 3090 2564 3144 locum
2607 3089 2817 3160 aliquas
2846 3087 3224 3157 subjiciemus.
3251 3085 3382 3153 Quae
3429 3094 3620 3142 autem

378 3176 561 3231 omnia
617 3177 825 3248 peregit
863 3185 1059 3248 praeter
1098 3177 1206 3234 hoc
1244 3195 1414 3234 unum
1460 3180 1565 3236 sibi
1596 3185 1935 3253 propositum

380 3268 1094 3335 institutum,insulsissime
1122 3270 1364 3335 enim.et
1384 3271 1746 3344 undequaque
1775 3274 1941 3329 etiam

379 3360 616 3416 inaniter
669 3362 961 3416 occasione
1015 3372 1232 3434 arrepta
1278 3363 1332 3418 in
1373 3362 1674 3420 Ecetesiam
1715 3366 1946 3422 catholi-

378 3465 499 3505 cam
535 3458 730 3521 prmter
751 3466 969 3507 omnem
1000 3452 1222 3507 modum
1245 3459 1300 3509 et
1329 3454 1596 3510 rationem
1623 3455 1942 3527 impiissime

379 3557 578 3611 spurco
623 3541 996 3614 maledicoque
1051 3559 1147 3598 ore
1203 3543 1498 3600 invehitur.
1548 3545 1847 3603 Commune
1887 3547 1944 3602 id

379 3633 657 3697 omnibus,
710 3634 802 3703 qui
857 3633 1086 3689 veritate
1142 3635 1389 3706 neglecta
1438 3635 1562 3692 aliis
1620 3638 1942 3709 copulantur

379 3727 596 3782 vesanis
638 3727 986 3797 opinionibus
1043 3738 1095 3785 et
1142 3731 1444 3786 erroribus.
1483 3729 1670 3800 Itaque
1707 3748 1830 3787 cum
1876 3731 1943 3786 de

382 3835 484 3877 suo
538 3823 671 3876 nihil
731 3823 990 3892 proferat,
1023 3825 1188 3881 habet
1237 3826 1292 3882 id
1342 3828 1506 3883 etiam
1541 3826 1684 3899 quod
1725 3829 1943 3883 aliunde

381 3923 597 3984 arrepta
641 3914 696 3970 in
742 3915 979 3986 pejorem
1016 3920 1342 3974 sententiam
1375 3920 1606 3985 deferat,
1642 3936 1746 3976 nec
1779 3937 1938 3976 unam

380 4007 436 4059 in
467 4013 614 4060 tanta
641 4006 1080 4076 conjecturarum
1128 4010 1314 4067 illuvie
1357 4028 1478 4083 quae
1510 4011 1794 4070 discursus
1827 4013 1940 4067 for-

381 4111 545 4160 mam,
580 4097 664 4152 vel
715 4101 1203 4168 argumentationis
1247 4103 1582 4173 prmseferat,
1617 4104 1673 4158 in
1703 4103 1938 4158 medium

379 4189 554 4245 aliert.
586 4187 716 4259 Ejus
746 4192 1092 4260 conjecturas
1124 4193 1394 4262 refellere,
1426 4210 1526 4249 nec
1561 4194 1806 4259 interest,
1840 4211 1940 4250 nec

383 4283 485 4337 mei
518 4281 754 4337 instituti
777 4297 897 4338 esse
927 4281 1068 4338 duco
1095 4300 1108 4349 ;
1145 4285 1389 4338 ultimam
1420 4293 1600 4340 tamen
1633 4301 1794 4355 quam
1825 4286 1942 4356 ipse

381 4373 624 4430 omnium
665 4373 1107 4443 conjecturarum
1160 4390 1425 4430 summam
1481 4375 1735 4446 appellat,
1781 4377 1943 4430 attin-

2047 3181 2114 3236 de
2161 3181 2262 3236 hac
2305 3196 2364 3235 re
2400 3180 2479 3234 sit
2507 3187 2694 3235 nostra
2735 3181 3007 3234 sententia
3051 3178 3107 3233 in
3145 3179 3214 3233 iis
3250 3194 3368 3248 qua:
3409 3179 3482 3235 de
3511 3181 3624 3234 line

2047 3281 2349 3342 temporum
2381 3272 2490 3344 jam
2522 3286 2798 3342 paramus,
2851 3271 3154 3326 luculenter
3195 3270 3620 3340 explicabimus.

2047 3366 2350 3421 Abraamus
2414 3364 2785 3420 Bucholcerus
2843 3363 2898 3417 in
2959 3361 3181 3434 lsagoge
3230 3361 3625 3428 cbronologica

2048 3459 2202 3532 ponit
2239 3473 2412 3513 annos
2451 3457 2619 3522 5970;
2651 3473 2775 3511 cum
2819 3471 2963 3511 cmm
2994 3470 3260 3510 annorum
3293 3455 3485 3510 mundi
3527 3471 3621 3510 se-

2048 3549 2182 3603 riem
2231 3549 2286 3602 in
2335 3546 2440 3600 tria
2489 3547 2720 3617 partitus
2751 3545 2944 3601 fuisset
2973 3552 3277 3615 temporum
3327 3546 3528 3614 spatia,
3565 3546 3622 3600 in

2047 3641 2223 3711 primo
2274 3639 2524 3695 videlicet
2579 3653 2606 3692 a
2655 3639 2931 3693 creatione
2989 3637 3177 3692 mundi
3232 3636 3298 3691 ad
3350 3639 3622 3707 templum

2051 3733 2360 3786 Salomonis
2414 3737 2700 3785 enumerat
2747 3745 2920 3784 annos
2961 3728 3137 3796 293i;
3202 3731 3258 3783 in
3297 3730 3546 3784 secundo
3593 3748 3624 3781 a

2049 3826 2266 3880 condito
2316 3823 2516 3892 templo
2566 3822 2634 3876 ad
2667 3823 2785 3892 ejus
2821 3820 3233 3890 desolationem,
3265 3831 3319 3877 et
3373 3821 3501 3877 inde
3550 3823 3625 3876 ad

2049 3916 2378 3986 captivitatis
2407 3914 2750 3987 Babylonica:
2797 3915 2958 3968 ﬁnem
2989 3929 3163 3969 annos
3206 3913 3304 3970 50l
3330 3931 3346 3981 ;
3372 3914 3428 3968 in
3455 3915 3627 3970 tertio

2048 4026 2080 4062 a
2127 4011 2230 4064 llne
2276 4008 2610 4079 captivitatis
2643 4007 2985 4078 Babylonica:
3018 4007 3084 4061 ad
3114 4016 3300 4062 natum
3335 4005 3626 4064 Christum

2049 4102 2172 4166 557,
2202 4102 2294 4172 qui
2325 4116 2537 4165 omnes,
2573 4100 2618 4155 si
2649 4100 2810 4154 simul
2832 4111 3139 4164 sumantur,
3160 4100 3503 4156 constituunt
3519 4118 3627 4155 nu—

2051 4209 2257 4250 merum
2287 4182 2623 4248 3970.llisce
2654 4199 2834 4247 autem
2865 4193 3042 4246 tribus
3066 4190 3432 4246 Eusebianam
3457 4192 3628 4247 chro-

2049 4285 2342 4356 nologiam,
2373 4291 2426 4338 et
2455 4284 2684 4338 aliorum
2711 4283 2984 4354 praecipue
3013 4281 3350 4346 Graecorum,
3379 4283 3473 4353 qui
3510 4299 3626 4339 nu-

2049 4390 2321 4432 meroscx
2341 4375 2694 4448 Septuaginta
2722 4377 2953 4429 mutuati
2987 4383 3136 4440 sunt,
3157 4391 3276 4429 cum
3303 4390 3402 4430 sua
3433 4380 3631 4432 conci-

381 4480 522 4534 gam,
544 4471 602 4518 ut
628 4479 695 4520 ex
717 4464 820 4519 hac
849 4465 1018 4522 lector
1057 4473 1111 4522 et
1139 4466 1378 4536 reliquas
1397 4468 1718 4537 dignoscere
1742 4469 1936 4524 valeat.
1973 4476 2017 4535 ο
2044 4469 2159 4535 liat,
2174 4467 2347 4539 primo
2373 4467 2711 4522 correctione
2729 4483 3080 4522 numerorum
3102 4468 3370 4523 versionis
3389 4468 3627 4536 Graecae,

379 4557 502 4611 Jam
522 4557 786 4612 coronidis
811 4559 916 4613 vice
947 4557 1285 4628 subjiciemus
1319 4559 1580 4630 egregium
1597 4561 1731 4614 illud
1748 4560 1946 4615 dictum

380 4648 518 4704 Elia:
552 4649 1014 4720 prophette,quod,
1043 4653 1142 4704 etsi
1170 4651 1225 4704 in
1244 4649 1447 4721 [Bibliis
1476 4668 1731 4722 nusquam
1757 4663 1946 4718 exstet,

382 4752 553 4796 tamen
572 4743 696 4812 quia
720 4743 1041 4810 reliquarum
1055 4742 1286 4796 omniunt
1304 4741 1721 4812 conjecturarum
1741 4759 1948 4798 summa

379 4843 476 4898 est,
495 4849 542 4888 et
558 4835 712 4904 quasi
735 4833 1035 4902 explicatio,
1055 4832 1292 4887 omnibus
1309 4835 1637 4888 notissimum
1652 4851 1762 4889 esse
1776 4834 1944 4900 debet,

386 4936 437 4981 et
465 4927 695 4980 maxime
727 4925 1024 4994 faciendum
1046 4923 1441 4980 est.Se:cmillia
1457 4943 1713 4980 annorum
1743 4929 1943 4992 mundi,

377 5031 426 5072 et
454 5028 632 5086 postea
660 5018 965 5080 destructio,
996 5017 1099 5071 duo
1123 5017 1293 5071 millia
1316 5018 1487 5078 inane,
1513 5017 1617 5071 duo
1642 5018 1811 5071 millia
1841 5018 1944 5082 lex,

378 5107 483 5160 duo
499 5107 663 5161 millia
682 5105 945 5173 Christus,
967 5117 1015 5161 et
1040 5109 1086 5162 si
1111 5108 1235 5178 quid
1251 5123 1314 5162 ex
1333 5109 1414 5162 Itis
1434 5107 1614 5170 deerit,
1634 5107 1798 5162 deerit
1827 5125 1946 5176 pro-

377 5208 490 5269 pter
516 5209 728 5268 peccata
759 5209 940 5254 nostra
967 5215 1083 5269 quae
1107 5216 1296 5271 magna
1325 5210 1374 5255 et
1402 5201 1676 5255 innumera
1699 5210 1841 5255 sunt.
1865 5200 1945 5255 En

379 5289 689 5347 Cunmanni
749 5289 1090 5356 coronidem,
1129 5306 1196 5347 en
1231 5290 1378 5347 dicta
1430 5289 1670 5362 egregia,
1701 5307 1768 5347 en
1818 5306 1946 5362 pro-

381 5383 598 5452 phetam
627 5394 778 5438 extra
821 5379 1161 5451 Seripturas,
1190 5395 1256 5438 en
1283 5396 1575 5447 summam,
1607 5397 1673 5438 en
1703 5383 1938 5452 exp‘iea-

381 5474 607 5539 tionem,
644 5487 766 5545 quae
793 5477 984 5547 quanti
1025 5475 1274 5532 facienda
1309 5475 1381 5530 sit
1410 5473 1732 5530 videbimus.
1760 5473 1944 5529 Primo

381 5563 578 5619 falsum
606 5577 690 5620 est
709 5565 916 5622 dictum
950 5567 1082 5622 illud
1110 5580 1233 5622 esse
1255 5563 1385 5620 Eliae
1408 5563 1683 5620 Thcsbita:
1707 5563 1942 5633 prophe-

379 5663 620 5722 πωπω
660 5659 732 5714 sit
761 5659 1046 5731 cujusdam
1085 5659 1216 5715 Eliae
1258 5658 1471 5714 rabbini
1502 5655 1812 5713 Judaeorum
1851 5670 1944 5710 ca-

384 5751 619 5809 balistici
647 5759 1013 5808 commentum
1037 5751 1090 5807 in
1114 5749 1429 5819 Thalmud.,
1462 5757 1604 5807 tract
1633 5747 1942 5817 Sanedrim,

2047 4560 2244 4617 Cenes.
2296 4576 2330 4613 ν
2379 4569 2431 4614 et
2477 4573 2570 4625 xu;
2607 4559 2850 4614 secundo
2894 4559 3190 4614 emissione
3249 4557 3503 4615 decennii
3567 4562 3630 4617 in

2045 4667 2212 4723 regno
2258 4651 2488 4705 Ammon
2534 4649 2599 4704 ιν
2645 4650 2848 4720 [legum
2899 4667 3008 4718 xit;
3055 4651 3215 4706 tertio
3251 4653 3630 4721 applicatione

2047 4743 2174 4797 anni
2199 4742 2375 4797 ultimi
2393 4742 2726 4813 captivitatis
2743 4741 3084 4814 Babylonica:
3107 4742 3173 4797 ad
3195 4751 3444 4815 tempora
3465 4744 3628 4816 Cyri.

2046 4833 2400 4889 Cunmannus
2423 4833 2814 4889 Flinsbachius
2850 4835 2902 4888 in
2932 4833 3300 4904 chronologite
3327 4835 3630 4892 confirma-

2046 4927 2193 4979 tione
2252 4933 2532 4980 enumerat
2574 4939 2748 4979 annos
2785 4923 2946 4988 5962,
2976 4925 3228 4980 videlicet
3271 4939 3303 4979 a
3337 4928 3631 4982 creatione

2046 5015 2234 5070 mundi
2269 5015 2338 5071 ad
2370 5014 2635 5071 diluvium
2685 5014 2896 5080 1656,a
2939 5016 3148 5070 diluvio
3175 5015 3244 5071 ad
3272 5020 3631 5075 vocationem

2045 5108 2276 5164 Abrahae
2323 5108 2448 5174 567,
2506 5123 2535 5160 a
2588 5112 2875 5164 vocatione
2933 5109 3162 5164 Abrahae
3205 5109 3270 5162 ad
3315 5110 3527 5164 exitum
3558 5107 3633 5165 de

2047 5196 2281 5269 Egypto
2310 5197 2433 5260 450,
2468 5199 2537 5253 ab
2563 5199 2713 5254 exitu
2751 5198 2819 5255 de
2849 5195 3086 5271 Egypto
3121 5198 3189 5253 ad
3231 5196 3495 5255 Davidem
3537 5214 3632 5254 ro-

2045 5309 2165 5364 gem
2213 5295 2338 5359 457,
2382 5309 2413 5348 a
2447 5293 2649 5349 Davide
2699 5292 2768 5349 ad
2816 5296 3188 5365 captivitatem
3231 5293 3631 5364 Babylonii-am

2046 5387 2168 5442 501.
2200 5385 2501 5457 Captivitas
2543 5385 2870 5458 Babylonica
2900 5386 2995 5453 70;
3031 5403 3061 5442 a
3089 5386 3409 5457 captivitate
3449 5386 3637 5458 Baby-

2045 5478 2223 5532 lonica
2251 5493 2424 5548 usque
2454 5476 2521 5533 ad
2555 5476 2834 5533 Christum
2863 5485 3053 5533 natum
3082 5478 3207 5544 50!,
3237 5491 3432 5532 omnes
3460 5478 3636 5532 simul

2044 5566 2205 5622 5962.
2235 5565 2474 5624 Joannes
2503 5566 2781 5625 Funccius
2825 5569 2882 5623 in
2915 5583 3016 5625 sua
3046 5567 3420 5640 Chronologia
3459 5567 3633 5632 5963,

2043 5658 2293 5714 videlicet
2335 5674 2366 5713 a
2414 5661 2692 5715 creatione
2743 5659 2933 5714 mundi
2992 5675 3169 5730 usque
3211 5659 3278 5715 ad
3327 5659 3634 5715 Persaru

2038 5749 2411 5809 monarchiam
2428 5751 2589 5818 5406,
2607 5766 2634 5806 a
2651 5749 2941 5810 Persarum
2964 5752 3279 5809 monarchia
3304 5753 3371 5810 ad
3400 5767 3638 5826 regnum
