3848 6168
278 330 414 386 1009

1286 320 1358 380 IN
1394 302 1770 380 EUS'iArnn
1807 317 2283 379 HEXAEMERON
2324 315 2556 374 nam.

3388 307 3526 364 1010

277 443 592 499 Graecorum
649 445 775 510 post
826 436 1122 493 Alexandri
1167 446 1397 494 mortem
1449 437 1575 502 254,
1619 453 1652 492 a
1697 453 1861 507 regno
1890 443 1934 497 Α
1961 441 2226 502 quuntnr.
2261 427 2435 484 Rabbi
2472 426 2726 481 Nahsson
2771 424 2826 480 in
2855 424 2950 480 lib.
2985 422 3058 479 De
3099 421 3241 493 cyclo
3273 419 3527 475 Paschah'

273 530 587 586 Graecorum
635 542 811 598 usque
862 527 929 581 ad
961 524 1334 583 Romanorum
1379 527 1750 582 monarchiam
1794 534 1848 578 et

271 623 478 682 Christi
527 621 872 678 nativitatem
902 618 1007 674 522
1042 637 1055 674 :
1087 626 1218 674 sunt
1268 619 1398 674 anni
1456 633 1646 675 omnes
1685 620 1849 675 simul

270 717 432 775 5965.
466 713 622 770 Ubbo
675 713 922 768 Emmius
945 711 1155 766 Frisius
1189 711 1246 766 in
1289 710 1642 782 chronologia
1667 721 1720 767 et
1757 727 1850 766 ca-

273 807 435 862 nonis
481 804 730 860 chronici
763 804 1087 874 compendio
1120 803 1443 860 brevissimo
1499 810 1554 859 et
1594 803 1844 874 pleniori,

273 915 448 955 annos
472 896 634 959 5950,
663 896 871 953 scilicet
903 911 933 950 a
960 895 1237 950 creatione
1263 893 1453 950 mundi
1488 895 1555 950 ad
1583 896 1843 950 diluvium

271 1009 452 1049 annos
473 991 631 1054 1657,
658 990 727 1046 ad
749 991 1089 1046 vocationem
1118 989 1346 1044 Abrahae
1364 988 1528 1054 2024,
1550 987 1617 1043 ad
1641 990 1844 1043 exitum

271 1101 339 1142 ex
372 1083 610 1155 Egypto
637 1082 800 1146 2455,
825 1083 893 1137 ad
923 1082 1184 1153 templum
1214 1079 1520 1137 Salomonis
1565 1081 1845 1136 conditum

269 1174 436 1240 2952,
488 1175 554 1229 ad
609 1175 871 1244 templum
906 1174 1142 1229 deletum
1173 1172 1334 1238 5560,
1361 1170 1430 1226 ad
1463 1172 1722 1242 templum
1761 1172 1846 1225 in-

180 1299 198 1312 ~
271 1273 580 1322 stauratum
615 1265 775 1329 5551,
805 1264 872 1320 ad
906 1264 1188 1320 Christum
1220 1264 1273 1320 in
1302 1272 1451 1318 terra
1477 1270 1663 1318 natum
1683 1261 1841 1318 5950.

268 1356 512 1415 Joannes
540 1357 840 1414 Doulaesius
865 1356 1028 1420 5960.
1057 1357 1222 1428 idque
1251 1356 1455 1428 triplici
1492 1358 1579 1410 via
1619 1354 1846 1410 demon-

271 1458 429 1506 strat.
458 1451 639 1506 Prima
673 1452 933 1507 saeculum
981 1450 1218 1506 ethnicis
1252 1451 1498 1520 ignotum
1531 1457 1659 1504 ante
1697 1449 1845 1504 dilu-

269 1543 418 1597 vium
452 1541 612 1606 1657,
654 1557 879 1599 aureum
912 1542 1174 1599 saeculum
1211 1541 1336 1602 249.
1362 1551 1676 1614 argenteum
1716 1541 1840 1605 450,

267 1647 482 1688 aeneum
527 1631 664 1699 448,
713 1641 999 1688 stanneum
1036 1631 1160 1694 427,
1210 1631 1446 1687 ferreum
1493 1632 1620 1694 240,
1669 1633 1844 1702 piunt-

269 1723 432 1779 beum
462 1739 588 1777 cum
623 1721 901 1778 additione
927 1721 1017 1789 46,
1043 1723 1168 1787 510,
1194 1729 1249 1777 et
1288 1723 1392 1778 hoc
1423 1723 1586 1778 modo
1614 1737 1842 1777 consur—

1949 527 2110 590 5740,
2141 525 2317 580 Rabbi
2349 522 2476 578 Levi
2515 522 2570 576 in
2605 537 2682 577 xu
2713 518 2953 574 Danielis
2984 516 3144 581 5781,
3182 513 3353 570 Rabbi
3415 513 3528 567 Mo-

1949 632 2039 674 ses
2061 615 2434 674 Gerundensis
2459 613 2626 675 4058.
2650 614 2868 666 mem
2898 610 2952 666 5.
2973 607 3042 662 Et
3067 607 3261 662 horum
3307 610 3528 660 senten-

1929 709 2054 772 tiae,
2084 709 2164 763 uti
2191 707 2376 762 videre
2405 715 2509 770 est,
2546 703 2798 775 quamvis
2853 701 3040 765 variae,
3077 714 3177 754 nec
3223 697 3526 752 uniformes

1947 800 2222 864 videntur,
2273 804 2456 850 tamen
2514 806 2804 848 numerum
2861 790 3037 860 quinti
3077 785 3369 842 millenarii
3414 798 3526 838 non

1946 890 2241 948 excedunt.
2287 889 2471 942 Altera
2522 893 2606 940 est
2660 899 2871 946 eorum,
2909 881 3004 951 qui
3059 893 3222 950 supra
3272 877 3524 948 quintum

1947 983 2315 1039 millenarium
2367 978 2576 1034 addunt
2629 977 2832 1030 multos
2886 987 3083 1037 annos,
3116 985 3294 1040 neque
3345 978 3527 1023 tamen

1947 1076 2323 1133 consentiunt.
2356 1071 2696 1140 Augustinus
2725 1072 2980 1122 numerat
3011 1079 3186 1119 annos
3216 1062 3350 1119 5551
3381 1080 3395 1128 ;
3429 1061 3528 1118 lsi-

1946 1166 2116 1221 dorus
2156 1181 2189 1218 v
2237 1161 2571 1232 ’Etymolog.,
2625 1156 2786 1217 5210.
2843 1152 3070 1210 OrosiUs
3124 1153 3281 1217 5190,
3334 1150 3527 1207 Alfen-

1945 1274 2042 1314 sns
2070 1255 2233 1317 5984,
2271 1252 2536 1308 Eusebius
2563 1248 2704 1304 idem
2744 1247 2909 1301 sentit
2941 1261 3064 1300 cum
3094 1242 3315 1310 Oresio,
3349 1242 3528 1298 Theo-

1946 1347 2126 1417 philus
2176 1343 2553 1398 Antiochenus
2604 1340 2673 1394 ad
2720 1338 3034 1407 Autolycum
3084 1334 3242 1389 5476.
3309 1331 3528 1387 Nicetas

1946 1439 2038 1493 lib.
2068 1454 2080 1490 ι
2127 1435 2332 1489 llistor.
2365 1449 2485 1503 cap.
2531 1431 2632 1496 10,
2657 1430 2831 1495 5505;
2858 1427 3140 1482 Cedrenus
3165 1424 3326 1488 5506,
3353 1424 3526 1479 6)·ωοί

1945 1529 2104 1598 vulgo
2131 1526 2270 1582 5508
2300 1525 2432 1580 utin
2453 1522 2616 1578 Sexta
2651 1519 2859 1593 synodo
2891 1533 3013 1588 cap.
3043 1519 3099 1572 5.
3130 1518 3187 1570 In
3221 1516 3526 1586 IIoroIOgio,

1943 1629 1997 1676 et
2029 1620 2174 1690 cyclo
2219 1616 2470 1671 Paschali
2524 1612 2856 1670 Nicodamus
2901 1613 2968 1668 de
3017 1609 3424 1665 resurrectione
3474 1616 3529 1662 et

1946 1711 2202 1782 passione
2251 1707 2463 1762 Domini
2510 1721 2640 1760 ann.
2693 1705 2856 1771 5500,
2911 1704 3016 1758 hoc
3059 1708 3146 1757 est
3182 1715 3211 1753 a
3249 1700 3529 1754 creatione

267 1823 406 1886 gunt
454 1815 524 1870 ab
554 1816 688 1870 orbe
715 1815 936 1872 condito
975 1784 1044 1869 ad
1075 1784 1284 1870 Christi
1313 1814 1650 1870 nativitatem
1684 1813 1843 1868 5960.

1949 1802 2078 1855 Ada:
2127 1800 2194 1854 ad
2249 1798 2512 1853 diluvium
2565 1795 2726 1860 2212,
2753 1811 2784 1849 a
2811 1784 3018 1850 diluvio
3054 1807 3228 1863 usque
3254 1793 3321 1846 ad
3354 1791 3528 1847 Abra-

270 1906 553 1970 Secunda,
578 1907 648 1961 ab
677 1907 834 1961 initio
859 1906 1045 1961 saeculi
1075 1906 1142 1960 ad
1173 1905 1438 1960 diluvium
1467 1905 1622 1968 1656,
1652 1919 1682 1957 a
1709 1904 1850 1958 dilu-

272 2000 368 2054 vio
403 1998 470 2053 ad
499 1996 698 2054 Ninum
732 1996 1085 2052 monarcham
1103 1996 1230 2062 249,
1261 2011 1292 2050 a
1321 1995 1460 2051 Nino
1481 1995 1548 2050 ad
1579 1994 1851 2050 Sardana-
1899 2029 1910 2040 ο

269 2089 384 2160 pali
437 2087 601 2144 ﬁnem
649 2086 810 2151 1254,
843 2087 912 2142 ab
963 2086 1175 2141 Arbace
1217 2086 1284 2141 ad
1310 2085 1677 2140 Alexandrum
1732 2083 1847 2138 Ma-

265 2193 438 2252 gnum
482 2179 610 2245 495,
641 2179 707 2232 ab
729 2176 1042 2234 Alexandro
1066 2174 1260 2248 Magno
1291 2175 1358 2230 ad
1387 2175 1547 2230 ﬁnem
1570 2174 1720 2245 regni
1749 2173 1851 2245 Sy-

265 2269 368 2326 riae
402 2269 529 2333 255,
556 2283 588 2323 a
641 2268 801 2340 Syria
865 2279 1118 2339 possessa
1161 2281 1257 2338 per
1286 2265 1563 2321 Romanos
1593 2265 1658 2320 ad
1691 2264 1850 2320 Chri-

265 2369 419 2419 stum
465 2369 652 2416 natum
692 2360 782 2423 91,
816 2368 872 2416 et
919 2361 1001 2416 sic
1033 2360 1162 2415 item
1189 2365 1352 2414 erunt
1383 2357 1545 2415 5960.
1580 2357 1786 2418 Tertia,
1818 2372 1848 2411 a

264 2452 549 2509 creatione
602 2451 793 2507 mundi
853 2451 921 2507 ad
970 2451 1237 2507 diluvium
1283 2448 1498 2516 1656,ο
1539 2449 1744 2504 diluvio
1782 2449 1850 2503 ad

263 2544 596 2616 coinplelam
646 2543 714 2598 15
755 2543 1064 2616 dynastiam
1106 2542 1236 2608 292,
1295 2544 1350 2598 in
1385 2542 1451 2597 16
1503 2550 1556 2597 et
1591 2543 1846 2613 “dyna-

266 2636 380 2693 stia
410 2635 553 2700 295,
592 2636 644 2690 in
679 2636 746 2691 18
789 2637 1010 2708 dynast.
1058 2635 1198 2700 548,
1251 2634 1306 2689 in
1375 2635 1438 2688 l9
1479 2635 1698 2708 dynast.
1727 2634 1848 2697 194,

267 2729 330 2786 in
380 2730 738 2800 sequentibus
771 2744 867 2785 sex
895 2728 1164 2800 dynastiis
1192 2727 1320 2790 489,
1355 2743 1385 2782 a
1410 2726 1479 2782 26
1528 2727 1746 2800 dynast.
1782 2726 1849 2780 ad

263 2821 482 2878 obitum
518 2821 812 2877 Alexandri
843 2820 969 2887 569,
1001 2835 1032 2874 a
1057 2827 1233 2876 morte
1259 2818 1554 2874 Alexandri
1587 2817 1654 2872 ad
1686 2815 1849 2872 Clu-i—

264 2920 418 2974 stum
446 2912 571 2980 519,
600 2921 662 2969 et
686 2913 766 2970 sic
817 2913 946 2968 item
989 2912 1280 2967 constituit
1309 2911 1380 2967 ab
1401 2910 1626 2966 exordio
1661 2909 1848 2963 mundi

266 2999 342 3056 ad
371 2999 648 3062 Christum
695 3000 856 3057 5960.
901 3000 1182 3058 Gilbertus
1230 3001 1640 3062 Genehrardus.
1673 3000 1766 3054 lib.
1807 3016 1846 3059 ι,

263 3100 326 3188 et
360 3093 414 3188 in
449 3092 553 3149 ﬁne
586 3093 684 3188 lib.
706 3094 987 3188 711.4090.
1013 3093 1087 3188 ab
1113 3093 1486 3188 orbescilicet
1515 3092 1738 3148 condito
1775 3091 1841 3146 ad
1877 3130 1920 3188 ο

266 3183 576 3241 eluvionem
594 3185 746 3251 1656,
761 3185 878 3242 dies
897 3201 1022 3251 sex;
1043 3187 1110 3242 ab
1124 3187 1372 3242 eluvione
1396 3187 1463 3242 ad
1485 3196 1661 3242 ortum
1679 3188 1854 3242 Abra-

267 3275 420 3332 hami
472 3275 600 3344 295,
631 3277 750 3334 dies
803 3277 901 3346 10;
952 3278 1021 3332 ab
1052 3265 1344 3332 Abrahami
1390 3284 1538 3342 ortu,
1565 3277 1631 3332 ad
1658 3289 1849 3348 egres-

267 3367 484 3424 sionem
512 3367 883 3425 lsraelitarum
907 3384 975 3423 ex
1005 3367 1244 3439 Egypto
1270 3367 1396 3431 720,
1425 3367 1492 3423 ab
1517 3381 1746 3440 egressu
1782 3366 1850 3420 ad

262 3457 418 3531 jacta
451 3459 640 3530 templi
671 3459 1028 3515 fundamenta
1055 3459 1180 3522 480,
1201 3474 1230 3513 a
1259 3459 1630 3514 fundamentis
1659 3458 1846 3529 templi

266 3546 340 3603 ad
363 3548 729 3619 captivitatem
749 3548 1132 3621 Babylonicam
1149 3549 1274 3613 419,
1301 3563 1516 3605 menses
1539 3549 1592 3613 6,
1613 3563 1644 3604 a
1675 3550 1851 3620 Baby-

269 3639 455 3696 lonica
493 3641 809 3710 captivitate
840 3642 908 3696 ad
938 3641 1220 3696 Christum
1261 3648 1446 3696 natum
1481 3640 1606 3697 520.
1641 3637 1843 3696 Omnes

275 3739 413 3788 sunt
465 3731 623 3787 4089.
649 3731 706 3787 Si
759 3732 928 3789 addas
955 3733 1072 3788 dies
1103 3741 1157 3789 et
1186 3747 1422 3796 menses,
1459 3731 1564 3787 erit
1591 3731 1850 3787 nativitas

270 3819 481 3878 Christi
525 3836 670 3877 anno
707 3821 869 3878 4090.
903 3820 1143 3877 Joannes
1167 3819 1433 3893 Georgius
1466 3819 1763 3876 llervartus
1792 3819 1849 3873 in

271 3930 377 3974 sua
426 3930 590 3981 nova,
619 3924 674 3972 et
704 3915 772 3970 ad
801 3915 1076 3970 calculum
1123 3914 1551 3970 astronomicum
1578 3919 1848 3969 revocatas

269 4006 643 4079 cbronologiaa
699 4021 822 4078 cap.
879 4007 914 4062 5
957 4015 1011 4062 et
1060 4004 1188 4073 264,
1229 4011 1421 4061 exacto
1475 4017 1615 4058 anno
1659 4002 1847 4058 mundi

269 4099 416 4157 5955
457 4097 893 4154 lncarnationem
966 4097 1178 4153 Domini
1241 4096 1416 4152 nostri
1461 4093 1591 4152 Jesu
1641 4094 1846 4150 Christi

270 4193 450 4265 ponit,
478 4191 625 4262 quod
651 4205 723 4246 ne
769 4190 976 4262 absque
1013 4189 1226 4245 ratione
1261 4204 1508 4244 asserere
1546 4185 1844 4251 videretur,

270 4285 558 4339 sententia:
615 4298 729 4338 sua:
781 4281 1135 4338 fundamenta
1199 4280 1361 4351 jccit,
1401 4287 1454 4335 et
1500 4280 1555 4334 in
1607 4278 1843 4334 medium

273 4376 482 4431 attulit.
518 4373 782 4430 Numeret
810 4372 953 4428 enim
982 4387 1104 4428 cum
1137 4371 1258 4426 aliis
1292 4387 1358 4426 cx
1389 4370 1711 4425 auctoritate
1745 4367 1848 4422 He-

1951 1892 2075 1946 ham
2105 1889 2232 1954 912,
2273 1890 2344 1945 ab
2371 1889 2645 1943 Abraham
2675 1887 2743 1942 ad
2776 1885 3012 1957 Moysem
3040 1885 3166 1948 450,
3192 1901 3222 1940 a
3249 1882 3431 1956 Moyse
3460 1884 3526 1938 ad

1951 1983 2120 2038 David
2171 1997 2355 2052 regem
2397 1978 2520 2045 510,
2549 1994 2579 2033 a
2635 1977 2840 2033 Davide
2879 1977 2947 2033 ad
2993 1976 3528 2048 transmigrationem

1951 2075 2245 2147 Babylonis
2275 2075 2400 2138 500,
2436 2088 2467 2127 a
2504 2071 3008 2142 transmigratione,
3045 2085 3216 2141 usque
3249 2069 3315 2124 ad
3348 2068 3533 2123 incar-

1949 2169 2224 2223 nationem
2252 2165 2456 2221 Christi
2493 2163 2630 2228 500;
2661 2163 2753 2233 qui
2783 2177 2973 2216 omnes
3002 2170 3126 2216 sunt
3156 2161 3314 2216 5500.
3361 2159 3530 2216 Chro-

1953 2261 2106 2314 nicon
2147 2256 2569 2313 Alexandrinum
2622 2253 2763 2309 5507
2787 2293 2803 2319 ,
2847 2252 3188 2324 Nicephorus
3219 2251 3529 2324 patriarcha

1948 2349 2584 2420 Constantinopolitanus
2614 2347 2772 2403 5500.
2815 2347 2966 2414 Quos
3001 2347 3076 2401 ita
3126 2346 3370 2418 colligit:
3394 2347 3527 2398 Συν-

1951 2443 2171 2513 άγονται
2225 2441 2294 2496 τὰ
2333 2441 2428 2511 ἔτη
2471 2438 2643 2502 οὕτως
2699 2440 2775 2503 ὡς
2813 2439 3172 2493 ὑποτέτακται
3205 2437 3312 2491 ἀπὸ
3358 2436 3530 2507 ’Δδὰμ

1948 2535 2054 2598 ἕως
2100 2531 2195 2586 τοῦ
2245 2530 2633 2602 κατακλυσμοῦ
2670 2529 2864 2600 ,βσμβ’,
2900 2529 3006 2581 ἀπὸ
3043 2528 3100 2582 δὲ
3135 2525 3228 2580 τοῦ
3261 2526 3530 2580 κατακλυ-

1951 2625 2089 2698 σμοῦ
2123 2624 2228 2688 ἕως
2259 2623 2468 2695 πύργου
2498 2621 2726 2694 Νευρὼο
2776 2620 2870 2692 ἔτη
2915 2621 3031 2688 φκε⁹
3051 2637 3064 2650 ·
3093 2619 3201 2674 ἀπὸ
3225 2620 3283 2673 δὲ
3316 2619 3530 2691 πύργου

1948 2717 2054 2781 ἕως
2087 2716 2193 2770 τῶν
2225 2715 2676 2788 διχοτομημάτων
2715 2715 2966 2788 Ἀϐραὰμ
3003 2713 3099 2783 ἐτη
3144 2711 3288 2766 exs“
3326 2713 3435 2766 ἀπὸ
3471 2713 3530 2765 δι

1950 2810 2058 2863 τῶν
2109 2809 2563 2880 διχοτομημάτων
2614 2808 2720 2873 ἕως
2771 2808 2864 2861 τοῦ
2920 2807 3101 2870 τέλους
3143 2803 3392 2876 Ἀϐραὰμ
3431 2804 3527 2875 ἔτη

1949 2901 2055 2966 ος’,
2085 2901 2218 2972 ὁμοῦ
2245 2900 2367 2972 ἔτη,
2397 2901 2594 2973 ,γσξηη
2629 2901 2737 2954 ἀπὸ
2763 2900 2820 2954 δὲ
2855 2897 2948 2952 τοῦ
2999 2896 3249 2968 Ἀϐραὰμ
3284 2896 3390 2959 ἕως
3432 2895 3530 2966 τῆς

1949 2991 2130 3056 ἐξόδου
2162 2989 2271 3044 τῶν
2301 2989 2430 3044 υἱῶν
2481 2990 2694 3064 Ἰσραὴλ
2725 2989 2817 3062 ἔτη
2853 2989 2962 3042 uit"
2995 2988 3102 3041 ἀπὸ
3131 2987 3186 3042 δὲ
3215 2987 3317 3058 τῆς
3349 2986 3528 3053 ἐξόδου

1950 3083 2054 3147 ἕως
2073 3083 2170 3154 τῆς
2192 3083 2476 3154 οἰκοδομῆς
2500 3083 2650 3136 οἴκου
2680 3081 2887 3154 Κυρίου
2915 3081 3008 3153 ἔτη
3043 3079 3161 3150 ψνξ¹
3177 3097 3190 3110 ·
3219 3080 3327 3134 ἀπὸ
3351 3079 3407 3132 δὲ
3431 3079 3531 3149 τῆς

1952 3174 2238 3245 οἰκοδομῆς
2277 3174 2370 3228 τοῦ
2403 3173 2535 3228 ναοῦ
2569 3174 2675 3237 ἕως
2712 3175 2811 3245 τῆς
2843 3173 3221 3244 αἰχμαλωσίας
3251 3171 3345 3244 ἔτη
3394 3173 3532 3239 υκε’,

1951 3265 2085 3336 ὁμοῦ
2116 3263 2207 3338 ἔτη
2244 3265 2407 3332 ,δωπ’.
2446 3267 2579 3319 ’Λπδ
2610 3267 2665 3319 δὲ
2699 3266 2798 3335 τῆς
2833 3266 3208 3337 αἰχμαλωσίας
3226 3266 3331 3330 ἕως
3353 3265 3535 3330 Ἀλεξ-

1952 3355 2141 3427 άνδρου
2189 3356 2282 3428 ἔτη
2333 3357 2468 3429 un"
2509 3358 2614 3410 ἀπὸ
2644 3357 2701 3410 δὲ
2737 3357 2832 3410 τοῦ
2883 3357 3231 3429 Ἀλεξάνδρου
3277 3355 3381 3420 ἓως
3421 3357 3532 3410 τῶν

1949 3449 2155 3520 χρόνων
2179 3449 2354 3520 Ἰησοῦ
2377 3449 2469 3504 τοῦ
2488 3449 2693 3521 Κυρίου
2717 3452 2748 3519 ἡ
2757 3448 2871 3519 μῶν
2894 3448 2988 3520 ἔτη
3013 3456 3115 3517 τγ¹,
3143 3447 3277 3519 ὁμοῦ
3297 3449 3389 3521 ἔτη
3410 3449 3538 3519 ,ecp"

1951 3539 2088 3596 Vide
2121 3541 2389 3612 Argyrum
2437 3542 2489 3595 in
2543 3539 2704 3611 Cyclo
2743 3539 3017 3605 Paschali,
3046 3550 3100 3595 et
3145 3542 3304 3596 alios.
3335 3539 3532 3595 Noster

1951 3630 2271 3690 Eustathius
2324 3635 2483 3692 5551.
2521 3633 2639 3701 Qua
2691 3641 2873 3688 autem
2923 3634 2976 3688 id
3028 3635 3240 3690 ratione
3275 3633 3529 3697 aﬂlrmat,

1949 3744 2222 3800 exponere
2251 3729 2489 3785 breviter
2519 3729 2744 3784 minime
2783 3728 2898 3785 ﬁerl
2928 3736 3124 3799 potest,
3152 3743 3276 3783 cum
3313 3735 3367 3784 et
3387 3729 3540 3788 vitas.

1948 3829 2162 3890 patrum
2215 3827 2341 3876 ante
2395 3819 2660 3874 diluvium
2699 3828 2753 3875 et
2795 3828 2919 3890 post
2957 3821 3272 3876 examinare
3314 3820 3540 3878 diiﬁcile

1950 3912 2043 3978 sit,
2074 3921 2128 3967 et
2159 3927 2345 3984 regum
2391 3909 2544 3968 Juda:
2591 3913 2932 3983 aliorumque
2981 3929 3155 3970 annos
3197 3921 3253 3970 et
3299 3914 3533 3971 interre-

1949 4017 2052 4074 gna
2077 4002 2411 4074 distinguere
2441 4003 2666 4059 minime
2694 4004 2764 4058 sit
2793 4003 2958 4074 hujus
2989 4006 3212 4076 negotii,
3242 4014 3296 4060 et
3322 4005 3542 4066 laboris.

1949 4094 2126 4159 multi,
2181 4102 2232 4149 et
2285 4095 2576 4166 scripturae
2632 4096 2894 4168 indigeat,
2931 4113 2996 4153 ne
3052 4097 3254 4153 lusisse
3305 4112 3530 4168 operam

1947 4185 2279 4242 videremur.
2330 4185 2699 4245 Reservamus
2750 4200 2933 4244 tamen
2986 4189 3153 4255 hujus
3205 4189 3538 4261 quazstionis.

1947 4281 2386 4351 explicationem,
2451 4281 2506 4334 in
2542 4280 2682 4336 libro
2713 4287 2926 4346 nostro,
2979 4297 3140 4352 quem
3169 4281 3422 4352 superius
3454 4282 3547 4336 οἱ-.

1947 4373 2208 4427 tavimus.
2239 4369 2477 4429 Inventze
2497 4380 2626 4430 sunt
2646 4373 2808 4428 etiam
2832 4372 2951 4428 duae
2976 4373 3328 4430 collectiones
3357 4387 3531 4426 anno-

273 4465 468 4522 braica
496 4464 566 4518 ab
596 4465 806 4519 Adamo
827 4462 896 4520 ad
927 4462 1190 4517 diluvium
1227 4476 1402 4516 annos
1439 4459 1594 4514 1656.
1618 4459 1746 4514 Inde
1779 4459 1846 4514 ad
1879 4467 1924 4523 D
1952 4482 2071 4522 rum
2091 4468 2497 4538 manuscriptae,
2527 4466 2694 4521 altera
2725 4480 2789 4518 cx
2814 4461 3145 4517 Marcelliani
3164 4459 3540 4516 ehronicitine

273 4556 649 4613 Abrahamum
703 4555 830 4621 292,
878 4553 1074 4611 exinde
1103 4553 1169 4608 ad
1209 4551 1464 4607 Davidem
1504 4551 1629 4615 942,
1659 4551 1851 4620 adca—

272 4650 580 4730 ptivitatem
609 4648 714 4704 475
733 4658 938 4720 ,ιοιίιιιο
967 4645 1164 4702 exinde
1192 4643 1259 4698 ad
1288 4643 1568 4698 Christum
1596 4643 1721 4698 589.
1747 4641 1850 4708 Qui

271 4745 332 4799 in
367 4758 537 4799 unum
577 4742 792 4798 collecti
821 4746 951 4797 sunt
979 4737 1120 4795 5952
1156 4756 1169 4792 :
1200 4736 1402 4808 quibus
1437 4735 1484 4790 si
1515 4744 1627 4790 tres
1674 4749 1849 4790 annos

272 4834 566 4905 adieceris,
621 4841 747 4905 post
801 4846 942 4903 quos
996 4828 1239 4902 vulgaris
1285 4826 1490 4884 Christi
1526 4827 1732 4898 epocha
1766 4827 1852 4882 in-

271 4925 471 4984 choata
519 4924 625 4980 fuit
666 4940 764 4997 per
805 4923 870 4982 D.
902 4922 1313 4994 Hieronymum,
1337 4926 1500 4977 erunt
1531 4919 1661 4974 anni
1687 4919 1849 4980 5955.

271 5023 558 5078 Annorum
589 5019 716 5074 item
754 5017 947 5074 seriem
979 5015 1048 5071 ab
1070 5015 1200 5070 orbe
1235 5013 1456 5069 condito
1482 5012 1548 5067 ad
1573 5011 1851 5068 Christum

273 5118 462 5168 natum
492 5109 662 5166 habes
698 5109 755 5164 in
800 5105 1059 5164 Chronico
1085 5103 1357 5169 Carionis,
1388 5118 1548 5174 quem
1591 5103 1734 5157 vide.
1790 5099 1854 5154 Et

270 5215 344 5258 ex
374 5199 616 5256 Hebraeis
641 5199 770 5256 Baal
792 5197 962 5255 Seder
996 5196 1175 5263 Olam,
1206 5209 1236 5248 a
1265 5193 1454 5249 mundi
1479 5192 1754 5249 creatione
1783 5189 1852 5246 ad

273 5292 618 5349 eversionem
659 5289 847 5363 templi
883 5289 988 5345 sub
1018 5285 1360 5358 Vespasiane
1405 5291 1619 5340 tantum
1656 5297 1852 5338 nume-

273 5391 364 5440 rat
389 5398 564 5441 annos
600 5383 763 5448 5888,
798 5382 850 5438 id
896 5388 983 5438 est
1018 5379 1086 5437 ad
1125 5378 1404 5434 Christum
1453 5386 1639 5432 natum
1688 5375 1849 5431 5757.

275 5473 514 5532 Bahbini
549 5475 880 5532 recentiores
911 5471 979 5528 ad
1006 5480 1194 5528 natum
1225 5470 1505 5529 Christum
1536 5483 1664 5522 ann.
1686 5465 1849 5528 5760,

276 5582 496 5624 menses
530 5567 584 5624 4.
624 5567 779 5625 Unde
806 5575 1036 5641 quartus
1064 5564 1252 5621 mundi
1281 5561 1625 5620 millenarius
1663 5560 1732 5615 ab
1768 5559 1850 5616 eis

279 5672 425 5715 anno
461 5658 673 5716 Domini
723 5661 830 5716 240
890 5659 1202 5728 confertur;
1250 5657 1475 5728 quintus
1539 5655 1595 5710 in
1644 5669 1849 5709 annum

195 5789 204 5796 .
283 5749 443 5816 1240,
481 5758 534 5808 et
587 5753 656 5809 ita
695 5753 952 5834 deinceps
983 5752 1126 5822 quod
1161 5749 1321 5816 hodie
1356 5749 1516 5822 “1‘6"
1553 5745 1723 5803 δι’δτυί
1757 5759 1890 5839 δυ’,

1951 4562 2020 4620 ab
2067 4560 2237 4615 Adam
2297 4575 2471 4630 usque
2505 4559 2572 4613 ad
2621 4556 2885 4612 diluvium
2917 4555 3046 4610 anni
3077 4551 3239 4616 2242,
3267 4565 3296 4606 a
3321 4550 3542 4607 diluvio.

1952 4669 2125 4725 usque
2156 4655 2224 4707 ad
2250 4652 2522 4706 Abraham
2559 4650 2684 4704 anni
2708 4649 2831 4713 942,
2858 4648 2927 4703 ab
2951 4644 3227 4701 Abraham
3263 4659 3438 4714 usque
3461 4644 3530 4698 ad

1953 4746 2267 4817 passionem
2304 4743 2519 4797 Domini
2549 4741 2676 4797 anni
2704 4739 2867 4806 2244,
2901 4754 2930 4792 a
2964 4735 3135 4791 Roma
3167 4749 3294 4792 vero
3310 4734 3529 4790 condita

1950 4847 2122 4902 usque
2160 4830 2227 4887 ad
2260 4829 2475 4886 Domini
2508 4828 2800 4885 adventum
2835 4827 2963 4882 anni
3017 4825 3140 4890 752,
3186 4840 3218 4880 a
3273 4823 3528 4896 passione

1949 4921 2163 4977 Domini
2197 4938 2371 4993 usque
2400 4921 2468 4976 ad
2493 4921 2840 4977 consulatum
2868 4917 3138 4973 Eustathii
3171 4918 3299 4972 anni
3325 4916 3448 4979 594,
3474 4925 3528 4971 et

1949 5030 2123 5086 usque
2155 5016 2220 5070 ad
2249 5015 2596 5070 consulatum
2640 5011 2750 5068 DN.
2781 5011 3077 5066 Theodosii
3107 5027 3197 5078 xv,
3239 5010 3368 5064 anni
3399 5008 3524 5066 409.

1950 5107 2115 5163 Fiunt
2147 5108 2218 5163 ab
2254 5109 2426 5163 Adam
2461 5123 2638 5178 usque
2673 5106 2740 5160 ad
2770 5123 2861 5160 xiv
2901 5103 3147 5159 Valentis
3197 5118 3423 5166 annum,
3473 5103 3527 5157 id

1949 5208 2055 5265 est,
2087 5216 2261 5271 usque
2319 5200 2386 5256 ad
2438 5199 2783 5255 consulatum
2816 5198 2935 5267 ejus
2971 5207 3023 5252 et
3062 5195 3433 5252 Valentiniani
3464 5212 3525 5258 ιι,

1950 5306 2140 5346 omnes
2166 5289 2292 5346 anni
2321 5291 2718 5354 45579;altera
2735 5305 2797 5346 ex
2828 5287 3122 5344 Eusebiani
3150 5287 3399 5343 chronici
3421 5289 3526 5342 line

1951 5381 2021 5436 ab
2047 5380 2182 5437 urbe
2211 5380 2431 5436 condita
2461 5382 2564 5437 sub
2592 5382 2812 5453 regibus
2843 5381 2970 5435 anni
3000 5380 3125 5444 240,
3155 5378 3256 5434 sub
3284 5377 3525 5433 consuli~

1949 5473 2052 5529 bus
2089 5472 2218 5528 anni
2248 5472 2371 5538 464,
2401 5473 2504 5529 sub
2535 5473 2794 5544 Augustis
2815 5480 2869 5528 et
2894 5471 3202 5527 Cresaribus
3236 5470 3362 5524 anni
3397 5469 3523 5535 495,

1953 5564 2290 5634 colliguntur
2317 5579 2507 5620 omnes
2535 5565 2663 5619 anni
2689 5579 2864 5636 usque
2895 5563 2962 5618 ad
2979 5563 3322 5620 consulatum
3347 5560 3521 5617 Theo-

1949 5657 2086 5712 desii
2109 5655 2351 5712 Junioris
2372 5673 2529 5720 xvm,
2548 5669 2598 5712 et
2624 5655 2987 5712 Valentiniani
3010 5655 3249 5712 Junioris
3271 5653 3520 5709 Placidia:

1951 5746 2043 5801 ﬁlii
2095 5763 2160 5812 vv,
2202 5744 2777 5820 Angusternm,ll97.
2825 5744 2901 5798 Ah
2924 5743 3191 5809 Abraham
3229 5757 3400 5817 usque
3452 5738 3536 5801 ad;
