3848 6168
324 300 465 391 iuu
1739 318 1993 375 LEONIS
2026 318 2301 377 ALLATII
3442 335 3593 396 1012

334 439 550 501 tempus
570 405 1017 509 suprascriptum
1046 437 1174 490 anni
1212 437 1374 502 2515,
1415 451 1443 490 a
1478 436 1685 494 diluvio
1735 456 1905 510 usque

2016 440 2164 513 θάρᾳ
2188 440 2265 513 τῷ
2305 442 2471 513 πατρὶ
2515 441 2784 513 Ἀϐραὰμ,
2815 443 3121 500 ἐθανάτωσε
3154 448 3246 504 τὸν
3279 451 3391 506 υἱὸν
3421 457 3593 512 αὐτοῦ

333 521 405 577 ad
440 522 715 577 Abraham
743 522 872 576 anni
904 521 1027 586 842,
1059 524 1126 578 ab
1150 523 1321 578 Adam
1350 539 1525 594 usque
1553 526 1619 580 ad
1647 525 1905 580 diluvium

2016 533 2105 586 τὸν
2132 534 2333 605 τρίτον,
2362 533 2420 588 ὃν
2451 534 2591 606 ὑπὲρ
2622 535 2748 598 τοὺς
2772 533 2966 603 ἄλλους
3003 539 3212 610 ἠγάπα,
3251 544 3335 598 ἵνα
3358 545 3387 598 ὁ
3407 549 3594 624 πατὴρ

331 615 459 668 anni
505 614 669 677 2242,
723 614 859 669 ﬁunt
910 615 979 669 ab
1032 614 1202 669 Adam
1257 632 1434 686 usque
1468 617 1523 671 in
1567 621 1905 674 consulatum

2016 625 2345 698 σωφρονίσῃ,
2385 626 2479 679 καὶ
2532 626 2633 681 οὐκ
2680 628 3036 700 ἐσωφρόνισε.
3096 632 3298 688 Ἐποίει
3338 638 3443 711 γὰρ
3493 614 3591 696 καὶ

330 707 623 763 Theodosii
661 707 906 763 Junioris
958 723 1092 761 xvm
1153 715 1209 763 et
1256 707 1622 764 Valentiniani
1661 709 1905 767 Placidia

2016 715 2207 769 εἴδωλα
2253 715 2346 769 καὶ
2388 715 2587 771 ἐπώλει
2627 720 2741 782 τοῖς
2783 719 3209 797 εἰδωλολάτραις.
3255 707 3489 801 Ἐπὲστη
3529 732 3593 786 δὲ

332 797 429 852 ﬁlii
454 798 695 868 junioris
720 801 899 855 sexies
936 814 1127 855 omnes
1169 798 1300 853 anni
1343 798 1503 854 5645.
1533 800 1916 857 Animadverte

329 896 511 943 tamen
556 888 611 942 in
650 904 801 942 num.
845 890 913 942 ab
959 889 1229 943 Abraham
1265 905 1438 959 usque
1480 890 1546 944 ad
1578 898 1793 961 tempus
1820 906 1915 945 su-

330 978 695 1049 prascriptum
710 978 844 1033 anni
860 978 999 1033 2595
1020 977 1370 1049 [κιοεοιιεν],
1390 993 1453 1031 ex
1463 986 1664 1049 puncto
1678 980 1850 1035 [tertio
1872 980 1913 1034 (Σ

331 1069 386 1123 in
413 1071 659 1139 margine
711 1072 1016 1126 recentiore
1059 1085 1222 1126 manu
1265 1073 1571 1142 appositum
1604 1071 1771 1130 fuisse
1808 1091 1915 1130 nu-

330 1177 538 1218 merum
580 1148 741 1216 istum
766 1161 927 1216 2295.

399 1252 518 1309 Col.
548 1252 673 1308 760.
692 1254 787 1307 lin.
823 1252 908 1306 12.
940 1255 1057 1308 Υἱοὶ
1088 1253 1156 1307 δὲ
1175 1254 1454 1323 ἐγένοντο
1474 1255 1571 1321 τῷ.
1603 1256 1870 1312 Eusebius
1897 1274 1910 1308 :

342 1343 609 1416 Ἀραὸὼδ,
652 1345 743 1414 ἀφ’
780 1338 839 1397 οὗ
875 1346 1144 1417 Ἀραὸες’
1190 1345 1459 1419 Ἰδουρὰμ,
1504 1349 1597 1418 ἀφ’
1635 1341 1695 1401 οὗ
1725 1350 1918 1419 Καμή-

330 1433 463 1497 λιοι·
500 1438 661 1509 Δέρα,
690 1439 783 1508 ἀφ’
814 1432 873 1492 οὗ
908 1439 1112 1510 Μῆδοι·
1163 1438 1341 1503 ’Ῐεζία,
1385 1441 1477 1510 ἀφ’
1508 1433 1567 1493 οὗ
1617 1441 1914 1512 Ἀριαδνοί·

330 1525 570 1598 Δεκλὰμ,
609 1529 701 1596 ἀφ’
736 1523 796 1581 οὗ
828 1526 1174 1600 Κεδρούσιοι’
1215 1527 1408 1600 Γεϐὴλ,
1457 1530 1549 1599 ἀφ’
1589 1522 1649 1582 οὗ
1679 1529 1913 1584 Σκύθαιο

342 1617 627 1689 ’Δ6ιμεὴλ.
663 1620 755 1688 ἀφ’
788 1613 848 1671 οὗ
880 1619 1135 1691 Ὑρκανοί
1159 1637 1171 1649 ·
1222 1619 1424 1686 Σαϐὰτ,
1462 1623 1556 1690 ἀφ’
1578 1613 1638 1674 οὗ
1682 1622 1918 1692 ’Ἄραϐες

2011 807 2132 860 τότε
2159 810 2187 861 ὁ
2215 808 2347 862 αἰὼν
2362 811 2441 873 είς
2469 810 2717 882 είκοστὴν
2741 813 2933 880 γενεὰν
2956 813 3052 885 ἔτη
3078 816 3237 886 ,βτλϐ⁹
3254 817 3413 889 (alius
3437 822 3592 890 cod.,

2014 898 2175 970 ⁴γσλὸ¹
2207 894 2347 971 ἦσαν
2385 899 2611 971 λοιπὸν),
2645 904 2739 956 καὶ
2769 903 2941 969 οὐδεὶς
2983 905 3201 961 πώποτε
3238 910 3346 964 τῶν
3380 915 3596 983 οπροτέ-

2016 1007 2124 1061 ρων
2149 990 2449 1062 ἀνθρώπων
2476 994 2581 1063 πρὸ
2610 994 2816 1066 πατρὸς
2844 996 2960 1061 υἱὸς
2984 998 3266 1065 ἐτελεύτα,
3296 1002 3343 1055 εί
3373 1001 3448 1075 μὴ
3478 1005 3595 1059 Λά-

2017 1084 2160 1152 μεχὸ
2183 1083 2298 1146 υἱὸς
2324 1083 2419 1136 τοῦ
2448 1084 2777 1140 Μαθουσάλα
2796 1088 2890 1140 καὶ⁵
2915 1087 3289 1163 θαυμάσασαὴ
3321 1093 3459 1161 θεία,
3476 1105 3589 1150 etc.

2014 1173 2176 1229 Errat
2207 1174 2592 1255 Genebrardus
2642 1195 2708 1234 ex
2744 1179 2912 1235 Suida
2948 1182 3016 1238 de
3047 1181 3388 1241 Tharaidem
3428 1188 3593 1242 colli-

2015 1281 2149 1337 gens
2173 1284 2186 1333 ;
2213 1267 2414 1322 etenim
2442 1268 2488 1323 si
2519 1276 2722 1325 attente
2751 1268 2933 1327 Suidte
2955 1273 3121 1328 verba
3144 1275 3589 1344 considerentur,

2015 1359 2104 1412 illa
2139 1376 2151 1412 :
2188 1354 2294 1412 Ἦν
2325 1358 2433 1431 γὰρ
2477 1361 2945 1431 ἀγαλματοποιὸς,
2988 1365 3095 1419 ἀπὸ
3133 1366 3400 1439 διαφόρων
3444 1369 3595 1425 ὑλῶν

2015 1452 2229 1514 εἰκόνας
2248 1450 2633 1523 ἐργαζόμενος,
2671 1454 2766 1507 καὶ
2794 1454 2968 1523 λέγων
2994 1455 3215 1521 τούτους
3243 1455 3380 1512 εἶναι
3407 1459 3591 1526 θεοὺς,

2015 1543 2108 1595 καὶ
2140 1542 2374 1611 ὀφείλειν
2398 1543 2818 1615 προσκυνεῖσθαι
2850 1545 2924 1608 ὡς
2953 1547 3158 1603 αἰτίους
3197 1547 3305 1601 τῶν
3332 1548 3556 1618 ἀγαθῶν
3573 1591 3592 1614 ,

2015 1651 2125 1689 non
2171 1636 2237 1690 ad
2273 1633 2452 1690 Thare
2504 1635 2801 1691 Abrahami
2851 1645 3081 1708 patrem,
3131 1640 3224 1695 sed
3269 1641 3331 1694 ad
3376 1640 3593 1696 Seruch

342 1708 554 1763 ‘IVGGN'
605 1710 790 1779 Ούὴρ,
859 1710 952 1779 ἀφ’
1030 1705 1090 1764 οὗ
1132 1711 1454 1779 Οὐαρναῖοι·
1504 1712 1671 1784 Εύὴν,
1724 1713 1816 1782 ἀφ’
1855 1706 1905 1765 οἶ

2023 1728 2315 1796 pertinent,
2342 1737 2401 1782 ut
2425 1743 2488 1783 ex
2520 1728 2642 1798 ipso
2671 1736 2822 1783 textu
2848 1705 3196 1785 manifestum
3220 1741 3324 1796 cst,
3358 1735 3597 1805 aliisque

330 1797 791 1870 Γυμνοσοφισταί.
831 1800 1129 1856 Chronicon
1154 1801 1574 1857 Alexandrinum
1604 1819 1622 1857 :
1658 1803 1905 1876 Euppt‘ub,

2022 1791 2340 1874 auctoribus
2392 1791 2652 1875 facillimo
2695 1821 2916 1890 negotio
2952 1822 3170 1891 probari
3219 1791 3438 1893 posset,
3495 1791 3597 1897 qui

333 1889 395 1956 ἐξ
432 1885 493 1946 οὗ
528 1892 766 1962 ’Ἀραδες
789 1909 801 1921 ·
844 1892 1048 1963 Ίαρὰχ,
1083 1893 1141 1959 ἐξ
1181 1886 1240 1946 οὗ
1285 1893 1583 1964 Κάμπλιοι,
1613 1894 1780 1947 οἱκαὶ
1808 1895 1917 1946 Χα-

332 1983 573 2036 ναναῖοιο
630 1982 876 2055 Ὀδόρρα,
925 1983 984 2049 ἐξ
1027 1976 1087 2037 οὗ
1152 1984 1422 2057 Ἀρῤιανοὶ
1469 1986 1563 2038 καὶ
1606 1984 1916 2056 Φερεζαῖον
1959 2012 1968 2021 ο

334 2072 527 2137 Δεκλά,
564 2073 626 2139 ἐξ
651 2069 712 2128 οὗ
747 2076 1087 2148 Κεδρούσιοι,
1115 2077 1164 2129 οἱ
1204 2077 1298 2130 καὶ
1345 2077 1694 2148 Ἀμορῤαἶοι·
1728 2074 1914 2146 Αίζὴλ,

335 2165 395 2232 ἐξ
448 2160 508 2221 οὗ
562 2166 836 2237 Ὑρκανοὶ,
893 2171 940 2221 οἱ
998 2169 1092 2222 καὶ¹
1142 2169 1359 2221 Εὐαῖοι·
1407 2166 1685 2238 Ἀὁιμεὴλ,
1746 2167 1804 2233 ἐξ
1857 2164 1917 2222 οὗ

334 2249 557 2315 Σκύθαι,
596 2255 645 2305 οἱ
686 2253 779 2305 καὶ
822 2254 1173 2327 Γεργεσαῖοι·
1217 2254 1421 2321 Σαϐαὖ,
1474 2254 1534 2321 ἐξ
1584 2251 1645 2311 οὗ
1684 2256 1918 2327 Ἀραὸες

336 2340 595 2414 ὲσώτεροι
616 2361 628 2373 ·
680 2344 886 2415 Ὀφεὶρ,
910 2344 968 2410 ἐξ
993 2341 1051 2400 οὗ
1094 2346 1387 2418 Ἀρμένιοι.

409 2433 572 2497 Ibid.,
601 2436 702 2489 iin.
745 2435 837 2489 22.
886 2438 988 2491 Ἐν
1018 2437 1086 2491 δὲ
1123 2437 1248 2504 τοῖς
1292 2439 1552 2508 χρόνοις.
1586 2434 1918 2508 Epiphanius

334 2524 391 2578 in
420 2526 687 2596 principio
713 2528 896 2597 cperis
928 2528 1075 2597 quod
1104 2529 1324 2600 scripsit
1342 2530 1607 2585 adversus
1656 2531 1913 2599 haereses,

334 2613 493 2670 docet
530 2623 776 2686 tempore
812 2618 1025 2672 Saruch
1057 2619 1294 2689 coepisse
1351 2621 1495 2675 inter
1521 2619 1771 2677 homines
1800 2620 1918 2676 ido-

334 2702 699 2769 dololatriam,
736 2714 790 2761 et
827 2708 974 2762 illius
999 2709 1341 2779 temporibus
1362 2709 1532 2774 multa
1560 2711 1761 2781 templa
1786 2726 1918 2765 con-

336 2801 543 2847 structa
568 2792 762 2859 fuisse,
794 2804 850 2850 et
878 2797 1099 2867 quidam
1121 2798 1363 2869 gentium
1404 2799 1684 2869 principes
1715 2800 1915 2856 adora-

338 2893 440 2937 tos.
474 2881 754 2943 Manasses
786 2888 842 2941 in
872 2888 1063 2942 Annal.
1085 2904 1103 2941 :

347 3002 663 3080 ξῌιςτεῦᾷενς
688 3007 1082 3080 παρηνόμησε
1122 3009 1188 3061 τὸ
1222 3008 1396 3080 γένος
1420 3007 1538 3063 τῶν
1567 3011 1910 3080 ἀνθρώπων,

336 3070 445 3150 {iul
468 3072 618 3150 πρὸς
631 3070 937 3150 dabo—pave
951 3070 1171 3150 ἐόλεψε
1186 3070 1431 3147 πράξεις
1445 3079 1545 3133 καὶ
1560 3070 1854 3150 βδεῖλυρια

335 3143 597 3217 ,ξφ-αγᾲς,
633 3143 1071 3217 ἀνδροκτασίας
1099 3143 1190 3214 τε,
1215 3143 1458 3216 έρόνουξι,
1487 3143 1838 3217 ἀκολασίας.

343 3210 474 3291 ᾌᾴξς
508 3210 802 3291 ἁρπαγαῖς
828 3210 1529 3291 ὑπέκαιρογλέτέρπόντο
1550 3210 1861 3291 μοιχειαὶς,

475 3280 691 3357 grtiam?
716 3280 1081 3357 ἐπετῄδὲῖυοὶ·
1108 3280 1379 3343 ἐπίνοιαν
1416 3280 1646 3357 κακίας.

351 3351 748 3429 ςξλζῄσζευον,
778 3351 1120 3429 διήρπαζον,
1155 3357 1468 3421 ἔκλεπτον,
1500 3351 1840 3429 ἐμοὶχῶντο,

335 3422 448 3497 ζςαι
478 3424 821 3497 redeuntia?
847 3422 1117 3497 ἔϐλεψαν
1141 3429 1290 3495 πρὸς
1324 3422 1835 3497 εῶωλοζῑαὲῥείαν.

337 3492 563 3579 Σεροὺχ
585 3493 652 3547 δὲ
681 3492 912 3562 πρῶτος
944 3492 1464 3566 ᾕρξατοχρἦθαι
1494 3492 1785 3639 γλυΙάετοιζὲτἶ
1814 3500 1915 3554 καὶ

342 3630 411 3639 __
462 3630 487 3639 Α
644 3629 666 3639 _
758 3635 770 3639 _
851 3637 859 3639 Α
1147 3636 1169 3639 Α,
1268 3637 1285 3639 _
1500 3638 1507 3639 ί
1626 3586 1709 3622 στ·
1787 3586 1910 3638 αις,

444 3572 451 3579 '
1602 3572 1611 3625 I
1626 3572 1849 3625 στῆλαι

342 3630 592 3699 Ὄγδοος
629 3629 714 3686 ὧν
739 3635 1037 3704 ἀπόγονος
1067 3636 1174 3690 τοῦ
1202 3637 1327 3691 Νῶε
1349 3639 1453 3692 τοῦ
1486 3593 1910 3693 δικώλῗένωια

340 3741 577 3797 Suidas:
613 3744 816 3816 Σεροὺχ
856 3738 1011 3809 οὗτος
1062 3748 1357 3818 κατάγεται
1385 3751 1448 3803 ὲκ
1488 3751 1585 3820 τῆς
1624 3750 1795 3822 φυλῆς
1818 3751 1911 3805 τοῦ

351 3831 562 3899 Ἰαφὲτ,
618 3827 712 3886 καὶ
762 3835 870 3888 άπὸ
917 3836 1104 3891 τούτου
1155 3839 1355 3910 ἤρξατο
1402 3841 1434 3911 ἡ
1483 3839 1907 3911 εἰδωλολατρεία.

352 3922 704 3993 Ἐδογμάτισε
746 3926 854 3998 γὰρ
881 3928 1050 3981 είκόσι
1083 3930 1175 3982 καὶ
1218 3930 1464 4002 ἀνδριάσι
1492 3930 1747 4002 τιμᾶσθαι
1785 3930 1912 3993 τοὺς

340 4013 508 4069 πάλαι
549 4016 996 4088 ἀριστεύσαντας,
1032 4020 1127 4074 καὶ
1164 4021 1427 4092 τιμᾶσθαι
1466 4022 1542 4085 ὡς
1586 4022 1910 4094 εὐεργέτας’

339 4104 438 4158 καὶ
464 4103 621 4157 τοῦτο
653 4108 998 4180 ἐπεκράτησε
1029 4110 1189 4181 μέχρι
1226 4110 1334 4164 τῶν
1360 4111 1563 4183 χρόνων
1595 4111 1785 4183 9άρρα
1818 4112 1913 4165 τοῦ

339 4195 831 4268 πατρὸς-Ἀϐραάμ.
847 4198 1085 4269 Hujusce
1106 4209 1285 4257 autem
1301 4204 1502 4258 erroris
1523 4218 1587 4259 ea
1607 4218 1770 4260 causa
1789 4204 1912 4258 fuit.

342 4286 552 4342 Seruch
600 4288 861 4344 honorem
905 4291 1103 4361 priscis
1146 4292 1399 4349 deferens
1434 4301 1695 4364 tanquam
1730 4310 1912 4348 rerum

338 4377 729 4447 praeclararum
772 4381 1170 4447 inventoribus,
1202 4384 1257 4437 in
1308 4385 1605 4453 praeliando
1653 4384 1910 4451 fortibus,

2017 1908 2131 1963 hmc
2157 1909 2342 1963 eadem
2373 1908 2438 1961 de
2470 1908 2703 1973 Seruch,
2728 1926 2839 1964 non
2874 1911 2941 1966 de
2968 1910 3146 1966 Thara
3177 1913 3418 1968 tradunt.

2086 1999 2245 2062 lbid.,
2274 2000 2371 2056 lin.
2402 1999 2491 2055 29.
2536 2002 2596 2054 '0
2633 2001 2703 2054 δὲ
2743 2001 2923 2072 Ἀρὰμ
2961 2002 3240 2060 ἀπέθανε.
3281 2004 3553 2076 Josepbus
3576 2049 3595 2074 ,

2017 2093 2274 2162 Antiquit.
2314 2092 2404 2145 lib.
2436 2109 2473 2156 I,
2515 2107 2633 2163 cap.
2671 2092 2734 2146 7:
2770 2093 3048 2167 Ἅϐραμος
3074 2096 3129 2149 δὲ
3159 2092 3304 2169 εἶχεν
3327 2098 3599 2169 ἀδελφοὺς

2016 2185 2287 2259 Ναχώρην
2313 2186 2405 2240 καὶ
2451 2186 2702 2259 Ἀράνην.
2739 2187 2955 2242 Τούτων
3004 2190 3235 2263 Ἀράνης
3266 2193 3384 2264 μὲν,
3419 2211 3600 2248 κατα-

2016 2276 2186 2330 λιπὼν
2212 2276 2323 2330 υἱὸν
2361 2276 2562 2341 Λῶτον,
2595 2278 2688 2330 καὶ
2723 2279 2902 2350 Σάραν
2928 2280 3023 2333 καὶ
3045 2279 3329 2351 Μελχανὰν
3367 2282 3602 2353 θυγατέ-

2018 2386 2138 2442 ρας,
2170 2369 2228 2420 ὲν
2257 2367 2541 2432 Χαλδαίοις
2565 2368 2835 2424 ἀπέθανεν
2867 2371 2926 2424 ὲν
2952 2371 3103 2426 πόλει
3144 2373 3290 2446 Οΰρῃ
3323 2374 3603 2451 λεγομένῃ

2015 2459 2123 2515 τῶν
2147 2460 2446 2514 Χαλδαίων.
2471 2461 2581 2513 Καὶ
2607 2462 2775 2529 τάφος
2800 2463 2963 2517 αὐτοῦ
2988 2465 3147 2535 μέχρι
3171 2465 3267 2519 νῦν
3293 2466 3594 2521 δείκνυται.

2017 2551 2225 2607 Hebraei
2264 2551 2506 2613 tradunt,
2539 2559 2593 2605 et
2617 2552 2784 2607 refert
2817 2552 3182 2626 Hieronymus
3218 2556 3273 2611 in
3310 2555 3598 2613 Hebraicis

2018 2643 2389 2698 traditionibus
2417 2645 2469 2698 in
2497 2642 2652 2709 Gen.,
2674 2645 2947 2700 Abraham
2965 2646 3021 2701 in
3053 2648 3272 2718 regione
3302 2648 3601 2705 Chaldaeo-

2018 2752 2138 2790 rum
2178 2737 2233 2790 in
2267 2736 2446 2806 ignem
2479 2736 2730 2799 missum,
2763 2738 2889 2807 quia
2921 2738 3098 2808 ignem
3138 2739 3366 2795 adorare
3392 2741 3599 2797 nolue-

2014 2830 2108 2896 rit,
2136 2845 2300 2901 quem
2323 2828 2561 2884 Chaldaei
2595 2829 2803 2893 colunt,
2835 2837 2890 2884 et
2920 2827 3012 2885 Dei
3045 2830 3247 2885 auxilio
3274 2830 3595 2899 liberatum,

2016 2922 2084 2977 de
2112 2921 2435 2977 idololatriae
2480 2919 2604 2991 igne
2631 2919 2960 2992 profugisse.
3001 2921 3167 2976 Aram
3211 2937 3430 2994 quoque
3460 2924 3596 2994 quia

2018 3003 2270 3071 similiter
2303 3022 2358 3071 et
2383 3015 2499 3085 ipse
2528 3014 2707 3084 ignem
2741 3014 2967 3070 adorare
2991 3014 3180 3081 nollet,
3206 3016 3261 3070 in
3284 3015 3407 3088 igne
3432 3016 3601 3071 Chal-

1856 3102 1910 3149 9"
1940 3126 1981 3181 (;
2016 3108 2254 3163 deorum
2276 3108 2515 3177 positum
2541 3106 2795 3162 incendio
2814 3113 3197 3177 consumptum
3220 3106 3410 3163 fuisse.
3435 3107 3596 3162 Hanc

2014 3200 2363 3255 traditionem
2380 3198 2741 3271 Hieronymus
2770 3198 2931 3253 modo
2947 3201 3162 3254 vocavit
3188 3214 3394 3257 veram.
3424 3199 3599 3256 modo

2015 3291 2275 3345 fabulam.
2308 3288 2512 3345 Paulus
2546 3289 2841 3361 Burgensis
2879 3289 3196 3345 testimonio
3227 3287 3402 3345 Habbi
3435 3290 3595 3363 Moy-

2014 3379 2093 3434 sis
2128 3379 2501 3434 liberationem
2536 3379 2769 3434 Abrahae
2809 3377 2903 3433 Dei
2942 3378 3208 3434 beneﬂcio
3239 3380 3594 3436 subsecutam

2013 3470 2089 3524 ita
2114 3479 2336 3525 enarrat
2367 3490 2381 3526 :
2418 3469 2589 3525 Rabbi
2635 3472 2812 3542 itaque
2841 3470 3052 3542 Moyses
3097 3472 3152 3525 in
3181 3473 3313 3526 libro
3336 3472 3414 3528 De
3446 3473 3597 3529 dirc-

2011 3542 2180 3616 ctioue
2196 3563 2585 3643 perplexorum,
2623 3564 2719 3629 ait,
2752 3564 2805 3621 in
2830 3562 3057 3635 quodam
3088 3563 3221 3619 libro
3258 3564 3322 3619 de
3353 3566 3593 3635 agricul-

2014 3661 2133 3706 tura
2164 3652 2489 3724 ngyptiaca
2531 3657 2767 3719 narrari,
2799 3656 3055 3726 insignem
3083 3656 3361 3726 quemdam
3391 3659 3591 3726 virum,

2011 3746 2219 3799 nomine
2246 3746 2536 3813 Abraham,
2570 3747 2773 3816 publice
2810 3748 3128 3823 disceptasse
3158 3766 3275 3802 cum
3319 3750 3592 3805 idolorum

2011 3832 2319 3898 cultoribus,
2339 3834 2681 3903 afﬁrmantem
2707 3853 2809 3890 non
2836 3853 2947 3891 esse
2972 3842 3139 3911 ignem
3156 3854 3251 3908 pro
3277 3838 3383 3894 Deo
3409 3841 3586 3894 colen-

2010 3918 2137 3972 dum
2161 3937 2180 3973 :
2210 3923 2429 3975 veritum
2457 3933 2631 3977 autem
2675 3941 2863 3995 regem,
2896 3943 2959 3980 ne
2998 3944 3097 3980 sua
3132 3927 3225 3981 ille
3265 3931 3592 3985 auctoritate

2011 4022 2060 4065 et
2088 4013 2325 4067 oratione
2350 4015 2601 4084 populum
2622 4016 2801 4071 abillo
2825 4018 2971 4071 cultu
3001 4029 3273 4084 averteret,
3295 4020 3593 4077 detrusisse

2012 4118 2129 4156 eum
2181 4105 2237 4157 in
2287 4121 2590 4159 carcerem:
2624 4116 2674 4160 et
2719 4108 3003 4176 spoliatum
3048 4110 3195 4165 bonis
3237 4111 3479 4166 omnibus
3519 4128 3592 4166 ex

2014 4194 2158 4246 omni
2182 4193 2379 4249 ditione
2407 4212 2506 4250 sua
2552 4202 2950 4254 exterminasse.
3000 4199 3178 4257 Causa
3218 4217 3349 4256 vero
3384 4203 3590 4259 mortis

2013 4282 2200 4349 Aram,
2232 4300 2353 4355 quae
2381 4287 2470 4340 hic
2509 4290 2822 4358 exponitur,
2859 4299 2913 4345 et
2951 4292 3132 4347 verior
3154 4302 3208 4347 et
3245 4292 3592 4357 probabilior

2015 4377 2145 4431 mihi
2175 4377 2410 4435 videtur.
2443 4379 2651 4450 lnjuste
2682 4383 2826 4436 enim
2850 4399 2971 4437 cum
3006 4383 3169 4437 Aram
3204 4394 3384 4439 actum
3408 4392 3586 4443 esset.

338 4477 395 4525 et
420 4478 676 4540 tanquam
718 4473 1000 4541 sapientiae
1039 4474 1187 4538 belli,
1232 4475 1541 4545 artiumque
1580 4476 1792 4545 peritis,
1838 4476 1905 4530 ad

2016 4466 2058 4520 si
2091 4480 2189 4534 pro
2220 4481 2350 4521 vero
2394 4466 2486 4523 Dei
2516 4470 2667 4523 cultu
2705 4471 2871 4525 vitam
2895 4471 3146 4527 hostibus
3177 4471 3272 4526 Dei
3320 4473 3434 4541 igni
3471 4481 3593 4524 tra-

337 4564 558 4619 virtutis
586 4565 836 4634 gloriam,
877 4574 931 4619 et
961 4566 1345 4621 beneﬁciorum
1380 4568 1689 4622 memoriam
1717 4567 1907 4638 imagi-

340 4672 461 4721 nes,
488 4658 804 4717 simulacra.
829 4658 1221 4733 columnasque
1246 4661 1582 4727 exstruebat,
1613 4660 1759 4731 quod
1782 4675 1905 4715 cum

338 4763 449 4801 non
485 4747 847 4819 intelligerent
873 4748 1099 4813 posteri,
1132 4759 1340 4805 statuas
1367 4752 1488 4807 illas
1512 4751 1784 4807 inanimas
1806 4766 1906 4806 ceu

340 4839 470 4893 deos
507 4837 816 4908 coluerunt,
848 4847 903 4895 et
940 4840 1213 4910 sculptilia
1242 4841 1558 4907 adorarunt,
1576 4841 1910 4897 veneraban-

339 4936 429 4983 tur
455 4946 547 4984 eos
589 4939 846 4999 tanquam
878 4932 1101 4986 numina
1133 4947 1271 5002 quos
1305 4940 1498 4987 statuae
1542 4934 1649 4988 illa:
1678 4933 1907 4989 simula-

337 5035 542 5089 craque
567 5022 1048 5090 reprtcsentabant.
1085 5024 1215 5077 Inde
1241 5023 1586 5094 peregrinum
1616 5023 1683 5077 ad
1702 5025 1910 5078 cultum

338 5111 591 5167 homines
613 5111 902 5184 deﬂexere,
933 5128 1214 5183 novosque
1240 5115 1377 5169 alios
1408 5116 1461 5168 iu
1495 5115 1613 5170 dies
1633 5116 1910 5185 excogita-

337 5212 490 5264 ruul,
519 5219 656 5283 quos
678 5204 993 5258 adorarent.
1018 5205 1096 5258 lta
1128 5206 1346 5272 Suidas,
1371 5205 1727 5278 Epiphanius,
1754 5208 1911 5264 Chro-

337 5295 493 5349 aioon
526 5293 970 5358 Aiexandrinum,
1005 5296 1303 5358 Manasses.
1334 5309 1388 5353 et
1419 5299 1534 5357 alii.

410 5388 571 5451 lbid.,
598 5388 694 5441 lin.
721 5387 811 5444 27.
844 5387 1055 5459 Ναχὼρ
1078 5388 1145 5442 δὲ
1160 5391 1470 5460 ἐγέννησε.
1496 5390 1706 5447 Hebraei
1728 5391 1784 5446 in
1808 5390 1911 5446 Be-

340 5480 496 5534 rescit
527 5478 796 5535 aliirmant
835 5479 1036 5543 Tbare,
1072 5483 1418 5551 statuarium,
1449 5483 1717 5538 idolorum
1759 5484 1911 5539 licto-

340 5588 476 5640 rem,
503 5579 557 5625 et
583 5572 944 5627 venditorem.
976 5572 1179 5629 Eadem
1208 5574 1371 5629 habet
1406 5582 1462 5631 et
1487 5575 1909 5645 Cbristopborus

340 5660 651 5730 patriarcha
686 5661 1118 5730 Alexandrinus,
1162 5666 1440 5722 oratione:
1477 5667 1594 5721 Τίνι
1635 5666 1910 5737 ὁμοιοῦται

343 5753 372 5805 ὁ
404 5751 739 5825 ἀνθρώπινος
787 5754 936 5824 βίος;
987 5757 1094 5809 Καὶ
1150 5758 1255 5827 γὰρ
1287 5759 1372 5812 ὅτε
1419 5758 1660 5831 ὠργίσθη
1704 5761 1733 5812 ὁ
1780 5759 1911 5826 Θεὸς

2011 4556 2243 4611 dendam
2276 4560 2643 4615 committeret
2683 4564 2929 4632 exemplo
2957 4563 3155 4620 ductus
3194 4563 3449 4629 Abrahae,
3484 4579 3591 4621 nec

2012 4655 2193 4702 tamen
2225 4663 2256 4703 a
2289 4647 2525 4706 ﬂammis
2546 4650 2654 4707 illis
2686 4651 3031 4708 liberaretur.
3059 4653 3237 4721 Dices,
3267 4654 3389 4711 ideo
3426 4655 3590 4711 illum

2010 4739 2426 4809 inflammatum,
2456 4743 2586 4813 quia
2607 4743 2797 4799 doloso
2820 4746 3002 4800 animo
3027 4761 3128 4801 nec
3152 4762 3279 4803 vere
3298 4749 3388 4818 pio
3415 4748 3589 4804 simili

2010 4834 2254 4901 periculo
2288 4849 2347 4889 se
2379 4836 2653 4906 opposuit.
2688 4835 2823 4901 Quis
2876 4837 2932 4891 in
2972 4845 3082 4892 tam
3124 4840 3338 4910 urgenti
3380 4848 3437 4896 et
3469 4841 3591 4896 evi-

2010 4924 2156 4980 denti
2188 4925 2428 4993 pcriculo
2461 4926 2631 4983 libere
2672 4943 2731 4983 se
2774 4943 3052 4999 exponens
3091 4938 3281 4985 contra
3321 4929 3517 4995 Deum,
3554 4948 3588 4986 a

2012 5033 2120 5086 quo
2150 5018 2410 5072 auxilium
2445 5033 2606 5074 omne
2634 5026 2935 5089 exspectat,
2962 5022 3106 5076 malo
3144 5023 3328 5077 animo
3361 5024 3590 5094 ageret?

2011 5107 2126 5163 Hoc
2153 5124 2285 5164 sane
2305 5118 2451 5165 esset
2477 5110 2534 5164 in
2560 5125 2719 5165 suum
2742 5119 2906 5181 caput
2926 5113 3126 5167 malum
3159 5122 3502 5181 convertere,
3526 5123 3587 5171 et

2012 5203 2245 5271 pugione
2275 5202 2378 5257 sibi
2410 5211 2635 5259 mortem
2664 5203 3007 5259 manifestam
3040 5207 3401 5262 consciscere.

2079 5292 2237 5359 um,
2270 5296 2367 5351 lin.
2401 5294 2488 5350 δι.
2524 5296 2795 5367 Γαμοῦσι
2824 5296 2892 5350 δὲ
2932 5297 3057 5364 τάς.
3102 5298 3337 5365 Quidam
3384 5303 3583 5357 existi-

2011 5395 2231 5441 marunt
2279 5386 2470 5443 Saratn
2507 5405 2752 5446 sororem
2782 5389 2953 5446 fuisse
2977 5392 3209 5449 Abraha:
3237 5394 3430 5450 eadem
3466 5410 3584 5450 ma-

2011 5487 2098 5535 tre
2146 5479 2444 5552 eodemque
2481 5489 2637 5553 patre
2680 5484 2934 5553 genitam.
2967 5487 3219 5542 Clemens
3259 5487 3585 5544 Alexaner

2011 5587 2138 5634 nus,
2188 5572 2282 5627 lib.
2331 5588 2370 5629 ιι
2416 5572 2652 5641 Strom.,
2685 5575 2997 5646 Cajetanus,
3032 5576 3219 5640 Sotus,
3274 5579 3371 5632 lib.
3412 5595 3452 5633 ιι
3502 5577 3585 5635 De

2005 5665 2219 5734 justitia
2244 5676 2294 5720 et
2312 5668 2438 5737 jure
2454 5708 2469 5734 ,
2489 5665 2850 5740 Hieronymus
2867 5669 3262 5724 Traditionibus
3291 5671 3347 5723 in
3364 5668 3581 5733 σοντες..

2012 5755 2264 5819 videntur
2281 5740 2461 5830 aliquo
2479 5758 2637 5815 modo
2655 5758 2778 5815 huic
2793 5759 3035 5835 Opinioni
3052 5759 3226 5815 allinia
3243 5748 3581 5817 dicere.‘Alit
