3848 6168
257 238 399 295 1013

1304 242 1372 298 ΙΝ
1404 244 1780 303 EUSTATHH
1817 247 2292 305 HEKAEMERON
2322 251 2550 309 ΝΟΤᾸΞ.

3357 257 3495 313 1014

248 357 445 413 dicunt
472 373 599 413 cum
640 367 831 415 nostro
882 351 1169 416 Eusmuﬁo
1216 360 1407 418 Saram
1455 364 1624 421 fuisse
1668 364 1830 420 filiam

1936 369 2153 442 Πατέρα
2168 370 2277 424 τῶν
2289 369 2424 425 ὅλων
2439 370 2668 442 ἡγητέον
2682 371 3044 443 προσηνέχθαι
3068 374 3176 437 τοῖς
3192 372 3298 444 πρὸ
3319 374 3492 445 ήμῶν.

248 450 418 504 Aram
453 449 644 507 fratris
675 450 928 519 Abrahae,
959 466 1254 524 veramque
1285 469 1529 512 sororem
1563 455 1684 513 Lot.
1718 457 1826 511 Ha-

250 543 348 596 bet
384 540 749 614 Augustinus,
780 544 882 599 lib.
920 560 1038 600 xxu
1082 546 1345 602 Adversus
1384 545 1668 614 Faustum,
1704 562 1825 618 cap.

250 636 358 702 55;
394 633 615 705 Ioseph.
661 636 757 694 lib.
806 653 822 691 ι
863 636 1072 709 Antiq.,
1103 646 1158 695 et
1195 639 1510 696 Gennadius
1551 638 1743 696 Caten.
1773 640 1830 694 in

251 722 441 781 Cenes.
468 744 486 780 :
533 726 783 800 ’Δϐραὰμ
811 728 890 793 δὲ,
924 730 1080 800 φησὶ,
1123 731 1218 783 καὶ
1250 728 1454 802 Ναχὼρ
1486 729 1673 785 ἔλαϐον
1710 731 1833 786 ἑαυ-

246 816 367 877 τοῖς
412 816 707 882 γυναῖκας’
766 816 858 870 καὶ
901 812 970 889 ἦν
1023 817 1192 890 ὄνομα
1231 822 1297 890 τῇ
1336 820 1554 889 γυναικὶ
1604 820 1702 892 μὲν
1736 808 1829 876 τοῦ

234 902 518 974 ’Ἀϐραὰμ
558 904 727 978 Σάρα,
760 904 853 959 τοῦ
895 906 1097 979 Ναχὼρ
1151 907 1209 961 δὲ
1241 910 1308 979 τῇ
1343 909 1567 978 γυναικὶ
1614 908 1825 980 Μελχὰ,

249 996 378 1065 ἥτις
397 990 466 1067 ἦν
497 996 739 1070 θυγάτηρ
769 998 861 1053 καὶ
898 999 1034 1071 αὐτὴ
1067 999 1163 1054 τοῦ
1207 1000 1442 1072 ’Δῤῥάμ.
1477 1001 1551 1057 Ού
1586 1002 1744 1072 μόνον
1772 1001 1829 1055 δὲ

249 1088 366 1160 ἄρα
403 1089 586 1160 πατὴρ
611 1084 680 1161 ῆν
712 1091 741 1143 6
785 1089 1000 1163 Ἀρρἀμ
1036 1092 1134 1163 τῆς
1164 1091 1404 1162 Μελχᾶς,
1444 1091 1582 1146 ἀλλὰ
1611 1091 1829 1161 καὶτῆς

265 1182 463 1252 Ἶεσχά.
496 1184 654 1237 Ὥστε
696 1185 855 1256 δῆλον
887 1187 1077 1259 ὅτιπερ
1107 1187 1136 1241 ὅ
1163 1205 1224 1240 τε
1266 1187 1516 1259 Ἀϐραὰμ
1544 1188 1635 1242 καὶ
1658 1190 1686 1242 6
1714 1188 1820 1241 Να-

250 1272 394 1345 χὼρ,
418 1275 569 1339 ὄντες
589 1277 693 1330 υἱοὶ
719 1277 816 1348 μὲν
842 1277 938 1332 τοῦ
971 1278 1180 1351 Θάρρα,
1214 1278 1307 1333 τοῦ
1345 1280 1402 1333 δὲ
1441 1280 1655 1353 Ἀρῤὰμ
1684 1278 1831 1333 ἀδελ-

250 1364 369 1434 φοι,
405 1364 705 1439 θυγατέρας
730 1366 823 1421 τοῦ
852 1370 1081 1439 ἀδελφοῦ
1120 1371 1298 1424 αὐτῶν
1325 1370 1418 1424 τοῦ
1468 1372 1700 1443 Ἀρράμ,
1738 1372 1832 1425 καὶ

249 1456 492 1526 ἀδελφὰς
537 1459 673 1531 πρὸς
720 1461 896 1532 γάμον
942 1463 1231 1533 ἠγάγοντο,
1274 1463 1373 1534 τὴν
1406 1462 1628 1534 Μελχὰν
1678 1463 1774 1534 μὲν
1804 1465 1834 1516 6

248 1548 479 1622 Ναχὼρ,
520 1553 549 1604 6
587 1552 645 1605 δὲ
695 1553 944 1626 Ἀϐραὰμ
986 1553 1084 1626 τὴν
1127 1554 1329 1627 Σάραν.
1379 1553 1610 1611 Dubium
1650 1561 1831 1609 tamen

1929 462 2049 515 Ἔτι
2069 462 2178 535 γὰρ
2198 465 2227 517 6
2239 462 2440 534 κόσμος
2456 461 2752 535 ἀνθρώπων
2768 463 3083 536 ἀπλήρωτος
3097 462 3191 532 ὢν,
3208 464 3283 529 ὡς
3307 466 3498 536 νήπιος

1923 547 2013 622 ῆν,
2042 552 2136 605 καὶ
2160 544 2326 625 ἐχρῆν
2353 553 2514 607 αὐτὸν
2550 554 2630 617 εἰς
2669 552 2869 624 πλῆθος
2904 553 3167 625 πρότερον
3195 554 3259 607 ὲκ
3292 554 3496 607 τούτων

1926 640 2265 713 ἀνδρωθέντα
2297 640 2685 714 πληθυνθῆναι.
2728 641 2867 696 Ἀλλ’
2907 643 2995 697 ὅτε
3030 642 3216 697 λοιπὸν
3254 642 3360 696 ἀπὸ
3397 658 3496 694 πε·-

1932 731 2106 801 ράτων
2138 732 2231 785 ἐπὶ
2252 732 2465 805 πέρατα
2493 732 2824 806 κατῳκίσθη,
2854 733 2955 804 τῆς
2971 732 3384 805 ἀνθρωπότητος
3416 733 3497 797 είς

1928 822 2151 894 ἀπειρον
2181 825 2505 895 κεχυμένης,
2531 826 2716 880 οὐκέτι
2743 829 2855 888 τοῖς
2883 826 3065 890 αὐτοῖς
3099 825 3376 896 ἐπιμένειν
3406 823 3495 876 τὸν

1929 911 2211 985 ἄνθρωπον
2244 915 2542 988 ἐπέτρεπεν
2563 918 2591 970 6
2622 914 2774 983 Θεὸς,
2805 914 3019 971 σκοπῶν
3038 916 3183 980 ὅπως
3208 912 3318 968 ἀπὸ
3334 913 3495 966 τῶνδε

1929 1000 2008 1063 εἰς
2053 1000 2180 1054 τάδε
2231 1002 2639 1072 μεταϐαίνοντες
2687 1004 3067 1075 πλησιαίτερον
3118 1003 3495 1075 προκόπτωσιν

1932 1090 2181 1163 ἔρχεσθαι
2190 1093 2301 1161 τῶν
2314 1093 2574 1166 οὐρανῶν,
2604 1095 2791 1167 μέχρις
2808 1093 2894 1159 ἀν,
2915 1094 2993 1157 είς
3017 1093 3146 1147 αὐτὸ
3164 1092 3226 1146 :6
3242 1091 3495 1171 μέγιστον

1934 1184 2161 1255 μάθημα
2197 1186 2292 1239 καὶ
2336 1186 2759 1259 κορυφαιότατον
2781 1186 2877 1257 τὴν
2923 1185 3215 1258 παρθενίαν
3255 1185 3487 1255 φθάσαν-

1932 1291 2038 1340 τες,
2070 1276 2445 1343 τελειωθῶσιν,
2486 1277 2595 1330 ἀπὺ
2626 1278 2722 1348 τῆς
2767 1277 3146 1351 ἀδελφομιξίας
3183 1278 3497 1342 ὁδεύσαντες

1931 1366 2146 1438 πρῶτον
2178 1369 2259 1432 εἰς
2276 1369 2338 1421 :6
2370 1367 2582 1432 ὀθνείας
2621 1369 2917 1436 ἐπάγεσθαι
2947 1369 3210 1440 γαμετὰς,
3246 1368 3497 1423 κάκεῖθεν
3536 1368 3540 1375 ’

1929 1460 2008 1521 είς
2031 1459 2091 1511 τὸ
2119 1460 2314 1530 μηκέτι
2345 1459 2563 1523 πολλαῖς
2613 1459 2909 1514 ἐπιϐαίνειν
2951 1459 3290 1531 τετραπόδων
3326 1460 3494 1530 νόμῳ,

1931 1548 2180 1622 καθάπερ
2205 1553 2284 1615 εἰς
2316 1552 2501 1622 ὀχείαν
2531 1554 2821 1621 γεγονότας
2841 1593 2855 1618 ,
2884 1550 3176 1607 κάντεῦθεν
3218 1553 3298 1616 είς
3335 1551 3395 1606 :6
3421 1554 3495 1623 μὴ

249 1642 435 1698 adhuc
460 1653 706 1701 remanet
733 1661 765 1699 a
787 1654 980 1703 nostro
1003 1646 1288 1703 Eustathio
1317 1653 1730 1717 pertractatum,
1759 1661 1829 1701 an

1934 1642 2153 1712 μοιχοὺς
2174 1643 2475 1711 γεγονέναι,
2501 1645 2594 1697 καὶ
2618 1640 2685 1698 αὖ
2716 1645 2874 1699 πάλιν
2904 1646 2981 1709 εἰς
3015 1645 3382 1718 σωφροσύνην,
3403 1646 3499 1698 καὶ

248 1736 517 1792 videlicet
555 1739 871 1810 conjugium
909 1740 1245 1810 temporibus
1288 1716 1398 1794 illis
1424 1738 1589 1796 fuerit
1622 1739 1830 1794 licitum

1934 1733 2037 1787 ἀπὸ
2076 1734 2423 1807 σωφροσύνης
2464 1736 2542 1800 εἰς
2579 1736 2904 1809 παρθενίαν,
2942 1736 3067 1792 ἔνθα
3109 1716 3499 1808 μελετήσαντες

248 1824 400 1881 inter
420 1825 621 1883 fratres
642 1835 698 1884 et
715 1844 934 1886 sorores
955 1847 970 1898 ;
1012 1828 1638 1899 dissolvitAugustinus,
1656 1828 1753 1883 lib.
1771 1828 1828 1883 d.

248 1924 311 1973 et
340 1932 432 1983 xv,
464 1917 540 1972 De
570 1918 780 1972 civitate
806 1918 927 1983 Dei,
958 1933 1082 1989 cap.
1122 1919 1208 1988 16,
1246 1920 1336 1990 qui
1372 1919 1448 1973 ait
1487 1918 1597 1974 tale
1642 1919 1831 1989 conju-

247 2011 406 2082 gium
434 2027 545 2067 non
566 2011 737 2068 fuisse
765 2012 907 2082 apud
932 2012 1134 2084 probos
1165 2012 1315 2068 viros
1340 2013 1395 2067 in
1426 2027 1550 2078 usu,
1581 2025 1684 2066 nec
1709 2010 1830 2064 lici-

248 2112 407 2170 tum;
444 2096 559 2160 nec
597 2102 919 2159 adversatur
964 2111 1156 2159 nostro
1197 2102 1509 2169 Eustathio,
1556 2100 1650 2171 qui
1697 2092 1831 2155 dicil

249 2194 460 2250 similia
492 2195 843 2250 matrimonia
873 2202 1003 2250 tunc
1032 2195 1300 2266 temporis
1321 2194 1491 2262 licita,
1516 2205 1617 2247 nec
1643 2188 1832 2262 probi-

248 2285 369 2340 bita
394 2281 598 2352 fuisse;
632 2301 809 2357 neque
845 2287 989 2340 enim
1030 2285 1099 2341 de
1138 2284 1401 2341 fratribus
1445 2290 1501 2339 et
1547 2282 1829 2339 sororibus

250 2375 450 2432 iisdem
478 2382 633 2447 patre
657 2384 711 2432 et
733 2382 907 2433 matre
930 2377 1132 2449 genitis
1164 2376 1549 2447 intelligendus
1570 2383 1675 2441 est,
1699 2390 1832 2447 prae-

250 2471 344 2520 ter
382 2481 497 2521 rem
544 2466 691 2521 enim
731 2473 786 2522 et
845 2468 1312 2537 exspectationem
1359 2465 1655 2531 dubitaret,
1705 2480 1828 2520 cum

169 2550 175 2555 ”
250 2555 547 2612 manifeste
597 2558 849 2628 superius
876 2558 1209 2615 declarasset
1241 2556 1433 2612 Saram
1463 2556 1633 2613 fuisse
1665 2557 1829 2610 filiam

251 2634 446 2713 Aram,
501 2655 747 2706 sordrem
789 2649 894 2706 Lot
938 2665 1102 2721 quam
1153 2652 1208 2705 in
1263 2665 1489 2708 uxorem
1548 2656 1830 2718 acceperat

251 2739 555 2805 Abraham,
592 2749 647 2797 et
682 2756 793 2797 non
827 2757 1069 2798 sororem
1103 2756 1416 2814 germanam
1446 2780 1461 2806 ,
1496 2740 1592 2797 sed
1620 2748 1829 2795 tantum

249 2832 325 2889 de
343 2832 595 2898 sororiis,
628 2833 744 2888 sive
773 2833 842 2889 de
872 2833 999 2889 ﬁliis
1022 2833 1276 2898 fratrum,
1300 2841 1354 2914 et
1384 2847 1656 2897 sororum,
1684 2831 1828 2901 quod

252 2923 575 2996 coniugium
605 2926 682 2981 ait
709 2934 835 2981 ante
860 2923 1157 2983 Mosaicam
1192 2925 1364 2995 legem
1406 2922 1579 2978 fuisse
1616 2923 1672 2976 in
1703 2936 1827 2987 usu,

249 3023 311 3071 et
341 3024 641 3086 receptum.
672 3016 935 3083 Quamvis
967 3016 1125 3070 multi
1160 3017 1289 3070 item
1319 3014 1581 3085 putarint,
1610 3022 1830 3083 propter
1856 3050 1898 3108 ϐ

253 3110 538 3164 hominum
569 3111 897 3181 paucitatem
927 3110 983 3165 in
1014 3107 1237 3165 exordio
1266 3106 1456 3164 mundi
1480 3106 1650 3163 fuisse
1673 3113 1728 3161 et
1754 3105 1829 3159 al-

252 3208 434 3254 terum
487 3199 799 3270 conjugium
863 3198 1104 3263 licitum,
1172 3207 1227 3253 et
1279 3196 1615 3267 temporibus
1669 3196 1832 3250 etiam

251 3291 508 3349 Abrahae.
529 3291 660 3358 Quae
674 3290 949 3360 sententia
965 3290 1127 3346 etiam
1144 3306 1209 3344 ex
1232 3289 1418 3344 verbis
1441 3288 1685 3343 auctoris
1707 3286 1831 3342 elici

252 3396 458 3458 potest,
488 3387 603 3459 qui,
632 3388 780 3442 nulla
807 3387 988 3442 habita
1008 3376 1499 3457 consanguinitatis
1526 3385 1638 3439 sive
1660 3382 1828 3436 allini-

254 3478 387 3534 tatis
414 3479 650 3545 ratione,
684 3477 948 3534 fratribus
971 3486 1025 3534 et
1046 3478 1331 3534 sororibus
1362 3478 1438 3531 ait
1464 3477 1672 3532 alterna
1703 3490 1835 3530 con-

252 3572 405 3642 jugia
459 3579 585 3628 ante
637 3572 808 3644 legem
857 3571 1152 3628 Mosaicam
1209 3570 1380 3627 fuisse
1427 3571 1597 3625 licita.
1651 3568 1832 3625 Testis

253 3677 405 3716 unus
439 3677 551 3732 pra:
578 3663 833 3718 omnibus
865 3662 1172 3717 Methodius
1197 3660 1489 3732 episcopus
1522 3672 1576 3714 et
1602 3669 1830 3732 martyr,

254 3754 314 3808 in
351 3754 595 3810 Convivia
622 3755 798 3810 decem
838 3755 1122 3825 virginum,
1152 3752 1310 3823 cujus
1358 3753 1538 3820 verba,
1569 3753 1695 3823 quia
1722 3753 1834 3807 ele-

252 3848 581 3921 gantissima
605 3855 734 3904 sunt
767 3854 819 3904 et
849 3848 1090 3904 nondum
1130 3846 1275 3917 quod
1309 3849 1478 3903 sciam
1510 3845 1652 3917 typis
1678 3860 1831 3899 man-

256 3938 408 4001 data,
433 3954 544 3994 non
572 3940 840 4010 gravabor
864 3939 955 3995 hic
978 3938 1291 3995 ascribere:
1320 3936 1548 4009 Μεγάλη
1576 3936 1683 4008 γὰρ
1704 3935 1833 4008 ἀλη-

256 4030 368 4108 θῶς
405 4032 677 4104 ὑπερϐολὴ
711 4032 774 4086 τὸ
804 4032 903 4104 τῆς
939 4018 1237 4103 παρθενίας
1270 4029 1575 4102 ἀνθρώποις
1624 4029 1717 4081 ἀπ’
1744 4026 1833 4079 ού-

256 4125 440 4197 ρανῶν
482 4125 842 4197 κατεπέμφθη
887 4125 1071 4195 φυτόν.
1104 4123 1216 4178 Καὶ
1235 4123 1322 4176 διὰ
1345 4120 1502 4175 τοῦτο
1521 4123 1639 4185 ταῖς
1684 4117 1833 4192 πρώ-

255 4234 381 4282 ταις
415 4218 514 4271 ούκ
538 4216 897 4289 ἀπεκαλύφθη
931 4219 1163 4285 γενεαῖς.
1202 4216 1322 4268 Ἔτι
1350 4214 1458 4286 γὰρ
1496 4215 1523 4266 6
1550 4211 1832 4284 ἄνθρωπος

256 4308 533 4379 ὀλιγοστὸς
574 4305 664 4382 ἦν,
711 4309 806 4362 καὶ
849 4308 1014 4379 ὲχρῆν
1046 4309 1126 4371 είς
1170 4306 1373 4377 πλῆθος
1423 4304 1637 4376 πρῶτον
1666 4301 1829 4355 αὐτὸν

1928 1827 2026 1897 τῆς
2060 1827 2259 1899 σαρκὸς
2296 1828 2671 1900 ὑπερφρονεῖν,
2702 1831 2779 1893 εἰς
2820 1829 2910 1884 τὸν
2951 1829 3043 1900 τῆς
3073 1828 3380 1899 ἀφθαρσίας
3411 1816 3523 1880 εὖ·⁵

1929 1918 2037 1972 διον
2080 1918 2298 1988 ἀφόϐως
2328 1919 2643 1992 ὁρμίζονται
2676 1921 2869 1993 χῶρον.
2900 1922 2964 1974 El
2996 1920 3051 1974 δέ
3094 1938 3179 1984 τις
3203 1920 3278 1985 ὠς
3323 1920 3501 1990 ἀμάρ-

1928 2027 2088 2083 τυρον
2119 2012 2226 2065 τῶν
2256 2010 2491 2084 Γραφῶν
2523 2007 2871 2068 αἰτιάσασθαι
2913 2013 3172 2085 τολμήσει
3204 2012 3294 2067 τὸν
3322 2012 3498 2080 λόγον,

1930 2102 2060 2173 φέρε
2089 2102 2175 2176 δὴ,
2206 2102 2542 2176 παραθέντες
2583 2105 2678 2159 καὶ
2704 2106 2771 2160 τὰ
2803 2104 2910 2160 τῶν
2949 2103 3261 2176 προφητῶν,
3302 2102 3499 2174 ἀληθέ-

1930 2211 2095 2267 στερα
2139 2195 2337 2266 μᾶλλον
2364 2182 2716 2269 ἀποδείξομεν
2755 2197 2825 2251 τά
2859 2195 3253 2269 προειρημένα.
3290 2195 3349 2248 '0
3370 2186 3500 2263 γοῦν

1941 2284 2191 2356 Ἀϐραὰμ
2226 2284 2442 2357 πρῶτος
2476 2285 2534 2339 ἐν
2562 2285 2794 2359 διαθήκῃ
2835 2285 2934 2359 τὴν
2967 2283 3267 2358 περιτομὴν
3297 2283 3498 2347 λαϐὼν,

1927 2375 2078 2429 οὐδὲν
2102 2375 2285 2448 ἕτερον
2318 2375 2653 2436 αἰνίσσεσθαι
2688 2376 2836 2429 δοκεῖ
2881 2376 2940 2429 τὸ
2968 2378 3185 2440 οἰκεῖον,
3215 2373 3500 2445 περιστελ-

1927 2469 2148 2541 λόμενος
2167 2470 2269 2540 τῆς
2297 2470 2498 2542 σαρκὸς
2527 2469 2717 2524 ἑαυτοῦ
2751 2468 2909 2541 μέλος
2938 2469 2972 2540 ἢ
3002 2467 3180 2533 τοῦτο,
3209 2467 3270 2522 :6
3303 2467 3502 2539 μηκέτι

1925 2561 1996 2615 τὰ
2022 2564 2086 2616 ἐκ
2126 2563 2219 2616 τοῦ
2259 2562 2423 2616 αὐτοῦ
2467 2562 2777 2634 σπέρματος
2808 2560 3276 2633 δημιουργηθέντα
3318 2560 3503 2615 παιδο-

1929 2656 2171 2725 σπορεῖν,
2210 2654 2318 2708 ἀπὸ
2358 2653 2453 2725 τῆς
2507 2654 2639 2719 ἰδίας
2679 2653 2910 2709 ἕκαστον
2957 2653 3225 2708 διδάσκων
3266 2653 3501 2724 ἀδελφῆς

1927 2739 2015 2799 οἶα
2055 2745 2254 2817 σαρκὸς
2302 2745 2627 2816 ἀποτέμνειν
2659 2744 2759 2817 τὴν
2787 2743 3246 2811 κατάησυνουσίαν
3287 2744 3499 2815 ἡδονήν.

1931 2838 2090 2891 Ὥστε
2122 2837 2183 2891 :6
2205 2836 2542 2907 πλησιάζειν,
2571 2838 2664 2890 καὶ
2687 2836 2934 2908 ὁμεύνοις
2959 2835 3193 2909 χρῆσθαι
3210 2837 3330 2900 ταῖς
3353 2853 3501 2904 σφων

1929 2927 2181 2997 ἀδελφαῖς
2221 2927 2328 2982 ἀπὸ
2376 2927 2483 2982 τῶν
2517 2927 2612 2981 τοῦ
2668 2925 2917 3000 Ἀϐραὰμ
2950 2927 3224 2981 πέπαυται
3273 2927 3500 2999 καιρῶν.

1929 3019 2003 3072 Τὸ
2042 3020 2099 3072 δὲ
2134 3020 2412 3075 πλειόνων.
2450 3018 2517 3073 Ει
2544 3018 2754 3089 reliqua
2793 3034 2914 3090 quae
2956 3018 3209 3075 Marcella
3238 3018 3499 3075 eruditis-

1934 3109 2071 3164 sime
2098 3108 2255 3164 simul
2293 3117 2348 3164 et
2381 3108 2785 3179 elegantissime
2810 3109 3194 3181 prosequitur;
3235 3125 3358 3182 qua:
3391 3107 3501 3166 Deo

1933 3200 2093 3256 dante
2107 3216 2216 3255 una
2233 3215 2357 3258 cum
2375 3201 2599 3271 reliquis
2613 3201 2761 3257 brevi
2775 3201 2998 3256 utilitati
3011 3201 3242 3273 publicae
3254 3201 3499 3260 edemus.

1932 3290 2197 3346 Omnibus
2230 3298 2395 3347 notus
2411 3299 2495 3347 est
2515 3306 2632 3347 mos
2649 3290 2963 3357 Persarum,
2983 3292 3076 3363 qui
3109 3306 3234 3346 cum
3262 3292 3497 3363 parenti-

1933 3383 2034 3438 bus
2052 3383 2454 3448 miscebantur;
2479 3383 2546 3439 de
2578 3383 2779 3453 quibus
2801 3382 2893 3438 hic
2924 3383 3107 3440 dicere
3144 3384 3499 3459 supersedeo.

2000 3475 2118 3529 Col.
2153 3474 2276 3542 760,
2293 3474 2388 3530 lin.
2416 3474 2507 3530 ιδ.
2541 3474 2685 3529 ’0δέ
2701 3474 2913 3544 Θάρῤα.
2931 3473 3221 3544 Iosephus,
3252 3475 3496 3546 Antiqui-

1934 3575 2031 3623 tat.
2051 3567 2145 3623 lib.
2164 3584 2202 3634 ι,
2222 3582 2342 3638 cap.
2362 3568 2392 3620 7
2416 3568 2658 3641 ;Θάρρου
2689 3568 2746 3622 δὲ
2779 3569 3104 3640 μισήσαντος
3120 3568 3216 3640 τὴν
3232 3567 3498 3623 Χαλδαίαν

1931 3659 2017 3713 διὰ
2046 3660 2107 3713 τὸ
2149 3659 2373 3731 Ἀράνου
2401 3658 2615 3725 πένθος,
2644 3658 3036 3729 μετοικίζονται
3060 3660 3258 3724 πάντες
3287 3661 3367 3723 είς
3396 3658 3493 3731 χώο

1934 3769 2034 3822 ραν
2074 3752 2170 3823 τῆς
2214 3752 2670 3822 Μεσοποταμίας⁸
2714 3752 2848 3804 ὅπου
2891 3750 2955 3823 δὴ
2996 3751 3209 3824 Θάρῤον
3249 3751 3498 3823 τελευτή-

1934 3859 2100 3897 σαντα
2128 3842 2441 3907 θάπτουσιν,
2473 3841 2568 3913 ἐτη
2596 3842 2870 3914 βιώσαντα
2904 3842 3065 3896 πέντε
3094 3843 3190 3898 καὶ
3234 3843 3496 3899 διακόσια.

2000 3932 2160 3997 Ibid.,
2210 3934 2308 3988 lin.
2359 3934 2446 3989 48.
2481 3930 2729 3987 "Extare-
2758 3933 2863 4002 γὰρ
2895 3932 3030 3988 τῶν.
3061 3930 3351 4004 Iosephus,
3396 3933 3453 3988 ib
3483 3953 3497 3988 :

1932 4025 2300 4096 Συνετέτμητο
2325 4024 2433 4096 γὰρ
2461 4024 2561 4097 ’ήδη
2594 4027 2705 4088 τοῖς
2736 4022 3042 4095 ἀνθρώποις
3085 4026 3202 4078 κατ’
3232 4024 3409 4093 ὀλίγον
3442 4025 3500 4078 τὺ

1932 4114 2051 4188 ζῇν,
2081 4116 2174 4169 καὶ
2205 4115 2535 4186 βραχύτερον
2567 4115 2781 4184 ἐγένετο
2820 4115 2980 4188 μέχρι
3019 4116 3119 4187 τῆς
3146 4117 3387 4181 Μωσέως
3410 4133 3497 4185 γε-

1931 4210 2148 4273 νέσεως,
2184 4207 2299 4278 μεθ’
2326 4208 2382 4261 ὃν
2407 4209 2530 4278 ὄρος
2557 4203 2624 4279 ἦν
2650 4207 2745 4261 τοῦ
2776 4205 2874 4279 ζῇν
2896 4207 3088 4261 ἑκατὸν
3112 4207 3204 4279 ἐτη
3235 4208 3371 4280 πρὸς
3389 4211 3499 4271 τοῖς

1932 4303 2123 4366 εἰκοσι,
2167 4301 2322 4355 ταῦθ’
2372 4301 2651 4371 ὁρίσαντος
2699 4299 2791 4352 τοῦ
2824 4299 2979 4366 θεοῦ,
3022 4301 3122 4354 ὅσα
3165 4300 3260 4354 καὶ
3298 4300 3499 4371 Μωσῆν

256 4406 575 4477 αὐξήσαντα
625 4401 989 4473 τελειωθῆναι.
1040 4401 1131 4454 Διὸ
1169 4399 1234 4471 δὴ
1272 4400 1367 4454 καὶ
1411 4397 1509 4460 τὰς
1564 4396 1830 4467 σφετέρας

1937 4393 2134 4466 συνέϐη
2167 4393 2373 4464 βιῶναι.
2409 4391 2547 4447 Vide
2581 4392 3024 4448 dissertationem
3065 4391 3324 4462 Gasparis
3367 4391 3496 4446 Dor-

257 4498 494 4567 ἀδελφὰς
518 4498 569 4552 οί
606 4495 826 4551 παλαιοὶ
872 4493 1237 4565 λαμϐάνοντες
1277 4492 1539 4560 γυναῖκας
1582 4488 1732 4542 οὐδὲν
1765 4482 1833 4558 ἦν

257 4593 525 4665 ἀπρεπὲς,
558 4590 717 4661 μέχρι
744 4589 904 4660 νόμος
931 4585 1100 4641 ἐλθὼν
1115 4584 1459 4647 διεστείλατο,
1485 4582 1580 4636 καὶ
1603 4581 1663 4635 :6
1686 4578 1836 4650 πρῶ-

257 4700 352 4738 τον
380 4680 571 4751 δοκοῦν
606 4677 746 4733 εἶναι
785 4679 946 4733 καλὸν
986 4674 1370 4747 ἀπαγορεύσας
1413 4671 1685 4744 ἁμαρτίαν
1732 4671 1835 4724 ἀπ-

257 4779 519 4846 εφήνατο,
540 4774 946 4844 ὲπικατάρατον
966 4769 1146 4826 καλῶν
1158 4770 1249 4823 τὸν
1267 4765 1714 4822 ἀποκαλύπτοντα
1734 4763 1832 4835 τὴν

258 4863 644 4936 ἀσχημοσύνην
673 4863 772 4934 τῆς
808 4861 1041 4932 ἀδελφῆς
1061 4857 1246 4924 αὑτοῦ,
1274 4856 1367 4911 τοῦ
1394 4856 1528 4910 Θεοῦ
1562 4854 1701 4909 κατὰ
1717 4872 1834 4908 και-

260 4956 355 5028 ρὸν
380 4955 475 5009 καὶ
499 4954 688 5027 καιρὸν
713 4954 811 5025 τὴν
841 4952 1182 5025 ἁρμόζουσαν
1203 4949 1356 5022 ἡμῶν
1385 4947 1462 5019 τῷ
1489 4948 1647 5017 γένει
1677 4964 1834 5002 σπου-

257 5049 425 5104 δαίων
458 5048 860 5121 προσφέροντος
907 5045 1178 5119 βοήθειαν,
1212 5042 1399 5113 ῶσπερ
1429 5042 1492 5113 δὴ
1524 5041 1617 5094 καὶ
1650 5042 1700 5094 οί
1729 5056 1833 5091 πα-

258 5143 416 5213 τέρες
438 5143 551 5205 τοῖς
581 5142 739 5204 υίοῖς.
772 5142 847 5193 Οὐ
876 5138 986 5211 γὰρ
1012 5137 1211 5200 εὐθέως
1249 5136 1452 5190 ἀνωθεν
1484 5132 1831 5186 ἐπιστατοῦσι

258 5236 386 5299 τοὺς
414 5235 813 5303 παιδαγωγοὺς,
844 5232 980 5287 ἀλλὰ
1004 5231 1104 5302 τὴν
1127 5229 1380 5300 παιδικὴν
1414 5220 1628 5299 ἡλικίαν
1644 5227 1832 5280 ἐάσαν-

258 5340 354 5388 τες
382 5324 679 5396 ἀθύρεσθαι
716 5322 1023 5397 μοσχαρίων
1040 5321 1216 5393 δίκην,
1243 5318 1456 5391 πρῶτον
1486 5319 1566 5382 εἰς
1585 5317 1833 5371 διδασκά-

260 5414 371 5469 λων
412 5413 874 5485 συμψελλιζόντων
907 5410 1345 5472 ἀποστέλλουσιν,
1383 5407 1491 5462 ἔστ’
1530 5406 1597 5461 ἂν
1629 5406 1833 5461 ἀποϐα-

262 5506 444 5577 λόντες
487 5507 587 5578 τὴν
644 5503 972 5578 μειρακιώδη
1009 5502 1166 5575 τρίχα
1206 5501 1299 5557 τοῦ
1330 5500 1445 5562 νοῦ,
1491 5502 1569 5564 είς
1606 5499 1702 5570 τὴν
1725 5498 1832 5551 τῶν

267 5596 525 5667 μειζόνων
549 5596 779 5667 ἄσκησιν
809 5593 1270 5668 παραπεμφθῶσι,
1306 5593 1556 5647 κάκεῖθεν
1578 5589 1731 5655 αὖθις
1755 5592 1832 5655 είς

264 5691 360 5761 τὴν
393 5689 500 5742 τῶν
536 5688 615 5743 ἔτι
644 5688 919 5759 μειζόνων.
945 5686 1126 5757 Ταύτῃ
1165 5685 1270 5758 γὰρ
1306 5686 1398 5739 καὶ
1432 5683 1519 5738 τὸν
1565 5684 1695 5737 Θεὸν
1740 5683 1831 5737 καὶ

1935 4486 2061 4542 navi
2089 4486 2155 4542 de
2184 4485 2367 4541 causis
2396 4484 2755 4552 longaevitatis
2784 4492 3000 4555 patrum
3029 4483 3496 4563 primigeniorum,

1935 4579 2024 4634 cui
2057 4578 2248 4634 titulus
2278 4576 2589 4632 Mathusala
2626 4577 2799 4633 vivax.

2004 4670 2163 4735 Ibid.,
2188 4672 2285 4725 lin.
2318 4670 2408 4726 53.
2456 4671 2702 4740 Ἀϐραὰμ
2731 4669 2799 4724 δὲ
2830 4673 2881 4724 ό.
2924 4668 3125 4724 Eadem
3154 4667 3316 4723 habet
3347 4663 3499 4723 Jose-

1933 4763 2075 4834 phus
2098 4762 2277 4832 Antiq.
2308 4761 2405 4815 lib.
2432 4777 2471 4825 ι,
2501 4774 2623 4831 cap.
2649 4760 2703 4825 8,
2733 4767 2788 4815 et
2804 4758 3013 4823 subdit,
3036 4755 3299 4813 Berosum
3326 4756 3499 4811 Abra-

1932 4854 2079 4909 hami
2099 4852 2263 4907 tacito
2292 4851 2515 4907 nomine
2531 4850 2868 4907 meminisse.
2892 4849 3201 4906 Hecataeum
3223 4848 3371 4904 illius
3389 4863 3499 4904 non

1933 4944 2248 5000 meminisse
2285 4944 2481 5009 obiter,
2520 4942 2616 4998 sed
2649 4943 2790 4998 libro
2827 4942 2895 4998 de
2935 4957 3002 4998 eo
3039 4942 3377 5012 conscripto,
3411 4956 3500 4997 res

1931 5040 2052 5109 ejus
2082 5039 2386 5108 posteritati
2419 5035 2853 5100 commendasse,
2882 5050 2983 5091 nec
3007 5050 3117 5089 non
3138 5041 3193 5090 et
3216 5032 3501 5088 Nicolaum

1933 5128 2328 5186 Damascenum
2355 5130 2411 5184 in
2435 5146 2487 5183 Iv
2513 5129 2875 5184 Historiarum
2912 5145 2929 5182 :
2959 5125 3302 5199 Μνημονεύει
3325 5126 3382 5179 δὲ
3404 5125 3500 5181 τοῦ

1933 5222 2136 5294 πατρὸς
2182 5221 2337 5293 ἡμῶν
2388 5220 2662 5293 Ἀϐράμου
2713 5220 3002 5293 Βηρωσσὸς
3046 5220 3148 5273 οὐκ
3197 5216 3500 5289 ὀνομάζων,

1932 5313 2102 5383 λέγων
2126 5313 2328 5378 οὕτως·
2362 5312 2517 5367 Μετὰ
2552 5313 2609 5365 δὲ
2645 5312 2734 5366 τὸν
2768 5309 3147 5381 κατακλυσμὸν
3177 5309 3378 5382 δεκάτῃ
3406 5325 3502 5376 γε-

1932 5407 2027 5476 νεᾷ
2058 5405 2205 5476 παρὰ
2244 5404 2528 5467 Χαλδαίοις
2558 5421 2641 5467 τις
2673 5398 2740 5474 ἦν
2765 5402 2967 5466 δίκαιος
3009 5400 3145 5473 ἀνὴρ
3177 5400 3368 5472 μέγας,
3410 5399 3503 5452 καὶ

1931 5495 1998 5550 τὰ
2024 5497 2248 5569 οὐράνια
2290 5495 2566 5568 ἔμπειρος.
2602 5495 2882 5556 Ἑκαταῖος
2922 5493 2978 5546 δὲ
3008 5492 3215 5569 καὶτοῦ
3263 5490 3502 5563 μνησθῆ-

1932 5606 2019 5643 ναι
2055 5589 2213 5642 πλέον
2235 5607 2287 5643 τι
2318 5587 2583 5659 πεποίηκε
2603 5605 2615 5617 ·
2654 5587 2854 5657 βιϐλίον
2896 5585 3005 5657 γὰρ
3037 5583 3165 5657 ’περὶ⁵
3196 5580 3360 5637 αὐτοῦ
3385 5598 3501 5637 συν-

1936 5680 2228 5752 ταξάμενος
2279 5680 2551 5736 κατέ).ιπε.
2589 5678 2847 5743 Νικόλαος
2878 5677 2932 5733 δὲ
2975 5680 3001 5733 6
3044 5675 3398 5749 Δαμασκηνὸς
3440 5675 3502 5737 ἐν
