3848 6168
385 247 525 302 1015

1716 235 1964 294 LEONIS
1998 234 2272 299 ALLATU

3465 242 3635 298 νίοίϐ

381 367 449 437 τῇ
479 366 719 437 τετάρτῃ
761 356 882 415 τῶν
924 356 1219 430 Ἰστοριῶν
1242 356 1394 428 λέγει
1428 357 1631 423 οὕτως·
1685 357 1966 432 Ἁϐράμης

2072 364 2271 430 posset,
2299 355 2505 422 verbis,
2533 354 2797 428 exemplis
2843 354 3077 427 aliisque
3104 355 3409 417 actionibus
3439 358 3509 415 ad
3536 375 3640 417 ve-

382 453 702 512 ὲϐασίλευσε
747 450 1040 524 Δαμασκοῦ
1086 447 1290 523 ἔπηλυς
1335 450 1433 505 σὺν
1464 448 1680 523 στρατῷ
1721 451 1960 523 ἀφιγμέο

382 563 495 611 νος,
519 551 625 602 etc.
649 561 666 614 ;
693 552 752 601 et
775 543 1084 602 Alexander
1114 540 1428 614 Polyhistor
1465 542 1610 613 apud
1638 540 1957 613 Eusebium,

387 637 463 694 De
492 636 880 708 prcrparations
906 633 1226 706 Euangelica
1270 633 1367 689 lib.
1403 647 1482 697 rx,
1521 649 1590 690 ex
1626 632 1958 706 Eupolemo:

384 727 599 801 Δεκάτῃ
628 726 686 781 δὲ
717 727 880 798 γενεᾷ
909 741 1071 797 φησιν
1099 725 1158 779 ὲν
1187 724 1337 778 πόλει
1360 725 1458 796 τῆς
1483 722 1822 789 Βαϐυλωνίας
1842 726 1961 784 Κα-

390 819 614 892 μαρίνῃ,
653 819 721 890 ἦν
756 834 909 882 τινας
948 817 1126 885 λέγειν
1160 816 1313 870 πόλιν
1342 813 1566 887 Οὐρίην,
1590 811 1745 886 τεῖναι
1771 815 1829 871 δὲ
1868 833 1963 888 μετ-

388 911 864 985 θερμηνευομένην
910 908 1191 964 Χαλδαίων
1235 908 1409 973 πόλιν,
1447 911 1504 963 ἐν
1540 909 1961 983 τρισκαιδεκάτῃ

388 1001 641 1073 γενέσθαι
677 1001 925 1073 Ἀϐραὰμ
955 1003 1136 1073 γενεᾷ,
1164 1001 1412 1074 εὐγενείᾳ
1443 1002 1538 1055 καὶ
1569 1002 1730 1077 σοφίᾳ
1755 1002 1963 1071 πάντας

392 1091 828 1164 ὑπερϐεϐηκότα,
860 1091 920 1145 δν
956 1092 1021 1162 δὴ
1049 1092 1142 1146 καὶ
1181 1091 1276 1164 τὴν
1307 1091 1661 1164 ἀστρολογίαν
1689 1093 1786 1149 καὶ
1820 1092 1966 1147 Χαλ-

336 1212 344 1217 -
387 1179 580 1251 δαῖκὴν
621 1181 824 1251 εὑρεῖν,
870 1179 965 1234 ὲπί
999 1197 1061 1235 τε
1097 1180 1196 1253 τὴν
1223 1180 1503 1236 εὐσέϐειαν
1530 1184 1845 1256 ὁρμήσαντα
1873 1183 1964 1237 εὑ-

387 1271 689 1344 αρεστῆσαι
717 1271 793 1343 τῷ
830 1272 971 1344 Θεῷ.
1005 1271 1205 1327 Τοῦτον
1242 1272 1318 1341 δὲ,
1347 1272 1437 1327 διὰ
1465 1275 1535 1329 τά
1572 1276 1964 1348 προστάγματα

387 1366 483 1419 τοῦ
512 1365 648 1420 Θεοῦ
679 1368 758 1431 είς
792 1352 1044 1439 Φοινίκην
1088 1367 1309 1422 ἐλθόντα
1339 1370 1681 1440 κατοικῆσαι,
1720 1372 1815 1423 καὶ
1844 1387 1967 1442 τρο-

390 1457 501 1521 πὰς
529 1458 678 1528 ἡλίου
700 1459 793 1512 καὶ
822 1459 1072 1531 σελήνης,
1098 1461 1192 1513 καὶ
1222 1460 1292 1514 τὰ
1314 1460 1446 1514 ἄλλα
1476 1461 1650 1515 πάντα
1684 1461 1965 1527 διδάξαντα

387 1553 515 1616 τοὺς
534 1550 804 1619 Φοίνικας,
830 1551 1191 1626 εὐαρεστῆσαι
1223 1552 1299 1623 τῷ
1329 1553 1535 1624 βασιλεί
1556 1554 1753 1608 αὐτῶν.

460 1640 580 1696 Col.
621 1642 745 1705 761,
777 1642 876 1713 lin.
916 1643 967 1697 1.
995 1643 1193 1710 Μόνος
1224 1639 1422 1711 οὗτος.
1456 1644 1710 1699 Consona
1732 1642 1967 1715 Josepho

382 1733 652 1807 leguntur
678 1737 821 1806 apud
857 1735 1081 1790 Suidam
1108 1736 1177 1792 de
1212 1736 1546 1803 Abrahamo,
1581 1746 1633 1792 et
1672 1736 1969 1793 Eusebium

391 1826 449 1878 in
503 1825 681 1896 prima
730 1834 882 1897 parte
925 1827 1224 1882 Chronici:
1269 1827 1547 1900 Ἀϐραάμ,
1589 1827 1850 1891 Χαλδαῖος
1895 1826 1971 1881 ὢν

389 1911 452 1964 τὸ
507 1911 698 1981 γένος,
757 1914 859 1985 τὴν
920 1913 1143 1986 πρώτην
1200 1916 1414 1987 ἡλικίαν
1472 1917 1624 1989 παρά
1679 1917 1972 1982 Χαλδαίοις

392 2002 625 2074 ἐτράφη,
662 2004 755 2056 καὶ
784 2005 882 2075 τῆς
908 2008 1038 2076 παρ’
1070 2008 1255 2071 αὐτοῖς
1278 2007 1634 2081 ἀστρολογίας
1656 2010 1751 2063 καὶ
1777 2010 1972 2081 λοιπῆς

396 2092 627 2173 μετέσχε
656 2096 867 2166 σοφίας.
910 2097 1178 2172 Θεοφιλὴς
1215 2100 1271 2154 δὲ
1298 2099 1394 2166 ὣν,
1440 2102 1535 2156 καὶ
1565 2106 1679 2168 τοῖς
1710 2103 1971 2175 κτίσμασι

389 2188 419 2239 ό
446 2186 535 2240 τὸν
566 2185 690 2241 νοῦν
722 2188 917 2242 ἑαυτοῦ
949 2190 1024 2263 μὴ
1049 2191 1480 2263 καταδεξάμενος
1507 2194 1664 2248 ἐᾶσαι
1712 2195 1974 2267 ἐνδιατρί-

393 2279 527 2343 ϐειν,
564 2278 678 2332 ἀλλ’
707 2281 801 2332 ἐπὶ
840 2281 931 2336 τὸν
966 2284 1346 2356 γενεσιουργδν
1375 2287 1439 2339 ὲκ
1462 2286 1562 2357 τῆς
1592 2283 1702 2340 τῶν
1742 2286 1976 2358 κτισμά-

313 2376 321 2382 ’
390 2388 499 2424 των
532 2372 787 2443 ἀναχθεὶς
816 2374 1100 2446 καλλονῆς,
1129 2375 1276 2440 θείας
1302 2376 1618 2448 ὲλλάμψεως
1639 2376 1865 2451 ἠξιώθη,
1894 2377 1973 2431 ἔτι

390 2460 680 2533 διατρίϐων
714 2465 771 2517 ὲν
791 2466 859 2536 τῇ
887 2465 1126 2536 πατρίδι.
1159 2465 1226 2521 Ει
1257 2467 1551 2523 Africanus
1578 2487 1591 2524 :
1618 2461 1786 2533 Οὗτος
1814 2469 1973 2540 μόνος

390 2551 501 2607 τῶν
531 2555 846 2626 ἁπανταχοῦ
872 2558 973 2629 τὴν
994 2557 1087 2610 ἐπὶ
1112 2559 1181 2614 τὰ
1202 2560 1397 2614 εἴδωλα
1436 2560 1644 2633 πλάνην
1676 2560 1972 2617 νοσούντων

390 2645 482 2698 τὸν
513 2646 688 2719 ἀληθῆ
742 2647 873 2702 Θεὸν
903 2649 1137 2719 ἐπέγνω,
1178 2652 1274 2705 καὶ
1306 2653 1644 2724 Δημιουργὸν
1686 2653 1793 2707 τῶν
1838 2653 1972 2709 ὅλων

391 2738 745 2811 ἀνεκήρυξεν.
788 2739 960 2797 διιόωὶ
1019 2750 1202 2798 tamen
1237 2745 1487 2798 nonnulli
1541 2745 1764 2800 tradunt
1799 2746 1974 2808 Abra:

392 2828 520 2885 ham
576 2833 998 2911 quadragesimo
1056 2845 1251 2905 octavo
1306 2836 1493 2901 atatis,
1541 2852 1687 2895 anno
1740 2838 1973 2909 erupisse

394 2937 694 2994 agnoscere
717 2942 902 2980 verum
932 2925 1124 2993 Deum,
1161 2944 1486 3002 omnemque
1529 2930 1849 2985 idololatriae
1878 2946 1972 2997 su:

2067 466 2195 509 rum
2243 451 2397 505 illum
2442 450 2651 506 cultum
2698 449 3033 515 attraheret,
3078 447 3306 521 ideoque
3336 450 3465 511 hinc
3500 451 3640 507 inde

2064 551 2316 615 vagatum
2333 541 2712 598 Chaldaeorum
2729 542 2893 603 urbes
2907 555 2973 599 ac
2988 539 3430 614 illesupotamiam
3452 544 3635 614 ipsam

2066 634 2492 706 perlustrantem
2519 650 2534 701 ;
2562 648 2688 688 cum
2718 639 2901 688 tamen
2929 639 3158 697 eventus
3185 630 3388 697 studio,
3414 631 3639 688 deside-

2066 724 2259 818 rioque
2285 737 2395 778 non
2425 722 2798 794 responderet,
2827 722 3051 777 anxium
3078 728 3159 777 tot
3185 721 3428 786 labores,
3462 721 3639 784 suda:-

2066 811 2267 886 resquc
2297 814 2503 884 frustra
2529 813 2803 884 impendi,
2847 812 2915 869 ad
2951 811 3121 875 Deum
3165 811 3469 871 recurrisse
3492 851 3509 879 ,
3540 812 3635 883 qui

2069 906 2174 976 ipsi
2216 911 2276 959 ut
2322 904 2495 960 exiret
2532 903 2602 959 de
2648 904 2821 975 patria
2844 943 2861 969 ,
2903 911 2959 959 et
2988 904 3056 959 de
3085 903 3407 975 cognatione
3441 903 3634 972 jussit.

2071 986 2163 1053 Sic
2186 1014 2314 1053 vera
2346 1006 2464 1052 erat
2507 996 2777 1052 sententia
2812 995 3112 1065 Eustathii,
3146 1011 3269 1054 eum
3310 996 3520 1058 exiisse
3569 995 3644 1051 de

2068 1097 2215 1146 terra
2248 1090 2624 1145 Chaldaeorum
2645 1129 2659 1153 ,
2689 1096 2745 1144 et
2777 1086 3198 1160 MeSOpotamia,
3241 1103 3513 1159 omneque
3541 1087 3641 1142 de-

2069 1184 2333 1242 siderium
2372 1183 2440 1238 ad
2480 1197 2545 1238 ca
2586 1183 2708 1237 loca
2746 1181 3052 1237 revertendi
3089 1181 3429 1252 deposuisse.
3452 1179 3640 1248 Quare

2068 1276 2234 1332 verba
2274 1275 2364 1328 illa
2400 1271 2681 1344 Stephani,
2733 1272 2858 1327 Act.
2895 1286 3008 1336 vn,
3055 1271 3219 1327 etiam
3268 1278 3433 1341 atque
3466 1269 3640 1326 etiam

2069 1364 2464 1422 consideranda
2482 1370 2642 1419 sunt:
2664 1363 2799 1417 Deus
2821 1362 3006 1434 gloria
3027 1362 3271 1432 apparuit
3284 1363 3424 1433 patri
3453 1370 3640 1429 nostra

2071 1457 2318 1515 Abrahrr.
2350 1473 2466 1512 cum
2486 1464 2619 1510 esset
2650 1456 2704 1509 in
2736 1454 3139 1517 Mesopotamia,
3170 1455 3316 1523 prius
3340 1469 3503 1523 φιαηι
3534 1469 3643 1505 nro-

2071 1559 2280 1604 raretur
2315 1549 2369 1601 in
2400 1547 2611 1608 Chara,
2655 1556 2707 1601 et
2747 1546 2884 1600 dixit
2930 1547 2999 1599 ad
3031 1545 3218 1598 illum:
3248 1543 3354 1598 Exi
3382 1544 3449 1598 de
3494 1553 3641 1599 terra

2075 1648 2200 1701 tua,
2227 1637 2366 1691 etde
2404 1638 2711 1708 cognatione
2738 1647 2862 1700 ma,
2903 1643 2953 1689 ct
2982 1636 3096 1689 ι·εηὶ
3138 1637 3192 1691 in
3237 1644 3431 1691 terram
3478 1650 3640 1704 quam

2002 1725 2041 1778 Β
2071 1740 2428 1785 monstravcro
2469 1727 2582 1782 tibi.

2141 1819 2302 1888 lbid.,
2330 1821 2427 1875 lin.
2463 1820 2548 1874 Η.
2578 1819 2767 1888 Λιμοῦ
2805 1817 2873 1874 δὲ
2922 1819 3384 1885 καταλαϐόντος,
3422 1816 3643 1875 Manaav

2070 1927 2159 1968 ses
2176 1952 2190 1975 ,
2222 1911 2277 1966 in
2304 1909 2632 1966 Annalibus:

2072 2022 2258 2095 Λιμοῦ
2308 2023 2750 2089 καταλαϐόντος
2794 2021 2904 2093 γὰρ
2951 2020 3068 2092 τὴν
3094 2021 3444 2095 χώραν-τήν
3482 2024 3641 2076 Χαλο

2083 2162 2299 2231 Ἀϐρὰμ
2317 2166 2349 2217 ὀ
2375 2165 2550 2229 θεῖος.
2581 2166 2614 2217 ό
2641 2162 2856 2229 πολὺς,
2888 2161 3097 2232 γέγονε
3118 2090 3540 2231 μετανὶίδάιέτῗῗ

2071 2232 2186 2303 Kal
2214 2233 2327 2302 τὴν
2369 2236 2725 2304 συγγένειαν
2761 2231 2974 2295 λιπὼν,
3008 2235 3094 2298 εὶς
3134 2233 3437 2304 Αιγυπτον»
3460 2231 3643 2302 μετῆο

2084 2373 2180 2441 Ὠς
2215 2371 2547 2443 ἀποτρέψαι
2582 2372 2690 2428 τοῦ
2716 2371 2896 2442 λιμοῦ
2932 2371 3046 2442 τὴν
3080 2300 3642 2442 φθαρταί]ιάρὲζῴ

2077 2512 2205 2580 Τοῖς
2227 2511 2548 2581 ζωαρκέσιν
2570 2513 2839 2582 ἐντυχὼν
2863 2511 2995 2567 ἐκεῖ
3031 2442 3543 2582 ὃαψιλεστέῗέἷῗ

2072 2584 2275 2654 Συνῆν
2309 2583 2360 2637 δ’
2400 2582 2558 2651 αὑτῷ
2595 2584 2692 2639 καὶ
2729 2583 2949 2653 γαμετὴ
2979 2583 3129 2652 πρὸς
3168 2583 3357 2654 ξένην
3381 2586 3643 2639 στελλο-

2070 2722 2269 2795 Σάρῤα
2298 2724 2823 2794 χαριτοπρόσωπος
2851 2723 2950 2778 καί
2981 2652 3535 2795 περικαλλεὲβέῃῖ

2071 2832 2416 2912 Eupolemus.
2436 2833 2579 2905 apud
2608 2834 2979 2889 Alexandrum
3015 2832 3417 2907 Polyhistorem
3458 2836 3519 2892 in
3542 2835 3645 2893 EI-

2071 2926 2241 2990 scbio,
2274 2926 2349 2987 De
2382 2935 2668 2995 prazparat.
2715 2925 2810 2981 lib.
2856 2942 2909 2981 ιι
2939 2944 2955 2982 :
2995 2927 3168 2997 Λιμοῦ
3203 2926 3262 2981 δὲ
3319 2928 3640 3000 γενομένου,

394 3014 771 3084 perstitionem
801 3015 1087 3088 abiecisse,
1112 3018 1278 3077 refert
1307 3019 1690 3078 Genebrardus
1726 3022 1781 3076 in
1803 3020 1966 3088 Chro-

2072 3018 2160 3072 τὸν
2191 3016 2442 3089 Ἀϐραάμ
2500 3017 2877 3089 ἀπαλλαγῆναι
2918 3020 3001 3082 είς
3045 3018 3315 3088 Δίγυπτον
3363 3019 3641 3092 πανοικίᾳ,

395 3108 534 3163 nico.
572 3106 748 3178 Hujus
810 3112 1090 3166 sententiae
1135 3119 1218 3168 est
1257 3120 1312 3169 et
1351 3110 1601 3169 'Andreas
1666 3111 1872 3188 Masius
1912 3113 1966 3168 in

2072 3111 2226 3164 κάκεῖ
2269 3112 2560 3175 κατοικεῖν,
2592 3111 2692 3181 τήν
2732 3126 2793 3164 τε
2822 3112 3056 3179 γυναῖκα
3092 3110 3257 3165 αὐτοῦ
3284 3110 3376 3165 τὸν
3421 3111 3643 3182 βασιλέα

393 3219 513 3275 cap.
542 3220 677 3259 χειν
713 3204 914 3271 Iosue;
948 3221 1051 3261 nec
1081 3209 1151 3262 ab
1180 3222 1244 3265 ea
1261 3207 1514 3263 dissentit
1532 3205 1689 3262 Philo
1716 3209 1853 3278 Περὶ
1886 3207 1971 3262 νό-

398 3314 516 3368 μων
560 3298 844 3370 ἀγράφων,
887 3298 1102 3367 δοὲστιν
1155 3299 1434 3371 Ἀϐραάμ·
1480 3299 1616 3372 Περὶ.
1660 3301 1966 3370 γιγάντων·

395 3387 535 3460 Περὶ
557 3389 850 3458 εὐγενείας.
879 3388 952 3445 De
972 3390 1310 3460 providentia
1341 3390 1434 3447 Dei
1458 3391 1514 3446 in
1535 3392 1699 3447 rebus
1716 3392 1971 3453 humanis

399 3480 652 3551 superius
681 3482 947 3536 nonnulla
970 3482 1230 3547 diximus,
1257 3492 1311 3538 et
1329 3498 1450 3538 eam
1482 3483 1556 3555 ita
1583 3492 1857 3555 patentem
1884 3499 1974 3540 ne—
2000 3538 2005 3543 .

393 3585 544 3642 gare,
582 3572 731 3652 vani,
757 3573 905 3641 caeci,
941 3574 1299 3650 excordisque
1334 3576 1572 3649 hominis
1598 3584 1704 3643 est.
1740 3585 1796 3639 et
1811 3576 1973 3648 quid-

399 3664 483 3720 vis
530 3668 713 3735 potius
761 3665 1145 3744 excogitantis,
1184 3652 1356 3737 Aquam
1433 3666 1580 3741 quod
1625 3668 1765 3724 ratio
1804 3668 1973 3741 depo-

398 3754 531 3810 suit.

466 3842 629 3906 lbid..
658 3844 755 3917 lin.
793 3842 881 3900 il.
911 3844 1068 3913 Πρός
1094 3844 1245 3916 γοῦν
1282 3844 1415 3916 τήν.
1445 3845 1739 3929 Iosephus,
1787 3848 1966 3920 Antiq.

397 3932 494 3988 lib.
529 3948 547 3987 ι
583 3952 597 3988 :
630 3933 765 3989 Cum
798 3934 1045 3998 videret,
1090 3935 1305 4006 inquit,
1336 3937 1612 3993 Abraham
1633 3978 1649 4003 ,
1682 3939 1829 4008 quod
1856 3941 1969 3995 veri

396 4021 494 4079 Dei
523 4023 728 4078 cultum
756 4025 933 4093 palam
963 4031 1016 4079 et
1047 4025 1217 4091 libere
1257 4027 1615 4096 praedicaret,
1659 4028 1967 4096 Chaldaeos,

397 4123 454 4172 et
502 4115 943 4193 Mesopotamitas
983 4124 1178 4181 contra
1218 4132 1279 4174 se
1323 4120 1630 4190 insurgere,
1676 4121 1968 4182 consilium

396 4206 668 4279 migrandi
711 4209 908 4279 erepit,
953 4218 1008 4265 et
1044 4209 1328 4266 voluntate
1369 4226 1435 4266 ac
1469 4210 1653 4272 favore
1681 4210 1775 4266 Dei
1801 4210 1970 4278 fretus

394 4308 608 4360 terram,
644 4283 905 4356 Chanaan
946 4300 1155 4365 tenuit,
1204 4302 1299 4356 ubi
1343 4303 1568 4377 sedibus
1608 4303 1806 4373 positis
1857 4301 1970 4385 Deo

2066 3200 2175 3273 τῶν
2205 3200 2514 3269 Αἰγυπτίων
2538 3201 2747 3272 γῆμαι,
2781 3200 2982 3271 φάντος
3011 3200 3178 3255 αὑτοῦ
3210 3202 3452 3273 ἀδελφὴν
3483 3199 3639 3259 εἶναι.

2066 3292 2133 3346 Ει
2154 3293 2461 3365 Artapanus
2481 3311 2493 3348 :
2511 3293 2708 3347 Τοῦτον
2730 3292 2787 3365 δέ
2817 3311 2948 3365 φησι
2974 3294 3226 3367 πανοικίᾳ
3253 3293 3430 3351 ἐλθεῖν
3455 3297 3539 3360 εἰς
3556 3296 3641 3350 Δί·

2067 3400 2271 3453 γυπτον
2299 3385 2437 3456 πρὸς
2461 3383 2554 3437 τὸν
2574 3384 2685 3438 τῶν
2712 3384 3021 3454 Αἰγυπτίων
3046 3383 3270 3455 βασιλέα
3294 3384 3639 3460 Φαρεθώνην,

2068 3478 2163 3531 καὶ
2190 3476 2289 3547 τὴν
2328 3478 2687 3549 ἀστρολογίαν
2714 3478 2875 3534 αὐτὸν
2898 3478 3125 3545 διδάξαι.
3155 3477 3431 3533 Μείναντα
3461 3480 3524 3534 δὲ
3548 3478 3637 3549 ita

2067 3569 2185 3642 εκεῖ
2218 3570 2413 3635 εἴκοσι,
2444 3569 2605 3623 πάλιν
2636 3569 2716 3634 είς
2762 3569 2887 3633 τοὺς
2916 3570 3057 3624 κατά
3092 3569 3291 3642 Συρίαν
3319 3570 3638 3641 ἀπαλλαγῆ-

2066 3678 2156 3715 ναι
2201 3660 2414 3735 τόπους,
2473 3660 2595 3716 Τῶν
2660 3662 2717 3716 δὲ
2782 3659 2958 3733 τούτῳ
3012 3661 3370 3717 συνελθόντων
3412 3663 3637 3728 πολλοὺς

2068 3756 2128 3808 ὲν
2172 3755 2433 3826 Αἰγύπτῳ
2483 3757 2805 3827 καταμεῖναι
2860 3755 2951 3810 διὰ
3006 3757 3106 3828 τὴν
3151 3756 3504 3827 εὐδαιμονίαν
3544 3755 3636 3827 τῆς

2068 3845 2273 3920 χώρας.
2324 3845 2790 3918 Peregrinationis
2822 3846 3054 3904 Abrahae
3096 3848 3376 3904 historiam
3418 3857 3636 3919 propter

2070 3939 2264 3994 famem
2316 3940 2385 3994 ab
2433 3955 2499 3995 eo
2549 3948 2853 4011 suscepta,
2901 3949 2956 3997 et
2993 3950 3220 3997 servatae
3246 3955 3278 3995 a
3306 3939 3421 3995 Deo
3457 3940 3635 3995 uxoris

2071 4032 2346 4103 pudicitiae
2386 4041 2583 4104 praeter
2626 4030 2864 4104 Moysem
2897 4039 3308 4103 prosequuntur
3344 4029 3631 4104 Josepbus.

2071 4125 2278 4197 Antiq.,
2303 4124 2401 4180 lib.
2434 4140 2473 4190 ι,
2503 4140 2626 4195 (ap.
2658 4124 2692 4179 8
2717 4141 2732 4192 ;
2769 4122 2948 4191 Philo,
2976 4124 3072 4179 lib.
3095 4123 3172 4178 De
3198 4122 3495 4188 Abraham,
3523 4135 3634 4194 qua

2070 4232 2178 4273 non
2214 4217 2438 4272 minima
2468 4216 2560 4271 lux
2592 4215 2720 4271 huic
2749 4216 2891 4271 loco.

2138 4307 2274 4363 ibid.
2302 4346 2319 4370 ,
2355 4307 2454 4363 lin.
2484 4307 2571 4361 l6.
2624 4307 2733 4361 Kal
2762 4307 2905 4374 τοὺς
2942 4307 3319 4377 Αἰγυπτίους.
3344 4304 3630 4379 Iosephus,

396 4391 599 4445 struxit
625 4404 797 4452 aram,
829 4397 883 4445 et
915 4388 1125 4446 hostias
1161 4393 1440 4446 mactavit.
1487 4392 1635 4447 idem
1678 4393 1878 4448 asserit
1911 4401 1966 4462 et

2072 4398 2246 4470 Antiq.
2278 4399 2373 4454 lib.
2402 4414 2442 4462 ι,
2501 4413 2622 4468 cap.
2649 4397 2715 4453 9:
2752 4397 2871 4452 Τῶν
2901 4397 3010 4469 γὰρ
3034 4398 3345 4466 Αιγυπτιων
3365 4397 3630 4472 διαφόροις

395 4483 591 4552 probat
626 4481 997 4570 Augustinus,
1031 4480 1108 4536 De
1147 4482 1355 4565 civitate
1398 4482 1496 4538 Dei
1543 4483 1638 4539 lib.
1680 4500 1792 4548 1m,
1839 4500 1963 4563 cap.

397 4571 486 4628 15.

467 4664 629 4731 lbid.,
661 4666 759 4720 lin.
793 4667 881 4721 i3.
912 4668 1022 4722 Kal
1045 4665 1312 4732 ἀναστὰς
1332 4664 1578 4745 ἐκεῖθεν.
1607 4665 1681 4719 Et
1712 4664 1964 4732 Chaldma

393 4773 612 4829 nempe,
631 4766 694 4815 et
722 4758 1128 4831 MeSOpotamia,
1156 4759 1493 4829 Augustinus
1521 4767 1724 4823 tamen,
1759 4758 1854 4813 lib.
1876 4774 1965 4814 xvt

392 4848 473 4905 Ile
502 4852 731 4915 civitate,
767 4865 887 4922 cap.
927 4851 1023 4915 l5,
1051 4849 1282 4906 afﬁrmat
1322 4849 1595 4903 Abraham
1647 4849 1962 4905 mandatum

393 4939 492 4997 Dci
544 4943 822 5013 accepisse
868 4958 992 4997 cum
1021 4942 1134 5011 jam
1169 4940 1520 4996 discessisset
1543 4956 1573 4995 e
1603 4939 1878 5006 Chaldaaa,
1910 4947 1966 4997 et

393 5032 451 5087 in
497 5030 885 5103 Mesopotamia
930 5039 1380 5087 commoraretur.
1426 5028 1786 5102 Ambrosius,
1819 5030 1965 5093 lib.t

394 5122 474 5181 De
498 5123 769 5179 Abraham
792 5165 808 5189 ,
842 5138 963 5194 cap.
992 5122 1028 5177 2
1051 5140 1067 5190 ;
1092 5121 1298 5178 Paulus
1328 5121 1624 5192 Burgensis
1649 5161 1664 5184 ,
1721 5121 1778 5175 in
1833 5119 1960 5179 Gen.

392 5231 517 5287 cap.
564 5233 675 5282 ιιι,
709 5218 954 5273 sentiunt
1006 5216 1112 5269 hoc
1152 5221 1480 5285 praeceptum
1525 5213 1604 5266 illi
1654 5212 1963 5281 impositum

393 5306 568 5365 fuisse
603 5310 661 5365 in
703 5310 923 5366 civitate
957 5307 1181 5362 llaram.
1222 5305 1336 5377 Ego
1368 5312 1551 5371 tamen
1602 5305 1962 5361 existimarim

396 5400 668 5457 Abraham
703 5401 808 5456 hoc
846 5407 1176 5473 praeceptum
1211 5397 1525 5468 accepisse,
1566 5413 1692 5453 cum
1725 5404 1871 5453 esset
1905 5397 1962 5451 in

392 5491 802 5562 Mesopotamia,
842 5508 943 5548 nec
971 5493 1118 5548 enim
1150 5490 1369 5547 videtur
1397 5505 1427 5543 a
1450 5490 1666 5546 ratione
1695 5490 1960 5551 alienum,

392 5580 668 5639 Abraham
717 5598 931 5639 summo
986 5590 1183 5639 conatu
1234 5578 1405 5636 Deum
1461 5579 1812 5651 diligentem,
1856 5581 1962 5637 sibi

398 5675 530 5731 illud
561 5662 819 5734 habuisse
854 5676 1018 5733 (ltum
1044 5675 1099 5731 in
1129 5674 1346 5741 animo,
1390 5683 1448 5728 ut
1473 5674 1716 5746 aliquos,
1744 5672 1789 5728 si
1821 5687 1960 5744 quos

2065 4489 2448 4561 ἀρεσκομένων
2480 4488 2662 4553 ἔθεσι,
2690 4489 2785 4543 καί
2821 4489 2890 4543 τά
2926 4489 3057 4560 παρ’
3091 4488 3344 4560 ἀλλήλοις
3377 4490 3629 4560 ὲκφαυλιο

2066 4579 2267 4644 ζόντων
2291 4578 2516 4651 νόμιμα,
2536 4578 2631 4632 καί¹
2654 4577 2743 4633 διά
2773 4577 2933 4632 τοῦτο
2950 4577 3230 4648 δυσμενῶς
3255 4577 3492 4648 ἑχόντων
3505 4576 3627 4648 πρὸς

2064 4668 2324 4742 ἀλλήλους
2342 4708 2359 4735 ,
2400 4667 2693 4740 συμϐαλὼν
2721 4669 2899 4724 αὐτῶν
2930 4669 3214 4733 ἑκάστοις,
3245 4670 3338 4725 καὶ
3362 4667 3624 4725 διαπτύων

2063 4762 2190 4823 τοὺς
2214 4760 2439 4829 λόγους,
2485 4759 2579 4825 οὒς
2629 4758 2911 4814 ἐποιοῦντο
2952 4760 3084 4832 περὶ
3113 4760 3221 4815 τῶν
3266 4760 3413 4815 ἰδίων
3454 4761 3625 4823 κενοὺς

2066 4855 2160 4908 καὶ
2195 4854 2360 4925 μηδὲν
2396 4853 2596 4925 ἀληθὲς
2635 4854 2857 4925 ἔχοντας
2895 4853 3187 4924 ἀπέφαινε.
3212 4851 3351 4910 Vide
3372 4852 3622 4910 Joannem

2064 4943 2536 5017 Chrysostomum,
2569 4946 2718 5001 hom.
2746 4946 2817 5001 ‘50
2841 4946 2895 5000 in
2924 4943 3112 5000 Cenes.

2133 5037 2295 5101 lbid.,
2320 5037 2418 5092 lin.
2457 5036 2548 5092 i9.
2577 5037 2691 5091 Kal
2716 5036 3105 5106 θαυμασθείς.
3130 5033 3423 5105 Iosephus,
3454 5032 3618 5099 Aulio.

2062 5132 2157 5187 lib.
2176 5147 2216 5194 ι.
2244 5146 2366 5200 cap.
2390 5132 2423 5186 9
2444 5147 2458 5184 :
2476 5129 2827 5200 Θαυμασθεὶς
2842 5124 2934 5184 οὖν
2960 5129 3052 5182 ὑπ’
3077 5127 3257 5182 αὐτῶν
3283 5128 3343 5180 ὲν
3368 5130 3492 5190 ταῖς
3513 5140 3621 5178 συν-

2061 5220 2268 5285 ουσίαις
2300 5220 2376 5284 ὡς
2409 5217 2808 5284 συνετώτατος,
2864 5219 2960 5274 καὶ
2995 5218 3167 5283 δεινὸς
3193 5217 3332 5288 ἀνὴρ
3357 5218 3423 5271 οὑ
3449 5218 3620 5288 νοῆσαι

2065 5311 2245 5383 μόνον,
2281 5309 2417 5364 ἀλλά
2449 5310 2546 5364 καὶ
2571 5313 2760 5365 πεῖσαι
2787 5311 2961 5380 λέγων
2990 5311 3118 5382 περὶ
3146 5303 3223 5364 ὧν
3254 5308 3322 5364 ἀν
3353 5310 3617 5380 ἐπιχειρή-

2064 5419 2175 5457 σειε
2205 5401 2475 5455 διδάσκειν
2495 5440 2511 5464 ,
2542 5402 2640 5473 τήν
2681 5419 2741 5455 τε
2775 5401 3150 5474 ἀριθμητικὴν
3195 5401 3386 5465 αὐτοῖς
3419 5400 3617 5472 χαρίζε-

2060 5509 2173 5556 ται,
2197 5493 2292 5547 καὶ
2319 5491 2449 5565 περὶ
2482 5492 2838 5563 ἀστρολογίαν
2867 5493 3215 5565 παραδίδωσι.
3252 5492 3367 5564 Πρὸ
3391 5493 3503 5565 γὰρ
3532 5491 3615 5561 τῆς

2059 5580 2373 5653 Ἀϐραάμου
2418 5582 2720 5655 παρουσίας
2754 5582 3041 5653 Αἰγύπτιοι
3069 5584 3277 5639 τούτων
3316 5578 3465 5655 εἶχον
3488 5584 3611 5654 ἀμα-

2063 5671 2190 5736 θῶςο
2219 5673 2283 5727 ἐκ
2310 5670 2590 5728 Χαλδαίων
2606 5673 2714 5746 γὰρ
2728 5672 2900 5732 ταῦτα
2922 5675 3207 5748 ἐφοίτησεν
3232 5679 3315 5741 εἰς
3336 5678 3595 5746 Αἴγυπτον
