3848 6168
173 322 315 379 1017

1266 317 1336 376 IN
1373 315 1748 376 EUSTATH'II
1795 318 2272 378 HEXAEMERON
2303 317 2534 380 ΝΟΤΕ.

3304 325 3439 381 1018

171 437 298 492 ὅθεν
335 433 468 510 ἦλθε
497 438 592 492 και
631 439 712 500 είς
750 438 879 503 τοὺς
911 437 1202 510 Ἕλληνας,
1238 437 1572 509 Eupolemus
1609 437 1747 512 apud

1855 440 1998 513 perii
2053 441 2268 504 habuit,
2317 439 2618 499 tradidisse
2656 442 2948 509 ministris,
2990 451 3050 499 ut
3093 453 3436 520 pertempus

173 527 605 600 Polyhistorem:
633 528 952 600 Συζήσαντα
971 528 1028 584 δὲ
1051 527 1142 582 τὸν
1170 528 1425 600 ’Δϐραὰμ
1455 528 1514 583 ἒν
1554 529 1747 583 Ἡλιου-

1861 541 2186 591 consuetum
2215 533 2510 606 pigmentis
2538 534 2925 602 illustraretur,
2976 535 3440 611 inungereturqua

171 619 325 674 πόλει
378 622 493 684 τοῖς
536 619 846 688 Αἰγυπτίων
892 620 1098 691 ἱερεῦσι
1119 658 1135 682 ,
1182 620 1355 675 πολλὰ
1415 619 1760 693 μεταδιδάξαι

172 709 393 775 αὐτοὺς,
415 711 506 766 καὶ
530 711 631 783 τὴν
653 710 1009 783 ἀστρολογίαν
1041 712 1230 765 καὶτὰ
1256 711 1418 766 λοιπὰ
1447 711 1634 766 τοῦτον
1661 713 1760 765 αὺ-

172 804 286 870 τοῖς
313 801 742 874 εἰσηγήσασθαι,
774 803 1016 883 ςράμενον
1054 804 1431 868 Βαϐυλωνίους
1457 804 1634 859 ταῦτα
1663 805 1774 878 καχ

172 893 337 948 αὐτὸν
376 895 667 967 εὑρηκέναι
691 913 705 926 ο
742 895 840 968 τὴν
891 897 950 950 δὲ
989 896 1206 969 εὕρεσιν
1257 897 1438 952 αὐτῶν
1474 901 1556 962 είς
1587 897 1757 970 Ἑνὼχ

171 988 558 1059 ἀναπέμπειν,
617 990 710 1045 καὶ
755 989 946 1044 τοῦτον
1015 991 1312 1063 εὑρηκέναι
1374 991 1588 1064 πρῶτον
1660 991 1757 1063 τὴν

171 1080 550 1152 ἀστρολογίαν,
603 1082 703 1136 οὐκ
755 1081 1104 1152 Αἰγυπτίους.
1155 1085 1508 1154 Artapanus:
1546 1083 1650 1137 Τὸν
1699 1084 1756 1138 δὲ

176 1171 590 1245 ’Δϐραμον,τὴν
610 1174 1002 1247 ἀστρολογικὴν
1032 1176 1344 1247 ἐπιστήμην
1379 1174 1754 1239 παιδευθέντα,

170 1261 394 1334 πρῶτον
428 1264 524 1334 μὲν
555 1264 727 1318 ἐλθεῖν
778 1267 860 1330 είς
899 1266 1153 1338 Φοινίκην
1179 1306 1194 1330 ,
1228 1269 1322 1321 καὶ
1351 1268 1475 1331 τοὺς
1503 1268 1756 1332 Φοίνικας

169 1355 530 1425 ἀστρολογίαν
565 1356 770 1422 διδάξαι
791 1373 804 1389 ⁸
842 1356 1069 1429 ὕστερον
1095 1359 1142 1416 δ’
1171 1361 1252 1423 είς
1279 1359 1552 1430 Αἴγυπτον
1577 1377 1756 1430 παρα·-

169 1446 449 1514 γενέσθαι.
486 1446 690 1503 Horum
745 1456 933 1504 tamen
967 1453 1242 1506 sententia
1277 1450 1500 1507 Pererio
1530 1469 1638 1508 non
1665 1468 1755 1507 ar-

168 1537 346 1604 ridet,
372 1555 602 1611 eamque
649 1541 726 1595 ait
757 1541 997 1596 divinam
1039 1542 1380 1614 Scripturam
1423 1560 1742 1616 coarguere.

167 1631 357 1689 Primo
380 1675 396 1698 ,
426 1634 554 1705 quia
585 1635 860 1691 Abraham
905 1636 1234 1692 brevissimo
1278 1647 1522 1708 tempore
1552 1638 1654 1692 fuit
1696 1638 1753 1692 in

167 1723 439 1797 Egypto,
475 1725 546 1780 ita
574 1732 634 1780 ut
667 1728 722 1780 in
757 1734 909 1780 tanta
939 1727 1206 1782 brevitate
1233 1729 1493 1798 temporis
1514 1729 1618 1782 illa:
1637 1728 1752 1783 dis-

1859 623 2017 691 oleis,
2069 640 2193 696 quae
2225 625 2377 689 item,
2416 635 2472 682 et
2499 643 2731 696 moram,
2759 636 2813 683 et
2863 635 3079 698 tempus
3127 632 3435 702 requirunt.

1857 714 2011 772 Adde
2038 717 2204 772 etiam
2233 718 2365 785 illud
2390 719 2557 790 quod,
2599 728 2888 794 postquam
2927 723 3174 778 restituta
3207 723 3305 778 fuit
3334 721 3436 781 Sa-

1859 825 1942 874 ra,
1981 809 2255 867 Abraham
2291 827 2398 868 non
2438 813 2622 869 statim
2665 813 2904 869 excessit
2954 830 3021 869 ex
3075 813 3332 886 Egypto,
3375 820 3440 885 ut

1855 905 2156 960 verisimile
2206 912 2313 967 est,
2369 905 2618 975 quamvis
2671 905 2822 964 viros
2875 906 3120 971 haberet,
3170 909 3244 963 ita
3297 907 3436 964 Pha-

1857 1010 2027 1050 raone
2083 996 2457 1067 praecipiente,
2521 998 2617 1068 qui
2672 1013 2797 1052 eum
2846 997 3166 1057 educerent.
3221 999 3433 1056 Pharao

1856 1101 2094 1156 namque
2123 1087 2457 1156 experientia
2486 1086 3058 1159 doctus,ﬁagellisque
3087 1090 3430 1160 prudentior,

1855 1192 2034 1248 neque
2067 1179 2335 1242 animose,
2362 1194 2461 1233 nec
2483 1178 2656 1249 rigide
2680 1179 2958 1234 Abraham
2989 1183 3309 1252 expulisset,
3333 1184 3428 1238 sed

1853 1269 2103 1338 exposita
2132 1269 2435 1334 voluntate,
2461 1277 2515 1325 et
2553 1285 2656 1340 ope
2685 1271 2816 1335 lata,
2842 1287 2954 1326 suae
2989 1273 3140 1326 illum
3175 1274 3429 1342 potestati

1853 1359 2083 1424 dimisit,
2119 1363 2212 1431 qui
2241 1362 2409 1418 rebus
2448 1362 2564 1418 suis
2605 1363 2910 1433 dispositis,
2964 1365 3210 1420 recessit.
3251 1364 3432 1432 Quan-

1852 1458 1967 1506 tum
1998 1465 2180 1510 autem
2221 1454 2276 1509 id
2308 1463 2525 1525 tempus
2561 1454 2726 1510 fuerit
2764 1471 2872 1510 non
2921 1457 3097 1512 ausim
3137 1457 3426 1521 allirmare.

1851 1545 2012 1614 quale
2039 1547 2198 1615 quale
2243 1553 2361 1601 erat
2401 1545 2469 1599 ad
2501 1547 2917 1602 mathematicas
2955 1547 3273 1619 disciplinas
3325 1556 3432 1604 tra-

1851 1635 2058 1692 dendas
2085 1637 2207 1708 plus
2239 1637 2408 1693 nimio
2452 1644 2569 1692 erat
2603 1639 2765 1703 satis;
2813 1655 2991 1709 neque
3023 1641 3169 1696 enim
3206 1642 3430 1698 omnino

1851 1729 2118 1798 imperitis
2173 1737 2227 1783 et
2286 1729 2475 1785 insciis
2522 1730 2782 1785 scientias
2836 1731 2962 1786 illas
2998 1734 3294 1803 exposuit:
3332 1735 3428 1791 sed

165 1817 387 1886 ciplinae
429 1832 531 1872 nec
585 1817 893 1887 potuissent
918 1818 1214 1888 explicari,
1250 1833 1352 1873 nec
1385 1817 1616 1873 addisci.
1649 1819 1746 1874 Se-
1781 1800 1822 1854 B
1845 1819 1959 1889 jam
1993 1819 2116 1874 aliis
2157 1819 2488 1890 disciplinis,
2523 1821 2602 1874 uti
2663 1821 2780 1876 ﬁeri
2825 1800 3345 1892 poteratgimbutis,
3375 1835 3430 1880 et

163 1908 387 1972 cunde,
431 1909 562 1978 quia
609 1909 794 1963 statim
839 1909 1094 1964 restituta
1139 1924 1311 1964 uxore
1358 1909 1552 1979 jussus
1580 1911 1744 1967 fuerit

165 2001 323 2056 abire
341 2016 404 2056 ex
421 1999 678 2072 Egypto;
699 2009 753 2057 et
777 2017 845 2058 ne
860 2002 989 2072 quid
1010 2003 1318 2059 detrimenti
1344 2011 1640 2074 pateretur,
1659 2019 1746 2060 co-

165 2095 334 2150 mites
353 2095 402 2148 ei
429 2093 542 2148 dati
565 2097 694 2149 sint.
725 2093 911 2149 Tertio
932 2110 1000 2149 ex
1028 2093 1085 2153 S.
1113 2096 1436 2167 Augustino,
1460 2095 1532 2149 De
1555 2097 1743 2150 civita-

165 2193 221 2241 te
243 2183 361 2251 Dei,
395 2184 489 2239 lib.
517 2201 674 2249 xvul,
705 2199 827 2256 cap.
857 2185 946 2250 40,
981 2186 1074 2254 qui
1101 2185 1401 2240 Varronem
1433 2186 1617 2240 laudat
1644 2201 1743 2241 au-

162 2286 402 2342 ctorem,
437 2293 470 2332 a
497 2293 606 2348 quo
628 2277 906 2348 proditum
938 2277 1009 2332 sit
1030 2276 1315 2348 Egyptios
1341 2278 1574 2347 primum
1607 2277 1745 2334 Iside

165 2369 433 2439 magistra
465 2369 676 2424 litteras
729 2365 990 2424 didicisse
1031 2369 1196 2438 paulo
1242 2369 1363 2438 plus
1393 2369 1624 2424 duorum
1654 2385 1745 2423 an-

167 2476 368 2518 norum
403 2461 644 2518 millibus
687 2470 813 2517 ante
851 2477 1006 2516 suam
1055 2469 1288 2516 aetatem.
1336 2458 1437 2516 isis
1477 2476 1606 2516 vero
1634 2461 1744 2516 ﬁlia

164 2550 272 2608 fuit
289 2553 471 2608 Inachi
495 2554 638 2626 regis
655 2551 1000 2625 Argivorum.
1026 2553 1185 2623 cujus
1205 2568 1430 2624 regnum
1453 2561 1575 2625 post
1597 2569 1744 2608 mor-

162 2653 279 2702 tem
315 2646 548 2702 Abrahae
597 2646 816 2702 inchoat
843 2645 1129 2703 Eusebius.
1177 2643 1480 2709 Postremo,
1512 2635 1740 2700 Janibli-

162 2739 329 2804 chus,
355 2738 433 2794 De
463 2749 676 2811 myster.
708 2737 952 2810 ﬁgypt"
982 2740 1217 2808 primum
1255 2738 1538 2810 sapientia:
1571 2748 1624 2794 et
1650 2739 1745 2794 do-

163 2831 472 2888 ctrinarum
494 2833 636 2904 apud
655 2833 942 2905 Egyptios
967 2843 1245 2890 auctorem
1268 2833 1396 2890 facit
1419 2833 1745 2890 Mercurium

163 2922 606 2995 'l‘rismegistum.
653 2923 810 2980 Hunc
838 2931 1024 2980 autem
1052 2939 1163 2980 non
1193 2924 1370 2981 solum
1412 2926 1742 2992 Abrahamo,

164 3014 266 3070 sed
293 3015 456 3070 etiam
489 3015 671 3087 Moyse
697 3017 1058 3072 recentiorem
1092 3014 1264 3073 fuisse
1293 3016 1559 3072 afﬁrmant
1582 3016 1750 3074 Euse-

162 3105 294 3163 bius
321 3114 377 3163 et
405 3107 762 3178 Augustinus.
804 3105 923 3163 Non
947 3106 1202 3163 videntur
1230 3117 1409 3164 tamen
1463 3111 1599 3163 tanti
1632 3111 1744 3164 haec

165 3205 511 3270 argumenta,
541 3200 586 3254 si
611 3207 760 3254 recte
783 3199 1223 3264 considerantur,
1248 3209 1306 3256 ut
1333 3201 1447 3270 jam
1474 3202 1744 3258 dictorum

163 3291 460 3355 sententia,
488 3299 543 3347 et
573 3291 750 3346 nostri
800 3291 1072 3349 Eustathii
1125 3294 1279 3364 rejici
1311 3293 1505 3351 debeat
1531 3314 1545 3350 :
1571 3295 1748 3365 primo

164 3381 298 3454 quia
347 3383 508 3439 nobis
570 3398 681 3439 non
711 3384 882 3456 liquet
930 3394 1136 3456 quanto
1163 3394 1410 3457 tempore
1472 3385 1745 3442 Abraham

164 3473 317 3544 apud
355 3473 643 3546 Egyptios
691 3485 935 3533 moratus
987 3476 1171 3542 fuerit,
1227 3478 1372 3549 quod
1422 3495 1533 3534 non
1576 3478 1748 3536 fuisse

164 3562 555 3622 brevissimum
587 3566 674 3622 vel
713 3581 780 3629 ex
811 3581 877 3622 eo
907 3575 1077 3637 patet,
1104 3567 1250 3638 quod
1279 3567 1414 3622 dicit
1444 3566 1744 3637 Scriptura,

166 3655 462 3713 Dominum
499 3656 805 3726 ﬁagellasse
833 3657 1174 3714 Pharaonem
1203 3658 1378 3729 plagis
1413 3657 1666 3713 maximis
1691 3665 1746 3714 et

164 3748 391 3806 domum
419 3749 558 3818 ejus.
579 3748 765 3819 Neque
791 3749 937 3805 enim
959 3749 1293 3806 credendum
1327 3759 1411 3806 est
1434 3749 1606 3820 prima
1631 3748 1746 3805 vice

165 3841 341 3899 Deum
365 3841 575 3912 ﬂagella
607 3841 842 3896 maxima
872 3840 1110 3908 inferre;
1137 3840 1231 3896 sed
1254 3841 1488 3912 primum
1519 3840 1743 3905 leviora,

165 3935 369 3999 deinde
440 3935 647 3989 malitia
699 3934 1034 4006 perﬁdiaque
1085 3941 1388 3998 crescente,
1449 3934 1774 4002 atrociora,~

165 4028 316 4101 quod
369 4027 696 4083 brevissimo
746 4034 989 4097 tempore
1021 4027 1218 4082 conﬁci
1245 4026 1582 4082 credendum
1632 4042 1743 4083 non

163 4129 273 4178 est.
296 4117 670 4190 Requiruntur
706 4119 852 4175 enim
883 4126 936 4172 et
975 4117 1378 4174 admonitiones
1429 4119 1662 4189 prmvize.
1691 4127 1746 4177 et

165 4210 366 4282 signa;
411 4224 513 4265 nec
537 4224 646 4264 non
668 4224 734 4264 ex
763 4215 922 4279 parte
965 4208 1141 4278 ipsius
1177 4209 1483 4277 peccatoris
1526 4209 1579 4263 in
1602 4209 1746 4264 malo

167 4302 606 4377 perseverantia,
640 4309 696 4356 et
726 4300 944 4356 animus
966 4299 1275 4355 obstinatus
1304 4302 1369 4354 ad
1407 4301 1531 4362 hoc,
1565 4309 1626 4355 ut
1652 4300 1746 4354 ﬁa-

163 4395 308 4466 gella
333 4395 571 4448 maxima
601 4393 999 4463 impingantur,
1020 4391 1182 4446 sicuti
1216 4399 1270 4445 et
1299 4391 1356 4445 in
1385 4406 1446 4446 re
1464 4390 1741 4455 dissimili,

1849 1911 2079 1968 confusa
2111 1911 2345 1984 quadam
2381 1929 2566 1968 rerum
2591 1913 2810 1967 illarum
2837 1913 3032 1968 notitia
3061 1917 3176 1971 sive
3194 1932 3310 1970 eam
3338 1933 3431 1974 na-

1849 2013 1995 2067 tura,
2053 2007 2168 2063 sive
2201 2015 2318 2062 arte
2348 2007 2635 2069 haberent,
2675 2009 3042 2077 turgentibus,
3097 2009 3294 2079 quibus
3329 2025 3429 2066 nec

1850 2094 2074 2149 minima
2121 2096 2177 2150 in
2209 2097 2635 2163 mathematicis,
2679 2099 2772 2154 sed
2806 2101 3100 2168 praecipua,
3134 2102 3220 2155 vel
3251 2101 3427 2156 solum

1851 2185 2082 2242 innuere
2134 2186 2455 2255 sufﬁciebat,
2528 2199 2588 2244 ut
2652 2206 2844 2246 eorum
2896 2202 3198 2263 ptmceptor
3244 2205 3430 2264 posset

1849 2276 2170 2338 existimari.
2191 2276 2392 2346 quibus
2419 2277 2789 2334 fundamentis
2819 2278 2982 2348 jactis
3007 2279 3229 2349 proprio
3257 2287 3429 2336 marte

1850 2367 2301 2437 perfectissimam
2341 2384 2530 2423 eorum
2570 2371 2854 2425 scientiam
2911 2371 3272 2440 notitiamque
3321 2369 3428 2426 sibi

1849 2475 2043 2530 parare
2067 2461 2328 2516 valerent.
2356 2460 2496 2527 Quid
2533 2463 2748 2518 tandem
2778 2463 3018 2518 traderet
3051 2463 3199 2517 aliud
3229 2461 3425 2525 Varro,

1849 2551 1936 2626 cui
1966 2549 2318 2606 Hebraeorum
2351 2551 2595 2607 historiae
2624 2553 2850 2608 minime
2871 2563 3032 2621 notze,
3051 2553 3256 2624 quique
3283 2554 3428 2608 sicut

1849 2647 1905 2696 et
1941 2640 2034 2694 alii
2085 2639 2314 2705 ethnici,
2369 2641 2439 2696 ab
2469 2641 2576 2696 illis
2622 2657 2710 2696 res
2743 2650 2998 2712 acceptas
3034 2641 3331 2712 pervertit?
3363 2640 3428 2697 Et

1848 2730 2190 2787 Jamblichus
2208 2733 2445 2802 primum
2466 2731 2847 2804 Egyptiorum
2866 2735 3166 2805 sapientem
3180 2735 3429 2791 nominat

1852 2823 2294 2896 Trismegistum,
2340 2833 2603 2896 tanquam
2645 2842 2792 2890 eum,
2847 2835 2906 2881 ttt
2933 2827 3148 2897 opinor,
3177 2828 3268 2898 qui
3315 2841 3428 2883 ncn

1851 2919 2026 2975 solum
2052 2932 2204 2986 voce,
2227 2917 2324 2973 sed
2352 2919 2574 2986 scriptis
2592 2918 2756 2974 etiam
2789 2919 2994 2988 aliquid
3027 2920 3287 2989 prodidit.
3314 2918 3428 2976 Nec

1850 3009 1985 3065 mihi
2023 3009 2278 3065 videntur
2313 3008 2484 3065 Varro
2513 3017 2567 3066 et
2611 3008 2951 3068 Jamblichus
2992 3011 3046 3066 in
3082 3011 3312 3066 historia
3341 3011 3427 3067 di-

1850 3105 1977 3158 vina
2002 3101 2407 3174 Scripturaeque
2444 3103 2812 3174 explicatione
2830 3104 3136 3171 Eustathio,
3165 3103 3429 3191 Eusebio.

1847 3192 2104 3264 Josepho,
2137 3194 2366 3264 aliisque
2389 3194 2774 3264 anteponendi.

1917 3283 2035 3340 Col.
2069 3269 2191 3349 761,
2215 3285 2312 3339 lin.
2336 3283 2428 3340 25.
2442 3287 2749 3352 Maecia-rec
2767 3283 2948 3341 δέ.1ιιι
2967 3301 3183 3356 semper
3205 3285 3426 3356 ingenui

1845 3375 2051 3446 quique
2079 3375 2211 3432 fassi
2237 3383 2390 3440 sunt,
2420 3377 2584 3432 etiam
2617 3393 2684 3432 ex
2729 3378 2862 3448 ipsis
2901 3375 3122 3432 Grecis.
3162 3374 3221 3432 In
3250 3391 3430 3448 prom-

1847 3477 1944 3538 ptu
1971 3475 2100 3523 sunt
2129 3482 2252 3538 qua:
2281 3483 2445 3538 super
2465 3467 2570 3523 hoc
2592 3475 2915 3540 argumento
2945 3468 3308 3539 scripserunt,
3325 3464 3428 3522 Ta-

1847 3563 2052 3626 tianus,
2087 3560 2362 3626 Clemens,
2395 3561 2756 3633 Theophilus,
2787 3560 3058 3616 Eusebius
3089 3569 3143 3615 et
3163 3561 3275 3620 alii.
3307 3560 3428 3616 Dio-

1847 3651 1970 3722 geni
2028 3649 2266 3718 Laertio,
2311 3651 2408 3706 lib.
2442 3667 2484 3716 ι,
2534 3653 2679 3707 sicut
2721 3657 2778 3706 et
2831 3649 2954 3704 aliis
2983 3645 3288 3715 nonnullis,
3313 3658 3424 3704 non

1847 3743 2048 3813 placet.

1916 3834 2079 3901 lbid.,
2113 3834 2210 3889 lin.
2246 3833 2338 3890 24.
2373 3833 2504 3900 Υἱὸς
2530 3831 2804 3902 Ἰσμαήλ.
2858 3829 2937 3887 Ex
2969 3845 3080 3902 quo
3119 3827 3424 3895 lsmaelita,

1845 3927 1939 3999 qui
1975 3936 2029 3982 et
2059 3928 2288 3992 Arabes,
2320 3925 2454 3980 dicti
2497 3924 2733 3996 Agarcni
2766 3924 2836 3978 ab
2874 3924 3018 3994 Agar
3067 3921 3300 3977 Abrahae
3325 3935 3429 3976 an-

1844 4019 1993 4082 cilla,
2036 4018 2181 4089 quod
2219 4033 2342 4074 cum
2375 4017 2599 4072 minime
2631 4013 2989 4070 honoriﬁcum
3017 4011 3308 4070 Mahumeti
3342 4011 3428 4069 vl-

1845 4112 2085 4176 derelur,
2145 4111 2420 4166 ordinavit
2453 4118 2513 4164 ut
2567 4107 2826 4164 Saraceni
2863 4106 3178 4162 dicerentur
3219 4119 3250 4158 a
3290 4102 3424 4159 Sara

1845 4204 2087 4275 legitima
2144 4202 2379 4258 Abrahae
2421 4215 2611 4265 uxore,
2651 4197 2863 4260 dicens.
2926 4196 3208 4252 lsmaelem
3237 4201 3427 4250 natum

1843 4313 1911 4355 ex
1938 4312 2023 4362 ea,
2059 4304 2113 4351 et
2144 4311 2255 4352 non
2280 4311 2346 4351 ex
2396 4294 2592 4349 ancilla
2617 4335 2634 4360 ,
2668 4291 2815 4363 quod
2844 4305 3039 4345 nomen
3082 4289 3189 4343 illis
3227 4285 3428 4342 mansit

1844 4389 2023 4458 quoad
2064 4387 2257 4444 Turcae
2305 4385 2357 4440 id
2393 4400 2502 4441 una
2533 4400 2658 4439 cum
2696 4385 2918 4440 natione
2949 4381 3323 4435 aboleverunt.
3345 4374 3426 4432 Ita

163 4501 279 4543 non
309 4488 486 4542 aliena
518 4493 699 4540 tamen
722 4485 958 4548 ratione,
983 4493 1038 4539 et
1058 4498 1246 4553 scopo.
1267 4482 1501 4553 prodidit
1533 4482 1746 4555 Moyses
1775 4497 1820 4554 ο
1850 4481 2152 4537 Villtelmus
2179 4479 2534 4535 Godelevaeus
2581 4478 2636 4531 in
2671 4473 2812 4530 Aula
2843 4472 3090 4534 Turcica,
3119 4471 3215 4524 lib.
3251 4483 3338 4529 ιιι.
3370 4479 3427 4524 et

162 4576 238 4635 de
267 4575 556 4632 Pharaone
580 4575 860 4648 Egyptio,
888 4590 1010 4646 quae
1039 4583 1099 4629 ut
1135 4575 1469 4630 exsecutioni
1494 4575 1746 4630 manden-

163 4677 280 4737 tur,
327 4677 384 4726 et
414 4669 908 4740 longttmdernpus,
953 4675 1008 4723 et
1065 4666 1308 4723 diutinas
1351 4683 1535 4724 moras
1568 4669 1746 4738 requi-

162 4771 316 4818 runt.
347 4760 605 4829 Quinimo
648 4776 771 4817 cum
807 4760 1012 4815 nullam
1046 4757 1155 4813 vim
1185 4773 1308 4814 esse
1346 4759 1550 4814 illatam
1597 4758 1745 4816 Sara:

160 4854 544 4917 concedimus,
582 4852 678 4908 sed
706 4851 1071 4916 matrimonio.
1100 4861 1160 4904 ut
1182 4851 1268 4904 ita'
1288 4851 1489 4913 dicam,
1512 4867 1746 4923 oecupa-

161 4951 298 5010 tam,
329 4957 556 4998 necesse
605 4949 691 4998 est
745 4941 927 5007 fateri,
974 4951 1190 5012 tempus
1240 4942 1595 5012 interlapsurn
1633 4959 1744 5000 non

162 5049 414 5105 parvum,
445 5033 573 5087 dum
605 5033 725 5102 ejus
773 5040 1112 5104 spectatores
1164 5033 1279 5104 regi
1335 5035 1742 5099 renuntiarunt,

161 5125 295 5179 dum
340 5140 436 5178 rex
491 5125 813 5179 accersitam
853 5124 921 5178 ad
951 5139 1011 5179 se
1043 5124 1306 5190 intuetur,
1354 5131 1746 5194 cemparatque

161 5231 290 5271 cum
329 5216 454 5273 aliis
490 5216 815 5272 mulieribus
854 5215 1064 5287 proprii
1111 5217 1287 5287 regni,
1326 5231 1430 5272 nec
1457 5232 1608 5272 more
1636 5216 1747 5272 bel-

162 5309 624 5379 luarum,impetu
649 5308 940 5379 furoreque
973 5316 1154 5363 actum
1180 5311 1360 5364 statim
1391 5308 1739 5364 matrimonio

164 5400 269 5458 sibi
295 5400 567 5470 junxisse,
609 5399 705 5456 sed
735 5400 1020 5456 lenociniis
1042 5440 1057 5464 ,
1090 5400 1371 5455 blanditiis
1404 5401 1636 5471 aliisque
1665 5402 1745 5459 illi

162 5492 399 5549 suadere
419 5500 684 5558 tentasse,
708 5507 738 5546 a
762 5509 867 5563 qua
890 5493 1056 5549 veluti
1080 5491 1464 5548 honestissima
1490 5495 1744 5559 muliere,

88 5637 92 5640 .
164 5590 228 5640 ιιι
257 5597 355 5653 par
381 5591 538 5648 erat,
575 5591 628 5639 et
672 5583 870 5638 rationi
911 5582 1222 5654 proximum
1268 5581 1507 5649 videtur,
1559 5590 1614 5638 et
1655 5598 1747 5638 re-

166 5677 384 5750 pulsam
414 5692 662 5750 passum,
703 5675 884 5732 denuo
922 5676 1110 5732 eadem
1142 5674 1338 5740 cilicia,
1392 5675 1594 5747 sapius
1643 5692 1748 5732 nec

172 5778 282 5818 una
316 5764 438 5821 vice
465 5772 678 5820 tantum
720 5765 972 5821 iterasse.
1013 5762 1116 5822 Ubi
1147 5765 1294 5820 illam
1324 5765 1628 5823 audientem
1654 5764 1750 5822 im-

1844 4571 2138 4628 Africanus
2163 4591 2175 4626 :
2200 4568 2551 4642 Σαρακηνοὺς
2573 4565 2630 4620 δὲ
2652 4567 2846 4631 αὐτοὺς
2892 4561 3282 4635 μετωνόμασαν
3321 4558 3427 4613 ἀπο

1843 4664 2118 4732 αξιοῢντες
2132 4662 2415 4717 καλεῖσθαι
2435 4660 2695 4724 δουλικῶς
2711 4655 3020 4728 Ἀγαρηνοί.
3040 4655 3104 4708 Ει
3127 4651 3422 4708 Eusebius:

1843 4754 1936 4827 Τῷ
1966 4753 2061 4820 πς¹
2085 4754 2198 4808 ἔτει
2227 4752 2320 4807 τοῦ
2359 4750 2609 4824 Ἀϐραὰμ
2641 4750 2825 4803 ἔτεκεν
2858 4746 3006 4817 αὐτῷ
3035 4748 3212 4816 Ἀγαρ
3246 4745 3428 4814 ﬂuat-

1844 4848 2004 4918 δίσκη
2025 4847 2118 4901 τὸν
2157 4845 2400 4918 Ἰσραὴλ,
2431 4844 2524 4915 ἀφ’
2543 4835 2604 4897 οὗ
2629 4842 2689 4896 τὸ
2716 4842 2825 4894 τῶν
2856 4837 3209 4912 Ἰσμαηλιτῶν
3239 4837 3423 4907 γένος’

1842 4941 1892 4993 οἱ
1926 4938 1981 4992 δὲ
2016 4937 2169 4993 aurei.
2196 4933 2304 4990 εἷεν
2341 4937 2634 5007 Ἀγαρηνοὶ
2671 4935 2720 4988 oi
2750 4933 2844 4987 καὶ
2886 4930 3193 5006 Σαρακηνοὶ
3233 4925 3428 4984 κακοῦ.

1847 5048 2018 5103 μενοι.
2059 5029 2216 5096 Quod
2261 5029 2468 5084 dictum
2506 5027 2798 5082 ridiculum
2849 5032 2954 5087 est,
3021 5021 3307 5078 manifeste
3337 5034 3430 5077 re-

1844 5120 2217 5193 pugnantibus
2242 5119 2417 5176 sacris
2445 5117 2688 5174 Litteris.
2720 5116 2840 5172 Non
2873 5131 2958 5171 me
2991 5114 3127 5184 fugit
3182 5112 3320 5166 alios
3358 5109 3430 5166 ad

1846 5216 1983 5270 alios
2023 5219 2277 5284 parentes
2326 5227 2392 5266 ac
2429 5219 2616 5282 patres
2648 5207 2957 5264 Turcarurn
2989 5214 3202 5274 gentem
3247 5213 3429 5258 trans-

1846 5309 2080 5369 mittere,
2099 5319 2237 5374 quos
2267 5318 2400 5360 sane
2421 5319 2531 5359 non
2559 5300 2916 5372 improbabis,
2936 5298 2982 5355 si
3009 5296 3254 5370 gentium
3275 5309 3432 5349 ever.

1847 5399 2052 5460 siones,
2076 5397 2317 5450 locorum
2342 5394 2692 5457 mutationes,
2721 5393 3112 5462 nominumque
3141 5387 3424 5443 confusio-

1846 5506 1944 5546 nes
1994 5486 2330 5542 consideres.
2391 5484 2748 5556 Saepesaepius
2819 5481 3039 5543 nobilis,
3101 5494 3202 5534 nec
3239 5485 3432 5534 conte-

1847 5580 2080 5637 mnenda
2116 5580 2266 5634 natio
2315 5594 2344 5634 a
2403 5578 2495 5632 vili
2551 5577 2724 5645 bello,
2799 5574 3081 5644 armisque
3135 5579 3428 5644 superata.

1846 5673 2136 5740 exhausta,
2167 5688 2276 5727 non
2305 5680 2519 5726 tantum
2550 5683 2707 5740 opes.
2741 5674 2796 5724 et
2842 5669 2980 5727 loca.
3009 5666 3104 5724 sed
3135 5673 3191 5722 et
3229 5677 3428 5722 nomen

1851 5765 2054 5829 amisit,
2099 5765 2432 5836 victorisque
2480 5777 2681 5819 nomen
2721 5776 2988 5833 suscepit.
3022 5776 3096 5816 na
3128 5783 3179 5814 ι..
3211 5755 3428 5813 difﬁcile
