3848 6168
462 313 605 374 1019

1838 310 2084 368 LEONIS
2123 311 2396 369 ALLATII

3600 315 3733 373 {€20

462 437 535 493 sit
565 449 754 490 eorum
794 445 997 490 certam
1029 437 1296 507 originem
1351 437 1596 508 assequi,
1651 439 1823 493 nulla
1851 454 2042 493 eorum
2073 443 2115 499 Α
2147 439 2336 507 ipsius,
2372 448 2422 492 et
2465 439 2704 508 ﬁliarum
2729 437 2868 506 ejus,
2907 449 2956 489 et
2989 451 3203 488 manum
3243 451 3399 506 egeno
3423 446 3476 490 et
3510 444 3733 507 pauperi

463 527 724 582 memoria
759 527 1077 597 superstite.
1117 526 1257 583 Sunt
1291 529 1406 584 haec
1435 531 1587 586 vices
1619 538 1947 601 temporum,
1972 531 2050 584 lu-

460 621 677 688 dusque
706 627 940 677 naturae.
989 617 1222 686 Quidam
1255 621 1644 677 existimarunt
1675 620 1980 678 Saracenos
2017 638 2047 678 a

449 709 669 763 Saraca
696 710 832 763 urbe
861 709 1098 774 Arabiae,
1126 727 1254 765 nam
1287 720 1342 766 et
1376 714 1431 767 in
1470 713 1663 778 Ponto,
1698 722 1752 769 et
1782 715 1836 768 in
1875 714 2048 770 Media

465 801 618 854 urbis
650 801 754 855 hoc
780 801 1000 856 nomine
1027 802 1166 856 tradi
1197 803 1469 872 reperitur
1512 805 1812 874 appellatos
1849 805 2046 874 fuisse;

463 893 550 946 vel
583 892 652 946 ab
680 893 818 947 urbe
853 893 1037 956 Sarra,
1062 901 1121 947 ut
1151 893 1476 966 Euthymius
1502 895 1843 968 Zygabenus.
1873 898 2048 966 Quam

465 981 602 1038 bene
631 985 844 1054 sapiant
871 991 1150 1040 auctorem
1192 987 1370 1056 gentis
1417 1003 1530 1042 suae
1585 989 1782 1044 docent
1815 991 2051 1046 Ammia-

466 1089 592 1137 nus,
622 1073 719 1129 lib.
756 1091 830 1143 ιν,
865 1083 920 1130 et
955 1075 1016 1128 D.
1044 1075 1411 1149 Hieronymus
1467 1079 1522 1133 in
1559 1079 1679 1134 Vita
1701 1083 1875 1135 sancti
1905 1081 2049 1136 Mal-

463 1171 567 1224 chi.
595 1168 712 1226 Etsi
768 1179 949 1226 autem
999 1180 1265 1242 putantur
1322 1171 1581 1230 Saraceni
1644 1179 1864 1249 proprie
1917 1179 2046 1234 dicti

464 1263 674 1318 Arabes
708 1264 744 1316 ii
785 1266 878 1334 qui
907 1266 1188 1321 veteribus
1238 1265 1473 1322 Scenitas
1512 1268 1684 1332 fuere,
1720 1279 1901 1325 tamen
1934 1273 2049 1327 uni-

464 1371 655 1411 versos
684 1355 892 1413 Arabas
925 1373 1048 1414 esse
1092 1357 1397 1416 Saracenos
1447 1361 1758 1419 nominatos
1810 1375 2044 1421 constat.

465 1444 532 1499 Et
571 1451 791 1505 tandem
828 1450 883 1504 in
907 1447 1116 1505 Turcas
1159 1454 1544 1523 degenerasse.
1583 1453 1658 1510 De
1686 1471 1918 1524 quorum
1946 1459 2051 1512 ori-

465 1538 592 1608 gine
640 1537 880 1595 Joannes
941 1539 1312 1598 Leunclavius
1374 1542 1634 1598 Historia!
1693 1537 2049 1602 Musulmana:

466 1631 561 1685 lib.
597 1648 658 1699 ιι,
699 1632 982 1703 Philippus
1031 1633 1387 1703 Hanivaldus,
1439 1635 1756 1694 Joachimus
1788 1639 2038 1696 Camera-

465 1723 584 1777 rius
612 1734 664 1777 et
689 1723 802 1776 alii.

534 1811 651 1868 Col.
673 1814 798 1880 761,
832 1814 926 1868 lin.
951 1815 1040 1870 29.
1067 1816 1234 1882 ’Ήτις
1259 1819 1533 1886 οὐρανίῳ.
1566 1819 1838 1878 Eusebius
1867 1823 2041 1893 prima
2075 1798 2115 1851 Β

466 1914 620 1978 parte
649 1905 896 1962 Chronici
918 1925 934 1962 :
962 1907 1080 1980 Πῦρ
1104 1911 1245 1964 κατὰ
1276 1911 1377 1981 τῆς
1421 1913 1813 1979 Πενταπόλεως
1851 1916 2050 1979 ύετίζει

435 2071 439 2074 ⁴
465 1999 616 2060 Θεός.
642 2000 750 2053 Καὶ
779 1999 1070 2062 ἀναλίσκει,
1089 2002 1186 2072 μὲν
1220 2002 1277 2068 ἐξ
1307 2003 1477 2073 αὐτῆς
1501 2002 1644 2056 ἆπαν
1675 2005 1735 2058 τὸ
1759 2006 1914 2074 γένος
1944 2007 2050 2060 τῶν

463 2090 790 2163 ἀνθρώπων,
831 2092 1132 2164 διαφθείρει
1177 2094 1234 2147 δὲ
1273 2094 1364 2148 καὶ
1391 2097 1524 2149 αὐτὸ
1550 2097 1608 2149 τὸ
1639 2097 1925 2169 ἀνάστημα
1954 2099 2051 2170 τῆς

465 2186 570 2255 γῆς
611 2184 702 2236 καὶ
752 2186 848 2255 τῆς
896 2187 1264 2258 προκειμένης
1313 2187 1591 2259 θαλάσσης
1645 2192 1933 2262 νεκροῦται
1981 2193 2051 2247 τὰ

466 2271 655 2337 Εδατα,
687 2272 990 2344 Josephus,
1030 2277 1209 2334 Antia.
1247 2277 1343 2332 lib.
1371 2294 1409 2342 ι,
1449 2295 1569 2350 cap.
1607 2281 1674 2336 10
1706 2291 1760 2336 et
1792 2283 1878 2348 ie,
1909 2283 2050 2339 Soli-

464 2377 592 2426 nus,
629 2378 750 2434 cap.
780 2366 848 2420 38
877 2385 888 2420 :
927 2365 1105 2437 Longo
1141 2367 1206 2420 ab
1236 2367 1616 2441 Hierosolymis
1652 2389 1855 2429 recessu
1881 2378 2048 2431 tristis

464 2455 613 2506 sinus
638 2456 923 2523 panditur;
947 2474 1096 2527 quem
1122 2459 1184 2512 de
1221 2459 1348 2513 ccrlo
1368 2471 1585 2522 tactum.
1613 2472 1837 2517 testatur
1857 2468 2046 2521 humus

464 2545 638 2613 nigra,
658 2547 777 2599 etin
800 2548 1232 2604 cineremseluta.
1263 2549 1506 2616 Tacitus,
1534 2553 1677 2609 Hist.
1697 2556 1788 2608 lib.
1811 2574 1861 2611 v:
1888 2558 2047 2612 Haud

462 2633 648 2702 procul
677 2637 796 2689 inde
831 2640 1023 2708 campi,
1047 2656 1176 2710 quos
1205 2640 1381 2709 [erant
1421 2644 1548 2696 olim
1577 2645 1779 2710 uberes,
1815 2652 2047 2719 magnis-

461 2744 560 2798 que
581 2728 798 2783 urbibus
819 2731 1084 2784 habitatos
1110 2731 1390 2800 fulminum
1400 2735 1555 2803 jactu
1582 2739 1799 2792 arsisse.
1827 2740 2042 2807 Strabo,

457 2820 556 2874 lib.
600 2836 710 2886 xvi,
741 2822 1054 2876 incendium
1089 2823 1221 2879 illud
1278 2841 1387 2881 non
1429 2844 1459 2883 e
1504 2831 1664 2897 cmlo,
1707 2834 1802 2888 sed
1832 2851 1862 2890 e
1900 2846 2044 2892 terra

2151 547 2253 584 non
2279 530 2710 603 porrigebant:et
2730 531 2945 584 elevatae
2961 537 3104 588 sunt.
3129 527 3421 597 etfecernnt
3446 529 3729 583 abomina-

2150 623 2316 676 tiones
2361 637 2542 676 coram
2580 639 2681 689 me,
2713 631 2764 676 et
2811 621 3010 674 abstuli
3053 637 3143 674 eas
3183 621 3320 674 sicut
3357 621 3566 675 vidisti.
3601 618 3728 676 Vide

2149 729 2312 784 super
2353 715 2498 769 hunc
2530 715 2711 768 locum
2741 711 3048 766 Comment.
3082 711 3416 781 Hieronymi.
3451 709 3727 766 Gravissi-

2119 824 2296 862 omum
2350 817 2530 862 autem
2568 815 2854 878 peccatum
2915 805 3040 870 fuit,
3073 805 3218 876 quod
3251 806 3320 861 ab
3351 805 3490 875 ipsis
3529 819 3723 859 nomen

2151 901 2336 965 traxit,
2385 909 2439 955 et
2493 916 2618 955 cum
2687 915 2753 956 eo
2809 899 3130 955 idololatriae
3177 895 3725 970 peccatum..ludicet

2148 994 2310 1048 modo
2346 994 2538 1060 lector,
2580 1008 2744 1064 quam
2807 1008 2948 1048 vana
3000 993 3144 1058 sint,
3184 999 3239 1047 et
3291 991 3502 1053 inania,
3536 1005 3662 1059 qua:
3698 1005 3724 1042 a

2147 1085 2475 1155 quibusdam
2525 1085 2595 1141 de
2644 1085 2748 1140 hoc
2793 1092 3021 1155 peccato
3056 1083 3368 1148 traduntur,
3400 1083 3536 1137 dum
3583 1083 3726 1137 illius

2149 1177 2410 1246 originem
2465 1175 2533 1230 ad
2583 1176 2956 1232 nobilissimas
2994 1176 3245 1230 nationes
3272 1175 3552 1246 rejiciunt,
3607 1190 3726 1228 curn

2148 1275 2392 1337 tempore
2419 1267 2651 1323 Abrahae
2678 1269 2735 1322 in
2763 1266 3177 1337 Pentapolitana
3204 1266 3296 1320 illa
3325 1267 3556 1336 regione
3588 1266 3726 1335 apud

2148 1359 2347 1428 impios
2377 1359 2500 1414 illos
2529 1359 2779 1415 homines
2811 1368 3188 1429 grassaretur;
3212 1372 3335 1411 cum
3368 1372 3471 1412 nec
3499 1370 3728 1410 accusa-

2149 1459 2327 1505 tarum
2379 1451 2661 1522 regionum
2717 1450 2981 1506 memoria
3038 1451 3146 1504 ulla
3199 1449 3377 1503 adhuc
3423 1455 3674 1504 exstaret
3716 1467 3726 1500 :

2147 1544 2330 1597 omnia
2358 1543 2503 1597 enim
2545 1542 2762 1597 illarum
2795 1543 3037 1613 gentium
3065 1542 3227 1597 etiam
3262 1540 3514 1596 fabulosa
3561 1537 3733 1594 Sodo-

2147 1635 2337 1689 niitico
2363 1635 2457 1690 illo
2485 1634 2610 1704 igne
2655 1634 2981 1704 posteriora.
3012 1632 3130 1688 Etsi
3169 1648 3358 1687 verum
3392 1631 3559 1686 fateri
3608 1631 3733 1685 licet

2148 1729 2310 1783 etiam
2351 1736 2478 1782 ante
2505 1727 2770 1781 diluvium
2803 1728 2984 1782 scelus
3017 1724 3152 1779 illud
3187 1739 3296 1779 non
3329 1724 3512 1778 solum
3551 1725 3609 1777 in
3641 1722 3735 1776 bo-

2156 1822 2352 1887 mines,
2393 1820 2488 1876 sed
2527 1820 2691 1874 etiam
2740 1821 2798 1874 in
2842 1820 3000 1874 bruta
3033 1819 3085 1872 in
3118 1833 3220 1873 usu
3253 1817 3426 1872 fuisse
3479 1816 3735 1872 scribunt

2155 1919 2428 1976 auctores,
2483 1910 2920 1980 quossuperius
2965 1907 3314 1972 adduximus,
3345 1922 3470 1960 cum
3507 1914 3733 1976 peccata

2153 2003 2224 2057 ob
2254 2017 2374 2073 quae
2401 2009 2550 2057 totus
2577 2009 2848 2056 terrarum
2879 2001 3027 2056 orbis
3056 2014 3321 2070 aquarum
3350 1999 3540 2054 illuvie
3571 1998 3735 2052 obru-

2153 2103 2241 2150 tus
2285 2094 2447 2149 fuerit
2488 2107 3063 2149 commemoraremus.
3099 2091 3399 2146 Barbarum
3445 2105 3586 2160 ergo
3645 2106 3732 2144 ne-

2153 2185 2486 2256 fandumque
2517 2185 2620 2239 hoc
2649 2183 2866 2240 facinus
2889 2199 2918 2236 a
2949 2183 3200 2238 barbaris
3233 2182 3412 2252 primo
3447 2181 3730 2236 inventum

2151 2277 2205 2332 in
2258 2277 2394 2332 alias
2431 2277 2684 2332 nationes
2723 2275 2982 2330 dill'usum
3018 2273 3248 2350 historia
3291 2287 3452 2328 sacra
3503 2272 3732 2326 manife-

2151 2376 2294 2424 stum
2328 2376 2434 2424 est.
2466 2367 2628 2435 Quid,
2656 2369 2888 2438 maligne
2918 2367 3324 2430 morsiculator,
3350 2365 3598 2437 indignis
3628 2367 3730 2420 cri-

2149 2462 2542 2516 minationibus
2597 2461 2970 2516 nobilissimas
3012 2475 3076 2514 ac
3104 2459 3428 2515 innocentes
3481 2461 3730 2515 nationes

2150 2549 2314 2603 livido
2340 2565 2435 2604 ore
2465 2550 2767 2605 mordeudo
2795 2550 3059 2605 lacessis?
3195 2541 3198 2543 Α

2217 2642 2378 2707 lbid.,
2410 2643 2509 2696 lin.
2547 2643 2634 2697 5i.
2675 2643 2849 2696 Ἐστι
2878 2642 2988 2713 γὰρ
3028 2641 3192 2696 ἰδεῖν.
3240 2640 3592 2712 Epitomator
3624 2641 3732 2696 Ste-

2146 2735 2315 2805 phani
2358 2735 2426 2790 de
2475 2735 2705 2790 urbibus
2737 2751 2832 2790 eas
2876 2735 3064 2789 decem
3101 2733 3272 2790 fuisse
3303 2735 3404 2799 ait,
3431 2750 3734 2805 earumque

2146 2836 2312 2898 caput
2367 2826 2539 2882 fuisse
2592 2825 2905 2880 Sodomam.
2970 2823 3167 2880 Strabo
3225 2835 3337 2880 tres
3377 2825 3523 2880 alias
3564 2825 3731 2888 addit,

461 2902 791 2979 eructatum,
831 2922 993 2984 atque
1045 2916 1354 2973 exbalatum
1389 2921 1687 2988 existimat,
1735 2941 1858 2980 cum
1892 2931 2043 2999 regio

2150 2928 2198 2973 et
2261 2916 2468 2972 fallitur
2535 2918 2591 2971 in
2649 2915 2889 2973 duobus.
2919 2916 3098 2986 primo
3156 2915 3209 2968 in
3243 2930 3478 2969 numero
3512 2930 3730 2981 earum;

461 3005 556 3058 illa
615 3004 772 3076 ignea
824 3007 915 3072 sit,
947 3023 1184 3080 namque
1239 3010 1295 3065 in
1328 3027 1414 3079 ea,
1442 3022 1498 3068 et
1536 3023 1703 3086 petrae
1743 3030 2042 3078 cernuntur

462 3097 688 3162 adustae,
725 3107 777 3154 et
811 3108 956 3154 terra
1003 3101 1364 3170 cinerulenta,
1401 3114 1455 3161 et
1505 3124 1634 3164 saxa
1666 3115 1824 3181 quasi
1861 3124 2041 3184 guttas

2150 3103 2415 3159 mansisse
2475 3121 2488 3155 :

461 3193 601 3264 picis
660 3193 944 3258 stillantia,
979 3211 1044 3250 ac
1095 3197 1313 3253 demum
1365 3201 1557 3271 ingens
1587 3202 1912 3262 ferventium
1982 3227 2046 3268 ac

461 3283 834 3340 sulfurearum
869 3301 1135 3356 aquarum
1175 3291 1354 3360 copia.
1383 3293 1563 3359 Quare
1594 3297 1854 3355 credibile
1892 3301 1982 3366 sit,
2017 3320 2048 3358 e

458 3381 608 3428 terra
637 3376 788 3430 illum
820 3377 999 3448 ignem
1033 3395 1320 3437 emanasse
1351 3389 1512 3439 terra":
1541 3394 1689 3442 motu
1722 3397 1867 3444 terra
1897 3400 2049 3462 pate-

458 3467 628 3524 facta.
661 3468 768 3522 Τοῦ
795 3470 853 3523 δὲ
885 3470 1128 3543 ἔμπυρον
1161 3474 1260 3545 τὴν
1290 3475 1475 3548 χώραν
1505 3474 1645 3533 εἶναι
1683 3481 1751 3534 τὰ
1792 3483 1929 3537 ἄλλα
1961 3502 2049 3539 τε-

457 3559 671 3631 κμήρια
701 3561 925 3632 φέρουσι
949 3563 1138 3617 πολλα·
1177 3567 1271 3618 καὶ
1303 3566 1412 3640 γὰρ
1445 3568 1650 3642 πέτρας
1679 3572 1830 3638 τινὰς
1864 3577 2049 3630 ἐπικε-

455 3654 738 3724 καυμένας
795 3655 1097 3710 δεικνύουσι
1151 3661 1410 3729 τραχείας
1457 3663 1584 3734 περὶ
1629 3665 1924 3733 Μοασάδα,
1953 3671 2048 3723 καὶ

459 3749 746 3818 σήραγγας
777 3749 1066 3819 πολλαχοῦ,
1109 3751 1204 3804 καὶ
1237 3756 1340 3824 γῆν
1379 3756 1654 3828 τεφρώδη,
1687 3761 1955 3827 σταγόνας
1987 3779 2047 3815 τε

457 3839 662 3908 πίσσης
695 3841 758 3892 ὲκ
798 3833 1062 3894 λισσάδων
1103 3841 1445 3913 λειϐομένας,
1485 3847 1580 3899 καὶ
1608 3847 1868 3915 δυσώδεις
1915 3852 2047 3924 πόρ-

460 3930 635 4002 ρωθεν
690 3933 965 4002 ποταμοὺς
1013 3933 1255 4002 ζέοντας,
1292 3937 1575 4002 κατοικίας
1613 3939 1669 3994 δὲ
1701 3942 2045 4016 ἀνατετραμ-

460 4022 630 4091 μένας
663 4024 960 4094 σποράδην,
993 4024 1134 4078 ὥστε
1179 4029 1456 4082 πιστεύειν
1486 4035 1596 4093 τοῖς
1632 4032 2047 4106 θρυλλουμένοις

459 4113 565 4166 ὐπὸ
606 4114 713 4166 τῶν
745 4115 1049 4186 ἐγχωρίων,
1088 4117 1162 4181 ὡς
1191 4121 1297 4190 ἄρα
1333 4121 1573 4192 ᾠκοῦντό
1603 4141 1732 4177 ποτε
1792 4129 2045 4197 τρισκαί-

454 4204 588 4258 δεκα
627 4205 810 4268 πόλεις
846 4207 1099 4271 ἐνταῦθα,
1127 4202 1199 4261 ὧν
1237 4211 1334 4280 τῆς
1379 4213 1765 4282 μητροπόλεως
1799 4216 2045 4287 Σοδόμων

459 4294 687 4359 σώζοι-το
712 4298 908 4362 κύκλος
935 4299 1199 4372 ἑξήκοντά
1232 4320 1333 4354 που
1372 4305 1622 4369 σταδίων,
1659 4307 1763 4360 ὑπὸ
1807 4310 2044 4379 σεισμῶν

455 4390 552 4441 καὶ
570 4389 1010 4460 ἁναφυσημάτων
1035 4391 1202 4463 πυρὸς
1251 4393 1344 4444 καὶ
1368 4393 1586 4464 θερμῶν
1615 4396 1820 4449 ὑδάτων
1841 4397 2046 4467 ἀσφαλ-

2145 3009 2406 3075 secundo,
2450 3007 2742 3064 Sodomam
2809 3008 2875 3062 ad
2953 3008 3160 3077 aliquot
3236 3006 3415 3063 stadia
3466 3007 3729 3078 integram

2539 3108 2831 3170 utrumque
2889 3100 3034 3154 enim
3082 3113 3250 3155 sacra:
3293 3097 3606 3166 Scriptum
3651 3114 3728 3152 re-

2150 3199 2371 3261 pugnat.
2428 3189 2535 3244 Alii
2592 3197 2830 3259 quatuor
2878 3188 3048 3244 fuisse
3103 3189 3345 3251 tradunt,
3413 3186 3729 3250 Sodomam.

2149 3279 2533 3344 Gomorrham,
2589 3278 2877 3347 Adamam,
2930 3285 2983 3333 et
3035 3275 3278 3342 Seboim,
3310 3278 3569 3346 quintam
3612 3293 3730 3331 vero

2149 3374 2370 3429 nomine
2413 3371 2599 3426 Balam
2649 3371 2990 3426 destructum
3039 3369 3235 3435 fuisse,
3263 3370 3368 3424 nisi
3401 3368 3554 3424 Deus
3593 3370 3730 3422 illam

2148 3467 2406 3538 precibus
2437 3464 2539 3519 Lot
2570 3465 2868 3519 immunem
2906 3470 3203 3517 servasset.
3263 3460 3544 3530 Josephus
3576 3461 3670 3515 lib.
3715 3476 3732 3512 ι

2150 3561 2434 3630 Αηιὶᾳιιὶε.,
2463 3559 2589 3614 licet
2632 3557 2970 3612 contrarium
3016 3563 3228 3611 astruat
3266 3557 3361 3610 lib.
3397 3573 3431 3609 v
3485 3556 3569 3610 De
3603 3556 3734 3610 bello

2147 3653 2376 3708 Iudaico
2411 3667 2533 3723 cap.
2571 3653 2628 3717 5,
2664 3659 2718 3707 et
2762 3650 3123 3722 Hieronymus
3154 3649 3230 3706 De
3261 3650 3391 3704 locis
3431 3649 3732 3705 Hebraicis.

2149 3744 2280 3799 Eam
2311 3760 2441 3800 vero
2472 3744 2851 3800 Tbeodoretus
2877 3753 3072 3811 quaest.
3103 3743 3172 3797 69
3225 3745 3278 3796 in
3307 3741 3495 3796 Cenes.
3527 3752 3586 3797 et
3613 3741 3736 3796 Sui-

2148 3839 2246 3894 das
2281 3853 2412 3893 voce
2469 3836 2590 3901 Lat,
2639 3844 2764 3907 post
2811 3851 3093 3906 egressum
3147 3835 3246 3889 Lot
3283 3834 3458 3890 fuisse
3519 3835 3735 3890 destruo

2147 3941 2292 3986 ctam
2351 3931 2622 3996 scribunt,
2668 3938 2722 3985 et
2757 3945 2950 3984 omnes
3006 3929 3343 3983 habitatores
3378 3937 3549 3982 terra:
3585 3928 3734 3982 hiatu

2147 4027 2460 4096 absorptos.
2491 4023 2673 4091 Quare
2703 4040 2811 4079 non
2843 4023 3042 4076 mirum
3077 4023 3147 4077 ab
3174 4022 3468 4077 Eustathio
3490 4022 3734 4092 quinque

2147 4120 2428 4173 civitatum
2458 4117 3036 4172 commemorationem
3067 4115 3203 4168 fieri.

2218 4211 2352 4266 lbid.
2377 4252 2391 4274 ,
2427 4210 2524 4263 lin.
2559 4209 2647 4262 52.
2703 4209 2806 4262 Ἐν
2867 4203 2958 4274 αἷς
2999 4204 3360 4270 βλαστάνει.
3409 4204 3731 4260 Incendium

2148 4303 2278 4356 illud
2309 4303 2471 4356 etiam
2509 4301 2564 4354 in
2599 4299 2795 4353 herbas
2831 4298 3154 4368 plantasque
3183 4297 3408 4351 saevisse
3432 4337 3447 4358 ,
3493 4305 3555 4350 et
3602 4297 3732 4350 miro

2147 4397 2268 4450 illas
2298 4395 2602 4450 sterilitatis
2638 4393 2799 4446 modo
2833 4391 3112 4452 amisisse,
3147 4390 3416 4444 habemus
3455 4406 3530 4443 ex
3566 4391 3728 4444 variis

456 4478 641 4532 τωδῶν
679 4497 738 4533 τε
771 4482 866 4534 καὶ
887 4481 1119 4535 θειωδῶν
1148 4483 1363 4556 ήλίμνη
1397 4486 1682 4555 προπέσοι,
1714 4488 1806 4540 καί
1851 4490 2044 4560 πέτραι

2150 4488 2486 4542 auctoribus.
2518 4485 2789 4554 Josephus
2826 4483 2903 4538 De
2937 4483 3070 4536 bello
3101 4481 3336 4535 Judaico
3391 4481 3492 4536 lib.
3530 4499 3588 4545 v,
3617 4498 3727 4549 cap.

457 4573 784 4645 πυρίληπτοι
801 4576 1059 4644 γένοιντο,
1079 4578 1140 4628 αἵ
1161 4595 1216 4629 τε
1240 4578 1422 4642 πόλεις
1449 4581 1502 4632 αἱ
1537 4581 1632 4651 μὲν
1656 4584 2037 4648 καταποθεῖεν,

454 4665 524 4727 ἃς
552 4666 596 4719 δ’
629 4667 934 4721 ἐκλείποιεν
963 4669 1014 4720 οἱ
1039 4667 1324 4738 δυνάμενοι
1348 4674 1556 4740 φυγεῖν.
1575 4671 1951 4730 Eratosthenis
1975 4679 2041 4732 de

457 4756 564 4813 hoc
592 4759 782 4813 eodem
813 4760 1084 4814 diversam
1121 4761 1430 4829 opinionem
1459 4763 1581 4818 vide
1600 4765 1742 4834 apud
1765 4768 2037 4824 eumdem.

463 4875 470 4880 ·
525 4849 687 4915 lbid.,
713 4833 811 4904 lin.
842 4852 930 4905 50.
955 4853 1033 4904 Δι’
1058 4851 1324 4921 ἄδεσμον
1349 4855 1600 4922 παράνο.
1630 4833 2038 4914 Sodomitarum

455 4951 683 5014 peccata
732 4959 842 4996 non
898 4958 1067 4997 unum
1122 4953 1333 4998 tantum
1381 4947 1573 5012 fuisse,
1632 4950 1727 5004 sed
1781 4951 2039 5020 plurima,

455 5051 631 5105 eaque
689 5036 1032 5107 gravissima,
1071 5037 1238 5093 refert
1272 5036 1545 5110 Josephus
1593 5041 1690 5097 lib.
1744 5059 1761 5097 ι
1812 5043 2038 5114 Antiq.:

465 5128 604 5181 Ὑπὸ
635 5128 698 5200 δὴ
726 5128 915 5181 τοῦτον
939 5129 1032 5182 τὸν
1062 5131 1251 5202 καιρὸν
1287 5134 1336 5185 οἱ
1365 5133 1676 5204 Σοδομῖται,
1702 5135 1915 5206 πλούτῳ
1947 5138 2042 5190 καὶ

458 5219 680 5291 μεγέθει
732 5221 1031 5291 χρημάτων
1083 5223 1567 5294 ὑπερφρονοῦντες,
1600 5225 1680 5290 εἴς
1723 5245 1782 5280 τε
1826 5227 2038 5299 ἀνθρώ-

455 5327 592 5375 πους
645 5307 788 5382 ἦσαν
837 5313 1111 5384 ὑδρισταὶ,
1137 5314 1230 5366 καὶ¹
1261 5315 1397 5386 πρὸς
1433 5316 1493 5368 τὸ
1517 5317 1670 5371 Θεῖον
1699 5319 1936 5384 ἀσεϐεῖς,
1966 5321 2038 5383 ὡς

457 5403 655 5473 μηκέτι
703 5406 1009 5475 μεμνῆσθαι
1037 5404 1145 5458 τῶν
1178 5407 1306 5478 παρ’
1343 5406 1508 5460 αὐτοῦ
1545 5411 1850 5480 γενομένων
1899 5413 2041 5480 ὠφε-

453 5493 635 5558 λειῶν,
687 5491 829 5548 εἶναι
867 5496 1158 5567 μισόξενοι,
1190 5498 1285 5550 καὶ
1320 5497 1420 5561 τὰς
1453 5499 1591 5570 πρὸς
1629 5499 1888 5572 ἀλλήλους
1917 5503 2039 5572 ὁμιο

453 5589 572 5652 lla;
609 5588 1086 5660 ὲκτρέπεσθαι.Ει
1135 5590 1279 5645 Deus
1317 5589 1460 5658 apud
1506 5591 1865 5653 Ezechielem,
1917 5607 2036 5662 cap.

458 5699 545 5735 sm
578 5703 590 5736 :
627 5681 781 5747 Ecce,
827 5683 1028 5754 inquit,
1078 5683 1187 5737 hazc
1217 5684 1318 5753 fuit
1352 5685 1603 5756 iniquitas
1637 5684 1902 5752 Sodomw,
1950 5704 2040 5740 su-

457 5778 656 5849 pcrbia,
715 5779 973 5834 saturitas
1026 5777 1200 5846 panis,
1256 5784 1304 5832 et
1354 5777 1722 5846 abundantia,
1765 5788 1814 5833 et
1875 5779 2037 5833 otium

2143 4579 2196 4635 5.:
2226 4579 2438 4648 Γειτνιᾷ
2469 4576 2526 4629 δὲ
2557 4579 2590 4647 η
2624 4576 2900 4647 Σοδομῖτις
2927 4575 3089 4646 αὐτῇ,
3119 4574 3283 4627 πάλαι
3325 4573 3429 4644 μὲν
3457 4575 3728 4645 εὐδαίμων

2142 4671 2214 4741 γῆ
2244 4670 2471 4741 καρπῶν
2494 4687 2554 4722 τε
2586 4670 2750 4722 ἕνεκα
2779 4669 2870 4720 καὶ
2907 4669 3005 4738 τῆς
3031 4667 3158 4737 περὶ
3192 4665 3345 4718 πόλιν
3382 4669 3724 4736 περιουσίας.

2145 4765 2236 4818 νῦν
2267 4765 2321 4818 δὲ
2369 4764 2679 4834 κεκαυμένη
2722 4764 2889 4815 πᾶσα.
2934 4761 3071 4813 Φασὶ¹
3111 4759 3199 4825 δὲ,
3239 4759 3315 4822 ὡς
3359 4760 3431 4812 δι’
3474 4761 3724 4814 ἀσέϐειαν

2141 4854 2444 4926 οἰκητόρων
2482 4856 2765 4925 κεραυνοῖς
2804 4851 3230 4921 καταφλεγῆναι.
3267 4850 3428 4902 Ἐστι
3477 4850 3620 4918 γοῦν
3658 4853 3724 4901 ἐτι

2142 4949 2369 5018 λείψανα
2391 4946 2486 5000 τοῦ
2512 4946 2657 5000 θείου
2689 4945 2861 5016 πυρὸς
2881 4983 2895 5008 ,
2929 4944 3021 4998 καὶ
3044 4943 3202 4996 πέντε
3235 4942 3331 5011 μὲν
3363 4943 3586 4996 πόλεων
3615 4943 3722 4996 ἰδεῖν

2144 5039 2324 5104 σκιὰς,
2361 5037 2473 5090 ἐστι
2503 5037 2558 5090 δὲ
2597 5038 2699 5089 κάν
2731 5039 2840 5098 τοῖς
2876 5038 3110 5105 καρποῖς
3153 5033 3379 5088 σποδιὰν
3420 5036 3719 5103 ἀναγεννω-

2146 5133 2334 5204 μένην,
2367 5131 2416 5184 οἳ
2451 5130 2618 5202 χρόαν
2667 5130 2764 5200 μὲν
2797 5129 2980 5198 ἔχουσι
3025 5131 3138 5191 τοῖς
3184 5127 3472 5196 ὲδωδίμοις
3519 5128 3717 5197 ὁμοίαν.

2141 5225 2495 5298 δρεψαμένων
2539 5223 2596 5277 δὲ
2648 5222 2834 5294 χερσὶν
2886 5223 2965 5284 εἰς
3006 5221 3211 5275 καπνὸν
3267 5219 3587 5273 διαλύονται
3642 5220 3720 5270 καὶ

2142 5317 2369 5388 τέφραν.
2401 5313 2628 5368 Tacitus
2651 5357 2666 5381 ,
2712 5311 2918 5367 Histor.
2952 5311 3046 5366 lib.
3077 5327 3143 5366 v:
3183 5309 3346 5363 Haud
3391 5312 3589 5378 procul
3618 5309 3718 5362 inde

2143 5409 2346 5476 campi,
2382 5423 2510 5478 quos
2535 5405 2710 5474 ferunt
2743 5405 2870 5458 olim
2895 5402 3077 5457 uberes
3101 5444 3116 5469 ,
3165 5402 3478 5471 magnisque
3513 5402 3715 5456 urbibts

2142 5500 2427 5566 habitatos,
2447 5499 2736 5569 fulminum
2751 5498 2902 5566 jactu
2925 5497 3146 5561 arsisse,
3175 5505 3458 5549 etmanere
3485 5498 3710 5565 vestigia.

2145 5603 2436 5660 terramque
2457 5592 2620 5661 specie
2643 5591 2899 5644 torridam
2923 5590 3025 5644 vim
3056 5587 3372 5658 frugiferam
3410 5588 3708 5655 perdidisse.

2146 5685 2289 5739 Nam
2318 5695 2507 5739 cuncta
2534 5692 2714 5752 sponte
2738 5682 2902 5748 edita,
2939 5691 3033 5736 aut
3062 5689 3393 5745 manu‘suta,
3429 5680 3544 5735 sive
3572 5681 3710 5734 herba

2147 5787 2312 5847 tenus,
2358 5786 2447 5833 aut
2490 5778 2649 5848 ﬂore,
2694 5793 2784 5832 seu
2831 5774 3045 5831 solitam
3078 5775 3132 5829 in
3168 5773 3390 5843 speciem
3431 5771 3704 5827 adoleuit.
