3848 6168
130 300 270 359 1021

1239 297 1306 352 ΙΝ
1346 297 1716 354 EUSTATHII
1758 297 2229 356 IIEXAEMERON
2254 299 2483 357 NOTJE.

3265 302 3404 360 1022

129 425 264 472 atra
311 425 363 473 et
390 417 579 471 inania
605 418 742 472 velut
770 419 826 471 in
849 418 1074 471 cinerem
1100 425 1402 472 vanescunt.
1444 416 1555 489 Ego
1585 418 1724 472 sicut
1755 428 1795 479 Α
1825 417 2068 475 defuisse
2099 418 2356 477 Straboni
2385 430 2638 477 auctores
2657 462 2671 488 ,
2708 435 2848 493 quos
2880 421 2938 476 in
2982 421 3087 477 hac
3131 427 3284 492 parte
3315 438 3402 477 se-

128 506 403 563 Judaicas
436 509 701 579 quondam
735 507 888 569 urbes
929 509 1045 580 igne
1082 509 1280 563 caelesti
1311 509 1571 580 flagrasse
1598 525 1721 563 con-

128 602 424 666 cesserim,
459 601 537 655 ita
574 600 744 655 halitu
787 601 935 655 lacus
989 602 1137 671 inﬁci
1179 612 1414 669 terram,
1455 602 1722 671 corrumpi

130 691 482 762 superfusum
511 692 777 759 spiritum,
794 708 953 762 eoque
977 692 1115 761 fetus
1137 700 1367 761 segetum
1393 700 1443 748 et
1477 694 1722 747 autumni

130 793 441 853 putrescere
485 800 605 837 reor
644 783 757 837 so‘lo
801 783 1027 854 cteloque
1068 784 1231 854 juxta
1266 786 1436 856 gravi.
1476 785 1718 848 Solinus,

136 890 266 945 cap.
295 877 364 932 38
389 896 402 930 :
435 875 553 930 Duo
591 876 661 928 ibi
690 875 881 945 oppida
909 874 1196 931 Sodomum
1228 878 1556 932 nominatum
1575 877 1723 932 alte—

138 986 287 1032 rum,
316 970 543 1024 alterum
567 968 942 1031 Cameri-ltum,
974 970 1114 1040 apud
1146 987 1265 1040 qua:
1299 986 1513 1039 pomum
1548 971 1723 1041 gigni-

139 1073 233 1118 tur
255 1076 276 1116 :
303 1061 443 1134 quod
474 1061 625 1116 habet
652 1044 875 1133 speciem
894 1062 1012 1116 licet
1053 1063 1405 1128 maturitatis,
1431 1061 1615 1116 mandi
1640 1071 1720 1116 ta-

138 1170 262 1210 men
292 1172 399 1210 non
434 1163 604 1225 potest
632 1171 651 1217 ;
690 1172 812 1208 nam
846 1154 1119 1223 fuliginem
1154 1156 1470 1209 intrinsecus
1502 1155 1720 1224 favilla-

137 1263 293 1301 ceam
338 1246 559 1302 ambitio
597 1256 803 1300 tantum
832 1249 1041 1301 extima:
1068 1247 1208 1301 cutis
1241 1245 1464 1310 cohibet,
1493 1263 1610 1317 qua:
1642 1246 1719 1301 vel

140 1339 245 1393 levi
276 1346 419 1392 tactu
440 1354 641 1408 pressa,
663 1338 865 1408 fumum
884 1338 1118 1404 exhalat,
1140 1347 1189 1391 et
1215 1337 1418 1407 fatiscit
1449 1338 1504 1391 in
1532 1354 1720 1410 vagum

136 1434 429 1502 pulverem.
552 1472 557 1479 .

214 1519 338 1576 Col.
357 1520 486 1588 761,
513 1522 610 1578 lin.
628 1520 718 1578 55.
751 1518 990 1588 Γειτνιᾷ
1019 1518 1088 1573 δὲ
1115 1520 1353 1589 ταύτης.
1383 1522 1720 1594 Asphaltites

136 1613 346 1670 Iudaeae
372 1614 524 1671 lacus
554 1615 720 1670 situm
753 1623 808 1670 et
833 1616 1036 1672 limites
1067 1615 1236 1680 Plin.,
1263 1615 1360 1671 lib.
1388 1633 1442 1680 v,
1474 1630 1596 1686 cap.
1631 1615 1716 1679 l6,

136 1705 464 1762 describens
507 1706 603 1773 ait,
644 1704 1039 1777 longitudinem
1094 1706 1215 1776 ejus
1251 1706 1420 1762 maris
1455 1704 1720 1761 excedere

136 1804 365 1853 centum
390 1796 558 1851 millia
589 1778 871 1866 passuum,
904 1795 1249 1851 latitudinem
1277 1795 1568 1849 maximam
1595 1809 1719 1850 esse

135 1891 337 1963 viginti
373 1890 647 1961 quinque,
674 1887 958 1943 minimam
985 1901 1116 1943 vero
1157 1903 1275 1944 sex.
1305 1885 1608 1958 Iosephus,
1640 1886 1720 1943 De

136 1984 282 2041 bello
334 1983 465 2037 Iud.
517 1982 613 2039 lib.
658 1998 724 2047 v,
768 1980 937 2038 refert
995 1979 1389 2051 longitudinem
1435 1979 1557 2049 ejus
1597 1995 1720 2036 esse

136 2077 575 2150 quingentorum
616 2074 894 2145 octoginta
939 2072 1281 2138 stadiorum;
1329 2072 1561 2128 latitudo
1584 2087 1717 2128 cen-

134 2178 260 2225 tum
285 2166 682 2239 quinquaginta
705 2165 899 2223 stadiis
932 2171 1104 2235 patet.
1143 2163 1220 2219 De
1248 2177 1314 2219 ea
1342 2163 1461 2219 haec
1486 2163 1721 2218 Brocar-

136 2263 249 2317 dus
295 2258 601 2315 monachus
641 2257 701 2312 in
750 2256 1121 2327 descriptione
1160 2262 1321 2309 terras
1365 2260 1612 2311 sanctae:
1650 2253 1721 2310 Et

137 2365 290 2417 nota,
312 2350 452 2423 quod
481 2367 628 2406 mare
658 2348 931 2405 Hortuum
961 2349 1027 2404 ab
1059 2349 1258 2404 oriente
1285 2349 1343 2402 in
1376 2347 1716 2416 occidentem,

134 2462 259 2518 quae
278 2455 359 2500 est
393 2444 619 2499 latitudo
649 2444 785 2514 ejus,
804 2443 959 2498 habet
1008 2443 1234 2512 quinque
1263 2440 1440 2495 lcucas
1463 2456 1482 2494 :
1514 2441 1572 2494 in
1603 2441 1714 2493 lon-

133 2533 375 2606 gitudine
409 2551 527 2589 vero
557 2550 675 2603 quis
701 2540 781 2589 est
814 2533 879 2588 ab
907 2533 1151 2603 aquilone
1191 2530 1260 2585 ad
1295 2539 1540 2585 austrum
1563 2529 1719 2584 habet

132 2628 366 2697 quinque
384 2625 596 2691 dictas,
617 2634 674 2680 ut
697 2626 829 2679 mihi
856 2624 1110 2681 Saraceni
1134 2623 1460 2685 retulerunt;
1485 2622 1582 2676 alii
1600 2639 1719 2677 vero

136 2722 307 2775 aliam
335 2720 734 2791 assignaverunt
767 2716 1165 2789 longitudinem.
1187 2715 1384 2771 Scribit
1412 2714 1721 2784 patriarcha

135 2810 699 2887 ﬂierosolgmitauus,
750 2811 839 2880 qui
887 2824 1023 2878 sa'pe
1072 2809 1245 2863 locum
1299 2809 1456 2864 illum
1517 2810 1716 2874 invisit,

134 2917 290 2971 mare
334 2899 471 2955 illud
511 2916 714 2970 semper
750 2901 954 2969 fumum
998 2900 1244 2967 reddere,
1286 2908 1336 2954 et
1376 2899 1623 2955 nebulam
1661 2903 1717 2956 in

135 2992 354 3047 modum
386 2992 582 3047 camini
613 2991 892 3061 infernalis
913 3007 932 3045 :
969 2991 1107 3045 unde
1136 3000 1250 3045 tota
1277 2990 1374 3045 illa
1401 2991 1578 3055 vallis,
1600 3008 1717 3062 qua:

137 3081 373 3152 alioquin
401 3082 464 3136 ob
500 3084 583 3137 sui
611 3082 986 3153 fecunditatem
1016 3090 1067 3137 et
1101 3083 1461 3137 amrenitatem
1487 3083 1715 3138 illustris

125 3172 282 3245 ‘dicta
310 3171 436 3242 fuit,
462 3170 530 3225 ad
561 3172 790 3241 spatium
817 3169 1056 3225 dimidia:
1076 3170 1251 3225 diaeta:
1283 3172 1483 3226 sterilis
1507 3181 1559 3227 et
1591 3174 1716 3226 inu-

135 3265 254 3321 tilis
282 3263 490 3318 reddita
521 3272 633 3331 est,
667 3264 747 3318 ita
787 3270 847 3317 ut
885 3279 975 3318 uec
1011 3263 1181 3317 ullum
1222 3279 1431 3333 germen
1478 3263 1716 3333 proferat

135 3358 249 3429 fere
273 3374 366 3427 per
394 3357 627 3427 spatium
651 3357 877 3426 quinque
926 3356 1220 3422 leucarum,
1256 3356 1361 3410 nisi
1393 3359 1556 3424 juxta
1584 3358 1716 3413 civi-

137 3457 299 3503 tatem
325 3446 560 3514 Iericho,
602 3446 693 3501 ubi
726 3446 863 3500 horti
895 3447 1191 3517 irrigantur
1217 3464 1248 3501 a
1273 3448 1419 3517 fonte
1450 3446 1619 3502 Elisei
1636 3464 1657 3512 ;
1681 3466 1715 3503 a

134 3538 340 3592 dextris
378 3547 429 3592 et
464 3538 696 3591 sinistris
742 3536 898 3605 hujus
932 3537 1097 3591 maris
1138 3546 1339 3592 montes
1393 3538 1619 3599 steriles.
1662 3547 1712 3593 et

133 3629 278 3685 aridi
326 3638 613 3684 cernuntur
642 3643 661 3682 :
689 3645 813 3683 nam
851 3644 1152 3700 quocunque
1187 3636 1348 3698 vapor
1376 3647 1410 3684 a
1442 3631 1580 3684 mari
1618 3631 1712 3686 illo

134 3720 422 3778 ascendens
450 3719 774 3789 impellitur,
806 3721 879 3774 ibi
909 3729 1063 3775 terrae
1096 3722 1369 3776 nascentia
1410 3738 1515 3776 non
1563 3739 1712 3777 secus

131 3829 294 3884 quam
324 3812 373 3865 si
400 3828 433 3865 a
460 3811 652 3880 pruina
680 3810 905 3879 fuissent
940 3819 1104 3874 tacta,
1134 3812 1486 3869 emoriuntur.
1512 3810 1580 3866 In
1610 3829 1711 3883 quo

130 3903 436 3959 districtum
466 3901 561 3956 Dei
578 3902 843 3973 judicium
878 3901 1029 3956 nobis
1059 3901 1122 3956 ob
1149 3903 1332 3958 oculos
1357 3904 1592 3971 ponitur,
1621 3906 1712 3974 qui

133 4006 247 4050 tam
272 4012 444 4051 severe
467 3995 697 4065 grandia
719 3995 817 4050 illa
848 3993 1201 4050 Sodomorum
1227 4007 1441 4066 peccata
1462 4013 1626 4067 usque
1655 3998 1711 4051 in

131 4088 443 4143 hodiernum
484 4087 623 4144 diem
675 4104 781 4143 non
825 4087 1021 4148 desinit
1062 4089 1272 4159 punire.
1303 4087 1416 4143 Nec
1453 4090 1560 4144 nisi
1599 4090 1710 4144 visa

130 4180 219 4233 hic
254 4178 445 4234 scribo.
494 4177 595 4237 Diu
645 4178 935 4249 quaesitum
966 4186 1052 4235 est
1104 4195 1175 4235 an
1206 4180 1359 4237 lacus
1384 4181 1475 4236 ille
1501 4222 1515 4246 ,
1542 4195 1706 4251 quem

129 4270 333 4325 divinae
364 4269 561 4325 littera:
593 4269 746 4324 Mare
773 4270 907 4325 salis
940 4272 1252 4341 appellant.
1289 4280 1415 4341 post
1436 4272 1706 4327 excidium

128 4360 375 4433 regionis
420 4357 770 4417 Sodomiticae
820 4362 1109 4417 emerserit
1151 4377 1183 4417 e
1225 4372 1384 4422 terrae
1428 4361 1703 4425 cavernis,

1822 519 2115 580 queretur,
2146 514 2231 567 vel
2256 529 2320 567 ex
2364 528 2432 568 eo
2460 511 2608 583 quod
2650 510 2863 568 Plinius
2895 512 3098 575 refert,
3132 511 3398 582 quosdam

1822 600 2119 657 tradidisse
2163 600 2453 657 Sirbonem
2518 600 2697 656 lacum
2728 601 2930 658 habere
2974 616 3079 656 can
3138 616 3399 672 passuum

1828 695 2141 750 circuitum.
2172 693 2248 749 De
2271 696 2391 749 lacu
2413 694 2721 765 Asphaltite
2752 695 2876 751 vide
2905 693 3276 751 Dioscoridem
3302 693 3399 749 lib.

1823 801 1863 847 ι,
1898 800 2019 855 cap.
2049 784 2184 853 £00;
2213 783 2544 848 Vitruvium,
2577 784 2835 851 Plinium,
2865 785 3198 857 Antigonum
3226 784 3400 857 Cary-

1823 878 1989 934 stium
2015 917 2030 941 ,
2079 874 2403 931 Strabonem
2429 915 2444 939 ,
2486 875 2806 931 Africanum
2833 916 2850 943 ,
2894 876 3295 933 Tertullianum
3343 878 3399 933 in

1823 970 2068 1027 carmine
2134 970 2213 1025 De
2271 969 2546 1034 Sodoma,
2604 968 2898 1039 Orosium,
2952 971 3046 1027 lib.
3095 987 3112 1027 l
3162 969 3399 1036 Histor.,

1820 1064 2070 1117 omnium
2120 1062 2600 1133 diligentissimum
2648 1060 3064 1118 Adrichomium
3123 1062 3179 1117 in
3248 1060 3400 1118 tribu

1819 1151 1993 1218 Iudae,
2025 1169 2178 1210 num.
2219 1154 2341 1210 l86.

1896 1244 2035 1299 Ibid.
2059 1284 2076 1308 ,
2111 1245 2211 1298 lin.
2246 1243 2336 1299 59.
2382 1243 2626 1312 Κοῦφον
2664 1242 2731 1297 δὲ
2769 1244 2837 1296 τὸ
2886 1242 3063 1313 ὕδωρ.
3091 1242 3399 1314 Iosephus,

1820 1343 1916 1398 lib.
1945 1358 1979 1395 v
2016 1339 2092 1394 De
2121 1339 2255 1394 bello
2286 1338 2517 1393 Iudaico
2536 1356 2555 1394 :
2591 1336 2773 1402 ’Ἄξιον
2797 1336 2854 1390 δὲ
2888 1336 3277 1408 ἀφηγήσασθαι
3307 1337 3402 1391 καὶ

1819 1432 1919 1503 τὴν
1951 1431 2113 1501 φύσιν
2134 1430 2234 1502 τῆς
2275 1429 2676 1500 Ἀσφαλτίτιδος
2706 1429 2923 1500 λίμνης.
2951 1428 3110 1492 Ἤτις
3135 1428 3252 1481 ἐστὶ
3277 1426 3401 1498 μὲν,

1820 1525 1896 1590 ὡς
1918 1525 2074 1596 ἔφην,
2102 1522 2276 1595 πικρά
2307 1524 2402 1577 καὶ
2429 1522 2642 1591 ἄγονος
2675 1520 2779 1574 ὑπὸ
2798 1520 2855 1574 δὲ
2871 1520 3199 1591 κουφότητος
3218 1520 3319 1599 ’καὶ
3333 1518 3401 1573 τὰ

1822 1613 2102 1686 βαρύτατα
2129 1614 2237 1668 τῶν
2270 1615 2349 1678 εἰς
2380 1612 2549 1685 αὐτὴν
2594 1613 2857 1683 ῥιφέντων
2903 1612 3194 1683 ἀναφέρει,
3228 1628 3397 1664 κατα-

1820 1707 1972 1761 δῦναι
2020 1707 2076 1760 δὲ
2102 1709 2182 1769 εἰς
2222 1706 2313 1760 τὸν
2358 1705 2516 1776 βυθὸν
2563 1706 2682 1759 οὐδὲ
2725 1703 3153 1775 ἐπιτηδεύσαντα
3196 1702 3394 1776 ῥᾴδιον.

1820 1799 2144 1854 Africanus:
2195 1796 2526 1853 Ξυνέόαλλον
2572 1797 2628 1852 δὲ
2676 1796 2826 1869 παρὰ
2857 1796 2961 1869 τὴν,
2999 1795 3274 1851 θάλασσαν
3300 1795 3399 1865 τὴν

1832 1891 2095 1963 Ἀλυκὴν,
2133 1891 2255 1962 ἥτις
2297 1890 2541 1944 καλεῖται
2604 1888 2699 1943 νῦν
2751 1888 2995 1942 Θάλασσα
3047 1886 3255 1960 Νεκρὰ.
3310 1887 3399 1940 Ἐν

1818 1984 1990 2059 ταύτῃ
2034 1984 2263 2039 πλεῖστα
2303 1982 2412 2036 τῶν
2448 1982 2764 2054 Θαυμασίων
2805 1981 3093 2053 τεθέαμαι.
3136 1978 3299 2034 Ζώων
3337 1996 3398 2032 τε

1818 2078 1927 2149 γὰρ
1948 2076 2101 2131 οὐδὲν
2133 2078 2310 2130 ἐκεῖνο
2333 2075 2395 2129 τὸ
2423 2074 2565 2147 ὓδωρ
2596 2074 2770 2144 φέρει,
2799 2078 2893 2128 καὶ
2924 2073 3111 2145 νεκροὶ
3141 2073 3239 2145 μὲν
3262 2073 3387 2130 ὑπε·

1819 2168 2030 2239 ϐρύχιοι
2072 2168 2362 2238 φέρονται,
2405 2165 2607 2231 ζῶντες
2637 2166 2682 2219 δ’
2725 2164 2833 2218 οὐδ’
2873 2163 2940 2218 ἂν
2982 2161 3179 2236 ῥαδίως
3206 2163 3392 2235 βαπτι-

1820 2274 2019 2311 σαιντο.
2048 2255 2245 2327 Λύχνοι
2284 2256 2382 2327 μὲν
2406 2254 2687 2324 καιόμενοι
2716 2253 2809 2306 καὶ
2834 2253 3206 2323 ἐπιφέρονται,
3244 2252 3398 2307 σϐεν-

1818 2348 2036 2419 νύμενοι
2068 2347 2125 2400 δὲ
2158 2344 2504 2400 καταδύουσι.
2554 2343 2786 2409 Strabo,
2820 2343 2916 2398 lib.
2950 2359 3079 2399 xvr:
3125 2338 3240 2396 Εἶτ’
3274 2345 3398 2398 ἐπι-

1818 2438 2126 2503 πολάζουσα
2146 2436 2232 2490 διὰ
2258 2437 2357 2508 τὴν
2385 2436 2546 2505 φύσιν
2570 2434 2664 2489 τοῦ
2695 2433 2986 2504 ὖδατος,ἥν
3019 2433 3227 2506 ἔφαμεν
3263 2435 3400 2506 μηδὲ

1818 2530 2087 2602 κολύμϐου
2126 2528 2372 2594 δεῖσθαι,
2420 2528 2554 2602 μηδὲ
2598 2525 2955 2599 βαπτίζεσθαι
2990 2527 3081 2581 τὸν
3129 2527 3397 2599 ἐμϐάντα,

1817 2621 1929 2676 ἀλλ’
1964 2621 2295 2694 ἐξαίρεσθαι.

1886 2711 2057 2780 lbid.,
2125 2713 2221 2768 lin.
2291 2712 2379 2766 46.
2443 2713 2751 2783 Ἀναφέρει
2810 2711 2878 2766 δὲ
2945 2710 3121 2776 ἅλας.
3189 2707 3394 2763 Eadem

1818 2807 1977 2861 habet
1999 2804 2271 2877 Iosephus
2298 2806 2420 2861 loco
2456 2806 2627 2869 dicto,
2658 2806 2714 2860 in
2750 2820 2860 2875 quo
2900 2803 2968 2858 de
3021 2801 3289 2857 bitumine
3344 2807 3401 2855 et

1815 2898 1935 2969 eius
1979 2899 2037 2952 in
2086 2898 2376 2953 medicinis
2414 2914 2538 2953 usu.
2572 2896 2782 2952 Plinius
2808 2938 2823 2960 ,
2857 2896 2954 2950 lib.
2985 2911 3021 2950 n
3044 2934 3059 2959 ,
3093 2909 3217 2965 cap.
3251 2892 3395 2948 105:

1818 2990 1970 3045 Nihil
2002 2992 2059 3045 in
2098 2990 2393 3060 Asphaltite
2412 2990 2618 3045 Iudaea:
2647 2990 2786 3053 lacu,
2811 2991 2900 3059 qui
2928 2989 3162 3042 bitumen
3199 2986 3394 3057 gignit,

1743 3111 1785 3168 ο
1818 3081 1981 3153 mergi
2007 3090 2206 3150 potest;
2247 3088 2303 3137 et
2335 3082 2431 3136 lib.
2466 3099 2522 3145 ν,
2549 3095 2671 3151 cap.
2708 3079 2795 3145 16,
2830 3080 3063 3134 habetur
3102 3077 3203 3130 hoc
3229 3076 3396 3168 idem.

1817 3174 1955 3231 Vide
1997 3190 2119 3245 qua:
2153 3175 2315 3229 habet
2356 3173 2665 3244 Antigonus
2713 3171 2997 3243 Carystius
3036 3170 3091 3225 in
3129 3167 3400 3223 Mirabilio

1817 3266 1925 3333 bus
1954 3283 2021 3323 ex
2059 3266 2338 3323 sententia
2390 3265 2697 3334 Zenophili,
2743 3271 2796 3320 et
2844 3261 3193 3318 Dioscorides
3223 3262 3319 3317 lib.
3356 3278 3395 3325 ι,

1814 3374 1935 3429 cap.
1973 3358 2411 3414 100.Africanus
2446 3375 2460 3412 :
2507 3355 2771 3411 Ἐνταῦθα
2821 3355 2878 3408 δέ
2921 3358 3057 3409 εἰσιν
3088 3357 3143 3410 αἱ
3190 3352 3398 3425 ἁσφάλ-
3466 3346 3469 3349 ’

1814 3466 1908 3502 του
1956 3449 2162 3520 πηγαί*
2193 3448 2352 3520 Φέρει
2381 3446 2437 3500 δὲ
2469 3445 2803 3518 στυπτηρίαν
2841 3445 2935 3498 καὶ
2977 3445 3080 3498 ἆλα
3117 3445 3297 3513 ὀλίγον
3344 3460 3399 3497 τι

1810 3543 1920 3597 τῶν
1943 3542 2115 3598 ἄλλων
2142 3541 2484 3614 διαφέροντα·
2516 3540 2690 3612 πικρά
2708 3556 2766 3591 τε
2783 3539 2892 3610 γάρ
2917 3541 3034 3592 ἐστι
3054 3538 3148 3591 καὶ
3164 3536 3361 3608 διαυγῆ
3379 3554 3392 3567 ’

1812 3633 1939 3688 ἔνθα
1975 3632 2020 3686 δ’
2061 3632 2127 3686 ἂν
2172 3632 2383 3703 καρπὸς
2423 3629 2641 3702 εὑρεθῇ,
2680 3628 2887 3683 καπνοῦ
2924 3628 3084 3681 πλέον
3123 3627 3274 3681 οὐδὲν
3309 3628 3397 3681 εῦ-

1808 3704 2055 3797 ’ρίσκεται
2088 3722 2476 3795 θολερωτάτου.
2521 3721 2594 3776 Τὸ
2634 3721 2691 3774 δὲ
2724 3720 2869 3793 ὕδωρ
2907 3722 3051 3774 ἰᾶται
3086 3721 3213 3784 τοὺς
3254 3737 3398 3790 χρω-

1813 3817 2007 3887 μένους
2021 3814 2189 3886 αὐτῷ.
2211 3815 2382 3885 Λήγει
2405 3813 2461 3867 δὲ
2485 3813 2649 3867 παντὶ
2675 3812 2824 3866 ὕδατι
2845 3813 3050 3884 πάσχον
3073 3811 3310 3865 ἐναντία.
3330 3811 3395 3864 Εἰ

1808 3907 1865 3961 δὲ
1891 3907 1965 3979 μὴ
2001 3890 2269 3978 Ἰορδάνην
2284 3901 2396 3976 εἶχε
2418 3904 2507 3958 τὸν
2523 3904 2764 3976 ποταμὸν
2787 3904 2862 3969 ὡς
2888 3901 3173 3976 πορφύραν
3192 3902 3399 3975 διατρέ-

1809 4016 1970 4070 χοντα
1998 4000 2093 4052 καὶ
2131 3998 2224 4051 ἐπὶ
2268 3997 2401 4051 πολὺ
2446 3997 2757 4069 ἀντέχοντα,
2793 3996 2987 4067 ἔληξαν
3041 3996 3107 4050 ἂν
3138 3995 3329 4050 θᾶττον
3361 3995 3396 4063 ἢ

1809 4088 2079 4159 φαίνεται.
2112 4090 2266 4142 Ἔστι
2311 4088 2367 4142 δὲ
2392 4089 2522 4160 παρ’
2553 4088 2689 4158 αὐτῇ
2714 4087 2970 4158 πάμπολυ
2997 4087 3092 4140 τοῦ
3118 4086 3396 4158 βαλσάμου

1809 4167 1992 4250 φυτόν.
2029 4179 2368 4233 Ύπονοείται
2395 4179 2452 4232 δὲ
2477 4178 2878 4250 ἀνατετράφθαι
2908 4179 3011 4233 ὑπὸ
3033 4178 3127 4233 τοῦ
3152 4178 3288 4232 Θεοῦ
3311 4178 3400 4233 διὰ

1805 4274 1906 4346 τὴν
1935 4272 2044 4327 τῶν
2070 4271 2493 4344 περιοικούντων
2540 4273 2814 4327 ἀσέϐειαν.
2848 4271 3012 4327 Plura
3047 4270 3115 4326 de
3160 4270 3263 4326 hac
3305 4287 3398 4326 ea—

1808 4367 1931 4423 dem
1959 4382 2017 4421 re
2055 4366 2475 4437 phiIOSOphatur
2520 4365 2741 4430 Strabo,
2781 4381 2900 4432 xw,
2932 4372 2986 4420 et
3014 4380 3083 4419 ex
3116 4365 3388 4419 sententis

131 4453 222 4510 vel
260 4454 365 4507 alia
394 4454 648 4524 quapiam
685 4455 896 4510 ratione
928 4453 1156 4512 eli‘ectus
1190 4455 1374 4521 fuerit,
1402 4471 1470 4509 an
1492 4471 1624 4511 vero
1651 4466 1707 4512 et
1739 4464 1781 4517 1)
1813 4458 2145 4522 Possidonii,
2186 4472 2308 4527 quae
2348 4464 2544 4513 caetera
2594 4457 2840 4512 facultati
2890 4465 3122 4520 naturae,
3179 4457 3397 4527 praesti-

128 4551 259 4602 ante
287 4546 435 4600 illam
471 4546 812 4616 punitionem
843 4554 1014 4602 esset.
1052 4545 1348 4617 Cajetanus
1374 4556 1430 4603 et
1462 4545 1708 4603 Oleaster

128 4638 377 4697 sentiunt
410 4645 538 4695 ante
568 4640 811 4711 regionis
836 4640 987 4696 illius
1029 4641 1370 4696 eversionem
1420 4640 1593 4698 fuisse
1629 4641 1703 4697 ibi

126 4733 309 4786 lacum
333 4771 350 4796 ,
378 4732 473 4802 qui
508 4733 807 4805 vocabatur
838 4732 992 4788 Mare
1042 4733 1207 4798 salis,
1249 4749 1352 4789 nec
1392 4735 1706 4804 oppositum

125 4837 198 4878 ex
225 4822 422 4880 divinis
449 4824 644 4880 litteris
673 4824 968 4882 manifesto
986 4825 1196 4882 haberi.
1213 4824 1280 4879 Et
1301 4824 1548 4881 Oleaster
1573 4827 1708 4883 satis

124 4922 312 4984 aperte
339 4932 355 4969 :
382 4913 462 4972 Ne
485 4922 644 4985 putes
670 4955 687 4981 ,
712 4916 921 4987 inquit,
956 4928 1114 4973 antea
1141 4932 1253 4972 non
1282 4917 1456 4974 luisse
1487 4933 1554 4974 eo
1585 4919 1707 4974 loco

125 5003 280 5056 illum
308 5002 522 5069 lacum,
553 5019 680 5059 cum
719 5020 939 5077 semper
979 5005 1036 5060 in
1066 5022 1190 5062 eum
1222 5008 1402 5062 lacum
1439 5006 1708 5065 Iordanes

124 5109 303 5164 aquas
327 5110 459 5151 suas
495 5100 874 5154 exoneraverit
913 5117 928 5155 :
972 5114 1162 5155 verum
1211 5106 1374 5155 antea
1414 5100 1569 5156 lacus
1616 5099 1709 5156 ille

123 5200 237 5240 non
287 5200 349 5241 se
382 5188 712 5245 extendebat
748 5205 924 5261 usque
951 5190 1020 5245 ad
1048 5190 1343 5269 Sodomam
1368 5233 1384 5259 ,
1414 5192 1560 5249 sicut
1583 5201 1709 5264 post

122 5279 538 5337 subversionem
589 5281 810 5338 illarum
859 5282 1165 5339 civitatum.
1211 5283 1579 5358 Hieronymus
1626 5294 1708 5340 ta-

122 5382 349 5428 menet
385 5371 662 5445 Iosephus
704 5376 1045 5432 contrarium
1093 5386 1348 5443 tuentur,
1390 5394 1493 5434 nec
1521 5386 1709 5434 noster

121 5463 445 5521 Eustathius
486 5467 556 5523 ab
601 5467 714 5523 illis
755 5467 1033 5525 dissentit.
1081 5468 1256 5527 Notus
1308 5478 1396 5527 est
1443 5481 1706 5543 praeterea

123 5552 415 5612 Strabonis
458 5573 615 5615 error
668 5558 957 5617 Sirbonem
999 5561 1254 5632 paludem
1281 5604 1297 5627 ,
1346 5580 1469 5635 qua:
1514 5574 1600 5622 est
1636 5566 1705 5621 ad

120 5647 371 5717 Casium,
401 5651 791 5710 confundentis
822 5670 949 5710 cum
984 5655 1295 5726 Aspiialtite
1329 5658 1451 5713 lacu
1478 5699 1492 5721 .
1535 5675 1567 5714 a
1596 5674 1707 5730 quo

120 5736 390 5798 Iordanes
410 5741 669 5799 ebibitur.
695 5742 1060 5816 Suspicantur
1088 5737 1269 5804 lamen
1301 5748 1570 5819 nonnulli,
1597 5765 1706 5809 non

1812 4553 1939 4622 gliS,
1979 4562 2033 4605 et
2070 4551 2538 4606 incantationibus
2582 4550 2795 4606 tribuit.
2826 4549 3101 4614 Justinus,
3135 4550 3172 4604 l.
3205 4565 3392 4613 xxx",

1810 4645 2065 4715 paludem
2108 4645 2275 4709 hanc,
2321 4660 2500 4716 neque
2538 4644 2716 4699 ventis
2753 4643 2983 4706 moveri,
3034 4658 3210 4713 neque
3237 4642 3396 4696 navi-

1809 4738 2050 4808 gationis
2073 4737 2372 4807 patientem
2397 4751 2522 4790 esse
2560 4742 2753 4789 narrat
2785 4742 2980 4788 contra
3011 4734 3246 4797 aliorum
3275 4734 3397 4804 apis

1811 4829 2031 4883 nionem
2059 4849 2072 4884 :
2101 4827 2168 4884 In
2193 4846 2256 4884 ea
2282 4829 2489 4899 regione
2524 4828 2671 4881 lacus
2704 4836 2804 4890 est,
2836 4827 2926 4896 qui
2958 4838 3169 4895 propter
3190 4826 3395 4896 magni-

1811 4918 2064 4984 tudinem,
2116 4928 2165 4971 et
2213 4935 2364 4988 aqua:
2419 4916 2874 4981 imntobilitatem,
2933 4914 3205 4970 Mortuum
3250 4933 3398 4970 mare

1808 5008 2034 5072 dicitur;
2069 5024 2192 5062 nam
2221 5025 2379 5079 neque
2407 5008 2570 5061 ventis
2596 5020 2829 5062 movetur
2857 5007 3132 5061 resistente
3166 5006 3392 5066 turbini-

1809 5101 1904 5157 bus
1940 5101 2213 5165 bitumine,
2243 5119 2345 5172 quo
2387 5119 2525 5172 aqua
2572 5103 2742 5156 omnis
2771 5110 3073 5171 stagnatur.
3106 5116 3264 5171 neque
3298 5117 3397 5154 na-

1812 5195 2088 5267 vigationis
2104 5196 2308 5264 patiens
2332 5205 2431 5257 est,
2451 5194 2700 5265 quoniam
2718 5193 2897 5246 omnia
2930 5193 3039 5247 vita
3064 5192 3300 5247 carentia
3340 5192 3397 5244 in

1808 5287 2136 5358 profundum
2164 5298 2506 5358 merguntur;
2549 5303 2640 5341 nec
2679 5286 2959 5341 materiam
3004 5286 3173 5340 ullam
3231 5284 3400 5337 διιειὶ-

1788 5389 1918 5450 Δηει,
1943 5379 2047 5432 nisi
2082 5395 2198 5447 qua:
2226 5394 2259 5431 a
2286 5376 2484 5430 lumine
2517 5375 2784 5431 illinatur.

1879 5468 2041 5528 lbid.,
2074 5468 2171 5523 lin.
2196 5467 2285 5523 52.
2321 5467 2419 5533 Ὠς
2440 5464 2528 5535 μὴ
2562 5465 2882 5519 δύνασθαι.
2911 5461 3148 5524 Plinius.
3175 5463 3269 5518 tib.
3296 5479 3396 5531 vn,

1786 5576 1932 5631 cap.
1966 5559 2053 5623 15,
2092 5559 2159 5613 de
2192 5558 2484 5613 mulierum
2518 5555 2786 5627 proﬂuvio
2816 5571 3123 5612 sermonem
3158 5557 3392 5612 habens:

1811 5657 1952 5723 Quin
1984 5664 2032 5709 et
2064 5653 2379 5709 bituminum
2412 5668 2612 5723 sequax
2646 5653 2882 5723 alioquin
2909 5670 2970 5708 ac
3001 5653 3141 5706 lenta
3176 5661 3397 5713 natura.

1810 5750 1861 5803 in
1890 5750 2011 5804 lacu
2052 5746 2279 5813 ludicre,
2319 5748 2408 5820 qui
2441 5754 2657 5803 vocatur
2698 5745 3041 5816 Asplmltites,
3082 5753 3219 5801 certo
3261 5750 3397 5804 tam
