3848 6168
492 357 517 410 1
527 353 632 412 015

1833 340 2081 398 LEONIS
2113 338 2383 397 ALLATII

3634 335 3770 390 1026

485 485 612 544 pore
650 469 776 523 anni
817 473 1185 533 supernatans,
1213 466 1389 536 nequit
1418 465 1521 521 sibi
1551 465 1728 530 avelli,
1761 465 1831 519 ad
1865 481 2070 521 omnem
2097 473 2144 530 Α
2173 462 2345 528 disse,
2373 469 2501 535 post
2531 455 2923 515 circumcisum
2957 453 3256 518 Abraham,
3289 461 3342 510 et
3378 454 3590 510 multas
3632 457 3766 509 alias

485 565 790 617 contactum
812 556 1108 618 adlta'rens,
1134 569 1484 628 prwterquam
1510 557 1603 625 ﬁlo
1629 558 1767 629 quod
1801 557 1906 612 tale
1928 560 2071 613 rirus

485 650 743 721 infecerit.
777 648 841 702 Et
892 646 1135 712 Solinus,
1179 649 1272 704 lib.
1303 664 1400 704 Iv:
1435 648 1680 702 Bitumen
1730 650 1970 703 nascitur
2018 650 2074 704 in

483 741 705 808 Iudam,
743 741 883 814 quod
939 741 1258 811 Aspltaltites
1303 742 1471 814 gignit
1497 743 1668 807 lacus,
1707 742 1836 798 adeo
1871 743 2073 796 lentum

487 837 710 891 mollitie
753 835 1046 904 glutinosa,
1093 843 1148 886 ut
1183 851 1216 888 a
1251 851 1306 888 se
1354 843 1575 905 nequeat
1609 835 1888 902 separari:
1933 837 2072 890 enim

487 941 606 982 vero
627 927 674 980 si
697 925 1008 994 abrumpere
1038 936 1241 993 partem
1272 926 1421 991 relis,
1451 927 1765 980 universitas
1790 937 2070 998 sequetur;

486 1019 758 1088 scindique
802 1035 905 1072 non
939 1026 1132 1088 potest,
1172 1019 1421 1088 quoniam
1464 1020 1520 1072 in
1563 1029 1817 1090 quantum
1843 1019 2073 1074 ducatur

484 1109 808 1173 extenditur,
851 1108 940 1163 sed
973 1109 1062 1162 ubi
1117 1108 1336 1164 admota
1373 1110 1574 1177 fuerint
1599 1126 1788 1164 cruore
1831 1110 1926 1163 illo
1957 1110 2072 1179 pol-

485 1203 604 1254 luta
639 1201 762 1270 fila,
790 1213 974 1270 sponte
1010 1202 1352 1272 dispergitur,
1378 1212 1428 1256 et
1467 1202 1733 1271 applicata
1762 1203 1878 1258 tabe
1905 1202 2072 1257 dedu-

482 1290 625 1344 citur
663 1290 822 1358 paulo
853 1300 973 1345 ante
1027 1306 1216 1359 corpus
1265 1307 1448 1355 unum,
1500 1293 1660 1361 ﬁtque
1699 1291 1762 1344 de
1792 1292 2072 1347 tenacitate

483 1396 719 1434 connexa
769 1380 1082 1449 contagione
1139 1382 1357 1448 partitio
1414 1382 1704 1449 repentina.
1764 1378 2066 1450 Iosephus:

486 1469 815 1542 Πληρώσασι
839 1470 896 1522 δὲ
909 1470 1239 1524 ἀποκόπτειν
1264 1471 1323 1524 οὐ
1351 1471 1553 1541 ῥᾴδιον,
1575 1471 1709 1525 ἀλλὰ
1735 1471 1802 1525 δι’
1824 1471 2069 1524 εὐτονίαν

484 1564 868 1635 προσήρτηται
910 1563 987 1634 τῷ
1029 1563 1310 1637 μηρύματι
1351 1564 1556 1633 σκάφος
1589 1564 1694 1628 ἓως
1723 1564 1788 1618 ἂν
1819 1565 2069 1636 ἐμμηνίῳ

483 1654 760 1725 γυναικῶν
787 1654 976 1724 αἵματι
1011 1654 1104 1708 καὶ
1138 1655 1295 1727 οὔρῳ
1321 1655 1646 1710 διαλύσωσιν
1679 1656 1840 1710 αὐτὸν
1865 1651 1947 1720 οἷς
1977 1659 2071 1728 μό-

483 1763 597 1810 νοις
645 1746 793 1817 ἥκει.
829 1745 1110 1812 Brodzeus,
1166 1747 1265 1804 lib.
1295 1763 1370 1814 Iv,
1416 1763 1537 1818 cap.
1560 1747 1667 1815 9.5;
1711 1746 2069 1805 Possidonius

483 1838 760 1910 prastigia
797 1839 914 1892 lucc
954 1853 1078 1894 esse
1115 1847 1168 1894 et
1202 1838 1624 1905 incantationes,
1661 1840 1860 1910 quibus
1901 1839 2069 1895 dediti

483 1926 1025 1987 accolaeutebantur,
1063 1935 1124 1982 ut
1154 1927 1324 1983 refert
1357 1929 1576 1995 Strabo,
1611 1929 1706 1984 lib.
1739 1947 1854 1986 1m.

552 2014 666 2071 Col.
689 2015 812 2079 761.
850 2017 944 2071 lin.
979 2016 1066 2072 54.
1084 2017 1430 2072 Ἀλλάττειν
1449 2018 1516 2073 δέ
1537 2019 2065 2090 φασινριιοεερὴιιει

485 2107 713 2161 Ἐστιδὲ
734 2109 826 2161 ἐπὶ
843 2107 1018 2180 τούτῳ
1047 2110 1140 2162 καὶ
1170 2111 1202 2180 ἡ
1232 2109 1332 2179 τῆς
1360 2109 1526 2182 χρόας
1560 2110 1827 2182 μεταϐολὴ
1853 2111 2065 2182 θαυμα-

483 2215 618 2266 σιος·
637 2201 758 2272 τρὶς
775 2201 884 2274 γὰρ
900 2202 1137 2272 ἑκάστης
1152 2205 1183 2268 ἡ
1195 2201 1259 2272 μέ
1269 2219 1365 2272 ρας
1383 2203 1480 2274 τὴν
1497 2203 1816 2273 ἐπιφάνειαν
1834 2203 2068 2258 ἀλὰσσε-

479 2308 593 2356 ται,
619 2293 713 2348 καὶ
730 2293 869 2364 πρὸς
880 2293 979 2358 τὰς
991 2293 1226 2363 ἡλιακὰς
1256 2295 1481 2359 ἀκτῖνας
1508 2296 1766 2365 ἀνταυγεῖ
1782 2295 2066 2360 ποικίλως.

463 2392 470 2432 ί
549 2384 670 2440 Col.
703 2387 832 2451 764,
862 2387 960 2443 lin.
992 2389 1046 2442 1.
1075 2388 1188 2442 Καὶ
1226 2389 1376 2458 μετὰ
1422 2388 1538 2457 τὴν
1569 2389 1730 2460 ὀγδό.
1772 2388 2065 2460 .losepbus.

480 2479 665 2549 Antiq.
699 2480 795 2535 lib.
828 2497 846 2536 ι
873 2497 888 2535 :
919 2479 1176 2536 Τίκτεται
1206 2481 1263 2536 δὲ
1299 2485 1428 2546 παῖς
1452 2483 1728 2555 ἑκατέρων
1751 2481 1827 2555 τῷ
1855 2483 2068 2554 ὑστάτῳ

479 2569 614 2634 Ιτει,
641 2569 700 2624 ὃν
723 2570 883 2636 εὐθὺς
917 2575 1031 2642 μετ’
1055 2573 1246 2643 ὀγδόην
1279 2573 1494 2647 ἡμέραν
1530 2573 1936 2645 περιτέμνουσι,
1965 2573 2068 2640 κάξ

480 2660 694 2716 ἑκείνου
723 2663 861 2732 μετὰ
877 2665 1145 2730 τοσαύτας
1160 2665 1278 2730 ἔθος
1296 2665 1509 2738 ἔχουσιν
1540 2667 1588 2720 οἱ
1626 2667 1867 2721 Ἰουδαῖοι
1895 2670 2066 2722 ποιεῖ-

482 2752 609 2807 σθαι
651 2753 752 2818 τὰς
794 2756 1119 2827 περιτομάς.
1164 2755 1277 2811 Cur
1309 2766 1538 2812 octavus
1585 2756 1705 2813 dies
1753 2757 2067 2829 assignatus

481 2843 646 2901 fuerit
666 2847 1074 2903 circumcisioni
1091 2849 1230 2904 duas
1255 2850 1493 2906 rationes
1517 2850 1731 2922 attingit
1746 2850 2068 2923 Chrysostoo

481 2949 629 2999 mus,
665 2937 719 2989 in
753 2933 939 2994 Genes.
975 2938 1126 2994 bom.
1168 2939 1258 3005 59,
1294 2955 1416 3010 qua:
1448 2947 1634 2994 tamen
1677 2940 1903 2997 Pererio
1955 2957 2066 2998 non

478 3025 829 3084 satisfaciunt
853 3029 908 3084 in
935 3044 1057 3099 cap.
1082 3046 1216 3087 xvu.
1258 3028 1438 3096 Quare
1459 3030 1702 3102 explosis
1731 3031 1860 3094 illis,
1902 3033 2064 3088 aliam

2175 556 2453 612 nationes.
2515 551 2848 613 Herodotus,
2901 549 2940 606 l.
2993 565 3032 604 ιι
3069 569 3083 605 :
3118 547 3312 603 Virilia
3374 547 3765 602 circumcidunt

2177 647 2450 702 munditia
2465 643 2662 715 gratia,
2684 642 2855 711 pluris
2880 641 3128 710 facientes
3155 657 3207 696 se
3223 637 3445 695 mundos
3467 656 3585 694 esse
3603 656 3759 710 quam

2173 738 2413 793 decoros.
2470 734 2785 791 Sacerdotes
2813 749 3014 804 quoque
3051 733 3135 786 die
3171 740 3337 784 totum
3385 747 3580 799 corpus
3637 747 3760 785 era-

2174 829 2326 894 dunt,
2358 844 2420 882 ne
2442 826 2567 896 quid
2589 827 2664 880 eis
2700 825 2836 878 inter
2866 823 3085 877 deorum
3115 819 3337 886 cultum,
3374 831 3472 875 aut
3504 823 3756 891 pediculi,

2174 929 2266 976 aut
2307 920 2526 974 alterius
2551 917 2722 972 sordis
2757 925 2980 971 creetur.
3010 915 3167 984 Apud
3201 913 3485 984 Egyptios
3517 916 3758 969 circnma

2173 1013 2312 1068 cisio
2358 1012 2414 1066 in
2444 1026 2506 1066 ea
2554 1011 2657 1064 fuit
2701 1009 3066 1063 mstimationc
3099 1015 3158 1060 ut
3202 1007 3337 1086 nulli
3367 1007 3474 1062 nisi
3517 1008 3757 1062 circum-

2173 1105 2292 1160 ciso
2325 1104 2394 1159 ad
2438 1103 2758 1174 dignitates,
2790 1109 2844 1157 et
2875 1102 2979 1157 alia
3021 1103 3246 1157 bonoris
3275 1102 3601 1172 prmmiique
3639 1116 3756 1155 mu-

2173 1215 2305 1254 nera
2356 1205 2563 1268 pateret
2617 1196 2821 1250 aditus.
2870 1193 3162 1266 Origenes.
3212 1195 3309 1250 lib.
3346 1208 3385 1247 ιι
3438 1193 3754 1248 Comment.

2173 1290 2345 1359 Epist.
2383 1288 2451 1342 ad
2482 1287 2632 1343 Rom.
2659 1287 2845 1356 :Apud
2875 1286 3178 1357 Egyptios,
3203 1285 3292 1356 qui
3335 1285 3390 1338 in
3419 1285 3757 1352 superstitio~

2173 1383 2326 1436 nibus
2363 1381 2707 1436 vetustissimi
2757 1390 2808 1435 et
2855 1380 3204 1435 eruditissimi
3252 1378 3611 1440 habebantur,
3643 1389 3694 1432 et
3727 1398 3756 1431 ο

2169 1473 2358 1543 quibus
2387 1473 2564 1527 cazteri
2595 1488 2753 1542 prope
2781 1488 2957 1526 omnes
2991 1473 3152 1524 ritum
3196 1487 3472 1525 sacrorum
3529 1480 3584 1524 et
3617 1487 3758 1524 cere-

2172 1567 2376 1620 nonius
2427 1566 2661 1620 mutuati
2693 1574 2835 1627 sunt,
2885 1566 3086 1629 nullus,
3144 1573 3238 1617 aut
3289 1566 3615 1634 geometrim,
3669 1575 3756 1617 aut

2171 1658 2475 1728 astrologia:
2503 1655 2768 1714 studebat.
2803 1665 2895 1710 aut
2928 1672 3170 1727 geneseos
3216 1665 3416 1710 secreta
3445 1657 3753 1709 rimabatur

2171 1751 2273 1804 nisi
2295 1751 2639 1803 circumcisus
2661 1759 2816 1803 esset.
2845 1746 3015 1802 Nemo
3041 1749 3160 1802 item
3188 1747 3330 1816 apud
3354 1747 3478 1803 illos
3504 1749 3755 1803 sacerdos

2169 1859 2281 1898 esse
2305 1850 2534 1912 poterat,
2569 1857 2734 1910 neque
2781 1855 3028 1908 aruspex,
3065 1856 3227 1910 neque
3270 1840 3635 1910 quorumlibet
3672 1859 3756 1894 sa-

2165 1950 2376 1988 crorum
2427 1933 2698 1996 minister,
2730 1949 2842 1989 nec.
2872 1942 2928 1984 ut
2972 1932 3054 1986 illi
3095 1933 3450 2002 appellabant,
3475 1936 3753 2002 propheta.

2166 2023 2271 2080 nisi
2307 2032 2464 2076 antea
2511 2023 2907 2076 circumcisione
2944 2022 3100 2092 quasi
3143 2033 3417 2094 purgatus,
3463 2030 3626 2093 atque
3659 2025 3756 2077 ini-

2167 2115 2334 2169 tiatus
2367 2115 2575 2184 fuisset.
2621 2113 2813 2168 Omnes
2847 2113 3234 2182 ltierophantes,
3270 2130 3558 2184 omnesque
3589 2126 3750 2177 rates.

2168 2217 2324 2276 atque
2374 2223 2552 2260 omnes
2601 2206 2708 2260 sive
2752 2206 2887 2268 cceli,
2926 2215 2986 2258 ut
3033 2214 3223 2274 putant
3265 2205 3369 2269 illi,
3407 2206 3529 2260 sice‘
3563 2207 3754 2276 inferni

2167 2291 2358 2369 mystes
2379 2311 2427 2353 et
2459 2300 2699 2353 conscius
2727 2299 2928 2354 nullam
2961 2299 3102 2368 apud
3130 2315 3216 2354 eos
3239 2297 3396 2368 ﬁdem
3439 2308 3492 2352 et
3520 2302 3752 2354 auctori-

2167 2398 2326 2444 tatem
2351 2388 2505 2444 habet
2535 2390 2786 2459 nulloque
2815 2389 2871 2443 in
2897 2389 3092 2444 honore
3117 2399 3214 2452 est,
3247 2389 3294 2443 si
3320 2389 3416 2443 hoc
3439 2401 3630 2444 careat
3651 2393 3750 2443 cir-

2166 2482 2510 2536 cumcisionis
2553 2482 2770 2552 insigni.
2813 2479 3099 2548 Quomodo
3147 2489 3326 2538 autem
3359 2497 3427 2536 ex
3477 2482 3749 2537 Abraham

2168 2573 2430 2646 Egyptii,
2475 2583 2774 2647 gentesque
2815 2576 2935 2629 aliae
2977 2575 3143 2629 ritum
3181 2575 3632 2631 circumcisionis
3665 2590 3752 2629 aea

2167 2668 2416 2740 ceperint
2460 2668 2712 2738 pluribus
2753 2668 3104 2738 prosequitur
3134 2665 3430 2739 Gregorius
3467 2666 3749 2724 Thauma-

2165 2764 2376 2829 turgus,
2396 2758 2594 2814 Catena
2615 2759 2667 2812 in
2691 2757 3034 2820 Hieremiam,
3055 2772 3175 2829 cap.
3199 2774 3273 2818 Ix.
3295 2757 3398 2822 26;
3421 2773 3591 2828 quem
3606 2758 3748 2814 vide.

2238 2849 2398 2915 lbid.,
2428 2851 2528 2905 lin.
2560 2849 2614 2905 8.
2643 2848 2886 2916 Μήποτε
2915 2850 3088 2920 μετά.
3137 2849 3338 2907 Eadem
3389 2850 3559 2907 habet
3599 2849 3750 2906 Josc-

2167 2941 2332 3014 phus,
2373 2943 2551 3013 Antiq.
2586 2941 2680 2997 lib.
2715 2958 2756 3004 ι.
2802 2957 2924 3013 cap.
2968 2943 3068 2999 l5:
3102 2941 3224 2997 Pari
3267 2941 3505 3009 ratione,
3541 2953 3599 2998 et
3631 2944 3749 2999 aliis

2168 3033 2294 3091 ﬁliis
2334 3035 2586 3090 Cethuraa
2627 3035 2770 3091 natis
2819 3036 3053 3106 largitus
3097 3044 3181 3092 est
3217 3050 3465 3100 munera,
3517 3044 3581 3091 ut
3633 3047 3751 3107 post

481 3115 540 3215 l3
568 3119 806 3174 medium
833 3118 1076 3184 adducit,
1112 3128 1166 3176 et
1191 3122 1362 3177 variis
1387 3124 1727 3194 argumentis
1756 3124 2061 3181 conﬁrmat.
2091 3156 2138 3215 ε
2171 3133 2398 3183 mortem
2426 3141 2456 3181 a
2483 3128 2685 3182 talione
2706 3129 2913 3183 levaret
2945 3127 3116 3192 Isaac,
3143 3128 3471 3198 sedaretque
3495 3128 3747 3196 dissidla,

479 3201 593 3264 Nec
624 3223 692 3263 ex
726 3210 828 3266 hoc
854 3209 1129 3267 Eustathii
1172 3212 1296 3268 loco
1341 3212 1614 3268 Abraham
1651 3213 1892 3269 divinum
1923 3231 2064 3286 prte-

482 3307 701 3371 ceptum
744 3301 986 3359 violasse
1023 3303 1506 3374 deprehendimus,
1555 3320 1681 3361 eum
1724 3320 1836 3362 non
1871 3316 2067 3365 octavo

479 3389 594 3456 die,
633 3400 694 3448 ut
739 3391 886 3450 Deus
933 3403 1290 3468 praceperat,
1327 3397 1423 3454 sed
1472 3404 1598 3468 post
1639 3404 1894 3455 octavum
1921 3399 2066 3457 diem

483 3487 654 3540 allium
696 3502 857 3541 suum
891 3488 1258 3545 circumcidit.
1305 3489 1566 3557 Quamvis
1597 3489 1747 3546 enim
1790 3493 1908 3548 sine
1940 3507 2067 3562 pec-

479 3585 610 3633 cato
638 3578 1117 3636 circumcisionem
1141 3579 1362 3637 differre
1387 3589 1574 3652 posset
1595 3583 1754 3640 novis
1782 3599 2068 3655 emergen-

479 3669 630 3726 tibus
660 3670 868 3733 causis,
912 3679 1092 3727 tamen
1134 3671 1251 3742 ipse
1281 3671 1600 3727 mandatum
1646 3670 1742 3728 Dei
1780 3672 2064 3743 explevit:

481 3759 560 3816 ita
588 3767 770 3815 autem
821 3761 1039 3817 locutus
1087 3771 1171 3817 est
1219 3760 1560 3825 Eustathius,
1603 3762 2065 3834 quemadmodum

477 3855 539 3924 et
572 3847 866 3921 Josepbus,
889 3853 940 3906 si
964 3868 1049 3907 me
1078 3868 1186 3907 non
1218 3851 1358 3907 fallit
1399 3853 1606 3924 opinio,
1633 3862 1694 3908 ut
1717 3853 2066 3911 demonstra-

481 3949 593 4007 ret,
627 3950 761 3998 tunc
807 3959 1038 4012 puerum
1071 3960 1196 4001 esse.
1220 3945 1750 4009 circumcidendum,
1789 3963 1913 4003 cum
1950 3947 2065 4018 jam

479 4029 604 4087 dies
637 4039 762 4086 octo
791 4033 1084 4104 explesset,
1123 4041 1177 4088 et
1218 4034 1430 4090 videtur
1469 4036 1592 4091 elici
1631 4053 1699 4092 ex
1729 4037 1863 4107 ipsis
1885 4041 2066 4095 verbis

484 4116 804 4189 Scriptum,
827 4136 950 4191 cap.
976 4138 1083 4176 xvtl
1110 4141 1123 4177 :
1151 4121 1343 4193 Infans
1360 4136 1477 4180 octo
1505 4126 1709 4181 dierum
1725 4129 2066 4184 circumcidea

481 4221 573 4268 tur
601 4213 654 4267 in
685 4213 827 4268 vobis
867 4231 1018 4270 omne
1063 4218 1436 4282 masculinum,
1470 4227 1578 4276 etc.
1621 4219 1764 4292 Ergo
1810 4222 1894 4278 vel
1947 4224 2066 4292 ipso

480 4311 680 4358 octavo
707 4303 816 4370 die,
844 4305 927 4360 vel
964 4320 1030 4360 eo
1063 4307 1297 4376 expleto.
1354 4307 1572 4373 Strabo,
1606 4310 1703 4366 lib.
1737 4327 1868 4375 xvn,
1912 4320 2066 4382 putat

481 4393 650 4450 etiam
681 4393 913 4457 feminas
940 4394 1158 4453 Iudaeas
1197 4409 1528 4470 amputatas,
1559 4403 1708 4474 quod
1747 4404 1828 4458 uti
1864 4403 2062 4460 falsum

2167 3226 2220 3274 et
2251 3219 2654 3282 contentiones,
2695 3233 2818 3289 quae
2843 3229 3058 3274 mortuo
3082 3218 3175 3273 illo
3204 3227 3456 3288 poterant
3485 3219 3543 3274 in
3569 3235 3749 3276 rerum

2165 3309 2436 3366 divisione
2466 3310 2623 3366 oriri.
2653 3309 2986 3379 Cajetanus:
3019 3309 3167 3376 Ideo,
3201 3309 3403 3381 inquit,
3434 3309 3583 3366 dona
3612 3311 3750 3367 dedit

2166 3397 2436 3453 Abraham
2465 3398 2595 3469 ﬁliis
2629 3400 3066 3465 concubinarum,
3103 3408 3154 3455 et
3195 3400 3403 3454 dimisit
3431 3417 3527 3456 eos
3562 3418 3598 3456 α
3627 3418 3749 3456 cura

2167 3507 2288 3558 sua,
2319 3501 2376 3546 ut
2415 3501 2724 3546 exoneraret
2762 3491 2922 3546 Isaac
2950 3492 3121 3562 ﬁlium
3150 3509 3304 3548 suum
3334 3493 3400 3546 ab
3440 3509 3604 3549 onere
3630 3512 3744 3565 pro-

2168 3584 2376 3638 videndi
2407 3585 2537 3640 illis.
2575 3583 2920 3639 Incumbebat
2957 3585 3094 3639 enim
3129 3583 3289 3640 Isaac
3311 3584 3514 3640 heredi
3544 3587 3745 3641 uniuer—

2168 3678 2274 3734 sali
2320 3695 2450 3733 cura
2495 3678 2804 3749 providendi
2853 3677 3114 3748 fratribus
3168 3679 3279 3733 suis
3329 3677 3396 3731 ab
3441 3678 3746 3733 hereditate

2165 3767 2395 3822 exclusis
2443 3783 2463 3822 :
2512 3767 2775 3837 ejusmodi
2841 3765 2983 3820 enim
3040 3764 3347 3820 exoneratio
3390 3765 3744 3835 signiﬁcatur.

2167 3857 2413 3919 dicendo,
2457 3867 2515 3912 ut
2557 3866 2635 3912 est
2675 3858 2729 3910 in
2787 3854 3036 3921 Hebraro,
3069 3853 3139 3908 Et
3194 3854 3342 3908 misit
3393 3870 3484 3909 eos
3532 3854 3747 3925 desuper

2169 3949 2329 4003 Isaac
2367 3947 2492 4002 dum
2533 3948 2704 4004 adhuc
2734 3949 2843 4020 ipse
2872 3949 3077 4012 viveret,
3109 3957 3354 4020 tanquam
3380 3947 3578 4003 tollens
3601 3963 3747 4010 onus.

2165 4041 2305 4110 quod
2331 4051 2448 4096 erat
2471 4057 2627 4112 super
2655 4040 2838 4106 Isaac,
2871 4051 2920 4096 et
2951 4043 3076 4111 quia
3104 4040 3213 4094 lucc
3241 4042 3512 4095 exsecutio
3542 4041 3647 4111 fuit
3674 4040 3748 4094 Il-

2167 4135 2300 4187 tima
2331 4149 2414 4189 res
2446 4143 2592 4204 gesta
2627 4132 2691 4186 ab
2720 4133 2993 4187 Abraham
3035 4133 3464 4201 prudentissime,
3497 4134 3622 4188 ideo
3658 4134 3748 4186 cd-

2158 4227 2430 4296 jungitur,
2459 4224 2598 4296 quod
2628 4224 2752 4294 fecit
2782 4224 2909 4278 dum
2942 4225 3116 4280 adhuc
3145 4227 3253 4294 ipse
3275 4227 3494 4282 eiceret.

2236 4317 2397 4386 lbid.,
2434 4317 2531 4372 lin.
2570 4317 2652 4372 [0.
2699 4315 3013 4387 Κατέσχον
3065 4315 3236 4386 γοῦν.
3286 4315 3592 4388 Josepbus,
3624 4333 3742 4374 xu:

2167 4407 2328 4469 Οὗτοι
2358 4414 2538 4467 πᾶσαν
2569 4413 2668 4486 τὴν
2699 4415 2795 4468 ἀπ’
2816 4413 3102 4485 Εὐφράτου
3124 4414 3216 4467 καὶ
3236 4412 3592 4485 καθήκουσαν
3621 4417 3747 4488 πρὸς

479 4495 537 4543 et
577 4487 868 4544 ridiculum
907 4491 1084 4560 rejicit
1106 4491 1342 4558 Delrius,
1376 4494 1564 4550 Cenes.
1596 4511 1717 4567 cap.
1749 4513 1883 4553 xm.
1917 4497 2062 4556 Rab-

2172 4506 2264 4576 τὴν
2316 4505 2585 4578 Ἐρυθρὰν
2628 4505 2901 4560 θάλασσαν
2931 4505 3263 4569 κατοικοῦσι,
3305 4505 3627 4584 Ναϐατινὴν

483 4578 599 4635 bini
640 4581 862 4650 quidam
895 4582 1086 4638 dicunt
1117 4599 1212 4640 eas
1247 4601 1346 4656 pro
1375 4587 1798 4646 circumcisione
1826 4593 2060 4662 quadam

483 4683 642 4742 aqua
672 4673 997 4730 lustratione
1035 4675 1180 4731 haud
1224 4679 1466 4734 absimili
1500 4681 1774 4752 baptismo
1815 4699 1966 4748 usas,
2004 4692 2065 4738 ut

483 4773 672 4820 narrat
693 4765 855 4825 Joan.
891 4766 1236 4835 Benedictus,
1262 4772 1356 4828 lib.
1401 4788 1418 4827 ι
1461 4773 1692 4829 Summae
1720 4774 1785 4830 de
1815 4778 2062 4845 peccatis,

481 4869 608 4926 cap.
645 4857 698 4912 7.

554 4947 711 5010 lbid.,
765 4949 863 5004 lin.
920 4951 973 5004 4.
1023 4952 1264 5018 Ἄραϐες
1321 4954 1450 5024 γάρ.
1500 4953 1808 5026 Josephus.
1869 4958 1963 5012 lib.
2025 4975 2063 5023 ι,

481 5053 604 5108 cap.
635 5039 723 5105 15,
759 5042 976 5112 Antiq.:
1013 5045 1251 5116 ’Ἄραϐες
1279 5046 1334 5100 δὲ
1371 5047 1507 5118 μετὰ
1537 5049 1655 5110 ἔτος
1688 5051 2067 5124 τρισκαιδέκα-

480 5145 610 5182 τον·
669 5131 954 5202 Ἰσμαῆλος
1009 5135 1114 5207 γὰρ
1166 5138 1196 5188 ὁ
1240 5138 1466 5208 κτίστης
1506 5140 1685 5193 αὐτῶν
1717 5141 1809 5195 τοῦ
1859 5143 2063 5206 ἔθνους,

494 5222 772 5296 Ἀὕράμου
800 5227 1087 5297 γενόμενος
1115 5231 1179 5282 ὲκ
1206 5230 1306 5301 τῆς
1328 5230 1608 5304 παλλακῆς
1634 5236 1691 5288 ἐν
1715 5235 1888 5307 τούτῳ
1914 5253 2067 5308 περι-

480 5327 741 5387 τέμνεται
773 5318 853 5389 τῷ
897 5319 1095 5391 χρόνῳ.
1123 5320 1189 5374 Ει
1212 5323 1280 5377 ab
1308 5323 1393 5378 his
1423 5322 1732 5396 Egyptios,
1777 5325 2066 5382 Phoenices

479 5418 537 5464 et
559 5410 697 5467 alios
721 5411 883 5474 ritum
913 5412 1353 5471 circumcisionis
1377 5418 1657 5486 accepisse
1685 5419 1818 5473 nulli
1841 5418 2066 5473 dubium

481 5510 607 5550 esse
633 5496 815 5561 debet.
849 5499 955 5554 etsi
986 5502 1146 5556 aliter
1177 5505 1378 5558 sentiat
1409 5503 1740 5570 Herodotus,
1772 5509 1864 5577 qui
1894 5507 2066 5562 Palm-

483 5588 664 5644 stinos
694 5590 766 5653 ab
801 5589 1076 5664 Egyptiis
1117 5594 1220 5651 hoc
1246 5596 1505 5654 didicisse
1533 5599 1721 5655 refert.
1761 5599 1895 5656 Illud
1939 5617 2066 5672 pro-

486 5682 628 5737 fecto
673 5683 1028 5742 manifestum
1067 5697 1174 5752 est,
1219 5699 1343 5746 ante
1381 5695 1860 5751 circumcisionem
1893 5696 2065 5766 ipsius

485 5772 718 5843 Abrahae
773 5777 982 5850 nullum
1031 5795 1301 5846 nusquam
1356 5783 1628 5842 hominem
1673 5803 1731 5844 se
1770 5789 2062 5843 circumci-

2167 4596 2353 4669 χώραν
2386 4596 2789 4668 ὠνομάσαντες.
2821 4596 2943 4649 Εἰσὶ
2974 4597 3031 4653 δὲ
3074 4591 3218 4653 οὗτοι
3258 4599 3309 4654 οἳ
3348 4600 3460 4655 τῶν
3507 4603 3745 4676 Ἀρὰεων

2166 4687 2462 4751 ἔθνος,.καὶ
2495 4686 2594 4750 τὰς
2626 4687 2797 4756 φυλὰς
2829 4688 2922 4744 ἀπ’
2970 4689 3152 4745 αὐτῶν
3181 4689 3406 4746 καλοῦσι
3437 4691 3536 4747 διὰ
3565 4711 3627 4749 τι
3655 4695 3744 4766 τὴν

2166 4779 2367 4851 ἀρετὴν
2399 4777 2578 4834 αὐτῶν
2606 4779 2700 4834 καὶ
2729 4781 2817 4835 διὰ
2848 4783 2908 4836 τὸ
2954 4782 3228 4854 Ἀϐράμου
3261 4782 3505 4855 ἀξίωμα.

2239 4869 2400 4934 lbid.,
2434 4871 2533 4927 lin.
2571 4873 2656 4927 13.
2699 4872 2752 4926 '0
2790 4873 2934 4940 Θεὸς
2958 4875 3066 4929 τὸν
3100 4873 3317 4930 Ἰσαάκ.
3356 4874 3566 4933 Eadem
3598 4874 3741 4934 lose-

2167 4964 2330 5035 phus,
2362 4964 2542 5036 Antiq.
2579 4965 2672 5021 lib.
2704 4979 2742 5032 l,
2787 4981 2908 5036 cap.
2961 4966 3048 5030 14,
3102 4967 3196 5022 ubi
3237 4976 3292 5023 et
3335 4967 3495 5025 Isaac
3525 4972 3654 5026 dum
3680 4969 3738 5025 sd

2167 5057 2498 5111 sacriﬁcium
2534 5056 2900 5115 immolandus
2926 5057 3241 5122 duceretur,
3276 5059 3447 5115 fuisse
3470 5061 3640 5117 tradit
3663 5063 3737 5115 vi-

2167 5147 2302 5216 ginti
2336 5149 2579 5217 quinque
2617 5163 2908 5204 annorum.
2943 5150 3094 5206 Aben
3137 5150 3272 5206 Ezra
3305 5152 3626 5221 duodecim,
3649 5153 3737 5210 lle-

2166 5237 2298 5292 brael
2327 5238 2552 5308 triginta
2590 5248 2817 5310 septem.
2865 5236 3062 5294 Verum
3093 5237 3315 5314 Josepbi
3347 5245 3626 5298 sententia
3660 5258 3736 5297 ra-

2167 5329 2484 5384 tionabilior
2526 5329 2764 5395 videtur,
2806 5345 2909 5386 nec
2945 5333 3091 5387 enim
3135 5347 3407 5388 annorum
3436 5334 3629 5391 decem
3661 5332 3734 5387 vel

2167 5421 2456 5476 duodecim
2499 5420 2650 5477 Isaae
2693 5423 2750 5477 in
2791 5438 3023 5479 ascensu
3051 5425 3254 5480 montis
3281 5425 3460 5480 arduo
3501 5437 3557 5482 et
3599 5426 3734 5480 labo-

2170 5514 2339 5579 rioso,
2358 5515 2414 5570 in
2437 5522 2544 5569 tam
2564 5523 2750 5570 tenera
2772 5524 2953 5580 aetate,
2991 5517 3206 5587 pondus
3234 5517 3517 5588 lignorum
3547 5518 3614 5574 ad
3643 5519 3730 5573 bo-

2171 5607 2474 5660 locaustum
2511 5605 2653 5662 ferre
2684 5609 2974 5678 potuisset,
3003 5616 3056 5664 et
3081 5610 3307 5680 triginta
3337 5619 3552 5682 septem
3578 5611 3729 5667 niveis

2169 5705 2482 5766 provectus,
2515 5712 2614 5752 nec
2642 5713 2776 5768 puer
2807 5713 2836 5750 a
2871 5697 3156 5770 Scriptura
3178 5700 3302 5770 jure
3327 5703 3598 5773 appellari
3620 5717 3726 5772 pns-

2171 5796 2271 5842 set.
2299 5787 2372 5843 Ex
2415 5805 2523 5862 quo
2558 5788 2760 5846 Paulus
2792 5791 3087 5861 Burgensis
3119 5802 3562 5863 argumentatur,
3596 5793 3722 5848 Isaae
