3848 6168
148 296 289 349 1023

1238 287 1301 344 IN
1344 283 1717 345 EBSTATHII
1754 281 2231 342 HEXAEMEBON
2266 282 2496 339 Νοτι.

3261 277 3399 337 1026

144 420 281 465 tunc
318 422 427 463 non
474 406 645 461 fuisse
688 406 948 476 majorem
983 404 1196 461 decimo
1233 408 1445 476 quinto,
1494 405 1724 475 ideoque
1751 416 1793 469 Α
1894 402 2055 462 lbid..
2115 403 2210 456 lin.
2253 399 2342 454 27.
2400 396 2487 463 τῷ
2532 396 2653 460 Θεῷ
2693 394 2802 465 γάρ
2837 409 2930 448 σε.
2961 392 3253 465 Perpersm
3284 397 3399 454 liae

142 503 291 557 hanc
320 499 564 556 ultimam
600 498 927 554 sententiam
971 497 1195 555 refellit.
1235 496 1437 553 Verum
1473 505 1533 551 ut
1565 498 1718 552 futile

142 592 220 649 sit
257 591 361 646 hoc
395 596 779 661 argumentum
816 588 904 642 vel
933 588 1001 643 iis
1030 588 1123 660 qui
1157 588 1397 643 nondum
1425 586 1720 657 Scriptura:

140 697 321 740 sacra:
351 697 514 738 sensa
544 681 930 751 degustarunt,
959 695 1067 733 non
1098 680 1299 749 quibus
1336 680 1390 733 in
1428 679 1497 733 iis
1529 694 1721 749 sapere

142 774 465 845 etjudieare
488 771 674 826 datum
701 777 808 836 est,
842 769 1192 824 manifestum
1222 776 1467 839 apparet.

216 887 336 944 Col.
371 885 491 953 τοι,
534 885 629 939 lin.
655 883 742 939 16.
776 884 900 940 Ἐπ’
922 885 1245 953 ἀκρωρείας
1274 883 1452 948 τινός.
1506 880 1717 935 Hebraei

143 979 376 1034 tradunt
410 979 467 1033 in
498 978 600 1032 hoc
630 978 825 1031 eodem
856 985 1038 1031 monte
1069 976 1225 1041 Abel,
1252 985 1305 1031 et
1336 974 1469 1030 Cain
1506 974 1719 1028 sacriﬁ-

144 1087 328 1137 casse,
364 1077 416 1126 et
440 1077 563 1141 post
586 1069 851 1124 diluvium
880 1067 1013 1130 Noe,
1050 1074 1213 1137 atque
1251 1066 1307 1121 in
1340 1081 1405 1120 eo
1443 1066 1562 1135 ipso
1597 1072 1719 1135 post

140 1163 316 1218 multa
339 1161 536 1217 saacula
568 1160 825 1230 templum
851 1174 881 1212 a
906 1157 1196 1212 Salomone
1224 1165 1584 1212 exstructum.
1611 1156 1721 1207 Au-

140 1257 421 1327 gustinus,
456 1269 621 1310 serm.
658 1252 727 1308 de
772 1260 943 1321 temp.
973 1252 1037 1305 '71
1068 1269 1081 1305 :
1110 1249 1303 1303 Audite
1350 1248 1485 1302 illud
1536 1265 1721 1301 sacra-

140 1354 400 1407 mentum,
432 1344 623 1413 fratres
667 1340 999 1405 sharissimi,
1050 1337 1405 1410 Hieronymus
1454 1337 1721 1407 presbyter

142 1434 380 1502 scripsit,
411 1447 464 1485 se
508 1430 573 1484 ab
608 1432 839 1500 antiquis
880 1440 928 1483 et
968 1429 1259 1483 senioribus
1296 1427 1501 1483 Judwis
1533 1428 1718 1480 certis-

141 1529 278 1582 sime
305 1527 622 1597 cognovisse,
651 1524 790 1595 quod
832 1524 907 1578 ibi
955 1522 1259 1576 immolatus
1303 1523 1371 1576 sit
1424 1521 1601 1585 Isaac,
1633 1520 1721 1574 ubi

139 1627 329 1687 postea
372 1616 614 1672 Christus
662 1615 950 1683 cruciﬁxus
990 1623 1089 1668 est.
1138 1613 1300 1676 Beda,
1332 1613 1410 1666 De
1444 1612 1571 1667 locis
1598 1629 1722 1665 san-

141 1711 268 1775 etis,
300 1724 423 1780 cap.
447 1707 507 1763 2:
540 1707 605 1761 In
634 1706 749 1761 loco
785 1720 957 1760 autem
983 1706 1099 1767 illo,
1122 1721 1224 1775 quo
1252 1702 1522 1758 Abraham
1548 1703 1721 1756 altare

142 1801 217 1853 ad
258 1799 641 1853 immolandum
681 1798 852 1869 ﬁlium
891 1798 1208 1861 construxit,
1254 1812 1433 1851 mensa
1450 1806 1527 1850 est
1553 1797 1720 1865 lignea

140 1891 412 1969 parvapin
443 1908 547 1963 qua
584 1905 874 1961 pauperum
909 1888 1249 1959 eleemosynw
1273 1887 1442 1941 solent
1473 1902 1505 1940 a
1531 1886 1720 1954 populo

142 1983 371 2053 deferri.

216 2095 380 2162 Ibid.,
415 2094 513 2150 lin.
555 2094 641 2150 l9.
682 2090 751 2149 Ὦ
798 2094 917 2159 παῖ,
947 2093 1205 2164 μυρίαις.
1244 2089 1369 2147 Πωο
1392 2091 1622 2147 Αὶποιιω
1651 2091 1720 2147 ad

143 2188 303 2244 Isaac
339 2188 517 2243 oratio
569 2187 846 2258 exscripta
886 2190 972 2243 est
1016 2194 1127 2241 tota
1171 2200 1241 2241 ex
1288 2182 1511 2257 Josephi
1557 2185 1655 2239 lib.
1701 2200 1718 2239 ι

144 2283 332 2352 Διειὶᾳ.
366 2294 491 2349 cap.
524 2277 613 2333 ﬂ.

216 2383 381 2448 Ibid.,
411 2385 511 2440 lin.
540 2385 632 2440 2|.
662 2386 782 2439 οὐκ
809 2384 980 2439 ἐστιν
1012 2384 1103 2439 ὅτι
1129 2383 1238 2455 μή.
1276 2382 1471 2440 Munus
1497 2385 1602 2441 hoc
1624 2400 1721 2457 pa-

143 2487 390 2545 ternum,
415 2476 556 2533 filios
578 2477 653 2532 ita
680 2475 967 2532 ell'ormare
1001 2485 1060 2531 ut
1089 2476 1158 2531 ad
1180 2477 1572 2548 capessendam
1598 2478 1723 2534 bea-

144 2570 440 2625 titudinem
490 2569 658 2640 inepti
698 2585 810 2624 non
852 2570 983 2625 sint.
1031 2568 1162 2636 Quae
1212 2569 1464 2625 humana:
1510 2578 1721 2627 natura:

145 2659 277 2716 nnis
307 2674 373 2714 ac
408 2658 643 2715 felicitas
685 2667 804 2726 est;
848 2660 952 2713 hoc
992 2660 1142 2714 omni
1176 2674 1311 2715 cura
1340 2675 1405 2714 ac
1441 2660 1719 2733 diligentia

143 2750 574 2821 procurandum,
628 2759 824 2806 caetera
870 2754 1290 2808 contemnenda.
1333 2751 1510 2821 Plato,
1560 2754 1656 2809 lib.
1685 2770 1718 2810 ν

144 2842 228 2897 De
262 2841 469 2911 repub.,
518 2843 711 2899 suadet
755 2842 812 2897 in
840 2842 1128 2913 gignendis
1162 2844 1349 2899 liberis
1384 2858 1481 2899 eos
1514 2843 1721 2899 imitari

143 2937 244 3006 qui
273 2935 579 2991 belluarum
610 2935 846 2991 studiosi
874 2935 1007 2992 dant
1040 2950 1283 3007 Operam,
1314 2945 1373 2991 ut
1396 2951 1462 2991 ex
1496 2936 1720 3008 optimis

142 3028 401 3095 canibus,
425 3029 604 3099 equis,
628 3036 681 3083 et
711 3029 903 3084 avibus
922 3028 1127 3098 optima
1157 3029 1366 3083 oriatur
1387 3029 1591 3098 proles.
1617 3026 1719 3083 De—

144 3126 462 3190 sumpserat
485 3135 552 3174 ex
578 3119 746 3175 Ocelli
773 3118 980 3174 Lucani
1013 3120 1110 3175 lib.
1140 3118 1215 3174 De
1235 3119 1467 3174 universi
1499 3128 1715 3181 natura,
1746 3107 1788 3165 C

143 3208 246 3281 qui
276 3218 402 3263 ante
425 3224 549 3263 eum
581 3210 656 3264 ita
683 3210 1011 3279 scripserat:
1032 3209 1186 3264 Μετά
1222 3210 1401 3281 πάσης
1428 3205 1519 3264 οὖν
1552 3226 1717 3262 σπου-

140 3300 245 3369 δῆς
269 3301 363 3354 καὶ
387 3290 662 3372 προσοχῆς
684 3299 765 3353 δεῖ
786 3299 1238 3365 καταϐάλλεσθαι,
1264 3301 1412 3363 ὅπως
1434 3299 1502 3353 τὰ
1522 3298 1721 3369 γεννώ-

150 3407 293 3462 μενα
348 3391 563 3462 γίνηται
619 3392 967 3463 χαριέστατα,
1026 3391 1120 3446 καὶ
1174 3390 1486 3463 γεννώμενα
1539 3390 1720 3455 καλῶς

144 3485 457 3554 ἁνατραφῇ.
508 3482 644 3537 Οΰτε
691 3483 797 3555 γὰρ
833 3483 1040 3538 δίκαιον
1086 3483 1212 3546 τοὺς
1261 3483 1358 3554 μὲν
1403 3484 1716 3554 φιλίππους,

147 3575 249 3628 καὶ
285 3574 615 3645 φιλόρνιθας,
659 3576 752 3629 καί
795 3576 1087 3644 φιλόκυνας
1132 3576 1269 3646 μετά
1308 3576 1485 3648 πάσης
1524 3578 1720 3649 ἐπιμε-

146 3667 302 3731 λείας
332 3667 586 3739 φροντίδα
616 3667 883 3721 ποιεῖσθαι
908 3667 1014 3721 τῶν
1041 3668 1358 3739 γινομένων,
1396 3667 1470 3731 ὡς
1501 3667 1600 3731 δεῖ,
1626 3669 1721 3722 καὶ

147 3757 214 3823 ἐξ
234 3751 307 3812 ὧν
331 3757 428 3821 δεῖ,
456 3758 550 3810 καὶ
576 3759 661 3811 ὅτε
696 3757 792 3822 δεῖ,
829 3758 921 3811 καὶ
951 3758 1065 3822 πῶς
1097 3758 1449 3830 διακειμένων
1480 3760 1720 3829 γίνεσθαι

146 3848 254 3912 τὰς
302 3848 475 3919 μίξεις
515 3850 609 3902 καί¹
645 3850 743 3911 τὰς
776 3849 1076 3914 κοινωνίας,
1107 3848 1199 3903 τοῦ
1235 3850 1309 3922 μὴ
1342 3850 1417 3914 ὡς
1448 3850 1601 3920 ἔτυχε
1633 3850 1722 3917 γί-

146 3939 339 3994 νεσθαι
390 3939 458 3995 τά
503 3940 834 4012 γεννώμενα·
880 3942 1005 4005 τοὺς
1048 3941 1105 3995 δὲ
1153 3941 1470 4013 ἀνθρώπους
1517 3942 1722 4013 μηδένα

147 4031 426 4085 ποιεῖσθαι
457 4031 613 4101 λόγον
640 4032 749 4086 τῶν
779 4032 922 4087 ἰδίων
955 4034 1211 4101 ἐγγόνων,
1238 4033 1372 4087 ἀλλά
1407 4035 1499 4087 καὶ
1530 4036 1722 4105 γεννᾷν

150 4126 233 4188 ὡς
255 4124 431 4195 ἔτυχε,
468 4126 562 4179 καὶ
586 4125 937 4196 γεννωμένων
963 4126 1243 4197 ὀλιγωρεῖν
1269 4126 1359 4179 καὶ
1390 4126 1490 4195 τῆς
1516 4126 1723 4198 τροφῆς

152 4217 253 4271 καὶ
282 4218 379 4288 τῆς
414 4217 680 4281 παιδείας.
712 4216 897 4270 Ταῦτα
922 4217 1028 4290 γάρ
1055 4215 1398 4287 ἀμελούμενα
1424 4218 1601 4289 πάσης
1624 4235 1723 4272 κα-

152 4309 282 4372 κίας
307 4311 399 4363 καὶ
428 4309 759 4379 φαυλότητος
786 4310 1046 4382 παραίτια
1068 4310 1296 4379 γίνεται,
1330 4310 1719 4383 βοσκηματώδη

148 4401 255 4457 καὶ
289 4404 486 4472 ἀγεννῆ
520 4400 887 4456 ἀποτελοῦντα
918 4401 986 4456 τὰ
1016 4402 1347 4474 γεννώμενα.
1383 4402 1501 4457 Duo
1539 4404 1721 4474 itaque

153 4492 402 4546 curanda
436 4499 563 4546 sunt
592 4491 647 4544 in
682 4491 976 4546 liberorum
1005 4492 1371 4562 susceptione,
1405 4492 1639 4560 primum
1664 4501 1723 4545 ut

154 4583 285 4642 sciti
318 4592 372 4638 et
414 4584 689 4654 elegantes
735 4584 912 4653 quoad
977 4583 1093 4640 fieri
1148 4584 1347 4653 poterit
1404 4591 1722 4639 nascantur.

155 4676 496 4745 Secundum,
541 4694 665 4733 cum
702 4680 808 4733 orti
853 4678 1204 4749 susceptique
1247 4674 1490 4741 fuerint,
1526 4676 1726 4731 libera-

154 4773 287 4829 liter
318 4774 648 4841 educentur;
685 4774 930 4842 iniquum
966 4773 1110 4828 enim
1165 4781 1249 4828 est
1288 4787 1506 4835 canum,
1540 4786 1727 4841 equo-

156 4876 283 4917 rum
314 4872 370 4918 et
402 4863 633 4919 aliorum
686 4863 1044 4918 animantium
1077 4862 1259 4919 studio
1292 4862 1486 4916 ductos
1526 4874 1726 4930 oppor-

155 4962 295 5009 tuna
322 4970 549 5026 qumque
574 4956 919 5025 conquirere,
968 4962 1029 5009 ut
1082 4956 1391 5010 necessaria
1422 4953 1490 5007 ad
1525 4970 1726 5009 munus

157 5062 322 5101 suum
371 5047 682 5102 obeundum
727 5047 959 5102 habeant
982 5087 997 5109 ,
1025 5046 1261 5101 filiorum
1286 5058 1416 5103 vero
1441 5042 1726 5103 educatio-

155 5151 286 5191 nem
312 5137 823 5208 institutionemque
860 5138 1151 5209 negligere.

233 5244 395 5310 Ibid.,
422 5246 520 5301 lin.
548 5245 639 5301 25.
669 5245 864 5300 Πάλιν
896 5247 1101 5310 τούτῳ.
1140 5244 1375 5301 Basilius
1414 5243 1725 5302 Seleucien-

158 5340 259 5401 sis.
309 5339 560 5393 oratione
608 5338 664 5391 in
710 5337 980 5393 Abraham
1012 5351 1030 5389 :
1061 5339 1156 5391 ’ον
1184 5337 1382 5392 ἔδωκεν
1413 5338 1635 5409 ᾔτησεν,
1666 5337 1725 5393 ὃν

154 5430 361 5487 ἔπλασε
394 5431 556 5486 πάλιν
584 5432 868 5503 ἐζήτησεν
914 5430 1104 5485 ἔλαϐεν
1145 5433 1374 5502 αἰτήσας
1410 5431 1470 5485 ὃν
1504 5431 1720 5485 ἔδωκεν

153 5522 404 5595 αἰτηθεὶς
429 5523 697 5578 ἀποδώσει
732 5524 893 5578 πάλιν
928 5523 1225 5596 βουληθεὶς,
1261 5524 1351 5577 ὑπ’
1374 5524 1589 5589 οὐδενὸς
1614 5542 1723 5578 κω-

155 5612 436 5683 λυόμενος.
487 5612 545 5666 '0
576 5613 684 5682 γάρ
708 5613 807 5666 οὐκ
838 5614 966 5666 ὄντα
990 5613 1113 5676 δοὺς
1141 5614 1234 5667 καὶ
1259 5611 1597 5683 νεκρωθέντα
1625 5630 1722 5685 κα-

160 5704 390 5778 ρίαται.

1820 495 1966 550 dicta
1991 509 2022 547 a
2044 491 2281 563 Josepho
2302 490 2553 561 Lyranus
2573 486 2878 552 contendit,
2904 487 3051 558 quod
3073 489 3201 543 facit
3224 489 3399 544 Abra'o

1820 586 1947 640 ham
1975 585 2289 641 credentem
2316 585 2391 638 ita
2422 584 2749 637 moriturum
2777 581 2952 636 fuisse
2986 581 3159 646 Isaae,
3190 590 3252 635 ut
3279 581 3401 650 ejus

1819 681 2001 733 anima
2024 683 2288 747 perpetuo
2313 673 2456 745 apud
2489 673 2660 728 Deum
2689 682 2955 736 maneret,
2986 688 3087 727 nec
3113 687 3305 728 rursus
3328 672 3398 729 ad

1818 772 1985 826 vitam
2021 770 2267 824 reditura
2297 776 2479 832 esset;
2506 765 2560 819 id
2586 766 2733 821 enim
2773 765 2969 821 fuisset
3008 774 3198 821 contra
3235 765 3395 823 fidem

1820 864 2133 918 divinarum
2162 859 2591 930 promissionum
2620 858 2687 913 de
2727 858 2912 913 futura
2944 856 3095 912 Isaae
3117 860 3394 928 progenie,

1819 969 1982 1025 quam
2040 952 2434 1015 firmissimam,
2497 959 2662 1019 atque
2719 950 3105 1005 inconcussam
3160 950 3396 1005 habebat

1819 1045 2114 1106 Abraham,
2145 1041 2453 1098 certissime
2480 1041 2710 1097 credens
2741 1039 2907 1095 Deum
2939 1056 3133 1097 rursus
3154 1039 3306 1098 Isaac
3325 1056 3394 1097 es

1821 1134 2054 1190 mortuis
2097 1141 2485 1188 revocaturum
2531 1132 2597 1185 ad
2627 1133 2831 1197 vitam;
2866 1130 3014 1201 quod
3059 1145 3191 1187 sane
3224 1130 3293 1187 de
3327 1143 3397 1187 eo

1820 1228 2042 1282 disertis
2068 1226 2252 1281 verbis
2276 1224 2604 1279 testificatus
2627 1231 2713 1280 est
2733 1222 2935 1278 Paulus
2955 1223 3020 1277 ad
3041 1221 3295 1278 Hebraeos
3316 1238 3394 1280 xl.

1821 1321 1978 1388 Quod
2028 1329 2414 1391 argumentum
2464 1333 2628 1390 quam
2672 1318 2745 1373 sit
2794 1317 2959 1371 inane
3001 1316 3235 1372 lectione
3276 1317 3396 1389 ipsa

1821 1422 2006 1469 textus
2037 1413 2172 1468 satis
2203 1420 2448 1482 apparet.

1894 1504 2051 1568 Ibid.,
2079 1504 2172 1558 lin.
2197 1504 2287 1558 28.
2329 1503 2561 1556 Τούτων
2577 1500 2868 1566 ἀκούσας.
2891 1498 3183 1570 .osephus.
3209 1497 3395 1571 Antig.

1824 1595 1919 1650 lib.
1956 1597 2256 1658 ιιἿσακος
2288 1593 2366 1657 δὲ,
2413 1592 2618 1664 πατρὸς
2657 1592 2764 1663 γὰρ
2799 1587 2867 1661 ἦν
2911 1591 3025 1643 οῖον
3067 1589 3398 1660 τετυχηκότα

1822 1684 2070 1753 γενναῖον
2108 1682 2279 1735 ἐδεῖτο
2310 1680 2565 1752 φρόνημα
2598 1675 2759 1744 εἶναι,
2788 1679 3005 1750 δέχεται
3038 1678 3174 1751 πρὸς
3205 1678 3397 1749 ἡδονὴν

1820 1777 1945 1838 τοὺς
1972 1774 2182 1843 λόγους·
2222 1772 2317 1826 καὶ
2364 1773 2567 1843 φήσας.
2597 1771 2672 1835 ὡς
2709 1771 2830 1825 οὐδὲ
2857 1770 3139 1839 γεγονέναι
3168 1770 3267 1840 τὴν
3293 1772 3396 1841 ἀρφ

1820 1866 1921 1938 χὴν
1951 1862 2018 1937 ἦν
2050 1866 2274 1928 δίκαιος,
2323 1864 2372 1917 εἰ
2406 1862 2541 1917 Θεοῦ
2593 1863 2688 1916 καὶ
2725 1862 2932 1934 πατρὸς
2984 1861 3169 1933 μέλλει
3215 1861 3397 1934 κρίσιν

1696 2019 1707 2032 ,
1820 1956 2182 2019 ἀπωθεῖσθαι,
2216 1954 2310 2009 καὶ
2340 1953 2415 2025 μὴ
2444 1953 2708 2024 παρέχειν
2738 1953 2902 2007 αὐτὸν
2929 1956 3041 2016 τοῖς
3071 1952 3395 2024 ἀμφοτέρων

1823 2048 2157 2120 βουλήμασιν
2187 2046 2439 2118 ἑτοίμως,
2464 2047 2552 2099 ὅτε
2580 2046 2676 2099 καὶ
2702 2045 2861 2116 μόνου
2882 2044 2979 2098 τοῦ
3002 2044 3205 2116 πατρὸς
3222 2043 3396 2099 ταῦτα

1820 2136 2251 2210 προαιρουμένου
2298 2137 2376 2208 μὴ
2422 2135 2720 2189 ὑπακούειν
2773 2135 2956 2191 ἄδικον
3002 2131 3092 2208 ἦν,
3138 2134 3396 2209 ὥρμησεν

1819 2231 1913 2282 ἐπὶ
1941 2230 2031 2283 τὸν
2065 2228 2246 2300 βωμὸν
2276 2230 2371 2283 καὶ
2398 2228 2497 2299 τὴν
2529 2230 2769 2297 σφαγήν.

1895 2320 2057 2388 Ibid.,
2098 2322 2196 2377 lin.
2233 2320 2322 2376 45.
2372 2321 2426 2373 '0
2458 2320 2525 2374 δὲ
2557 2321 2703 2386 Θεὸς
2732 2320 2869 2387 τήν.
2904 2319 3212 2377 Alexander
3235 2319 3399 2393 Poly-

1820 2414 1997 2471 histor
2020 2413 2164 2484 apud
2187 2411 2508 2477 Eusebium,
2536 2411 2615 2466 De
2634 2423 2926 2481 pra-parat.
2949 2411 3147 2483 Euaug.
3179 2414 3275 2467 lib.
3305 2427 3355 2469 ll
3377 2427 3397 2466 :

1818 2506 1956 2561 Μετ’
1984 2506 2044 2558 οὐ
2074 2504 2239 2558 πολὺν
2260 2504 2316 2557 δὲ
2350 2503 2540 2577 χρόνον
2566 2504 2661 2557 τὸν
2688 2504 2822 2559 Θεὸν
2852 2504 3195 2577 τῶἋϐραάμ
3222 2519 3395 2577 προσ-

1816 2594 1975 2661 τάξαι
2020 2594 2203 2650 ἰσαάκ
2243 2596 2335 2650 τὸν
2396 2597 2511 2650 υἱὸν
2550 2596 2935 2664 ὀλοκαρπῶσαι
2978 2595 3149 2667 αὐτῷ.
3194 2596 3299 2650 Τὸν
3336 2594 3397 2650 δδ

1819 2686 2161 2755 ἀναγαγόντα
2190 2687 2280 2740 τὸν
2310 2687 2473 2740 παῖδα
2501 2687 2595 2741 ἐπὶ
2623 2687 2685 2741 τὸ
2713 2687 2839 2759 ὅρος
2871 2688 3051 2759 πυρὰν
3084 2687 3269 2758 νῆσαι,
3300 2686 3398 2741 καὶ

1819 2778 2088 2832 ἐπιθεῖναι
2122 2778 2216 2831 τὸν
2261 2778 2467 2833 Ἰσαάκ.
2503 2778 2737 2849 Σφάζειν
2768 2779 2825 2833 δὲ
2860 2779 3124 2850 μέλλοντα
3150 2777 3400 2849 κωλυθῆ-

1818 2888 1905 2926 ναι
1933 2870 2039 2924 ὑπὸ
2066 2870 2298 2939 ἀγγέλου
2328 2870 2482 2943 κριὸν
2512 2852 2655 2941 ιὺτῷ
2674 2870 2811 2942 πρὸς
2839 2871 2939 2943 τὴν
2967 2872 3250 2943 κάρπωσιν
3287 2886 3395 2925 mo

1821 2963 2211 3033 ραστήσαντος.
2261 2959 2366 3015 Τὸν
2406 2961 2462 3015 δὲ
2519 2960 2768 3033 ’Δὸραάμ
2799 2960 2891 3015 τὸν
2938 2963 3035 3033 μὶν
3068 2962 3232 3015 παῖδα
3262 2961 3401 3017 καθ’

1820 3052 1959 3106 ελεῖν
1983 3050 2091 3105 ἀπὸ
2120 3053 2219 3124 τῆς
2246 3053 2444 3121 πυρᾶς,
2472 3053 2562 3105 τὸν
2590 3052 2647 3105 δὲ
2676 3051 2828 3123 κριὸν
2855 3053 3166 3126 καρπῶσαι.
3195 3051 3263 3107 Et
3285 3054 3393 3110 hoc

1819 3156 1887 3197 ex
1915 3140 2146 3197 Philone
2177 3151 2337 3213 poeta
2364 3143 2675 3198 confirmat.

1889 3233 2050 3295 Ibid.,
2089 3233 2186 3287 lin.
2221 3232 2310 3288 50.
2345 3234 2559 3301 Πρώτῳ
2585 3233 2654 3287 δὲ
2684 3232 2783 3300 τῷ.
2822 3232 3113 3298 Eusebius,
3138 3233 3394 3289 Chronic.

1820 3322 1915 3378 lib.
1948 3339 1995 3379 ιι
2024 3322 2231 3395 Πρώτῳ
2253 3324 2545 3395 προφητῶν
2565 3324 2677 3379 ὄντι
2696 3323 2775 3395 τῷ
2814 3322 3061 3396 Ἀϐραὰμ
3092 3326 3123 3377 ό
3141 3325 3235 3379 τοῦ
3255 3322 3394 3378 Θεοῦ

1818 3418 1988 3488 Λόγος
2029 3418 2219 3486 φανεὶς
2260 3418 2317 3469 ὲν
2349 3417 2634 3489 ἀνθρώπου
2685 3418 2922 3488 σήματι
2954 3416 3053 3489 τὴν
3085 3416 3194 3470 τῶν
3222 3416 3393 3470 ἐθνῶν

1819 3510 2012 3581 κλῆσιν
2036 3510 2304 3573 θεσπίζει,
2340 3508 2408 3579 ἣν
2447 3507 2573 3562 καθ’
2619 3510 2771 3581 ἡμᾶς
2796 3512 2825 3562 ό
2848 3508 2943 3562 τοῦ
2969 3508 3207 3579 Χριστοῦ
3236 3508 3393 3576 λόγος

1820 3604 1899 3665 εἰς
1928 3601 2100 3673 πέρας
2132 3603 2306 3671 ἤγαγε
2342 3600 2432 3653 διὰ
2466 3600 2568 3669 τῆς
2594 3602 2673 3664 εἰς
2702 3601 2879 3654 πάντα
2902 3600 2970 3653 τὰ
2994 3600 3121 3672 ἔθνη
3150 3600 3396 3667 Εὖαγγε·

1820 3693 1974 3765 λικῆς
2020 3693 2388 3757 διδασκαλίας.
2438 3692 2565 3747 Haec
2612 3693 2799 3748 eadem
2830 3692 3125 3746 Chronicon
3157 3693 3395 3746 Alexa-

1819 3786 2053 3838 drinum.
2108 3782 2182 3838 De
2233 3783 2337 3836 hac
2395 3790 2448 3838 et
2498 3783 2621 3837 aliis
2678 3783 2912 3837 Abrahae
2969 3784 3397 3840 revelationibus

1820 3873 2070 3928 Asterius
2096 3873 2341 3927 Amasea:
2367 3872 2659 3941 episcopus
2694 3872 2845 3929 hom.
2877 3870 2952 3927 De
2981 3870 3186 3927 Lazaro
3223 3880 3278 3927 et
3306 3874 3396 3927 di-

1819 3966 1952 4028 vite,
1982 3979 2106 4018 eum
2137 3963 2205 4017 ad
2236 3963 2461 4017 dubium
2491 3963 2645 4029 illud,
2669 3964 2811 4030 Quid
2842 3978 3025 4021 causa:
3050 3964 3211 4020 fuerit
3248 3964 3396 4036 quod

1820 4071 1944 4110 cum
1976 4055 2129 4109 multi
2157 4056 2429 4124 iustorum
2468 4056 2780 4110 Abrabatno
2807 4059 3146 4127 antiquiores
3172 4058 3398 4120 fuerint,

1821 4149 2082 4203 honorem
2132 4148 2276 4202 hunc
2329 4148 2437 4202 illis
2486 4149 2542 4201 in
2591 4163 2706 4203 aevo
2754 4150 3034 4204 remotiori
3080 4148 3399 4207 constitutis

1822 4237 2063 4292 debitum
2112 4237 2199 4292 isti
2255 4238 2529 4308 pracipue
2575 4240 2870 4309 assignarit
2902 4256 3027 4293 cum
3067 4240 3292 4304 diceret,
3327 4238 3397 4294 Et

1820 4329 2185 4399 deportaretur
2227 4330 2293 4383 ab
2339 4331 2539 4401 angelis
2596 4331 2653 4384 in
2709 4331 2883 4385 sinum
2928 4330 3195 4395 Abrahre,
3249 4331 3399 4386 nulla

1754 4440 1795 4493 ι)
1826 4420 1966 4476 facta
2028 4420 2339 4484 mentione,
2386 4438 2563 4491 neque
2611 4424 2820 4485 Enoch,
2865 4439 3044 4492 neque
3101 4422 3255 4489 Noe,
3295 4437 3399 4479 nec

1826 4515 2058 4568 aliorum
2086 4514 2332 4586 εἘπειδὴ
2369 4515 2477 4588 γὰρ
2509 4517 2536 4569 ὁ
2572 4515 2820 4588 Ἀϐραὰμ
2850 4516 3101 4587 Θεράπων
3136 4514 3398 4586 Χριστοῦ,

1826 4607 1921 4661 καὶ
1946 4607 2312 4679 διαφερόντως
2344 4604 2496 4673 οὗτος
2542 4609 2844 4680 ἀνθρώπων
2889 4608 2987 4672 τὰς
3027 4607 3119 4661 τοῦ
3158 4606 3397 4679 Χριστοῦ

1823 4698 2146 4767 ἐπιφανείας
2186 4697 2421 4764 ἐδέξατο,
2460 4701 2555 4753 καὶ
2598 4700 2658 4752 τὸ
2698 4700 2797 4767 τῆς
2838 4697 3063 4771 Τριάδος
3104 4702 3401 4769 μυστήριον

1829 4791 2027 4855 ἱκανῶς
2052 4792 2183 4861 ἡμῖν
2212 4792 2270 4843 ὲν
2299 4793 2364 4861 τῇ
2405 4794 2575 4863 σκηνῇ
2604 4790 2699 4844 τοῦ
2727 4792 2979 4863 γέροντος
3016 4791 3205 4845 τοῦτου
3226 4790 3400 4844 διετυ-

1826 4880 2005 4953 πώθη,
2044 4882 2208 4952 ἡνίκα
2243 4882 2370 4945 τοὺς
2393 4886 2538 4952 τρεῖς
2572 4883 2835 4951 ἀγγέλους
2872 4882 2949 4947 ὡς
2971 4883 3168 4954 ἄνδρας
3192 4882 3397 4936 ὁδοιπό-

1828 4990 1955 5045 ρους
1993 4972 2217 5040 ὲξένισε,
2251 4976 2345 5027 καὶ
2385 4973 2570 5038 ἁπλῶς
2613 4976 2679 5027 ὲκ
2711 4974 2920 5029 πολλῶν
2960 4974 3070 5028 τῶν
3123 4974 3400 5045 μυστικῶν

1824 5066 2160 5137 αἰνιγμάτων
2175 5069 2371 5129 οἰκεῖος
2385 5067 2480 5121 ἄνθ
2490 5084 2664 5138 ρωπος
2680 5060 2835 5130 οὗτος
2849 5066 3137 5137 γεγένηται
3153 5065 3248 5119 τοῦ
3263 5064 3396 5120 Θεοῦ

1823 5157 1918 5211 τοῦ
1945 5159 2155 5231 χρόνοις
2181 5158 2405 5230 ὕστερον
2425 5160 2666 5228 ἀμφιεσα
2674 5159 2833 5229 μένου
2856 5157 2955 5230 τὴν
2975 5158 3174 5230 σάρκα,
3198 5158 3291 5213 καὶ
3309 5156 3399 5212 διὰ

1830 5250 1997 5320 μέσου
2029 5247 2124 5303 τοῦ
2164 5249 2448 5321 ἀνθρώπου
2477 5250 2668 5304 τούτου
2704 5251 3203 5323 παραπετάσματος
3233 5251 3394 5321 εναρ-

1824 5342 1939 5410 γῶς
1965 5342 2325 5414 ὁμιλήσαντος
2352 5344 2464 5405 τοῖς
2491 5341 2817 5415 ἀνθρώποις·
2850 5341 2937 5397 διά
2972 5341 3129 5395 τοῦτο
3156 5340 3248 5394 τδν
3274 5341 3398 5396 κόλ-

1826 5450 1928 5486 πον
1954 5433 2117 5486 αὐτοῦ
2148 5426 2259 5487 οἷον
2284 5431 2458 5486 εὓδιόν
2478 5450 2601 5485 τινα
2621 5434 2841 5504 λιμένα,
2862 5434 2956 5487 καὶ
2979 5432 3243 5487 ἄκλυστον
3267 5432 3398 5487 ἀνα·

1827 5526 2130 5597 παυτήριον
2163 5522 2303 5579 εἶναι
2328 5524 2437 5579 τῶν
2466 5523 2689 5578 δικαίων
2718 5523 2902 5595 φησίν.

1895 5616 2011 5673 Col.
2049 5617 2179 5680 765,
2216 5618 2312 5672 lin.
2352 5618 2406 5673 5.
2456 5616 2911 5686 Τελευτησάονης
2948 5615 3200 5687 Σὸρῤας.
3244 5614 3396 5671 10se-

1827 5711 1991 5781 phus,
2020 5710 2199 5781 Antiq.
2228 5710 2326 5766 lib.
2353 5726 2392 5777 ι,
2426 5725 2547 5781 cap.
2568 5710 2636 5765 16
2667 5709 2948 5780 ιΓαμεῖδδ
2974 5709 3136 5773 αὐτὸς
3164 5707 3392 5763 Χιττοῦρ
