3848 6168
483 237 502 289 ί
515 235 619 288 027

1922 221 2170 280 LEONIS
2210 220 2487 276 ALLATll

3625 216 3766 270 i028

485 369 583 423 ραν
608 351 852 422 ὕστερον,
882 351 941 416 ἐξ
967 346 1034 423 ἧς
1056 348 1204 420 αύτῷ
1229 347 1417 410 παῖδες
1447 345 1509 410 ἓξ
1534 345 1796 414 γίνονται,
1830 344 1967 415 πρός
2001 361 2060 397 τε
2091 350 2136 406 Α
2165 358 2331 413 φησιν
2355 343 2385 394 6
2418 339 2721 411 προφήτης,
2759 339 2788 391 6
2817 338 2911 391 καὶ
2941 335 3161 408 Μαλχδς
3190 337 3220 390 6
3249 333 3483 406 ἱστορῶν
3514 333 3595 387 τὰ
3639 338 3764 405 περὶ

483 443 677 505 πόνους
701 443 979 514 καρτεροὶ,
998 443 1090 496 καὶ
1108 441 1269 494 δεινοὶ
1294 438 1555 503 συνιέναι,
1582 436 1924 508 Ζεμϐράνης,
1960 438 2063 490 ἰα-

483 534 688 605 ζᾶρης,
729 535 1006 605 Μαδάνης,
1060 533 1363 602 Μαδιάνης,
1422 528 1820 592 Λουσούϐακος,
1875 527 2060 591 Σοῦος.

481 619 710 673 Φύονται
741 620 798 672 δὲ
830 622 922 673 καὶ
948 620 1157 684 τούτοις
1183 620 1391 681 παῖδες
1417 619 1510 670 καὶ
1546 618 1710 671 Σούου
1753 619 1848 688 μὲν
1883 618 2056 673 Σαδαο

482 711 654 782 κάνης
691 712 898 780 γίνεται
941 712 1036 765 καὶ
1067 713 1326 782 Δαδάνηςο
1370 711 1560 764 τούτου
1603 711 1661 763 δὲ
1700 709 2059 779 Λατούσιμος,

488 783 807 871 Ἀσσουρος,
844 800 1139 871 Λουούρης’
1184 800 1436 854 Μαδάνου
1492 801 1549 852 δὲ
1601 800 1792 868 Ἡφαὲ,
1832 801 2059 870 "app-qq,

487 892 732 964 Ἄνοχος,
782 895 1024 957 Ἐϐιδας,
1089 894 1294 957 Ἐλδᾶς.
1352 893 1416 945 Et
1463 892 1745 964 Origenes,
1789 893 1935 946 hom.
1970 892 2058 956 Η,

483 984 696 1050 Genes.,
746 985 886 1039 idem
945 986 1147 1046 sentit,
1196 992 1320 1054 post
1368 991 1597 1038 mortem
1651 983 1862 1038 scilicet
1914 984 2063 1037 Sara!

482 1078 755 1132 Abraham
801 1078 854 1131 in
894 1077 1307 1130 matrimonium
1347 1077 1573 1132 duxisse
1607 1075 1922 1138 Cethuram,
1975 1075 2061 1129 id-

482 1187 589 1240 que
615 1186 680 1224 ex
710 1169 902 1224 ordine
925 1169 1177 1223 Mosaicaa
1202 1169 1533 1222 narrationis
1563 1167 1698 1222 satis
1723 1175 2061 1236 compertum

479 1272 585 1318 est.
623 1263 918 1332 Cajetanus
964 1269 1147 1315 tamen
1197 1261 1253 1314 in
1307 1276 1427 1330 cap.
1469 1275 1576 1314 xxv
1619 1257 1804 1313 Cenes.
1831 1259 2058 1314 dubitat.

485 1355 708 1424 Tempus
742 1365 940 1419 autem,
977 1355 1074 1418 ait,
1109 1351 1321 1423 quando
1350 1352 1622 1405 Abraham
1655 1366 1870 1404 uxorem
1900 1368 2067 1404 accc-

481 1445 557 1510 pit
601 1442 906 1507 Cet/turam,
949 1460 1053 1496 non
1099 1452 1176 1494 est
1219 1451 1439 1504 certum,
1484 1442 1717 1495 videlicet
1759 1457 1828 1493 an
1874 1440 1928 1492 id
1974 1440 2061 1506 fa-

480 1545 627 1587 ctum
673 1536 744 1588 sit
787 1537 983 1588 vivente
1026 1534 1198 1586 adhuc
1237 1521 1377 1588 Sara
1415 1542 1535 1602 post
1574 1534 1880 1602 ejectionem
1917 1533 2064 1601 Agar

479 1639 602 1676 cum
635 1623 880 1688 Isrnaele,
925 1641 993 1676 an
1031 1639 1094 1676 ea
1128 1626 1247 1691 jam
1291 1633 1518 1678 mortua.
1558 1598 1846 1690 Scripiurtc
1889 1629 2061 1675 tamen

2178 433 2468 498 Ἰουδαίων,
2504 431 2686 494 καθὼς
2712 432 2808 484 καὶ
2830 429 3068 500 Μωῦσῆς
3091 429 3373 498 ἱστόρησεν
3395 428 3424 478 6
3447 423 3762 496 νομοθέτης

2163 523 2364 587 αὐτῶν,
2398 524 2481 576 ὅτι
2510 524 2576 575 ἐκ
2603 525 2701 592 τῆς
2725 519 3033 592 Χαιτούρας
3061 518 3305 587 ἐγένοντο
3338 516 3620 588 Ἁϐράμῳ
3647 520 3763 568 παῖ-

2162 618 2250 677 δες
2281 615 2471 670 ἱκανοί.
2505 615 2668 683 Λέγει
2693 614 2750 666 δὲ
2775 613 2953 666 αὐτῶν
2987 612 3080 666 καὶ
3107 611 3175 664 τὰ
3199 611 3440 680 ὀνόματα
3461 609 3760 678 ὀνομάζω-ι

2161 710 2330 779 τρεῖς,
2370 707 2632 777 Ἀφεραν,
2664 705 2919 775 Σουρεὶμ,
2964 704 3204 773 ἰάφραψ
3241 700 3347 754 ἀπὸ
3377 700 3636 770 Σουρεὶμ
3671 698 3761 766 μὲν

2163 798 2258 869 τὴν
2274 797 2562 868 Ἀσσυρίαν
2591 795 2905 866 κεκλῆσθαι,
2923 795 3030 849 ἀπὸ
3051 795 3107 846 δὲ
3128 792 3235 846 τῶν
3257 792 3370 855 δύο,
3389 793 3570 866 Ἁφρᾶ
3589 807 3655 840 τε
3673 791 3760 841 καὶ

2177 871 2442 961 Ἰαφέρου,
2483 889 2637 942 πόλιν
2657 905 2715 940 τε
2749 886 2972 958 Ἀφρὰν,
3002 887 3095 938 καὶ
3119 887 3216 956 τὴν
3239 883 3420 955 χώραν
3469 885 3755 952 Ἀτρρικτι

2162 979 2564 1050 ὠνομασθῆναι.
2611 977 2884 1043 Pererius,
2941 977 3084 1030 haud
3135 978 3259 1040 scit,
3311 991 3383 1029 an
3441 990 3550 1044 pro
3605 984 3756 1028 certo

2164 1074 2312 1128 credi
2351 1080 2533 1144 posset
2575 1071 2756 1141 Opher
2787 1070 2932 1124 hunc
2962 1069 3184 1138 petiisse
3215 1084 3338 1122 cum
3369 1066 3636 1122 exercitu
3674 1065 3757 1118 Li-

2164 1164 2347 1234 byam,
2389 1164 2572 1233 ibique
2613 1170 2802 1232 postea
2833 1161 3171 1222 consedisse,
3198 1171 3251 1215 et
3281 1167 3497 1213 mutato
3526 1159 3756 1213 nomine

2163 1253 2388 1325 Libyam
2424 1255 2492 1308 ab
2524 1268 2589 1308 eo
2631 1253 2833 1307 dictam
2879 1268 3003 1306 esse
3050 1253 3312 1315 Africam,
3351 1267 3480 1305 cum
3521 1267 3599 1306 ex
3636 1252 3760 1320 ipsa,

2167 1344 2449 1415 Scriptura
2483 1345 2835 1400 manifestum
2872 1347 2962 1410 sit,
3003 1345 3210 1398 Madian
3244 1360 3365 1396 cum
3399 1345 3523 1399 suis
3555 1345 3753 1398 liberis

2163 1431 2784 1502 JEtliiopimOrientalis,
2801 1435 2905 1494 vel,
2936 1448 2992 1488 ut
3016 1435 3105 1486 alii
3127 1436 3590 1502 interpretantur,
3615 1435 3752 1486 Ara-

2166 1528 2268 1582 bia:
2296 1536 2504 1597 partem
2537 1527 2781 1581 tenuisse
2804 1526 3106 1594 proximam
3137 1534 3296 1578 terra
3324 1525 3748 1594 promissionis.

2166 1617 2388 1673 Diversa
2413 1632 2443 1669 a
2475 1617 2713 1686 Josepho
2751 1617 2971 1669 tradunt
3009 1615 3221 1686 profani
3273 1626 3550 1679 auctores,
3615 1617 3752 1672 Soli-

483 1718 746 1780 narratio,
774 1717 821 1770 si
850 1717 925 1769 rei
972 1725 1130 1785 gesta-
1165 1715 1338 1768 ordini
1369 1714 1664 1782 respondet,
1697 1714 1936 1766 insinuat
1964 1712 2060 1766 hoc
2093 1692 2134 1746 Β
2161 1727 2285 1774 nus,
2327 1725 2451 1779 cap.
2479 1710 2584 1775 27;
2613 1709 2852 1764 Joannes
2887 1707 2995 1762 Leo
3024 1709 3077 1762 in
3117 1707 3476 1776 Descriptione
3518 1709 3747 1777 Africa,

479 1824 594 1862 esse
629 1809 833 1875 factum
859 1818 977 1876 post
1006 1818 1226 1861 mortem
1255 1806 1426 1861 Sarra.
1761 1874 1769 1883 _

552 1900 670 1955 Col.
699 1900 960 1968 765,.an
973 1901 1326 1969 Χεττοῦραν.
1344 1900 1470 1953 Fuit
1487 1899 1836 1954 Hebraeorum
1854 1898 2060 1968 opinio,

484 1987 785 2040 Cethuram
842 1996 896 2041 et
933 1989 1080 2058 Agar
1107 1981 1271 2042 unam
1301 1995 1355 2043 et
1384 1989 1652 2051 eamdem,
1695 1989 1798 2042 etsi
1841 1989 2062 2042 nomina

484 2077 718 2140 varient,
751 2077 1068 2145 mulierem;
1097 2093 1198 2132 nec
1228 2093 1368 2132 navo
1405 2077 1754 2131 matrimonio
1786 2077 1932 2130 illam
1958 2079 2062 2133 sibi

485 2169 760 2222 Abraham
786 2178 908 2239 post
938 2178 1170 2224 mortem
1205 2167 1354 2222 Sarae
1387 2169 1695 2238 copulasse,
1727 2183 1852 2222 cum
1911 2169 2064 2238 prius

484 2257 632 2312 illam
667 2260 908 2330 legitime
951 2261 1055 2315 sibi
1101 2260 1512 2328 conjunxisset;
1556 2259 1656 2314 hos
1697 2260 1873 2314 secuti
1911 2267 2058 2322 sunt,

485 2357 539 2404 et
571 2350 840 2421 Lyranus,
887 2363 940 2407 et
974 2351 1213 2406 Thomas
1245 2353 1448 2422 Anglus
1489 2353 1546 2405 in
1584 2367 1705 2421 cap.
1743 2369 1845 2406 xxv
1875 2352 2057 2406 Genes.

487 2442 853 2514 Hieronymus
885 2444 940 2496 in
974 2443 1374 2498 Traditiom'bus
1411 2443 1690 2498 Hebraicis
1724 2445 1971 2514 ambigit,
2010 2453 2062 2499 et

483 2546 545 2591 ut
577 2537 841 2591 incertam
871 2536 1152 2605 relinquit.
1177 2535 1428 2600 Cet/mra,
1454 2536 1652 2605 inquit,
1695 2535 1920 2589 Heber
1948 2552 2060 2589 ser-

486 2645 636 2682 mone
677 2627 925 2697 copulata
969 2628 1370 2696 interpretatur,
1411 2638 1503 2680 aut
1549 2629 1863 2696 conjuncta;
1903 2643 2061 2696 quam

484 2719 548 2773 ob
573 2736 794 2774 causam
823 2720 1160 2787 suspicantur
1185 2719 1416 2782 llebrwi,
1449 2727 1651 2772 mutato
1681 2719 1888 2772 nomine
1917 2735 2060 2772 eam-

482 2810 603 2863 dem
655 2827 766 2863 esse
810 2810 977 2880 Agar,
1021 2826 1138 2879 qua:
1181 2809 1321 2864 Sara
1363 2820 1596 2874 mortua,
1648 2809 1712 2862 de
1773 2804 2060 2863 concubina

484 2902 763 2954 transierit
805 2902 860 2953 in
910 2916 1160 2964 uxorem;
1193 2911 1242 2953 et
1292 2902 1367 2954 ita
1410 2917 1535 2955 sane
1582 2900 1786 2955 videtur
1813 2900 2062 2968 decrepiti

476 2991 599 3060 jam
630 2991 859 3047 Abralue
896 2993 1141 3045 excusari
1187 3002 1316 3046 wtas
1336 3009 1355 3056 ;
1403 3009 1464 3045 ne
1499 3008 1653 3045 senex
1691 3003 1806 3060 post
1837 3001 2058 3045 mortem

487 3084 672 3137 uxoris
701 3100 813 3137 sua:
848 3083 1031 3138 vetula:
1070 3084 1216 3137 nouis
1252 3095 1511 3154 arguatur
1541 3085 1735 3151 nuptiis
1766 3084 2054 3138 lascivisse.

497 3176 688 3230 Verum
716 3192 810 3228 nos
837 3176 975 3246 quod
1004 3176 1262 3229 incertum
1302 3184 1380 3229 est
1419 3175 1800 3245 relinquamus.
1845 3175 2058 3245 Cajeta-

486 3285 592 3324 nus
627 3278 684 3323 et
723 3269 814 3322 alii
844 3269 1168 3323 sententiam
1201 3269 1343 3322 hanc
1372 3267 1649 3336 rejiciunt,
1673 3274 1727 3322 et
1755 3265 2056 3322 confutant.

557 3360 716 3425 lbid.,
749 3361 848 3417 lin.
878 3361 932 3414 9.
957 3361 1069 3415 Καὶ
1087 3361 1317 3426 τούτοις
1336 3360 1547 3415 ἅπασι.
1572 3360 1862 3429 Iosephus,
1880 3361 1976 3415 lib.
2001 3374 2054 3414 ιε

486 3452 708 3515 Τούτοις
741 3452 910 3505 ἅπασι
938 3455 1050 3515 τοῖς
1087 3453 1244 3504 παισὶ
1273 3453 1363 3504 καὶ¹
1391 3454 1503 3515 τοῖς
1535 3453 1748 3515 υἱωνοῖς
1779 3450 2059 3522 Ἀϐραμος

484 3546 751 3599 ἀποικιῶν
794 3543 1013 3607 στόλους
1047 3546 1374 3615 μηχανᾶται,
1402 3545 1496 3596 καὶ
1529 3545 1630 3615 τήν
1655 3561 1714 3596 τε
1741 3543 2056 3615 Τρωγλοδύ-

484 3655 582 3709 την
628 3637 1102 3709 καταλαμϐάνουσι
1143 3637 1238 3689 καὶ
1281 3638 1380 3707 τῆς
1418 3637 1747 3707 Εὐδαίμονος
1801 3637 2057 3708 Ἀραϐίας

481 3731 606 3783 ὅσον
653 3731 745 3782 ἐπὶ
776 3728 874 3800 τὴν
918 3727 1181 3799 Ἐρυθρὰν
1225 3726 1497 3781 Θάλασσαν
1535 3727 1786 3799 καθήκει.
1833 3728 1900 3781 Ει
1931 3736 2057 3798 post

482 3821 780 3891 Josephum
831 3820 1194 3891 Hieronymus
1239 3821 1406 3875 tradit
1449 3822 1550 3876 hos
1609 3821 1858 3875 Cethurze
1915 3821 2054 3876 ﬁlios

483 3915 730 3968 tenuisse
752 3912 1127 3984 Troglodytin,
1151 3921 1205 3967 et
1234 3913 1490 3968 Arabiam
1525 3913 1755 3976 felicem,
1789 3929 1961 3982 usque
1985 3913 2054 3968 ad

486 4019 637 4059 mare
663 4003 933 4058 Rubrum.
964 4004 1184 4058 Addunt
1219 4005 1331 4069 alii,
1367 4005 1652 4075 plerasque
1684 4006 1934 4075 regiones
1964 4006 2052 4058 ln-

482 4097 589 4152 dia:
635 4112 954 4168 occupasse.
1009 4095 1116 4151 Sed
1160 4112 1270 4151 non
1320 4099 1554 4160 videtur,
1587 4099 1663 4150 ait
1691 4097 1966 4161 Pererius,
1998 4099 2053 4153 id

485 4203 788 4259 congruere
813 4203 939 4242 cum
972 4202 1058 4252 eo,
1096 4188 1239 4257 quod
1269 4188 1336 4240 de
1370 4188 1490 4242 istis
1516 4197 1780 4242 memorat
1806 4189 1909 4242 hoc
1933 4189 2052 4242 loco

484 4278 721 4352 Moyses,
751 4278 1020 4343 scribens,
1047 4293 1142 4333 eos
1174 4277 1450 4332 habitasse
1483 4276 1548 4330 ad
1575 4277 1786 4347 plagam
1815 4279 2053 4332 orienta-

2085 3040 2126 3098 C

2161 1805 2256 1856 lib.
2291 1818 2330 1855 ι.
2362 1801 2497 1855 Vide
2526 1799 2794 1856 lsidorum
2829 1810 2882 1855 et
2907 1802 3063 1853 alios.

2231 1893 2390 1958 lbid.,
2446 1894 2542 1946 lin.
2592 1893 2678 1946 l7.
2733 1893 2958 1956 Οἵτινες
3021 1891 3305 1959 Ἠρακλεῖ.
3358 1889 3646 1959 Josephus
3685 1909 3747 1946 ex

2159 1985 2451 2039 Cleodemo
2505 1983 2650 2038 lib.1
2699 1983 2962 2051 Antiquit.
2991 1979 3268 2044 εΤούτους
3317 1982 3426 2052 γὰρ
3479 1982 3748 2052 Ἠρακλεῖ

2163 2072 2560 2144 συστρατεῦσαι
2596 2072 2687 2124 ἐπὶ
2725 2071 2931 2142 Λιϐύην
2961 2071 3055 2124 καὶ
3091 2071 3349 2136 Ἀνταῖον,
3390 2073 3658 2142 γήμαντά
3688 2091 3746 2126 τε

2161 2166 2256 2237 τὴν
2304 2168 2512 2236 Ὄφραν
2559 2164 2836 2235 θυγατέρα
2888 2163 3157 2234 Ἡρακλέα
3208 2163 3466 2233 γεννῆσαι
3522 2166 3647 2218 υἱὸν
3688 2167 3742 2230 ἐξ

2160 2259 2330 2329 αὐτῆς
2369 2259 2627 2328 Δὲδωρον.
2669 2257 2869 2309 Τούτου
2907 2255 2964 2308 δὲ
2994 2257 3242 2323 γενέσθαι
3275 2257 3526 2326 Σοφῶνα,
3559 2259 3660 2326 ἀφ’
3686 2255 3741 2311 οὗ

2160 2351 2284 2413 τοὺς
2307 2349 2610 2421 βαρϐάρους
2629 2348 2883 2418 Σοφακὰς
2901 2347 3151 2417 λέγεσθαι
3173 2366 3185 2377 ·
3213 2349 3303 2402 alii
3323 2350 3515 2420 legunt
3538 2350 3737 2418 Σοφιὶς.

2161 2441 2238 2495 Ex
2271 2443 2356 2495 his
2385 2441 2747 2512 corrigendus
2779 2441 3118 2505 Eustathius,
3154 2442 3277 2496 nisi.
3299 2443 3478 2511 magis
3510 2444 3738 2512 placue-

2162 2537 2232 2590 rit
2263 2535 2519 2604 Σοφῶνας
2551 2535 2811 2589 scribere.
2857 2533 2971 2588 Hoc
3008 2541 3189 2589 tamen
3232 2535 3616 2605 perinsignem
3661 2545 3740 2588 at.

2160 2641 2265 2695 que
2296 2625 2691 2694 perabsurdum
2716 2625 2770 2678 in
2795 2623 3151 2695 Chronologia
3181 2640 3423 2680 errorem
3446 2626 3740 2681 continere

2161 2717 2401 2773 scribere
2445 2715 2731 2783 Pererius;
2787 2716 3048 2772 Hercules
3098 2733 3330 2787 namque
3372 2719 3643 2782 excessit,
3684 2729 3737 2773 ut

2159 2814 2300 2868 inter
2345 2829 2535 2868 omnes
2583 2813 2860 2876 convenit,
2905 2813 3086 2868 minus
3127 2813 3350 2883 triginta
3397 2814 3566 2867 annis
3612 2822 3736 2868 ante

2159 2908 2360 2962 bellum
2392 2906 2714 2976 Trojanum,
2740 2905 2884 2976 quod
2911 2908 3110 2960 bellum
3141 2907 3193 2959 in
3226 2905 3540 2976 principatu
3575 2907 3733 2961 Sam-

2161 2999 2332 3060 sonis,
2360 3006 2452 3051 aut
2481 3012 2588 3050 non
2615 2999 2802 3066 procul
2827 2997 2896 3051 ab
2920 3013 2983 3052 eo
3004 3005 3246 3067 tempore
3276 2998 3534 3066 contigit,
3566 3013 3735 3067 quare

2162 3089 2253 3144 isti
2281 3098 2504 3160 nepotes
2538 3089 2789 3156 Abrahae,
2825 3091 2948 3159 plus
2980 3097 3263 3144 sexcentos
3297 3104 3477 3144 annos
3522 3091 3732 3144 llercu-

2159 3177 2266 3238 lem
2308 3190 2744 3246 antecesserunt,
2793 3183 3097 3252 probatque
3138 3181 3482 3236 auctoritate
3509 3182 3730 3238 Eusebii

2159 3272 2214 3326 in
2248 3272 2565 3342 praefatione
2608 3288 2836 3327 suorum
2887 3271 3082 3328 Chron.
3139 3271 3540 3328 Sed-errorem
3586 3275 3727 3328 hunc

2156 3364 2524 3434 perinsignem
2556 3370 2609 3418 et
2641 3362 3041 3433 perabsurdum
3073 3361 3128 3415 in
3160 3360 3544 3431 Chronologia,
3577 3363 3722 3426 velit,

2156 3456 2312 3518 nolit,
2348 3457 2506 3510 nobis
2534 3455 2788 3510 Pererius
2813 3455 3073 3525 suggerit,
3107 3453 3200 3523 qui
3235 3469 3403 3507 unum
3433 3452 3721 3509 Herculem

2155 3548 2496 3602 constituens
2538 3555 2712 3617 putat,
2764 3561 2822 3601 se
2867 3563 2976 3601 non
3017 3547 3356 3615 ineleganter
3391 3546 3725 3617 redarguere

2153 3636 2524 3702 Cleodemum,
2555 3639 2920 3693 Alexandrum
2955 3637 3377 3707 Polyhistorem,
3397 3637 3718 3706 Josephum,

2153 3739 2208 3785 et
2259 3737 2658 3800 consequenter
2708 3739 2959 3784 nostrum
3018 3729 3385 3783 Eustathium.
3445 3729 3720 3785 Cleodemi

2152 3822 2298 3877 dicta
2352 3823 2602 3876 maximae
2652 3837 2776 3878 esse
2819 3822 3162 3875 auctoritatis
3203 3823 3288 3876 vel
3328 3837 3396 3876 ex
3446 3837 3516 3877 eo
3555 3830 3715 3892 patet,

2151 3916 2297 3986 quod
2342 3923 2619 3970 tantorum
2669 3918 2910 3970 virorum
2955 3915 3290 3978 testimonio,
3341 3929 3504 3968 suam
3550 3916 3717 3970 histo-

2151 4007 2286 4060 riam
2321 4008 2602 4061 contexuit
2637 4007 2702 4060 ad
2748 4005 3106 4060 imitationem
3157 4005 3361 4075 Moysis
3403 4004 3716 4060 Iudaeorum

2153 4097 2504 4167 legislatoris.
2553 4099 2610 4152 Ὀ
2657 4097 2884 4169 ἱστορῶν
2923 4097 2992 4151 τὰ
3038 4097 3167 4168 ’περὶ¹
3219 4097 3493 4151 Ἰουδαίων
3542 4099 3718 4161 καθὼς

2150 4188 2244 4240 καὶ
2273 4189 2510 4259 Μωῦσῆς
2539 4188 2818 4260 ἱστόρησεν
2845 4191 2873 4241 6
2901 4187 3195 4258 νομοθέτης
3221 4188 3419 4250 αὐτῶν,
3445 4204 3713 4258 nusquam

2152 4280 2254 4334 iste
2283 4288 2474 4335 auctor
2501 4296 2530 4334 a
2564 4280 2816 4336 Mosaicis
2847 4281 3008 4335 dictis
3032 4281 3118 4334 vel
3141 4280 3538 4336 traditionibus
3568 4283 3712 4336 aber-

486 4372 590 4426 lem
637 4377 890 4442 respectu
932 4370 1185 4426 videlicet
1229 4372 1348 4441 ejus
1398 4371 1539 4437 loci,
1583 4385 1742 4440 quem
1781 4371 2051 4426 incolebat
2082 4396 2124 4450 ι)
2153 4377 2350 4426 rasset.
2397 4369 2505 4425 Nec
2543 4371 2769 4426 dubium
2803 4380 2888 4425 est
2922 4370 3208 4425 Herculem
3236 4369 3390 4425 Jovis
3421 4379 3476 4424 et
3515 4373 3713 4426 Alcme-

483 4462 782 4527 Abraham,
819 4461 935 4517 sive
961 4463 1008 4516 is
1032 4473 1178 4517 esset
1208 4461 1446 4526 Hebron,
1476 4462 1591 4516 sive
1612 4461 1868 4516 Bersabe.
1903 4460 2051 4515 Scri-
2151 4477 2234 4516 nae
2265 4463 2455 4527 ﬁlium,
2496 4463 2590 4532 qui
2633 4478 2756 4517 cum
2791 4462 3122 4533 Argonautis
3156 4462 3452 4532 navigavit,
3500 4463 3710 4532 Trojam

484 4563 643 4625 ptura
686 4556 832 4611 enim
882 4557 1138 4627 regiones
1182 4555 1476 4609 orientales
1519 4556 1754 4624 appellat
1796 4563 2049 4624 respectu

483 4646 806 4712 Palaestinis,
863 4663 985 4716 quae
1034 4653 1283 4726 spectant
1331 4646 1504 4717 magis
1538 4647 1605 4700 ad
1643 4645 1948 4700 Chaldaeam
1995 4654 2050 4700 et

482 4737 784 4792 Persidem.
811 4737 926 4793 Hoc
955 4745 1134 4792 autem
1167 4737 1319 4792 nullo
1345 4737 1508 4791 modo
1541 4737 1793 4791 convenit
1825 4737 1880 4790 in
1913 4736 2049 4791 Tro-

483 4829 810 4901 glodyticam
854 4829 1153 4900 regionem,
1197 4844 1319 4899 quae
1350 4829 1497 4898 jacet
1530 4829 1586 4883 in
1617 4829 1802 4883 Africa
1830 4829 2048 4885 Ethio-

483 4918 645 4988 pibus
675 4920 939 4987 proxima,
969 4926 1022 4973 et
1065 4933 1095 4972 a
1135 4919 1448 4988 supradicta
1482 4919 1846 4988 descriptione
1876 4921 2048 4990 plagae

481 5012 763 5064 orientalis
797 5010 1185 5065 remotissima.
1217 5010 1343 5066 Haec
1384 5021 1565 5068 tamen
1610 5012 1898 5082 requirunt
1927 5014 2047 5068 lon-

481 5105 688 5174 giorem
721 5102 1054 5173 indaginem.

550 5193 710 5260 lbid.,
741 5195 837 5249 lin.
867 5195 955 5248 15.
987 5195 1240 5263 Σωφρὴν
1267 5195 1336 5247 δὲ
1362 5195 1483 5249 ἐπί.
1533 5193 1829 5266 Iosephus,
1854 5197 1950 5252 lib.
1989 5213 2041 5251 I:

477 5286 712 5354 Λέγεται
734 5287 812 5350 δὲ,
839 5287 913 5351 ὡς
940 5279 1094 5351 οὗτος
1129 5287 1158 5339 6
1196 5288 1425 5358 Ὠφρης,
1466 5288 1799 5358 στρατεύσας
1825 5290 1916 5342 ἐπὶ
1946 5289 2043 5361 τὴν

477 5377 706 5447 Λιϐύην,
746 5369 1008 5448 κατέσχεν
1034 5377 1220 5447 αὐτὴν,
1249 5379 1342 5430 καὶ
1363 5380 1412 5430 oi
1439 5379 1620 5431 υἱωνοὶ
1645 5377 1831 5444 αὐτοῦ,
1861 5398 2044 5434 κατοι-

479 5469 745 5539 κήσαντες
780 5471 836 5523 ἓν
871 5471 1029 5542 αὐτῇ,
1057 5470 1154 5544 τὴν
1181 5473 1282 5542 γῆν
1301 5472 1408 5524 ἀπὸ
1434 5471 1528 5525 τοῦ
1551 5472 1760 5526 ἐκείνου
1782 5474 2042 5544 ὀνόματος

484 5559 754 5631 Ἀιρρικαν
771 5563 1233 5634 προσηγόρευσαν.
1259 5565 1544 5636 Μαρτυρεῖ
1568 5565 1624 5617 δέ
1661 5583 1762 5635 μου
1792 5566 1868 5636 τῷ
1898 5566 2040 5636 λόγῳ

2148 4554 2498 4624 expugnavit,
2530 4560 2584 4608 et
2612 4553 2699 4608 cui
2724 4553 3040 4609 Graecorum
3077 4553 3302 4607 ambitio
3333 4554 3603 4610 universa
3635 4570 3711 4609 re-

2150 4647 2446 4715 liquorum,
2475 4646 2568 4716 qui
2592 4646 2686 4700 tali
2715 4647 2937 4700 nomine
2960 4645 3206 4716 insigniti
3229 4652 3379 4708 sunt,
3405 4655 3535 4700 acta
3567 4647 3709 4701 attri-

2148 4738 2283 4800 buit,
2315 4739 2518 4808 quique
2546 4739 2769 4794 'virium
2807 4747 2861 4794 et
2904 4738 3245 4793 fortitudinis
3280 4737 3428 4792 fama
3470 4740 3624 4794 venit
3648 4740 3706 4791 ad

2147 4841 2417 4901 posteros,
2446 4846 2551 4885 una
2579 4831 2928 4901 generatione
2962 4829 3219 4888 Troicum
3240 4830 3443 4885 bellum
3470 4841 3707 4886 anteces-

2145 4924 2286 4977 sisse
2318 4943 2330 4976 :
2358 4929 2412 4976 et
2449 4921 2517 4977 de
2549 4938 2614 4977 eo
2661 4921 2955 4977 Eusebium
3006 4921 3062 4976 in
3107 4921 3369 4976 Chronico
3402 4938 3704 4978 sermonem

2147 5015 2425 5076 habuisse,
2475 5030 2598 5069 cum
2637 5017 2706 5069 de
2743 5015 2909 5070 rebus
2945 5031 2976 5069 a
3005 5013 3210 5069 Graecis
3253 5017 3448 5085 gestis,
3491 5025 3549 5071 et
3577 5031 3702 5087 quo-

2145 5119 2267 5157 rum
2319 5100 2580 5160 memoria
2631 5106 3044 5170 insolescerent,
3099 5121 3409 5161 sermonem
3456 5107 3698 5168 haberet;

2143 5196 2288 5266 quod
2321 5196 2367 5252 si
2397 5197 2465 5251 de
2506 5197 2677 5251 altero
2719 5196 2952 5252 Hercule
2999 5212 3307 5253 sermonem
3359 5198 3696 5257 instituisset.

2144 5295 2524 5358 argumentum
2555 5290 2674 5358 ejus
2703 5300 2905 5345 rueret.
2933 5285 3283 5358 Compertum
3310 5299 3419 5353 est,
3457 5291 3517 5344 in
3551 5291 3700 5344 histo-

2142 5381 2223 5434 ria
2262 5379 2524 5436 Hercules
2557 5382 2743 5451 plures
2780 5381 2970 5437 fuisse.
3006 5380 3180 5435 Varro
3213 5389 3454 5450 quatuor
3492 5391 3548 5436 et
3580 5396 3699 5452 qua-

2141 5472 2392 5544 draginta
2415 5481 2685 5540 recenset,
2715 5472 2906 5530 Cicero
2929 5489 3045 5539 sex,
3071 5472 3366 5540 Diodorus,
3384 5474 3484 5528 lib.
3504 5490 3578 5537 tv,
3602 5483 3696 5526 tres

2141 5566 2332 5637 ponit:
2366 5565 2609 5621 Primum
2661 5565 3000 5638 Egyptium,
3047 5567 3207 5636 cujus
3254 5567 3497 5620 maxima
3553 5564 3694 5617 fuerit

477 5645 576 5706 καὶ
603 5653 946 5726 Ἀλέξανδρος
962 5659 990 5709 6
1005 5656 1317 5728 Πολυΐστωρ
1330 5656 1501 5725 λέγων
1521 5657 1710 5721 οὕτως’
1728 5657 2038 5730 Κλεόδημός

2157 5661 2334 5729 rirtus,
2366 5675 2638 5733 quemque
2665 5659 2844 5718 Osiris
2871 5660 3018 5733 quod
3050 5676 3283 5732 corpore
3311 5668 3465 5716 esset
3491 5658 3686 5714 validis

2053 5765 2124 5775 -κ
