3848 6168
195 271 334 328 1029

1291 272 1358 327 ΙΝ
1392 272 1765 330 EUSTATIIII
1803 272 2277 329 HEXAEMERON
2313 272 2542 329 ΝΟΤᾹΞ.

3323 274 3343 326 1
3355 273 3460 329 030

193 393 334 445 simo
350 389 619 446 exercitui
646 388 911 463 praefecit.
930 389 1031 446 llic
1061 405 1259 462 magna
1285 392 1439 448 orbis
1471 399 1626 462 parte
1656 408 1759 464 per

1887 392 2060 446 είδυῖα
2094 390 2398 456 ποθοῦντας
2432 391 2600 462 αὐτῆς
2627 391 2688 444 τὸ
2734 391 2928 462 ὄνομα,
2961 391 3066 445 ὑπὸ
3103 391 3200 461 τῆς
3232 391 3324 445 τδν
3353 408 3458 444 πα-

191 492 383 555 ngrata
446 484 502 538 in
551 483 720 554 Libya
771 483 1084 538 columnam
1132 484 1330 546 erexit,
1382 485 1773 554 praacessitque

191 575 485 631 Herculem
509 575 780 631 Alcmena:
814 575 981 630 ﬁlium
1013 574 1262 646 pluribus
1285 591 1450 645 quam
1497 576 1645 631 mille
1673 591 1772 630 an-

191 669 299 723 nis.
329 668 554 724 Servius
576 668 705 723 item
726 676 962 738 quatuor
975 667 1239 722 Hercules
1259 667 1390 722 facit
1408 667 1628 723 zEneid.
1649 683 1767 722 vm:

191 757 538 830 Tyrinthium
565 799 581 824 ,
620 759 883 830 Argium,
945 758 1304 820 Thebanum,
1353 757 1568 828 Libym.
1625 757 1771 813 lnter

189 865 333 922 quos
386 852 638 922 quamvis
701 867 812 906 non
871 859 1084 906 constet
1143 851 1213 906 de
1275 865 1528 914 numero,
1582 857 1766 906 tamen

190 943 330 998 illud
360 958 531 998 unum
567 951 780 998 certum
809 951 914 1005 est,
957 941 1244 998 Herculem
1278 941 1617 1013 Egyptium,
1654 941 1771 996 sive

188 1035 360 1090 etiam
401 1033 824 1107 Libym,multis
854 1037 1072 1092 saeculis
1102 1035 1393 1090 Herculem
1428 1035 1767 1101 Graecorum,

189 1129 262 1186 de
311 1144 421 1199 quo
477 1129 721 1199 loquitur
778 1127 1072 1194 Eusebius,
1126 1128 1519 1199 praecessisse;
1578 1128 1653 1180 ita
1710 1133 1770 1180 ut

188 1219 425 1274 Abrahae
454 1219 748 1290 nepotibus
779 1227 940 1274 aetate
974 1234 1073 1289 par
1109 1234 1235 1274 esse
1274 1219 1479 1289 possit;
1517 1219 1591 1273 ita
1621 1219 1768 1272 enim

188 1321 248 1368 et
288 1313 432 1368 ratio
471 1321 779 1383 temporum
824 1313 1085 1373 cohaeret,
1132 1328 1234 1366 nec
1271 1323 1548 1375 auctores,
1579 1313 1673 1381 qui
1701 1311 1769 1367 de

188 1403 538 1474 expeditione
583 1411 843 1473 nepotum
896 1402 1132 1457 Abrahae
1186 1417 1294 1456 una
1349 1417 1477 1456 cum
1535 1402 1768 1456 Hercule

192 1496 358 1552 verba
389 1495 619 1558 faciunt,
649 1495 950 1564 ἀλογίστως
972 1495 1379 1550 damnabimus.

261 1583 383 1640 Col.
413 1585 537 1652 765,
570 1584 666 1638 lin.
691 1583 780 1638 22.
812 1582 1442 1652 Ἰακὼϐπαραρπάσας.
1463 1583 1769 1640 Alexander

187 1678 499 1750 Polyhistor
522 1693 588 1733 ex
612 1676 885 1733 Demetrio
916 1677 1060 1747 apud
1088 1676 1410 1739 Eusebium,
1439 1676 1514 1730 De
1534 1692 1763 1746 prwpar.

1873 483 2004 554 τέρα
2058 484 2271 546 εὐνοίας
2321 482 2585 553 ἔνδακρυς
2643 483 2946 553 γενομένη,
3005 481 3319 554 περιϐάλλει
3366 482 3458 534 τὸν

1886 577 2172 640 Ἰάκωϐον,
2242 577 2334 631 καὶ
2392 575 2862 647 κατασπασαμένη
2922 574 3021 646 τὴν
3072 576 3460 646 εὐκταιοτάτην

1873 670 1968 724 καὶ
2012 669 2274 740 μεγίστην
2319 667 2511 738 ἡδονὴν
2555 669 2718 722 αὐτὸν
2776 667 2998 738 κομίσαι
3045 668 3123 738 τῷ
3165 668 3333 740 πατρὶ
3362 667 3460 720 καὶ

1871 765 1982 825 τοῖς
2013 762 2104 814 ἐπὶ
2150 761 2251 832 τῆς
2293 762 2494 824 οἰκείας
2542 761 2768 825 ἅπασιν,
2816 759 3004 829 ἔλεγεν
3043 759 3135 812 ἐπὶ
3166 762 3234 830 τῇ
3269 761 3460 832 μνήμῃ

1869 855 1968 925 τῆς
2001 855 2204 925 μητρὸς
2253 855 2418 908 αὐτοῦ
2477 854 2736 925 κειμένῳ,
2780 854 3050 925 καὶπρὸς
3097 854 3232 924 μόνῃ
3283 853 3455 925 ταύτῃ

1869 943 2223 1012 τυγχάνοντι,
2287 943 2575 1012 φανεῖσθαι
2629 943 2686 996 δὲ
2746 943 2896 1014 αὐτῷ
2946 944 3146 1007 παντὸς
3206 944 3458 1009 ἀντάξιον

1869 1033 2098 1102 ἀγαθοῦ.
2130 1033 2325 1095 .llisee
2365 1044 2419 1090 et
2461 1036 2584 1090 aliis
2614 1035 2887 1106 Josephus
2935 1036 2991 1088 in
3024 1037 3270 1092 historiis
3306 1051 3458 1090 com-

1872 1122 2240 1182 memorandis
2274 1143 2464 1197 parum
2508 1129 2738 1198 diligens
2783 1136 2836 1183 et
2877 1127 3074 1183 ﬁdelis.
3103 1127 3212 1183 Nec
3245 1143 3371 1182 raro
3401 1127 3456 1181 in

1869 1216 2096 1272 historia
2113 1227 2167 1272 et
2190 1218 2243 1272 in
2261 1218 2613 1288 Chronologia
2643 1235 2765 1274 esse
2795 1221 2984 1289 lapsus
3013 1218 3452 1290 deprehenditur.

1941 1309 2106 1373 lbid.,
2145 1309 2242 1364 lin.
2274 1310 2360 1364 56.
2407 1311 2708 1364 Τίκτονται
2748 1311 2816 1364 δὲ
2845 1311 3075 1378 παῖδες.
3113 1310 3189 1366 De
3232 1320 3360 1366 ortu
3394 1313 3456 1364 li-

1868 1401 2066 1456 liorum
2115 1399 2324 1468 Jacobi,
2359 1410 2413 1457 et
2448 1412 2712 1472 tempore,
2746 1404 2923 1474 deque
2968 1419 3120 1459 mora
3167 1405 3308 1473 apud
3351 1401 3456 1457 La-

1868 1492 1997 1557 ban,
2027 1502 2081 1548 et
2105 1494 2398 1562 descensu,
2431 1496 2610 1566 plura,
2651 1496 2753 1550 etsi
2787 1497 2844 1550 in
2883 1496 3163 1552 nonnullis
3202 1497 3452 1550 diversus

1870 1599 1901 1637 a
1935 1586 2111 1640 sacris
2148 1586 2364 1652 litteris,
2390 1576 2698 1643 Alexander
2726 1587 3038 1659 Polyhistor
3064 1605 3130 1642 ex
3179 1587 3452 1643 Demetrio

1869 1677 2014 1748 apud
2049 1675 2346 1743 Eusebium
2375 1679 2452 1733 De
2475 1690 2764 1750 prwparat.
2805 1679 3057 1750 Evangel.
3097 1681 3190 1735 lib.
3229 1697 3303 1734 Ix.

191 1769 445 1841 Euangel.
478 1770 573 1823 lib.
613 1785 666 1823 Ix
688 1785 702 1821 :
722 1769 1036 1841 Δημήτριός
1069 1786 1203 1840 φησι
1233 1769 1326 1822 τὸν
1370 1767 1585 1832 Ἰακὼϐ,
1616 1769 1759 1836 γενό-

1945 1771 2107 1836 lbid.,
2141 1772 2240 1826 lin.
2277 1771 2367 1824 41.
2412 1773 2475 1824 Οἱ
2515 1770 2614 1823 καὶ
2657 1769 2986 1839 Ἰδουμαῖοι.
3017 1768 3310 1840 Iosephus,
3344 1771 3454 1824 An-

189 1881 350 1934 μενον
368 1861 504 1916 ὲτῶν
523 1863 893 1933 ἑϐδομήκοντα
917 1862 1098 1925 πέντε,
1118 1863 1308 1931 φυγεῖν
1330 1864 1410 1924 εἰς
1433 1863 1656 1934 Χαρρὰν
1672 1862 1768 1933 τῆς

185 1953 633 2024 Μεσοποταμίας,
663 1952 1034 2006 ἀποσταλέντα
1064 1952 1168 2004 ὑπὸ
1195 1951 1304 2004 τῶν
1330 1950 1530 2020 γονέων
1555 1950 1642 2004 διὰ
1670 1951 1767 2022 τὴν

186 2047 324 2120 πρὸς
342 2047 432 2100 τὸν
448 2045 674 2114 ἀδελφὸν
689 2044 924 2117 κρυφίαν
941 2043 1139 2115 ἔχθραν
1167 2043 1358 2108 Ἠσαῦ,
1376 2043 1462 2098 διὰ
1477 2043 1538 2096 τὸ
1554 2044 1769 2114 εὐλογῆ-

186 2138 474 2192 σαι³αὑτὸν
501 2138 592 2191 τὸν
624 2137 854 2208 πατέρα,
881 2136 1141 2190 δοκοῦντα
1169 2131 1306 2189 εἷναι
1325 2135 1418 2188 τὸν
1457 2136 1647 2201 Ἡσαῦ,
1674 2135 1768 2188 καὶ

183 2231 337 2292 ὅπως
363 2228 504 2299 λάϐῃ
529 2228 738 2281 ἐκεῖθεν
766 2229 1019 2296 γυναῖκα.
1059 2228 1401 2299 Ἀφορμῆσαι
1437 2222 1529 2281 οὖν
1577 2224 1767 2280 Ἰακὼϐ

185 2320 518 2393 είς⁹Χαρῤἀν
550 2321 649 2390 τῆς
681 2318 1127 2388 Μεσοποταμίας,
1156 2319 1248 2372 τὸν
1285 2319 1382 2389 μὲν
1419 2318 1630 2390 πατέρα
1670 2334 1767 2370 καο

184 2413 484 2467 ταλιπόντα
523 2411 708 2465 Ἰσαὰκ
735 2411 870 2466 ὲτῶν
896 2410 1090 2463 ἑκατὸν
1116 2410 1406 2482 τριάκοντα
1425 2410 1583 2475 ἑπτὰ,
1607 2409 1767 2463 αὑτὸν

185 2506 247 2558 δὲ
285 2504 414 2558 ὅντα
456 2503 592 2557 ἐτῶν
629 2503 1000 2576 ἐϐδομήκοντα
1047 2503 1206 2556 έπτά.
1261 2503 1628 2574 Διατρίψαντα
1673 2498 1767 2556 οὖν

187 2594 354 2648 αὑτὸν
393 2595 508 2648 ἐκεῖ
541 2593 682 2646 ἑπτὰ
712 2593 808 2662 ἐτη
842 2591 1028 2646 Λάϐαν
1053 2591 1149 2646 τοῦ
1195 2591 1448 2665 μητρῴου
1481 2592 1574 2645 δύο
1602 2591 1767 2660 θυγα-

186 2687 354 2757 τέρας
383 2687 579 2757 γῆμαι,
619 2685 784 2739 Λείαν
828 2686 921 2739 καὶ
973 2683 1193 2755 Ῥαχὴλ,
1235 2683 1364 2737 ὅντα
1401 2683 1539 2762 ἐτῶν
1580 2684 1768 2756 ὀγδοή-

187 2794 356 2832 κοντα
385 2777 688 2847 τεσσάρων.

1875 1861 1964 1932 liq.
2049 1861 2144 1915 lib.
2197 1877 2257 1923 ιι,
2293 1874 2414 1928 cap.
2466 1859 2519 1923 l,
2571 1859 2687 1913 haec
2718 1859 2909 1914 eadem
2945 1860 3019 1913 ita
3049 1868 3277 1915 narrat:
3314 1861 3451 1914 Ἀλλ’

1883 1952 2050 2006 Ἠσαῦ
2089 1953 2211 2023 μὲν,
2239 1955 2338 2024 τῆς
2377 1951 2693 2023 Χεϐρωνὶας
2727 1954 3138 2024 παραχωρήσας
3182 1953 3260 2024 τῷ
3295 1954 3454 2008 ἀδελ-ο

1872 2044 1976 2115 φῷ,
2031 2049 2090 2099 έν
2123 2045 2322 2117 Σαείρᾳ
2367 2045 2605 2116 διῃτᾶτο,
2657 2045 2750 2098 καὶ
2786 2047 2885 2116 τῆς
2932 2046 3234 2117 Ἰδουμαίας
3283 2043 3451 2118 ἦλθεν

1871 2136 2014 2189 οὕτω
2049 2136 2285 2200 καλέσας
2316 2137 2415 2208 τὴν
2447 2136 2631 2209 χώραν
2659 2136 2845 2191 αὑτοῦ.
2884 2139 3134 2209 ’Ἄδωμος
3162 2140 3205 2192 δ’
3241 2142 3452 2194 ἐπωνο-

1873 2229 2074 2300 μάζετο
2109 2231 2251 2283 κατὰ
2273 2229 2525 2301 τοιαύτην
2550 2230 2731 2284 αἰτίαν
2751 2231 2927 2302 τυχὼν
2956 2233 3056 2302 τῆς
3087 2233 3448 2304 ἐπικλήσεως.

1882 2322 2013 2374 Ἀπὸ
2043 2320 2216 2393 θήρας
2249 2321 2377 2374 ποτὲ
2410 2323 2504 2375 καὶ
2537 2322 2702 2374 πόνου
2739 2321 2834 2375 τοῦ
2857 2324 3000 2393 περὶ
3029 2324 3088 2376 τὸ
3125 2326 3452 2395 κυνηγέσιον

1868 2412 2148 2485 λιμώττων
2181 2412 2504 2484 ἐπανῆλθεν,
2545 2413 2625 2466 ἔτι
2662 2417 2792 2478 παῖς
2822 2413 2897 2467 ὣν
2920 2415 3018 2486 τὴν
3047 2416 3280 2486 ἡλικίαν.
3300 2419 3451 2470 Ἐπι-

1867 2503 2046 2574 τυχὼν
2081 2504 2138 2558 δὲ
2182 2504 2430 2574 τάδελφῷ
2474 2506 2654 2575 φακῆν
2684 2508 3004 2561 ἐσκευακότι
3053 2510 3190 2580 πρὸς
3221 2509 3447 2581 ἄριστον

1868 2594 2017 2666 αὑτῷ
2057 2595 2252 2667 ξανθὴν
2297 2597 2500 2669 σφόδρα
2549 2598 2646 2668 τὴν
2690 2599 2878 2670 χρόαν,
2913 2601 3008 2652 καὶ
3049 2600 3138 2655 διά
3180 2602 3325 2655 τοῦτ’
3364 2603 3447 2658 ἔτι

1871 2689 2071 2761 μᾶλλον
2097 2688 2339 2762 ὀρεχθεὶς
2365 2689 2517 2760 ἠξίου
2543 2695 2843 2762 παρασχεῖν
2878 2693 3028 2764 αὑτῷ
3057 2693 3192 2765 πρὸς
3215 2697 3446 2768 τροφήν.

1879 2779 2004 2834 Ὀδὲ
2019 2781 2308 2835 ἀποδόσθαι
2330 2783 2392 2835 τὸ
2413 2785 2696 2854 πρεσϐεῖον
2713 2785 2861 2856 αὐτῷ
2875 2786 2971 2839 τοῦ
2990 2791 3183 2856 φαγεῖν
3201 2790 3447 2861 συνεργῷ

257 2871 418 2936 lbid.,
442 2872 541 2926 lin.
562 2871 653 2926 25.
693 2871 805 2938 Τὰς
825 2871 934 2926 δύο
957 2869 1300 2941 θυγατέρας.
1331 2869 1567 2926 Faustus
1594 2867 1768 2923 Mani-

187 2967 376 3022 chaaus
406 2963 770 3036 polygamiam
799 2964 942 3020 hanc
970 2979 1072 3034 pro
1093 2977 1292 3035 magno
1315 2963 1766 3044 criminesaneto

187 3059 516 3130 patriarcha:
555 3056 724 3114 Jacob
769 3057 1182 3129 procacissimis
1219 3057 1403 3113 verbis
1447 3055 1759 3127 obiectavit.

1870 3052 2030 3107 ϐείων
2063 3054 2211 3126 αὑτῷ
2258 3055 2375 3125 μεθ’
2411 3056 2609 3128 ὅρκων.
2660 3057 2850 3111 Ἔνθεν
2890 3057 2977 3111 διὰ
3009 3059 3105 3130 τὴν
3149 3059 3447 3133 ξανθότητα

187 3121 332 3204 Huic
372 3149 468 3204 lib.
505 3165 644 3215 ml,
686 3121 806 3220 cap.
846 3149 938 3213 47,
979 3147 1274 3220 respondet
1301 3121 1640 3218 Augustinus
1672 3145 1759 3201 Ja-

1870 3147 1960 3200 τοῦ
1989 3121 2272 3218 βρώματος
2306 3149 2411 3202 ὑπὸ
2442 3121 2551 3202 τῶν
2589 3151 2894 3221 ἡλικιωτῶν
2923 3121 3175 3223 ’Ἄδωμος
3200 3121 3445 3210 καλεῖται

185 3245 388 3299 cobum
433 3258 464 3297 a
517 3243 792 3298 calumnia
839 3243 1148 3298 vindicans.
1201 3242 1428 3310 Quando
1476 3257 1589 3295 mos
1625 3249 1759 3304 erat,

1870 3237 2007 3291 κατά
2061 3239 2274 3292 παιδιὰν
2319 3239 2650 3310 ἐπικληθείς.
2687 3242 2912 3312 ’Λδωμα
2955 3243 3064 3316 γὰρ
3106 3243 3343 3314 Ἑϐραῖοι
3385 3245 3446 3298 τὸ

185 3335 386 3389 crimen
416 3352 521 3390 non
548 3345 662 3389 erat
687 3351 704 3388 :
733 3344 783 3389 et
813 3350 949 3389 nunc
977 3344 1255 3404 propterea
1288 3333 1485 3387 crimen
1509 3341 1608 3398 est,
1638 3332 1759 3402 quia

1870 3328 2094 3401 ἐρυθρὸν
2135 3329 2378 3385 καλοῦσι.
2413 3332 2522 3404 Τὴν
2565 3333 2621 3386 δὲ
2652 3331 2838 3405 χώραν
2863 3333 3008 3388 οὕτω
3062 3337 3443 3410 προσηγόρευ-

186 3444 301 3482 mos
331 3445 433 3483 non
458 3437 557 3483 est.
581 3427 706 3482 Alia
725 3429 864 3482 enim
887 3437 1011 3482 sunt
1037 3435 1253 3496 peccata
1282 3435 1469 3482 contra
1489 3434 1759 3490 naturam,

1870 3436 1976 3474 σεν.
2013 3419 2270 3492 ’Έλληνες
2301 3421 2408 3495 γὰρ
2447 3422 2616 3491 αὐτὴν
2650 3424 2741 3476 ἐπὶ
2773 3424 3095 3495 σεμνότερον
3141 3425 3444 3497 Ἰδουμαίαν

184 3517 301 3572 alia
329 3526 516 3572 contra
555 3533 750 3581 mores,
801 3517 913 3570 alia
958 3526 1145 3572 contra
1167 3525 1446 3586 praecepta.
1481 3517 1612 3582 ραω
1643 3531 1763 3569 cum
1861 3507 2172 3579 ὠνόμασαν.
2201 3509 2282 3564 Ab
2309 3509 2451 3566 Esau
2480 3510 2644 3581 igitur
2676 3512 2774 3566 toti
2799 3513 2948 3582 genti
2983 3529 3181 3569 nomen
3217 3516 3444 3586 imposi-

182 3609 265 3663 ita
285 3611 414 3674 sint,
446 3610 570 3680 quid
607 3607 815 3662 tandem
845 3608 1082 3662 criminis
1120 3617 1218 3675 est,
1251 3607 1390 3678 quod
1431 3605 1494 3659 de
1521 3604 1760 3675 pluribus
1863 3606 2000 3664 tum,
2031 3616 2170 3670 quos
2203 3600 2376 3658 Graeci
2431 3603 2700 3658 Idumaeos
2741 3604 3032 3674 appellant.
3077 3605 3234 3660 Errat
3273 3607 3442 3677 igitur

180 3701 346 3756 simul
383 3699 577 3754 habitis
620 3700 876 3754 uxoribus
917 3699 1164 3768 objicitur
1186 3707 1367 3754 sancto
1406 3698 1516 3752 viro
1554 3696 1762 3752 Jacob?
1864 3688 2084 3755 SlrabO.
2135 3691 2232 3747 lib.
2263 3708 2376 3755 va,
2417 3695 2509 3763 qui
2556 3709 2651 3749 eos
2696 3694 2907 3765 origine
2951 3695 3278 3753 Nabathaeos
3317 3714 3441 3754 esse

181 3794 230 3847 si
256 3802 504 3845 naturam
529 3791 805 3856 consulas,
842 3808 946 3845 non
995 3790 1320 3854 lasciuiendi,
1377 3788 1467 3844 sed
1515 3787 1762 3858 gignendi
1862 3781 2164 3851 aﬂirmavit,
2215 3785 2589 3856 seditioneque
2639 3786 2813 3854 patria
2867 3788 3074 3856 pulsos.
3119 3787 3282 3842 Errat
3321 3786 3442 3844 Stc-

181 3900 350 3938 causa
377 3883 486 3938 illis
523 3882 826 3938 mulieribus
856 3882 1124 3936 utebatur.
1169 3880 1230 3937 Si
1263 3897 1481 3945 morem,
1513 3881 1608 3934 illo
1631 3889 1760 3933 tem-
1859 3876 2073 3946 plianus
2119 3877 2248 3949 περὶ
2293 3877 2522 3942 πόλεων,
2557 3893 2653 3934 eos
2703 3894 2734 3932 a
2769 3879 2878 3933 ﬁlio
2911 3879 3147 3950 quodam
3198 3879 3441 3936 Semira-

179 3990 329 4043 pore,
353 3973 582 4043 atquein
612 3973 718 4026 illis
746 3972 899 4026 terris
935 3972 1030 4026 hoc
1068 3971 1432 4041 factitabatur.
1475 3969 1535 4024 Si
1566 3985 1760 4035 prcece-
1860 3969 2021 4024 midis
2047 3977 2200 4024 ortos
2238 3970 2506 4035 scribens,
2540 3971 2684 4025 sicut
2710 3971 2780 4024 ab
2827 3971 2935 4026 alio
2977 3971 3096 4041 ejus
3145 3972 3254 4027 ﬁlio
3297 3971 3438 4027 Juda

180 4077 352 4136 ptum,
385 4065 534 4120 nulla
561 4065 669 4136 lege
693 4063 1084 4134 prohibebatur.
1123 4063 1278 4116 Nunc
1301 4079 1416 4116 vero
1444 4078 1539 4114 cur
1563 4061 1758 4114 crimen
1855 4059 2092 4116 Iudaeos.
2131 4061 2419 4116 Insaniunt
2467 4069 2522 4116 et
2563 4061 2801 4116 Rabbini
2855 4078 2981 4116 cum
3031 4063 3307 4118 Abenezra
3339 4065 3436 4133 qui

179 4169 283 4220 est,
309 4161 356 4213 si
378 4160 494 4230 quis
521 4158 617 4212 hoc
645 4158 832 4227 faciat,
855 4157 959 4210 nisi
979 4157 1106 4226 quia
1128 4165 1177 4209 et
1200 4155 1455 4220 moribus,
1480 4163 1530 4208 et
1561 4152 1757 4224 legibus
1859 4152 2088 4208 Romam
2119 4164 2318 4208 vocant
2345 4153 2536 4219 Edom,
2562 4161 2616 4209 et
2645 4153 2959 4224 pontiﬁcem
2993 4152 3298 4212 Romanum
3326 4172 3439 4214 mo-

179 4269 290 4308 non
322 4253 480 4307 licet?
519 4253 650 4320 Quae
690 4252 796 4307 duo
840 4253 1075 4322 quisquis
1123 4251 1514 4319 contempserit,
1546 4250 1758 4303 etiamsi
1855 4245 2092 4301 nacbum
2125 4244 2461 4301 Edomaeum.

182 4343 549 4398 tantummodo
590 4360 753 4398 causa
787 4341 1070 4414 generandi
1101 4342 1181 4395 uti
1209 4341 1376 4411 possit
1403 4339 1645 4410 pluribus
1679 4339 1754 4408 fe.

1927 4337 2090 4404 lbid.,
2131 4339 2227 4394 lin.
2259 4338 2348 4392 44.
2383 4339 2680 4408 ’Ὕστερον
2721 4338 2792 4393 δὲ
2836 4339 3030 4407 Σύροι.
3081 4337 3292 4410 Syriam
3344 4355 3434 4394 re-

179 4434 363 4498 minis,
400 4445 579 4504 peccat
605 4446 779 4488 tamen
835 4443 886 4488 et
938 4435 1108 4502 ipsam
1136 4432 1299 4486 violat
1336 4431 1625 4484 humanam
1661 4448 1753 4486 so-
1784 4467 1830 4526 υ
1856 4429 2070 4499 gionem
2111 4429 2508 4484 nobilissimam
2539 4431 2682 4485 Asiae
2725 4446 2849 4485 cum
2883 4431 3107 4501 Assyria
3157 4431 3226 4484 ab
3256 4441 3436 4485 aucto-

1867 2871 2212 2944 χρησάμενος
2242 2876 2308 2945 τῇ
2345 2875 2501 2947 πείνῃ
2533 2876 2623 2929 τὸν
2657 2877 2882 2947 ἀδελφὸν
2913 2879 3213 2948 ἠνάγκασε.
3245 2884 3448 2936 Κάκεῖ-

1868 2982 1976 3028 νος,
2004 2965 2109 3018 ὑπὸ
2141 2965 2234 3018 τοῦ
2262 2966 2426 3036 λιμοῦ
2451 2968 2766 3039 προαχθεὶς,
2795 2975 3114 3043 παραχωρεῖ
3140 2973 3248 3026 τῶν
3279 2991 3448 3046 πρεσ-

175 4529 453 4590 cietatem,
517 4527 602 4581 cui
647 4528 942 4580 necessaria
983 4533 1062 4579 est
1104 4524 1397 4593 procreatio
1447 4523 1750 4578 liberorum.

181 4618 281 4672 His
309 4617 486 4674 allinia
537 4618 730 4674 scribit
769 4627 823 4673 et
863 4618 956 4672 lib.
987 4633 1049 4672 Ill
1092 4617 1170 4672 De
1211 4615 1384 4670 doctr.
1417 4613 1749 4679 Christiana,

179 4727 304 4781 cap.
338 4712 427 4776 12,
460 4713 604 4767 idem
648 4711 1009 4782 Augustinus,
1055 4719 1110 4767 et
1156 4711 1521 4782 Hieronymus
1559 4724 1648 4778 ep.
1682 4708 1754 4762 85

178 4805 249 4858 ad
279 4803 577 4869 Oceanum,
605 4813 658 4858 et
692 4801 1066 4859 Theodoretus
1097 4812 1291 4874 quaest.
1323 4803 1394 4858 ει
1413 4805 1466 4856 in
1493 4800 1677 4854 Geues.

253 4894 411 4958 lbid.,
453 4894 550 4948 lin.
575 4894 1058 4964 27.Ἐπεθύμησε
1076 4893 1164 4949 δέ.
1199 4893 1440 4949 Thomas
1473 4892 1742 4963 Anglicus

174 4987 232 5042 in
266 5002 382 5055 cap.
445 5002 614 5041 xxvm
659 4985 843 5043 Genes.
878 4986 1056 5042 tribus
1101 4984 1277 5042 modis
1304 4985 1535 5041 diversis
1567 4985 1636 5037 ab
1683 4998 1750 5040 eo

174 5092 338 5146 quem
370 5075 688 5132 Eustathius
721 5076 906 5140 tradit,
943 5084 1137 5147 purgat
1163 5093 1193 5131 a
1230 5077 1362 5132 vitio
1383 5091 1624 5132 amorem
1653 5074 1748 5130 Ja-

174 5169 300 5230 cob,
337 5176 390 5222 et
422 5168 804 5238 inculpabilem
843 5169 1040 5234 reddit,
1072 5185 1210 5240 quos
1237 5159 1380 5225 vide.

246 5260 408 5324 lbid.,
446 5261 542 5317 lin.
579 5261 666 5316 51.
706 5261 1190 5328 Συναντήσασαν
1216 5262 1560 5331 ἠσπάσατο.
1595 5263 1751 5320 Jose—

172 5353 342 5424 phus,
399 5353 492 5406 lib.
547 5369 586 5417 ι,
618 5369 739 5425 cap.
797 5355 882 5420 19,
920 5355 1014 5408 ubi
1060 5354 1200 5408 hanc
1231 5356 1399 5410 refert
1431 5357 1746 5421 historiam,

172 5444 548 5513 amplexuslet
576 5446 682 5499 alia
711 5461 832 5516 quae
861 5446 1145 5518 Scriptura
1169 5455 1382 5512 narrat,
1417 5464 1526 5504 non
1555 5451 1750 5504 tribuit

167 5537 379 5592 Jacobo
424 5538 518 5592 sed
573 5536 832 5603 Racheli,
882 5541 946 5594 'H
992 5541 1070 5606 δὲ,
1123 5541 1228 5594 ὑπὸ
1281 5541 1532 5612 μνήμης,
1591 5544 1749 5596 ὁποῖα

169 5629 320 5699 φιλεῖ
359 5630 744 5701 συντυγχάνειν
773 5633 884 5696 τοῖς
931 5631 1090 5697 νέοις,
1126 5633 1556 5704 προπεπυσμένη
1599 5632 1750 5704 παρά

168 5721 268 5775 τοῦ
303 5723 508 5795 πατρὸς
536 5724 606 5780 τὰ
633 5725 759 5796 περὶ
790 5725 888 5796 τῆς
929 5725 1241 5792 Ῥεϐέκκας,
1277 5726 1368 5780 καὶ
1406 5727 1532 5792 τοὺς
1575 5727 1750 5799 γονεῖς

1857 4520 2010 4576 ribus
2047 4520 2305 4576 confundi
2348 4537 2514 4592 supra
2553 4523 2854 4578 innuimus.
2902 4521 2977 4578 De
3005 4537 3069 4577 ea
3112 4523 3434 4578 Ammianus

1856 4615 2223 4680 Marcellinus,
2257 4615 2355 4671 lib.
2391 4631 2566 4672 xmt:
2607 4614 2759 4670 Citra
2809 4631 2988 4670 amnes
3041 4616 3308 4686 provincia
3352 4627 3430 4670 est

1855 4707 2044 4760 nobilis
2093 4707 2332 4777 Assyria,
2369 4708 2668 4762 celebritate
2711 4717 2760 4761 et
2799 4705 3178 4776 magnitudine,
3233 4717 3344 4760 tum
3381 4717 3432 4762 et

1854 4801 2169 4869 multiformi
2213 4801 2507 4867 feracitate,
2532 4801 2895 4869 ditissimaquc
2934 4814 3025 4868 per
3059 4800 3298 4868 populos,
3335 4815 3435 4868 pa-

1851 4909 2042 4964 gosque
2064 4891 2267 4962 amplos
2298 4891 2518 4962 di/fusa,
2546 4891 2807 4964 quondam
2837 4904 2885 4947 et
2915 4895 3150 4964 copiosa,
3172 4891 3242 4946 ad
3266 4909 3433 4946 unum

1852 4985 2108 5040 concessit
2128 4983 2457 5049 vocabulum,
2489 4994 2539 5040 et
2567 5002 2702 5040 nunc
2723 4987 2892 5040 omnis
2919 4987 3217 5056 appellatur
3247 4984 3428 5055 Syria.

1853 5079 2019 5132 Plura
2053 5077 2122 5132 de
2155 5092 2220 5132 ea
2270 5077 2393 5134 vide
2431 5081 2580 5148 apud
2629 5077 2979 5134 Enstathium
3033 5079 3331 5134 Comment.
3375 5079 3430 5132 in

1853 5169 2168 5240 Dionysium
2215 5168 2279 5223 de
2333 5171 2441 5223 situ
2478 5170 2639 5234 orbis,
2675 5169 3045 5224 Abrahamum
3101 5168 3429 5233 Hortelium,

1852 5271 1907 5319 et
1933 5238 2092 5316 alios.
2771 5288 2774 5292 -
3496 5238 3505 5255 ’

1893 5353 2085 5418 lbid.,
2113 5353 2212 5408 lin.
2258 5352 2348 5408 46.
2386 5354 2441 5406 Ὀ
2485 5353 2558 5407 δὲ
2599 5354 2790 5411 Ἠσαῦ
2834 5354 3143 5424 γυναῖκας.
3190 5353 3428 5419 Delrius,

1852 5455 1906 5503 et
1935 5447 2025 5501 alii
2051 5453 2334 5510 notarunt,
2366 5443 2623 5500 Hebmos
2667 5445 2858 5500 solitos
2904 5445 3104 5502 habere
3131 5444 3288 5516 plura
3330 5461 3431 5501 no-
3506 5517 3510 5520 i

1852 5539 2021 5602 mina,
2063 5537 2297 5608 indeque
2349 5551 2576 5607 magnas
2623 5537 2881 5592 tenebras
2930 5537 3065 5591 oriri
3112 5539 3167 5591 in
3218 5535 3430 5593 Genea-
3509 5578 3518 5584 -

1853 5633 2034 5702 logiis,
2082 5631 2211 5686 dum
2259 5645 2372 5684 uno
2420 5629 2542 5686 loco
2586 5645 2780 5693 unum,
2836 5629 2945 5684 alio
2981 5628 3130 5684 aliud
3180 5631 3433 5700 ponitur,
3519 5699 3522 5702 γ

1853 5725 1998 5796 quod
2030 5741 2139 5780 non
2184 5722 2596 5782 considerantes
2620 5722 2844 5797 quidam
2877 5724 3172 5796 desperant
3201 5724 3273 5786 de
3291 5739 3441 5785 .con-.
3505 5785 3512 5790 ,
3544 5776 3550 5781 .
