  <div class='ocr_page' id='page_1' title='image "/cluster/home/n/w/nwhite01/storage/ocr_20150623/18/nnc1.0046978550/523.png"; bbox 0 0 3848 6168; ppageno 0'>
   <div class='ocr_carea' id='block_1_1' title="bbox 419 261 557 318">
    <p class='ocr_par' dir='ltr' id='par_1_1' title="bbox 419 261 557 318">
     <span class='ocr_line' id='line_1_1' title="bbox 419 261 557 318; baseline -0.022 0"><span class='ocrx_word' id='word_1_1' title='bbox 419 261 557 318; x_wconf 73' lang='grc' dir='ltr'><strong>Ιῦδι</strong></span> 
     </span>
    </p>
   </div>
   <div class='ocr_carea' id='block_1_2' title="bbox 1846 241 2413 307">
    <p class='ocr_par' dir='ltr' id='par_1_2' title="bbox 1846 241 2413 307">
     <span class='ocr_line' id='line_1_2' title="bbox 1846 241 2413 307; baseline -0.018 0"><span class='ocrx_word' id='word_1_2' title='bbox 1846 247 2095 307; x_wconf 71' lang='grc' dir='ltr'>ιιῖοΝιδ</span> <span class='ocrx_word' id='word_1_3' title='bbox 2132 241 2413 302; x_wconf 72' lang='grc' dir='ltr'>ΑιιΑτιι</span> 
     </span>
    </p>
   </div>
   <div class='ocr_carea' id='block_1_3' title="bbox 3563 240 3722 298">
    <p class='ocr_par' dir='ltr' id='par_1_3' title="bbox 3563 240 3722 298">
     <span class='ocr_line' id='line_1_3' title="bbox 3563 240 3722 298; baseline 0.025 -3"><span class='ocrx_word' id='word_1_4' title='bbox 3563 240 3722 298; x_wconf 68' lang='grc' dir='ltr'><strong>ωδε</strong></span> 
     </span>
    </p>
   </div>
   <div class='ocr_carea' id='block_1_4' title="bbox 417 336 3722 446">
    <p class='ocr_par' dir='ltr' id='par_1_4' title="bbox 417 336 3722 446">
     <span class='ocr_line' id='line_1_4' title="bbox 417 336 3722 446; baseline -0.007 -12"><span class='ocrx_word' id='word_1_5' title='bbox 417 376 696 434; x_wconf 85' lang='lat' dir='ltr'><strong>ciliatione</strong></span> <span class='ocrx_word' id='word_1_6' title='bbox 724 374 889 444; x_wconf 85' lang='lat' dir='ltr'><strong>hujus</strong></span> <span class='ocrx_word' id='word_1_7' title='bbox 926 372 1171 443; x_wconf 81' lang='lat' dir='ltr'><strong>Catalogi</strong></span> <span class='ocrx_word' id='word_1_8' title='bbox 1201 387 1326 428; x_wconf 74' lang='lat' dir='ltr'><strong>curn</strong></span> <span class='ocrx_word' id='word_1_9' title='bbox 1362 371 1378 425; x_wconf 91' lang='grc' dir='ltr'><strong>Ι</strong></span> <span class='ocrx_word' id='word_1_10' title='bbox 1423 372 1754 446; x_wconf 84' lang='lat' dir='ltr'><strong>Paralipom.</strong></span> <span class='ocrx_word' id='word_1_11' title='bbox 1791 385 1832 426; x_wconf 90' lang='grc' dir='ltr'>ι.</span> <span class='ocrx_word' id='word_1_12' title='bbox 1873 367 2008 435; x_wconf 65' lang='lat' dir='ltr'><strong>Quae</strong></span> <span class='ocrx_word' id='word_1_13' title='bbox 2036 375 2085 434; x_wconf 68' lang='grc' dir='ltr'>Α</span> <span class='ocrx_word' id='word_1_14' title='bbox 2110 336 2245 418; x_wconf 62' lang='grc' dir='ltr'>ιηιιέ</span> <span class='ocrx_word' id='word_1_15' title='bbox 2280 358 2501 432; x_wconf 90' lang='lat' dir='ltr'><strong>epistol.</strong></span> <span class='ocrx_word' id='word_1_16' title='bbox 2544 356 2654 413; x_wconf 68' lang='lat'><strong>£26</strong></span> <span class='ocrx_word' id='word_1_17' title='bbox 2673 356 2740 412; x_wconf 88' lang='lat' dir='ltr'><strong>ad</strong></span> <span class='ocrx_word' id='word_1_18' title='bbox 2786 352 3108 428; x_wconf 80' lang='lat' dir='ltr'><strong>Evagrium,</strong></span> <span class='ocrx_word' id='word_1_19' title='bbox 3141 353 3531 428; x_wconf 80' lang='lat' dir='ltr'><strong>Hippolytum,</strong></span> <span class='ocrx_word' id='word_1_20' title='bbox 3599 355 3722 410; x_wconf 83' lang='lat' dir='ltr'><strong>Ire-</strong></span> 
     </span>
    </p>
   </div>
   <div class='ocr_carea' id='block_1_5' title="bbox 418 460 1998 533">
    <p class='ocr_par' dir='ltr' id='par_1_5' title="bbox 418 460 1998 533">
     <span class='ocr_line' id='line_1_5' title="bbox 418 460 1998 533; baseline -0.004 -11"><span class='ocrx_word' id='word_1_21' title='bbox 418 464 761 522; x_wconf 82' lang='lat' dir='ltr'><strong>consuetudo</strong></span> <span class='ocrx_word' id='word_1_22' title='bbox 786 465 952 519; x_wconf 82' lang='lat' dir='ltr'><strong>etiam</strong></span> <span class='ocrx_word' id='word_1_23' title='bbox 998 465 1054 520; x_wconf 91' lang='lat' dir='ltr'><strong>in</strong></span> <span class='ocrx_word' id='word_1_24' title='bbox 1089 464 1416 518; x_wconf 83' lang='lat' dir='ltr'><strong>mulieribus</strong></span> <span class='ocrx_word' id='word_1_25' title='bbox 1454 463 1714 518; x_wconf 82' lang='lat' dir='ltr'><strong>obtinuit.</strong></span> <span class='ocrx_word' id='word_1_26' title='bbox 1747 460 1998 533; x_wconf 75' lang='lat' dir='ltr'><strong>Sequen-</strong></span> 
     </span>
    </p>
   </div>
   <div class='ocr_carea' id='block_1_6' title="bbox 419 553 1999 626">
    <p class='ocr_par' dir='ltr' id='par_1_6' title="bbox 419 553 1999 626">
     <span class='ocr_line' id='line_1_6' title="bbox 419 553 1999 626; baseline -0.002 -17"><span class='ocrx_word' id='word_1_27' title='bbox 419 553 525 610; x_wconf 86' lang='lat' dir='ltr'><strong>dus</strong></span> <span class='ocrx_word' id='word_1_28' title='bbox 560 553 725 625; x_wconf 88' lang='lat' dir='ltr'><strong>igitur</strong></span> <span class='ocrx_word' id='word_1_29' title='bbox 773 553 1032 626; x_wconf 78' lang='lat' dir='ltr'><strong>Cyrillus,</strong></span> <span class='ocrx_word' id='word_1_30' title='bbox 1078 563 1133 608; x_wconf 88' lang='lat' dir='ltr'><strong>et</strong></span> <span class='ocrx_word' id='word_1_31' title='bbox 1179 553 1486 622; x_wconf 80' lang='lat' dir='ltr'><strong>Procopius</strong></span> <span class='ocrx_word' id='word_1_32' title='bbox 1540 554 1633 624; x_wconf 89' lang='lat' dir='ltr'><strong>qui</strong></span> <span class='ocrx_word' id='word_1_33' title='bbox 1680 553 1999 617; x_wconf 81' lang='lat' dir='ltr'><strong>observant,</strong></span> 
     </span>
    </p>
   </div>
   <div class='ocr_carea' id='block_1_7' title="bbox 422 642 2001 716">
    <p class='ocr_par' dir='ltr' id='par_1_7' title="bbox 422 642 2001 716">
     <span class='ocr_line' id='line_1_7' title="bbox 422 642 2001 716; baseline 0.001 -17"><span class='ocrx_word' id='word_1_34' title='bbox 422 659 623 701; x_wconf 78' lang='lat' dir='ltr'><strong>uxores</strong></span> <span class='ocrx_word' id='word_1_35' title='bbox 659 642 825 709; x_wconf 86' lang='lat' dir='ltr'><strong>Esau,</strong></span> <span class='ocrx_word' id='word_1_36' title='bbox 873 651 930 698; x_wconf 91' lang='lat' dir='ltr'><strong>et</strong></span> <span class='ocrx_word' id='word_1_37' title='bbox 979 660 1169 700; x_wconf 89' lang='lat' dir='ltr'><strong>earum</strong></span> <span class='ocrx_word' id='word_1_38' title='bbox 1209 652 1464 716; x_wconf 87' lang='lat' dir='ltr'><strong>parentes</strong></span> <span class='ocrx_word' id='word_1_39' title='bbox 1514 645 1637 702; x_wconf 87' lang='lat' dir='ltr'><strong>aliis</strong></span> <span class='ocrx_word' id='word_1_40' title='bbox 1685 645 2001 701; x_wconf 83' lang='lat' dir='ltr'><strong>nominibus</strong></span> 
     </span>
    </p>
   </div>
   <div class='ocr_carea' id='block_1_8' title="bbox 420 735 2003 806">
    <p class='ocr_par' dir='ltr' id='par_1_8' title="bbox 420 735 2003 806">
     <span class='ocr_line' id='line_1_8' title="bbox 420 735 2003 806; baseline 0 -16"><span class='ocrx_word' id='word_1_41' title='bbox 420 735 480 791; x_wconf 87' lang='lat' dir='ltr'><strong>in</strong></span> <span class='ocrx_word' id='word_1_42' title='bbox 515 737 712 792; x_wconf 81' lang='lat' dir='ltr'><strong>Genesi</strong></span> <span class='ocrx_word' id='word_1_43' title='bbox 745 743 800 792; x_wconf 88' lang='lat' dir='ltr'><strong>et</strong></span> <span class='ocrx_word' id='word_1_44' title='bbox 847 736 1284 805; x_wconf 86' lang='lat' dir='ltr'><strong>Paralipomenis</strong></span> <span class='ocrx_word' id='word_1_45' title='bbox 1327 737 1653 806; x_wconf 84' lang='lat' dir='ltr'><strong>nuncupari.</strong></span> <span class='ocrx_word' id='word_1_46' title='bbox 1689 735 1822 804; x_wconf 69' lang='lat' dir='ltr'><strong>Qute</strong></span> <span class='ocrx_word' id='word_1_47' title='bbox 1856 737 2003 791; x_wconf 88' lang='lat' dir='ltr'><strong>enim</strong></span> 
     </span>
    </p>
   </div>
   <div class='ocr_carea' id='block_1_9' title="bbox 419 826 2005 893">
    <p class='ocr_par' dir='ltr' id='par_1_9' title="bbox 419 826 2005 893">
     <span class='ocr_line' id='line_1_9' title="bbox 419 826 2005 893; baseline 0.001 -9"><span class='ocrx_word' id='word_1_48' title='bbox 419 828 512 884; x_wconf 88' lang='lat' dir='ltr'><strong>hic</strong></span> <span class='ocrx_word' id='word_1_49' title='bbox 538 827 744 883; x_wconf 88' lang='lat' dir='ltr'><strong>dicitur</strong></span> <span class='ocrx_word' id='word_1_50' title='bbox 769 829 887 883; x_wconf 87' lang='lat' dir='ltr'><strong>Ada</strong></span> <span class='ocrx_word' id='word_1_51' title='bbox 914 827 1025 882; x_wconf 88' lang='lat' dir='ltr'><strong>ﬁlia</strong></span> <span class='ocrx_word' id='word_1_52' title='bbox 1061 826 1216 882; x_wconf 91' lang='lat' dir='ltr'><strong>Elom</strong></span> <span class='ocrx_word' id='word_1_53' title='bbox 1245 827 1474 893; x_wconf 67' lang='lat' dir='ltr'><strong>ilethmi,</strong></span> <span class='ocrx_word' id='word_1_54' title='bbox 1503 829 1614 884; x_wconf 90' lang='lat' dir='ltr'><strong>illic</strong></span> <span class='ocrx_word' id='word_1_55' title='bbox 1642 827 1864 886; x_wconf 84' lang='lat' dir='ltr'><strong>Iuditha</strong></span> <span class='ocrx_word' id='word_1_56' title='bbox 1895 830 2005 885; x_wconf 89' lang='lat' dir='ltr'><strong>ﬁlia</strong></span> 
     </span>
    </p>
   </div>
   <div class='ocr_carea' id='block_1_10' title="bbox 419 916 2006 986">
    <p class='ocr_par' dir='ltr' id='par_1_10' title="bbox 419 916 2006 986">
     <span class='ocr_line' id='line_1_10' title="bbox 419 916 2006 986; baseline 0.001 -12"><span class='ocrx_word' id='word_1_57' title='bbox 419 916 646 984; x_wconf 82' lang='lat' dir='ltr'><strong>Procri;</strong></span> <span class='ocrx_word' id='word_1_58' title='bbox 678 925 734 973; x_wconf 90' lang='lat' dir='ltr'><strong>et</strong></span> <span class='ocrx_word' id='word_1_59' title='bbox 761 932 884 986; x_wconf 66' lang='lat' dir='ltr'><strong>qua:</strong></span> <span class='ocrx_word' id='word_1_60' title='bbox 915 917 1024 970; x_wconf 88' lang='lat' dir='ltr'><strong>illic</strong></span> <span class='ocrx_word' id='word_1_61' title='bbox 1059 916 1345 972; x_wconf 82' lang='lat' dir='ltr'><strong>Basemath</strong></span> <span class='ocrx_word' id='word_1_62' title='bbox 1383 918 1492 972; x_wconf 91' lang='lat' dir='ltr'><strong>ﬁlia</strong></span> <span class='ocrx_word' id='word_1_63' title='bbox 1535 916 1710 986; x_wconf 86' lang='lat' dir='ltr'><strong>Elom,</strong></span> <span class='ocrx_word' id='word_1_64' title='bbox 1738 920 1842 974; x_wconf 89' lang='lat' dir='ltr'><strong>hoc</strong></span> <span class='ocrx_word' id='word_1_65' title='bbox 1884 920 2006 975; x_wconf 91' lang='lat' dir='ltr'><strong>loco</strong></span> 
     </span>
    </p>
   </div>
   <div class='ocr_carea' id='block_1_11' title="bbox 421 1010 2006 1084">
    <p class='ocr_par' dir='ltr' id='par_1_11' title="bbox 421 1010 2006 1084">
     <span class='ocr_line' id='line_1_11' title="bbox 421 1010 2006 1084; baseline 0.003 -16"><span class='ocrx_word' id='word_1_66' title='bbox 421 1010 705 1068; x_wconf 87' lang='lat' dir='ltr'><strong>Oolibama</strong></span> <span class='ocrx_word' id='word_1_67' title='bbox 759 1012 868 1066; x_wconf 87' lang='lat' dir='ltr'><strong>ﬁlia</strong></span> <span class='ocrx_word' id='word_1_68' title='bbox 920 1013 1130 1080; x_wconf 66' lang='lat' dir='ltr'><strong>Annae;</strong></span> <span class='ocrx_word' id='word_1_69' title='bbox 1161 1029 1283 1084; x_wconf 62' lang='lat' dir='ltr'><strong>quae</strong></span> <span class='ocrx_word' id='word_1_70' title='bbox 1320 1013 1410 1068; x_wconf 88' lang='lat' dir='ltr'><strong>hic</strong></span> <span class='ocrx_word' id='word_1_71' title='bbox 1459 1014 1747 1072; x_wconf 86' lang='lat' dir='ltr'><strong>Bascmath</strong></span> <span class='ocrx_word' id='word_1_72' title='bbox 1780 1017 1888 1070; x_wconf 90' lang='lat' dir='ltr'><strong>ﬁlia</strong></span> <span class='ocrx_word' id='word_1_73' title='bbox 1925 1017 2006 1074; x_wconf 87' lang='lat' dir='ltr'><strong>ls-</strong></span> 
     </span>
    </p>
   </div>
   <div class='ocr_carea' id='block_1_12' title="bbox 421 1101 2008 1171">
    <p class='ocr_par' dir='ltr' id='par_1_12' title="bbox 421 1101 2008 1171">
     <span class='ocr_line' id='line_1_12' title="bbox 421 1101 2008 1171; baseline 0.003 -13"><span class='ocrx_word' id='word_1_74' title='bbox 421 1101 586 1166; x_wconf 82' lang='lat' dir='ltr'><strong>niael,</strong></span> <span class='ocrx_word' id='word_1_75' title='bbox 614 1102 727 1157; x_wconf 91' lang='lat' dir='ltr'><strong>illic</strong></span> <span class='ocrx_word' id='word_1_76' title='bbox 771 1101 1040 1158; x_wconf 79' lang='lat' dir='ltr'><strong>Maheleth</strong></span> <span class='ocrx_word' id='word_1_77' title='bbox 1069 1104 1406 1158; x_wconf 72' lang='lat' dir='ltr'><strong>nominatur.</strong></span> <span class='ocrx_word' id='word_1_78' title='bbox 1441 1104 1598 1171; x_wconf 87' lang='lat' dir='ltr'><strong>Quod</strong></span> <span class='ocrx_word' id='word_1_79' title='bbox 1631 1105 1707 1160; x_wconf 89' lang='lat' dir='ltr'><strong>ita</strong></span> <span class='ocrx_word' id='word_1_80' title='bbox 1737 1108 2008 1164; x_wconf 88' lang='lat' dir='ltr'><strong>accidisse</strong></span> 
     </span>
    </p>
   </div>
   <div class='ocr_carea' id='block_1_13' title="bbox 419 1193 1610 1265">
    <p class='ocr_par' dir='ltr' id='par_1_13' title="bbox 419 1193 1610 1265">
     <span class='ocr_line' id='line_1_13' title="bbox 419 1193 1610 1265; baseline 0.003 -17"><span class='ocrx_word' id='word_1_81' title='bbox 419 1200 478 1248; x_wconf 71' lang='lat' dir='ltr'><strong>et</strong></span> <span class='ocrx_word' id='word_1_82' title='bbox 509 1193 562 1247; x_wconf 91' lang='lat' dir='ltr'><strong>in</strong></span> <span class='ocrx_word' id='word_1_83' title='bbox 599 1201 751 1263; x_wconf 89' lang='lat' dir='ltr'><strong>patre</strong></span> <span class='ocrx_word' id='word_1_84' title='bbox 772 1194 979 1265; x_wconf 87' lang='lat' dir='ltr'><strong>Moysis</strong></span> <span class='ocrx_word' id='word_1_85' title='bbox 1014 1195 1244 1249; x_wconf 87' lang='lat' dir='ltr'><strong>inferius</strong></span> <span class='ocrx_word' id='word_1_86' title='bbox 1274 1198 1610 1253; x_wconf 91' lang='lat' dir='ltr'><strong>notabimus.</strong></span> 
     </span>
    </p>
   </div>
   <div class='ocr_carea' id='block_1_14' title="bbox 493 1283 2008 1358">
    <p class='ocr_par' dir='ltr' id='par_1_14' title="bbox 493 1283 2008 1358">
     <span class='ocr_line' id='line_1_14' title="bbox 493 1283 2008 1358; baseline 0.005 -18"><span class='ocrx_word' id='word_1_87' title='bbox 493 1283 612 1340; x_wconf 87' lang='lat' dir='ltr'><strong>Col.</strong></span> <span class='ocrx_word' id='word_1_88' title='bbox 652 1283 775 1349; x_wconf 79' lang='lat'><strong>765,</strong></span> <span class='ocrx_word' id='word_1_89' title='bbox 799 1284 898 1340; x_wconf 90' lang='lat' dir='ltr'><strong>lin.</strong></span> <span class='ocrx_word' id='word_1_90' title='bbox 933 1284 1022 1340; x_wconf 69' lang='lat'><strong>54.</strong></span> <span class='ocrx_word' id='word_1_91' title='bbox 1052 1288 1154 1353; x_wconf 80' lang='grc' dir='ltr'>Εις</span> <span class='ocrx_word' id='word_1_92' title='bbox 1186 1287 1251 1341; x_wconf 80' lang='grc' dir='ltr'><strong>τὸ</strong></span> <span class='ocrx_word' id='word_1_93' title='bbox 1278 1288 1456 1357; x_wconf 78' lang='grc' dir='ltr'><strong>Σηεὶρ</strong></span> <span class='ocrx_word' id='word_1_94' title='bbox 1499 1288 1657 1358; x_wconf 79' lang='grc' dir='ltr'>ὅρος.</span> <span class='ocrx_word' id='word_1_95' title='bbox 1694 1288 1812 1346; x_wconf 82' lang='lat' dir='ltr'><strong>Non</strong></span> <span class='ocrx_word' id='word_1_96' title='bbox 1838 1292 2008 1348; x_wconf 89' lang='lat' dir='ltr'><strong>armis</strong></span> 
     </span>
    </p>
   </div>
   <div class='ocr_carea' id='block_1_15' title="bbox 420 1369 2006 1451">
    <p class='ocr_par' dir='ltr' id='par_1_15' title="bbox 420 1369 2006 1451">
     <span class='ocr_line' id='line_1_15' title="bbox 420 1369 2006 1451; baseline 0.003 -20"><span class='ocrx_word' id='word_1_97' title='bbox 420 1369 613 1431; x_wconf 78' lang='lat' dir='ltr'><strong>Iac.i|ii</strong></span> <span class='ocrx_word' id='word_1_98' title='bbox 646 1386 892 1440; x_wconf 88' lang='lat' dir='ltr'><strong>coactus,</strong></span> <span class='ocrx_word' id='word_1_99' title='bbox 926 1376 1024 1432; x_wconf 88' lang='lat' dir='ltr'><strong>sed</strong></span> <span class='ocrx_word' id='word_1_100' title='bbox 1058 1378 1130 1432; x_wconf 92' lang='lat' dir='ltr'><strong>ita</strong></span> <span class='ocrx_word' id='word_1_101' title='bbox 1177 1377 1288 1434; x_wconf 90' lang='lat' dir='ltr'><strong>Deo</strong></span> <span class='ocrx_word' id='word_1_102' title='bbox 1333 1389 1631 1446; x_wconf 75' lang='lat' dir='ltr'><strong>annuente,</strong></span> <span class='ocrx_word' id='word_1_103' title='bbox 1661 1392 1853 1451; x_wconf 88' lang='lat' dir='ltr'><strong>sponte</strong></span> <span class='ocrx_word' id='word_1_104' title='bbox 1885 1401 2006 1450; x_wconf 91' lang='lat' dir='ltr'><strong>sua,</strong></span> 
     </span>
    </p>
   </div>
   <div class='ocr_carea' id='block_1_16' title="bbox 423 1468 2011 1546">
    <p class='ocr_par' dir='ltr' id='par_1_16' title="bbox 423 1468 2011 1546">
     <span class='ocr_line' id='line_1_16' title="bbox 423 1468 2011 1546; baseline 0.004 -22"><span class='ocrx_word' id='word_1_105' title='bbox 423 1477 486 1524; x_wconf 85' lang='lat' dir='ltr'><strong>ut</strong></span> <span class='ocrx_word' id='word_1_106' title='bbox 519 1469 690 1525; x_wconf 90' lang='lat' dir='ltr'><strong>libera</strong></span> <span class='ocrx_word' id='word_1_107' title='bbox 738 1468 926 1525; x_wconf 79' lang='lat' dir='ltr'><strong>Jacobi</strong></span> <span class='ocrx_word' id='word_1_108' title='bbox 963 1473 1169 1540; x_wconf 81' lang='lat' dir='ltr'><strong>posteri</strong></span> <span class='ocrx_word' id='word_1_109' title='bbox 1197 1473 1503 1546; x_wconf 71' lang='lat' dir='ltr'><strong>Chananrea</strong></span> <span class='ocrx_word' id='word_1_110' title='bbox 1530 1475 1861 1544; x_wconf 84' lang='lat' dir='ltr'><strong>potirentur.</strong></span> <span class='ocrx_word' id='word_1_111' title='bbox 1897 1477 2011 1531; x_wconf 78' lang='lat' dir='ltr'><strong>Dis-</strong></span> 
     </span>
    </p>
   </div>
   <div class='ocr_carea' id='block_1_17' title="bbox 422 1563 2009 1635">
    <p class='ocr_par' dir='ltr' id='par_1_17' title="bbox 422 1563 2009 1635">
     <span class='ocr_line' id='line_1_17' title="bbox 422 1563 2009 1635; baseline 0.006 -20"><span class='ocrx_word' id='word_1_112' title='bbox 422 1567 668 1617; x_wconf 84' lang='lat' dir='ltr'><strong>cesserat</strong></span> <span class='ocrx_word' id='word_1_113' title='bbox 717 1563 869 1631; x_wconf 91' lang='lat' dir='ltr'><strong>prius</strong></span> <span class='ocrx_word' id='word_1_114' title='bbox 923 1564 1143 1635; x_wconf 83' lang='lat' dir='ltr'><strong>quidem</strong></span> <span class='ocrx_word' id='word_1_115' title='bbox 1193 1565 1338 1620; x_wconf 84' lang='lat' dir='ltr'><strong>Esau</strong></span> <span class='ocrx_word' id='word_1_116' title='bbox 1399 1567 1455 1621; x_wconf 89' lang='lat' dir='ltr'><strong>in</strong></span> <span class='ocrx_word' id='word_1_117' title='bbox 1507 1565 1663 1635; x_wconf 89' lang='lat' dir='ltr'><strong>Seir,</strong></span> <span class='ocrx_word' id='word_1_118' title='bbox 1748 1570 1844 1624; x_wconf 87' lang='lat' dir='ltr'><strong>sed</strong></span> <span class='ocrx_word' id='word_1_119' title='bbox 1897 1586 2009 1625; x_wconf 89' lang='lat' dir='ltr'><strong>non</strong></span> 
     </span>
    </p>
   </div>
   <div class='ocr_carea' id='block_1_18' title="bbox 424 1651 2005 1730">
    <p class='ocr_par' dir='ltr' id='par_1_18' title="bbox 424 1651 2005 1730">
     <span class='ocr_line' id='line_1_18' title="bbox 424 1651 2005 1730; baseline 0.006 -24"><span class='ocrx_word' id='word_1_120' title='bbox 424 1651 610 1706; x_wconf 81' lang='lat' dir='ltr'><strong>animo</strong></span> <span class='ocrx_word' id='word_1_121' title='bbox 662 1652 821 1724; x_wconf 87' lang='lat' dir='ltr'><strong>plane</strong></span> <span class='ocrx_word' id='word_1_122' title='bbox 869 1655 1162 1710; x_wconf 81' lang='lat' dir='ltr'><strong>deserendi</strong></span> <span class='ocrx_word' id='word_1_123' title='bbox 1204 1655 1604 1725; x_wconf 65' lang='lat' dir='ltr'><strong>Chananatam,</strong></span> <span class='ocrx_word' id='word_1_124' title='bbox 1653 1675 1825 1730; x_wconf 88' lang='lat' dir='ltr'><strong>quare</strong></span> <span class='ocrx_word' id='word_1_125' title='bbox 1879 1675 2005 1716; x_wconf 87' lang='lat' dir='ltr'><strong>cum</strong></span> 
     </span>
    </p>
   </div>
   <div class='ocr_carea' id='block_1_19' title="bbox 2106 445 3718 518">
    <p class='ocr_par' dir='ltr' id='par_1_19' title="bbox 2106 445 3718 518">
     <span class='ocr_line' id='line_1_19' title="bbox 2106 445 3718 518; baseline -0.006 -7"><span class='ocrx_word' id='word_1_126' title='bbox 2106 467 2307 518; x_wconf 62' lang='lat' dir='ltr'><strong>natum,</strong></span> <span class='ocrx_word' id='word_1_127' title='bbox 2340 451 2639 507; x_wconf 83' lang='lat' dir='ltr'><strong>Eusebium</strong></span> <span class='ocrx_word' id='word_1_128' title='bbox 2684 448 3107 512; x_wconf 73' lang='lat' dir='ltr'><strong>Caesariensem,</strong></span> <span class='ocrx_word' id='word_1_129' title='bbox 3145 447 3441 504; x_wconf 80' lang='lat' dir='ltr'><strong>Eusebium</strong></span> <span class='ocrx_word' id='word_1_130' title='bbox 3475 445 3718 503; x_wconf 82' lang='lat' dir='ltr'><strong>Emese-</strong></span> 
     </span>
    </p>
   </div>
   <div class='ocr_carea' id='block_1_20' title="bbox 2107 537 3720 614">
    <p class='ocr_par' dir='ltr' id='par_1_20' title="bbox 2107 537 3720 614">
     <span class='ocr_line' id='line_1_20' title="bbox 2107 537 3720 614; baseline -0.005 -14"><span class='ocrx_word' id='word_1_131' title='bbox 2107 561 2261 608; x_wconf 89' lang='lat' dir='ltr'><strong>nmn,</strong></span> <span class='ocrx_word' id='word_1_132' title='bbox 2296 543 2720 614; x_wconf 80' lang='lat' dir='ltr'><strong>Apollinarium,</strong></span> <span class='ocrx_word' id='word_1_133' title='bbox 2748 540 3116 596; x_wconf 84' lang='lat' dir='ltr'><strong>Eustathium.</strong></span> <span class='ocrx_word' id='word_1_134' title='bbox 3150 540 3528 612; x_wconf 80' lang='lat' dir='ltr'><strong>Hieronymus</strong></span> <span class='ocrx_word' id='word_1_135' title='bbox 3567 537 3720 595; x_wconf 67' lang='lat' dir='ltr'><strong>Tro-</strong></span> 
     </span>
    </p>
   </div>
   <div class='ocr_carea' id='block_1_21' title="bbox 2107 629 3716 702">
    <p class='ocr_par' dir='ltr' id='par_1_21' title="bbox 2107 629 3716 702">
     <span class='ocr_line' id='line_1_21' title="bbox 2107 629 3716 702; baseline -0.002 -13"><span class='ocrx_word' id='word_1_136' title='bbox 2107 636 2398 689; x_wconf 85' lang='lat' dir='ltr'><strong>ditionibus</strong></span> <span class='ocrx_word' id='word_1_137' title='bbox 2437 633 2717 690; x_wconf 76' lang='lat' dir='ltr'><strong>Hebraicis</strong></span> <span class='ocrx_word' id='word_1_138' title='bbox 2767 634 2829 686; x_wconf 91' lang='lat' dir='ltr'><strong>in</strong></span> <span class='ocrx_word' id='word_1_139' title='bbox 2881 629 3095 696; x_wconf 86' lang='lat' dir='ltr'><strong>Genes.,</strong></span> <span class='ocrx_word' id='word_1_140' title='bbox 3139 647 3262 702; x_wconf 85' lang='lat' dir='ltr'><strong>cap.</strong></span> <span class='ocrx_word' id='word_1_141' title='bbox 3294 631 3386 697; x_wconf 71' lang='lat'><strong>22,</strong></span> <span class='ocrx_word' id='word_1_142' title='bbox 3415 646 3548 686; x_wconf 88' lang='lat' dir='ltr'><strong>eum</strong></span> <span class='ocrx_word' id='word_1_143' title='bbox 3601 645 3716 685; x_wconf 88' lang='lat' dir='ltr'><strong>non</strong></span> 
     </span>
    </p>
   </div>
   <div class='ocr_carea' id='block_1_22' title="bbox 2109 723 3714 800">
    <p class='ocr_par' dir='ltr' id='par_1_22' title="bbox 2109 723 3714 800">
     <span class='ocr_line' id='line_1_22' title="bbox 2109 723 3714 800; baseline -0.005 -16"><span class='ocrx_word' id='word_1_144' title='bbox 2109 730 2178 786; x_wconf 84' lang='lat' dir='ltr'><strong>de</strong></span> <span class='ocrx_word' id='word_1_145' title='bbox 2206 745 2404 800; x_wconf 82' lang='lat' dir='ltr'><strong>genere</strong></span> <span class='ocrx_word' id='word_1_146' title='bbox 2436 728 2604 791; x_wconf 87' lang='lat' dir='ltr'><strong>Esau,</strong></span> <span class='ocrx_word' id='word_1_147' title='bbox 2656 726 2752 782; x_wconf 88' lang='lat' dir='ltr'><strong>sed</strong></span> <span class='ocrx_word' id='word_1_148' title='bbox 2783 727 2850 782; x_wconf 87' lang='lat' dir='ltr'><strong>de</strong></span> <span class='ocrx_word' id='word_1_149' title='bbox 2899 726 3071 796; x_wconf 86' lang='lat' dir='ltr'><strong>stirpe</strong></span> <span class='ocrx_word' id='word_1_150' title='bbox 3121 723 3338 779; x_wconf 73' lang='lat' dir='ltr'><strong>Nat-hor</strong></span> <span class='ocrx_word' id='word_1_151' title='bbox 3380 732 3714 795; x_wconf 83' lang='lat' dir='ltr'><strong>generatum</strong></span> 
     </span>
    </p>
   </div>
   <div class='ocr_carea' id='block_1_23' title="bbox 2110 815 3714 891">
    <p class='ocr_par' dir='ltr' id='par_1_23' title="bbox 2110 815 3714 891">
     <span class='ocr_line' id='line_1_23' title="bbox 2110 815 3714 891; baseline -0.006 -14"><span class='ocrx_word' id='word_1_152' title='bbox 2110 822 2410 886; x_wconf 78' lang='lat' dir='ltr'><strong>existimat,</strong></span> <span class='ocrx_word' id='word_1_153' title='bbox 2453 837 2615 891; x_wconf 86' lang='lat' dir='ltr'><strong>quem</strong></span> <span class='ocrx_word' id='word_1_154' title='bbox 2664 823 2912 890; x_wconf 86' lang='lat' dir='ltr'><strong>sequitur</strong></span> <span class='ocrx_word' id='word_1_155' title='bbox 2970 816 3252 887; x_wconf 80' lang='lat' dir='ltr'><strong>Rupertus</strong></span> <span class='ocrx_word' id='word_1_156' title='bbox 3315 817 3411 871; x_wconf 88' lang='lat' dir='ltr'><strong>lib.</strong></span> <span class='ocrx_word' id='word_1_157' title='bbox 3447 831 3504 870; x_wconf 72' lang='lat' dir='ltr'><strong>Vl</strong></span> <span class='ocrx_word' id='word_1_158' title='bbox 3535 815 3714 876; x_wconf 75' lang='lat' dir='ltr'><strong>Com-</strong></span> 
     </span>
    </p>
   </div>
   <div class='ocr_carea' id='block_1_24' title="bbox 2111 905 3713 977">
    <p class='ocr_par' dir='ltr' id='par_1_24' title="bbox 2111 905 3713 977">
     <span class='ocr_line' id='line_1_24' title="bbox 2111 905 3713 977; baseline -0.007 -5"><span class='ocrx_word' id='word_1_159' title='bbox 2111 923 2349 972; x_wconf 86' lang='lat' dir='ltr'><strong>mentar.</strong></span> <span class='ocrx_word' id='word_1_160' title='bbox 2394 918 2449 967; x_wconf 85' lang='lat' dir='ltr'><strong>in</strong></span> <span class='ocrx_word' id='word_1_161' title='bbox 2489 910 2705 976; x_wconf 50' lang='lat' dir='ltr'><strong>Cenes,</strong></span> <span class='ocrx_word' id='word_1_162' title='bbox 2737 911 2981 965; x_wconf 79' lang='lat' dir='ltr'><strong>Historia</strong></span> <span class='ocrx_word' id='word_1_163' title='bbox 3031 907 3386 971; x_wconf 82' lang='lat' dir='ltr'><strong>Scholastica,</strong></span> <span class='ocrx_word' id='word_1_164' title='bbox 3432 922 3560 977; x_wconf 80' lang='lat' dir='ltr'><strong>cap.</strong></span> <span class='ocrx_word' id='word_1_165' title='bbox 3620 905 3713 969; x_wconf 86' lang='lat'><strong>58;</strong></span> 
     </span>
    </p>
   </div>
   <div class='ocr_carea' id='block_1_25' title="bbox 2111 998 3712 1077">
    <p class='ocr_par' dir='ltr' id='par_1_25' title="bbox 2111 998 3712 1077">
     <span class='ocr_line' id='line_1_25' title="bbox 2111 998 3712 1077; baseline -0.007 -15"><span class='ocrx_word' id='word_1_166' title='bbox 2111 1015 2167 1063; x_wconf 89' lang='lat' dir='ltr'><strong>et</strong></span> <span class='ocrx_word' id='word_1_167' title='bbox 2199 1006 2484 1077; x_wconf 75' lang='lat' dir='ltr'><strong>Philippus</strong></span> <span class='ocrx_word' id='word_1_168' title='bbox 2509 1006 2820 1076; x_wconf 82' lang='lat' dir='ltr'><strong>presbyter,</strong></span> <span class='ocrx_word' id='word_1_169' title='bbox 2843 1004 2936 1074; x_wconf 90' lang='lat' dir='ltr'><strong>qui</strong></span> <span class='ocrx_word' id='word_1_170' title='bbox 2971 1003 3136 1073; x_wconf 90' lang='lat' dir='ltr'><strong>paulo</strong></span> <span class='ocrx_word' id='word_1_171' title='bbox 3159 1009 3278 1070; x_wconf 91' lang='lat' dir='ltr'><strong>post</strong></span> <span class='ocrx_word' id='word_1_172' title='bbox 3310 998 3712 1070; x_wconf 76' lang='lat' dir='ltr'><strong>Hieronymum</strong></span> 
     </span>
    </p>
   </div>
   <div class='ocr_carea' id='block_1_26' title="bbox 2115 1087 3716 1168">
    <p class='ocr_par' dir='ltr' id='par_1_26' title="bbox 2115 1087 3716 1168">
     <span class='ocr_line' id='line_1_26' title="bbox 2115 1087 3716 1168; baseline -0.008 -14"><span class='ocrx_word' id='word_1_173' title='bbox 2115 1100 2341 1168; x_wconf 85' lang='lat' dir='ltr'><strong>scripsit</strong></span> <span class='ocrx_word' id='word_1_174' title='bbox 2376 1101 2430 1151; x_wconf 91' lang='lat' dir='ltr'><strong>in</strong></span> <span class='ocrx_word' id='word_1_175' title='bbox 2465 1099 2609 1150; x_wconf 84' lang='lat' dir='ltr'><strong>hunc</strong></span> <span class='ocrx_word' id='word_1_176' title='bbox 2653 1102 2998 1166; x_wconf 76' lang='lat' dir='ltr'><strong>prophetam,</strong></span> <span class='ocrx_word' id='word_1_177' title='bbox 3041 1093 3122 1147; x_wconf 89' lang='lat' dir='ltr'><strong>sic</strong></span> <span class='ocrx_word' id='word_1_178' title='bbox 3173 1093 3290 1146; x_wconf 80' lang='lat' dir='ltr'><strong>ait:</strong></span> <span class='ocrx_word' id='word_1_179' title='bbox 3322 1088 3467 1145; x_wconf 79' lang='lat' dir='ltr'><strong>Chiis</strong></span> <span class='ocrx_word' id='word_1_180' title='bbox 3511 1099 3562 1143; x_wconf 90' lang='lat' dir='ltr'><strong>et</strong></span> <span class='ocrx_word' id='word_1_181' title='bbox 3598 1087 3716 1143; x_wconf 77' lang='lat' dir='ltr'><strong>Bas</strong></span> 
     </span>
    </p>
   </div>
   <div class='ocr_carea' id='block_1_27' title="bbox 2114 1182 3716 1262">
    <p class='ocr_par' dir='ltr' id='par_1_27' title="bbox 2114 1182 3716 1262">
     <span class='ocr_line' id='line_1_27' title="bbox 2114 1182 3716 1262; baseline -0.006 -17"><span class='ocrx_word' id='word_1_182' title='bbox 2114 1193 2216 1262; x_wconf 79' lang='lat' dir='ltr'><strong>ﬁlii</strong></span> <span class='ocrx_word' id='word_1_183' title='bbox 2243 1192 2390 1261; x_wconf 80' lang='lat' dir='ltr'><strong>fuere</strong></span> <span class='ocrx_word' id='word_1_184' title='bbox 2420 1189 2641 1244; x_wconf 82' lang='lat' dir='ltr'><strong>Naehor</strong></span> <span class='ocrx_word' id='word_1_185' title='bbox 2672 1189 2861 1259; x_wconf 80' lang='lat' dir='ltr'><strong>fratris</strong></span> <span class='ocrx_word' id='word_1_186' title='bbox 2895 1185 3125 1242; x_wconf 73' lang='lat' dir='ltr'><strong>Abraha:</strong></span> <span class='ocrx_word' id='word_1_187' title='bbox 3148 1185 3311 1256; x_wconf 78' lang='lat' dir='ltr'><strong>juxta</strong></span> <span class='ocrx_word' id='word_1_188' title='bbox 3339 1185 3502 1255; x_wconf 80' lang='lat' dir='ltr'><strong>fidem</strong></span> <span class='ocrx_word' id='word_1_189' title='bbox 3535 1182 3716 1236; x_wconf 72' lang='lat' dir='ltr'><strong>Gene-</strong></span> 
     </span>
    </p>
   </div>
   <div class='ocr_carea' id='block_1_28' title="bbox 2115 1276 3716 1347">
    <p class='ocr_par' dir='ltr' id='par_1_28' title="bbox 2115 1276 3716 1347">
     <span class='ocr_line' id='line_1_28' title="bbox 2115 1276 3716 1347; baseline -0.007 -7"><span class='ocrx_word' id='word_1_190' title='bbox 2115 1303 2230 1340; x_wconf 85' lang='lat' dir='ltr'><strong>seos</strong></span> <span class='ocrx_word' id='word_1_191' title='bbox 2263 1285 2407 1347; x_wconf 83' lang='lat' dir='ltr'><strong>libri,</strong></span> <span class='ocrx_word' id='word_1_192' title='bbox 2435 1284 2547 1337; x_wconf 88' lang='lat' dir='ltr'><strong>nati</strong></span> <span class='ocrx_word' id='word_1_193' title='bbox 2576 1282 2640 1336; x_wconf 87' lang='lat' dir='ltr'><strong>de</strong></span> <span class='ocrx_word' id='word_1_194' title='bbox 2663 1281 2871 1336; x_wconf 74' lang='lat' dir='ltr'><strong>Melcha</strong></span> <span class='ocrx_word' id='word_1_195' title='bbox 2909 1297 3094 1336; x_wconf 87' lang='lat' dir='ltr'><strong>sorore</strong></span> <span class='ocrx_word' id='word_1_196' title='bbox 3134 1279 3289 1334; x_wconf 79' lang='lat' dir='ltr'><strong>Sara:</strong></span> <span class='ocrx_word' id='word_1_197' title='bbox 3313 1295 3332 1332; x_wconf 93' lang='lat'><strong><em>:</em></strong></span> <span class='ocrx_word' id='word_1_198' title='bbox 3351 1276 3613 1332; x_wconf 79' lang='lat' dir='ltr'><strong>credibile</strong></span> <span class='ocrx_word' id='word_1_199' title='bbox 3639 1277 3716 1330; x_wconf 79' lang='lat' dir='ltr'><strong>ri-</strong></span> 
     </span>
    </p>
   </div>
   <div class='ocr_carea' id='block_1_29' title="bbox 2115 1369 3716 1446">
    <p class='ocr_par' dir='ltr' id='par_1_29' title="bbox 2115 1369 3716 1446">
     <span class='ocr_line' id='line_1_29' title="bbox 2115 1369 3716 1446; baseline -0.004 -16"><span class='ocrx_word' id='word_1_200' title='bbox 2115 1377 2228 1430; x_wconf 89' lang='lat' dir='ltr'><strong>deri</strong></span> <span class='ocrx_word' id='word_1_201' title='bbox 2252 1387 2416 1446; x_wconf 79' lang='lat' dir='ltr'><strong>poest</strong></span> <span class='ocrx_word' id='word_1_202' title='bbox 2449 1387 2504 1428; x_wconf 87' lang='lat' dir='ltr'><strong>nt</strong></span> <span class='ocrx_word' id='word_1_203' title='bbox 2541 1376 2596 1429; x_wconf 86' lang='lat' dir='ltr'><strong>in</strong></span> <span class='ocrx_word' id='word_1_204' title='bbox 2621 1387 2762 1429; x_wconf 77' lang='lat' dir='ltr'><strong>terra</strong></span> <span class='ocrx_word' id='word_1_205' title='bbox 2791 1391 2908 1446; x_wconf 65' lang='lat' dir='ltr'><strong>qua;</strong></span> <span class='ocrx_word' id='word_1_206' title='bbox 2936 1389 3000 1428; x_wconf 83' lang='lat' dir='ltr'><strong>ea:</strong></span> <span class='ocrx_word' id='word_1_207' title='bbox 3027 1385 3306 1443; x_wconf 86' lang='lat' dir='ltr'><strong>parentum</strong></span> <span class='ocrx_word' id='word_1_208' title='bbox 3327 1371 3541 1424; x_wconf 85' lang='lat' dir='ltr'><strong>nomine</strong></span> <span class='ocrx_word' id='word_1_209' title='bbox 3560 1369 3716 1423; x_wconf 82' lang='lat' dir='ltr'><strong>dicta</strong></span> 
     </span>
    </p>
   </div>
   <div class='ocr_carea' id='block_1_30' title="bbox 2115 1462 3714 1533">
    <p class='ocr_par' dir='ltr' id='par_1_30' title="bbox 2115 1462 3714 1533">
     <span class='ocr_line' id='line_1_30' title="bbox 2115 1462 3714 1533; baseline -0.006 -8"><span class='ocrx_word' id='word_1_210' title='bbox 2115 1481 2214 1533; x_wconf 87' lang='lat' dir='ltr'><strong>est,</strong></span> <span class='ocrx_word' id='word_1_211' title='bbox 2242 1473 2322 1524; x_wconf 81' lang='lat' dir='ltr'><strong>vir</strong></span> <span class='ocrx_word' id='word_1_212' title='bbox 2351 1471 2441 1523; x_wconf 85' lang='lat' dir='ltr'><strong>ille</strong></span> <span class='ocrx_word' id='word_1_213' title='bbox 2475 1478 2689 1522; x_wconf 82' lang='lat' dir='ltr'><strong>sanctus</strong></span> <span class='ocrx_word' id='word_1_214' title='bbox 2719 1467 3032 1521; x_wconf 78' lang='lat' dir='ltr'><strong>habitaverit</strong></span> <span class='ocrx_word' id='word_1_215' title='bbox 3060 1482 3078 1520; x_wconf 91' lang='lat'><strong><em>:</em></strong></span> <span class='ocrx_word' id='word_1_216' title='bbox 3109 1474 3158 1519; x_wconf 91' lang='lat' dir='ltr'><strong>et</strong></span> <span class='ocrx_word' id='word_1_217' title='bbox 3202 1480 3315 1518; x_wconf 84' lang='lat' dir='ltr'><strong>esse</strong></span> <span class='ocrx_word' id='word_1_218' title='bbox 3341 1463 3494 1517; x_wconf 85' lang='lat' dir='ltr'><strong>illum</strong></span> <span class='ocrx_word' id='word_1_219' title='bbox 3531 1462 3714 1531; x_wconf 68' lang='lat' dir='ltr'><strong>potius</strong></span> 
     </span>
    </p>
   </div>
   <div class='ocr_carea' id='block_1_31' title="bbox 2117 1554 3711 1633">
    <p class='ocr_par' dir='ltr' id='par_1_31' title="bbox 2117 1554 3711 1633">
     <span class='ocr_line' id='line_1_31' title="bbox 2117 1554 3711 1633; baseline -0.006 -17"><span class='ocrx_word' id='word_1_220' title='bbox 2117 1562 2180 1616; x_wconf 88' lang='lat' dir='ltr'><strong>de</strong></span> <span class='ocrx_word' id='word_1_221' title='bbox 2215 1579 2396 1633; x_wconf 80' lang='lat' dir='ltr'><strong>genere</strong></span> <span class='ocrx_word' id='word_1_222' title='bbox 2428 1560 2662 1623; x_wconf 84' lang='lat' dir='ltr'><strong>Nachor,</strong></span> <span class='ocrx_word' id='word_1_223' title='bbox 2697 1575 2800 1613; x_wconf 90' lang='lat' dir='ltr'><strong>non</strong></span> <span class='ocrx_word' id='word_1_224' title='bbox 2827 1559 2892 1612; x_wconf 83' lang='lat' dir='ltr'><strong>de</strong></span> <span class='ocrx_word' id='word_1_225' title='bbox 2936 1557 3080 1612; x_wconf 75' lang='lat' dir='ltr'><strong>Esau</strong></span> <span class='ocrx_word' id='word_1_226' title='bbox 3117 1554 3316 1626; x_wconf 84' lang='lat' dir='ltr'><strong>origine</strong></span> <span class='ocrx_word' id='word_1_227' title='bbox 3342 1563 3711 1621; x_wconf 78' lang='lat' dir='ltr'><strong>procreatum,</strong></span> 
     </span>
    </p>
   </div>
   <div class='ocr_carea' id='block_1_32' title="bbox 2119 1646 3710 1723">
    <p class='ocr_par' dir='ltr' id='par_1_32' title="bbox 2119 1646 3710 1723">
     <span class='ocr_line' id='line_1_32' title="bbox 2119 1646 3710 1723; baseline -0.007 -14"><span class='ocrx_word' id='word_1_228' title='bbox 2119 1656 2252 1710; x_wconf 83' lang='lat' dir='ltr'><strong>sicut</strong></span> <span class='ocrx_word' id='word_1_229' title='bbox 2275 1655 2491 1723; x_wconf 82' lang='lat' dir='ltr'><strong>quidam</strong></span> <span class='ocrx_word' id='word_1_230' title='bbox 2533 1652 2774 1720; x_wconf 77' lang='lat' dir='ltr'><strong>opinione</strong></span> <span class='ocrx_word' id='word_1_231' title='bbox 2800 1650 2963 1703; x_wconf 88' lang='lat' dir='ltr'><strong>dubia</strong></span> <span class='ocrx_word' id='word_1_232' title='bbox 2995 1651 3354 1718; x_wconf 83' lang='lat' dir='ltr'><strong>suspicantur.</strong></span> <span class='ocrx_word' id='word_1_233' title='bbox 3377 1646 3486 1718; x_wconf 36' lang='lat' dir='ltr'><strong>.llli</strong></span> <span class='ocrx_word' id='word_1_234' title='bbox 3519 1654 3710 1699; x_wconf 73' lang='lat' dir='ltr'><strong>autem</strong></span> 
     </span>
    </p>
   </div>
   <div class='ocr_carea' id='block_1_33' title="bbox 423 1739 3712 1822">
    <p class='ocr_par' dir='ltr' id='par_1_33' title="bbox 423 1739 3712 1822">
     <span class='ocr_line' id='line_1_33' title="bbox 423 1739 3712 1822; baseline -0.002 -23"><span class='ocrx_word' id='word_1_235' title='bbox 423 1751 542 1800; x_wconf 87' lang='lat' dir='ltr'><strong>tota</strong></span> <span class='ocrx_word' id='word_1_236' title='bbox 572 1746 774 1800; x_wconf 80' lang='lat' dir='ltr'><strong>familia</strong></span> <span class='ocrx_word' id='word_1_237' title='bbox 808 1747 1067 1805; x_wconf 86' lang='lat' dir='ltr'><strong>redierat.</strong></span> <span class='ocrx_word' id='word_1_238' title='bbox 1116 1745 1222 1803; x_wconf 73' lang='lat' dir='ltr'><strong>Sed</strong></span> <span class='ocrx_word' id='word_1_239' title='bbox 1254 1758 1476 1820; x_wconf 82' lang='lat' dir='ltr'><strong>propter</strong></span> <span class='ocrx_word' id='word_1_240' title='bbox 1502 1765 1729 1822; x_wconf 80' lang='lat' dir='ltr'><strong>gregum</strong></span> <span class='ocrx_word' id='word_1_241' title='bbox 1757 1753 2003 1807; x_wconf 91' lang='lat' dir='ltr'><strong>multitu—</strong></span> <span class='ocrx_word' id='word_1_242' title='bbox 2035 1742 2078 1798; x_wconf 86' lang='grc' dir='ltr'>Β</span> <span class='ocrx_word' id='word_1_243' title='bbox 2107 1759 2212 1802; x_wconf 84' lang='lat' dir='ltr'><strong>lrcs</strong></span> <span class='ocrx_word' id='word_1_244' title='bbox 2242 1763 2384 1816; x_wconf 83' lang='lat' dir='ltr'><strong>reges</strong></span> <span class='ocrx_word' id='word_1_245' title='bbox 2415 1745 2479 1798; x_wconf 87' lang='lat' dir='ltr'><strong>de</strong></span> <span class='ocrx_word' id='word_1_246' title='bbox 2514 1761 2697 1816; x_wconf 81' lang='lat' dir='ltr'><strong>genere</strong></span> <span class='ocrx_word' id='word_1_247' title='bbox 2735 1745 2947 1811; x_wconf 84' lang='lat' dir='ltr'><strong>[uerunt</strong></span> <span class='ocrx_word' id='word_1_248' title='bbox 2989 1741 3156 1796; x_wconf 82' lang='lat' dir='ltr'><strong>Esau.</strong></span> <span class='ocrx_word' id='word_1_249' title='bbox 3221 1741 3284 1795; x_wconf 84' lang='lat' dir='ltr'><strong>Et</strong></span> <span class='ocrx_word' id='word_1_250' title='bbox 3331 1739 3712 1810; x_wconf 79' lang='lat' dir='ltr'><strong>Hieronymus</strong></span> 
     </span>
    </p>
   </div>
   <div class='ocr_carea' id='block_1_34' title="bbox 425 1833 2000 1914">
    <p class='ocr_par' dir='ltr' id='par_1_34' title="bbox 425 1833 2000 1914">
     <span class='ocr_line' id='line_1_34' title="bbox 425 1833 2000 1914; baseline 0.006 -24"><span class='ocrx_word' id='word_1_251' title='bbox 425 1833 608 1891; x_wconf 88' lang='lat' dir='ltr'><strong>dinem</strong></span> <span class='ocrx_word' id='word_1_252' title='bbox 639 1844 694 1892; x_wconf 91' lang='lat' dir='ltr'><strong>et</strong></span> <span class='ocrx_word' id='word_1_253' title='bbox 739 1839 1045 1908; x_wconf 77' lang='lat' dir='ltr'><strong>angustiam</strong></span> <span class='ocrx_word' id='word_1_254' title='bbox 1091 1855 1422 1911; x_wconf 80' lang='lat' dir='ltr'><strong>pascuorum</strong></span> <span class='ocrx_word' id='word_1_255' title='bbox 1467 1852 1675 1898; x_wconf 90' lang='lat' dir='ltr'><strong>mutata</strong></span> <span class='ocrx_word' id='word_1_256' title='bbox 1704 1846 2000 1914; x_wconf 83' lang='lat' dir='ltr'><strong>sententia,</strong></span> 
     </span>
    </p>
   </div>
   <div class='ocr_carea' id='block_1_35' title="bbox 423 1926 2002 2003">
    <p class='ocr_par' dir='ltr' id='par_1_35' title="bbox 423 1926 2002 2003">
     <span class='ocr_line' id='line_1_35' title="bbox 423 1926 2002 2003; baseline 0.004 -23"><span class='ocrx_word' id='word_1_257' title='bbox 423 1926 720 1981; x_wconf 81' lang='lat' dir='ltr'><strong>revertitur</strong></span> <span class='ocrx_word' id='word_1_258' title='bbox 759 1942 828 1983; x_wconf 88' lang='lat' dir='ltr'><strong>eo</strong></span> <span class='ocrx_word' id='word_1_259' title='bbox 887 1927 1032 1984; x_wconf 85' lang='lat' dir='ltr'><strong>unde</strong></span> <span class='ocrx_word' id='word_1_260' title='bbox 1073 1938 1318 1986; x_wconf 75' lang='lat' dir='ltr'><strong>venerat.</strong></span> <span class='ocrx_word' id='word_1_261' title='bbox 1362 1931 1493 1986; x_wconf 77' lang='lat' dir='ltr'><strong>Vide</strong></span> <span class='ocrx_word' id='word_1_262' title='bbox 1535 1932 1762 2003; x_wconf 81' lang='lat' dir='ltr'><strong>August.</strong></span> <span class='ocrx_word' id='word_1_263' title='bbox 1810 1942 2002 2002; x_wconf 70' lang='lat' dir='ltr'><strong>quaest.</strong></span> 
     </span>
    </p>
   </div>
   <div class='ocr_carea' id='block_1_36' title="bbox 423 2016 553 2074">
    <p class='ocr_par' dir='ltr' id='par_1_36' title="bbox 423 2016 553 2074">
     <span class='ocr_line' id='line_1_36' title="bbox 423 2016 553 2074; baseline 0.008 -1"><span class='ocrx_word' id='word_1_264' title='bbox 423 2016 553 2074; x_wconf 69' lang='grc' dir='ltr'><strong>ΗΘ.</strong></span> 
     </span>
    </p>
   </div>
   <div class='ocr_carea' id='block_1_37' title="bbox 496 2101 2009 2184">
    <p class='ocr_par' dir='ltr' id='par_1_37' title="bbox 496 2101 2009 2184">
     <span class='ocr_line' id='line_1_37' title="bbox 496 2101 2009 2184; baseline 0.004 -20"><span class='ocrx_word' id='word_1_265' title='bbox 496 2109 613 2164; x_wconf 86' lang='lat' dir='ltr'><strong>Col.</strong></span> <span class='ocrx_word' id='word_1_266' title='bbox 648 2109 773 2174; x_wconf 88' lang='lat'><strong>768,</strong></span> <span class='ocrx_word' id='word_1_267' title='bbox 820 2111 918 2166; x_wconf 91' lang='lat' dir='ltr'><strong>lin.</strong></span> <span class='ocrx_word' id='word_1_268' title='bbox 950 2110 1007 2168; x_wconf 87' lang='lat'><strong>6.</strong></span> <span class='ocrx_word' id='word_1_269' title='bbox 1049 2111 1154 2166; x_wconf 82' lang='grc' dir='ltr'><strong>Ἑν</strong></span> <span class='ocrx_word' id='word_1_270' title='bbox 1185 2101 1275 2177; x_wconf 77' lang='grc' dir='ltr'>οἷς</span> <span class='ocrx_word' id='word_1_271' title='bbox 1303 2108 1382 2182; x_wconf 80' lang='grc' dir='ltr'>ἦν</span> <span class='ocrx_word' id='word_1_272' title='bbox 1415 2110 1535 2166; x_wconf 74' lang='grc' dir='ltr'><strong>καί.</strong></span> <span class='ocrx_word' id='word_1_273' title='bbox 1570 2111 1863 2184; x_wconf 84' lang='lat' dir='ltr'><strong>Iosephus,</strong></span> <span class='ocrx_word' id='word_1_274' title='bbox 1892 2115 2009 2170; x_wconf 80' lang='lat' dir='ltr'><strong>An-</strong></span> 
     </span>
    </p>
   </div>
   <div class='ocr_carea' id='block_1_38' title="bbox 427 2201 2010 2280">
    <p class='ocr_par' dir='ltr' id='par_1_38' title="bbox 427 2201 2010 2280">
     <span class='ocr_line' id='line_1_38' title="bbox 427 2201 2010 2280; baseline 0.002 -23"><span class='ocrx_word' id='word_1_275' title='bbox 427 2203 522 2274; x_wconf 72' lang='lat' dir='ltr'><strong>tig.</strong></span> <span class='ocrx_word' id='word_1_276' title='bbox 553 2202 648 2259; x_wconf 87' lang='lat' dir='ltr'><strong>lib.</strong></span> <span class='ocrx_word' id='word_1_277' title='bbox 683 2218 721 2256; x_wconf 87' lang='lat' dir='ltr'><strong>tl</strong></span> <span class='ocrx_word' id='word_1_278' title='bbox 748 2221 762 2258; x_wconf 89' lang='lat'>:</span> <span class='ocrx_word' id='word_1_279' title='bbox 793 2203 1102 2275; x_wconf 79' lang='grc' dir='ltr'><strong>’Δμάληκος</strong></span> <span class='ocrx_word' id='word_1_280' title='bbox 1125 2203 1236 2274; x_wconf 81' lang='grc' dir='ltr'><strong>γὰρ</strong></span> <span class='ocrx_word' id='word_1_281' title='bbox 1267 2205 1418 2269; x_wconf 77' lang='grc' dir='ltr'>νόθος</span> <span class='ocrx_word' id='word_1_282' title='bbox 1448 2201 1518 2277; x_wconf 77' lang='grc' dir='ltr'>ἦν</span> <span class='ocrx_word' id='word_1_283' title='bbox 1550 2205 1831 2279; x_wconf 80' lang='grc' dir='ltr'><strong>παλλακῆς</strong></span> <span class='ocrx_word' id='word_1_284' title='bbox 1862 2207 2010 2280; x_wconf 82' lang='grc' dir='ltr'><strong>αὐτῷ</strong></span> 
     </span>
    </p>
   </div>
   <div class='ocr_carea' id='block_1_39' title="bbox 425 2289 2010 2371">
    <p class='ocr_par' dir='ltr' id='par_1_39' title="bbox 425 2289 2010 2371">
     <span class='ocr_line' id='line_1_39' title="bbox 425 2289 2010 2371; baseline 0.006 -27"><span class='ocrx_word' id='word_1_285' title='bbox 425 2289 666 2363; x_wconf 73' lang='grc' dir='ltr'>γεγονὼς</span> <span class='ocrx_word' id='word_1_286' title='bbox 723 2291 984 2364; x_wconf 77' lang='grc' dir='ltr'><strong>Θαμνάης</strong></span> <span class='ocrx_word' id='word_1_287' title='bbox 1049 2293 1242 2365; x_wconf 73' lang='grc' dir='ltr'>ὄνομα.</span> <span class='ocrx_word' id='word_1_288' title='bbox 1304 2289 1464 2348; x_wconf 77' lang='grc' dir='ltr'>Οὗτοι</span> <span class='ocrx_word' id='word_1_289' title='bbox 1523 2295 1852 2368; x_wconf 80' lang='grc' dir='ltr'><strong>κατῴκησαν</strong></span> <span class='ocrx_word' id='word_1_290' title='bbox 1909 2299 2010 2371; x_wconf 81' lang='grc' dir='ltr'><strong>τῆς</strong></span> 
     </span>
    </p>
   </div>
   <div class='ocr_carea' id='block_1_40' title="bbox 438 2382 2012 2464">
    <p class='ocr_par' dir='ltr' id='par_1_40' title="bbox 438 2382 2012 2464">
     <span class='ocr_line' id='line_1_40' title="bbox 438 2382 2012 2464; baseline 0.004 -24"><span class='ocrx_word' id='word_1_291' title='bbox 438 2382 745 2456; x_wconf 77' lang='grc' dir='ltr'><strong>Ἰδουμαίας</strong></span> <span class='ocrx_word' id='word_1_292' title='bbox 795 2386 894 2458; x_wconf 79' lang='grc' dir='ltr'><strong>τὴν</strong></span> <span class='ocrx_word' id='word_1_293' title='bbox 939 2386 1213 2440; x_wconf 76' lang='grc' dir='ltr'>Γοϐολῖτιν</span> <span class='ocrx_word' id='word_1_294' title='bbox 1266 2385 1588 2460; x_wconf 80' lang='grc' dir='ltr'>λεγομένην.</span> <span class='ocrx_word' id='word_1_295' title='bbox 1622 2391 1717 2443; x_wconf 74' lang='grc' dir='ltr'><strong>καὶ</strong></span> <span class='ocrx_word' id='word_1_296' title='bbox 1762 2391 1862 2464; x_wconf 81' lang='grc' dir='ltr'><strong>τὴν</strong></span> <span class='ocrx_word' id='word_1_297' title='bbox 1903 2392 2012 2446; x_wconf 78' lang='grc' dir='ltr'><strong>ἀπὸ</strong></span> 
     </span>
    </p>
   </div>
   <div class='ocr_carea' id='block_1_41' title="bbox 441 2476 2010 2557">
    <p class='ocr_par' dir='ltr' id='par_1_41' title="bbox 441 2476 2010 2557">
     <span class='ocr_line' id='line_1_41' title="bbox 441 2476 2010 2557; baseline 0.005 -26"><span class='ocrx_word' id='word_1_298' title='bbox 441 2476 750 2550; x_wconf 70' lang='grc' dir='ltr'>Ἀμαλήκου</span> <span class='ocrx_word' id='word_1_299' title='bbox 801 2476 1093 2550; x_wconf 78' lang='grc' dir='ltr'>κληθεῖσαν</span> <span class='ocrx_word' id='word_1_300' title='bbox 1134 2479 1506 2551; x_wconf 77' lang='grc' dir='ltr'>Ἀμαληκῖτιν.</span> <span class='ocrx_word' id='word_1_301' title='bbox 1549 2482 1724 2555; x_wconf 80' lang='grc' dir='ltr'>Πολλὴ</span> <span class='ocrx_word' id='word_1_302' title='bbox 1768 2483 1877 2557; x_wconf 81' lang='grc' dir='ltr'><strong>γὰρ</strong></span> <span class='ocrx_word' id='word_1_303' title='bbox 1915 2502 2010 2554; x_wconf 80' lang='grc' dir='ltr'><strong>γε-</strong></span> 
     </span>
    </p>
   </div>
   <div class='ocr_carea' id='block_1_42' title="bbox 426 2570 2012 2646">
    <p class='ocr_par' dir='ltr' id='par_1_42' title="bbox 426 2570 2012 2646">
     <span class='ocr_line' id='line_1_42' title="bbox 426 2570 2012 2646; baseline 0.003 -21"><span class='ocrx_word' id='word_1_304' title='bbox 426 2571 632 2641; x_wconf 74' lang='grc' dir='ltr'>νομένη</span> <span class='ocrx_word' id='word_1_305' title='bbox 664 2570 786 2624; x_wconf 79' lang='grc' dir='ltr'><strong>τότε</strong></span> <span class='ocrx_word' id='word_1_306' title='bbox 817 2573 852 2641; x_wconf 74' lang='grc' dir='ltr'>ἡ</span> <span class='ocrx_word' id='word_1_307' title='bbox 905 2570 1196 2643; x_wconf 79' lang='grc' dir='ltr'><strong>Ἰδουμαία,</strong></span> <span class='ocrx_word' id='word_1_308' title='bbox 1225 2572 1345 2626; x_wconf 86' lang='grc' dir='ltr'><strong>τότε</strong></span> <span class='ocrx_word' id='word_1_309' title='bbox 1380 2573 1558 2646; x_wconf 78' lang='grc' dir='ltr'>πάσης</span> <span class='ocrx_word' id='word_1_310' title='bbox 1598 2575 1767 2646; x_wconf 83' lang='grc' dir='ltr'>αὐτῆς</span> <span class='ocrx_word' id='word_1_311' title='bbox 1796 2577 2012 2630; x_wconf 81' lang='grc' dir='ltr'><strong>ἀπέσω-</strong></span> 
     </span>
    </p>
   </div>
   <div class='ocr_carea' id='block_1_43' title="bbox 430 2658 2010 2740">
    <p class='ocr_par' dir='ltr' id='par_1_43' title="bbox 430 2658 2010 2740">
     <span class='ocr_line' id='line_1_43' title="bbox 430 2658 2010 2740; baseline 0.004 -24"><span class='ocrx_word' id='word_1_312' title='bbox 430 2658 524 2725; x_wconf 77' lang='grc' dir='ltr'>ζεν</span> <span class='ocrx_word' id='word_1_313' title='bbox 555 2661 743 2734; x_wconf 71' lang='grc' dir='ltr'>ὄνομα,</span> <span class='ocrx_word' id='word_1_314' title='bbox 777 2663 871 2716; x_wconf 70' lang='grc' dir='ltr'><strong>καὶ</strong></span> <span class='ocrx_word' id='word_1_315' title='bbox 904 2665 1016 2726; x_wconf 83' lang='grc' dir='ltr'>τοῖς</span> <span class='ocrx_word' id='word_1_316' title='bbox 1069 2663 1260 2735; x_wconf 81' lang='grc' dir='ltr'>μέρεσι</span> <span class='ocrx_word' id='word_1_317' title='bbox 1295 2664 1394 2729; x_wconf 75' lang='grc' dir='ltr'>τὰς</span> <span class='ocrx_word' id='word_1_318' title='bbox 1435 2665 1543 2719; x_wconf 84' lang='grc' dir='ltr'><strong>ἀπὸ</strong></span> <span class='ocrx_word' id='word_1_319' title='bbox 1571 2665 1681 2720; x_wconf 84' lang='grc' dir='ltr'>τῶν</span> <span class='ocrx_word' id='word_1_320' title='bbox 1710 2669 2010 2740; x_wconf 79' lang='grc' dir='ltr'><strong>οἰκητόρων</strong></span> 
     </span>
    </p>
   </div>
   <div class='ocr_carea' id='block_1_44' title="bbox 428 2753 1136 2828">
    <p class='ocr_par' dir='ltr' id='par_1_44' title="bbox 428 2753 1136 2828">
     <span class='ocr_line' id='line_1_44' title="bbox 428 2753 1136 2828; baseline 0.003 -22"><span class='ocrx_word' id='word_1_321' title='bbox 428 2753 803 2828; x_wconf 68' lang='grc' dir='ltr'>προσηγορίας</span> <span class='ocrx_word' id='word_1_322' title='bbox 829 2753 1136 2822; x_wconf 75' lang='grc' dir='ltr'><strong>διεφύλαξε.</strong></span> 
     </span>
    </p>
   </div>
   <div class='ocr_carea' id='block_1_45' title="bbox 501 2842 2010 2918">
    <p class='ocr_par' dir='ltr' id='par_1_45' title="bbox 501 2842 2010 2918">
     <span class='ocr_line' id='line_1_45' title="bbox 501 2842 2010 2918; baseline 0.004 -18"><span class='ocrx_word' id='word_1_323' title='bbox 501 2844 664 2911; x_wconf 88' lang='lat' dir='ltr'><strong>lbid.,</strong></span> <span class='ocrx_word' id='word_1_324' title='bbox 705 2847 801 2899; x_wconf 89' lang='lat' dir='ltr'><strong>lin.</strong></span> <span class='ocrx_word' id='word_1_325' title='bbox 841 2845 924 2900; x_wconf 91' lang='lat' dir='ltr'><strong>l9.</strong></span> <span class='ocrx_word' id='word_1_326' title='bbox 962 2848 1067 2912; x_wconf 86' lang='grc' dir='ltr'>Ὃς</span> <span class='ocrx_word' id='word_1_327' title='bbox 1092 2842 1272 2915; x_wconf 77' lang='grc' dir='ltr'><strong>εὗρεν</strong></span> <span class='ocrx_word' id='word_1_328' title='bbox 1310 2847 1381 2901; x_wconf 81' lang='grc' dir='ltr'><strong>ἐν</strong></span> <span class='ocrx_word' id='word_1_329' title='bbox 1405 2847 1500 2918; x_wconf 74' lang='grc' dir='ltr'><strong>τῇ.</strong></span> <span class='ocrx_word' id='word_1_330' title='bbox 1531 2847 1711 2904; x_wconf 90' lang='lat' dir='ltr'><strong>Locus</strong></span> <span class='ocrx_word' id='word_1_331' title='bbox 1740 2850 1829 2906; x_wconf 91' lang='lat' dir='ltr'><strong>hic</strong></span> <span class='ocrx_word' id='word_1_332' title='bbox 1860 2849 2010 2906; x_wconf 80' lang='lat' dir='ltr'><strong>Scri-</strong></span> 
     </span>
    </p>
   </div>
   <div class='ocr_carea' id='block_1_46' title="bbox 430 2936 2007 3007">
    <p class='ocr_par' dir='ltr' id='par_1_46' title="bbox 430 2936 2007 3007">
     <span class='ocr_line' id='line_1_46' title="bbox 430 2936 2007 3007; baseline 0.008 -18"><span class='ocrx_word' id='word_1_333' title='bbox 430 2946 623 3007; x_wconf 69' lang='lat' dir='ltr'><strong>pturae,</strong></span> <span class='ocrx_word' id='word_1_334' title='bbox 653 2936 718 2990; x_wconf 89' lang='lat' dir='ltr'><strong>ad</strong></span> <span class='ocrx_word' id='word_1_335' title='bbox 763 2952 924 3006; x_wconf 88' lang='lat' dir='ltr'><strong>quem</strong></span> <span class='ocrx_word' id='word_1_336' title='bbox 968 2938 1208 3006; x_wconf 82' lang='lat' dir='ltr'><strong>respexit</strong></span> <span class='ocrx_word' id='word_1_337' title='bbox 1237 2937 1580 3004; x_wconf 82' lang='lat' dir='ltr'><strong>Eustathius,</strong></span> <span class='ocrx_word' id='word_1_338' title='bbox 1609 2943 1758 2996; x_wconf 85' lang='lat' dir='ltr'><strong>varie</strong></span> <span class='ocrx_word' id='word_1_339' title='bbox 1785 2959 1814 2997; x_wconf 90' lang='lat' dir='ltr'><strong>a</strong></span> <span class='ocrx_word' id='word_1_340' title='bbox 1839 2945 2007 3002; x_wconf 90' lang='lat' dir='ltr'><strong>variis</strong></span> 
     </span>
    </p>
   </div>
   <div class='ocr_carea' id='block_1_47' title="bbox 431 3027 2009 3097">
    <p class='ocr_par' dir='ltr' id='par_1_47' title="bbox 431 3027 2009 3097">
     <span class='ocr_line' id='line_1_47' title="bbox 431 3027 2009 3097; baseline 0.008 -17"><span class='ocrx_word' id='word_1_341' title='bbox 431 3027 722 3097; x_wconf 82' lang='lat' dir='ltr'><strong>accipitur,</strong></span> <span class='ocrx_word' id='word_1_342' title='bbox 756 3042 855 3081; x_wconf 90' lang='lat' dir='ltr'><strong>nec</strong></span> <span class='ocrx_word' id='word_1_343' title='bbox 899 3028 1021 3097; x_wconf 86' lang='lat' dir='ltr'><strong>ejus</strong></span> <span class='ocrx_word' id='word_1_344' title='bbox 1050 3031 1321 3085; x_wconf 86' lang='lat' dir='ltr'><strong>sententia</strong></span> <span class='ocrx_word' id='word_1_345' title='bbox 1367 3030 1687 3089; x_wconf 87' lang='lat' dir='ltr'><strong>diﬁicultate</strong></span> <span class='ocrx_word' id='word_1_346' title='bbox 1714 3036 1863 3092; x_wconf 85' lang='lat' dir='ltr'><strong>vocis</strong></span> <span class='ocrx_word' id='word_1_347' title='bbox 1901 3038 2009 3092; x_wconf 59' lang='lat' dir='ltr'><strong>He-</strong></span> 
     </span>
    </p>
   </div>
   <div class='ocr_carea' id='block_1_48' title="bbox 429 3117 2012 3190">
    <p class='ocr_par' dir='ltr' id='par_1_48' title="bbox 429 3117 2012 3190">
     <span class='ocr_line' id='line_1_48' title="bbox 429 3117 2012 3190; baseline 0.007 -16"><span class='ocrx_word' id='word_1_348' title='bbox 429 3117 634 3174; x_wconf 77' lang='lat' dir='ltr'><strong>braicte</strong></span> <span class='ocrx_word' id='word_1_349' title='bbox 665 3118 852 3174; x_wconf 84' lang='lat' dir='ltr'><strong>haberi</strong></span> <span class='ocrx_word' id='word_1_350' title='bbox 897 3127 1112 3190; x_wconf 89' lang='lat' dir='ltr'><strong>potest;</strong></span> <span class='ocrx_word' id='word_1_351' title='bbox 1164 3123 1370 3178; x_wconf 90' lang='lat' dir='ltr'><strong>relictis</strong></span> <span class='ocrx_word' id='word_1_352' title='bbox 1414 3132 1594 3180; x_wconf 88' lang='lat' dir='ltr'><strong>tamen</strong></span> <span class='ocrx_word' id='word_1_353' title='bbox 1639 3125 1873 3182; x_wconf 90' lang='lat' dir='ltr'><strong>aliorum</strong></span> <span class='ocrx_word' id='word_1_354' title='bbox 1922 3145 2012 3184; x_wconf 79' lang='lat' dir='ltr'><strong>ex-</strong></span> 
     </span>
    </p>
   </div>
   <div class='ocr_carea' id='block_1_49' title="bbox 430 3209 2014 3288">
    <p class='ocr_par' dir='ltr' id='par_1_49' title="bbox 430 3209 2014 3288">
     <span class='ocr_line' id='line_1_49' title="bbox 430 3209 2014 3288; baseline 0.009 -25"><span class='ocrx_word' id='word_1_355' title='bbox 430 3209 836 3280; x_wconf 85' lang='lat' dir='ltr'><strong>plicationibus,</strong></span> <span class='ocrx_word' id='word_1_356' title='bbox 886 3227 1006 3280; x_wconf 65' lang='lat' dir='ltr'><strong>quae</strong></span> <span class='ocrx_word' id='word_1_357' title='bbox 1055 3213 1219 3268; x_wconf 89' lang='lat' dir='ltr'><strong>nimis</strong></span> <span class='ocrx_word' id='word_1_358' title='bbox 1273 3215 1533 3270; x_wconf 87' lang='lat' dir='ltr'><strong>audacter</strong></span> <span class='ocrx_word' id='word_1_359' title='bbox 1585 3215 1906 3288; x_wconf 79' lang='lat' dir='ltr'><strong>Eugubinus</strong></span> <span class='ocrx_word' id='word_1_360' title='bbox 1959 3223 2014 3278; x_wconf 89' lang='lat' dir='ltr'><strong>in</strong></span> 
     </span>
    </p>
   </div>
   <div class='ocr_carea' id='block_1_50' title="bbox 431 3303 2014 3380">
    <p class='ocr_par' dir='ltr' id='par_1_50' title="bbox 431 3303 2014 3380">
     <span class='ocr_line' id='line_1_50' title="bbox 431 3303 2014 3380; baseline 0.008 -24"><span class='ocrx_word' id='word_1_361' title='bbox 431 3303 802 3373; x_wconf 85' lang='lat' dir='ltr'><strong>recognitione</strong></span> <span class='ocrx_word' id='word_1_362' title='bbox 831 3303 1188 3360; x_wconf 89' lang='lat' dir='ltr'><strong>Pentateuchi</strong></span> <span class='ocrx_word' id='word_1_363' title='bbox 1220 3321 1387 3376; x_wconf 80' lang='lat' dir='ltr'><strong>super</strong></span> <span class='ocrx_word' id='word_1_364' title='bbox 1419 3307 1565 3363; x_wconf 87' lang='lat' dir='ltr'><strong>hunc</strong></span> <span class='ocrx_word' id='word_1_365' title='bbox 1610 3309 1790 3365; x_wconf 79' lang='lat' dir='ltr'><strong>locant</strong></span> <span class='ocrx_word' id='word_1_366' title='bbox 1824 3314 2014 3380; x_wconf 82' lang='lat' dir='ltr'><strong>tradit,</strong></span> 
     </span>
    </p>
   </div>
   <div class='ocr_carea' id='block_1_51' title="bbox 429 3392 2011 3476">
    <p class='ocr_par' dir='ltr' id='par_1_51' title="bbox 429 3392 2011 3476">
     <span class='ocr_line' id='line_1_51' title="bbox 429 3392 2011 3476; baseline 0.008 -29"><span class='ocrx_word' id='word_1_367' title='bbox 429 3392 860 3448; x_wconf 80' lang='lat' dir='ltr'><strong>animadvertam</strong></span> <span class='ocrx_word' id='word_1_368' title='bbox 897 3413 912 3448; x_wconf 88' lang='lat'><strong>:</strong></span> <span class='ocrx_word' id='word_1_369' title='bbox 948 3411 1072 3450; x_wconf 87' lang='lat' dir='ltr'><strong>eum</strong></span> <span class='ocrx_word' id='word_1_370' title='bbox 1123 3405 1178 3452; x_wconf 89' lang='lat' dir='ltr'><strong>et</strong></span> <span class='ocrx_word' id='word_1_371' title='bbox 1230 3399 1644 3471; x_wconf 83' lang='lat' dir='ltr'><strong>Hieronymum,</strong></span> <span class='ocrx_word' id='word_1_372' title='bbox 1695 3411 1751 3458; x_wconf 88' lang='lat' dir='ltr'><strong>et</strong></span> <span class='ocrx_word' id='word_1_373' title='bbox 1785 3401 2011 3476; x_wconf 58' lang='lat' dir='ltr'><strong>Septua.</strong></span> 
     </span>
    </p>
   </div>
   <div class='ocr_carea' id='block_1_52' title="bbox 430 3480 2015 3553">
    <p class='ocr_par' dir='ltr' id='par_1_52' title="bbox 430 3480 2015 3553">
     <span class='ocr_line' id='line_1_52' title="bbox 430 3480 2015 3553; baseline 0.011 -20"><span class='ocrx_word' id='word_1_374' title='bbox 430 3482 578 3550; x_wconf 83' lang='lat' dir='ltr'><strong>ginta</strong></span> <span class='ocrx_word' id='word_1_375' title='bbox 626 3480 955 3553; x_wconf 88' lang='lat' dir='ltr'><strong>lnterpretes</strong></span> <span class='ocrx_word' id='word_1_376' title='bbox 1007 3499 1037 3538; x_wconf 90' lang='lat' dir='ltr'><strong>a</strong></span> <span class='ocrx_word' id='word_1_377' title='bbox 1087 3486 1316 3541; x_wconf 85' lang='lat' dir='ltr'><strong>veritate</strong></span> <span class='ocrx_word' id='word_1_378' title='bbox 1375 3489 1643 3546; x_wconf 82' lang='lat' dir='ltr'><strong>Hebraica</strong></span> <span class='ocrx_word' id='word_1_379' title='bbox 1695 3491 2015 3550; x_wconf 79' lang='lat' dir='ltr'><strong>discordare</strong></span> 
     </span>
    </p>
   </div>
   <div class='ocr_carea' id='block_1_53' title="bbox 431 3573 2014 3653">
    <p class='ocr_par' dir='ltr' id='par_1_53' title="bbox 431 3573 2014 3653">
     <span class='ocr_line' id='line_1_53' title="bbox 431 3573 2014 3653; baseline 0.009 -27"><span class='ocrx_word' id='word_1_380' title='bbox 431 3573 682 3628; x_wconf 82' lang='lat' dir='ltr'><strong>aﬁirmat.</strong></span> <span class='ocrx_word' id='word_1_381' title='bbox 719 3573 878 3629; x_wconf 86' lang='lat' dir='ltr'><strong>Putat</strong></span> <span class='ocrx_word' id='word_1_382' title='bbox 900 3577 1052 3632; x_wconf 86' lang='lat' dir='ltr'><strong>enim</strong></span> <span class='ocrx_word' id='word_1_383' title='bbox 1079 3579 1394 3649; x_wconf 85' lang='lat' dir='ltr'><strong>Hieronymi</strong></span> <span class='ocrx_word' id='word_1_384' title='bbox 1421 3587 1685 3650; x_wconf 87' lang='lat' dir='ltr'><strong>tempore,</strong></span> <span class='ocrx_word' id='word_1_385' title='bbox 1713 3599 1812 3653; x_wconf 90' lang='lat' dir='ltr'><strong>pro</strong></span> <span class='ocrx_word' id='word_1_386' title='bbox 1836 3584 2014 3641; x_wconf 85' lang='lat' dir='ltr'><strong>Jemin</strong></span> 
     </span>
    </p>
   </div>
   <div class='ocr_carea' id='block_1_54' title="bbox 430 3665 2013 3742">
    <p class='ocr_par' dir='ltr' id='par_1_54' title="bbox 430 3665 2013 3742">
     <span class='ocr_line' id='line_1_54' title="bbox 430 3665 2013 3742; baseline 0.012 -25"><span class='ocrx_word' id='word_1_387' title='bbox 430 3665 576 3732; x_wconf 84' lang='lat' dir='ltr'><strong>quod</strong></span> <span class='ocrx_word' id='word_1_388' title='bbox 630 3665 901 3736; x_wconf 79' lang='lat' dir='ltr'><strong>signiﬁcat</strong></span> <span class='ocrx_word' id='word_1_389' title='bbox 947 3669 1168 3734; x_wconf 87' lang='lat' dir='ltr'><strong>multos,</strong></span> <span class='ocrx_word' id='word_1_390' title='bbox 1225 3671 1464 3735; x_wconf 82' lang='lat' dir='ltr'><strong>codices,</strong></span> <span class='ocrx_word' id='word_1_391' title='bbox 1518 3673 1715 3742; x_wconf 89' lang='lat' dir='ltr'><strong>quibus</strong></span> <span class='ocrx_word' id='word_1_392' title='bbox 1751 3687 1835 3732; x_wconf 79' lang='lat' dir='ltr'><strong>est</strong></span> <span class='ocrx_word' id='word_1_393' title='bbox 1880 3694 2013 3736; x_wconf 87' lang='lat' dir='ltr'><strong>usus</strong></span> 
     </span>
    </p>
   </div>
   <div class='ocr_carea' id='block_1_55' title="bbox 431 3755 2010 3840">
    <p class='ocr_par' dir='ltr' id='par_1_55' title="bbox 431 3755 2010 3840">
     <span class='ocr_line' id='line_1_55' title="bbox 431 3755 2010 3840; baseline 0.013 -32"><span class='ocrx_word' id='word_1_394' title='bbox 431 3755 818 3826; x_wconf 78' lang='lat' dir='ltr'><strong>Hieronymus,</strong></span> <span class='ocrx_word' id='word_1_395' title='bbox 873 3759 1132 3815; x_wconf 82' lang='lat' dir='ltr'><strong>habuisse</strong></span> <span class='ocrx_word' id='word_1_396' title='bbox 1181 3762 1266 3816; x_wconf 89' lang='lat' dir='ltr'><strong>vel</strong></span> <span class='ocrx_word' id='word_1_397' title='bbox 1324 3761 1537 3832; x_wconf 79' lang='lat' dir='ltr'><strong>Majim,</strong></span> <span class='ocrx_word' id='word_1_398' title='bbox 1593 3767 1644 3820; x_wconf 90' lang='lat' dir='ltr'><strong>id</strong></span> <span class='ocrx_word' id='word_1_399' title='bbox 1691 3777 1773 3822; x_wconf 87' lang='lat' dir='ltr'><strong>est</strong></span> <span class='ocrx_word' id='word_1_400' title='bbox 1817 3785 2010 3840; x_wconf 89' lang='lat' dir='ltr'><strong>aquas,</strong></span> 
     </span>
    </p>
   </div>
   <div class='ocr_carea' id='block_1_56' title="bbox 429 3838 2012 3932">
    <p class='ocr_par' dir='ltr' id='par_1_56' title="bbox 429 3838 2012 3932">
     <span class='ocr_line' id='line_1_56' title="bbox 429 3838 2012 3932; baseline 0.011 -33"><span class='ocrx_word' id='word_1_401' title='bbox 429 3845 516 3899; x_wconf 73' lang='lat' dir='ltr'><strong>vel</strong></span> <span class='ocrx_word' id='word_1_402' title='bbox 543 3838 745 3909; x_wconf 68' lang='lat' dir='ltr'><strong>J&#39;aniin,</strong></span> <span class='ocrx_word' id='word_1_403' title='bbox 783 3847 834 3901; x_wconf 92' lang='lat' dir='ltr'><strong>id</strong></span> <span class='ocrx_word' id='word_1_404' title='bbox 865 3855 949 3903; x_wconf 90' lang='lat' dir='ltr'><strong>est</strong></span> <span class='ocrx_word' id='word_1_405' title='bbox 983 3850 1176 3904; x_wconf 90' lang='lat' dir='ltr'><strong>maria.</strong></span> <span class='ocrx_word' id='word_1_406' title='bbox 1209 3852 1321 3906; x_wconf 84' lang='lat' dir='ltr'><strong>Cur</strong></span> <span class='ocrx_word' id='word_1_407' title='bbox 1363 3863 1543 3909; x_wconf 91' lang='lat' dir='ltr'><strong>autem</strong></span> <span class='ocrx_word' id='word_1_408' title='bbox 1587 3859 1810 3914; x_wconf 85' lang='lat' dir='ltr'><strong>verterit</strong></span> <span class='ocrx_word' id='word_1_409' title='bbox 1841 3838 2012 3932; x_wconf 80' lang='lat' dir='ltr'><strong>aquas</strong></span> 
     </span>
    </p>
   </div>
   <div class='ocr_carea' id='block_1_57' title="bbox 431 3937 2012 4017">
    <p class='ocr_par' dir='ltr' id='par_1_57' title="bbox 431 3937 2012 4017">
     <span class='ocr_line' id='line_1_57' title="bbox 431 3937 2012 4017; baseline 0.015 -30"><span class='ocrx_word' id='word_1_410' title='bbox 431 3937 638 3991; x_wconf 85' lang='lat' dir='ltr'><strong>calidas</strong></span> <span class='ocrx_word' id='word_1_411' title='bbox 675 3953 738 3992; x_wconf 77' lang='lat' dir='ltr'><strong>ex</strong></span> <span class='ocrx_word' id='word_1_412' title='bbox 773 3940 998 3993; x_wconf 66' lang='lat' dir='ltr'><strong>Hebraeo</strong></span> <span class='ocrx_word' id='word_1_413' title='bbox 1027 3942 1167 3995; x_wconf 86' lang='lat' dir='ltr'><strong>ratio</strong></span> <span class='ocrx_word' id='word_1_414' title='bbox 1202 3945 1351 3997; x_wconf 89' lang='lat' dir='ltr'><strong>nulla</strong></span> <span class='ocrx_word' id='word_1_415' title='bbox 1391 3947 1542 4002; x_wconf 86' lang='lat' dir='ltr'><strong>reddi</strong></span> <span class='ocrx_word' id='word_1_416' title='bbox 1577 3957 1772 4017; x_wconf 86' lang='lat' dir='ltr'><strong>potest.</strong></span> <span class='ocrx_word' id='word_1_417' title='bbox 1808 3951 2012 4011; x_wconf 87' lang='lat' dir='ltr'><strong>Deinde</strong></span> 
     </span>
    </p>
   </div>
   <div class='ocr_carea' id='block_1_58' title="bbox 433 4024 2008 4109">
    <p class='ocr_par' dir='ltr' id='par_1_58' title="bbox 433 4024 2008 4109">
     <span class='ocr_line' id='line_1_58' title="bbox 433 4024 2008 4109; baseline 0.015 -33"><span class='ocrx_word' id='word_1_418' title='bbox 433 4024 786 4092; x_wconf 69' lang='lat' dir='ltr'><strong>reprehendit</strong></span> <span class='ocrx_word' id='word_1_419' title='bbox 833 4028 1190 4100; x_wconf 85' lang='lat' dir='ltr'><strong>Septuaginta</strong></span> <span class='ocrx_word' id='word_1_420' title='bbox 1244 4035 1599 4104; x_wconf 89' lang='lat' dir='ltr'><strong>lnterprctes,</strong></span> <span class='ocrx_word' id='word_1_421' title='bbox 1641 4041 1788 4109; x_wconf 91' lang='lat' dir='ltr'><strong>quod</strong></span> <span class='ocrx_word' id='word_1_422' title='bbox 1820 4059 2008 4099; x_wconf 87' lang='lat' dir='ltr'><strong>vocem</strong></span> 
     </span>
    </p>
   </div>
   <div class='ocr_carea' id='block_1_59' title="bbox 430 4115 2014 4207">
    <p class='ocr_par' dir='ltr' id='par_1_59' title="bbox 430 4115 2014 4207">
     <span class='ocr_line' id='line_1_59' title="bbox 430 4115 2014 4207; baseline 0.015 -39"><span class='ocrx_word' id='word_1_423' title='bbox 430 4115 712 4170; x_wconf 70' lang='lat' dir='ltr'><strong>Iiebrzeam</strong></span> <span class='ocrx_word' id='word_1_424' title='bbox 761 4117 961 4186; x_wconf 85' lang='lat' dir='ltr'><strong>Jemin,</strong></span> <span class='ocrx_word' id='word_1_425' title='bbox 1007 4124 1232 4192; x_wconf 86' lang='lat' dir='ltr'><strong>perinde</strong></span> <span class='ocrx_word' id='word_1_426' title='bbox 1264 4129 1420 4195; x_wconf 87' lang='lat' dir='ltr'><strong>quasi</strong></span> <span class='ocrx_word' id='word_1_427' title='bbox 1471 4141 1619 4185; x_wconf 86' lang='lat' dir='ltr'><strong>esset</strong></span> <span class='ocrx_word' id='word_1_428' title='bbox 1652 4149 1850 4188; x_wconf 88' lang='lat' dir='ltr'><strong>nomen</strong></span> <span class='ocrx_word' id='word_1_429' title='bbox 1892 4152 2014 4207; x_wconf 76' lang='lat' dir='ltr'><strong>pro—</strong></span> 
     </span>
    </p>
   </div>
   <div class='ocr_carea' id='block_1_60' title="bbox 430 4208 2010 4286">
    <p class='ocr_par' dir='ltr' id='par_1_60' title="bbox 430 4208 2010 4286">
     <span class='ocr_line' id='line_1_60' title="bbox 430 4208 2010 4286; baseline 0.014 -29"><span class='ocrx_word' id='word_1_430' title='bbox 430 4208 608 4276; x_wconf 88' lang='lat' dir='ltr'><strong>prium</strong></span> <span class='ocrx_word' id='word_1_431' title='bbox 635 4208 869 4278; x_wconf 88' lang='lat' dir='ltr'><strong>alicujus</strong></span> <span class='ocrx_word' id='word_1_432' title='bbox 898 4211 1162 4279; x_wconf 87' lang='lat' dir='ltr'><strong>hominis,</strong></span> <span class='ocrx_word' id='word_1_433' title='bbox 1197 4223 1256 4267; x_wconf 91' lang='lat' dir='ltr'><strong>ut</strong></span> <span class='ocrx_word' id='word_1_434' title='bbox 1282 4224 1365 4270; x_wconf 91' lang='lat' dir='ltr'><strong>est</strong></span> <span class='ocrx_word' id='word_1_435' title='bbox 1389 4213 1581 4284; x_wconf 74' lang='lat' dir='ltr'><strong>Iacob,</strong></span> <span class='ocrx_word' id='word_1_436' title='bbox 1615 4228 1669 4275; x_wconf 89' lang='lat' dir='ltr'><strong>et</strong></span> <span class='ocrx_word' id='word_1_437' title='bbox 1698 4223 1872 4286; x_wconf 87' lang='lat' dir='ltr'><strong>Isaac,</strong></span> <span class='ocrx_word' id='word_1_438' title='bbox 1923 4224 2010 4280; x_wconf 90' lang='lat' dir='ltr'><strong>hic</strong></span> 
     </span>
    </p>
   </div>
   <div class='ocr_carea' id='block_1_61' title="bbox 430 4297 2005 4382">
    <p class='ocr_par' dir='ltr' id='par_1_61' title="bbox 430 4297 2005 4382">
     <span class='ocr_line' id='line_1_61' title="bbox 430 4297 2005 4382; baseline 0.011 -32"><span class='ocrx_word' id='word_1_439' title='bbox 430 4297 777 4363; x_wconf 85' lang='lat' dir='ltr'><strong>retinuerint,</strong></span> <span class='ocrx_word' id='word_1_440' title='bbox 803 4301 876 4354; x_wconf 88' lang='lat' dir='ltr'><strong>ita</strong></span> <span class='ocrx_word' id='word_1_441' title='bbox 901 4301 1189 4360; x_wconf 84' lang='lat' dir='ltr'><strong>reddentcs</strong></span> <span class='ocrx_word' id='word_1_442' title='bbox 1214 4309 1360 4360; x_wconf 90' lang='lat' dir='ltr'><strong>hunc</strong></span> <span class='ocrx_word' id='word_1_443' title='bbox 1391 4307 1566 4362; x_wconf 87' lang='lat' dir='ltr'><strong>locum</strong></span> <span class='ocrx_word' id='word_1_444' title='bbox 1594 4308 1737 4366; x_wconf 87' lang='lat' dir='ltr'><strong>:Iste</strong></span> <span class='ocrx_word' id='word_1_445' title='bbox 1764 4323 1841 4366; x_wconf 84' lang='lat' dir='ltr'><strong>est</strong></span> <span class='ocrx_word' id='word_1_446' title='bbox 1866 4313 2005 4382; x_wconf 80' lang='lat' dir='ltr'><strong>Ana,</strong></span> 
     </span>
    </p>
   </div>
   <div class='ocr_carea' id='block_1_62' title="bbox 2107 1832 3714 1909">
    <p class='ocr_par' dir='ltr' id='par_1_62' title="bbox 2107 1832 3714 1909">
     <span class='ocr_line' id='line_1_62' title="bbox 2107 1832 3714 1909; baseline -0.006 -14"><span class='ocrx_word' id='word_1_447' title='bbox 2107 1839 2276 1895; x_wconf 90' lang='lat' dir='ltr'><strong>tradit</strong></span> <span class='ocrx_word' id='word_1_448' title='bbox 2312 1838 2556 1909; x_wconf 86' lang='lat' dir='ltr'><strong>Eliphaz,</strong></span> <span class='ocrx_word' id='word_1_449' title='bbox 2616 1853 2777 1908; x_wconf 86' lang='lat' dir='ltr'><strong>quem</strong></span> <span class='ocrx_word' id='word_1_450' title='bbox 2807 1838 2918 1891; x_wconf 83' lang='lat' dir='ltr'><strong>Ada</strong></span> <span class='ocrx_word' id='word_1_451' title='bbox 2951 1837 3158 1907; x_wconf 88' lang='lat' dir='ltr'><strong>peperit</strong></span> <span class='ocrx_word' id='word_1_452' title='bbox 3185 1834 3349 1898; x_wconf 85' lang='lat' dir='ltr'><strong>Esau,</strong></span> <span class='ocrx_word' id='word_1_453' title='bbox 3387 1832 3547 1886; x_wconf 90' lang='lat' dir='ltr'><strong>illum</strong></span> <span class='ocrx_word' id='word_1_454' title='bbox 3584 1845 3714 1886; x_wconf 76' lang='lat' dir='ltr'><strong>esse</strong></span> 
     </span>
    </p>
   </div>
   <div class='ocr_carea' id='block_1_63' title="bbox 2107 1927 3709 2002">
    <p class='ocr_par' dir='ltr' id='par_1_63' title="bbox 2107 1927 3709 2002">
     <span class='ocr_line' id='line_1_63' title="bbox 2107 1927 3709 2002; baseline -0.006 -14"><span class='ocrx_word' id='word_1_455' title='bbox 2107 1933 2267 2002; x_wconf 85' lang='lat' dir='ltr'><strong>cujus</strong></span> <span class='ocrx_word' id='word_1_456' title='bbox 2293 1933 2559 1987; x_wconf 83' lang='lat' dir='ltr'><strong>meminit</strong></span> <span class='ocrx_word' id='word_1_457' title='bbox 2583 1930 2700 2000; x_wconf 86' lang='lat' dir='ltr'><strong>ipse</strong></span> <span class='ocrx_word' id='word_1_458' title='bbox 2745 1927 2868 1993; x_wconf 83' lang='lat' dir='ltr'><strong>Iob,</strong></span> <span class='ocrx_word' id='word_1_459' title='bbox 2897 1929 3043 1999; x_wconf 90' lang='lat' dir='ltr'><strong>quod</strong></span> <span class='ocrx_word' id='word_1_460' title='bbox 3084 1929 3130 1984; x_wconf 85' lang='lat' dir='ltr'><strong>si</strong></span> <span class='ocrx_word' id='word_1_461' title='bbox 3159 1929 3235 1982; x_wconf 90' lang='lat' dir='ltr'><strong>ita</strong></span> <span class='ocrx_word' id='word_1_462' title='bbox 3267 1938 3372 1993; x_wconf 88' lang='lat' dir='ltr'><strong>est,</strong></span> <span class='ocrx_word' id='word_1_463' title='bbox 3408 1941 3537 1981; x_wconf 87' lang='lat' dir='ltr'><strong>cum</strong></span> <span class='ocrx_word' id='word_1_464' title='bbox 3568 1940 3709 1995; x_wconf 86' lang='lat' dir='ltr'><strong>pro-</strong></span> 
     </span>
    </p>
   </div>
   <div class='ocr_carea' id='block_1_64' title="bbox 2107 2017 3698 2093">
    <p class='ocr_par' dir='ltr' id='par_1_64' title="bbox 2107 2017 3698 2093">
     <span class='ocr_line' id='line_1_64' title="bbox 2107 2017 3698 2093; baseline -0.004 -15"><span class='ocrx_word' id='word_1_465' title='bbox 2107 2022 2399 2093; x_wconf 87' lang='lat' dir='ltr'><strong>nepotibus</strong></span> <span class='ocrx_word' id='word_1_466' title='bbox 2419 2021 2648 2075; x_wconf 76' lang='lat' dir='ltr'><strong>Abraha:</strong></span> <span class='ocrx_word' id='word_1_467' title='bbox 2671 2017 2868 2074; x_wconf 87' lang='lat' dir='ltr'><strong>Iolnnn</strong></span> <span class='ocrx_word' id='word_1_468' title='bbox 2897 2019 3098 2074; x_wconf 74' lang='lat' dir='ltr'><strong>vixisse</strong></span> <span class='ocrx_word' id='word_1_469' title='bbox 3121 2033 3344 2074; x_wconf 85' lang='lat' dir='ltr'><strong>necesse</strong></span> <span class='ocrx_word' id='word_1_470' title='bbox 3372 2024 3480 2074; x_wconf 89' lang='lat' dir='ltr'><strong>est.</strong></span> <span class='ocrx_word' id='word_1_471' title='bbox 3505 2017 3698 2078; x_wconf 88' lang='lat' dir='ltr'><strong>Philo.</strong></span> 
     </span>
    </p>
   </div>
   <div class='ocr_carea' id='block_1_65' title="bbox 2112 2107 3708 2184">
    <p class='ocr_par' dir='ltr' id='par_1_65' title="bbox 2112 2107 3708 2184">
     <span class='ocr_line' id='line_1_65' title="bbox 2112 2107 3708 2184; baseline -0.003 -14"><span class='ocrx_word' id='word_1_472' title='bbox 2112 2113 2336 2177; x_wconf 83' lang='lat' dir='ltr'><strong>Suidas,</strong></span> <span class='ocrx_word' id='word_1_473' title='bbox 2380 2124 2434 2168; x_wconf 89' lang='lat' dir='ltr'><strong>et</strong></span> <span class='ocrx_word' id='word_1_474' title='bbox 2483 2114 2848 2184; x_wconf 77' lang='lat' dir='ltr'><strong>Pera-phrasis</strong></span> <span class='ocrx_word' id='word_1_475' title='bbox 2879 2111 3174 2168; x_wconf 88' lang='lat' dir='ltr'><strong>Chaldaica</strong></span> <span class='ocrx_word' id='word_1_476' title='bbox 3201 2127 3464 2184; x_wconf 80' lang='lat' dir='ltr'><strong>generum</strong></span> <span class='ocrx_word' id='word_1_477' title='bbox 3508 2107 3708 2166; x_wconf 76' lang='lat' dir='ltr'><strong>Jacobi</strong></span> 
     </span>
    </p>
   </div>
   <div class='ocr_carea' id='block_1_66' title="bbox 2111 2203 3708 2275">
    <p class='ocr_par' dir='ltr' id='par_1_66' title="bbox 2111 2203 3708 2275">
     <span class='ocr_line' id='line_1_66' title="bbox 2111 2203 3708 2275; baseline -0.001 -15"><span class='ocrx_word' id='word_1_478' title='bbox 2111 2205 2321 2262; x_wconf 89' lang='lat' dir='ltr'><strong>faciunt</strong></span> <span class='ocrx_word' id='word_1_479' title='bbox 2355 2221 2422 2260; x_wconf 79' lang='lat' dir='ltr'><strong>ex</strong></span> <span class='ocrx_word' id='word_1_480' title='bbox 2447 2203 2584 2260; x_wconf 86' lang='lat' dir='ltr'><strong>Dina</strong></span> <span class='ocrx_word' id='word_1_481' title='bbox 2617 2220 2809 2260; x_wconf 81' lang='lat' dir='ltr'><strong>uxore.</strong></span> <span class='ocrx_word' id='word_1_482' title='bbox 2845 2203 3200 2275; x_wconf 84' lang='lat' dir='ltr'><strong>Septuaginta</strong></span> <span class='ocrx_word' id='word_1_483' title='bbox 3232 2203 3447 2257; x_wconf 89' lang='lat' dir='ltr'><strong>malunt</strong></span> <span class='ocrx_word' id='word_1_484' title='bbox 3475 2217 3607 2258; x_wconf 87' lang='lat' dir='ltr'><strong>esse</strong></span> <span class='ocrx_word' id='word_1_485' title='bbox 3640 2216 3708 2258; x_wconf 81' lang='lat' dir='ltr'><strong>ex</strong></span> 
     </span>
    </p>
   </div>
   <div class='ocr_carea' id='block_1_67' title="bbox 2110 2292 3705 2370">
    <p class='ocr_par' dir='ltr' id='par_1_67' title="bbox 2110 2292 3705 2370">
     <span class='ocr_line' id='line_1_67' title="bbox 2110 2292 3705 2370; baseline -0.003 -18"><span class='ocrx_word' id='word_1_486' title='bbox 2110 2297 2348 2370; x_wconf 85' lang='lat' dir='ltr'><strong>posteris</strong></span> <span class='ocrx_word' id='word_1_487' title='bbox 2373 2297 2625 2361; x_wconf 65' lang='lat' dir='ltr'><strong>Abrahae,</strong></span> <span class='ocrx_word' id='word_1_488' title='bbox 2667 2306 2924 2368; x_wconf 89' lang='lat' dir='ltr'><strong>quartum</strong></span> <span class='ocrx_word' id='word_1_489' title='bbox 2973 2295 3043 2350; x_wconf 88' lang='lat' dir='ltr'><strong>ab</strong></span> <span class='ocrx_word' id='word_1_490' title='bbox 3095 2293 3260 2349; x_wconf 85' lang='lat' dir='ltr'><strong>Esau.</strong></span> <span class='ocrx_word' id='word_1_491' title='bbox 3292 2292 3601 2364; x_wconf 81' lang='lat' dir='ltr'><strong>Cajetanus</strong></span> <span class='ocrx_word' id='word_1_492' title='bbox 3648 2295 3705 2348; x_wconf 89' lang='lat' dir='ltr'><strong>in</strong></span> 
     </span>
    </p>
   </div>
   <div class='ocr_carea' id='block_1_68' title="bbox 2112 2388 3706 2461">
    <p class='ocr_par' dir='ltr' id='par_1_68' title="bbox 2112 2388 3706 2461">
     <span class='ocr_line' id='line_1_68' title="bbox 2112 2388 3706 2461; baseline -0.001 -17"><span class='ocrx_word' id='word_1_493' title='bbox 2112 2390 2347 2461; x_wconf 90' lang='lat' dir='ltr'><strong>primum</strong></span> <span class='ocrx_word' id='word_1_494' title='bbox 2373 2399 2537 2461; x_wconf 89' lang='lat' dir='ltr'><strong>caput</strong></span> <span class='ocrx_word' id='word_1_495' title='bbox 2565 2389 2668 2445; x_wconf 83' lang='lat' dir='ltr'><strong>Job</strong></span> <span class='ocrx_word' id='word_1_496' title='bbox 2696 2390 2764 2446; x_wconf 90' lang='lat' dir='ltr'><strong>de</strong></span> <span class='ocrx_word' id='word_1_497' title='bbox 2797 2391 2968 2460; x_wconf 88' lang='lat' dir='ltr'><strong>stirpe</strong></span> <span class='ocrx_word' id='word_1_498' title='bbox 2997 2389 3119 2460; x_wconf 90' lang='lat' dir='ltr'><strong>ejus</strong></span> <span class='ocrx_word' id='word_1_499' title='bbox 3153 2388 3290 2444; x_wconf 91' lang='lat' dir='ltr'><strong>nihil</strong></span> <span class='ocrx_word' id='word_1_500' title='bbox 3321 2395 3540 2443; x_wconf 89' lang='lat' dir='ltr'><strong>certum</strong></span> <span class='ocrx_word' id='word_1_501' title='bbox 3579 2403 3706 2443; x_wconf 83' lang='lat' dir='ltr'><strong>esse</strong></span> 
     </span>
    </p>
   </div>
   <div class='ocr_carea' id='block_1_69' title="bbox 2112 2483 2327 2537">
    <p class='ocr_par' dir='ltr' id='par_1_69' title="bbox 2112 2483 2327 2537">
     <span class='ocr_line' id='line_1_69' title="bbox 2112 2483 2327 2537; baseline -0.005 0"><span class='ocrx_word' id='word_1_502' title='bbox 2112 2483 2327 2537; x_wconf 79' lang='lat' dir='ltr'><strong>statuit.</strong></span> 
     </span>
    </p>
   </div>
   <div class='ocr_carea' id='block_1_70' title="bbox 2183 2567 3706 2637">
    <p class='ocr_par' dir='ltr' id='par_1_70' title="bbox 2183 2567 3706 2637">
     <span class='ocr_line' id='line_1_70' title="bbox 2183 2567 3706 2637; baseline -0.002 -11"><span class='ocrx_word' id='word_1_503' title='bbox 2183 2571 2347 2637; x_wconf 84' lang='lat' dir='ltr'><strong>lbid.,</strong></span> <span class='ocrx_word' id='word_1_504' title='bbox 2383 2571 2479 2626; x_wconf 91' lang='lat' dir='ltr'><strong>lin.</strong></span> <span class='ocrx_word' id='word_1_505' title='bbox 2520 2569 2610 2625; x_wconf 71' lang='lat'><strong>34.</strong></span> <span class='ocrx_word' id='word_1_506' title='bbox 2637 2571 2704 2623; x_wconf 84' lang='lat' dir='ltr'><strong>Ol</strong></span> <span class='ocrx_word' id='word_1_507' title='bbox 2727 2567 2796 2622; x_wconf 76' lang='grc' dir='ltr'><strong>δὲ</strong></span> <span class='ocrx_word' id='word_1_508' title='bbox 2835 2570 2950 2625; x_wconf 81' lang='lat' dir='ltr'><strong>vtoi</strong></span> <span class='ocrx_word' id='word_1_509' title='bbox 2993 2569 3206 2626; x_wconf 77' lang='grc' dir='ltr'><strong>Ἰακώϐ.</strong></span> <span class='ocrx_word' id='word_1_510' title='bbox 3239 2568 3496 2626; x_wconf 79' lang='lat' dir='ltr'><strong>Justinus</strong></span> <span class='ocrx_word' id='word_1_511' title='bbox 3526 2569 3706 2627; x_wconf 80' lang='lat' dir='ltr'><strong>histo-</strong></span> 
     </span>
    </p>
   </div>
   <div class='ocr_carea' id='block_1_71' title="bbox 2111 2659 3706 2732">
    <p class='ocr_par' dir='ltr' id='par_1_71' title="bbox 2111 2659 3706 2732">
     <span class='ocr_line' id='line_1_71' title="bbox 2111 2659 3706 2732; baseline -0.003 -13"><span class='ocrx_word' id='word_1_512' title='bbox 2111 2665 2262 2720; x_wconf 89' lang='lat' dir='ltr'><strong>ricus</strong></span> <span class='ocrx_word' id='word_1_513' title='bbox 2296 2664 2392 2720; x_wconf 92' lang='lat' dir='ltr'><strong>lib.</strong></span> <span class='ocrx_word' id='word_1_514' title='bbox 2426 2679 2615 2726; x_wconf 78' lang='lat' dir='ltr'><strong>xxxvi,</strong></span> <span class='ocrx_word' id='word_1_515' title='bbox 2648 2661 2934 2717; x_wconf 89' lang='lat' dir='ltr'><strong>historiam</strong></span> <span class='ocrx_word' id='word_1_516' title='bbox 2983 2659 3208 2732; x_wconf 84' lang='lat' dir='ltr'><strong>Iosephi</strong></span> <span class='ocrx_word' id='word_1_517' title='bbox 3271 2661 3516 2718; x_wconf 81' lang='lat' dir='ltr'><strong>breviter</strong></span> <span class='ocrx_word' id='word_1_518' title='bbox 3545 2677 3706 2718; x_wconf 82' lang='lat' dir='ltr'><strong>enar-</strong></span> 
     </span>
    </p>
   </div>
   <div class='ocr_carea' id='block_1_72' title="bbox 2111 2751 3704 2823">
    <p class='ocr_par' dir='ltr' id='par_1_72' title="bbox 2111 2751 3704 2823">
     <span class='ocr_line' id='line_1_72' title="bbox 2111 2751 3704 2823; baseline -0.002 -13"><span class='ocrx_word' id='word_1_519' title='bbox 2111 2769 2241 2810; x_wconf 84' lang='lat' dir='ltr'><strong>rans</strong></span> <span class='ocrx_word' id='word_1_520' title='bbox 2272 2753 2464 2809; x_wconf 87' lang='lat' dir='ltr'><strong>scribit</strong></span> <span class='ocrx_word' id='word_1_521' title='bbox 2487 2772 2500 2809; x_wconf 85' lang='lat'><strong>:</strong></span> <span class='ocrx_word' id='word_1_522' title='bbox 2523 2752 2625 2809; x_wconf 90' lang='lat' dir='ltr'><strong>Sed</strong></span> <span class='ocrx_word' id='word_1_523' title='bbox 2657 2751 2917 2807; x_wconf 85' lang='lat' dir='ltr'><strong>Israelem</strong></span> <span class='ocrx_word' id='word_1_524' title='bbox 2946 2752 3076 2822; x_wconf 75' lang='lat' dir='ltr'><strong>fetia:</strong></span> <span class='ocrx_word' id='word_1_525' title='bbox 3102 2752 3278 2808; x_wconf 87' lang='lat' dir='ltr'><strong>decem</strong></span> <span class='ocrx_word' id='word_1_526' title='bbox 3305 2753 3546 2822; x_wconf 75' lang='lat' dir='ltr'><strong>ﬁliorum</strong></span> <span class='ocrx_word' id='word_1_527' title='bbox 3579 2770 3704 2823; x_wconf 81' lang='lat' dir='ltr'><strong>pro-</strong></span> 
     </span>
    </p>
   </div>
   <div class='ocr_carea' id='block_1_73' title="bbox 2111 2843 3704 2915">
    <p class='ocr_par' dir='ltr' id='par_1_73' title="bbox 2111 2843 3704 2915">
     <span class='ocr_line' id='line_1_73' title="bbox 2111 2843 3704 2915; baseline -0.002 -15"><span class='ocrx_word' id='word_1_528' title='bbox 2111 2855 2290 2900; x_wconf 68' lang='lat' dir='ltr'><strong>ventus</strong></span> <span class='ocrx_word' id='word_1_529' title='bbox 2357 2845 2652 2914; x_wconf 83' lang='lat' dir='ltr'><strong>majoribus</strong></span> <span class='ocrx_word' id='word_1_530' title='bbox 2722 2844 2834 2898; x_wconf 83' lang='lat' dir='ltr'><strong>suis</strong></span> <span class='ocrx_word' id='word_1_531' title='bbox 2907 2844 3188 2900; x_wconf 86' lang='lat' dir='ltr'><strong>clariorem</strong></span> <span class='ocrx_word' id='word_1_532' title='bbox 3244 2844 3389 2915; x_wconf 73' lang='lat' dir='ltr'><strong>fecit.</strong></span> <span class='ocrx_word' id='word_1_533' title='bbox 3455 2843 3704 2915; x_wconf 79' lang='lat' dir='ltr'><strong>Namque</strong></span> 
     </span>
    </p>
   </div>
   <div class='ocr_carea' id='block_1_74' title="bbox 2109 2938 3691 3009">
    <p class='ocr_par' dir='ltr' id='par_1_74' title="bbox 2109 2938 3691 3009">
     <span class='ocr_line' id='line_1_74' title="bbox 2109 2938 3691 3009; baseline -0.001 -17"><span class='ocrx_word' id='word_1_534' title='bbox 2109 2940 2357 3009; x_wconf 83' lang='lat' dir='ltr'><strong>populum</strong></span> <span class='ocrx_word' id='word_1_535' title='bbox 2383 2939 2438 2992; x_wconf 89' lang='lat' dir='ltr'><strong>in</strong></span> <span class='ocrx_word' id='word_1_536' title='bbox 2468 2938 2644 2992; x_wconf 84' lang='lat' dir='ltr'><strong>decem</strong></span> <span class='ocrx_word' id='word_1_537' title='bbox 2678 2953 2838 3008; x_wconf 89' lang='lat' dir='ltr'><strong>regna</strong></span> <span class='ocrx_word' id='word_1_538' title='bbox 2868 2938 3098 2991; x_wconf 86' lang='lat' dir='ltr'><strong>divisum</strong></span> <span class='ocrx_word' id='word_1_539' title='bbox 3130 2938 3355 2992; x_wconf 84' lang='lat' dir='ltr'><strong>tradidit</strong></span> <span class='ocrx_word' id='word_1_540' title='bbox 3385 2938 3545 3008; x_wconf 77' lang='lat' dir='ltr'><strong>ﬁliis,</strong></span> <span class='ocrx_word' id='word_1_541' title='bbox 3582 2955 3691 2993; x_wconf 84' lang='lat' dir='ltr'><strong>om-</strong></span> 
     </span>
    </p>
   </div>
   <div class='ocr_carea' id='block_1_75' title="bbox 2069 3027 3702 3101">
    <p class='ocr_par' dir='ltr' id='par_1_75' title="bbox 2069 3027 3702 3101">
     <span class='ocr_line' id='line_1_75' title="bbox 2069 3027 3702 3101; baseline 0 -17"><span class='ocrx_word' id='word_1_542' title='bbox 2069 3086 2079 3101; x_wconf 44' lang='lat'><strong><em>.</em></strong></span> <span class='ocrx_word' id='word_1_543' title='bbox 2115 3046 2303 3100; x_wconf 82' lang='lat' dir='ltr'><strong>aesque</strong></span> <span class='ocrx_word' id='word_1_544' title='bbox 2331 3044 2395 3083; x_wconf 79' lang='lat' dir='ltr'><strong>ea:</strong></span> <span class='ocrx_word' id='word_1_545' title='bbox 2419 3029 2626 3083; x_wconf 79' lang='lat' dir='ltr'><strong>nomine</strong></span> <span class='ocrx_word' id='word_1_546' title='bbox 2661 3027 2842 3092; x_wconf 73' lang='lat' dir='ltr'><strong>Juda&#39;,</strong></span> <span class='ocrx_word' id='word_1_547' title='bbox 2874 3028 2963 3097; x_wconf 86' lang='lat' dir='ltr'><strong>qui</strong></span> <span class='ocrx_word' id='word_1_548' title='bbox 2992 3038 3107 3097; x_wconf 88' lang='lat' dir='ltr'><strong>post</strong></span> <span class='ocrx_word' id='word_1_549' title='bbox 3137 3029 3447 3084; x_wconf 87' lang='lat' dir='ltr'><strong>divisionem</strong></span> <span class='ocrx_word' id='word_1_550' title='bbox 3480 3046 3702 3085; x_wconf 82' lang='lat' dir='ltr'><strong>recesse-</strong></span> 
     </span>
    </p>
   </div>
   <div class='ocr_carea' id='block_1_76' title="bbox 2120 3121 3702 3191">
    <p class='ocr_par' dir='ltr' id='par_1_76' title="bbox 2120 3121 3702 3191">
     <span class='ocr_line' id='line_1_76' title="bbox 2120 3121 3702 3191; baseline 0.001 -17"><span class='ocrx_word' id='word_1_551' title='bbox 2120 3133 2226 3186; x_wconf 89' lang='lat' dir='ltr'><strong>rat,</strong></span> <span class='ocrx_word' id='word_1_552' title='bbox 2259 3122 2478 3176; x_wconf 77' lang='lat' dir='ltr'><strong>Judwos</strong></span> <span class='ocrx_word' id='word_1_553' title='bbox 2509 3122 2815 3190; x_wconf 86' lang='lat' dir='ltr'><strong>appellavit;</strong></span> <span class='ocrx_word' id='word_1_554' title='bbox 2848 3121 3048 3191; x_wconf 83' lang='lat' dir='ltr'><strong>colique</strong></span> <span class='ocrx_word' id='word_1_555' title='bbox 3093 3121 3206 3191; x_wconf 84' lang='lat' dir='ltr'><strong>ejus</strong></span> <span class='ocrx_word' id='word_1_556' title='bbox 3234 3123 3548 3176; x_wconf 87' lang='lat' dir='ltr'><strong>memoriam</strong></span> <span class='ocrx_word' id='word_1_557' title='bbox 3590 3139 3702 3176; x_wconf 82' lang='lat' dir='ltr'><strong>om-</strong></span> 
     </span>
    </p>
   </div>
   <div class='ocr_carea' id='block_1_77' title="bbox 2118 3212 3701 3284">
    <p class='ocr_par' dir='ltr' id='par_1_77' title="bbox 2118 3212 3701 3284">
     <span class='ocr_line' id='line_1_77' title="bbox 2118 3212 3701 3284; baseline 0 -18"><span class='ocrx_word' id='word_1_558' title='bbox 2118 3215 2270 3268; x_wconf 86' lang='lat' dir='ltr'><strong>nibus</strong></span> <span class='ocrx_word' id='word_1_559' title='bbox 2291 3215 2474 3284; x_wconf 85' lang='lat' dir='ltr'><strong>jussit.</strong></span> <span class='ocrx_word' id='word_1_560' title='bbox 2510 3213 2642 3282; x_wconf 87' lang='lat' dir='ltr'><strong>Ejus</strong></span> <span class='ocrx_word' id='word_1_561' title='bbox 2682 3213 2855 3283; x_wconf 87' lang='lat' dir='ltr'><strong>portio</strong></span> <span class='ocrx_word' id='word_1_562' title='bbox 2886 3213 3126 3268; x_wconf 85' lang='lat' dir='ltr'><strong>omnibus</strong></span> <span class='ocrx_word' id='word_1_563' title='bbox 3163 3223 3482 3268; x_wconf 73' lang='lat' dir='ltr'><strong>accesserat.</strong></span> <span class='ocrx_word' id='word_1_564' title='bbox 3535 3212 3701 3267; x_wconf 73' lang='lat' dir='ltr'><strong>Hmi-</strong></span> 
     </span>
    </p>
   </div>
   <div class='ocr_carea' id='block_1_78' title="bbox 2117 3303 3699 3376">
    <p class='ocr_par' dir='ltr' id='par_1_78' title="bbox 2117 3303 3699 3376">
     <span class='ocr_line' id='line_1_78' title="bbox 2117 3303 3699 3376; baseline 0 -15"><span class='ocrx_word' id='word_1_565' title='bbox 2117 3325 2233 3362; x_wconf 89' lang='lat' dir='ltr'><strong>mus</strong></span> <span class='ocrx_word' id='word_1_566' title='bbox 2269 3317 2426 3360; x_wconf 75' lang='lat' dir='ltr'><strong>wtate</strong></span> <span class='ocrx_word' id='word_1_567' title='bbox 2461 3307 2598 3360; x_wconf 85' lang='lat' dir='ltr'><strong>inter</strong></span> <span class='ocrx_word' id='word_1_568' title='bbox 2628 3306 2822 3375; x_wconf 75' lang='lat' dir='ltr'><strong>fratres</strong></span> <span class='ocrx_word' id='word_1_569' title='bbox 2848 3303 3045 3375; x_wconf 71' lang='lat' dir='ltr'><strong>Ioseph</strong></span> <span class='ocrx_word' id='word_1_570' title='bbox 3079 3307 3180 3375; x_wconf 76' lang='lat' dir='ltr'><strong>fuit</strong></span> <span class='ocrx_word' id='word_1_571' title='bbox 3204 3323 3222 3360; x_wconf 91' lang='lat'><strong><em>:</em></strong></span> <span class='ocrx_word' id='word_1_572' title='bbox 3256 3307 3406 3376; x_wconf 85' lang='lat' dir='ltr'><strong>cujus</strong></span> <span class='ocrx_word' id='word_1_573' title='bbox 3436 3309 3699 3362; x_wconf 67' lang='lat' dir='ltr'><strong>excellens</strong></span> 
     </span>
    </p>
   </div>
   <div class='ocr_carea' id='block_1_79' title="bbox 2113 3399 3699 3471">
    <p class='ocr_par' dir='ltr' id='par_1_79' title="bbox 2113 3399 3699 3471">
     <span class='ocr_line' id='line_1_79' title="bbox 2113 3399 3699 3471; baseline 0.002 -19"><span class='ocrx_word' id='word_1_574' title='bbox 2113 3400 2380 3470; x_wconf 83' lang='lat' dir='ltr'><strong>ingenium</strong></span> <span class='ocrx_word' id='word_1_575' title='bbox 2425 3399 2575 3453; x_wconf 87' lang='lat' dir='ltr'><strong>veriti</strong></span> <span class='ocrx_word' id='word_1_576' title='bbox 2609 3399 2826 3467; x_wconf 81' lang='lat' dir='ltr'><strong>fratres,</strong></span> <span class='ocrx_word' id='word_1_577' title='bbox 2858 3400 2996 3453; x_wconf 88' lang='lat' dir='ltr'><strong>clam</strong></span> <span class='ocrx_word' id='word_1_578' title='bbox 3038 3401 3377 3468; x_wconf 73' lang='lat' dir='ltr'><strong>interceptum</strong></span> <span class='ocrx_word' id='word_1_579' title='bbox 3412 3402 3699 3471; x_wconf 77' lang='lat' dir='ltr'><strong>peregrinis</strong></span> 
     </span>
    </p>
   </div>
   <div class='ocr_carea' id='block_1_80' title="bbox 2115 3491 3696 3562">
    <p class='ocr_par' dir='ltr' id='par_1_80' title="bbox 2115 3491 3696 3562">
     <span class='ocr_line' id='line_1_80' title="bbox 2115 3491 3696 3562; baseline 0.001 -18"><span class='ocrx_word' id='word_1_580' title='bbox 2115 3491 2494 3545; x_wconf 84' lang='lat' dir='ltr'><strong>mercatoribus</strong></span> <span class='ocrx_word' id='word_1_581' title='bbox 2548 3491 2908 3546; x_wconf 84' lang='lat' dir='ltr'><strong>vendiderunt.</strong></span> <span class='ocrx_word' id='word_1_582' title='bbox 2948 3491 2989 3543; x_wconf 75' lang='grc' dir='ltr'><em>Α</em></span> <span class='ocrx_word' id='word_1_583' title='bbox 3037 3493 3225 3562; x_wconf 83' lang='lat' dir='ltr'><strong>quibus</strong></span> <span class='ocrx_word' id='word_1_584' title='bbox 3280 3494 3597 3561; x_wconf 84' lang='lat' dir='ltr'><strong>deportatus</strong></span> <span class='ocrx_word' id='word_1_585' title='bbox 3647 3495 3696 3546; x_wconf 76' lang='lat' dir='ltr'><strong>in</strong></span> 
     </span>
    </p>
   </div>
   <div class='ocr_carea' id='block_1_81' title="bbox 2116 3583 3699 3656">
    <p class='ocr_par' dir='ltr' id='par_1_81' title="bbox 2116 3583 3699 3656">
     <span class='ocr_line' id='line_1_81' title="bbox 2116 3583 3699 3656; baseline -0.001 -20"><span class='ocrx_word' id='word_1_586' title='bbox 2116 3583 2445 3655; x_wconf 64' lang='lat' dir='ltr'><strong>Egyptum,</strong></span> <span class='ocrx_word' id='word_1_587' title='bbox 2493 3599 2612 3637; x_wconf 88' lang='lat' dir='ltr'><strong>cum</strong></span> <span class='ocrx_word' id='word_1_588' title='bbox 2657 3585 2894 3654; x_wconf 87' lang='lat' dir='ltr'><strong>magicas</strong></span> <span class='ocrx_word' id='word_1_589' title='bbox 2941 3584 3014 3637; x_wconf 88' lang='lat' dir='ltr'><strong>ibi</strong></span> <span class='ocrx_word' id='word_1_590' title='bbox 3060 3593 3202 3637; x_wconf 87' lang='lat' dir='ltr'><strong>artes</strong></span> <span class='ocrx_word' id='word_1_591' title='bbox 3256 3585 3444 3638; x_wconf 85' lang='lat' dir='ltr'><strong>solerti</strong></span> <span class='ocrx_word' id='word_1_592' title='bbox 3493 3586 3699 3656; x_wconf 85' lang='lat' dir='ltr'><strong>ingenio</strong></span> 
     </span>
    </p>
   </div>
   <div class='ocr_carea' id='block_1_82' title="bbox 2112 3675 3700 3747">
    <p class='ocr_par' dir='ltr' id='par_1_82' title="bbox 2112 3675 3700 3747">
     <span class='ocr_line' id='line_1_82' title="bbox 2112 3675 3700 3747; baseline 0.001 -18"><span class='ocrx_word' id='word_1_593' title='bbox 2112 3678 2444 3745; x_wconf 75' lang='lat' dir='ltr'><strong>percepisset,</strong></span> <span class='ocrx_word' id='word_1_594' title='bbox 2496 3675 2637 3729; x_wconf 86' lang='lat' dir='ltr'><strong>brevi</strong></span> <span class='ocrx_word' id='word_1_595' title='bbox 2683 3677 2787 3746; x_wconf 88' lang='lat' dir='ltr'><strong>ipsi</strong></span> <span class='ocrx_word' id='word_1_596' title='bbox 2833 3678 2941 3746; x_wconf 85' lang='lat' dir='ltr'><strong>regi</strong></span> <span class='ocrx_word' id='word_1_597' title='bbox 2973 3677 3260 3747; x_wconf 88' lang='lat' dir='ltr'><strong>percharus</strong></span> <span class='ocrx_word' id='word_1_598' title='bbox 3291 3676 3415 3745; x_wconf 76' lang='lat' dir='ltr'><strong>fuit.</strong></span> <span class='ocrx_word' id='word_1_599' title='bbox 3466 3676 3618 3731; x_wconf 79' lang='lat' dir='ltr'><strong>Nam</strong></span> <span class='ocrx_word' id='word_1_600' title='bbox 3652 3688 3700 3732; x_wconf 83' lang='lat' dir='ltr'><strong>et</strong></span> 
     </span>
    </p>
   </div>
   <div class='ocr_carea' id='block_1_83' title="bbox 2112 3769 3699 3841">
    <p class='ocr_par' dir='ltr' id='par_1_83' title="bbox 2112 3769 3699 3841">
     <span class='ocr_line' id='line_1_83' title="bbox 2112 3769 3699 3841; baseline 0.002 -20"><span class='ocrx_word' id='word_1_601' title='bbox 2112 3769 2475 3838; x_wconf 84' lang='lat' dir='ltr'><strong>prodigiorum</strong></span> <span class='ocrx_word' id='word_1_602' title='bbox 2531 3771 2908 3838; x_wconf 85' lang='lat' dir='ltr'><strong>sagacissimus</strong></span> <span class='ocrx_word' id='word_1_603' title='bbox 2943 3778 3079 3834; x_wconf 87' lang='lat' dir='ltr'><strong>erat,</strong></span> <span class='ocrx_word' id='word_1_604' title='bbox 3134 3778 3183 3823; x_wconf 86' lang='lat' dir='ltr'><strong>et</strong></span> <span class='ocrx_word' id='word_1_605' title='bbox 3227 3771 3558 3825; x_wconf 85' lang='lat' dir='ltr'><strong>somniorum</strong></span> <span class='ocrx_word' id='word_1_606' title='bbox 3591 3773 3699 3841; x_wconf 86' lang='lat' dir='ltr'><strong>pri-</strong></span> 
     </span>
    </p>
   </div>
   <div class='ocr_carea' id='block_1_84' title="bbox 2113 3857 3696 3930">
    <p class='ocr_par' dir='ltr' id='par_1_84' title="bbox 2113 3857 3696 3930">
     <span class='ocr_line' id='line_1_84' title="bbox 2113 3857 3696 3930; baseline 0.003 -20"><span class='ocrx_word' id='word_1_607' title='bbox 2113 3873 2229 3910; x_wconf 87' lang='lat' dir='ltr'><strong>mus</strong></span> <span class='ocrx_word' id='word_1_608' title='bbox 2260 3857 2659 3926; x_wconf 81' lang='lat' dir='ltr'><strong>intelligentiam</strong></span> <span class='ocrx_word' id='word_1_609' title='bbox 2684 3860 2958 3921; x_wconf 80' lang='lat' dir='ltr'><strong>condidit;</strong></span> <span class='ocrx_word' id='word_1_610' title='bbox 2989 3858 3220 3930; x_wconf 81' lang='lat' dir='ltr'><strong>nihilque</strong></span> <span class='ocrx_word' id='word_1_611' title='bbox 3241 3859 3405 3914; x_wconf 86' lang='lat' dir='ltr'><strong>divini</strong></span> <span class='ocrx_word' id='word_1_612' title='bbox 3423 3861 3572 3928; x_wconf 85' lang='lat' dir='ltr'><strong>juris</strong></span> <span class='ocrx_word' id='word_1_613' title='bbox 3604 3862 3696 3914; x_wconf 77' lang='lat' dir='ltr'><strong>hl-</strong></span> 
     </span>
    </p>
   </div>
   <div class='ocr_carea' id='block_1_85' title="bbox 2111 3951 3695 4021">
    <p class='ocr_par' dir='ltr' id='par_1_85' title="bbox 2111 3951 3695 4021">
     <span class='ocr_line' id='line_1_85' title="bbox 2111 3951 3695 4021; baseline 0.004 -19"><span class='ocrx_word' id='word_1_614' title='bbox 2111 3951 2358 4020; x_wconf 81' lang='lat' dir='ltr'><strong>amnique</strong></span> <span class='ocrx_word' id='word_1_615' title='bbox 2384 3955 2432 4004; x_wconf 86' lang='lat' dir='ltr'><strong>ei</strong></span> <span class='ocrx_word' id='word_1_616' title='bbox 2459 3952 2778 4021; x_wconf 84' lang='lat' dir='ltr'><strong>incognitum</strong></span> <span class='ocrx_word' id='word_1_617' title='bbox 2820 3951 3114 4015; x_wconf 84' lang='lat' dir='ltr'><strong>videbatur,</strong></span> <span class='ocrx_word' id='word_1_618' title='bbox 3156 3962 3290 4015; x_wconf 90' lang='lat' dir='ltr'><strong>etc.,</strong></span> <span class='ocrx_word' id='word_1_619' title='bbox 3333 3953 3432 4008; x_wconf 89' lang='lat' dir='ltr'><strong>sed</strong></span> <span class='ocrx_word' id='word_1_620' title='bbox 3467 3953 3560 4010; x_wconf 89' lang='lat' dir='ltr'><strong>hic</strong></span> <span class='ocrx_word' id='word_1_621' title='bbox 3603 3969 3695 4009; x_wconf 87' lang='lat' dir='ltr'><strong>au-</strong></span> 
     </span>
    </p>
   </div>
   <div class='ocr_carea' id='block_1_86' title="bbox 2109 4043 3695 4115">
    <p class='ocr_par' dir='ltr' id='par_1_86' title="bbox 2109 4043 3695 4115">
     <span class='ocr_line' id='line_1_86' title="bbox 2109 4043 3695 4115; baseline 0.002 -16"><span class='ocrx_word' id='word_1_622' title='bbox 2109 4051 2228 4100; x_wconf 91' lang='lat' dir='ltr'><strong>ctor</strong></span> <span class='ocrx_word' id='word_1_623' title='bbox 2261 4044 2314 4097; x_wconf 92' lang='lat' dir='ltr'><strong>in</strong></span> <span class='ocrx_word' id='word_1_624' title='bbox 2344 4043 2534 4115; x_wconf 85' lang='lat' dir='ltr'><strong>paucis</strong></span> <span class='ocrx_word' id='word_1_625' title='bbox 2563 4045 2744 4100; x_wconf 83' lang='lat' dir='ltr'><strong>verbis</strong></span> <span class='ocrx_word' id='word_1_626' title='bbox 2782 4045 2953 4100; x_wconf 89' lang='lat' dir='ltr'><strong>multa</strong></span> <span class='ocrx_word' id='word_1_627' title='bbox 2980 4046 3240 4115; x_wconf 81' lang='lat' dir='ltr'><strong>peccavit.</strong></span> <span class='ocrx_word' id='word_1_628' title='bbox 3277 4043 3528 4100; x_wconf 87' lang='lat' dir='ltr'><strong>Fuerunt</strong></span> <span class='ocrx_word' id='word_1_629' title='bbox 3553 4049 3695 4103; x_wconf 86' lang='lat' dir='ltr'><strong>enim</strong></span> 
     </span>
    </p>
   </div>
   <div class='ocr_carea' id='block_1_87' title="bbox 2109 4133 3695 4206">
    <p class='ocr_par' dir='ltr' id='par_1_87' title="bbox 2109 4133 3695 4206">
     <span class='ocr_line' id='line_1_87' title="bbox 2109 4133 3695 4206; baseline 0.003 -16"><span class='ocrx_word' id='word_1_630' title='bbox 2109 4137 2203 4191; x_wconf 66' lang='lat' dir='ltr'><strong>lilii</strong></span> <span class='ocrx_word' id='word_1_631' title='bbox 2241 4133 2410 4191; x_wconf 82' lang='lat' dir='ltr'><strong>Iacob</strong></span> <span class='ocrx_word' id='word_1_632' title='bbox 2437 4135 2725 4191; x_wconf 88' lang='lat' dir='ltr'><strong>duodecim</strong></span> <span class='ocrx_word' id='word_1_633' title='bbox 2774 4145 2970 4206; x_wconf 65' lang='lat' dir='ltr'><strong>praeter</strong></span> <span class='ocrx_word' id='word_1_634' title='bbox 3000 4153 3161 4191; x_wconf 89' lang='lat' dir='ltr'><strong>unam</strong></span> <span class='ocrx_word' id='word_1_635' title='bbox 3207 4137 3497 4193; x_wconf 80' lang='lat' dir='ltr'><strong>feminam.</strong></span> <span class='ocrx_word' id='word_1_636' title='bbox 3543 4139 3695 4195; x_wconf 61' lang='lat' dir='ltr'><strong>Miti-</strong></span> 
     </span>
    </p>
   </div>
   <div class='ocr_carea' id='block_1_88' title="bbox 2110 4225 3693 4299">
    <p class='ocr_par' dir='ltr' id='par_1_88' title="bbox 2110 4225 3693 4299">
     <span class='ocr_line' id='line_1_88' title="bbox 2110 4225 3693 4299; baseline 0.005 -20"><span class='ocrx_word' id='word_1_637' title='bbox 2110 4241 2232 4280; x_wconf 91' lang='lat' dir='ltr'><strong>mus</strong></span> <span class='ocrx_word' id='word_1_638' title='bbox 2269 4233 2431 4280; x_wconf 89' lang='lat' dir='ltr'><strong>natus</strong></span> <span class='ocrx_word' id='word_1_639' title='bbox 2481 4235 2598 4280; x_wconf 89' lang='lat' dir='ltr'><strong>erat</strong></span> <span class='ocrx_word' id='word_1_640' title='bbox 2645 4225 2952 4295; x_wconf 79' lang='lat' dir='ltr'><strong>Bcnjamin,</strong></span> <span class='ocrx_word' id='word_1_641' title='bbox 3001 4243 3110 4281; x_wconf 91' lang='lat' dir='ltr'><strong>non</strong></span> <span class='ocrx_word' id='word_1_642' title='bbox 3151 4225 3378 4298; x_wconf 82' lang='lat' dir='ltr'><strong>Ioseph.</strong></span> <span class='ocrx_word' id='word_1_643' title='bbox 3413 4227 3620 4299; x_wconf 85' lang='lat' dir='ltr'><strong>Ioseph</strong></span> <span class='ocrx_word' id='word_1_644' title='bbox 3663 4245 3693 4286; x_wconf 78' lang='lat' dir='ltr'><strong>a</strong></span> 
     </span>
    </p>
   </div>
   <div class='ocr_carea' id='block_1_89' title="bbox 2110 4314 3690 4388">
    <p class='ocr_par' dir='ltr' id='par_1_89' title="bbox 2110 4314 3690 4388">
     <span class='ocr_line' id='line_1_89' title="bbox 2110 4314 3690 4388; baseline 0.005 -20"><span class='ocrx_word' id='word_1_645' title='bbox 2110 4315 2335 4384; x_wconf 83' lang='lat' dir='ltr'><strong>magicis</strong></span> <span class='ocrx_word' id='word_1_646' title='bbox 2361 4314 2573 4370; x_wconf 88' lang='lat' dir='ltr'><strong>artibus</strong></span> <span class='ocrx_word' id='word_1_647' title='bbox 2604 4329 2904 4386; x_wconf 86' lang='lat' dir='ltr'><strong>carumque</strong></span> <span class='ocrx_word' id='word_1_648' title='bbox 2932 4317 3112 4371; x_wconf 88' lang='lat' dir='ltr'><strong>studio</strong></span> <span class='ocrx_word' id='word_1_649' title='bbox 3151 4319 3446 4388; x_wconf 89' lang='lat' dir='ltr'><strong>plurimum</strong></span> <span class='ocrx_word' id='word_1_650' title='bbox 3488 4321 3690 4386; x_wconf 87' lang='lat' dir='ltr'><strong>abfuit;</strong></span> 
     </span>
    </p>
   </div>
   <div class='ocr_carea' id='block_1_90' title="bbox 429 4390 3694 4482">
    <p class='ocr_par' dir='ltr' id='par_1_90' title="bbox 429 4390 3694 4482">
     <span class='ocr_line' id='line_1_90' title="bbox 429 4390 3694 4482; baseline 0.007 -38"><span class='ocrx_word' id='word_1_651' title='bbox 429 4391 519 4462; x_wconf 85' lang='lat' dir='ltr'><strong>qui</strong></span> <span class='ocrx_word' id='word_1_652' title='bbox 546 4390 740 4446; x_wconf 84' lang='lat' dir='ltr'><strong>invenit</strong></span> <span class='ocrx_word' id='word_1_653' title='bbox 789 4391 976 4448; x_wconf 85' lang='lat' dir='ltr'><strong>Jamin</strong></span> <span class='ocrx_word' id='word_1_654' title='bbox 1022 4397 1078 4450; x_wconf 90' lang='lat' dir='ltr'><strong>in</strong></span> <span class='ocrx_word' id='word_1_655' title='bbox 1118 4397 1344 4463; x_wconf 84' lang='lat' dir='ltr'><strong>deserto,</strong></span> <span class='ocrx_word' id='word_1_656' title='bbox 1367 4399 1577 4469; x_wconf 85' lang='lat' dir='ltr'><strong>quando</strong></span> <span class='ocrx_word' id='word_1_657' title='bbox 1622 4403 1866 4471; x_wconf 79' lang='lat' dir='ltr'><strong>pascebat</strong></span> <span class='ocrx_word' id='word_1_658' title='bbox 1913 4406 1978 4476; x_wconf 87' lang='lat' dir='ltr'><strong>ju</strong></span> <span class='ocrx_word' id='word_1_659' title='bbox 2039 4427 2082 4481; x_wconf 80' lang='grc' dir='ltr'><strong>ι)</strong></span> <span class='ocrx_word' id='word_1_660' title='bbox 2113 4406 2206 4460; x_wconf 88' lang='lat' dir='ltr'><strong>sed</strong></span> <span class='ocrx_word' id='word_1_661' title='bbox 2245 4406 2481 4476; x_wconf 84' lang='lat' dir='ltr'><strong>Spiritus</strong></span> <span class='ocrx_word' id='word_1_662' title='bbox 2515 4408 2689 4462; x_wconf 89' lang='lat' dir='ltr'><strong>sancti</strong></span> <span class='ocrx_word' id='word_1_663' title='bbox 2747 4409 3011 4478; x_wconf 87' lang='lat' dir='ltr'><strong>peculiari</strong></span> <span class='ocrx_word' id='word_1_664' title='bbox 3047 4411 3280 4480; x_wconf 88' lang='lat' dir='ltr'><strong>quadam</strong></span> <span class='ocrx_word' id='word_1_665' title='bbox 3316 4415 3498 4482; x_wconf 86' lang='lat' dir='ltr'><strong>gratia</strong></span> <span class='ocrx_word' id='word_1_666' title='bbox 3527 4413 3694 4470; x_wconf 51' lang='lat' dir='ltr'><strong>dona-</strong></span> 
     </span>
    </p>
   </div>
   <div class='ocr_carea' id='block_1_91' title="bbox 429 4485 2009 4558">
    <p class='ocr_par' dir='ltr' id='par_1_91' title="bbox 429 4485 2009 4558">
     <span class='ocr_line' id='line_1_91' title="bbox 429 4485 2009 4558; baseline 0.012 -24"><span class='ocrx_word' id='word_1_667' title='bbox 429 4493 607 4537; x_wconf 83' lang='lat' dir='ltr'><strong>menta</strong></span> <span class='ocrx_word' id='word_1_668' title='bbox 637 4485 806 4552; x_wconf 81' lang='lat' dir='ltr'><strong>patris</strong></span> <span class='ocrx_word' id='word_1_669' title='bbox 837 4486 956 4553; x_wconf 85' lang='lat' dir='ltr'><strong>sui;</strong></span> <span class='ocrx_word' id='word_1_670' title='bbox 981 4503 1122 4558; x_wconf 89' lang='lat' dir='ltr'><strong>quos</strong></span> <span class='ocrx_word' id='word_1_671' title='bbox 1149 4499 1372 4545; x_wconf 88' lang='lat' dir='ltr'><strong>secutus</strong></span> <span class='ocrx_word' id='word_1_672' title='bbox 1395 4488 1707 4549; x_wconf 85' lang='lat' dir='ltr'><strong>Eustathius</strong></span> <span class='ocrx_word' id='word_1_673' title='bbox 1733 4497 1872 4551; x_wconf 87' lang='lat' dir='ltr'><strong>idem</strong></span> <span class='ocrx_word' id='word_1_674' title='bbox 1907 4498 2009 4553; x_wconf 90' lang='lat' dir='ltr'><strong>hoc</strong></span> 
     </span>
    </p>
   </div>
   <div class='ocr_carea' id='block_1_92' title="bbox 427 4571 934 4632">
    <p class='ocr_par' dir='ltr' id='par_1_92' title="bbox 427 4571 934 4632">
     <span class='ocr_line' id='line_1_92' title="bbox 427 4571 934 4632; baseline 0.008 -6"><span class='ocrx_word' id='word_1_675' title='bbox 427 4571 488 4626; x_wconf 86' lang='lat' dir='ltr'><strong>in</strong></span> <span class='ocrx_word' id='word_1_676' title='bbox 520 4573 640 4627; x_wconf 86' lang='lat' dir='ltr'><strong>loco</strong></span> <span class='ocrx_word' id='word_1_677' title='bbox 671 4577 934 4632; x_wconf 80' lang='lat' dir='ltr'><strong>retinens.</strong></span> 
     </span>
    </p>
   </div>
   <div class='ocr_carea' id='block_1_93' title="bbox 500 4663 2010 4748">
    <p class='ocr_par' dir='ltr' id='par_1_93' title="bbox 500 4663 2010 4748">
     <span class='ocr_line' id='line_1_93' title="bbox 500 4663 2010 4748; baseline 0.008 -26"><span class='ocrx_word' id='word_1_678' title='bbox 500 4663 662 4732; x_wconf 84' lang='lat' dir='ltr'><strong>lbid.,</strong></span> <span class='ocrx_word' id='word_1_679' title='bbox 709 4668 806 4722; x_wconf 88' lang='lat' dir='ltr'><strong>lin.</strong></span> <span class='ocrx_word' id='word_1_680' title='bbox 849 4669 930 4723; x_wconf 73' lang='lat'><strong>26.</strong></span> <span class='ocrx_word' id='word_1_681' title='bbox 964 4671 1104 4725; x_wconf 82' lang='grc' dir='ltr'><strong>Μεθ’</strong></span> <span class='ocrx_word' id='word_1_682' title='bbox 1135 4671 1208 4724; x_wconf 83' lang='grc' dir='ltr'><strong>ὃν</strong></span> <span class='ocrx_word' id='word_1_683' title='bbox 1253 4673 1465 4731; x_wconf 79' lang='grc' dir='ltr'><strong>’[ωϐάὸ.</strong></span> <span class='ocrx_word' id='word_1_684' title='bbox 1491 4673 1666 4731; x_wconf 80' lang='lat' dir='ltr'><strong>Jobab</strong></span> <span class='ocrx_word' id='word_1_685' title='bbox 1704 4678 1771 4734; x_wconf 89' lang='lat' dir='ltr'><strong>de</strong></span> <span class='ocrx_word' id='word_1_686' title='bbox 1816 4694 1925 4748; x_wconf 90' lang='lat' dir='ltr'><strong>quo</strong></span> <span class='ocrx_word' id='word_1_687' title='bbox 1952 4681 2010 4734; x_wconf 89' lang='lat' dir='ltr'><strong>ﬁt</strong></span> 
     </span>
    </p>
   </div>
   <div class='ocr_carea' id='block_1_94' title="bbox 429 4759 2009 4842">
    <p class='ocr_par' dir='ltr' id='par_1_94' title="bbox 429 4759 2009 4842">
     <span class='ocr_line' id='line_1_94' title="bbox 429 4759 2009 4842; baseline 0.007 -27"><span class='ocrx_word' id='word_1_688' title='bbox 429 4759 520 4824; x_wconf 84' lang='lat' dir='ltr'><strong>hic</strong></span> <span class='ocrx_word' id='word_1_689' title='bbox 542 4761 766 4826; x_wconf 87' lang='lat' dir='ltr'><strong>mentio,</strong></span> <span class='ocrx_word' id='word_1_690' title='bbox 797 4759 998 4817; x_wconf 89' lang='lat' dir='ltr'><strong>Iobum</strong></span> <span class='ocrx_word' id='word_1_691' title='bbox 1033 4762 1204 4818; x_wconf 88' lang='lat' dir='ltr'><strong>fuisse</strong></span> <span class='ocrx_word' id='word_1_692' title='bbox 1237 4766 1394 4819; x_wconf 90' lang='lat' dir='ltr'><strong>multi</strong></span> <span class='ocrx_word' id='word_1_693' title='bbox 1424 4768 1791 4838; x_wconf 90' lang='lat' dir='ltr'><strong>tradiderunt,</strong></span> <span class='ocrx_word' id='word_1_694' title='bbox 1823 4787 2009 4842; x_wconf 85' lang='lat' dir='ltr'><strong>quam-</strong></span> 
     </span>
    </p>
   </div>
   <div class='ocr_carea' id='block_1_95' title="bbox 430 4851 2004 4928">
    <p class='ocr_par' dir='ltr' id='par_1_95' title="bbox 430 4851 2004 4928">
     <span class='ocr_line' id='line_1_95' title="bbox 430 4851 2004 4928; baseline 0.008 -21"><span class='ocrx_word' id='word_1_695' title='bbox 430 4851 515 4908; x_wconf 77' lang='lat' dir='ltr'><strong>vis</strong></span> <span class='ocrx_word' id='word_1_696' title='bbox 542 4852 854 4922; x_wconf 85' lang='lat' dir='ltr'><strong>oppositum</strong></span> <span class='ocrx_word' id='word_1_697' title='bbox 884 4853 1154 4911; x_wconf 84' lang='lat' dir='ltr'><strong>aﬁirment</strong></span> <span class='ocrx_word' id='word_1_698' title='bbox 1176 4854 1445 4926; x_wconf 85' lang='lat' dir='ltr'><strong>Lyranus,</strong></span> <span class='ocrx_word' id='word_1_699' title='bbox 1476 4867 1530 4914; x_wconf 89' lang='lat' dir='ltr'><strong>et</strong></span> <span class='ocrx_word' id='word_1_700' title='bbox 1559 4856 1829 4928; x_wconf 71' lang='lat' dir='ltr'><strong>Oleaster,</strong></span> <span class='ocrx_word' id='word_1_701' title='bbox 1853 4879 2004 4918; x_wconf 89' lang='lat' dir='ltr'><strong>eum-</strong></span> 
     </span>
    </p>
   </div>
   <div class='ocr_carea' id='block_1_96' title="bbox 429 4943 2006 5016">
    <p class='ocr_par' dir='ltr' id='par_1_96' title="bbox 429 4943 2006 5016">
     <span class='ocr_line' id='line_1_96' title="bbox 429 4943 2006 5016; baseline 0.006 -20"><span class='ocrx_word' id='word_1_702' title='bbox 429 4958 537 5014; x_wconf 84' lang='lat' dir='ltr'><strong>que</strong></span> <span class='ocrx_word' id='word_1_703' title='bbox 573 4943 745 5000; x_wconf 86' lang='lat' dir='ltr'><strong>fuisse</strong></span> <span class='ocrx_word' id='word_1_704' title='bbox 786 4959 894 4998; x_wconf 92' lang='lat' dir='ltr'><strong>non</strong></span> <span class='ocrx_word' id='word_1_705' title='bbox 949 4945 1120 5000; x_wconf 89' lang='lat' dir='ltr'><strong>ﬁlium</strong></span> <span class='ocrx_word' id='word_1_706' title='bbox 1169 4945 1335 5012; x_wconf 85' lang='lat' dir='ltr'><strong>Esau,</strong></span> <span class='ocrx_word' id='word_1_707' title='bbox 1387 4956 1446 5002; x_wconf 91' lang='lat' dir='ltr'><strong>ut</strong></span> <span class='ocrx_word' id='word_1_708' title='bbox 1497 4950 1682 5004; x_wconf 75' lang='lat' dir='ltr'><strong>retulit</strong></span> <span class='ocrx_word' id='word_1_709' title='bbox 1720 4951 2006 5016; x_wconf 78' lang='lat' dir='ltr'><strong>Aristteus,</strong></span> 
     </span>
    </p>
   </div>
   <div class='ocr_carea' id='block_1_97' title="bbox 427 5033 2010 5114">
    <p class='ocr_par' dir='ltr' id='par_1_97' title="bbox 427 5033 2010 5114">
     <span class='ocr_line' id='line_1_97' title="bbox 427 5033 2010 5114; baseline 0.009 -26"><span class='ocrx_word' id='word_1_710' title='bbox 427 5036 523 5109; x_wconf 82' lang='lat' dir='ltr'><strong>qui</strong></span> <span class='ocrx_word' id='word_1_711' title='bbox 549 5033 863 5092; x_wconf 58' lang='lat' dir='ltr'><strong>Iudaeorum</strong></span> <span class='ocrx_word' id='word_1_712' title='bbox 895 5036 1187 5093; x_wconf 84' lang='lat' dir='ltr'><strong>historiam</strong></span> <span class='ocrx_word' id='word_1_713' title='bbox 1238 5042 1463 5110; x_wconf 86' lang='lat' dir='ltr'><strong>scripsit</strong></span> <span class='ocrx_word' id='word_1_714' title='bbox 1516 5043 1660 5114; x_wconf 90' lang='lat' dir='ltr'><strong>apud</strong></span> <span class='ocrx_word' id='word_1_715' title='bbox 1714 5043 2010 5102; x_wconf 87' lang='lat' dir='ltr'><strong>Eusebium</strong></span> 
     </span>
    </p>
   </div>
   <div class='ocr_carea' id='block_1_98' title="bbox 422 5125 2006 5209">
    <p class='ocr_par' dir='ltr' id='par_1_98' title="bbox 422 5125 2006 5209">
     <span class='ocr_line' id='line_1_98' title="bbox 422 5125 2006 5209; baseline 0.007 -26"><span class='ocrx_word' id='word_1_716' title='bbox 422 5125 954 5195; x_wconf 69' lang='lat' dir='ltr'><strong>.Caasariensem,lib.</strong></span> <span class='ocrx_word' id='word_1_717' title='bbox 988 5145 1043 5185; x_wconf 81' lang='lat' dir='ltr'><strong>Ix</strong></span> <span class='ocrx_word' id='word_1_718' title='bbox 1074 5131 1152 5198; x_wconf 76' lang='lat' dir='ltr'><strong>De</strong></span> <span class='ocrx_word' id='word_1_719' title='bbox 1179 5136 1564 5204; x_wconf 62' lang='lat' dir='ltr'><strong>praeparatione</strong></span> <span class='ocrx_word' id='word_1_720' title='bbox 1596 5135 2006 5209; x_wconf 83' lang='lat' dir='ltr'><strong>Evangel.,cap.</strong></span> 
     </span>
    </p>
   </div>
   <div class='ocr_carea' id='block_1_99' title="bbox 431 5218 2010 5295">
    <p class='ocr_par' dir='ltr' id='par_1_99' title="bbox 431 5218 2010 5295">
     <span class='ocr_line' id='line_1_99' title="bbox 431 5218 2010 5295; baseline 0.009 -25"><span class='ocrx_word' id='word_1_721' title='bbox 431 5218 607 5272; x_wconf 89' lang='lat' dir='ltr'><strong>ultim.</strong></span> <span class='ocrx_word' id='word_1_722' title='bbox 633 5259 648 5284; x_wconf 95' lang='lat'><strong>,</strong></span> <span class='ocrx_word' id='word_1_723' title='bbox 685 5219 781 5274; x_wconf 90' lang='lat' dir='ltr'><strong>sed</strong></span> <span class='ocrx_word' id='word_1_724' title='bbox 813 5235 880 5275; x_wconf 79' lang='lat' dir='ltr'><strong>ex</strong></span> <span class='ocrx_word' id='word_1_725' title='bbox 933 5221 1106 5292; x_wconf 83' lang='lat' dir='ltr'><strong>stirpe</strong></span> <span class='ocrx_word' id='word_1_726' title='bbox 1135 5229 1191 5278; x_wconf 89' lang='lat' dir='ltr'><strong>et</strong></span> <span class='ocrx_word' id='word_1_727' title='bbox 1240 5226 1499 5295; x_wconf 86' lang='lat' dir='ltr'><strong>progenie</strong></span> <span class='ocrx_word' id='word_1_728' title='bbox 1545 5224 1712 5291; x_wconf 87' lang='lat' dir='ltr'><strong>Esau,</strong></span> <span class='ocrx_word' id='word_1_729' title='bbox 1759 5227 2010 5284; x_wconf 89' lang='lat' dir='ltr'><strong>scribunt</strong></span> 
     </span>
    </p>
   </div>
   <div class='ocr_carea' id='block_1_100' title="bbox 428 5311 2009 5387">
    <p class='ocr_par' dir='ltr' id='par_1_100' title="bbox 428 5311 2009 5387">
     <span class='ocr_line' id='line_1_100' title="bbox 428 5311 2009 5387; baseline 0.006 -22"><span class='ocrx_word' id='word_1_730' title='bbox 428 5311 765 5368; x_wconf 68' lang='lat' dir='ltr'><strong>Athanasius</strong></span> <span class='ocrx_word' id='word_1_731' title='bbox 817 5313 876 5369; x_wconf 85' lang='lat' dir='ltr'><strong>in</strong></span> <span class='ocrx_word' id='word_1_732' title='bbox 923 5315 1172 5385; x_wconf 84' lang='lat' dir='ltr'><strong>synopsi,</strong></span> <span class='ocrx_word' id='word_1_733' title='bbox 1205 5313 1638 5387; x_wconf 81' lang='lat' dir='ltr'><strong>Chrysostomus</strong></span> <span class='ocrx_word' id='word_1_734' title='bbox 1679 5318 1825 5372; x_wconf 89' lang='lat' dir='ltr'><strong>hom.</strong></span> <span class='ocrx_word' id='word_1_735' title='bbox 1855 5318 1892 5372; x_wconf 78' lang='lat'><strong>2</strong></span> <span class='ocrx_word' id='word_1_736' title='bbox 1933 5319 2009 5375; x_wconf 86' lang='lat' dir='ltr'><strong>De</strong></span> 
     </span>
    </p>
   </div>
   <div class='ocr_carea' id='block_1_101' title="bbox 313 5402 2007 5481">
    <p class='ocr_par' dir='ltr' id='par_1_101' title="bbox 313 5402 2007 5481">
     <span class='ocr_line' id='line_1_101' title="bbox 313 5402 2007 5481; baseline 0.008 -27"><span class='ocrx_word' id='word_1_737' title='bbox 313 5446 316 5448; x_wconf 82' lang='grc'>.</span> <span class='ocrx_word' id='word_1_738' title='bbox 427 5404 650 5472; x_wconf 75' lang='lat' dir='ltr'><strong>patient.</strong></span> <span class='ocrx_word' id='word_1_739' title='bbox 684 5402 812 5471; x_wconf 78' lang='lat' dir='ltr'><strong>Job,</strong></span> <span class='ocrx_word' id='word_1_740' title='bbox 841 5408 1180 5477; x_wconf 72' lang='lat' dir='ltr'><strong>Augustinus</strong></span> <span class='ocrx_word' id='word_1_741' title='bbox 1211 5409 1311 5466; x_wconf 90' lang='lat' dir='ltr'><strong>lib.</strong></span> <span class='ocrx_word' id='word_1_742' title='bbox 1333 5426 1477 5465; x_wconf 65' lang='lat' dir='ltr'><strong>17m</strong></span> <span class='ocrx_word' id='word_1_743' title='bbox 1510 5409 1587 5466; x_wconf 87' lang='lat' dir='ltr'><strong>De</strong></span> <span class='ocrx_word' id='word_1_744' title='bbox 1635 5412 1848 5468; x_wconf 80' lang='lat' dir='ltr'><strong>civitate</strong></span> <span class='ocrx_word' id='word_1_745' title='bbox 1887 5411 2007 5481; x_wconf 84' lang='lat' dir='ltr'><strong>Dei,</strong></span> 
     </span>
    </p>
   </div>
   <div class='ocr_carea' id='block_1_102' title="bbox 429 5494 2012 5576">
    <p class='ocr_par' dir='ltr' id='par_1_102' title="bbox 429 5494 2012 5576">
     <span class='ocr_line' id='line_1_102' title="bbox 429 5494 2012 5576; baseline 0.01 -29"><span class='ocrx_word' id='word_1_746' title='bbox 429 5509 550 5565; x_wconf 90' lang='lat' dir='ltr'><strong>cap.</strong></span> <span class='ocrx_word' id='word_1_747' title='bbox 585 5494 676 5552; x_wconf 72' lang='grc' dir='ltr'><strong>Π.</strong></span> <span class='ocrx_word' id='word_1_748' title='bbox 712 5497 859 5553; x_wconf 88' lang='lat' dir='ltr'><strong>Idem</strong></span> <span class='ocrx_word' id='word_1_749' title='bbox 893 5502 1063 5557; x_wconf 80' lang='lat' dir='ltr'><strong>sentit</strong></span> <span class='ocrx_word' id='word_1_750' title='bbox 1108 5509 1165 5558; x_wconf 89' lang='lat' dir='ltr'><strong>et</strong></span> <span class='ocrx_word' id='word_1_751' title='bbox 1213 5501 1588 5560; x_wconf 85' lang='lat' dir='ltr'><strong>Theodoretus</strong></span> <span class='ocrx_word' id='word_1_752' title='bbox 1616 5506 1906 5576; x_wconf 62' lang='lat' dir='ltr'><strong>question.</strong></span> <span class='ocrx_word' id='word_1_753' title='bbox 1940 5505 2012 5563; x_wconf 71' lang='lat'><strong>92</strong></span> 
     </span>
    </p>
   </div>
   <div class='ocr_carea' id='block_1_103' title="bbox 428 5584 2012 5665">
    <p class='ocr_par' dir='ltr' id='par_1_103' title="bbox 428 5584 2012 5665">
     <span class='ocr_line' id='line_1_103' title="bbox 428 5584 2012 5665; baseline 0.009 -25"><span class='ocrx_word' id='word_1_754' title='bbox 428 5585 487 5640; x_wconf 79' lang='lat' dir='ltr'><strong>ia</strong></span> <span class='ocrx_word' id='word_1_755' title='bbox 513 5584 644 5648; x_wconf 81' lang='lat' dir='ltr'><strong>Gen.</strong></span> <span class='ocrx_word' id='word_1_756' title='bbox 674 5596 729 5645; x_wconf 89' lang='lat' dir='ltr'><strong>et</strong></span> <span class='ocrx_word' id='word_1_757' title='bbox 755 5589 1055 5663; x_wconf 80' lang='lat' dir='ltr'><strong>Gregorius</strong></span> <span class='ocrx_word' id='word_1_758' title='bbox 1083 5592 1317 5665; x_wconf 80' lang='lat' dir='ltr'><strong>Magnus</strong></span> <span class='ocrx_word' id='word_1_759' title='bbox 1346 5595 1504 5650; x_wconf 91' lang='lat' dir='ltr'><strong>initio</strong></span> <span class='ocrx_word' id='word_1_760' title='bbox 1549 5595 1924 5654; x_wconf 88' lang='lat' dir='ltr'><strong>Commentar.</strong></span> <span class='ocrx_word' id='word_1_761' title='bbox 1954 5599 2012 5654; x_wconf 82' lang='lat' dir='ltr'><strong>in</strong></span> 
     </span>
    </p>
   </div>
   <div class='ocr_carea' id='block_1_104' title="bbox 424 5673 2009 5763">
    <p class='ocr_par' dir='ltr' id='par_1_104' title="bbox 424 5673 2009 5763">
     <span class='ocr_line' id='line_1_104' title="bbox 424 5673 2009 5763; baseline 0.009 -31"><span class='ocrx_word' id='word_1_762' title='bbox 424 5673 553 5735; x_wconf 75' lang='lat' dir='ltr'><strong>Iob.</strong></span> <span class='ocrx_word' id='word_1_763' title='bbox 588 5677 682 5736; x_wconf 87' lang='lat' dir='ltr'><strong>llis</strong></span> <span class='ocrx_word' id='word_1_764' title='bbox 715 5684 963 5752; x_wconf 85' lang='lat' dir='ltr'><strong>patrihus</strong></span> <span class='ocrx_word' id='word_1_765' title='bbox 992 5684 1152 5751; x_wconf 83' lang='lat' dir='ltr'><strong>adde,</strong></span> <span class='ocrx_word' id='word_1_766' title='bbox 1187 5693 1242 5740; x_wconf 86' lang='lat' dir='ltr'><strong>et</strong></span> <span class='ocrx_word' id='word_1_767' title='bbox 1262 5700 1400 5760; x_wconf 81' lang='lat' dir='ltr'><strong>quos</strong></span> <span class='ocrx_word' id='word_1_768' title='bbox 1429 5699 1714 5745; x_wconf 86' lang='lat' dir='ltr'><strong>enumerat</strong></span> <span class='ocrx_word' id='word_1_769' title='bbox 1740 5690 2009 5763; x_wconf 83' lang='lat' dir='ltr'><strong>Hierony-</strong></span> 
     </span>
    </p>
   </div>
   <div class='ocr_carea' id='block_1_105' title="bbox 2113 4499 2890 4571">
    <p class='ocr_par' dir='ltr' id='par_1_105' title="bbox 2113 4499 2890 4571">
     <span class='ocr_line' id='line_1_105' title="bbox 2113 4499 2890 4571; baseline 0.006 -20"><span class='ocrx_word' id='word_1_770' title='bbox 2113 4507 2201 4556; x_wconf 91' lang='lat' dir='ltr'><strong>tus</strong></span> <span class='ocrx_word' id='word_1_771' title='bbox 2230 4500 2321 4552; x_wconf 90' lang='lat' dir='ltr'><strong>illa</strong></span> <span class='ocrx_word' id='word_1_772' title='bbox 2355 4499 2536 4555; x_wconf 90' lang='lat' dir='ltr'><strong>omnia</strong></span> <span class='ocrx_word' id='word_1_773' title='bbox 2573 4501 2890 4571; x_wconf 88' lang='lat' dir='ltr'><strong>perfecerat.</strong></span> 
     </span>
    </p>
   </div>
   <div class='ocr_carea' id='block_1_106' title="bbox 2183 4587 3690 4665">
    <p class='ocr_par' dir='ltr' id='par_1_106' title="bbox 2183 4587 3690 4665">
     <span class='ocr_line' id='line_1_106' title="bbox 2183 4587 3690 4665; baseline 0.005 -22"><span class='ocrx_word' id='word_1_774' title='bbox 2183 4587 2340 4653; x_wconf 87' lang='lat' dir='ltr'><strong>lbid..</strong></span> <span class='ocrx_word' id='word_1_775' title='bbox 2374 4590 2470 4644; x_wconf 89' lang='lat' dir='ltr'><strong>lin.</strong></span> <span class='ocrx_word' id='word_1_776' title='bbox 2504 4590 2594 4644; x_wconf 76' lang='grc'><strong>57.</strong></span> <span class='ocrx_word' id='word_1_777' title='bbox 2643 4588 2727 4656; x_wconf 85' lang='grc' dir='ltr'><strong>Τῷ</strong></span> <span class='ocrx_word' id='word_1_778' title='bbox 2756 4590 3094 4661; x_wconf 65' lang='grc' dir='ltr'><strong>Πενταφρῇ.</strong></span> <span class='ocrx_word' id='word_1_779' title='bbox 3133 4591 3398 4663; x_wconf 86' lang='lat' dir='ltr'><strong>Principi,</strong></span> <span class='ocrx_word' id='word_1_780' title='bbox 3431 4609 3537 4649; x_wconf 87' lang='lat' dir='ltr'><strong>seu</strong></span> <span class='ocrx_word' id='word_1_781' title='bbox 3563 4609 3690 4665; x_wconf 65' lang='lat' dir='ltr'><strong>prt-</strong></span> 
     </span>
    </p>
   </div>
   <div class='ocr_carea' id='block_1_107' title="bbox 2111 4679 3689 4759">
    <p class='ocr_par' dir='ltr' id='par_1_107' title="bbox 2111 4679 3689 4759">
     <span class='ocr_line' id='line_1_107' title="bbox 2111 4679 3689 4759; baseline 0.006 -26"><span class='ocrx_word' id='word_1_782' title='bbox 2111 4679 2254 4735; x_wconf 90' lang='lat' dir='ltr'><strong>fecto</strong></span> <span class='ocrx_word' id='word_1_783' title='bbox 2275 4695 2600 4751; x_wconf 86' lang='lat' dir='ltr'><strong>coquorum.</strong></span> <span class='ocrx_word' id='word_1_784' title='bbox 2635 4679 2713 4735; x_wconf 84' lang='lat' dir='ltr'><strong>ita</strong></span> <span class='ocrx_word' id='word_1_785' title='bbox 2749 4681 2904 4736; x_wconf 88' lang='lat' dir='ltr'><strong>Philo</strong></span> <span class='ocrx_word' id='word_1_786' title='bbox 2927 4684 3022 4739; x_wconf 89' lang='lat' dir='ltr'><strong>lib.</strong></span> <span class='ocrx_word' id='word_1_787' title='bbox 3050 4683 3126 4738; x_wconf 84' lang='lat' dir='ltr'><strong>De</strong></span> <span class='ocrx_word' id='word_1_788' title='bbox 3149 4682 3393 4752; x_wconf 82' lang='lat' dir='ltr'><strong>Joseph.;</strong></span> <span class='ocrx_word' id='word_1_789' title='bbox 3422 4683 3689 4759; x_wconf 83' lang='lat' dir='ltr'><strong>Iosephus</strong></span> 
     </span>
    </p>
   </div>
   <div class='ocr_carea' id='block_1_108' title="bbox 2110 4773 3685 4846">
    <p class='ocr_par' dir='ltr' id='par_1_108' title="bbox 2110 4773 3685 4846">
     <span class='ocr_line' id='line_1_108' title="bbox 2110 4773 3685 4846; baseline 0.004 -19"><span class='ocrx_word' id='word_1_790' title='bbox 2110 4773 2205 4828; x_wconf 87' lang='lat' dir='ltr'><strong>lib.</strong></span> <span class='ocrx_word' id='word_1_791' title='bbox 2236 4788 2252 4828; x_wconf 87' lang='grc' dir='ltr'><strong>ι</strong></span> <span class='ocrx_word' id='word_1_792' title='bbox 2279 4774 2622 4844; x_wconf 82' lang='lat' dir='ltr'><strong>Antiquitat.,</strong></span> <span class='ocrx_word' id='word_1_793' title='bbox 2653 4775 2975 4831; x_wconf 87' lang='lat' dir='ltr'><strong>Ambrosius</strong></span> <span class='ocrx_word' id='word_1_794' title='bbox 3002 4777 3092 4831; x_wconf 88' lang='lat' dir='ltr'><strong>lib.</strong></span> <span class='ocrx_word' id='word_1_795' title='bbox 3125 4777 3202 4831; x_wconf 87' lang='lat' dir='ltr'><strong>De</strong></span> <span class='ocrx_word' id='word_1_796' title='bbox 3227 4777 3471 4846; x_wconf 85' lang='lat' dir='ltr'><strong>Joseph.,</strong></span> <span class='ocrx_word' id='word_1_797' title='bbox 3498 4791 3554 4836; x_wconf 88' lang='lat' dir='ltr'><strong>et</strong></span> <span class='ocrx_word' id='word_1_798' title='bbox 3584 4782 3685 4836; x_wconf 88' lang='lat' dir='ltr'><strong>alii.</strong></span> 
     </span>
    </p>
   </div>
   <div class='ocr_carea' id='block_1_109' title="bbox 2109 4864 3688 4944">
    <p class='ocr_par' dir='ltr' id='par_1_109' title="bbox 2109 4864 3688 4944">
     <span class='ocr_line' id='line_1_109' title="bbox 2109 4864 3688 4944; baseline 0.006 -24"><span class='ocrx_word' id='word_1_799' title='bbox 2109 4864 2370 4922; x_wconf 75' lang='lat' dir='ltr'><strong>Nonnulli</strong></span> <span class='ocrx_word' id='word_1_800' title='bbox 2398 4881 2585 4923; x_wconf 87' lang='lat' dir='ltr'><strong>vocem</strong></span> <span class='ocrx_word' id='word_1_801' title='bbox 2633 4867 2956 4924; x_wconf 87' lang='lat' dir='ltr'><strong>Hebraicam</strong></span> <span class='ocrx_word' id='word_1_802' title='bbox 2995 4871 3303 4941; x_wconf 88' lang='lat' dir='ltr'><strong>signiﬁcare</strong></span> <span class='ocrx_word' id='word_1_803' title='bbox 3341 4876 3688 4944; x_wconf 68' lang='lat' dir='ltr'><strong>praepositum</strong></span> 
     </span>
    </p>
   </div>
   <div class='ocr_carea' id='block_1_110' title="bbox 2110 4958 3688 5034">
    <p class='ocr_par' dir='ltr' id='par_1_110' title="bbox 2110 4958 3688 5034">
     <span class='ocr_line' id='line_1_110' title="bbox 2110 4958 3688 5034; baseline 0.008 -22"><span class='ocrx_word' id='word_1_804' title='bbox 2110 4959 2318 5013; x_wconf 62' lang='lat' dir='ltr'><strong>militiai</strong></span> <span class='ocrx_word' id='word_1_805' title='bbox 2343 4958 2715 5014; x_wconf 70' lang='lat' dir='ltr'><strong>tradiderunt.’</strong></span> <span class='ocrx_word' id='word_1_806' title='bbox 2731 4961 2836 5016; x_wconf 92' lang='lat' dir='ltr'><strong>Alii</strong></span> <span class='ocrx_word' id='word_1_807' title='bbox 2864 4969 3177 5034; x_wconf 85' lang='lat' dir='ltr'><strong>utrumque.</strong></span> <span class='ocrx_word' id='word_1_808' title='bbox 3199 4965 3482 5032; x_wconf 88' lang='lat' dir='ltr'><strong>Pererius,</strong></span> <span class='ocrx_word' id='word_1_809' title='bbox 3515 4969 3688 5024; x_wconf 84' lang='lat' dir='ltr'><strong>neSe-</strong></span> 
     </span>
    </p>
   </div>
   <div class='ocr_carea' id='block_1_111' title="bbox 2114 5051 3685 5123">
    <p class='ocr_par' dir='ltr' id='par_1_111' title="bbox 2114 5051 3685 5123">
     <span class='ocr_line' id='line_1_111' title="bbox 2114 5051 3685 5123; baseline 0.008 -20"><span class='ocrx_word' id='word_1_810' title='bbox 2114 5051 2393 5123; x_wconf 83' lang='lat' dir='ltr'><strong>ptuaginta</strong></span> <span class='ocrx_word' id='word_1_811' title='bbox 2423 5051 2755 5121; x_wconf 84' lang='lat' dir='ltr'><strong>Interprctes</strong></span> <span class='ocrx_word' id='word_1_812' title='bbox 2781 5053 2854 5108; x_wconf 91' lang='lat' dir='ltr'><strong>ita</strong></span> <span class='ocrx_word' id='word_1_813' title='bbox 2884 5055 3172 5112; x_wconf 86' lang='lat' dir='ltr'><strong>reddentes</strong></span> <span class='ocrx_word' id='word_1_814' title='bbox 3195 5072 3415 5114; x_wconf 87' lang='lat' dir='ltr'><strong>errasse</strong></span> <span class='ocrx_word' id='word_1_815' title='bbox 3441 5060 3685 5116; x_wconf 80' lang='lat' dir='ltr'><strong>videren-</strong></span> 
     </span>
    </p>
   </div>
   <div class='ocr_carea' id='block_1_112' title="bbox 2110 5142 3684 5220">
    <p class='ocr_par' dir='ltr' id='par_1_112' title="bbox 2110 5142 3684 5220">
     <span class='ocr_line' id='line_1_112' title="bbox 2110 5142 3684 5220; baseline 0.01 -27"><span class='ocrx_word' id='word_1_816' title='bbox 2110 5150 2222 5207; x_wconf 90' lang='lat' dir='ltr'><strong>tur,</strong></span> <span class='ocrx_word' id='word_1_817' title='bbox 2254 5142 2331 5198; x_wconf 90' lang='lat' dir='ltr'><strong>ait</strong></span> <span class='ocrx_word' id='word_1_818' title='bbox 2362 5142 2762 5214; x_wconf 79' lang='grc' dir='ltr'><strong>ἀρχιμάγειρον</strong></span> <span class='ocrx_word' id='word_1_819' title='bbox 2791 5147 2978 5201; x_wconf 89' lang='lat' dir='ltr'><strong>omnia</strong></span> <span class='ocrx_word' id='word_1_820' title='bbox 3029 5146 3147 5202; x_wconf 78' lang='lat' dir='ltr'><strong>htec</strong></span> <span class='ocrx_word' id='word_1_821' title='bbox 3195 5149 3535 5220; x_wconf 86' lang='lat' dir='ltr'><strong>signiﬁcare.</strong></span> <span class='ocrx_word' id='word_1_822' title='bbox 3589 5151 3684 5208; x_wconf 79' lang='lat' dir='ltr'><strong>Sed</strong></span> 
     </span>
    </p>
   </div>
   <div class='ocr_carea' id='block_1_113' title="bbox 2110 5233 3684 5314">
    <p class='ocr_par' dir='ltr' id='par_1_113' title="bbox 2110 5233 3684 5314">
     <span class='ocr_line' id='line_1_113' title="bbox 2110 5233 3684 5314; baseline 0.004 -23"><span class='ocrx_word' id='word_1_823' title='bbox 2110 5249 2234 5291; x_wconf 87' lang='lat' dir='ltr'><strong>eum</strong></span> <span class='ocrx_word' id='word_1_824' title='bbox 2291 5233 2628 5291; x_wconf 83' lang='lat' dir='ltr'><strong>audiamus:</strong></span> <span class='ocrx_word' id='word_1_825' title='bbox 2660 5236 2852 5306; x_wconf 84' lang='lat' dir='ltr'><strong>Dices,</strong></span> <span class='ocrx_word' id='word_1_826' title='bbox 2901 5238 3042 5311; x_wconf 83' lang='lat' dir='ltr'><strong>Ergo</strong></span> <span class='ocrx_word' id='word_1_827' title='bbox 3102 5239 3452 5314; x_wconf 85' lang='lat' dir='ltr'><strong>Septuaginta</strong></span> <span class='ocrx_word' id='word_1_828' title='bbox 3523 5243 3684 5300; x_wconf 74' lang='lat' dir='ltr'><strong>Inter-</strong></span> 
     </span>
    </p>
   </div>
   <div class='ocr_carea' id='block_1_114' title="bbox 2109 5328 3683 5404">
    <p class='ocr_par' dir='ltr' id='par_1_114' title="bbox 2109 5328 3683 5404">
     <span class='ocr_line' id='line_1_114' title="bbox 2109 5328 3683 5404; baseline 0.009 -26"><span class='ocrx_word' id='word_1_829' title='bbox 2109 5333 2280 5392; x_wconf 79' lang='lat' dir='ltr'><strong>pretes</strong></span> <span class='ocrx_word' id='word_1_830' title='bbox 2333 5336 2582 5382; x_wconf 84' lang='lat' dir='ltr'><strong>errarunt</strong></span> <span class='ocrx_word' id='word_1_831' title='bbox 2631 5328 2728 5384; x_wconf 86' lang='lat' dir='ltr'><strong>hoc</strong></span> <span class='ocrx_word' id='word_1_832' title='bbox 2783 5331 2922 5394; x_wconf 88' lang='lat' dir='ltr'><strong>loco,</strong></span> <span class='ocrx_word' id='word_1_833' title='bbox 2961 5334 3050 5404; x_wconf 87' lang='lat' dir='ltr'><strong>qui</strong></span> <span class='ocrx_word' id='word_1_834' title='bbox 3109 5344 3375 5389; x_wconf 77' lang='lat' dir='ltr'><strong>verterunt</strong></span> <span class='ocrx_word' id='word_1_835' title='bbox 3425 5339 3683 5392; x_wconf 70' lang='lat' dir='ltr'><strong>archima-</strong></span> 
     </span>
    </p>
   </div>
   <div class='ocr_carea' id='block_1_115' title="bbox 2110 5417 3678 5496">
    <p class='ocr_par' dir='ltr' id='par_1_115' title="bbox 2110 5417 3678 5496">
     <span class='ocr_line' id='line_1_115' title="bbox 2110 5417 3678 5496; baseline 0.008 -26"><span class='ocrx_word' id='word_1_836' title='bbox 2110 5418 2258 5488; x_wconf 87' lang='lat' dir='ltr'><strong>giro,</strong></span> <span class='ocrx_word' id='word_1_837' title='bbox 2315 5417 2372 5473; x_wconf 88' lang='lat' dir='ltr'><strong>id</strong></span> <span class='ocrx_word' id='word_1_838' title='bbox 2429 5429 2542 5487; x_wconf 88' lang='lat' dir='ltr'><strong>est,</strong></span> <span class='ocrx_word' id='word_1_839' title='bbox 2611 5423 2841 5492; x_wconf 82' lang='lat' dir='ltr'><strong>principi</strong></span> <span class='ocrx_word' id='word_1_840' title='bbox 2899 5428 3232 5496; x_wconf 72' lang='lat' dir='ltr'><strong>coquorum.’</strong></span> <span class='ocrx_word' id='word_1_841' title='bbox 3295 5424 3526 5486; x_wconf 73' lang='lat' dir='ltr'><strong>Minime</strong></span> <span class='ocrx_word' id='word_1_842' title='bbox 3555 5447 3678 5484; x_wconf 77' lang='lat' dir='ltr'><strong>rere.</strong></span> 
     </span>
    </p>
   </div>
   <div class='ocr_carea' id='block_1_116' title="bbox 2113 5509 3682 5596">
    <p class='ocr_par' dir='ltr' id='par_1_116' title="bbox 2113 5509 3682 5596">
     <span class='ocr_line' id='line_1_116' title="bbox 2113 5509 3682 5596; baseline 0.01 -31"><span class='ocrx_word' id='word_1_843' title='bbox 2113 5509 2258 5566; x_wconf 78' lang='lat' dir='ltr'><strong>Nam</strong></span> <span class='ocrx_word' id='word_1_844' title='bbox 2316 5527 2416 5568; x_wconf 71' lang='lat' dir='ltr'><strong>vos:</strong></span> <span class='ocrx_word' id='word_1_845' title='bbox 2458 5514 2855 5588; x_wconf 80' lang='lat' dir='ltr'><strong>archimagiros</strong></span> <span class='ocrx_word' id='word_1_846' title='bbox 2909 5520 3118 5591; x_wconf 83' lang='lat' dir='ltr'><strong>proprie</strong></span> <span class='ocrx_word' id='word_1_847' title='bbox 3172 5521 3440 5592; x_wconf 81' lang='lat' dir='ltr'><strong>signiﬁcat</strong></span> <span class='ocrx_word' id='word_1_848' title='bbox 3488 5525 3682 5596; x_wconf 62' lang='lat' dir='ltr'><strong>princiv</strong></span> 
     </span>
    </p>
   </div>
   <div class='ocr_carea' id='block_1_117' title="bbox 2111 5604 3684 5684">
    <p class='ocr_par' dir='ltr' id='par_1_117' title="bbox 2111 5604 3684 5684">
     <span class='ocr_line' id='line_1_117' title="bbox 2111 5604 3684 5684; baseline 0.01 -27"><span class='ocrx_word' id='word_1_849' title='bbox 2111 5615 2236 5675; x_wconf 87' lang='lat' dir='ltr'><strong>pem</strong></span> <span class='ocrx_word' id='word_1_850' title='bbox 2283 5604 2594 5662; x_wconf 85' lang='lat' dir='ltr'><strong>occisorum</strong></span> <span class='ocrx_word' id='word_1_851' title='bbox 2639 5623 2657 5661; x_wconf 89' lang='lat'><strong>:</strong></span> <span class='ocrx_word' id='word_1_852' title='bbox 2701 5613 3085 5684; x_wconf 78' lang='grc' dir='ltr'>μαγειρεύειν,</span> <span class='ocrx_word' id='word_1_853' title='bbox 3163 5615 3352 5684; x_wconf 83' lang='lat' dir='ltr'><strong>quippe</strong></span> <span class='ocrx_word' id='word_1_854' title='bbox 3415 5615 3684 5684; x_wconf 62' lang='grc' dir='ltr'><strong>ὕπεστιν-αι</strong></span> 
     </span>
    </p>
   </div>
   <div class='ocr_carea' id='block_1_118' title="bbox 2116 5693 3683 5771">
    <p class='ocr_par' dir='ltr' id='par_1_118' title="bbox 2116 5693 3683 5771">
     <span class='ocr_line' id='line_1_118' title="bbox 2116 5693 3683 5771; baseline 0.014 -22"><span class='ocrx_word' id='word_1_855' title='bbox 2116 5693 2465 5768; x_wconf 73' lang='lat' dir='ltr'><strong>Hieronymo,</strong></span> <span class='ocrx_word' id='word_1_856' title='bbox 2509 5697 2703 5757; x_wconf 85' lang='lat' dir='ltr'><strong>Latine</strong></span> <span class='ocrx_word' id='word_1_857' title='bbox 2755 5712 2833 5758; x_wconf 83' lang='lat' dir='ltr'><strong>est</strong></span> <span class='ocrx_word' id='word_1_858' title='bbox 2873 5705 3144 5762; x_wconf 84' lang='lat' dir='ltr'><strong>occidere.</strong></span> <span class='ocrx_word' id='word_1_859' title='bbox 3207 5705 3312 5762; x_wconf 71' lang='lat' dir='ltr'><strong>Sed</strong></span> <span class='ocrx_word' id='word_1_860' title='bbox 3364 5724 3556 5765; x_wconf 75' lang='lat' dir='ltr'><strong>nomen</strong></span> <span class='ocrx_word' id='word_1_861' title='bbox 3602 5722 3683 5771; x_wconf 71' lang='grc' dir='ltr'><strong>σιν</strong></span> 
     </span>
    </p>
   </div>
  </div>
