3848 6168
215 283 357 343 1055

1203 286 1273 343 IN
1312 287 1684 346 EUSTATHII
1715 289 2193 347 HEXAEIERON
2231 289 2468 348 NOTAE.

3335 294 3475 352 1084

211 402 448 455 cisorum
503 401 773 473 trifariam
827 413 998 475 potest
1050 405 1296 478 intelligi.
1352 406 1447 464 Vel
1491 411 1631 465 enim
1671 426 1783 466 sunt

1895 413 2132 480 γυναῖκα
2158 409 2298 484 εχων
2321 410 2409 464 διὰ
2425 409 2528 482 τὴν
2566 407 2800 466 εὔνοιαν.
2829 407 3030 467 Notum
3059 420 3145 469 est
3171 412 3317 471 inter
3349 431 3478 486 epa-

211 493 470 549 occisores
533 494 805 552 hominum
853 499 908 552 in
957 498 1130 564 bello,
1173 499 1356 572 quales
1403 511 1528 556 sunt
1579 503 1797 570 milites,

215 598 263 642 et
283 585 351 644 .in
379 587 517 641 hanc
553 591 900 656 sententiam,
945 590 1169 646 Latinus
1196 594 1448 662 interpres
1488 596 1640 650 uertit
1683 613 1802 651 ma-

212 679 382 751 gistro
416 681 683 746 militum;
719 683 797 737 vel
834 693 959 738 sunt
993 685 1249 740 occisores
1288 686 1558 742 hominum
1586 701 1799 760 propter

211 787 396 826 eorum
416 774 665 837 crimina,
693 783 948 842 tanquam
980 778 1202 848 publica:
1219 778 1446 849 justitiee
1470 781 1794 851 administri,

211 875 564 928 exsecutores,
595 883 756 936 quam
789 870 1275 940 interpretationem
1320 875 1485 927 secuti
1525 884 1648 928 sunt
1687 874 1797 929 lle-

212 953 344 1007 Ιντωὶ
373 964 423 1009 et
457 955 613 1010 multi
650 961 714 1012 de
749 961 948 1016 nostris
981 976 1143 1028 supra
1197 965 1517 1029 memorati;
1566 965 1642 1020 vel
1672 976 1796 1022 sunt

211 1049 475 1103 occisores
515 1049 836 1105 animalium
865 1051 934 1105 ad
965 1052 1316 1122 coquendum,
1344 1064 1395 1109 et
1418 1057 1794 1114 comedendum

211 1153 269 1196 ut
305 1152 429 1197 sunt
462 1142 618 1207 lanii,
657 1155 706 1199 et
735 1146 931 1216 coqui:
959 1149 1044 1201 cui
1069 1152 1380 1219 expositioni
1433 1150 1610 1218 Philo,
1640 1151 1794 1208 lose-

211 1233 370 1308 phus,
405 1245 453 1288 et
484 1235 798 1292 Ambrosius
832 1240 1154 1296 institerunt.
1222 1243 1354 1299 Cum
1387 1245 1552 1315 igitur
1577 1259 1676 1298 eoa:
1701 1262 1792 1299 ar-

220 1327 563 1398 chimagiros.
609 1346 714 1400 qua
761 1333 844 1384 usi
873 1343 996 1386 sunt
1053 1332 1402 1406 Septuaginta
1448 1335 1788 1406 Interpretes,

217 1428 322 1474 tres
359 1421 492 1473 istas
520 1419 936 1490 signiﬁcationes
988 1433 1038 1478 et
1081 1427 1540 1496 interpretationes
1585 1430 1786 1498 capiat,

211 1511 500 1566 translatio
553 1511 902 1585 Septuaginta
941 1514 1296 1586 Interpretum
1333 1519 1544 1574 lectioni
1590 1532 1788 1576 nostris

211 1601 420 1659 Latina
450 1608 628 1674 aptari
655 1609 1079 1664 commodissime
1119 1620 1319 1680 potest;
1373 1615 1665 1682 praesertim
1691 1632 1789 1669 au-

210 1703 316 1748 tem
348 1713 467 1749 cum
497 1707 711 1752 sanctus
751 1697 1106 1770 Hieronymus
1135 1703 1376 1771 afﬁrmet,
1405 1705 1785 1776 archimagiros

209 1803 303 1853 pro
335 1791 603 1858 magistris
634 1793 895 1846 exercitus
947 1794 1004 1847 in
1053 1795 1316 1865 plerisque
1371 1796 1502 1852 locis
1553 1797 1786 1853 divinam

209 1876 541 1948 Scripturam
570 1898 1002 1940 commemorare.
1033 1884 1139 1942 Sed
1166 1888 1391 1944 dubium
1417 1890 1597 1944 adhuc
1618 1906 1788 1947 rema-

209 1979 303 2024 net
332 1986 441 2027 non
487 1975 974 2041 contemnendum,
1031 1978 1287 2050 princeps
1341 1980 1432 2036 hic
1483 1981 1784 2042 Pharaonis

207 2066 326 2121 sive
391 2065 681 2135 praefectus
742 2068 1052 2123 divinarum
1111 2071 1416 2127 litterarum
1469 2075 1784 2134 testimonio

205 2154 448 2211 diciturl'
450 2157 598 2214 uisse
629 2159 938 2226 eunuchus,
963 2168 1019 2216 et
1038 2176 1102 2215 ea
1133 2173 1216 2218 est
1234 2167 1541 2221 communis
1561 2165 1784 2223 Patrum

210 2245 418 2314 Opinio,
451 2247 548 2317 qui
577 2247 632 2302 id
665 2247 782 2305 ﬁeri
813 2251 1008 2321 potuit,
1040 2260 1100 2307 ut
1129 2269 1355 2310 uxorem
1386 2255 1658 2324 habuerit,
1687 2275 1779 2314 cu-

204 2335 294 2405 ius
317 2335 458 2393 ﬁctis
478 2338 959 2397 criminationibus
983 2340 1258 2413 Josephus
1281 2346 1337 2399 in
1368 2361 1642 2404 carcerem
1668 2358 1786 2405 tru-

203 2430 372 2494 ditur,
409 2431 640 2504 vitaeque
674 2435 910 2505 proprire
950 2437 1256 2506 periculum
1289 2439 1456 2496 subit.
1487 2439 1664 2498 Taceo
1696 2443 1785 2498 hic

202 2519 556 2578 Hebraeorum
613 2541 810 2596 nugas,
857 2529 950 2597 qui
994 2543 1060 2583 eo
1099 2529 1330 2585 inscitia:
1377 2549 1694 2602 pervenere,
1723 2544 1784 2591 ut

199 2616 454 2673 dicerent
514 2620 818 2691 principem
865 2622 1014 2677 hunc
1061 2625 1212 2680 nullo
1264 2627 1427 2681 modo
1468 2630 1781 2685 eunuchum

203 2708 396 2773 fuisse,
431 2711 526 2766 sed
554 2714 820 2783 integrum
843 2717 1102 2771 omnibus
1127 2720 1243 2774 suis
1270 2719 1528 2776 membris
1557 2737 1782 2777 uxorem

200 2802 447 2866 duxisse,
478 2819 605 2858 cum
635 2820 742 2875 qua
784 2805 1017 2862 feliciter
1053 2808 1406 2880 jucundeque
1461 2812 1628 2866 vitam
1681 2811 1785 2868 du-

200 2894 382 2950 cebat.
421 2893 618 2950 Verum
644 2899 810 2967 empti
833 2895 1057 2969 Iosephi
1087 2899 1285 2955 blanda
1311 2900 1645 2972 pulchraque
1672 2903 1784 2957 for-

202 3000 293 3040 ma
321 2989 634 3058 pellectum,
667 2990 857 3045 nescio
887 2990 1020 3060 quid
1045 2994 1099 3045 in
1133 2993 1310 3061 ipsum
1338 2990 1634 3062 Josephum
1665 3002 1785 3049 ten-

121 3107 127 3119 -
200 3086 371 3142 tasSe.
429 3079 662 3152 ideoque
701 3081 857 3152 justo
899 3082 992 3138 Dei
1031 3083 1239 3152 judicio
1282 3085 1335 3139 in
1393 3101 1607 3156 pmnam
1648 3091 1781 3144 tanti

200 3170 430 3226 sceleris
461 3170 728 3226 membris
779 3171 887 3226 illis
928 3171 1086 3241 quasi
1133 3172 1444 3227 eunuchum
1477 3172 1649 3228 fuisse
1683 3174 1787 3228 ima

199 3262 469 3334 peditum,
515 3261 748 3332 ideoque
794 3277 825 3316 a
880 3263 1166 3333 Scriptura
1214 3264 1528 3318 eunuchum
1576 3265 1783 3330 vocari,

197 3353 419 3411 etiamsi
464 3354 692 3410 haberet
730 3369 981 3410 uxorem.
1047 3354 1282 3422 Quidam
1335 3354 1615 3420 dixerunt,
1665 3371 1788 3410 mu-

197 3445 389 3501 lierem
426 3446 574 3501 illam
603 3463 714 3502 non
743 3446 914 3503 fuisse
941 3461 1189 3510 uxorem,
1224 3446 1321 3502 sed
1357 3455 1568 3501 tantum
1599 3461 1784 3501 rerum

195 3538 622 3594 domesticarum
651 3553 841 3593 curam
883 3539 1140 3609 gessisse.
1181 3537 1437 3604 Quidam,
1473 3537 1577 3594 etsi
1609 3553 1785 3593 eunu-

195 3633 386 3696 chum,
457 3633 552 3688 illa
614 3640 794 3687 tamen
860 3631 1088 3686 muliere
1135 3642 1394 3701 tanquam
1447 3645 1616 3685 uxore
1651 3629 1786 3700 legi-

196 3727 332 3781 tima
382 3741 564 3782 usum.
625 3723 950 3781 Theodorus
995 3723 1201 3780 Catena
1254 3725 1308 3778 in
1349 3720 1626 3778 Genesim:
1657 3721 1784 3786 Πῶς

192 3817 451 3889 εὐνοῦχος
488 3815 564 3872 ὢν
590 3819 620 3872 6
641 3817 1040 3890 ἁρχιμάγειρος
1079 3818 1314 3886 γυναῖκα
1346 3811 1491 3885 εἶχες
1531 3812 1784 3868 Μάλιστα

197 3911 297 3981 μὲν
331 3907 426 3966 οὖν
459 3912 554 3965 καὶ
597 3913 721 3976 τοὺς
766 3909 1058 3980 εὐνούχους
1085 3909 1180 3964 καὶ
1210 3910 1336 3972 τοὺς
1377 3905 1636 3979 ἐκτομίας
1677 3907 1781 3977 ὁμ-

190 4002 428 4076 ωνύμως
455 4002 710 4057 καλοῦσιν
729 4018 743 4034 ο
769 4002 920 4057 οὐδὲν
944 4002 1002 4056 δὲ
1028 3997 1096 4073 ἦν
1132 4000 1380 4064 ἀπεικὸς,
1409 3998 1504 4053 καὶ
1527 3997 1781 4069 εὐνοῦχον

190 4095 324 4149 ὄντα
351 4098 587 4165 γυναῖκα
619 4095 761 4166 ἔχειν
788 4097 846 4148 ὲν
874 4097 942 4166 τῇ
967 4094 1144 4166 οἰκείᾳ.
1173 4091 1284 4146 τῶν
1305 4091 1454 4146 ἔνδον
1485 4089 1778 4162 ἐπιμελουο

195 4187 367 4258 μένην
400 4186 762 4258 πραγμάτων.
816 4185 1088 4240 Diodorus
1125 4183 1326 4240 ibidem
1356 4199 1371 4235 ε
1412 4181 1558 4248 Πῶς,
1591 4179 1779 4236 εὐνοῠσ

192 4293 290 4347 χον
315 4272 455 4330 εἶναι
487 4278 670 4348 φήσας
701 4275 796 4330 τὸν
817 4274 1124 4348 Πετεφρῆν,
1143 4277 1376 4345 γυναῖκα
1407 4273 1597 4328 τοῦτον
1623 4268 1778 4326 εἶπεν
1809 4265 1821 4277 ’

191 4367 373 4440 εχεινς
411 4363 582 4440 Οἶμαι
604 4367 788 4421 τοίνυν
817 4366 929 4436 ἐγὼ
959 4367 1069 4420 τῶν
1094 4365 1189 4420 δύο
1216 4365 1278 4419 τὸ
1305 4365 1515 4437 Ξτερον,
1541 4363 1575 4434 ἢ
1602 4362 1692 4418 διὰ
1715 4361 1776 4418 τὸ

1900 501 2096 558 donem
2129 510 2185 558 et
2215 502 2528 558 eunuchum
2565 500 2898 572 discrimen;
2929 505 3216 562 eunuchus
3247 522 3392 562 entm
3428 508 3477 567 is

1897 594 2125 658 dicitur,
2157 595 2250 666 qui
2280 593 2594 650 necessaria
2632 593 2700 649 ad
2734 596 3103 666 generandum
3135 606 3289 668 parte
3313 597 3479 656 dimi.

1896 691 2066 738 nutus
2093 692 2196 747 est,
2248 687 2364 740 sive
2412 683 2737 740 naturaliter
2788 685 2864 740 ita
2902 699 3202 757 prognatus
3231 688 3326 750 sit.
3361 691 3480 747 sive

1896 785 2024 829 ante
2047 775 2386 846 pubertatem
2419 777 2660 832 excisus.
2695 774 2878 847 Spado
2907 787 3013 842 est,
3043 780 3138 850 qui
3167 781 3479 839 valetudine

1896 866 2080 937 aliqua
2127 867 2330 924 vitiove
2368 869 2616 938 corporis
2650 869 2912 940 praeditus
2945 885 3208 940 generare
3239 885 3350 926 non
3377 885 3476 941 po-

1896 968 2025 1016 test.
2073 959 2309 1030 Ideoque
2369 961 2638 1032 spadones
2687 963 2938 1032 adOptari
2995 975 3259 1036 possunt,
3319 962 3483 1038 post;

1894 1052 2231 1124 humumque
2257 1053 2525 1109 heredem
2553 1055 2815 1120 scribere,
2835 1057 3074 1111 eunuchi
3112 1058 3227 1114 sive
3245 1062 3474 1119 castrati

1892 1160 2000 1200 non
2026 1153 2258 1215 possunt
2283 1163 2297 1214 ;
2329 1145 2382 1200 hi
2417 1161 2650 1218 namque
2675 1150 2901 1203 omnino
2922 1164 3186 1220 generare
3205 1166 3313 1206 non
3345 1167 3475 1224 pos-

1895 1247 2060 1306 sunt;
2097 1238 2175 1291 illi
2217 1237 2640 1310 impedimentis,
2681 1241 2882 1310 quibus
2927 1244 3210 1313 temporali
3264 1246 3475 1302 sterili-

1892 1337 2003 1384 tate
2029 1329 2302 1393 laborant,
2329 1331 2564 1395 liberati,
2597 1341 2844 1403 possunt.
2875 1333 2989 1390 Iloc
3024 1335 3078 1390 in
3101 1336 3277 1407 legum
3309 1353 3474 1410 syno-

1889 1422 1973 1491 psi
2000 1421 2067 1475 ad
2093 1421 2412 1478 Michaelem
2446 1423 2650 1478 Ducam
2675 1426 2881 1495 optime
2910 1428 3162 1482 versibus
3199 1431 3473 1500 expresit

1891 1513 2119 1570 Michael
2153 1513 2385 1580 Psellus,
2417 1530 2629 1584 eorum,
2659 1516 2788 1587 quia
2821 1517 3002 1574 adhuc
3033 1519 3209 1574 lucem
3247 1537 3356 1575 non
3388 1521 3474 1578 vi-

1887 1607 2106 1667 derunt.
2139 1609 2352 1678 copiam
2384 1608 2516 1663 mihi
2561 1607 2693 1663 fecit
2725 1610 2808 1665 vir
2841 1611 3168 1666 saeculorum
3207 1613 3488 1669 memoria'

1887 1700 2242 1771 dignissimus
2280 1699 2610 1757 Franciscus
2638 1701 2948 1759 Bartolinus
2979 1719 2995 1760 :

1891 1811 2201 1890 ξὺγοῦχος
2238 1812 2491 1890 quddam
2520 1815 2768 1870 δύναται
2798 1816 3085 1890 υἱοθετεῖν
3112 1837 3212 1874 και
3253 1821 3472 1890 μόνον.

1897 1883 2075 1958 Τοῦτο
2103 1885 2212 1953 γὰρ
2243 1885 2639 1958 ἀπηγόρευται
2666 1887 3041 1956 καστράτοις,
3067 1891 3162 1942 καὶ
3193 1883 3468 1958 θλιόίάις.

1902 1952 1964 2007 '0
1988 1952 2218 2024 γάρτοι
2254 1952 2507 2010 σπάδων
2542 1955 2791 2012 δύναται
2814 1952 3256 2028 ’παιδοποιῆσαι
3292 1952 3467 2032 τάχὰ.

1889 2067 2063 2124 Porro
2095 2069 2398 2139 spadonum
2454 2078 2508 2128 et
2556 2072 2933 2127 cunuchorum
2976 2074 3266 2144 appellatio
3296 2076 3468 2133 inter-

1889 2161 2019 2216 dum
2065 2163 2336 2233 generalis
2387 2172 2504 2227 est,
2553 2179 2661 2234 qua
2705 2179 2869 2219 omne
2912 2177 3082 2236 genus
3128 2168 3464 2227 eviratorum

1889 2254 2222 2308 continetur.
2243 2253 2424 2320 Quare
2443 2270 2730 2324 possemus
2750 2257 2951 2320 dicere,
2969 2259 3268 2329 principem
3294 2260 3462 2326 hunc,

1887 2342 1992 2398 etsi
2020 2353 2249 2398 vocatur
2268 2346 2574 2410 eunuchus,
2604 2345 2902 2416 Spadonem
2932 2348 3120 2412 fuisse,
3147 2358 3202 2403 et
3235 2365 3461 2405 uxorem

1888 2435 2114 2492 duxisse
2163 2445 2454 2507 antequam
2502 2452 2630 2507 pars
2664 2439 2755 2492 illa
2790 2441 3041 2510 corporis
3095 2440 3460 2510 funeraretur,

1888 2544 2012 2584 cum
2040 2544 2146 2600 qua
2179 2539 2369 2600 postea
2413 2530 2580 2583 vitam
2613 2532 2968 2602 transigebat.
3005 2532 3248 2589 Isidorus
3283 2534 3462 2606 θεῖς..

1889 2618 1965 2673 lib
2011 2635 2066 2683 ι,
2118 2619 2285 2674 tradit
2317 2620 2696 2675 cunuchorum
2734 2621 3004 2691 quosdam
3039 2624 3208 2688 coire,
3255 2624 3352 2680 sed
3381 2634 3466 2680 ta-

1889 2725 2014 2764 men
2053 2709 2306 2764 virtutem
2357 2710 2413 2764 in
2462 2713 2668 2766 semine
2718 2713 2927 2766 nullam
2977 2729 3146 2770 esse:
3183 2713 3466 2786 Liquorem

1886 2803 2024 2854 enim
2050 2801 2238 2856 habent
2283 2810 2333 2856 et
2361 2803 2628 2868 emittunt,
2683 2805 2774 2859 sed
2808 2805 2878 2859 ad
2902 2807 3216 2878 gignendum
3254 2809 3467 2864 inanem

1887 2904 2044 2966 atque
2071 2894 2389 2951 invalidum.
2435 2895 2660 2952 Possem
2706 2897 2836 2954 item
2872 2902 3008 2955 alias
3034 2901 3201 2971 hujus
3228 2903 3470 2975 explica-

1887 2987 2069 3043 tiones
2098 2987 2312 3052 aIl‘erre,
2344 3005 2481 3060 quas
2520 2989 2807 3048 brevitatis
2830 2993 3005 3062 gratia
3027 2995 3242 3050 omitto.

1959 3078 2092 3134 Ibid.
2135 3077 2258 3134 Τῶν
2286 3080 2682 3152 ἁρχιματειρῳ
2707 3081 2936 3152 Φαραώ.
2979 3081 3285 3142 Pharaonis
3307 3099 3470 3141 voca-

1889 3167 2076 3224 bulum
2119 3185 2230 3224 non
2259 3170 2431 3226 fuisse
2463 3173 2767 3244 proprium,
2809 3173 2906 3230 sed
2949 3189 3242 3250 commune
3274 3192 3464 3248 regum

1885 3262 2131 3319 omnium
2153 3259 2661 3336 £3ypti0rum,qui
2693 3281 2793 3336 pro
2815 3265 3078 3337 dignitate
3103 3269 3250 3340 regis
3277 3285 3344 3334 eo
3373 3284 3456 3326 no

1885 3357 2034 3412 mine
2069 3365 2328 3428 tanquam
2360 3358 2529 3429 regali
2569 3357 2886 3424 utebantur,
2920 3358 3380 3429 quemadmodum
3409 3369 3468 3417 et

1883 3451 2024 3520 apud
2047 3448 2324 3507 Romanos
2339 3451 2594 3522 Augusti,
2620 3449 2999 3522 imperatores,
3019 3451 3184 3507 tradit
3196 3451 3467 3512 Eusebius

1882 3559 1952 3600 ex
1976 3544 2130 3598 libris
2157 3542 2499 3599 Manethonis
2517 3542 2818 3600 sacerdotis
2835 3543 3239 3616 Egyptiorum,
3263 3553 3320 3602 ct
3341 3561 3465 3602 ruro

1883 3644 2003 3686 sum
2043 3650 2056 3686 :
2097 3628 2320 3704 Ἀνέστη
2370 3630 2428 3685 δὲ
2471 3634 2590 3704 μετ’
2628 3631 2830 3696 αὐτὸν,
2884 3632 3180 3690 Sesostrim
3228 3636 3464 3700 scilicet.

1882 3720 1972 3774 tn‘
2013 3719 2320 3790 Αῖγυτπτον
2366 3719 2597 3795 Φαραὼ,
2661 3723 2692 3777 ὁ
2741 3721 2838 3777 καὶ
2909 3723 3146 3796 Ναρεχὼ
3193 3727 3464 3800 καλούμε-

1882 3830 1992 3878 νος,
2026 3815 2306 3885 κρατήσας
2341 3812 2458 3885 ἔτη,
2489 3812 2566 3878 ὥς
2599 3831 2753 3887 φασι,
2791 3816 3149 3889 πεντήκοντα.
3195 3819 3291 3875 Ἐκ
3335 3819 3463 3876 τούσ-

1879 3923 1976 3960 του
2017 3909 2066 3961 οἱ
2094 3906 2204 3961 ἀπὸ
2241 3907 2337 3962 τοῦ
2371 3909 2563 3977 γένους
2607 3907 2773 3965 αὐτοῦ
2816 3909 3181 3983 καταγόμενοι
3224 3910 3463 3985 βασιλεῖς

1879 3997 2081 4070 Φαραὼ
2141 3999 2663 4072 προσαγορεύονται.
2737 4000 2802 4056 Ει
2853 4002 3152 4062 Africanus
3209 4023 3226 4062 :
3273 4006 3437 4062 Ἐπαι

1878 4090 2125 4145 νεθεῖσαν
2186 4090 2275 4155 δὲ,
2347 4108 2573 4148 uxorem
2645 4093 2900 4150 videlicet
2977 4096 3244 4166 Abrahae,
3320 4099 3463 4170 ἠγά-

1878 4198 2006 4252 γετο
2027 4179 2244 4254 Φαραώ.
2279 4182 2436 4238 οὕτω
2463 4183 2574 4258 γὰρ
2605 4185 2894 4254 Αἰγύπτιοι
2924 4187 3050 4252 τοὺς
3084 4187 3324 4259 βασιλεῖς
3351 4188 3463 4245 ὀνο·

1881 4273 2143 4346 μάζουσιν
2158 4275 2571 4348 ἑρμηνεύουσιν.
2615 4275 2942 4348 Expressius
2967 4277 3331 4353 Hieronymus
3361 4282 3460 4338 lib.

1877 4374 1934 4414 ix
1985 4358 2277 4416 Comment.
2333 4363 2390 4416 in
2441 4359 2766 4418 Ezechietem
2803 4379 2823 4418 :
2876 4361 3141 4420 (Ia-terum
3191 4365 3329 4420 illud
3381 4365 3462 4420 vel

190 4459 381 4516 εὔνουν
409 4459 664 4531 εὐνοῦχον
689 4459 852 4516 αὐτὸν
877 4457 1330 4532 καταχρηστικῶς
1354 4457 1772 4530 προσειρῆσθαι,

1885 4453 2107 4507 maxime
2152 4452 2526 4522 requirendum
2567 4463 2668 4517 est,
2713 4464 2892 4507 utrum
2939 4454 3050 4523 ipse
3097 4455 3169 4508 sit
3217 4453 3456 4521 Pharao,

189 4552 226 4626 ἢ
256 4554 350 4607 καὶ
377 4551 456 4624 τῷ
479 4552 593 4608 ὄντι
611 4552 722 4606 τῶν
748 4553 953 4626 μορίων
981 4551 1401 4623 ὲκτετμημὲνων
1429 4551 1572 4622 ἔχειν
1593 4551 1652 4604 ὲν
1674 4566 1775 4619 γα-

193 4646 368 4718 μετῆς
403 4647 557 4714 τάξει
584 4647 647 4701 τὸ
673 4646 915 4715 γύναιον,
955 4647 985 4700 ὃ
1011 4645 1074 4717 δὴ
1108 4645 1200 4699 καὶ
1229 4645 1314 4715 ἐφ’
1344 4644 1501 4714 ἡμῶν
1534 4642 1778 4715 ἔγνωμεν

191 4738 300 4794 ὑπὸ
340 4737 550 4792 πολλῶν
592 4736 852 4800 πολλάκις
879 4736 1182 4808 γινόμενον.
1224 4732 1291 4788 Ει
1329 4732 1647 4789 Gennadius
1673 4752 1688 4790 :
1713 4732 1776 4787 Et

187 4829 446 4900 εὐνοῦχος
472 4830 502 4883 ὁ
527 4829 835 4901 Πετεφρῆς,
860 4828 979 4891 πῶς
1011 4826 1324 4899 εὑρίσκεται
1347 4827 1578 4895 γυναῖκα
1604 4825 1773 4896 ἔχωνς

203 4921 346 4976 Ἀλλ’
382 4925 412 4976 ὁ
453 4921 552 4992 μὲν
588 4920 757 4992 Σύρος
780 4920 881 4992 μιᾷ
914 4917 1256 4991 προσηγορίᾳ
1293 4918 1385 4971 τόν
1417 4934 1478 4969 τε
1507 4917 1774 4970 σπάδοντα

186 5013 290 5068 καὶ
334 5013 426 5067 τὸν
483 5012 676 5066 πιστὸν
721 5011 893 5083 ἄνδρα
927 5010 1076 5080 λέγει
1131 5013 1246 5074 τοῖς
1289 5009 1596 5072 δεσπόταις,
1645 5010 1674 5062 ὁ
1717 5005 1774 5060 δὲ

198 5106 452 5179 Ἐϐραῖος
492 5105 707 5179 ἀληθῶς
731 5105 1005 5176 εὐνοῦχον,
1054 5104 1149 5158 καὶ
1173 5103 1363 5157 τοῦτον
1401 5100 1509 5156 ἀπὸ
1539 5102 1638 5173 τῆς
1682 5100 1774 5154 πί-

188 5218 386 5266 στεως,
415 5200 608 5271 ἐπειδὴ
641 5199 786 5270 φιλεῖ
807 5199 866 5254 τὸ
899 5199 1008 5253 τῶν
1049 5197 1318 5270 εὐνούχων
1350 5197 1506 5266 γένος
1540 5194 1772 5267 μάλιστα

185 5292 546 5347 πιστεύεσθαι
569 5293 638 5348 τὰ
655 5292 956 5365 τιμιώτερα
985 5290 1094 5344 τῶν
1124 5289 1446 5362 κτημάτων,
1481 5289 1575 5343 καὶ
1603 5286 1773 5358 αὐτὴν

182 5385 298 5439 τῶν
329 5384 595 5454 βασιλέων
621 5383 916 5456 σωτηρίαν.
944 5385 1054 5437 Καὶ
1085 5384 1146 5438 οὐ
1172 5382 1505 5453 θαυμαστὸν,
1541 5381 1674 5434 ὅπου
1705 5396 1772 5448 γε

197 5476 476 5549 ’Δσραὰμη
511 5478 606 5532 καλ⁵
633 5477 838 5542 Ἰσαὰκ,
868 5477 960 5530 καὶ
997 5473 1193 5530 Ἰακὼϐ
1223 5475 1451 5546 χριστοί.
1478 5474 1570 5545 Μὴ
1600 5473 1769 5526 ἄπτε-

185 5570 316 5627 σθαι
345 5572 454 5642 γάρ
482 5588 616 5644 φησι
637 5569 744 5625 τῶν
770 5568 1009 5643 χριστῶν
1043 5585 1166 5640 μου.
1195 5568 1424 5637 Λέγεται
1449 5567 1507 5622 δὲ
1533 5568 1628 5621 καὶ
1659 5564 1771 5620 Κύ-

187 5678 284 5735 ρος
311 5665 342 5718 ό
374 5663 593 5736 Πέρσης
624 5663 864 5735 χριστός.
889 5661 1080 5726 Οὕτως
1116 5661 1225 5733 ἄρα
1254 5661 1348 5715 καὶ
1373 5660 1474 5733 τὴν
1504 5658 1600 5714 τοῦ
1625 5658 1766 5714 σπά-

179 5754 368 5821 omne;
401 5758 432 5812 ὁ
478 5755 874 5828 ἁρχιμάγειρος
913 5754 1286 5826 προσηγορίαν
1340 5752 1464 5824 ἔσχε
1501 5753 1597 5809 καὶ
1644 5753 1766 5806 τότε

510 5853 788 5915 ΡΑτιιοι..
831 5850 952 5914 Gn.
1023 5849 1242 5917 XVIII.

1877 4545 1968 4616 qui
2002 4545 2059 4598 in
2091 4543 2300 4608 Exodo,
2337 4553 2387 4599 et
2419 4542 2592 4608 Isaia,
2629 4557 2678 4600 et
2717 4544 2952 4601 Ieremia
2990 4556 3041 4601 et
3077 4544 3372 4608 Ezechiele.
3405 4557 3460 4603 et

1878 4636 1934 4690 in
1961 4634 2197 4692 Canticis
2230 4635 2423 4690 cantio.
2466 4637 2793 4700 nominatur,
2825 4653 2893 4689 an
2923 4636 3064 4690 alius
3091 4646 3247 4706 atque
3281 4636 3458 4701 alius;

1875 4727 2082 4782 videtur
2115 4726 2243 4780 mihi
2274 4743 2376 4780 non
2407 4742 2521 4781 esse
2553 4743 2710 4782 unus.
2741 4725 2844 4782 Sed
2876 4727 3015 4797 apud
3052 4724 3336 4799 rEgyptios
3362 4728 3461 4784 hoc

1876 4817 2130 4872 uocabulo
2179 4817 2536 4873 demonstrari
2585 4820 2788 4890 regions
2836 4819 3168 4890 dignitatem,
3219 4821 3360 4876 sicut
3404 4831 3458 4875 et

1876 4912 2016 4980 apud
2046 4909 2310 4966 Romanos
2341 4912 2580 4967 Ctesares
2620 4924 2668 4968 et
2710 4914 2938 4985 Augusti
2978 4914 3314 4982 appellantur
3363 4930 3457 4970 eo-

1873 5021 1992 5058 rum
2021 5006 2362 5076 imperatores
2399 5023 2431 5060 a
2478 5006 2648 5075 primo
2697 5005 2832 5062 Caio
2879 5005 3114 5072 Ccesare,
3161 5020 3212 5063 et
3256 5025 3291 5062 a
3339 5008 3456 5078 ﬁlio

1873 5097 1988 5165 ejus
2020 5095 2262 5165 adoptivo
2293 5095 2607 5162 Octauiano,
2629 5098 2720 5165 qui
2747 5106 2932 5167 postea
2961 5100 3230 5167 Augustus
3259 5108 3336 5152 est
3365 5114 3458 5153 no.

1875 5189 2143 5252 minatus;
2169 5188 2609 5259 quemadmodum
2637 5192 2799 5244 etiam
2825 5190 2965 5258 apud
2987 5188 3151 5260 Syros
3184 5191 3454 5254 Antiochi,

1875 5279 2016 5349 apud
2054 5280 2282 5336 Parthos
2305 5281 2600 5342 Arsacidaz.
2637 5281 2776 5352 apud
2811 5281 3129 5353 Philistyam
3161 5283 3452 5350 Abimelec.

1870 5382 1922 5428 et
1947 5382 2065 5442 post
2088 5372 2451 5428 Alexandrum
2480 5373 2536 5428 in
2564 5372 2799 5446 Egypto
2831 5391 2973 5446 reges
2997 5375 3309 5432 dicebantur
3334 5376 3459 5435 Pto-

1871 5466 2044 5521 lemtei
2072 5482 2234 5536 usque
2262 5466 2330 5519 ad
2358 5465 2718 5536 Cleopatram,
2749 5485 2853 5539 qua
2889 5471 3030 5524 uicta
3065 5469 3208 5540 apud
3243 5471 3457 5527 Actium

1872 5559 2143 5632 ιερῃριιιε
2182 5559 2424 5614 Romana
2451 5569 2527 5616 est
2557 5560 2704 5631 facta
2741 5563 3032 5633 provincia.
3062 5562 3204 5634 Ergo
3231 5564 3284 5618 in
3323 5579 3454 5634 prte-

1870 5654 2162 5708 sentiarum
2205 5652 2456 5709 adversus
2494 5671 2659 5710 unum
2701 5655 2982 5726 quemlibet
3019 5672 3192 5729 regem
3229 5654 3455 5736 Egypti

1872 5763 2043 5805 sermo
2091 5745 2153 5817 ﬁt
2196 5744 2430 5804 Domini.
2465 5748 2864 5822 Appellationis
2891 5749 3059 5822 hujus
3105 5763 3332 5810 causam
3379 5751 3459 5812 ita

3104 5846 3182 5908 33
