3838 6158
403 267 560 331 τιοσδ

1759 253 2005 310 LEONIS
2044 251 2320 308 ALLATlI

3540 245 3563 298 1
3573 245 3681 302 056

417 377 941 456 expressitloannes
962 373 1359 443 Antiochenus,
1387 374 1443 428 in
1468 355 1836 442 Archmotogia
1858 387 1875 423 :
1895 372 1996 423 Φα-
2021 380 2068 434 Α
2100 368 2268 423 fuisse
2299 366 2442 420 idem
2469 371 2777 436 peccatunn
2821 357 2942 415 lota
2973 359 3090 416 haec
3113 358 3346 416 historia
3366 355 3436 412 de
3465 359 3681 428 nuptiis

421 477 536 552 ραώ
583 492 727 538 τινος
771 471 1032 543 βασιλέως
1076 468 1352 537 Αἰγύπτου
1400 467 1626 530 πολλοὺς
1669 465 1776 518 τῶν
1823 480 1994 536 προσ-

416 572 579 626 οίκων
612 564 1149 636 καταγωνισαμένου,
1178 564 1272 615 καὶ
1299 561 1425 623 τοὺς
1449 559 1772 633 λῃστρικοὺς
1797 556 1995 627 ἄνδρας

423 662 956 734 μεταρῤυθμίσαντος
988 657 1123 728 πρὸς
1156 655 1215 708 τὸ
1246 653 1648 723 φιλάνθρωπον,
1681 650 1774 702 καὶ
1805 651 1851 702 oi
1883 649 1995 700 λοι-

421 758 511 810 ποὶ
539 753 773 825 βασιλεῖς
801 750 1077 818 Αἰγύπτου
1107 748 1187 809 εἰς
1217 744 1383 813 τιμὴν
1415 742 1625 796 ἐκείνου
1646 739 1846 812 Φαραὼ
1869 742 1998 793 ἐκα-

419 845 624 900 λοῦντο.
644 841 782 896 Vide
808 841 936 894 item
963 835 1261 904 Josephum
1288 834 1383 886 lib.
1410 847 1546 885 xvm
1578 831 1994 901 Antiquitatum,

419 939 511 1009 qui
538 936 706 990 multa
734 933 801 987 de
830 931 1050 985 nomine
1074 926 1376 981 Pharaonis
1401 923 1704 987 adnotavit,
1744 921 1995 992 quamvis

420 1026 741 1098 quibusdam
779 1024 1070 1090 incompta,
1103 1019 1369 1088 falsaque,
1395 1025 1449 1072 et
1475 1017 1599 1087 jure
1628 1017 1845 1076 merito,
1881 1014 1994 1068 visa

422 1120 550 1175 sint.
597 1117 702 1171 Alii
733 1114 989 1168 dixerunt
1017 1111 1333 1166 Pharaones
1375 1110 1553 1164 dictos
1587 1107 1744 1176 quasi
1792 1106 1995 1159 Pharo-

421 1225 542 1276 nes,
591 1223 622 1261 a
668 1206 849 1261 Pharo
896 1204 1074 1259 insula
1117 1218 1151 1258 e
1195 1201 1420 1272 regione
1473 1199 1816 1254 Alexandriae.
1866 1198 1994 1252 olim

420 1301 724 1372 Carpathos
751 1299 918 1362 dicta,
942 1296 1036 1352 ubi
1061 1295 1308 1365 regnavit
1329 1293 1558 1348 Proteus
1581 1309 1595 1359 ;
1621 1292 1716 1348 sed
1742 1293 1858 1347 haec
1879 1291 1998 1362 opi-

421 1397 512 1450 nio
542 1410 640 1450 sua
676 1393 939 1447 inanitate
971 1405 1069 1460 per
1103 1404 1162 1444 se
1193 1389 1324 1443 ruit.

488 1486 608 1542 Col.
626 1485 753 1545 768,
786 1483 884 1538 lin.
903 1483 994 1537 45.
1025 1478 1293 1535 Γυναῖκα
1309 1477 1819 1548 ὀνόματατὴοῐῃοι·
1833 1474 1996 1530 ﬁliam

423 1578 593 1634 fuisse
630 1573 1031 1631 Melchisedech
1081 1570 1383 1628 sacerdotis
1417 1572 1666 1626 nonnulli
1714 1571 1999 1626 existima-

423 1678 571 1737 runt,
617 1667 762 1739 quod
806 1665 975 1722 Judas
1022 1667 1078 1720 in
1113 1666 1449 1721 scortatione
1481 1664 1900 1734 deprehensam,
1939 1676 1996 1722 ut

424 1763 651 1817 inferius
683 1759 928 1815 comburi
955 1758 1235 1826 jussisset,
1274 1772 1385 1811 non
1421 1755 1670 1824 lapidari.
1707 1755 1813 1810 Lex
1850 1760 1995 1812 enim

423 1855 523 1910 fuit
561 1852 705 1924 apud
738 1851 1016 1915 Hebraeos,
1057 1865 1220 1920 quam
1257 1858 1444 1919 postea
1481 1847 1693 1920 Moyses
1721 1852 1992 1919 repetivit,

420 1954 481 2002 ut
526 1945 637 2001 ﬁlia
679 1944 977 2000 sacerdotis
1016 1949 1252 1997 scortata
1301 1940 1732 2007 combureretur,
1785 1951 1998 1997 caetera:

422 2039 816 2110 lapidarentur,
866 2035 1038 2090 Levit.
1089 2049 1160 2087 xx
1206 2042 1261 2088 et
1311 2049 1422 2087 xxi.
1473 2029 1577 2086 Sed
1628 2031 1695 2086 de
1761 2031 1998 2086 Thamar

421 2133 648 2202 ejusque
711 2135 906 2200 gente,
977 2126 1287 2181 conditione
1346 2132 1400 2178 et
1451 2123 1696 2178 moribus
1743 2133 1998 2181 accurate

420 2223 597 2289 Philo,
621 2223 716 2277 lib.
750 2221 825 2274 De
855 2219 1167 2274 nobilitate:
1200 2216 1417 2287 Ταύτην
1447 2215 1722 2284 εὐγένειαν
1745 2216 1806 2268 οὐ
1840 2217 1997 2287 μόνον

421 2315 685 2384 Θεοφιλεῖς
713 2313 924 2382 ἄνδρες,
959 2310 1093 2364 ἀλλὰ
1125 2310 1220 2364 καὶ
1243 2311 1500 2378 γυναῖκες
1529 2307 1825 2379 ἐζήλωσαν,
1865 2310 1999 2362 ἀπο-

424 2409 692 2480 μαθοῦσαι
743 2407 840 2476 μὲν
886 2402 1123 2474 ἀμαθίαν
1170 2400 1268 2471 τὴν
1317 2398 1613 2470 σύντροφον
1662 2399 1789 2467 περὶ
1834 2399 1998 2468 τιμῆς

421 2503 528 2557 τῶν
568 2500 969 2572 χειροκμήτων,
1015 2491 1386 2547 παιδευθεῖσαι
1431 2490 1486 2543 δὲ
1538 2491 1666 2561 περὶ
1703 2490 1998 2560 μοναρχίας

421 2597 755 2665 ἐπιστήμην,
863 2589 1212 2661 μοναρχεῖται
1242 2587 1270 2637 ὁ
1305 2585 1530 2654 κόσμος.
1571 2583 1766 2654 Θάμαρ
1792 2579 1858 2653 ἦν
1890 2580 1998 2634 τῶν

421 2684 528 2740 ἀπὸ
558 2685 657 2754 τῆς
682 2678 1045 2748 Παλαιστίνης
1078 2675 1279 2746 Συρίας
1305 2673 1528 2743 γύναιον
1557 2673 1614 2726 ὲν
1639 2672 1816 2744 οἰκείᾳ
1848 2672 1997 2725 πόλει

419 2775 626 2848 τραφὲν
659 2771 925 2840 πολυθέῳ,
969 2765 1214 2838 γεμούσῃ
1251 2765 1478 2831 ξοάνων,
1519 2762 1614 2817 καὶ
1642 2762 1994 2833 ἀγαλμάτων,

419 2869 514 2925 καὶ
539 2866 771 2929 συνόλως
804 2859 1215 2933 ἀφιδρυμάτων.
1257 2858 1396 2910 Ἀλλ’
1432 2857 1617 2928 ἐπειδὴ
1646 2855 1896 2924 καθάπερ
1934 2855 1998 2906 ἐκ

423 2960 646 3021 σκότους
701 2956 892 3026 βαθέος
939 2949 1173 3024 ἐδυνήθη
1219 2947 1478 3020 βραχεῖαν
1524 2947 1696 3018 αὐγὴν
1742 2945 1996 3016 ἀληθείας

418 3052 612 3107 ἐνιδεῖν
645 3048 858 3118 θανάτῳ
897 3045 1166 3109 κινδύνου,
1209 3042 1345 3115 πρὸς
1374 3041 1655 3095 εὐσέϐειαν
1686 3040 1998 3114 ηὐτομόλη-
2024 3071 2066 3130 C

416 3161 531 3206 σεν,
571 3141 725 3209 ὀλίγα
755 3137 1090 3210 φροντίσασα
1120 3133 1215 3188 τοῦ
1245 3134 1366 3205 ζῇν,
1407 3135 1456 3186 εί
1498 3133 1572 3204 μὴ
1607 3132 1785 3203 μέλλοι
1819 3130 1994 3195 καλῶς

417 3236 537 3308 ζῇν.
576 3234 648 3287 Τὸ
687 3233 744 3286 δὲ
789 3230 967 3293 καλῶς
1000 3228 1262 3298 ἀνέφερεν
1297 3226 1384 3278 ἐπ’
1425 3225 1576 3278 οὐδὲν
1616 3225 1860 3296 ’έτερονῆ
1903 3224 1994 3276 ἐπὶ

416 3328 515 3397 τὴν
556 3322 850 3394 θεραπείαν
890 3321 983 3374 καὶ
1022 3318 1231 3372 ἱκεσίαν
1269 3315 1363 3368 τοῦ
1403 3314 1521 3378 ἐνὸς
1568 3315 1764 3368 αἰτίου.
1801 3314 1993 3366 Καίτοι

415 3418 566 3475 δυσὶν
593 3414 850 3490 ἀδελφοῖς
870 3410 1199 3483 ἀμφοτέροις
1240 3409 1496 3478 πονηροῖς
1522 3410 1580 3460 ἐν
1619 3406 1771 3477 μέρει
1809 3423 1991 3476 γημα-

419 3509 577 3578 μένη,
612 3489 998 3577 κουριδίῳὶμὲν
1031 3499 1107 3571 τῷ
1145 3498 1415 3570 προτέρῳ,
1444 3497 1521 3567 τῷ
1549 3497 1592 3549 δ’
1634 3496 1860 3569 ὕστερον
1900 3498 1994 3550 καὶ

417 3599 592 3670 ἔχοντι
634 3595 975 3657 ὲπιδικασίας
1012 3593 1182 3663 νόμῳ,
1231 3590 1425 3661 γενεάν
1463 3589 1556 3643 τοῦ
1604 3589 1869 3660 προτέρου
1917 3591 1990 3659 μὴ

417 3690 825 3752 καταλιπόντος,
871 3684 984 3740 ἀλλ’
1033 3685 1203 3755 ὅμως,
1245 3681 1575 3751 ἀκηλίδωτον
1621 3680 1991 3749 διαφυλάξασα

415 3785 506 3838 τὸν
540 3781 739 3850 ἑαυτῆς
771 3780 906 3849 βίον,
939 3779 1126 3854 ἴσχυσε
1169 3776 1263 3831 καὶ
1294 3772 1679 3846 προσηκούσης
1711 3775 1821 3834 τοῖς
1857 3774 1993 3840 ἀγα-

417 3876 528 3938 θοῖς
551 3872 825 3943 εὐφημίας
856 3869 1150 3938 ὲπιλαχεῖν,
1177 3867 1271 3924 καὶ¹
1296 3869 1408 3928 τοῖς
1442 3864 1557 3934 μεθ’
1587 3864 1757 3934 αὐτὴν
1789 3863 1990 3916 ἅπασιν

415 3964 692 4036 εὐγενείας
717 3962 860 4034 ἀρχὴ
888 3959 1156 4030 γενέσθαι.
1196 3957 1335 4011 Ἀλλ’
1367 3957 1504 4026 αὕτη
1531 3956 1627 4027 μὲν
1648 3959 1694 4008 εί
1727 3956 1818 4008 καὶ
1847 3954 1992 4007 ἁλλό-

417 4058 601 4128 φυλος,
628 4055 741 4110 ἀλλ’
779 4049 872 4109 οὖν
904 4071 968 4122 γε
991 4051 1252 4124 ἐλευθέρα
1287 4052 1381 4108 καὶ
1412 4051 1472 4118 ἐξ
1505 4049 1801 4124 ἐλευθέρων
1836 4047 1987 4111 ἴσως,

415 4149 511 4203 καὶ
538 4149 637 4201 οὐκ
670 4148 920 4218 ἀσήμων.

484 4239 624 4294 Ibid.
661 4239 769 4292 Kal
804 4237 902 4291 διὰ
934 4237 1247 4306 πονηρίαν.
1280 4235 1412 4304 Quae
1445 4235 1609 4291 fuerit
1642 4235 1758 4290 haec
1785 4235 1990 4290 malitia

414 4332 500 4387 vel
553 4330 815 4400 iniquitas
852 4326 980 4392 Her,
1011 4344 1187 4397 neque
1226 4326 1513 4396 Scriptura
1562 4326 1852 4396 expressit,
1888 4341 1989 4380 nec

2099 461 2340 515 Thamar
2391 469 2446 514 et
2498 457 2834 514 scortatione
2875 452 3029 507 Judae
3071 453 3284 522 prolixe
3331 457 3593 505 narratur
3621 452 3679 506 in

2099 552 2428 607 Testamento
2455 548 2521 602 η
2547 545 2998 617 patriarcharum,
3025 558 3148 614 cap.
3178 543 3232 597 5.

2166 661 2331 725 lbid.,
2376 661 2474 715 lin.
2525 660 2615 715 50.
2658 658 2934 728 Ἐξέχεεν
2976 655 3077 710 ἐπὶ
3131 655 3262 724 τῆς.
3309 655 3677 726 Augustinus,

2097 755 2193 810 lib.
2237 769 2352 808 χχιι
2400 763 2587 808 contra
2621 751 2907 814 Faustum,
2945 765 3068 819 cap.
3100 749 3189 816 84,
3222 749 3462 819 pejOrem
3510 748 3678 802 fuisse

2099 846 2228 912 ller,
2258 863 2422 918 quam
2469 845 2680 911 Onam;
2724 845 2876 899 illum
2913 842 3088 897 fuisse
3131 842 3454 910 malignum,
3490 851 3545 894 et
3578 855 3679 893 sa:-

2099 955 2248 1002 vum,
2274 949 2327 994 et
2346 953 2605 1008 peccasse
2633 935 2881 991 nocendo
2904 953 2918 1002 ;
2950 934 3096 988 hunc
3119 946 3394 1003 peccasse,
3417 932 3680 1000 prodesse

2097 1026 2153 1085 et
2193 1031 2389 1101 juvare
2419 1031 2674 1085 nolendo.
2723 1028 2946 1082 Pererio
2974 1027 3285 1096 oppositum
3334 1022 3678 1094 probabilius

2099 1122 2333 1189 videtur,
2357 1138 2481 1176 cum
2511 1120 2792 1191 Scriptura
2823 1118 2930 1173 Her
2955 1118 3186 1188 appellet
3210 1131 3466 1185 nequam,
3503 1111 3678 1167 Onam

2098 1231 2227 1271 vero
2256 1215 2659 1279 detestandum,
2694 1212 2841 1284 quod
2870 1227 2983 1266 rem
3029 1209 3406 1265 detestabilem
3450 1207 3677 1272 faceret,

2098 1312 2246 1382 quod
2294 1312 2564 1382 gravioris
2607 1307 2857 1364 criminis
2911 1311 3040 1358 nota
3100 1311 3204 1358 est.
3249 1301 3454 1356 Deinde
3502 1299 3678 1355 Onam

2097 1404 2346 1472 exemplo
2375 1401 2680 1472 punitionis
2712 1399 2968 1452 fraternae
3000 1394 3173 1448 noluit
3196 1393 3544 1461 resipiscere,
3577 1405 3680 1446 nec

2082 1496 2396 1553 deterritus
2427 1493 2715 1557 abstinuit,
2745 1490 2828 1545 vel
2864 1504 2894 1542 a
2927 1487 3116 1553 simili,
3151 1491 3233 1540 vel
3260 1500 3290 1538 a
3321 1484 3518 1555 majori
3551 1501 3681 1555 peo-

2099 1597 2241 1644 cato.
2274 1587 2540 1642 Praeterea
2575 1584 2683 1638 ller
2710 1582 2954 1654 peccavit
2981 1579 3290 1634 inordinata
3316 1577 3545 1631 libidine
3583 1577 3681 1631 de-

2101 1679 2412 1734 lectationis
2450 1692 2713 1740 venerem,
2741 1673 2914 1729 Onam
2947 1672 3184 1740 maligna
3215 1669 3418 1724 invidia
3445 1668 3679 1723 fraterni

2102 1771 2254 1837 boni,
2317 1786 2386 1825 ne
2451 1767 2851 1839 primogenitus
2905 1779 3040 1820 suus
3087 1763 3469 1833 assignaretur
3518 1761 3680 1816 fratri

2097 1877 2218 1916 SUO.

2168 1992 2286 2048 Col.
2316 1991 2444 2056 769,
2482 1990 2578 2044 lin.
2626 1987 2713 2042 12.
2755 1983 2850 2055 Ὠς
2891 1987 2946 2041 δ’
2984 1989 3375 2055 ἀποστείλας.
3423 1987 3683 2043 Historia:

2097 2087 2261 2155 hujus
2294 2086 2689 2156 perelegantcm
2735 2081 3050 2149 allegoriam
3090 2083 3261 2137 habes
3303 2082 3446 2153 apud
3492 2081 3682 2136 Philo-

2098 2194 2244 2242 nem,
2284 2177 2382 2231 lib.
2417 2175 2554 2242 Περὶ
2583 2173 2885 2244 φυγάδων,
2917 2189 3078 2244 quem
3104 2174 3248 2228 vide.

2166 2287 2325 2350 lbid.,
2355 2288 2452 2341 lin.
2491 2287 2580 2340 55.
2635 2285 2749 2354 Τῆς
2793 2285 3095 2355 ἀχράντου
3126 2289 3376 2356 Μαρίας.
3418 2287 3682 2344 Insulsis-

2098 2382 2220 2435 siini
2280 2380 2649 2434 Mahumetani
2705 2378 2930 2433 Mariam
2983 2381 3409 2446 sanctissimam,
3456 2393 3513 2436 et
3557 2399 3679 2452 qua:

2098 2475 2375 2527 Christum
2420 2471 2587 2527 Deum
2628 2473 2858 2541 peperit,
2901 2488 3141 2527 sororem
3179 2472 3379 2544 Moysis
3424 2483 3477 2528 et
3513 2476 3685 2531 Aaro-

2100 2565 2184 2620 nis
2213 2565 2439 2618 faciunt.
2471 2561 2819 2634 Eutliymius,
2858 2563 2910 2616 in
2947 2563 3204 2631 Panoplia
3229 2581 3247 2618 :
3279 2558 3388 2617 Kal.
3422 2567 3506 2618 ὅτι
3532 2567 3560 2616 ὁ
3584 2567 3686 2620 Λό-

2099 2677 2194 2728 γος
2223 2659 2316 2712 τοῦ
2364 2656 2521 2724 Θεοῦ,
2558 2658 2652 2710 καὶ
2689 2657 2751 2710 τὸ
2794 2657 3018 2726 Πνεῦμα
3059 2657 3244 2721 αὐτοῦ,
3293 2658 3488 2711 κτιστά
3532 2659 3682 2722 ὅντα,

2098 2750 2349 2820 εἰσῆλθεν
2383 2751 2463 2813 είς
2494 2747 2712 2821 Μαρίαν
2741 2747 2839 2819 τὴν
2885 2747 3116 2820 ἀδελφὴν
3159 2749 3403 2813 Μωσέως
3437 2751 3684 2803 καὶἈα-

2103 2839 2230 2914 ρὼν,
2282 2842 2376 2894 καὶ
2429 2840 2721 2911 ἐγέννησεν
2763 2839 2902 2910 αὐτη
2953 2840 3074 2909 δίχα
3125 2839 3435 2911 σπέρματος
3468 2841 3684 2912 Ἰησοῦν

2099 2933 2193 2988 τὸν
2243 2931 2500 3005 Χριστὸν,
2551 2933 2855 3006 προφήτην,
2911 2933 3006 2984 καὶ
3056 2932 3236 2985 δοῦλον
3289 2935 3552 3003 γεγονότα
3590 2934 3684 2988 τοῦ

2101 3024 2258 3078 Θεοῦ.
2316 3023 2383 3078 Ει
2426 3024 2479 3078 in
2528 3024 2721 3078 ordine
2761 3024 2853 3093 qui
2906 3031 3153 3077 servatur
3197 3040 3361 3094 super
3409 3027 3477 3080 iis
3518 3028 3613 3096 qui
3654 3045 3684 3081 ιι

2102 3113 2391 3171 Saracenis
2430 3116 2497 3171 ad
2537 3112 2972 3171 Christianorum
3011 3115 3167 3170 tidem
3216 3133 3276 3171 se
3311 3129 3683 3175 convertunt:

2114 3208 2520 3278 Ἀναθεματίζω
2544 3208 2641 3278 τὴν
2670 3207 2764 3260 τοῦ
2801 3207 3045 3276 Μωάμεδ
3071 3207 3336 3278 φλυαρίαν
3364 3209 3463 3280 τὴν
3496 3209 3687 3276 λέγου-

2101 3319 2214 3362 σαν,
2247 3301 2328 3354 ὅτι
2360 3299 2387 3352 ὁ
2435 3293 2638 3369 Κύριος
2687 3298 2782 3352 καὶ
2823 3298 2956 3360 Θεὸς
2997 3299 3202 3366 Ἰησοῦς
3242 3303 3269 3353 ὁ
3302 3300 3538 3371 Χριστὸς
3577 3295 3685 3356 ἀπὸ

2099 3389 2318 3460 Μαρίας
2342 3389 2438 3460 τῆς
2484 3381 2718 3458 ἀδελφῆς
2751 3386 2845 3439 τοῦ
2888 3389 3130 3451 Μωσέως
3161 3389 3256 3442 καὶ
3295 3389 3505 3459 Ἀαρὼν
3536 3392 3687 3457 ἐγεν-

2099 3481 2234 3551 νήθη
2263 3480 2389 3534 ἇνευ
2427 3481 2633 3550 σπορᾶς
2673 3481 2736 3530 ἐκ
2774 3476 2867 3530 τοῦ
2914 3479 3086 3546 Λόγου
3132 3477 3226 3531 τοῦ
3272 3478 3408 3532 Θεοῦ
3461 3483 3556 3533 καὶ
3590 3476 3682 3536 to;

2098 3572 2433 3642 Πνεύματος.
2488 3572 2622 3637 Quis
2676 3570 2816 3624 hanc
2881 3573 3266 3643 ἀνιστορησίαν
3320 3576 3674 3636 somniasset.

2097 3662 2203 3717 nisi
2250 3661 2540 3724 Moamcth,
2571 3671 2621 3716 et
2653 3670 2804 3731 pater
2846 3660 2964 3729 ejus
2994 3663 3281 3716 diabolus?
3314 3661 3565 3733 Spatium
3597 3669 3677 3722 bis

2098 3753 2246 3807 mille
2284 3768 2552 3806 annorum
2591 3753 2732 3807 inter
2781 3751 3004 3806 Mariam
3052 3769 3296 3807 sororem
3349 3756 3577 3826 llloysis,
3627 3769 3680 3814 et

2098 3843 2320 3901 Mariam
2352 3860 2473 3914 qua:
2498 3845 2778 3899 Christum
2814 3845 3036 3916 peperit,
3081 3845 3408 3902 intercessit.
3440 3849 3555 3905 Nec
3582 3853 3684 3905 mi-

2098 3954 2201 3992 nus
2233 3935 2713 4006 reprehendendus
2743 3948 2826 3992 est
2862 3937 3176 3993 Fridericus
3210 3937 3562 4011 Sylburgius,
3590 3945 3681 4012 qui

2096 4030 2243 4084 nolis
2271 4031 2324 4082 in
2358 4028 2707 4091 Saracenica,
2742 4029 2810 4083 de
2846 4030 3166 4084 adoratioue
3204 4032 3508 4102 imaginum
3541 4037 3683 4092 male

2095 4121 2339 4176 sentiens
2366 4130 2526 4190 negat
2550 4120 2922 4175 adorationem
2948 4119 3130 4178 deberi
3156 4122 3324 4176 beata:
3358 4123 3546 4180 Mariae
3574 4128 3683 4181 vir-

2096 4212 2229 4283 gini,
2258 4211 2419 4280 idque
2450 4211 2587 4265 locis
2628 4211 2957 4281 quibusdam
2990 4215 3165 4267 sancti
3203 4213 3496 4284 Epiplianii
3539 4219 3682 4273 male

2097 4307 2165 4360 ab
2189 4306 2307 4376 ipso
2341 4303 2649 4359 intellectis.
2675 4301 2725 4358 ls
2755 4304 2898 4358 enim
2923 4304 3001 4358 uti
3030 4305 3362 4360 Calviniana:
3393 4317 3562 4363 secta
3587 4309 3682 4363 ad-

415 4431 624 4479 εει-ωτι,
652 4395 880 4492 ’διίςυίά
927 4395 1113 4475 sum,
1133 4426 1316 4490 potest,
1350 4395 1425 4473 δι)
1476 4395 1654 4474 varia;
1702 4426 1988 4472 auctorum
2023 4433 2068 4489 υ
2098 4398 2275 4454 dictus
2305 4397 2537 4468 sparsim
2567 4395 2621 4449 in
2653 4396 2759 4450 illis
2793 4395 2941 4450 notis
2987 4397 3217 4452 latenter
3242 4405 3296 4452 et
3326 4398 3566 4456 subdole
3590 4417 3682 4456 ve-

413 4517 734 4574 Sententias.
773 4515 1136 4586 Augustinus,
1168 4513 1262 4568 lib.
1310 4528 1426 4567 χιιι
1469 4520 1658 4565 contra
1705 4509 1990 4576 Faustum,

414 4625 535 4680 cap.
578 4608 668 4672 84,
705 4607 999 4678 signiﬁcat,
1034 4617 1318 4677 peccatum
1349 4604 1469 4673 ejus
1501 4603 1672 4659 fuisse
1703 4603 1992 4660 crudelita-

413 4704 486 4758 tis
514 4709 570 4757 et
622 4700 867 4756 saevitia.
914 4699 1023 4753 Alii
1056 4699 1464 4768 conjectarunt,
1500 4696 1674 4754 fuisse
1705 4704 1989 4766 peccatum

414 4802 607 4850 contra
641 4801 917 4857 naturam,
964 4793 1110 4862 quod
1153 4791 1495 4857 admittebat,
1543 4791 1775 4846 abutens
1824 4802 1995 4843 uxore

413 4897 565 4941 extra
597 4901 693 4941 vas
727 4885 1011 4941 muliebre.
1058 4883 1413 4940 Hebraeorum
1457 4883 1678 4938 traditio
1707 4891 1813 4948 est,
1847 4882 1993 4936 Tha-

414 4993 532 5034 mar
570 4978 740 5034 fuisse
768 4978 1192 5050 pulcherrimam
1221 4978 1498 5043 feminam,
1523 4992 1753 5046 eamque
1781 4976 1993 5046 perdite

414 5071 722 5125 adamatam
767 5085 890 5126 esse
940 5069 1008 5124 ab
1054 5069 1184 5125 Her.
1233 5069 1338 5136 Qui
1381 5085 1490 5140 quo
1528 5069 1736 5124 diutius
1784 5069 1990 5123 illibata

417 5165 536 5234 ejus
574 5164 978 5236 pulchritudine
1022 5163 1127 5218 frui
1160 5173 1366 5235 posset,
1398 5164 1579 5219 sciens
1613 5179 1709 5234 per
1745 5162 1993 5232 gravida-

419 5260 595 5314 tiones
627 5267 680 5314 et
718 5267 907 5328 partus
949 5256 1308 5312 deﬂorescere
1333 5256 1607 5319 decorem,
1633 5264 1689 5311 et
1731 5263 1989 5311 venusta-

417 5359 523 5406 tem
575 5352 925 5415 muliebrem,
972 5351 1028 5404 in
1077 5348 1480 5419 congrediendo
1534 5362 1659 5403 cum
1711 5348 1985 5414 Thamar,

410 5442 720 5499 effundebat
749 5460 934 5500 semen
959 5452 1114 5499 extra
1141 5459 1236 5498 vas
1272 5443 1438 5507 illius,
1468 5458 1535 5496 ne
1562 5442 1833 5511 gravidari
1863 5457 1989 5511 pos-

411 5539 513 5588 set.
548 5532 699 5587 Hane
726 5542 949 5590 secutus
975 5545 1058 5589 est
1086 5534 1401 5602 Cajetanus,
1430 5548 1530 5588 nec
1573 5533 1785 5586 videtur
1823 5535 1890 5586 ab
1921 5547 1986 5587 ea

410 5625 762 5680 abhorruisse
779 5623 1018 5681 Joannes
1039 5625 1361 5690 Cassianus,
1383 5623 1675 5678 collatione
1687 5623 1739 5688 8,
1755 5638 1874 5693 cap.
1896 5623 1982 5686 ll,

411 5718 474 5782 de
501 5725 727 5788 peccato
751 5718 926 5777 Onam
949 5718 1115 5774 verba
1147 5718 1372 5785 faciens,
1407 5716 1701 5777 verisimile
1728 5716 1872 5772 enim
1897 5723 1982 5772 est

2095 4507 2298 4546 nenum
2330 4490 2581 4554 effundit,
2631 4489 2775 4544 sicut
2817 4498 2870 4543 et
2907 4490 3163 4560 superius
3209 4488 3278 4544 de
3323 4503 3680 4550 sacramento

2096 4584 2450 4641 Eucharistiae
2492 4591 2675 4653 egerat
2720 4591 2774 4638 et
2815 4582 2870 4635 in
2915 4582 3035 4652 ipso
3076 4581 3281 4637 lumine
3307 4585 3597 4648 caecutire,
3628 4594 3679 4642 et

2095 4677 2274 4746 palam
2322 4675 2592 4731 mendacii
2624 4689 2786 4745 posse
2840 4674 3094 4728 convinci
3148 4690 3257 4728 non
3307 4687 3575 4745 veretur;
3627 4687 3680 4733 at

2095 4770 2223 4824 dum
2252 4784 2459 4825 venena
2483 4776 2725 4838 spargat,
2755 4784 2876 4837 qua:
2908 4768 3172 4827 inliciant.
3197 4784 3391 4838 parum
3421 4772 3503 4825 illi
3534 4789 3677 4828 cura:

2093 4871 2198 4926 est,
2231 4863 2275 4916 si
2305 4877 2458 4917 suam
2493 4862 2548 4915 in
2590 4860 2955 4931 scriptoribus
2998 4861 3365 4930 intelligendis
3397 4862 3674 4919 inscitiam

2094 4953 2406 5025 patefaciat.
2437 4951 2570 5007 Vide
2599 4953 2777 5021 ipsum
2815 4968 2873 5022 p.
2909 4951 3010 5005 156
3048 4960 3101 5006 et
3131 4951 3253 5006 158.
3296 4952 3456 5018 Quod
3488 4956 3536 5010 si
3570 4971 3673 5011 non

2091 5055 2174 5102 est
2203 5047 2492 5107 invertere,
2524 5053 2973 5111 transversosque
2999 5056 3156 5112 agere
3183 5040 3375 5097 Patres
3401 5054 3458 5096 et
3486 5060 3673 5099 eorum

2093 5139 2414 5200 sententias,
2448 5134 2579 5207 quid
2619 5135 2759 5190 erit?
2793 5133 2920 5188 Haec
2959 5134 3082 5190 ideo
3117 5135 3376 5188 adnotavi
3412 5147 3472 5191 ut
3520 5147 3672 5191 notas

2092 5232 2214 5285 illas
2246 5237 2404 5284 caute
2434 5230 2608 5282 lector
2635 5235 2941 5297 percurrat.

2161 5340 2297 5396 Ibid.
2344 5339 2464 5430 Τῆς1
2493 5337 2818 5410 ἁχράντου.
2861 5337 2993 5404 Quae
3031 5347 3146 5393 tota
3177 5339 3410 5409 pulchra
3444 5351 3552 5409 est,
3575 5356 3670 5398 nec

2088 5437 2254 5490 ullam
2282 5433 2519 5488 admittit
2550 5433 2774 5486 omnino
2803 5434 3092 5488 maculam.
3122 5431 3177 5486 In
3202 5449 3321 5486 eam
3357 5433 3596 5489 humiles
3620 5443 3669 5487 et

2088 5528 2290 5592 devoti,
2323 5527 2438 5581 haec
2467 5527 2718 5597 quamvis
2751 5525 3046 5596 incompta,
3078 5525 3272 5580 affectu
3303 5535 3489 5580 tamen
3516 5528 3668 5594 plena

2087 5621 2409 5677 cecinimus.
2451 5620 2583 5685 Quae
2613 5620 2732 5683 tibi,
2760 5602 3375 5691 Ιοοιον,’φιλοπαροἐνῳ
3428 5635 3542 5676 non
3584 5617 3644 5676 in

2087 5726 2238 5787 grata
2271 5714 2386 5770 fore
2418 5714 2815 5770 existimamus.
3139 5705 3152 5719 ’
