3838 6158
119 6045 378 6124 Δ

437 305 579 366 1019

1813 301 2058 360 LEONIS
2097 303 2370 362 ALLATII

3568 309 3590 363 1
3601 306 3709 366 €20

436 429 509 485 sit
540 441 728 482 eorum
769 436 972 482 certam
1003 428 1270 499 originem
1325 429 1570 500 assequi,
1623 431 1797 485 nulla
1825 446 2018 485 eorum
2048 435 2090 491 Α
2121 433 2310 498 ipsius,
2346 439 2397 485 et
2439 431 2679 500 ﬁliarum
2704 430 2842 498 ejus,
2880 441 2930 482 et
2963 443 3177 481 manum
3217 443 3374 498 egeno
3397 439 3448 482 et
3483 436 3709 498 pauperi

437 519 698 574 memoria
733 519 1050 588 superstite.
1091 518 1232 575 Sunt
1265 521 1381 576 haec
1409 523 1561 579 vices
1593 530 1921 594 temporum,
1947 523 2024 576 lu-

434 613 651 681 dusque
680 619 914 670 natura}.
963 610 1196 678 Quidam
1229 614 1618 670 existimarunt
1650 613 1954 670 Saracenos
1992 631 2021 669 a

424 701 642 756 Saraca
670 702 806 756 urbe
835 701 1071 766 Arabiae,
1101 719 1228 758 nam
1261 712 1316 758 et
1349 705 1405 760 in
1444 705 1637 771 Ponto,
1672 714 1725 761 et
1755 708 1810 761 in
1849 707 2023 762 Media

440 793 592 847 urbis
624 795 728 847 hoc
754 793 974 848 nomine
1001 795 1141 849 tradi
1172 796 1444 864 reperitur
1486 798 1787 867 appellatos
1824 797 2020 866 fuisse;

438 886 524 938 vel
557 885 626 940 ab
655 887 792 940 urbe
827 885 1012 949 Sarra,
1036 894 1096 940 ut
1125 885 1450 959 Euthymius
1476 888 1817 961 Zygabenus.
1848 890 2022 958 Quam

439 974 577 1031 bene
605 978 819 1046 sapiant
845 984 1124 1032 auctorem
1167 980 1345 1049 gentis
1391 995 1504 1035 suae
1559 981 1757 1036 ducent
1789 983 2025 1038 Ammia-

441 1082 566 1130 nus,
598 1066 693 1121 lib.
730 1084 804 1136 ιν,
839 1077 894 1122 et
929 1067 990 1121 D.
1018 1067 1385 1141 Hieronymus
1441 1071 1497 1126 in
1533 1072 1653 1126 Vita
1675 1076 1848 1127 sancti
1880 1074 2024 1128 Mal-

438 1164 542 1216 chi.
569 1161 687 1218 Etsi
743 1172 923 1219 autem
974 1172 1240 1235 putantur
1297 1164 1554 1222 Saraceni
1618 1171 1838 1241 proprie
1891 1171 2020 1226 dicti

439 1255 649 1311 Arabes
682 1257 717 1310 ii
759 1259 852 1326 qui
881 1259 1162 1313 veteribus
1213 1258 1447 1314 Scenitas
1487 1260 1659 1324 fuere,
1694 1271 1874 1317 tamen
1908 1266 2023 1319 uni-

441 1364 630 1404 versos
659 1348 866 1405 Arabas
900 1367 1022 1407 esse
1067 1350 1371 1408 Saracenos
1420 1354 1732 1411 nominatos
1784 1367 2018 1412 constat.

440 1436 508 1491 Et
547 1444 765 1496 tandem
803 1442 858 1496 in
881 1440 1090 1498 Turcas
1133 1446 1519 1516 degenerasse.
1556 1446 1632 1502 De
1660 1464 1892 1517 quorum
1919 1451 2025 1504 ori-

440 1530 567 1600 gine
615 1530 854 1588 Joannes
915 1532 1286 1591 Leunclavius
1348 1535 1610 1591 Historia!
1666 1531 2023 1593 Musulmanw

441 1624 536 1678 lib.
572 1641 633 1690 ιι,
674 1625 956 1696 Philippus
1004 1626 1361 1695 Hanivaldus,
1413 1627 1729 1686 Ioachimus
1761 1631 2013 1688 Camera-

441 1715 558 1770 rius
587 1727 639 1770 et
665 1715 776 1769 alii.

2126 539 2227 576 non
2253 522 2684 592 porrigebant:et
2704 522 2918 576 elevata;-
2934 529 3077 580 sunt.
3103 519 3394 589 elfecerunt
3418 521 3707 575 abomina-

2125 614 2290 668 tiones
2335 630 2517 668 coram
2554 631 2655 681 me,
2687 623 2736 668 et
2785 613 2982 666 abstuli
3027 629 3118 667 eas
3157 613 3294 666 sicut
3331 612 3533 667 vidisti.
3569 610 3707 668 Vide

2124 721 2287 777 super
2328 706 2474 762 hunc
2505 708 2685 760 locum
2716 704 3022 759 Comment.
3055 703 3391 774 Hieronymi.
3423 701 3706 758 Gravissi-

2093 816 2270 854 -mum
2325 809 2505 854 autem
2543 807 2828 870 peceatum
2889 797 3013 861 fuit,
3047 798 3192 868 quod
3225 798 3294 854 ab
3327 797 3464 867 ipsis
3499 811 3702 851 nomen

2125 893 2312 957 traxit,
2360 900 2415 947 et
2469 907 2594 947 cum
2661 907 2728 948 eo
2783 891 3104 947 idololatriae
3151 887 3705 962 peccatum.Iudicet

2122 985 2285 1040 modo
2320 986 2512 1052 lector,
2555 1000 2719 1056 quam
2781 1000 2922 1040 vana
2973 985 3118 1050 sint,
3157 991 3212 1039 et
3265 983 3474 1046 inania,
3506 996 3635 1052 qua:
3674 997 3704 1034 a

2121 1077 2450 1146 quibusdam
2501 1077 2570 1133 de
2619 1077 2722 1132 hoc
2767 1085 2995 1147 peccato
3029 1076 3343 1141 traduntur,
3374 1074 3506 1129 dum
3552 1075 3707 1129 illius

2121 1169 2386 1238 originem
2441 1167 2508 1222 ad
2559 1167 2930 1223 nobilissimas
2968 1168 3219 1222 nationes
3245 1167 3521 1238 rejiciunt,
3578 1182 3706 1220 cum

2123 1267 2366 1330 tempore
2394 1259 2626 1314 Abrahae
2653 1260 2711 1313 in
2739 1257 3150 1329 Pentapolitana
3180 1258 3271 1313 illa
3299 1258 3524 1328 regione
3558 1258 3706 1326 apud

2123 1352 2321 1420 impios
2352 1350 2475 1406 illos
2505 1350 2754 1406 homines
2787 1359 3162 1421 grassaretur;
3187 1363 3311 1404 cum
3343 1364 3445 1404 nec
3473 1363 3706 1403 accusa-

2123 1451 2301 1497 tarum
2354 1443 2635 1514 regionum
2693 1441 2955 1497 memoria
3013 1442 3121 1495 ulla
3175 1441 3352 1495 adhuc
3397 1448 3648 1496 exstaret
3693 1458 3704 1492 :

2121 1535 2305 1589 omnia
2332 1534 2477 1589 enim
2519 1533 2736 1588 illarum
2771 1534 3012 1605 gentium
3040 1534 3202 1588 etiam
3238 1531 3488 1588 fabulosa
3530 1529 3711 1586 Sodo—

2121 1627 2310 1681 mitico
2337 1627 2432 1681 illo
2459 1626 2584 1696 igne
2630 1626 2956 1696 posteriora.
2987 1624 3106 1679 Etsi
3145 1639 3333 1678 verum
3367 1623 3528 1678 fateri
3581 1623 3710 1676 licet

2123 1721 2284 1776 etiam
2325 1727 2453 1775 ante
2480 1719 2745 1774 diluvium
2779 1719 2959 1774 scelus
2993 1715 3127 1771 illud
3163 1731 3272 1770 non
3304 1715 3485 1770 solum
3521 1716 3582 1768 in
3614 1714 3714 1768 ho-

509 1804 626 1860 Col.
647 1806 772 1872 ⁵761,
806 1807 901 1860 lin.
925 1807 1015 1862 29.
1041 1809 1208 1875 ’Ἠτις
1232 1811 1506 1878 οὐρανίῳ.
1542 1811 1812 1870 Eusebius
1840 1815 2014 1885 prima

2130 1815 2326 1880 mines,
2366 1813 2462 1869 sed
2501 1812 2666 1867 etiam
2716 1813 2774 1866 in
2818 1813 2975 1866 bruta
3008 1811 3061 1864 in
3093 1825 3194 1865 usu
3227 1808 3400 1864 fuisse
3454 1807 3713 1863 scribunt

441 1907 594 1970 parte
623 1898 870 1954 Chronici
893 1917 909 1954 :
936 1901 1054 1973 Πῦρ
1078 1903 1219 1956 κατὰ
1250 1904 1352 1973 τῆς
1395 1905 1787 1971 Πενταπόλεως
1826 1908 2024 1971 ὑετίζει

439 1991 590 2054 Θεός.
617 1992 725 2046 Καὶ
755 1992 1045 2055 ἀναλίσκει,
1063 1994 1160 2064 μὲν
1194 1994 1252 2060 ἐξ
1281 1995 1451 2065 αὐτῆς
1475 1994 1618 2048 ἅπαν
1649 1997 1709 2050 τὸ
1733 1999 1888 2067 γένος
1918 1999 2026 2052 τῶν

439 2083 765 2155 ἀνθρώπων,
805 2085 1106 2156 διαφθείρει
1151 2086 1208 2140 δὲ
1247 2086 1339 2140 καὶ
1366 2089 1498 2140 αὐτὸ
1524 2090 1582 2142 τὸ
1613 2089 1899 2162 ἀνάστημα
1928 2091 2026 2162 τῆς

440 2178 546 2248 γῆς
586 2177 677 2229 καὶ
726 2179 823 2248 τῆς
871 2179 1238 2250 προκειμένης
1288 2180 1566 2251 θαλάσσης
1619 2185 1907 2255 νεκροῦται
1956 2186 2026 2239 τὰ

441 2263 630 2330 ὕδατα,
661 2265 964 2337 Iosephus,
1003 2269 1183 2328 Antia.
1222 2270 1318 2324 lib.
1345 2287 1384 2334 ι,
1424 2288 1543 2342 cap.
1581 2273 1649 2328 10
1681 2284 1734 2328 et
1766 2276 1853 2340 se,
1883 2275 2025 2331 Soli-

440 2370 567 2420 nus,
603 2370 724 2426 cap.
755 2358 862 2412 38:
901 2357 1079 2430 Longo
1116 2360 1180 2412 ab
1210 2359 1590 2434 Hierosolymis
1627 2382 1829 2422 recessu
1855 2371 2022 2423 tristis

439 2448 588 2500 sinus
613 2448 898 2515 panditur;
921 2466 1070 2520 quem
1097 2451 1158 2505 de
1195 2452 1322 2506 ταιίο
1343 2463 1560 2514 tactum.
1587 2465 1811 2510 testatur
1832 2461 2020 2514 humus

439 2537 614 2606 nigra,
632 2540 752 2591 etin
775 2540 1207 2597 cineremsoluta.
1237 2542 1482 2608 Tacitus,
1508 2545 1652 2602 Hist.
1671 2549 1763 2602 lih.
1785 2567 1834 2604 v:
1863 2551 2021 2605 Haud

437 2625 623 2694 procul
652 2629 771 2681 inde
805 2632 998 2700 campi,
1022 2648 1151 2702 quos
1180 2633 1355 2702 ferunt
1396 2636 1524 2688 olim
1552 2638 1754 2701 uberes,
1789 2645 2021 2712 magnis-

435 2737 535 2790 que
555 2720 773 2775 urbibus
793 2723 1059 2777 habitatos
1084 2724 1364 2792 fulminum
1374 2727 1529 2795 jactu
1557 2731 1774 2784 arsisse.
1801 2732 2016 2800 Strabo,

431 2813 532 2867 lib.
574 2828 685 2878 xvn,
716 2814 1028 2869 incendium
1063 2815 1196 2870 illud
1252 2833 1362 2874 non
1403 2836 1433 2875 e
1478 2823 1638 2888 cmlo,
1682 2826 1777 2880 sed
1806 2843 1836 2882 e
1874 2837 2019 2884 terra

436 2895 766 2971 ernetatum,
805 2914 968 2975 atque
1019 2907 1329 2964 exhalatum
1363 2912 1661 2979 existimat,
1710 2932 1833 2971 cum
1867 2922 2018 2990 regio

435 2997 529 3051 illa
590 2996 747 3068 ignea
798 2999 890 3064 sit,
923 3015 1158 3072 namque
1213 3003 1268 3057 in
1303 3019 1388 3070 ea,
1416 3014 1472 3060 et
1510 3015 1678 3078 petrae
1718 3021 2016 3070 cernuntur

437 3089 663 3154 adustae,
699 3099 752 3146 et
786 3101 931 3146 terra
977 3093 1338 3161 cinerulenta,
1376 3105 1430 3153 et
1479 3115 1608 3155 saxa
1640 3105 1799 3173 quasi
1835 3116 2016 3176 guttas
2046 3133 2087 3192 ο
2120 3094 2390 3151 "immisse
2450 3113 2462 3147 ε

435 3185 575 3256 picis
634 3186 918 3250 stillantia,
954 3203 1018 3242 ae
1069 3189 1287 3245 demum
1338 3193 1531 3263 ingens
1561 3193 1888 3255 ferventium
1957 3219 2022 3260 ac

436 3275 808 3332 sulfurearum
843 3293 1110 3348 aquarum
1149 3283 1328 3352 copia.
1358 3285 1538 3351 Quare
1568 3290 1829 3348 credibile
1867 3294 1958 3359 sit,
1992 3313 2024 3351 e

433 3374 583 3420 terra
611 3368 763 3422 illum
794 3369 974 3440 ignem
1008 3387 1294 3430 emanasse
1325 3383 1486 3432 terra:
1516 3387 1664 3434 motu
1697 3390 1842 3436 terra
1872 3393 2025 3454 pate-

432 3460 602 3516 facta.
636 3460 744 3514 Τοῢ
771 3461 828 3515 δὲ
860 3462 1102 3536 ἔμπυρον
1137 3467 1234 3538 τὴν
1265 3467 1450 3540 χώραν
1480 3466 1619 3526 εἶναι
1658 3473 1726 3528 τὰ
1767 3475 1904 3530 ἄλλα
1935 3495 2023 3531 τε·

432 3552 646 3624 κμήρια
676 3553 900 3625 φέρουσι
924 3555 1112 3609 πολλόν
1152 3560 1245 3611 καὶ
1277 3559 1385 3633 γὰρ
1420 3561 1624 3634 πέτρας
1653 3565 1805 3630 τινὰς
1839 3570 2024 3622 ἐπικε-

430 3646 712 3716 καυμένας
771 3646 1072 3702 δεικνύουσι
1126 3652 1385 3721 τραχείας
1431 3655 1558 3726 περὶ
1604 3658 1898 3724 Μοασάδα,
1928 3663 2023 3715 xat

433 3741 720 3810 σήραγγας
752 3740 1041 3810 πολλαχοῦ,
1083 3744 1179 3796 καὶ
1211 3748 1315 3816 γῆν
1353 3748 1628 3820 τεφρώδη,
1661 3752 1929 3819 σταγόνας
1962 3771 2021 3806 τε

431 3831 636 3900 πίσσης
669 3833 734 3884 ὲκ
773 3825 1037 3885 λισσάδωὺ
1077 3833 1420 3905 λειϐομένας,
1460 3839 1554 3892 καὶ
1583 3839 1841 3907 δυσώδεις
1889 3845 2022 3916 πόρ-

434 3922 610 3994 ρωθεν
664 3925 940 3994 ποταμοὺς
988 3925 1230 3993 ζέοντας,
1266 3929 1550 3994 κατοικίας
1588 3931 1644 3985 δὲ
1675 3934 2020 4008 ἀνατετραμ-

435 4015 604 4083 μένας
638 4016 935 4086 σποράδην,
968 4015 1109 4070 ὥστε
1154 4020 1430 4074 πιστεύειν
1462 4027 1572 4085 τοῖς
1607 4023 2021 4098 θρυλλουμένοις

433 4105 540 4159 ὑπὸ
580 4105 688 4158 τῶν
719 4107 1023 4178 ἐγχωρίων,
1063 4109 1137 4173 ὡς
1166 4112 1272 4181 ἄρα
1307 4112 1549 4184 ᾠκοῦντό
1578 4133 1706 4169 ποτε
1766 4120 2020 4188 τρισκαί-

429 4196 564 4250 δεκα
601 4197 785 4260 πόλεις
821 4198 1074 4263 ἐνταῦθα,
1101 4193 1174 4252 ὧν
1212 4202 1308 4272 τῆς
1354 4205 1740 4274 μητροπόλεως
1773 4207 2020 4278 Σοδόμων

433 4287 662 4351 σώζοιτο
686 4289 883 4353 κύκλος
909 4291 1174 4363 ἑξήκοντά
1206 4311 1308 4346 που
1347 4296 1597 4361 σταδίων,
1633 4299 1738 4351 ὑπὸ
1781 4301 2019 4372 σεισμῶν

431 4381 526 4432 καὶ
545 4380 984 4450 ἁναφυσημάτων
1010 4383 1177 4454 πυρὸς
1227 4385 1319 4436 καὶ
1343 4385 1562 4456 Θερμῶν
1590 4388 1795 4441 ὑδάτων
1817 4389 2021 4458 ἀσφαλ-

2129 1911 2403 1968 auctores,
2456 1902 2895 1972 quossuperius
2941 1899 3289 1964 adduximus,
3321 1913 3445 1952 cum
3481 1905 3712 1967 peccata

2127 1995 2199 2049 ob
2229 2009 2349 2065 quae
2375 2001 2524 2050 totus
2552 2003 2823 2048 terrarum
2855 1992 3001 2048 orbis
3031 2006 3296 2062 aquarum
3324 1990 3511 2044 illuvie
3542 1989 3715 2044 obru-

2127 2095 2216 2142 tus
2259 2086 2421 2142 fuerit
2463 2100 3038 2142 commemoraremus.
3074 2083 3374 2138 Barbarum
3417 2096 3557 2152 ergo
3618 2097 3715 2136 ne-

2127 2177 2461 2248 fandumque
2493 2177 2595 2231 hoc
2624 2175 2841 2232 facinus
2865 2191 2893 2229 a
2925 2175 3176 2230 barbaris
3208 2174 3385 2244 primo
3419 2173 3711 2227 inventum

2126 2269 2180 2324 in
2232 2269 2368 2324 alias
2405 2268 2658 2324 nationes
2699 2267 2956 2323 diffusum
2993 2265 3222 2345 historia
3265 2279 3423 2320 sacra
3477 2263 3715 2318 manife-

2125 2368 2268 2417 stum
2303 2368 2409 2416 est.
2441 2360 2604 2427 Quid,
2631 2361 2863 2430 maligne
2893 2359 3298 2422 morsiculator,
3324 2357 3571 2429 indignis
3602 2358 3713 2412 cri-

2123 2454 2518 2509 minationibus
2572 2453 2944 2508 nobilissimas
2987 2467 3052 2506 ac
3079 2451 3400 2507 innocentes
3456 2452 3713 2506 nationes

2125 2542 2290 2597 livido
2315 2558 2410 2598 ore
2440 2542 2742 2597 mordendo
2769 2541 3034 2597 lacessis?

2192 2635 2352 2701 lbid.,
2385 2636 2484 2690 lin.
2521 2636 2609 2690 5i.
2651 2636 2823 2688 Ἔστι
2853 2634 2963 2704 γὰρ
3003 2632 3168 2687 ἰδεῖν.
3215 2632 3563 2704 Epitomator
3597 2633 3714 2688 Ste»

2121 2727 2289 2798 phani
2333 2729 2400 2782 de
2451 2728 2680 2783 urbibus
2711 2743 2806 2782 eas
2851 2727 3038 2782 decem
3075 2725 3248 2782 fuisse
3277 2727 3377 2791 ait,
3403 2742 3714 2796 earumque

2121 2827 2287 2890 caput
2341 2817 2514 2874 fuisse
2567 2817 2878 2872 Sodomam.
2944 2815 3141 2871 Strabo
3201 2826 3311 2871 tres
3353 2816 3492 2871 alias
3533 2816 3709 2881 addit,

2117 2919 2173 2964 et
2235 2908 2442 2963 fallitur
2509 2909 2566 2962 in
2625 2907 2864 2965 duobus.
2892 2907 3072 2977 primo
3130 2906 3184 2960 in
3219 2921 3451 2960 numero
3483 2921 3708 2972 earum;

2119 3000 2381 3067 secundo,
2425 2999 2716 3055 Sodomam
2784 2999 2850 3054 ad
2927 3000 3133 3069 aliquot
3211 2997 3388 3054 stadia
3438 2999 3709 3069 integram

2515 3101 2806 3162 utrumque
2863 3092 3008 3146 enim
3057 3105 3225 3146 sacra!
3268 3088 3576 3158 Scriptura:
3624 3106 3709 3143 re-

2127 3191 2347 3253 pugnat.
2403 3181 2511 3236 Alii
2567 3189 2804 3252 quatuor
2851 3181 3022 3236 fuisse
3077 3180 3320 3242 tradunt,
3387 3177 3709 3242 Sodomam,

2124 3271 2507 3335 Gomorrham,
2563 3271 2851 3338 Adamam,
2904 3277 2957 3325 et
3010 3267 3252 3333 Seboim,
3284 3269 3538 3338 quintam
3583 3284 3711 3322 vero

2124 3366 2346 3421 nomine
2387 3363 2574 3418 Balam
2624 3363 2963 3418 destructam
3013 3360 3209 3426 fuisse,
3237 3361 3343 3415 nisi
3374 3359 3521 3414 Deus
3562 3361 3708 3413 illam

2123 3459 2381 3530 precibus
2412 3455 2514 3511 Lot
2544 3457 2842 3510 immunem
2879 3461 3176 3509 servasset.
3237 3452 3512 3522 Iosephus
3545 3452 3644 3506 lib.
3693 3468 3708 3504 ι

2125 3553 2408 3623 Antiquit.,
2437 3552 2564 3606 licet
2606 3549 2945 3605 contrarium
2991 3555 3202 3603 astruat
3240 3549 3335 3603 lib.
3369 3565 3402 3602 ν
3457 3547 3538 3601 De
3574 3548 3711 3602 bello

2122 3644 2351 3700 Iudaico
2385 3660 2507 3715 cap.
2546 3645 2602 3709 5,
2638 3652 2692 3699 et
2737 3642 3097 3715 Hieronymus
3128 3642 3204 3697 De
3235 3642 3363 3696 locis
3403 3641 3707 3697 Hebraicis.

2123 3735 2256 3790 Eam
2286 3752 2416 3792 vero
2447 3735 2825 3792 Theodoretus
2851 3745 3046 3804 quaest.
3078 3735 3146 3789 69
3198 3737 3252 3788 in
3280 3732 3465 3788 Cenes.
3495 3743 3555 3788 et
3585 3732 3712 3788 Sui-

2122 3831 2221 3886 das
2255 3845 2386 3885 voce
2445 3828 2564 3893 Lot,
2613 3836 2738 3899 post
2785 3843 3067 3898 egressum
3121 3827 3220 3881 Lot
3257 3827 3429 3882 fuisse
3487 3827 3711 3881 destru-

2122 3932 2268 3978 ctam
2326 3924 2596 3987 scribunt,
2642 3930 2697 3977 et
2731 3937 2924 3976 omnes
2980 3921 3317 3975 habitatores
3352 3929 3516 3974 terrae
3553 3919 3708 3974 hiatu

2122 4019 2435 4088 absorptos.
2466 4015 2647 4083 Quare
2678 4031 2785 4070 non
2817 4015 3018 4068 mirum
3051 4015 3121 4069 ab
3150 4013 3439 4069 Eustathio
3461 4013 3709 4084 quinque

2122 4112 2402 4165 civitatum
2433 4109 3010 4163 commemorationem
3041 4106 3178 4160 fieri.

2193 4203 2327 4258 Ibid.
2352 4243 2366 4266 ,
2402 4201 2499 4255 lin.
2534 4201 2622 4254 5‘2.
2676 4201 2781 4254 Ἐν
2841 4195 2933 4266 αἶς
2974 4196 3334 4262 βλαστάνει.
3380 4196 3706 4253 Incendium

2123 4295 2252 4348 illud
2283 4294 2445 4348 etiam
2484 4293 2538 4346 in
2573 4291 2769 4344 herbas
2807 4290 3128 4360 plantasque
3158 4289 3417 4349 saevisse,
3463 4296 3520 4341 et
3569 4288 3707 4343 miro

2123 4389 2243 4441 illas
2273 4386 2576 4441 sterilitatis
2613 4385 2773 4437 modo
2808 4383 3088 4444 afflixisse,
3121 4381 3386 4435 habemus
3426 4397 3498 4434 ex
3533 4383 3704 4436 variis

431 4469 616 4522 τωδῶν
654 4488 712 4524 τε
746 4473 840 4524 καὶ
861 4471 1094 4526 θειωδῶν
1123 4475 1338 4547 ήλίμνη
1373 4477 1657 4546 προπέσοι,
1689 4480 1781 4532 καὶ
1826 4482 2019 4552 πέτραι

2125 4479 2461 4533 auctoribus.
2493 4476 2764 4546 Iosephus
2801 4475 2877 4530 De
2912 4475 3045 4528 bello
3076 4473 3310 4527 Iudaico
3363 4472 3463 4527 lib.
3497 4491 3555 4535 ν,
3587 4489 3703 4542 cap.

432 4564 760 4636 πυρίληπτοι
777 4567 1034 4634 γένοιντο,
1053 4569 1114 4620 αἴ
1135 4587 1192 4620 τε
1216 4570 1397 4633 πόλεις
1423 4573 1477 4624 al
1513 4573 1608 4643 μὲν
1632 4575 2011 4639 καταποθεῖεν,

430 4657 499 4720 ἃς
527 4657 572 4711 δ’
604 4658 909 4712 ἐκλείποιεν
939 4660 989 4711 οἱ
1013 4659 1298 4730 δυνάμενοι
1323 4665 1531 4731 φυγεῖν.
1550 4663 1926 4722 Eratosthenis
1949 4671 2016 4724 de

433 4748 540 4805 hoc
568 4751 762 4826 eodem
788 4751 1059 4806 diversam
1096 4753 1407 4820 opinionem
1434 4755 1557 4810 vide
1577 4757 1717 4826 apud
1741 4760 2012 4816 eumdem.

439 4867 446 4873 -
500 4841 662 4906 lbid.,
688 4825 787 4895 lin.
817 4843 905 4896 δυ.
930 4845 1008 4896 Δι’
1033 4843 1299 4913 ἄδεσμον
1324 4847 1576 4914 παράνο.
1606 4825 2012 4907 Sodomitarum

431 4943 658 5006 peccata
707 4951 818 4988 non
873 4950 1042 4989 unum
1097 4944 1308 4991 tantum
1356 4939 1549 5005 fuisse,
1608 4942 1703 4997 sed
1758 4943 2014 5013 plurima,

430 5043 606 5098 eaque
663 5028 1008 5099 gravissima,
1046 5030 1214 5086 refert
1247 5029 1521 5102 Iosephus
1569 5033 1665 5089 lib.
1720 5051 1736 5089 ι
1787 5035 2012 5106 Antiq.:

440 5120 579 5174 Ὑπὸ
610 5120 673 5193 δὴ
701 5119 890 5174 τοῦτον
915 5121 1008 5174 τὸν
1037 5123 1227 5194 καιρὸν
1263 5127 1311 5177 οἱ
1341 5125 1651 5196 Σοδομῖται,
1678 5126 1890 5198 πλούτῳ
1921 5130 2016 5181 καὶ

432 5211 656 5284 μεγέθει
707 5213 1006 5284 χρημάτων
1058 5215 1543 5286 ὑπερφρονοῦντες,
1576 5217 1656 5282 εἴς
1699 5237 1757 5272 τε
1801 5219 2012 5290 ἀνθρώ-

430 5320 567 5368 πους
620 5299 762 5374 ἦσαν
813 5305 1086 5377 ὑϐρισταὶ,
1113 5306 1206 5358 καὶ
1236 5307 1372 5378 πρὸς
1409 5307 1468 5360 τὸ
1493 5308 1647 5362 Θεῖον
1675 5310 1910 5375 ἀσεϐεῖς,
1941 5312 2013 5374 ὡς

431 5395 630 5466 μηκέτι
677 5398 984 5468 μεμνῆσθαι
1013 5396 1120 5450 τῶν
1154 5399 1282 5470 παρ’
1319 5398 1484 5452 αὐτοῦ
1521 5402 1825 5472 γενομένων
1874 5404 2015 5472 ὠφε-

428 5485 610 5550 λειῶν,
662 5484 804 5541 εἶναι
842 5489 1134 5560 μισόξενοι,
1166 5491 1260 5543 καὶ
1295 5490 1396 5554 τὰς
1429 5491 1566 5562 πρὸς
1605 5491 1864 5564 ἀλλήλους
1891 5494 2014 5563 ὁμι-

429 5581 547 5644 λίας
585 5582 971 5652 ἐκτρέπεσθαι.
993 5582 1060 5636 Et
1111 5583 1254 5638 Deus
1292 5583 1435 5651 apud
1482 5583 1840 5645 Ezechielem,
1891 5599 2012 5653 cap.

433 5691 520 5726 ιονι
553 5695 565 5727 :
603 5673 756 5739 Ecce,
802 5676 1004 5746 inquit,
1053 5676 1162 5729 hwc
1192 5677 1294 5745 fuit
1327 5677 1578 5747 iniquitas
1612 5676 1877 5744 Sodomae,
1925 5695 2015 5731 su-

432 5769 631 5840 perbia,
691 5770 948 5826 saturitas
1001 5769 1175 5838 panis,
1231 5777 1280 5824 et
1330 5769 1697 5838 abundantia,
1739 5781 1787 5825 et
1849 5771 2012 5825 otium

2119 4571 2170 4627 5.:
2201 4571 2413 4640 Γειτνιᾷ
2443 4568 2500 4621 δὲ
2531 4571 2565 4639 ἡ
2599 4568 2875 4638 Σοδομῖτις
2902 4567 3063 4638 αὐτῇ,
3094 4566 3258 4619 πάλαι
3300 4565 3398 4636 μὲν
3428 4566 3704 4637 εὐδαίμων

2117 4662 2188 4733 γῆ
2218 4661 2446 4732 καρπῶν
2467 4671 2529 4714 τε
2562 4663 2723 4714 ἕνεκα
2754 4660 2845 4712 καὶ
2882 4660 2980 4729 τῆς
3005 4659 3132 4728 περὶ
3167 4657 3320 4710 πόλιν
3355 4661 3700 4728 περιουσίας,

2119 4756 2210 4810 νῦν
2242 4757 2295 4810 δὲ
2343 4756 2653 4826 κεκαυμένη
2697 4755 2864 4807 πᾶσα.
2909 4753 3046 4805 Φασὶ
3086 4751 3174 4817 δὲ,
3214 4750 3289 4814 ὡς
3334 4751 3401 4803 δι’
3445 4751 3700 4806 ἀσέϐειαν

2116 4846 2419 4919 οἰκητόρων
2457 4847 2739 4918 κεραυνοῖς
2779 4844 3206 4913 καταφλεγῆναι.
3242 4841 3398 4894 Ἔστι
3449 4840 3588 4909 γοῦν
3630 4844 3702 4894 ἔτι

2116 4941 2344 5010 λείψανα
2366 4938 2461 4992 τοῦ
2487 4939 2631 4992 θείου
2663 4938 2837 5008 πυρὸς
2857 4976 2871 5000 ,
2904 4936 2995 4990 καὶ
3019 4935 3178 4987 πέντε
3209 4933 3306 5002 μὲν
3336 4933 3553 4986 πόλεων
3583 4934 3700 4987 ἰδεῖν

2119 5033 2298 5096 σκιὰς,
2336 5030 2448 5082 ἔστι
2478 5029 2532 5082 δὲ
2572 5030 2672 5082 κάν
2705 5032 2816 5091 τοῖς
2851 5030 3084 5098 καρποῖς
3127 5024 3352 5079 σποδιὰν
3391 5026 3698 5093 ἀναγεννω-

2121 5125 2308 5196 μένην,
2341 5123 2390 5176 οἲ
2425 5122 2592 5194 χρόαν
2641 5122 2738 5192 μὲν
2771 5121 2954 5191 έχουσι
2999 5123 3112 5183 τοῖς
3158 5119 3444 5188 ὲδωδίμοις
3487 5119 3696 5189 ὁμοίαν.

2116 5217 2470 5290 δρεψαμένων
2515 5216 2571 5270 δὲ
2623 5215 2808 5286 χερσὶν
2860 5216 2939 5276 είς
2980 5213 3185 5266 καπνὸν
3241 5210 3555 5264 διαλύονται
3615 5215 3700 5264 καὶ

2117 5309 2344 5380 τέφραν.
2376 5305 2603 5361 Tacitus
2627 5350 2640 5373 ,
2685 5303 2894 5358 Hister.
2927 5304 3020 5358 lib.
3051 5319 3116 5358 v:
3157 5301 3321 5356 Haud
3363 5303 3558 5370 procul
3587 5301 3699 5354 inde

2118 5401 2320 5468 campi,
2357 5415 2486 5470 quos
2511 5398 2684 5468 ferunt
2716 5396 2844 5450 olim
2870 5395 3051 5449 uberes
3075 5436 3090 5461 ,
3139 5395 3450 5464 magnisque
3481 5393 3696 5446 uréibus

2117 5492 2403 5558 habitatos,
2423 5492 2709 5560 fulminum
2725 5489 2877 5558 jactu
2899 5489 3120 5553 arsisse,
3149 5498 3198 5542 et
3216 5504 3429 5541 manere
3457 5489 3691 5558 vestigia,

2120 5595 2412 5652 terramque
2433 5584 2593 5652 specie
2616 5583 2874 5636 torridam
2898 5583 3000 5636 vim
3030 5580 3345 5650 frugiferam
3381 5579 3688 5647 perdidisse.

2121 5676 2264 5731 Nam
2293 5687 2481 5730 cuncta
2507 5685 2688 5743 sponte
2713 5675 2876 5739 edita,
2913 5684 3008 5728 aut
3037 5681 3365 5738 manu'suta,
3398 5672 3510 5726 sive
3539 5672 3692 5725 herba

2123 5779 2288 5839 tenus,
2333 5778 2423 5825 aut
2465 5769 2623 5839 ﬂore,
2669 5785 2758 5824 seu
2805 5767 3020 5823 solitam
3053 5768 3105 5821 in
3143 5764 3361 5834 speciem
3401 5762 3686 5818 adolevere.
