3838 6158
156 278 294 337 ιοει

1256 276 1323 330 ΙΝ
1363 275 1733 332 EUSTATllll
1762 276 2246 334 -llEXAEMERON
2271 278 2500 335 NOTAE.

3282 279 3420 337 1022

153 404 286 450 atra
330 403 380 451 et
406 396 596 449 inania
622 396 759 451 velut
786 396 843 449 in
866 396 1091 450 cinerem
1117 403 1419 451 vanescunt.
1461 394 1571 467 Ego
1601 396 1740 450 sicut
1771 406 1811 458 Α
1842 396 2085 453 defuisse
2116 397 2372 455 Straboni
2403 409 2688 465 auctores,
2725 413 2864 470 quos
2898 399 2954 454 in
2999 399 3104 454 hac
3148 405 3302 470 parte
3331 416 3419 454 se-

152 484 420 541 ]udaicas
454 486 719 557 quondam
752 486 904 547 urbes
946 488 1062 558 igne
1099 487 1297 542 celesti
1328 487 1588 558 flagrasse
1615 503 1738 541 con-

150 580 441 645 cesserim,
475 580 554 633 ita
591 579 762 634 halitu
804 580 952 634 lacus
1007 581 1154 650 inﬁci
1196 590 1431 647 terram,
1472 580 1739 649 corrumpi

152 669 499 740 superfusum
527 670 794 737 spiritum,
811 686 970 740 eoque
994 669 1132 739 fetus
1154 678 1385 740 segetum
1409 678 1461 726 et
1494 672 1739 726 autumni

153 772 459 831 putrescere
502 778 622 815 reor
661 761 775 816 so‘lo
819 761 1044 832 cmloque
1085 762 1248 833 juxta
1284 764 1452 834 graui.
1493 762 1735 825 Solinus,

158 869 287 924 cap.
314 856 382 910 38
406 874 418 909 :
451 853 570 908 Duo
608 854 679 907 ibi
707 853 898 924 oppida
926 853 1213 909 Sodomum
1246 856 1573 911 nominatum
1592 855 1739 909 alte-

158 964 306 1011 rum,
334 947 561 1003 alterum
584 945 958 1010 Gomorrhum,
992 949 1131 1017 apud
1162 965 1281 1018 qua:
1315 964 1530 1017 pomum
1565 949 1739 1019 gigni-

159 1050 254 1096 tur
275 1055 295 1094 :
321 1040 460 1112 quod
491 1040 642 1095 habet
669 1022 892 1110 speciem
911 1040 1029 1094 licet
1070 1041 1421 1106 maturitatis,
1449 1039 1630 1094 mandi
1656 1049 1737 1093 ta-

156 1149 281 1189 men
310 1150 415 1188 non
451 1141 621 1203 potest
648 1149 668 1196 ;
707 1150 829 1187 nam
864 1131 1136 1201 fuliginem
1171 1133 1487 1187 intrinsecus
1519 1132 1737 1202 favilla-

156 1242 311 1280 ceam
355 1225 576 1280 ambitio
614 1234 819 1278 tantum
849 1227 1058 1279 extima:
1085 1225 1226 1279 cutis
1258 1223 1481 1288 cohibet,
1510 1240 1627 1295 qua:
1658 1224 1736 1279 vel

159 1317 265 1372 levi
295 1325 436 1371 tactu
457 1333 658 1386 pressa,
680 1316 881 1386 fumum
900 1316 1135 1382 exhalat,
1157 1324 1205 1370 et
1232 1315 1435 1386 fatiscit
1467 1316 1521 1370 in
1549 1332 1737 1388 vagum

155 1412 446 1480 pulverem.
570 1450 575 1457 ,

233 1498 355 1555 Col.
374 1499 502 1567 761,
530 1499 736 1556 lin.55.
767 1497 1007 1566 Γειτνιᾷ
1036 1497 1105 1550 δὲ
1132 1498 1370 1568 ταύτης.
1400 1500 1737 1572 Asphaltites

155 1591 363 1648 Iudaea:
388 1593 541 1649 lacus
572 1594 737 1649 situm
769 1601 824 1648 et
850 1593 1053 1650 limites
1085 1593 1253 1658 Plin.,
1280 1594 1376 1648 lib.
1405 1611 1460 1658 v,
1491 1609 1613 1664 cap.
1648 1594 1732 1658 16,

155 1683 482 1740 describens
524 1684 620 1751 ait,
662 1683 1055 1755 longitudinem
1111 1683 1233 1754 ejus
1268 1684 1436 1739 maris
1472 1683 1737 1739 excedere

156 1783 382 1831 centum
406 1774 576 1829 millia
605 1756 888 1844 passuum,
922 1773 1266 1829 latitudinem
1294 1773 1585 1827 maximam
1613 1788 1736 1828 esse

156 1869 354 1941 viginti
390 1868 664 1939 quinque,
691 1865 974 1921 minimam
1001 1880 1133 1921 vero
1173 1881 1292 1922 sex.
1322 1863 1625 1936 Iosephus,
1658 1864 1737 1921 De

156 1963 298 2019 bello
351 1960 482 2016 Jud.
535 1960 630 2017 lib.
675 1976 740 2025 v,
785 1958 954 2016 refert
1012 1957 1407 2029 longitudinem
1453 1957 1574 2027 ejus
1614 1973 1737 2014 esse

156 2054 592 2128 quingentorum
633 2052 911 2123 octoginta
957 2051 1298 2116 stadiorum;
1346 2050 1578 2106 latitudo
1602 2065 1734 2106 cen-

153 2156 277 2203 tum
302 2143 700 2217 quinquaginta
723 2143 916 2200 stadiis
949 2149 1120 2213 patet.
1160 2141 1238 2197 De
1265 2156 1331 2197 ea
1359 2141 1478 2197 haec
1503 2141 1738 2197 Brocar-

155 2242 266 2295 dus
313 2236 619 2292 monachus
659 2236 717 2290 in
768 2234 1137 2305 descriptione
1177 2240 1339 2288 terra;
1382 2239 1629 2289 sanctae:
1668 2231 1738 2288 Et

156 2343 307 2395 nota,
329 2329 469 2401 quod
498 2346 645 2384 mare
676 2326 948 2383 Hortuum
978 2328 1045 2382 ab
1077 2328 1275 2382 oriente
1302 2327 1361 2380 in
1394 2325 1734 2395 occidentem,

153 2441 277 2496 quc
295 2433 376 2478 est
410 2423 636 2477 latitudo
666 2422 802 2493 ejus,
822 2422 976 2476 habet
1025 2422 1251 2490 quinque
1280 2419 1457 2473 leucas
1480 2434 1499 2472 :
1531 2419 1588 2472 in
1620 2418 1731 2471 lon-

151 2511 392 2584 gitudine
425 2529 544 2567 vero
575 2528 692 2581 qua:
719 2519 797 2567 est
832 2511 896 2566 ab
924 2511 1168 2581 aquilone
1208 2508 1277 2562 ad
1312 2518 1557 2563 austrum
1581 2507 1736 2562 habet

150 2606 382 2675 quinque
400 2603 613 2669 diaetas,
635 2612 692 2657 ut
715 2603 847 2657 mihi
873 2602 1126 2660 Saraceni
1151 2600 1477 2663 retulerunt;
1502 2600 1599 2655 alii
1618 2617 1735 2655 vero

154 2700 323 2753 aliam
352 2698 751 2769 assignaverunt
784 2694 1182 2767 longitudinem.
1204 2692 1402 2749 Scribit
1429 2693 1737 2763 patriarcha

152 2787 716 2865 llierosolymitauus,
768 2788 857 2858 qui
904 2803 1040 2856 saepe
1089 2787 1263 2841 locum
1316 2787 1472 2842 illum
1534 2789 1733 2853 invisit,

154 2895 307 2934 mare
351 2877 487 2933 illud
529 2894 732 2948 semper
768 2878 973 2947 fumum
1015 2877 1262 2945 reddere,
1303 2886 1354 2932 et
1393 2878 1640 2934 nebulam
1678 2881 1735 2934 in

151 2970 371 3025 modum
403 2970 599 3025 camini
630 2969 910 3039 infernalis
930 2985 950 3023 :
986 2969 1124 3023 unde
1154 2979 1267 3023 tota
1294 2968 1391 3023 illa
1418 2969 1595 3033 vallis,
1617 2986 1734 3040 qua

1838 497 2132 559 queretur,
2164 491 2247 546 vel
2272 507 2337 546 ex
2381 506 2449 546 eo
2477 489 2624 561 quod
2667 488 2879 546 Plinius
2912 490 3114 553 refert,
3148 489 3415 560 quosdam

1838 579 2136 635 tradidisse
2179 579 2470 635 Sirbonem
2535 579 2714 634 lacum
2745 579 2947 636 habere
2991 594 3097 634 cui
3154 594 3417 649 passuum

1844 672 2158 728 circuitum.
2188 671 2265 728 De
2288 674 2407 727 lacu
2430 672 2737 743 Asphaltite
2768 673 2892 729 vide
2921 671 3293 729 Dioscoridem
3319 670 3416 727 lib.

1841 780 1881 825 ι.
1915 778 2035 833 cap.
2066 763 2201 831 lOO;
2229 761 2561 827 Vitruvium,
2593 761 2853 828 Plinium,
2881 763 3215 835 Antigonum
3242 762 3417 834 Cary-

1839 856 2006 912 stium
2032 896 2046 919 ,
2096 853 2420 909 Strabonem
2446 893 2461 917 ,
2503 853 2823 909 Africanum
2850 893 2867 921 ,
2911 854 3312 912 Tertullianum
3360 856 3417 911 in

1840 948 2084 1004 carmine
2151 948 2229 1003 De
2288 947 2562 1012 Sodoma,
2621 947 2915 1017 Orosium,
2968 949 3063 1005 lib.
3112 964 3129 1005 ι
3178 946 3416 1013 Histor.,

1837 1043 2087 1096 omnium
2137 1041 2616 1111 diligentissimum
2665 1039 3081 1095 Adrichomium
3140 1040 3197 1094 in
3265 1039 3416 1096 tribu

1836 1129 2010 1196 Iudae,
2042 1148 2195 1187 num.
2236 1132 2357 1188 l86.

1913 1222 2052 1278 Ibid.
2076 1263 2093 1287 ,
2128 1223 2228 1276 lin.
2262 1221 2353 1277 '59.
2400 1221 2643 1291 Κοῦφον
2680 1220 2749 1275 δὲ
2786 1221 2855 1274 τὸ
2903 1219 3079 1291 ὕδωρ.
3108 1220 3415 1292 Iosephus,

1837 1320 1932 1376 lib.
1962 1335 1997 1373 v
2034 1317 2110 1372 De
2137 1317 2271 1372 bello
2303 1315 2534 1371 Iudaico
2553 1335 2571 1372 :
2608 1314 2791 1380 ’Ἄξιον
2814 1314 2871 1368 δὲ
2905 1313 3295 1386 ἀφηγήσασθαι
3324 1313 3420 1369 καὶ

1836 1410 1936 1481 τὴν
1968 1408 2130 1479 φύσιν
2150 1408 2251 1480 τῆς
2291 1407 2693 1477 Ἀσφαλτίτιδος
2723 1407 2940 1477 λίμνης.
2968 1406 3127 1470 Ἤτις
3152 1406 3269 1459 ἐστὶ
3294 1404 3419 1476 μὲν,

1837 1503 1913 1568 ὼς
1934 1503 2091 1574 ἔφην,
2119 1500 2293 1573 πικρὰ
2323 1502 2419 1555 καὶ
2446 1500 2659 1570 ἄγονος
2692 1499 2796 1552 ὑπὸ
2815 1499 2871 1552 δὲ
2887 1498 3217 1570 κουφότητος
3236 1497 3337 1577 ,καὶ
3350 1496 3418 1551 τὰ

1839 1592 2118 1664 βαρύτατα
2146 1592 2254 1646 τῶν
2287 1593 2366 1656 εἰς
2398 1590 2566 1663 αὐτὴν
2610 1590 2874 1662 ῥιφέντων
2920 1590 3211 1661 ἀναφέρει,
3246 1606 3415 1643 κατα-

1837 1686 1989 1739 δῦναι
2038 1684 2093 1738 δὲ
2119 1686 2199 1748 εἰς
2239 1684 2330 1738 τὸν
2375 1684 2533 1754 βυθὸν
2580 1684 2699 1736 οὐδὲ
2742 1681 3171 1753 ἐπιτηδεύσαντα
3214 1680 3411 1754 ῥᾴδιον.

1837 1776 2162 1832 Africanus:
2212 1775 2543 1831 Ξυνέὸαλλον
2588 1775 2645 1830 δὲ
2692 1774 2843 1847 παρὰ
2875 1774 2979 1847 τὴν,
3016 1774 3291 1829 Θάλασσαν
3317 1773 3417 1843 τὴν

1849 1869 2112 1942 Ἀλυκὴν,
2150 1869 2270 1940 ἥτις
2314 1869 2558 1923 καλεῖται
2620 1867 2716 1921 νῦν
2767 1866 3012 1921 θάλασσα
3064 1864 3272 1938 Νεκρά.
3327 1864 3417 1918 Ἐν

1836 1962 2007 2036 ταύτῃ
2052 1961 2280 2016 πλεῖστα
2320 1960 2428 2015 τῶν
2465 1960 2781 2032 θαυμασίων
2822 1960 3110 2031 τεθέαμαι.
3153 1956 3316 2013 Ζώων
3354 1974 3415 2010 τε

1835 2056 1944 2127 γὰρ
1964 2054 2118 2108 οὐδὲν
2150 2057 2326 2108 ἐκεῖνο
2350 2053 2412 2107 τὸ
2440 2052 2582 2124 ὕδωρ
2613 2053 2787 2122 φέρει,
2816 2056 2910 2105 καὶ
2941 2051 3128 2123 νεκροὶ
3158 2052 3256 2123 μὲν
3279 2051 3404 2107 ὐπο-

1836 2146 2048 2218 6ρύχιοι
2089 2146 2379 2217 φέρονται,
2422 2143 2624 2209 ζῶντες
2654 2144 2699 2196 δ’
2742 2142 2851 2196 οὐδ’
2890 2142 2957 2196 ἂν
3000 2139 3196 2214 ρᾲδίως
3223 2141 3409 2213 βαπτίο

1837 2252 2037 2289 σαιντο.
2065 2234 2262 2305 Λύχνοι
2302 2233 2398 2305 μὲν
2423 2233 2704 2301 καιόμενοι
2732 2231 2826 2285 καὶ
2851 2231 3224 2302 ἐπιφέρονται,
3261 2231 3415 2285 σϐεν-

1835 2325 2053 2397 νύμενοι
2085 2325 2142 2378 δὲ
2175 2322 2522 2378 καταδύουσι.
2570 2321 2769 2377 Strabo
2789 2362 2803 2386 ,
2838 2321 2933 2376 lib.
2966 2338 3096 2377 xw:
3142 2316 3257 2375 Εἶτ’
3291 2323 3415 2376 ἐπι-

1835 2416 2143 2480 πολάζουσα
2162 2414 2249 2468 διὰ
2276 2413 2374 2486 τὴν
2402 2414 2563 2483 φύσιν
2587 2412 2681 2466 τοῦ
2712 2411 3003 2482 ὓδατος,ἢν
3037 2411 3244 2484 ἔφαμεν
3281 2412 3417 2484 μηδὲ

1835 2508 2104 2580 κολύμϐου
2143 2506 2388 2571 δεῖσθαι,
2437 2506 2571 2579 μηδὲ
2615 2503 2972 2577 βαπτίζεσθαι
3008 2506 3098 2559 τὸν
3146 2505 3413 2577 ἐμϐάντα,

1834 2599 1947 2654 ἀλλ’
1982 2598 2312 2672 ἐξαίρεσθαι.

1903 2689 2074 2758 lbid.,
2142 2691 2238 2745 lin.
2308 2689 2397 2744 46.
2460 2690 2768 2760 Ἀναφέρει
2827 2689 2895 2744 δὲ
2963 2688 3139 2753 ἅλας.
3207 2684 3411 2741 Eadem

1834 2784 1994 2839 habet
2017 2782 2289 2855 Iosephus
2315 2784 2437 2839 loco
2473 2783 2644 2847 dicto,
2675 2784 2730 2838 in
2767 2798 2877 2853 quo
2917 2781 2985 2836 de
3039 2779 3306 2835 bitumine
3361 2785 3418 2833 et

1832 2876 1953 2947 ejus
1996 2877 2055 2931 in
2104 2876 2393 2931 medicinis
2431 2892 2556 2931 usu.
2590 2874 2800 2931 Plinius
2825 2916 2840 2938 ,
2874 2874 2972 2928 lib.
3002 2888 3077 2937 ll,
3111 2887 3233 2942 cap.
3268 2870 3412 2926 105:

1836 2968 1987 3023 Nihil
2019 2970 2076 3023 in
2114 2968 2411 3040 Asphaltite
2428 2968 2635 3024 Iudaea:
2664 2968 2804 3031 lacu,
2828 2969 2917 3037 qui
2946 2967 3179 3020 bitumen
3216 2964 3411 3035 gignit,

154 3058 391 3130 alioquin
418 3061 481 3115 ob
516 3062 600 3115 sui
629 3060 1003 3131 fecunditatem
1034 3069 1083 3115 et
1119 3061 1478 3115 amoenitatem
1504 3061 1732 3117 illustris
1759 3089 1802 3147 ο
1835 3059 1999 3130 mergi
2024 3069 2223 3129 potest;
2263 3067 2319 3115 et
2351 3060 2448 3114 lib.
2483 3076 2539 3122 v,
2566 3073 2689 3129 cap.
2725 3057 2813 3123 16,
2847 3058 3080 3112 habetur
3119 3055 3221 3147 hoc
3246 3053 3414 3147 idem.

141 3151 299 3223 dicta
327 3149 453 3220 fuit,
479 3149 547 3203 ad
578 3151 808 3219 spatium
835 3147 1074 3203 dimidia:
1093 3148 1268 3203 ditettc
1301 3150 1501 3204 sterilis
1524 3159 1576 3204 et
1609 3152 1733 3205 inu-

152 3242 270 3298 tilis
299 3241 507 3297 reddita
538 3251 650 3309 est,
685 3242 765 3296 ita
804 3249 864 3295 ut
902 3257 993 3297 uec
1029 3240 1197 3295 ullum
1239 3258 1448 3312 germen
1495 3241 1734 3311 proferat

152 3336 265 3406 fere
290 3352 383 3405 per
411 3335 644 3405 spatium
669 3335 895 3404 quinque
943 3335 1237 3400 leucarum,
1274 3334 1379 3388 nisi
1410 3337 1574 3402 juxta
1601 3336 1733 3390 ciui-

152 3435 317 3481 tatem
342 3425 577 3492 Iericho,
620 3424 711 3479 ubi
743 3424 881 3478 horti
912 3425 1207 3495 irrigantur
1233 3443 1266 3479 a
1290 3426 1435 3496 fonte
1468 3424 1636 3481 Elisei
1653 3443 1673 3491 ;
1698 3445 1732 3481 a

148 3516 358 3570 dextris
396 3525 447 3570 et
481 3516 714 3569 sinistris
759 3514 915 3583 hujus
950 3515 1115 3568 maris
1156 3525 1356 3570 montes
1410 3516 1637 3578 steriles,
1680 3526 1730 3572 et

148 3607 296 3662 aridi
344 3616 630 3662 cernuntur
659 3621 678 3660 :
707 3623 831 3661 nam
868 3622 1170 3678 quocunque
1206 3622 1366 3676 vapor
1394 3625 1427 3662 a
1460 3609 1598 3663 mari
1635 3609 1729 3665 illo

149 3699 440 3756 ascendens
468 3698 793 3767 impellitur,
824 3699 897 3752 ibi
927 3708 1081 3753 teme
1114 3700 1387 3754 nascentia
1427 3716 1532 3755 non
1581 3717 1729 3755 secus

146 3806 312 3862 quam
342 3790 391 3844 si
418 3806 451 3843 a
477 3790 669 3858 pruina
698 3788 922 3857 fuissent
958 3797 1121 3852 tacta,
1151 3790 1503 3847 emoriuntur.
1529 3788 1597 3845 In
1628 3807 1728 3860 quo

145 3881 453 3937 districtum
482 3879 579 3935 Dei
595 3880 861 3951 judicium
895 3880 1046 3934 nobis
1077 3879 1139 3935 ob
1166 3881 1349 3936 oculos
1375 3882 1610 3949 ponitur,
1638 3884 1729 3952 qui

148 3983 262 4028 tam
289 3990 462 4029 severe
485 3973 716 4043 grandia
736 3973 834 4028 illa
865 3971 1219 4029 Sodomorum
1244 3985 1458 4042 peccata
1480 3990 1643 4045 usque
1672 3976 1727 4028 in

146 4066 460 4121 hodiernum
502 4065 641 4122 diem
693 4083 798 4121 non
843 4066 1039 4123 desinit
1080 4068 1289 4136 punire.
1320 4065 1433 4121 Nec
1471 4068 1577 4122 nisi
1617 4068 1727 4122 visa

144 4158 234 4211 hic
269 4156 463 4212 scribo.
512 4156 612 4217 Diu
662 4157 953 4227 quaesitum
984 4164 1070 4213 est
1121 4173 1191 4212 an
1224 4158 1376 4215 lacus
1401 4159 1492 4214 ille
1517 4199 1533 4224 ,
1559 4174 1723 4229 quem

143 4248 350 4305 divinat
381 4248 579 4303 littera:
610 4247 763 4303 Mare
791 4248 924 4303 salis
957 4250 1269 4319 appellant,
1307 4257 1432 4320 post
1453 4250 1723 4305 excidium

144 4338 393 4411 regionis
437 4335 787 4394 Sodomiticae
838 4340 1126 4395 emerserit
1169 4355 1200 4395 e
1244 4350 1401 4400 terra:
1446 4340 1720 4403 cavernis,

1836 3152 1972 3209 Vide
2015 3168 2137 3223 quae
2170 3153 2331 3208 habet
2373 3151 2683 3222 Antigonus
2731 3149 3015 3221 Carystius
3053 3148 3109 3203 in
3147 3145 3417 3201 Mirabili-

1834 3245 1929 3300 bus
1971 3262 2038 3300 ex
2077 3244 2356 3301 sententia
2407 3242 2714 3312 Zenophili,
2759 3249 2814 3298 et
2861 3239 3211 3296 Dioscorides
3240 3240 3336 3295 lib.
3374 3256 3412 3303 ι,

1831 3352 1953 3407 cap.
1990 3338 2116 3393 100.
2133 3336 2427 3390 Africanus
2463 3353 2478 3390 :
2525 3333 2789 3389 Ἐνταῦθα
2839 3334 2895 3387 δέ
2938 3335 3075 3388 εἰσιν
3105 3336 3161 3388 αἱ
3207 3330 3415 3402 ἀσφάλ-

1831 3444 1925 3480 του
1974 3427 2179 3498 πηγαίι
2210 3426 2369 3498 Φέρει
2398 3425 2454 3478 δὲ
2486 3423 2821 3496 στυπτηρίαν
2859 3423 2952 3476 καὶ
2995 3423 3098 3476 ἆλα
3134 3423 3313 3491 ὀλίγον
3361 3439 3417 3475 τι

1828 3521 1937 3576 τῶν
1960 3520 2133 3575 ἄλλων
2160 3519 2502 3592 διαφέροντα·
2533 3518 2707 3590 πικρά
2725 3534 2783 3569 τε
2801 3518 2909 3589 γάρ
2935 3519 3051 3570 ἐστι
3072 3516 3166 3569 καὶ
3181 3514 3377 3586 διαυγῆ
3396 3532 3409 3545 ·

1830 3611 1957 3666 ἔνθα
1992 3611 2037 3664 δ’
2078 3610 2145 3664 ἂν
2190 3610 2401 3681 καρπὸς
2441 3606 2659 3680 εὑρεθῇ,
2697 3606 2905 3661 καπνοῦ
2941 3606 3101 3659 πλέον
3140 3605 3291 3659 οὐδὲν
3326 3605 3414 3659 εὑ·-

1824 3682 2073 3775 ἠρίσκεται
2105 3700 2494 3773 θολερωτάτου.
2539 3699 2612 3753 Τὸ
2651 3699 2709 3752 δὲ
2742 3698 2886 3771 ὕδωρ
2923 3700 3068 3752 ἰᾶται
3103 3699 3230 3762 τοὺς
3272 3715 3415 3768 χρω-

1830 3794 2025 3866 μένους
2039 3792 2206 3864 αὺτῷ.
2228 3793 2399 3864 Λήγει
2423 3791 2478 3845 δὲ
2503 3791 2666 3845 παντὶ
2693 3790 2842 3844 ὕδατι
2862 3791 3068 3861 πάσχον
3091 3789 3327 3843 ἐναντία.
3347 3790 3412 3843 Εἰ

1825 3885 1882 3939 δὲ
1908 3886 1982 3957 μὴ
2018 3868 2286 3956 Ἰορδάνην
2302 3879 2414 3954 εἶχε
2435 3882 2525 3935 τὸν
2540 3882 2782 3953 ποταμὸν
2804 3882 2879 3946 ὡς
2906 3879 3190 3954 πορφύραν
3209 3880 3417 3952 διατρέ⁴

1827 3994 1987 4049 χοντα
2015 3977 2110 4031 καὶ
2149 3976 2242 4029 ἐπὶ
2286 3976 2418 4029 πολὺ
2463 3975 2774 4047 ἀντέχοντα,
2811 3974 3005 4045 ἔληξαν
3059 3974 3125 4028 ἂν
3156 3973 3347 4027 θᾶττον
3379 3973 3413 4041 ἢ

1826 4067 2096 4136 φαίνεται.
2129 4068 2284 4120 Ἔστι
2329 4066 2385 4120 δὲ
2410 4067 2539 4138 παρ’
2570 4067 2706 4137 αὐτῇ
2731 4065 2987 4137 πάμπολυ
3015 4065 3109 4118 τοῦ
3136 4064 3413 4135 βαλσάμου

1826 4144 2010 4227 φυτόν.
2047 4158 2385 4211 ’Υπονοεῖται
2413 4157 2469 4210 δὲ
2494 4157 2896 4229 ἀνατετράφθαι
2925 4157 3029 4210 ὑπὸ
3050 4156 3144 4211 τοῦ
3170 4156 3306 4210 Θεοῦ
3328 4156 3418 4210 διὰ

1822 4252 1923 4324 τὴν
1952 4250 2061 4305 τῶν
2088 4249 2509 4322 περιοικούντων
2557 4250 2831 4305 ἀσέϐειαν.
2866 4249 3029 4304 Plura
3064 4249 3133 4304 de
3176 4249 3281 4304 hac
3322 4265 3416 4304 ea-

1825 4345 1949 4400 dem
1976 4360 2035 4399 re
2072 4344 2492 4415 philosophatur
2537 4342 2758 4409 Strabo,
2797 4359 2917 4410 xvr,
2949 4350 3003 4398 et
3033 4358 3099 4397 ex
3134 4343 3405 4397 sententia

145 4431 235 4487 vel
274 4432 382 4486 alia
412 4432 666 4502 quapiam
702 4433 914 4488 ratione
946 4431 1173 4491 effectus
1206 4433 1392 4499 fuerit,
1420 4449 1487 4487 an
1510 4449 1641 4488 vero
1669 4444 1725 4490 et
1756 4442 1798 4495 ι)
1830 4436 2162 4500 Possidonii,
2204 4450 2326 4505 quae
2365 4442 2562 4490 caetera
2612 4435 2857 4490 facultati
2907 4444 3140 4499 naturas,
3197 4434 3415 4505 praesti-

143 4530 275 4579 ante
304 4524 453 4578 illam
488 4524 830 4594 punitionem
860 4532 1031 4579 esset.
1070 4522 1366 4595 Cajetanus
1392 4534 1447 4581 et
1479 4523 1726 4581 Oleaster

142 4617 395 4676 sentiunt
427 4623 556 4673 ante
585 4619 829 4689 regionis
855 4619 1004 4673 illius
1047 4619 1388 4674 eversionem
1438 4619 1609 4676 fuisse
1647 4619 1720 4674 ibi

142 4711 325 4764 lacum
350 4749 367 4775 ,
395 4710 490 4781 qui
526 4711 825 4783 vocabatur
856 4710 1010 4767 Mare
1060 4712 1224 4775 salis,
1268 4727 1370 4767 nec
1411 4712 1723 4782 oppositum

132 4816 211 4865 ex
238 4801 440 4858 divinis
465 4803 661 4859 litteris
691 4803 986 4860 manifesto
1004 4802 1213 4861 haberi.
1231 4802 1297 4857 Et
1318 4802 1565 4859 Oleaster
1591 4804 1726 4860 satis

138 4900 329 4962 aperte
355 4910 372 4948 :
399 4892 479 4951 Ne
502 4901 662 4964 putes
688 4934 704 4959 ,
731 4894 939 4965 inquit,
973 4906 1132 4951 antea
1158 4911 1271 4950 non
1300 4895 1473 4951 fuisse
1505 4911 1571 4952 eo
1603 4897 1725 4952 loco

139 4979 297 5034 illum
326 4981 539 5047 lacum,
571 4998 697 5038 cum
736 4998 957 5055 semper
995 4984 1053 5038 in
1083 5000 1208 5040 eum
1240 4986 1419 5040 lacum
1456 4984 1725 5043 Iordanes

140 5087 318 5144 aquas
344 5088 476 5130 suas
512 5078 892 5132 exoneraverit
930 5095 945 5133 :
990 5091 1181 5133 verum
1228 5085 1391 5133 antea
1432 5078 1587 5134 lacus
1633 5077 1726 5133 ille

137 5178 252 5218 non
303 5179 366 5220 se
399 5167 730 5223 extendebat
765 5183 942 5240 usque
969 5168 1037 5223 ad
1065 5168 1361 5247 Sodomam
1386 5211 1401 5236 ,
1432 5170 1577 5227 sicut
1601 5180 1726 5242 post

137 5257 555 5316 subversionem
607 5260 828 5315 illarum
877 5260 1182 5317 civitatum.
1228 5261 1597 5335 Hieronymus
1644 5273 1726 5317 ta-

137 5360 365 5407 menet
402 5349 679 5423 Iosephus
722 5355 1062 5410 contrarium
1111 5363 1366 5421 tuentur,
1408 5372 1510 5412 nec
1538 5363 1726 5412 noster

136 5440 462 5500 Eustathius
503 5446 573 5501 ab
620 5446 731 5501 illis
773 5445 1050 5503 dissentit.
1099 5446 1273 5504 Notus
1325 5457 1414 5504 est
1461 5459 1725 5521 praeterea

138 5530 432 5591 Strabonis
475 5551 633 5593 error
686 5536 975 5596 Sirbonem
1016 5539 1271 5610 paludem
1299 5581 1315 5606 ,
1364 5558 1488 5613 quae
1532 5552 1617 5599 est
1653 5544 1722 5599 ad

135 5625 388 5696 Casium,
419 5630 808 5689 confundentis
839 5648 966 5688 cum
1002 5633 1312 5704 Asphaltite
1349 5636 1469 5691 lacu
1495 5678 1510 5699 ,
1553 5653 1584 5692 a
1614 5652 1725 5708 quo

135 5713 407 5777 Iordanes
428 5719 686 5778 ebibitur.
712 5720 1077 5797 Suspicanlur
1106 5716 1287 5782 (amen
1319 5726 1588 5797 nonnulli,
1614 5743 1725 5787 non

1830 4530 1957 4599 guis,
1997 4540 2051 4583 ct
2087 4529 2556 4584 incantationibus
2599 4529 2813 4584 tribuit.
2844 4527 3119 4593 Iustinus,
3154 4527 3190 4582 ι.
3223 4543 3410 4591 xxx",

1828 4623 2082 4693 paludem
2126 4623 2291 4687 hanc,
2338 4637 2517 4693 neque
2555 4622 2733 4677 ventis
2770 4621 3001 4685 moveri,
3052 4636 3228 4690 neque
3253 4619 3415 4674 navi—

1826 4716 2067 4785 gationis
2091 4715 2390 4785 patientem
2414 4729 2539 4769 esse
2577 4720 2771 4768 narrat
2803 4720 2997 4767 contra
3028 4711 3263 4775 aliorum
3293 4712 3415 4782 opi—

1828 4806 2049 4861 nionem
2077 4827 2088 4861 :
2119 4804 2186 4861 In
2210 4823 2273 4860 ea
2300 4806 2506 4876 regione
2542 4805 2689 4858 lacus
2721 4815 2822 4868 est,
2853 4805 2943 4874 qui
2976 4816 3187 4873 propter
3207 4804 3413 4874 magni-

1828 4896 2082 4961 tudinem,
2135 4905 2183 4949 et
2231 4912 2382 4965 (τίμιαί
2436 4895 2891 4959 immobilitatem,
2949 4892 3223 4948 Mortuum
3267 4911 3416 4948 mare

1825 4986 2052 5050 dicitur;
2087 5002 2210 5040 nam
2238 5002 2396 5056 neque
2424 4985 2587 5039 ventis
2614 4997 2847 5039 mouetur
2876 4985 3148 5039 resistente
3183 4984 3409 5044 turbini—

1827 5079 1921 5134 bus
1958 5079 2231 5143 bitumine,
2261 5096 2361 5149 quo
2405 5095 2543 5149 aqua
2589 5080 2759 5133 omnis
2789 5088 3091 5149 stagnatur.
3124 5094 3282 5149 neque
3315 5095 3414 5131 na—

1829 5174 2106 5244 vigationis
2122 5174 2326 5243 patiens
2350 5182 2448 5234 est,
2468 5171 2717 5243 quoniam
2736 5171 2914 5224 omnia
2947 5171 3055 5225 vita
3082 5170 3318 5225 carentia
3357 5169 3414 5222 in

1826 5266 2153 5337 profundunt
2183 5276 2524 5336 merguntur;
2566 5281 2658 5318 nec
2697 5264 2976 5318 materiam
3022 5264 3191 5317 ullam
3249 5262 3417 5316 susti-

1829 5367 1936 5421 net,
1961 5357 2065 5411 nisi
2099 5374 2216 5426 qua:
2244 5372 2277 5409 a
2304 5354 2501 5409 lumine
2534 5353 2801 5408 illinatur.

1897 5446 2058 5507 lbid..
2091 5446 2188 5501 lin.
2214 5445 2303 5501 52.
2338 5446 2436 5511 Ὡς
2458 5443 2546 5513 μὴ
2579 5442 2900 5498 δύνασθαι.
2929 5440 3166 5502 Plinius.
3192 5441 3287 5496 ιιι).
3314 5457 3413 5508 vn,

1826 5554 1949 5609 cap.
1984 5537 2070 5601 l5,
2108 5538 2177 5592 de
2211 5536 2502 5592 mulierum
2536 5534 2805 5606 profluvio
2834 5550 3141 5591 sermonem
3176 5535 3409 5590 habens:

1829 5634 1970 5701 Quin
2003 5643 2050 5687 et
2082 5631 2397 5686 bituminum
2430 5647 2629 5701 sequax
2665 5632 2900 5702 alioquin
2927 5648 2988 5686 ac
3019 5632 3160 5683 lenta
3194 5639 3415 5691 natura,

1827 5729 1879 5785 in
1908 5728 2027 5782 lacu
2070 5724 2296 5791 Judazte,
2336 5726 2426 5797 qui
2459 5733 2676 5781 vocatur
2716 5724 3059 5795 Asphaltites,
3100 5731 3238 5783 certo
3279 5729 3415 5782 tem
