3838 6158
464 346 488 399 ί
498 343 602 401 015

1803 325 2052 384 LEONIS
2085 323 2354 382 ALLATII

3605 315 3734 371 1026

457 475 583 532 pore
621 457 747 512 anni
787 461 1156 521 supernatans,
1184 453 1360 522 nequit
1390 451 1492 507 sibi
1521 451 1699 515 aselli,
1732 451 1802 506 ad
1836 467 2041 506 onmem
2069 458 2116 514 Α
2144 447 2316 512 disse,
2345 453 2472 519 post
2501 438 2894 498 circumcisum
2929 436 3313 532 Abrahamet
3350 435 3560 532 multas
3594 437 3732 532 alias

457 553 762 606 contactum
783 544 1079 604 adltterens.
1105 557 1455 614 prtetcrquam
1481 543 1574 612 filo
1600 544 1738 615 quod
1772 543 1876 598 tale
1899 545 2042 598 rirus

457 637 715 709 infecerit.
748 635 812 690 Et
863 634 1106 700 Solinus,
1150 636 1243 691 lib.
1274 650 1328 688 tv
1357 653 1372 690 :
1406 634 1651 689 Bitumen
1701 636 1941 689 nascitur
1989 635 2045 690 in

454 729 678 796 ludam,
715 729 855 802 quod
910 727 1230 799 Aspltaltites
1274 729 1442 800 gignit
1469 728 1640 792 lacus,
1678 728 1807 783 adeo
1843 729 2044 782 lentum

459 825 683 879 mollitie
725 823 1018 891 glutinosa,
1065 830 1119 874 ut
1155 838 1189 874 a
1223 838 1278 875 se
1326 829 1546 891 nequeat
1581 821 1860 889 separari:
1904 822 2043 876 enim

459 931 579 970 vero
599 915 647 968 si
669 913 980 982 abrumpere
1011 923 1214 980 partem
1245 913 1393 977 relis,
1423 913 1738 966 universitas
1762 923 2042 984 sequetur;

459 1006 730 1076 scindique
775 1023 877 1060 non
911 1014 1105 1075 potest,
1144 1006 1394 1076 quoniam
1436 1006 1492 1059 in
1535 1015 1790 1076 quantum
1815 1005 2046 1059 ducatur

456 1097 782 1162 extenditur,
824 1096 912 1151 sed
945 1096 1034 1150 ubi
1091 1095 1309 1151 admota
1345 1096 1546 1163 fuerint
1571 1112 1760 1150 cruore
1803 1096 1899 1149 illo
1929 1096 2044 1165 pol-

458 1193 577 1244 luta
612 1190 735 1258 ﬁla,
763 1201 947 1259 sponte
983 1189 1324 1259 dispergitur,
1351 1198 1401 1243 et
1440 1188 1705 1258 applicata
1735 1188 1851 1243 tabe
1878 1187 2045 1242 dedu-

455 1280 598 1334 citur
636 1280 795 1347 paulo
825 1288 946 1333 ante
999 1294 1189 1346 corpus
1238 1294 1421 1342 unum,
1473 1279 1634 1347 ﬁtque
1673 1277 1735 1330 de
1765 1277 2045 1332 tenacitate

455 1385 692 1422 connexa
743 1368 1055 1437 contagione
1113 1369 1330 1436 partitio
1387 1368 1678 1436 repentina.
1737 1364 2039 1435 Iosephus:

460 1457 788 1531 Πληρώσασι
813 1459 869 1511 δὲ
883 1457 1212 1511 ἀποκόπτειν
1237 1458 1296 1511 οὐ
1324 1458 1527 1528 ῥᾴδιον,
1548 1457 1683 1510 ἀλλὰ
1708 1457 1775 1511 δι’
1798 1456 2042 1510 εὐτονίαν

457 1553 842 1624 προσήρτηται
883 1551 960 1622 τῷ
1003 1551 1283 1625 μηρύματι
1324 1551 1530 1620 σκάφος
1562 1550 1668 1615 ἓως
1697 1550 1762 1604 ἂν
1793 1551 2043 1621 ἐμμηνίῳ

457 1643 734 1714 γυναικῶν
761 1642 950 1713 αἵματι
985 1643 1077 1696 καὶ
1112 1642 1268 1714 οθρῳ
1295 1641 1620 1696 διαλύσωσιν
1653 1642 1814 1696 αὑτὸν
1839 1637 1920 1706 οἷς
1951 1645 2044 1713 μό-

458 1752 572 1800 νοις
619 1735 767 1805 ἥκει.
803 1734 1084 1799 Brodteus,
1139 1735 1238 1790 lib.
1269 1750 1343 1801 Iv,
1389 1751 1511 1804 cap.
1534 1734 1642 1801 25;
1685 1733 2042 1790 Possidonius

457 1826 734 1898 praestigia
771 1826 888 1881 hinc
928 1841 1052 1882 esse
1089 1834 1142 1882 et
1176 1825 1598 1892 incantationes,
1635 1825 1834 1896 quibus
1875 1825 2043 1881 dediti

459 1916 658 1970 accola:
683 1915 1000 1974 utebantur.
1039 1923 1098 1970 ut
1128 1915 1298 1971 refert
1331 1915 1552 1981 Strabo,
1585 1916 1680 1970 lib.
1714 1933 1828 1971 va.

527 2003 642 2060 Col.
664 2004 786 2068 761,
823 2005 918 2060 lin.
954 2004 1041 2061 54.
1059 2005 1405 2060 Ἀλλὰττειν
1423 2005 1491 2059 δέ
1511 2022 1718 2075 φασιν,
1734 2004 2039 2076 Josephus:

461 2096 688 2150 Ἐστιδὲ
709 2097 800 2150 ἐπὶ
817 2095 993 2168 τούτῳ
1022 2097 1115 2150 καὶ
1145 2097 1177 2167 ἡ
1207 2097 1306 2166 τῆς
1335 2096 1502 2168 χρόας
1535 2096 1802 2168 μεταϐολὴ
1828 2096 2040 2168 θαυμά-

459 2204 594 2254 σιος·
613 2189 734 2260 τρὶς
750 2189 858 2261 γὰρ
875 2189 1112 2259 ἑκάστης
1127 2191 1158 2255 ἡ
1170 2188 1233 2259 μέ
1243 2205 1340 2260 ρας
1357 2189 1455 2260 τὴν
1472 2189 1791 2259 ἐπιφάνειαν
1809 2189 2042 2242 ἀλάσσε-

455 2296 569 2344 ται,
595 2281 689 2336 καὶ
706 2281 844 2352 πρὸς
855 2281 954 2346 τὰς
967 2280 1202 2351 ἡλιακὰς
1231 2282 1456 2346 ἀκτῖνας
1483 2282 1741 2351 ἀνταυγεῖ
1758 2280 2042 2346 ποικίλως.

439 2382 447 2421 ι
525 2373 646 2428 Col.
679 2375 808 2439 764,
837 2375 935 2430 lin.
967 2376 1021 2430 Ι.
1051 2375 1162 2430 Καὶ
1201 2375 1352 2445 μετὰ
1397 2375 1513 2443 τὴν
1545 2375 1706 2445 ὀγδό.
1747 2373 2040 2445 Josephus,

456 2467 641 2537 Antiq.
675 2469 771 2523 lib.
804 2484 822 2524 t
849 2484 864 2522 :
895 2467 1151 2524 Τίκτεται
1182 2468 1238 2523 δὲ
1275 2471 1404 2532 παῖς
1427 2469 1703 2541 ἑκατέρων
1727 2467 1802 2540 τῷ
1830 2469 2044 2540 ὑστάτῳ

456 2557 591 2622 ιτιιι,
617 2558 676 2612 ὃν
699 2558 859 2623 εὐθὺς
892 2562 1007 2630 μετ’
1030 2561 1222 2630 ὀγδόην
1256 2559 1470 2633 ἡμέραν
1505 2559 1913 2631 περιτέμνουσι.
1941 2559 2045 2625 uae

457 2648 670 2705 ἑκείνου
699 2651 837 2720 μετὰ
853 2651 1121 2717 τοσαύτας
1136 2652 1255 2716 ἔθος
1272 2652 1485 2723 ἔχουσιν
1516 2653 1565 2706 οἱ
1603 2653 1844 2706 Ἰουδαῖοι
1871 2655 2043 2707 ποιεῖν

459 2741 586 2796 σθαι
628 2741 729 2806 τὰς
771 2743 1095 2814 περιτομάς.
1140 2743 1253 2798 Cur
1285 2752 1515 2798 octavus
1561 2743 1682 2798 dies
1730 2743 2044 2814 assignatus

458 2831 622 2889 fuerit
643 2835 1050 2890 circumcisioni
1068 2835 1208 2891 duas
1231 2836 1470 2892 rationes
1494 2837 1708 2908 attingit
1723 2836 2045 2908 Chrysostov

458 2937 606 2987 mus,
642 2925 696 2977 in
731 2921 916 2982 Genes.
952 2925 1102 2981 hom.
1145 2925 1234 2992 39,
1271 2941 1394 2997 qua:
1425 2933 1610 2980 tamen
1655 2925 1880 2982 Pererio
1932 2941 2043 2982 non

456 3013 807 3073 satisfaciunt
830 3017 885 3071 in
912 3031 1034 3086 cap.
1059 3033 1193 3074 xvu.
1235 3015 1416 3084 Quare
1436 3017 1680 3088 explosis
1708 3016 1838 3080 illis.
1879 3017 2042 3074 aliam

2147 540 2424 596 nationes.
2485 535 2820 596 Herodotus,
2873 532 2912 590 Ι.
2965 547 3003 588 ιι
3041 551 3054 588 :
3089 530 3284 585 Virilia
3345 529 3730 584 circumcidunt

2147 631 2422 686 mundities
2437 627 2634 699 gratia,
2656 625 2827 694 pluris
2851 624 3100 694 facientes
3126 639 3179 678 se
3195 620 3415 677 mundos
3438 637 3557 675 esse
3576 637 3728 691 quam

2145 723 2384 778 decoros.
2442 719 2758 775 Sacerdotes
2786 731 2985 788 quoque
3023 715 3107 768 die
3143 722 3310 767 totum
3357 729 3550 780 corpus
3609 728 3728 767 era-

2145 815 2297 878 dunt,
2330 829 2392 866 ne
2414 810 2538 880 quid
2561 810 2636 864 eis
2672 809 2808 862 inter
2838 806 3057 860 deorum
3087 800 3309 868 cultum,
3347 813 3444 857 aut
3478 803 3727 872 pediculi,

2146 915 2238 961 aut
2279 906 2498 960 alterius
2523 901 2695 956 sordis
2729 909 2952 954 creetur.
2982 897 3140 967 Apud
3173 894 3460 966 Egyptios
3491 898 3728 950 circnma
3755 901 3758 906 ’

2145 999 2284 1053 cisio
2330 997 2385 1051 in
2417 1010 2480 1050 ea
2526 995 2629 1048 fuit
2673 991 3039 1046 aestimatione
3073 997 3130 1042 ut
3175 989 3310 1068 nulli
3341 989 3448 1044 nisi
3491 990 3729 1044 circum-

2145 1091 2264 1146 ciso
2297 1089 2366 1144 ad
2410 1088 2731 1158 dignitates.
2763 1093 2817 1140 et
2848 1085 2952 1140 alia
2994 1085 3218 1140 honoris
3249 1083 3576 1154 praemiique
3612 1097 3730 1136 mu-

2146 1200 2278 1239 nera
2329 1189 2535 1254 pateret
2589 1179 2794 1233 aditus.
2843 1177 3135 1250 Origenes,
3185 1177 3283 1232 lib.
3319 1190 3359 1229 ιι
3410 1174 3727 1229 Comment.

2145 1275 2317 1343 Epist.
2355 1273 2424 1327 ad
2455 1271 2605 1326 Rom.
2633 1269 2818 1340 :Apud
2849 1269 3150 1340 Ai'gyptios,
3175 1267 3266 1338 qui
3308 1267 3364 1320 in
3393 1266 3731 1334 superstitio-

2147 1368 2299 1421 nibus
2336 1364 2681 1421 vetustissimi
2731 1373 2781 1418 et
2829 1363 3178 1418 eruditissimi
3225 1360 3588 1423 habebantur,
3619 1369 3668 1413 et
3702 1379 3730 1412 α

2143 1457 2331 1528 quibus
2361 1457 2537 1512 ca'teri
2567 1471 2727 1526 prope
2755 1471 2931 1508 omnes
2965 1455 3126 1506 ritum
3170 1469 3448 1507 sacrorum
3505 1462 3560 1506 et
3594 1469 3734 1506 cere-

2145 1551 2348 1604 monias
2400 1550 2634 1604 mutuati
2666 1557 2809 1611 sunt,
2860 1549 3060 1612 nullus,
3118 1555 3211 1600 aut
3263 1547 3592 1617 geometrim,
3644 1555 3732 1600 aut

2145 1642 2448 1712 astrologia:
2476 1639 2743 1698 studebat.
2778 1647 2870 1693 aut
2903 1655 3144 1710 geneseos
3191 1648 3390 1692 secreta
3419 1638 3729 1691 rimabatur

2145 1735 2247 1788 nisi
2269 1735 2613 1787 circumcisus
2635 1742 2790 1787 esset.
2821 1729 2990 1785 Nemo
3016 1732 3136 1784 item
3163 1729 3304 1798 apud
3329 1729 3454 1784 illos
3481 1729 3732 1784 sacerdos

2144 1843 2256 1883 esse
2279 1834 2507 1897 poterat,
2543 1841 2708 1894 neque
2755 1838 3003 1892 aruspex,
3041 1838 3201 1892 neque
3245 1821 3612 1892 quorumlibet
3649 1841 3732 1876 sa-

2140 1935 2350 1973 crorum
2403 1918 2672 1979 minister,
2705 1933 2817 1972 nec.
2848 1926 2903 1968 ut
2948 1915 3030 1969 illi
3070 1915 3425 1984 appellabant,
3453 1916 3731 1984 propheta.

2141 2008 2246 2065 nisi
2281 2018 2438 2061 antea
2485 2006 2882 2060 circumcisione
2919 2004 3075 2074 quasi
3119 2014 3392 2075 purgatus,
3440 2012 3605 2074 atque
3638 2007 3735 2058 ini-

2143 2100 2309 2154 tiatus
2342 2099 2550 2168 fuisset.
2596 2097 2789 2153 Omnes
2823 2095 3209 2164 hierophantes,
3245 2111 3534 2165 omnesque
3569 2108 3732 2158 rates.

2143 2201 2299 2261 atque
2349 2207 2527 2244 omnes
2576 2190 2683 2243 sire
2727 2189 2863 2250 coeli,
2902 2198 2961 2241 ut
3009 2196 3198 2256 putant
3241 2187 3346 2251 illi,
3383 2188 3505 2241 siee‘
3541 2189 3737 2258 inferni

2142 2294 2333 2355 mystes
2355 2295 2401 2338 et
2435 2285 2674 2337 conscius
2703 2282 2903 2336 nullam
2937 2281 3078 2351 apud
3106 2298 3192 2336 eos
3215 2279 3373 2350 ﬁdem
3415 2290 3472 2334 et
3497 2284 3736 2336 auctori-

2143 2383 2301 2429 tatem
2327 2373 2481 2428 habet
2511 2373 2760 2442 nulloque
2791 2372 2847 2426 in
2873 2372 3068 2427 honore
3093 2381 3190 2435 est,
3223 2371 3270 2425 si
3296 2371 3392 2425 ltoc
3415 2382 3610 2426 careat
3631 2375 3736 2425 cir-

2142 2467 2486 2521 cumcisionis
2529 2466 2745 2536 insigni.
2789 2462 3075 2531 Quomodo
3123 2471 3302 2519 autem
3337 2479 3402 2519 ex
3456 2463 3734 2519 Abraham

2144 2558 2406 2631 Egyptii,
2450 2567 2750 2631 gentesque
2791 2559 2911 2612 alite
2953 2558 3120 2612 ritum
3159 2556 3612 2612 circumcisionis
3647 2571 3737 2611 ac.

2143 2653 2392 2724 ceperint
2437 2651 2689 2722 pluribus
2729 2651 3081 2721 prosequitur
3110 2647 3406 2720 Gregorius
3446 2647 3734 2706 Thauma-

2141 2749 2353 2814 turgus,
2372 2742 2570 2798 Catena
2592 2743 2644 2796 in
2668 2741 3010 2804 Hieremiam,
3032 2754 3153 2810 cap.
3177 2755 3252 2800 Ix.
3271 2738 3375 2804 26;
3397 2754 3571 2809 quem
3587 2739 3732 2796 vide.

2214 2833 2375 2899 lbid.,
2404 2835 2504 2889 lin.
2537 2833 2590 2888 8.
2620 2831 2863 2900 Μήποτε
2892 2832 3065 2904 μετὰ.
3114 2830 3314 2889 Eadem
3366 2831 3534 2888 habet
3579 2830 3735 2887 lose-

2144 2925 2309 2998 pbus,
2349 2927 2528 2997 Antiq.
2563 2925 2658 2980 lib.
2693 2942 2734 2989 I,
2779 2941 2902 2996 cap.
2945 2926 3045 2981 l3:
3079 2923 3202 2979 Pari
3244 2923 3481 2988 ratione,
3517 2933 3578 2980 et
3610 2926 3735 2980 aliis

2146 3017 2272 3076 ﬁliis
2311 3019 2562 3074 Cethurte
2604 3018 2747 3074 natis
2796 3018 3030 3089 largitus
3075 3026 3159 3074 est
3195 3032 3443 3082 munera,
3492 3025 3559 3073 ut
3611 3029 3736 3089 post

459 3104 517 3200 in
546 3107 784 3163 medium
810 3105 1054 3170 adducit,
1089 3115 1144 3164 et
1168 3109 1338 3164 variis
1365 3111 1704 3180 argumentis
1734 3109 2039 3166 conﬁrmat.
2069 3141 2116 3200 ε
2148 3118 2375 3167 mortem
2403 3125 2434 3166 a
2459 3112 2662 3166 talione
2684 3112 2890 3166 levaret
2921 3110 3094 3174 Isaac,
3121 3110 3449 3180 sedaretque
3471 3109 3733 3178 dissidia,

457 3190 571 3253 Nec
602 3212 669 3251 ex
703 3199 806 3252 hoc
831 3197 1106 3254 Eustathii
1150 3199 1273 3255 loco
1318 3199 1592 3254 Abraham
1629 3199 1870 3255 divinum
1900 3215 2042 3271 pra:-

460 3295 680 3359 ceptum
723 3289 964 3346 violasse
1001 3289 1484 3362 deprehendimus,
1533 3306 1659 3346 cum
1702 3305 1815 3348 non
1849 3301 2046 3351 octavo

457 3377 573 3444 die,
611 3389 672 3436 ut
718 3379 864 3438 Deus
911 3389 1269 3455 praceperat,
1305 3383 1401 3440 sed
1449 3389 1576 3454 post
1617 3389 1871 3440 octavum
1899 3384 2044 3442 diem

461 3475 632 3529 alium
675 3490 836 3530 suum
869 3475 1236 3532 circumcidit.
1283 3475 1544 3544 Quamvis
1577 3475 1724 3532 cnim
1768 3479 1886 3534 sine
1918 3491 2046 3547 pec-

457 3573 589 3622 cato
616 3566 1096 3623 circumcisionem
1119 3565 1340 3624 diﬁerre
1366 3575 1553 3639 posset
1575 3569 1732 3626 novis
1761 3583 2047 3640 emergen-

458 3657 609 3714 tibus
639 3658 846 3722 causis,
891 3666 1070 3714 tamen
1113 3659 1230 3730 ipse
1260 3657 1579 3713 mandatum
1625 3655 1722 3714 Dei
1759 3657 2044 3727 explevit:

461 3747 540 3804 Ita
567 3755 750 3803 autem
799 3749 1018 3805 locutus
1066 3759 1151 3804 est
1198 3747 1539 3812 Eustathius,
1582 3747 2044 3820 quemadmodum

456 3844 518 3913 et
551 3835 846 3909 Josephus,
869 3840 920 3894 si
943 3855 1028 3894 me
1057 3855 1166 3894 non
1197 3838 1338 3894 fallit
1377 3840 1584 3910 opinio,
1612 3848 1673 3894 ut
1696 3839 2046 3896 demonstra-

461 3937 573 3994 ret,
606 3939 740 3986 tunc
786 3947 1017 4000 puerum
1051 3947 1175 3988 esse
1199 3931 1730 3995 circumcidendum.
1768 3948 1893 3988 cum
1929 3932 2044 4002 jam

458 4018 584 4075 dies
616 4027 742 4074 octo
771 4021 1064 4092 explesset,
1103 4028 1158 4075 et
1198 4021 1410 4076 videtur
1449 4022 1572 4077 elici
1611 4038 1678 4077 ex
1709 4023 1842 4093 ipsis
1865 4026 2046 4080 verbis

464 4104 784 4177 Scriptum,
806 4123 930 4178 cap.
955 4125 1062 4164 xvn
1089 4128 1102 4164 :
1131 4107 1322 4180 Infans
1340 4123 1457 4166 octo
1485 4112 1688 4167 dierum
1705 4114 2046 4169 circumcide-

462 4210 554 4256 tur
581 4202 635 4255 in
665 4201 808 4256 vobis
847 4218 998 4257 omne
1044 4204 1416 4268 masculinum,
1451 4214 1558 4262 etc.
1601 4205 1743 4278 Ergo
1790 4207 1874 4262 vel
1927 4209 2046 4277 ipso

460 4300 660 4347 octavo
688 4290 797 4358 die,
825 4292 908 4348 vel
944 4307 1011 4348 eo
1043 4294 1276 4363 expleto.
1334 4293 1552 4359 Strabo,
1587 4296 1682 4351 lib.
1716 4313 1847 4360 xvu,
1892 4304 2046 4367 putat

461 4382 631 4438 etiam
662 4381 894 4445 feminas
921 4381 1139 4440 Judteas
1177 4395 1508 4457 amputatas,
1541 4388 1688 4459 quod
1728 4389 1808 4442 uti
1844 4388 2044 4445 falsum

2145 3210 2199 3258 et
2229 3203 2632 3266 contentiones,
2673 3217 2795 3273 qua:
2821 3211 3037 3256 mortuo
3060 3201 3154 3256 illo
3183 3209 3434 3271 poterant
3463 3201 3516 3255 in
3545 3216 3735 3258 rerum

2143 3293 2414 3350 divisione
2443 3293 2601 3350 oriri.
2631 3291 2963 3363 Cajetanus:
2995 3291 3145 3358 Ideo,
3180 3292 3380 3363 inquit,
3409 3291 3560 3347 dona
3590 3293 3738 3349 dedit

2145 3381 2414 3438 Abraham
2443 3382 2573 3452 ﬁliis
2606 3383 3044 3448 concubinarum,
3082 3390 3133 3438 et
3173 3382 3380 3437 dimisit
3408 3398 3502 3437 eos
3538 3399 3576 3438 ιι
3607 3399 3737 3440 cura

2145 3492 2266 3542 sua,
2298 3485 2355 3530 ut
2393 3485 2702 3530 exoneraret
2741 3473 2900 3530 Isaac
2928 3475 3100 3545 ﬁlium
3128 3491 3282 3530 suum
3313 3475 3378 3527 ab
3417 3491 3582 3530 onere
3608 3494 3733 3546 pro-

2147 3569 2354 3623 videndi
2385 3569 2515 3624 illis.
2555 3567 2899 3622 lncumbebat
2935 3568 3072 3622 enim
3107 3565 3268 3623 Isaac
3290 3566 3489 3621 heredi
3518 3569 3734 3623 univer-

2147 3662 2252 3718 sali
2299 3679 2429 3717 cura
2473 3661 2782 3731 providendi
2833 3660 3093 3730 fratribus
3147 3661 3257 3715 suis
3307 3659 3374 3713 ab
3419 3659 3735 3715 luereditate

2145 3752 2374 3806 exclusis
2422 3767 2441 3806 :
2491 3749 2754 3821 ejusmodi
2821 3748 2962 3803 enim
3019 3747 3326 3803 exoneratio
3368 3747 3731 3817 signiﬁcatur.

2146 3841 2392 3902 dicendo.
2435 3850 2494 3895 ut
2535 3849 2614 3895 est
2654 3841 2708 3893 in
2767 3837 3015 3903 Hebrteo,
3048 3836 3118 3891 Et
3173 3836 3321 3890 misit
3371 3851 3461 3890 eos
3505 3835 3734 3905 desuper

2148 3933 2308 3988 Isaac
2346 3931 2471 3986 dum
2513 3932 2684 3987 adhuc
2713 3933 2823 4003 ipse
2851 3932 3056 3995 viveret,
3088 3939 3333 4001 tanquam
3359 3929 3553 3984 tollens
3579 3944 3732 3992 onus,

2145 4026 2284 4095 quod
2311 4035 2427 4080 erat
2451 4041 2606 4096 super
2635 4023 2818 4088 Isaac,
2851 4034 2900 4079 et
2931 4025 3056 4094 quia
3084 4023 3193 4078 Iure
3220 4023 3486 4076 exsecutio
3515 4022 3625 4091 fuit
3653 4021 3736 4075 ul—

2147 4119 2280 4172 tima
2311 4134 2394 4172 res
2426 4127 2572 4189 gesta
2607 4115 2671 4170 ab
2701 4116 2972 4170 Abraham
3015 4116 3443 4184 prudentissime,
3474 4114 3599 4168 ideo
3636 4114 3736 4168 ad-

2139 4211 2410 4281 jungitur,
2439 4208 2577 4280 quod
2607 4208 2731 4279 fecit
2762 4208 2889 4262 dum
2922 4208 3096 4262 adhuc
3125 4210 3233 4277 ipse
3256 4209 3470 4264 viveret.

2216 4301 2378 4370 lbid.,
2415 4302 2511 4356 lin.
2550 4301 2632 4356 ιο.
2680 4299 2993 4370 Κατέσχον
3045 4298 3217 4369 γοῦν.
3266 4298 3566 4369 Josephus.
3600 4314 3733 4355 xvr:

2148 4391 2308 4454 Οὗτοι
2338 4398 2518 4451 πᾶσαν
2549 4397 2648 4469 τὴν
2679 4398 2775 4450 ἀπ’
2796 4395 3082 4468 Εὐφράτου
3105 4397 3197 4450 καὶ
3218 4394 3567 4467 καθήκουσαν
3597 4398 3737 4470 πρὸς

461 4483 518 4532 et
559 4475 849 4532 ridiculum
888 4477 1064 4547 rejicit
1088 4477 1322 4543 Delrius,
1357 4479 1544 4536 Genes.
1577 4497 1697 4553 cap.
1729 4498 1864 4538 xvn.
1898 4482 2043 4539 Bab-

2151 4490 2246 4561 τὴν
2297 4489 2565 4562 Ἐρυθρὰν
2607 4488 2882 4543 θάλασσαν
2912 4488 3244 4551 κατοικοῦσι,
3285 4486 3603 4564 Ναϐατινὴν
3635 4489 3735 4563 τὴν

464 4565 580 4624 bini
622 4569 843 4638 quidam
875 4569 1067 4625 dicunt
1098 4585 1193 4627 eas
1229 4587 1327 4643 pro
1357 4573 1778 4630 circumcisione
1807 4577 2041 4646 quadam

465 4672 622 4731 aqua:
654 4661 979 4718 lustratione
1017 4662 1161 4718 haud
1205 4665 1446 4720 absimili
1480 4666 1754 4737 baptismo
1796 4683 1948 4732 usas,
1985 4677 2046 4724 ut

465 4761 654 4808 narrat
675 4751 837 4812 Joan.
873 4753 1217 4822 Benedictus,
1244 4759 1337 4814 lib.
1383 4773 1399 4813 ι
1442 4759 1674 4815 Summa:
1701 4760 1766 4815 de
1796 4762 2044 4830 peccatis,

463 4858 590 4915 cap.
628 4845 680 4900 7.

536 4935 694 4998 lbid.,
747 4937 846 4991 lin.
902 4938 955 4992 4.
1005 4939 1246 5005 Ἄραϐες
1302 4939 1432 5010 γάρ.
1481 4939 1789 5012 Josephus.
1850 4943 1944 4997 lib.
2007 4960 2045 5008 ι,

463 5041 588 5098 cap.
619 5028 706 5093 13,
742 5029 959 5100 Antiq.:
995 5032 1232 5103 Ἀραϐες
1260 5032 1316 5086 δὲ
1353 5033 1489 5104 μετὰ
1519 5035 1636 5096 ἔτος
1671 5037 2049 5110 τρισκαιδέκα-

463 5134 592 5172 τον·
652 5119 937 5191 Ἰσμαῆλος
991 5122 1097 5194 γὰρ
1149 5125 1177 5175 ὁ
1222 5125 1447 5195 κτίστης
1487 5126 1667 5179 αὐτῶν
1698 5127 1791 5180 τοῦ
1841 5128 2046 5191 ἔθνους,

476 5211 755 5284 Ἀϐράμου
783 5214 1070 5284 γενόμενος
1097 5218 1161 5268 ὲκ
1189 5217 1288 5288 τῆς
1310 5216 1591 5291 παλλακῆς
1616 5222 1673 5273 ἐν
1697 5220 1870 5292 τούτῳ
1895 5238 2049 5292 περι-

464 5315 724 5376 τέμνεται
757 5305 836 5376 τῷ
880 5307 1078 5378 χρόνῳ.
1106 5307 1172 5362 Et
1195 5310 1263 5364 ab
1291 5309 1376 5364 his
1405 5309 1714 5383 Egyptios,
1759 5310 2049 5368 Phoenices

463 5406 521 5452 et
542 5399 680 5455 alios
703 5399 866 5461 ritum
896 5399 1336 5458 circumcisionis
1359 5405 1640 5473 accepisse
1667 5405 1801 5458 nulli
1823 5403 2049 5458 dubium

464 5498 590 5538 esse
617 5485 798 5549 debet,
832 5486 938 5541 etsi
970 5488 1130 5544 aliter
1160 5492 1361 5544 sentiat
1392 5489 1722 5558 Herodotus,
1755 5495 1847 5563 qui
1876 5492 2049 5548 Palm-

467 5577 647 5632 stinos
677 5578 750 5641 ab
786 5577 1060 5652 Egyptiis
1101 5581 1204 5639 hoc
1230 5583 1488 5642 didicisse
1517 5586 1704 5642 refert.
1743 5585 1878 5643 Illud
1922 5603 2049 5659 pro-

470 5671 612 5725 fecto
657 5671 1012 5730 manifestum
1051 5685 1159 5741 est,
1203 5687 1327 5733 ante
1365 5682 1842 5738 circumcisionem
1875 5683 2047 5754 ipsius

469 5761 702 5832 Abrahae
757 5765 966 5837 nullum
1015 5783 1286 5834 nusquam
1339 5769 1612 5828 hominem
1657 5790 1715 5830 se
1754 5775 2045 5830 circumci-

2148 4580 2334 4653 χώραν
2366 4579 2770 4652 ὠνομάσαντες.
2802 4579 2923 4632 Εἰσὶ
2955 4579 3011 4636 δὲ
3054 4573 3199 4636 οὗτοι
3239 4582 3289 4636 οἳ
3328 4581 3438 4636 τῶν
3482 4582 3736 4656 Ἀράϐων

2147 4671 2443 4734 ἔθνος..καὶ
2476 4669 2576 4734 τὰς
2607 4671 2778 4740 φυλὰς
2809 4671 2903 4727 ἀπ’
2951 4672 3132 4728 αὐτῶν
3161 4672 3386 4727 καλοῦσι
3418 4673 3509 4728 διά
3538 4691 3602 4729 τε
3633 4675 3738 4748 τὴν

2148 4763 2349 4835 ἀρετὴν
2381 4760 2560 4817 αὐτῶν
2587 4763 2681 4818 καὶ
2711 4764 2797 4818 διὰ
2828 4766 2890 4819 τὸ
2935 4765 3210 4837 Ἀϐράμου
3243 4765 3479 4836 ἀξίωμα.

2221 4853 2382 4918 lbid.,
2416 4855 2515 4911 lin.
2553 4856 2637 4910 13.
2680 4855 2734 4910 '0
2771 4856 2916 4924 Θεὸς
2939 4857 3047 4912 τὸν
3081 4856 3298 4912 Ἰσαάκ.
3337 4856 3541 4913 Eadem
3574 4855 3738 4915 Iose-

2149 4948 2312 5019 phus,
2345 4947 2524 5020 Antiq.
2561 4950 2654 5004 lib.
2685 4963 2723 5015 t,
2768 4963 2890 5020 cap.
2943 4949 3031 5014 tt,
3083 4949 3177 5004 ubi
3219 4958 3274 5005 et
3317 4949 3472 5006 Isaac
3499 4952 3636 5007 dum
3666 4951 3737 5007 ad

2149 5041 2481 5096 sacriﬁcium
2517 5040 2883 5098 immolandus
2907 5040 3223 5104 duceretur,
3258 5041 3427 5096 fuisse
3449 5043 3622 5098 tradit
3646 5044 3735 5098 vi-

2149 5131 2284 5201 ginti
2319 5133 2562 5202 quinque
2599 5147 2890 5187 annorum.
2925 5133 3076 5188 Ahen
3119 5132 3254 5188 Ezra
3287 5133 3606 5202 duodecim,
3632 5135 3737 5192 Ho-

2148 5221 2281 5276 brsei
2309 5222 2534 5292 triginta
2573 5231 2800 5292 septem.
2847 5219 3044 5277 Verum
3075 5220 3297 5295 Iosephi
3329 5225 3609 5279 sententia
3647 5239 3736 5278 ra-

2149 5312 2467 5368 tionabilior
2509 5313 2747 5377 videtur,
2789 5327 2892 5368 nec
2927 5315 3074 5369 enim
3119 5329 3387 5369 annorum
3417 5315 3613 5371 decem
3649 5314 3736 5369 vel

2149 5405 2439 5461 duodecim
2482 5403 2632 5460 Isaac
2675 5405 2733 5460 in
2773 5420 3007 5461 ascensu
3034 5407 3237 5462 montis
3263 5406 3440 5461 arduo
3479 5417 3534 5463 et
3579 5407 3736 5462 labo-

2153 5500 2322 5564 rioso,
2341 5499 2396 5554 in
2419 5507 2526 5553 tam
2547 5506 2734 5554 tenera
2755 5507 2936 5564 tetate,
2973 5499 3188 5570 pondus
3216 5499 3493 5570 lignorum
3525 5499 3598 5554 ad
3629 5500 3733 5555 ho-

2153 5592 2458 5646 locaustum
2494 5589 2636 5646 terre
2667 5591 2958 5662 potuisset.
2985 5599 3040 5648 et
3066 5592 3290 5662 triginta
3319 5599 3530 5662 septem
3562 5593 3734 5649 nimis

2151 5690 2464 5753 provectus,
2498 5697 2598 5737 nec
2625 5697 2759 5754 puer
2790 5697 2818 5734 a
2855 5681 3139 5753 Scriptura
3161 5682 3285 5753 jure
3310 5683 3582 5755 appellari
3607 5699 3733 5755 pos-

2154 5782 2254 5830 set.
2283 5773 2356 5829 lix
2399 5790 2506 5848 quo
2541 5772 2743 5831 Paulus
2775 5774 3071 5845 Burgensis
3103 5785 3542 5848 argumentatur,
3581 5775 3734 5833 Isaae
