3838 6158
156 289 292 343 1023

1241 279 1305 336 IN
1348 275 1721 338 EBSTATHII
1758 272 2234 333 HEXAEMERON
2269 273 2499 330 Νοτιῑ.

3265 267 3402 327 i026

151 413 285 459 tunc
322 416 431 455 non
478 399 649 454 fuisse
691 398 952 468 majorem
986 397 1199 453 decimo
1237 400 1449 468 quinto,
1497 396 1727 467 ideoque
1755 407 1797 461 Α
1898 393 2059 454 lbid.,
2118 394 2213 447 lin.
2256 390 2346 446 27.
2404 387 2490 454 τῷ
2536 386 2657 451 Θεῷ
2697 385 2805 455 γάρ
2841 400 2934 439 σε.
2964 383 3256 455 Perpersm
3288 387 3403 444 tm

150 496 295 550 hanc
323 492 568 549 ultimam
604 491 931 546 sententiam
976 489 1199 547 refellit.
1238 488 1441 545 Verum
1477 497 1538 542 ut
1569 489 1721 543 futile

150 586 225 642 sit
261 584 365 639 hoc
399 589 782 654 argumentum
820 581 908 635 vel
937 580 1006 635 iis
1034 580 1127 653 qui
1161 580 1401 634 nondum
1429 578 1724 649 Scriptura:

148 690 324 733 sacra
355 689 519 731 sensa
548 674 934 743 degustarunt,
963 687 1072 725 non
1102 673 1303 741 quibus
1340 672 1394 725 in
1432 670 1501 725 iis
1533 685 1725 741 sapere

150 767 470 839 etjudicare
491 764 678 819 datum
706 770 811 828 est,
846 761 1196 817 manifestum
1227 769 1471 831 apparet.

220 880 341 937 Col.
376 878 496 946 764,
538 878 633 932 lin.
659 876 746 932 16.
780 877 904 932 Ἐπ’
927 877 1249 946 ἀκρωρείας
1277 875 1456 940 τινός.
1510 872 1721 927 1161)Γωὶ

151 973 380 1028 tradunt
415 972 471 1026 in
502 971 605 1025 hoc
634 971 829 1025 eodem
861 978 1043 1023 monte
1073 968 1229 1033 Abel,
1256 977 1309 1023 et
1340 966 1474 1022 Cain
1510 965 1723 1021 sacriﬁ-

151 1080 333 1131 casse,
368 1070 567 1134 etpost
590 1061 855 1116 diluvium
884 1060 1017 1123 Noe,
1054 1066 1218 1129 atque
1256 1058 1312 1113 in
1345 1073 1410 1112 eo
1447 1057 1566 1127 ipso
1601 1063 1723 1126 post

148 1157 321 1212 multa
344 1154 540 1210 saecula
572 1153 830 1223 templum
856 1166 885 1204 a
910 1150 1200 1205 Salomone
1228 1156 1588 1204 exstructum.
1614 1148 1725 1199 Au-

148 1250 426 1321 gustinus,
460 1262 626 1303 serm.
663 1245 732 1301 de
776 1252 947 1313 temp.
978 1244 1042 1297 7i
1072 1262 1086 1297 :
1115 1241 1307 1295 Audite
1355 1240 1490 1295 illud
1540 1256 1725 1293 sacra-

148 1347 405 1400 mentum,
437 1337 628 1405 [ratres
672 1333 1004 1397 sharissimi,
1055 1331 1411 1402 Hieronymus
1458 1329 1726 1399 presbyter

150 1427 385 1495 scripsit,
416 1440 469 1478 se
513 1423 578 1477 ab
613 1425 843 1492 antiquis
884 1433 933 1475 et
973 1421 1263 1475 senioribus
1300 1419 1505 1475 Judwis
1538 1420 1723 1472 certis-

149 1522 283 1575 sime
310 1520 627 1590 cognovisse,
656 1516 795 1587 quod
837 1516 911 1570 ibi
959 1515 1263 1569 immolatus
1308 1515 1376 1568 sit
1428 1513 1606 1577 Isaac,
1637 1512 1725 1565 ubi

147 1620 334 1681 postea
377 1610 619 1665 Christus
668 1608 954 1675 cruciﬁxus
995 1616 1095 1660 est.
1142 1605 1305 1668 Beda,
1337 1605 1415 1659 De
1449 1604 1576 1659 locis
1603 1621 1727 1657 san-

149 1705 273 1768 ctis,
305 1717 427 1773 cap.
451 1700 513 1755 2:
544 1700 609 1754 In
639 1699 754 1754 loco
790 1712 962 1753 autem
987 1698 1103 1761 illo,
1127 1713 1229 1767 quo
1256 1694 1527 1749 Abraham
1552 1695 1725 1748 altare

149 1794 222 1847 ad
264 1792 646 1847 immolandum
686 1791 857 1862 [ilium
896 1790 1213 1853 construxit,
1258 1805 1437 1843 mensa
1456 1798 1532 1841 est
1558 1789 1725 1857 lignea

1833 1768 1950 1830 τοὺς
1977 1765 2187 1834 λόγουςο

148 1884 417 1961 ραι-ια,ρη
448 1900 553 1956 qua
589 1897 880 1954 pauperum
914 1881 1253 1952 eleemasyna:
1278 1879 1447 1933 solent
1477 1894 1511 1932 a
1536 1878 1725 1946 populo

151 1975 376 2046 deferri.

222 2088 385 2155 lbid.,
420 2087 518 2143 lin.
560 2086 647 2142 l9.
688 2082 757 2141 Ὦ
803 2087 923 2151 παῖ,
952 2086 1209 2156 μυρίαις.
1249 2082 1375 2139 llaec
1397 2082 1628 2139 Abrahae
1656 2082 1724 2139 ad

151 2181 308 2238 lsaac
344 2182 523 2235 oratio
575 2180 850 2250 exscripta
892 2184 977 2235 est
1021 2186 1133 2233 tota
1177 2192 1246 2233 ex
1293 2174 1517 2248 Josephi
1562 2177 1660 2231 lib.
1706 2192 1723 2231 ι

152 2276 337 2345 Antig.
372 2286 496 2342 cap.
530 2270 618 2326 14.

222 2377 387 2441 lbid.,
416 2378 515 2432 lin.
545 2377 637 2433 ει.
668 2379 787 2431 οὐκ
814 2377 985 2432 ἐστιν
1018 2376 1109 2432 ὅτι
1134 2375 1243 2447 μή.
1282 2374 1476 2432 Munus
1503 2376 1607 2432 hoc
1630 2392 1726 2448 pa-

151 2480 395 2538 ternum,
420 2469 562 2526 filios
584 2469 659 2524 ita
686 2468 973 2524 efformare
1007 2477 1066 2524 ut
1094 2469 1164 2522 ad
1185 2468 1577 2540 capessendam
1603 2469 1728 2525 bea-

151 2562 445 2618 titudinem
496 2562 664 2633 inepti
704 2577 815 2616 non
858 2563 989 2617 sint.
1037 2560 1168 2629 Quae.
1217 2561 1469 2617 humanae
1516 2570 1727 2619 natura:

152 2652 283 2708 nnis
313 2667 378 2707 ac
414 2651 649 2708 felicitas
690 2660 810 2718 est;
854 2653 957 2706 hoc
997 2652 1148 2707 omni
1182 2666 1316 2707 cura
1346 2667 1410 2706 ac
1446 2652 1725 2725 diligentia

150 2743 580 2814 procurandum,
634 2752 829 2799 caetera
876 2745 1296 2800 contemnenda.
1339 2743 1516 2813 Plato,
1566 2745 1662 2801 lib.
1691 2762 1725 2801 ν

151 2834 235 2890 De
269 2834 474 2904 repub.,
524 2836 718 2892 suadet
762 2834 818 2889 in
846 2835 1133 2906 gignendis
1168 2835 1356 2891 liberis
1389 2850 1486 2891 eos
1519 2835 1727 2891 imitari

151 2930 251 2999 qui
279 2928 585 2984 belluarum
617 2927 851 2983 studiosi
879 2928 1013 2984 dant
1045 2942 1290 3000 cperam,
1320 2936 1378 2982 ut
1402 2943 1469 2983 ex
1502 2927 1726 2998 optimis

150 3022 407 3087 canibus,
432 3022 610 3092 equis,
635 3028 687 3075 et
717 3021 909 3076 avibus
927 3022 1132 3090 optima
1163 3020 1372 3075 oriatur
1393 3021 1597 3090 proles.
1623 3018 1725 3075 De-

153 3119 468 3183 stunpserat
491 3128 558 3167 ex
584 3112 753 3167 Ocelli
780 3110 985 3167 Lucani
1019 3112 1116 3168 lib.
1146 3111 1221 3165 De
1242 3111 1473 3166 universi
1506 3120 1721 3173 natura,
1751 3099 1795 3157 C

151 3202 252 3275 qui
283 3211 408 3256 ante
432 3217 555 3256 eum
587 3203 662 3256 ita
690 3201 1192 3271 scripseratzltfscaz
1228 3201 1407 3273 πάσης
1434 3197 1525 3255 οὖν
1558 3217 1723 3254 σπου-

149 3293 252 3363 δῆς
275 3294 370 3347 καὶ
394 3282 669 3365 προσοχῆς
690 3292 771 3345 δεῖ
793 3291 1245 3356 καταϐάλλεσθαι,
1271 3293 1419 3355 ὅπως
1441 3291 1508 3345 τὰ
1528 3290 1727 3360 γεννώ-

158 3401 299 3455 μενα
355 3384 569 3455 γίνηται
626 3384 973 3456 χαριέστατα,
1032 3384 1127 3438 καὶ
1180 3382 1493 3455 γεννώμενα
1545 3382 1726 3447 καλῶς

153 3478 463 3547 ὰνατραφῇ.
515 3475 651 3530 Οὔτε
697 3475 803 3547 γὰρ
839 3475 1046 3529 δίκαιον
1092 3476 1219 3539 τοὺς
1268 3476 1365 3546 μὲν
1410 3476 1722 3546 φιλίππους,

156 3569 255 3621 καὶ
292 3567 622 3638 φιλόρνιθας,
666 3569 759 3621 καὶ
802 3568 1093 3637 φιλόκυνας
1138 3568 1277 3639 μετὰ
1314 3568 1492 3639 πάσης
1532 3570 1726 3640 ἐπιμε-

155 3660 309 3723 λείας
339 3660 592 3731 φροντίδα
622 3660 890 3713 ποιεῖσθαι
914 3660 1021 3713 τῶν
1047 3660 1364 3731 γινομένων,
1402 3659 1477 3723 ὡς
1508 3659 1606 3723 δεῖ,
1633 3661 1727 3713 κα)⁸

156 3750 220 3816 ἐξ
240 3744 313 3805 ὧν
337 3750 435 3814 δεῖ,
463 3751 557 3803 καὶ
583 3751 667 3803 ὅτε
703 3750 799 3814 δεῖ,
836 3750 928 3804 καὶ
957 3750 1071 3814 πῶς
1104 3751 1456 3822 διακειμένων
1486 3751 1727 3821 γίνεσθαι

155 3842 260 3905 τὰς
308 3840 482 3912 μίξεις
522 3843 615 3895 καὶ
652 3842 751 3903 τὰς
783 3842 1083 3906 κοινωνίας,
1114 3840 1206 3894 τοῦ
1242 3841 1315 3914 μὴ
1349 3842 1423 3905 ὠς
1455 3842 1608 3911 ἔτυχε
1640 3842 1728 3909 γί-

156 3933 345 3987 νεσθαι
396 3932 464 3987 τὰ
510 3933 841 4005 γεννώμενα·
888 3935 1013 3996 τοὺς
1055 3932 1113 3987 δὲ
1160 3933 1476 4005 ἀνθρώπους
1524 3933 1729 4005 μηδένα

157 4024 433 4079 ποιεῖσθαι
465 4023 619 4093 λόγον
648 4024 756 4078 τῶν
786 4025 929 4079 ἰδίων
962 4025 1218 4093 ἐγγόνων,
1245 4025 1379 4079 ἀλλὰ
1414 4027 1505 4079 καὶ
1536 4028 1729 4097 γεννᾷν

159 4118 239 4182 ὡς
261 4117 438 4188 ἔτυχε,
476 4119 569 4171 καὶ
593 4117 944 4188 γεννωμένων
970 4118 1251 4189 ὀλιγωρεῖν
1276 4118 1366 4171 κ²ὶ
1397 4118 1497 4187 τῆς
1523 4118 1730 4190 τροφῆς

161 4211 259 4264 καὶ
288 4211 387 4281 τῆς
421 4210 687 4273 παιδείας.
719 4209 905 4263 Ταῦτα
929 4208 1035 4282 γὰρ
1062 4207 1405 4280 ἀμελούμενα
1431 4210 1608 4281 πάσης
1631 4226 1730 4263 και

162 4302 288 4365 κὶας
314 4304 407 4356 καὶ
436 4301 767 4371 φαυλότητος
793 4302 1053 4374 παραίτια
1075 4302 1303 4371 γίνεται,
1337 4302 1726 4374 βοσκηματώδη

1824 486 1969 541 dicta
1994 501 2025 539 a
2047 482 2285 554 Josepho
2306 481 2558 553 Lyranus
2577 477 2882 543 contendit,
2907 477 3055 549 quod
3077 479 3205 532 facit
3227 479 3403 534 Διιηό

1824 577 1950 632 ham
1980 576 2293 632 credentem
2320 575 2395 629 ita
2425 575 2753 628 moriturum
2780 571 2955 627 fuisse
2990 571 3162 636 Isaac,
3194 579 3255 625 ut
3282 571 3405 640 ejus

1824 672 2005 724 anima
2028 674 2292 739 perpetuo
2317 664 2460 736 apud
2493 664 2664 719 Deum
2693 673 2959 727 maneret,
2990 678 3090 717 nec
3116 677 3309 718 rursus
3331 662 3401 719 ad

1821 764 1989 817 vitam
2025 760 2271 815 reditura
2302 767 2483 823 esset;
2509 756 2564 811 id
2591 758 2736 812 enim
2776 755 2973 811 fuisset
3011 764 3202 810 contra
3239 756 3399 813 ﬁdem

1823 855 2136 909 divinarum
2166 851 2596 922 promissionum
2624 850 2691 904 de
2732 849 2916 903 futura
2948 847 3099 902 Isaac
3121 849 3397 918 progenie,

1823 961 1986 1017 quam
2044 943 2439 1006 firmissimam,
2502 950 2666 1011 atque
2723 940 3108 996 inconcussum
3164 940 3400 995 habebat

1824 1036 2118 1097 Abraham,
2150 1032 2457 1089 certissime
2484 1032 2714 1087 credens
2745 1030 2911 1086 Deum
2943 1046 3137 1087 rursus
3158 1029 3311 1088 lsaac
3329 1046 3398 1087 ex

1826 1126 2058 1182 mortuis
2101 1132 2490 1179 revocaturum
2535 1123 2602 1176 ad
2631 1124 2835 1188 vitam;
2870 1121 3017 1192 quod
3063 1136 3195 1177 sane
3228 1120 3297 1176 de
3331 1134 3402 1177 eo

1825 1219 2047 1274 disertis
2073 1217 2257 1273 verbis
2281 1215 2609 1270 testificatus
2632 1222 2717 1271 est
2737 1212 2939 1269 Paulus
2959 1214 3024 1267 ad
3044 1211 3299 1268 Hebrwos
3321 1228 3398 1270 κι.

1825 1312 1982 1379 Quod
2032 1320 2419 1383 argumentum
2468 1324 2633 1381 quam
2676 1309 2750 1364 sit
2798 1308 2963 1362 inane
3005 1306 3239 1362 lectione
3280 1307 3401 1379 ipsa

1826 1413 2010 1460 textus
2041 1404 2176 1459 satis
2207 1412 2453 1473 apparet.

1898 1495 2055 1560 lbid.,
2084 1496 2177 1549 lin.
2202 1495 2292 1549 28.
2334 1494 2565 1547 Τούτων
2581 1491 2872 1556 ἀκούσας.
2896 1488 3187 1561 .osephus.
3214 1487 3399 1560 Antiq.

1828 1587 1924 1642 lib.
1961 1588 2261 1649 ιιἿσακος
2292 1584 2371 1648 δὲ,
2418 1583 2623 1655 πατρὸς
2660 1583 2769 1653 γὰρ
2804 1578 2872 1652 ἦν
2916 1581 3029 1634 οῖου
3072 1580 3403 1650 τετυχηκότα

1826 1676 2075 1745 γενναῖον
2112 1673 2284 1727 ἐδεῖτο
2315 1671 2570 1743 φρόνημα
2602 1665 2764 1734 εἶναι,
2793 1670 3010 1741 δέχεται
3042 1668 3178 1741 πρὸς
3209 1668 3401 1739 ἡδονὴν

2228 1762 2323 1817 καὶ⁵
2369 1764 2572 1834 φήσας.
2602 1762 2677 1826 ὼς
2714 1762 2835 1815 οὐδὲ
2862 1761 3143 1830 γεγονέναι
3172 1760 3271 1831 τὴν
3298 1761 3401 1832 ap-

1825 1857 1925 1929 χὴν
1956 1853 2023 1929 ἧν
2055 1857 2279 1919 δίκαιος,
2328 1855 2378 1908 ει
2411 1853 2546 1907 Θεοῦ
2598 1854 2692 1907 καὶ
2730 1852 2936 1924 πατρὸς
2989 1851 3174 1923 μέλλει
3220 1850 3401 1924 κρίσιν

1701 2012 1712 2023 ι
1825 1946 2187 2010 ἀπωθεῖσθαι.
2222 1946 2315 2000 καὶ
2345 1945 2420 2015 μὴ
2449 1944 2713 2014 παρέχειν
2744 1944 2907 1997 αὑτὸν
2934 1946 3045 2006 τοῖς
3076 1942 3400 2014 ἀμφοτέρων

1828 2040 1989 2112 βουλή
2000 2056 2162 2111 μασιν
2192 2038 2445 2109 ἑτοίμως,
2469 2038 2557 2090 ὅτε
2586 2036 2682 2089 καὶ⁵
2708 2036 2866 2107 μόνου
2888 2035 2985 2089 τοῦ
3008 2034 3210 2106 πατρὸς
3227 2033 3401 2089 ταῦτα

1825 2128 2256 2201 προαιρουμένου
2304 2128 2381 2199 μὴ
2428 2125 2725 2180 ὑπακούειν
2778 2126 2962 2182 ἄδικον
3007 2122 3097 2199 ἦν,
3143 2124 3401 2198 ὥρμησεν

1824 2222 1918 2274 επὶ
1946 2222 2037 2274 τὸν
2070 2220 2252 2291 βωμὸν
2281 2221 2376 2273 καὶ
2404 2218 2502 2291 τὴν
2535 2221 2775 2288 σφαγήν.

1901 2312 2062 2379 lbid.,
2103 2314 2201 2367 lin.
2238 2312 2328 2367 45.
2377 2311 2431 2364 '0
2464 2311 2531 2365 δὲ
2562 2312 2709 2377 Θεὸς
2737 2310 2872 2377 τήν.
2910 2309 3217 2367 Alexander
3241 2309 3404 2383 Polyo

1826 2406 2001 2462 histor
2026 2404 2169 2475 apud
2193 2402 2514 2467 Eusebium,
2542 2402 2621 2457 De
2640 2413 2931 2472 prcparat.
2954 2402 3153 2473 Evang.
3185 2403 3281 2457 lib.
3311 2417 3361 2459 Ix
3382 2417 3402 2456 :

1824 2497 1961 2552 Μετ’
1989 2497 2050 2549 οὑ
2079 2495 2245 2549 πολὺν
2266 2495 2323 2548 δὲ
2355 2494 2545 2568 χρόνον
2572 2494 2667 2548 τὸν
2694 2495 2827 2549 Θεὸν
2858 2494 3200 2567 τῷἈϐραὰμ
3227 2509 3401 2566 repea-

1822 2585 1980 2653 τάξαι
2025 2585 2208 2641 Ἰσαὰκ
2250 2587 2341 2640 τὸν
2402 2587 2517 2641 υἱὸν
2556 2586 2941 2654 όλοκαρπῶσαι
2984 2585 3155 2657 αὐτῷ.
3199 2586 3304 2639 Τὸν
3342 2585 3403 2640 δδ

1825 2677 2167 2747 ἀναγαγόντα
2196 2678 2287 2731 τὸν
2316 2677 2478 2731 παῖδα
2507 2679 2601 2731 ἐπὶ
2629 2677 2690 2732 τὸ
2719 2678 2845 2749 ὅρος
2877 2678 3057 2750 πυρὰν
3091 2678 3274 2749 νῆσαι,
3306 2676 3403 2731 καὶ

1825 2769 2093 2823 ἐπιθεῖναι
2128 2769 2222 2822 τὸν
2267 2769 2473 2824 Ἰσαάκ.
2508 2768 2742 2840 Σφάζειν
2774 2770 2831 2823 δὲ
2866 2770 3129 2840 μέλλοντα
3156 2768 3406 2839 κωλυθῆο

1824 2879 1911 2917 ναι
1939 2861 2045 2915 ὑπὸ
2073 2861 2303 2930 ἀγγέλου
2334 2861 2488 2933 κριὸν
2519 2843 2661 2932 ιὺτῷ
2680 2860 2817 2933 πρὸς
2846 2862 2945 2933 τὴν
2973 2862 3256 2934 κάρπωσιν
3292 2876 3401 2915 sta-

1828 2954 2217 3025 ραστήσαντος.
2267 2950 2372 3005 Τὸν
2412 2952 2468 3005 δὲ
2524 2951 2774 3023 Ἀϐραὰμ
2805 2951 2897 3005 τὸν
2944 2953 3041 3024 μὲν
3074 2952 3238 3005 παῖδα
3268 2951 3407 3007 καθ’

1826 3043 1965 3097 ελεῖν
1989 3042 2097 3096 ἀπὸ
2126 3044 2225 3115 τῆς
2252 3044 2450 3112 πυρᾶς,
2478 3043 2568 3096 τὸν
2596 3043 2654 3096 δὲ
2682 3042 2835 3115 κριὸν
2861 3043 3172 3116 καρπῶσαι.
3200 3042 3268 3097 Et
3291 3044 3399 3099 hoc

1825 3147 1893 3189 ex
1921 3131 2152 3189 Philone
2183 3142 2342 3204 poeta
2370 3134 2681 3188 conﬁrmat.
3380 3136 3383 3139 ’

1895 3224 2057 3287 lbid.,
2095 3224 2192 3278 lin.
2227 3224 2316 3279 50.
2351 3224 2566 3292 Πρώτῳ
2592 3223 2660 3278 δὲ
2690 3223 2789 3290 τῷ.
2828 3222 3120 3288 Eusebius,
3144 3223 3401 3280 Chronic.

1826 3314 1921 3369 lib.
1955 3331 2001 3370 ιε
2030 3314 2237 3387 Πρώτῳ
2259 3314 2551 3385 προφητῶν
2571 3315 2683 3370 ὄντι
2703 3314 2781 3386 τῷ
2820 3313 3067 3387 Ἀϐραὰμ
3098 3317 3129 3368 ό
3148 3315 3241 3369 τοῦ
3262 3313 3400 3369 Θεοῦ

1825 3410 1994 3479 Λόγος
2035 3409 2226 3477 φανεὶς
2267 3410 2323 3460 ὲν
2356 3407 2641 3479 ἀνθρώπου
2692 3409 2929 3479 σχήματι
2960 3407 3061 3480 τὴν
3091 3407 3200 3461 τῶν
3228 3406 3399 3460 ἐθνῶν

1825 3502 2018 3573 κλῆσιν
2043 3501 2311 3564 θεσπίζει,
2347 3499 2414 3570 ἢν
2454 3498 2579 3552 καθ’
2626 3501 2778 3571 ἡμᾶς
2802 3502 2831 3553 ό
2855 3498 2950 3553 τοῦ
2976 3499 3213 3570 Χριστοῦ
3242 3498 3399 3566 λόγος

1826 3596 1905 3657 εἰς
1934 3593 2106 3665 πέρας
2139 3594 2313 3662 ἤγαγε
2349 3590 2438 3644 διὰ
2473 3591 2575 3661 τῆς
2600 3592 2680 3654 εἰς
2708 3592 2886 3645 πάντα
2908 3590 2977 3644 τὰ
3001 3590 3128 3662 ἔθνη
3157 3590 3403 3658 libans-

1826 3685 1981 3757 λικῆς
2027 3684 2395 3747 διδασκαλίας.
2446 3683 2571 3738 Haec
2619 3684 2805 3738 eadem
2836 3682 3132 3737 Chronicon
3163 3683 3401 3736 Alexan-

1826 3777 2060 3829 drinum.
2114 3773 2188 3830 De
2241 3774 2343 3828 hac
2401 3781 2455 3828 et
2505 3774 2627 3828 aliis
2686 3774 2919 3827 Abrahae
2976 3774 3403 3830 revelationibus

1827 3865 2077 3919 Asterius
2103 3864 2349 3918 Amasete
2374 3863 2667 3932 episcopus
2700 3863 2853 3919 hom.
2884 3860 2958 3917 De
2988 3860 3193 3917 Lazaro
3230 3870 3285 3917 et
3313 3864 3402 3917 (ιὶ-

1826 3957 1959 4019 vite,
1989 3970 2113 4010 eum
2144 3955 2212 4008 ad
2243 3954 2467 4008 dubium
2498 3954 2652 4020 illud,
2677 3954 2818 4021 Quid
2849 3969 3032 4011 causa:
3056 3954 3218 4010 fuerit
3255 3954 3403 4026 quod

1827 4063 1951 4101 eum
1983 4046 2136 4100 multi
2164 4046 2436 4115 justorum
2475 4046 2787 4101 Abrahamo
2813 4049 3153 4117 antiquiores
3179 4048 3405 4110 fuerint.

1828 4140 2089 4194 honorem
2139 4138 2283 4193 hunc
2336 4138 2445 4192 illis
2494 4140 2549 4192 in
2598 4154 2713 4194 aevo
2760 4140 3041 4195 remotiori
3087 4138 3406 4197 constitutis

1829 4229 2071 4283 debitum
2120 4228 2206 4283 isti
2262 4229 2536 4298 praecipue
2583 4230 2878 4300 assignarit
2910 4246 3033 4283 cum
3074 4231 3299 4294 diceret,
3334 4228 3404 4285 Ει

1827 4321 2192 4390 deportaretur
2234 4321 2300 4375 ab
2346 4322 2545 4391 augetis
2603 4322 2660 4374 in
2716 4323 2891 4375 sinum
2935 4321 3202 4385 Abrahae,
3256 4321 3406 4377 nulla

158 4394 261 4449 καὶ
295 4396 493 4465 ἀγεννῆ
527 4392 894 4449 ἀποτελοῦντα
925 4394 993 4448 τὰ
1024 4393 1354 4465 γεννώμενα.
1391 4394 1508 4449 Duo
1546 4396 1727 4465 itaque

1834 4412 1973 4467 facta
2034 4411 2346 4475 mentione,
2395 4430 2570 4483 neque
2618 4414 2827 4476 Enoch,
2874 4430 3052 4483 neque
3108 4412 3262 4478 Noe,
3302 4427 3406 4468 nec

163 4484 410 4539 curanda
444 4491 571 4539 sunt
599 4484 655 4537 in
689 4484 983 4538 liberorum
1013 4484 1379 4554 susceptione,
1412 4484 1647 4552 primum
1672 4492 1727 4537 ut

1834 4506 2065 4559 aliorum
2094 4505 2340 4577 εἙπειδὴ
2377 4506 2484 4579 γὰρ
2516 4508 2543 4560 ὁ
2580 4506 2828 4579 Ἀϐραὰμ
2857 4506 3109 4577 θεράπων
3143 4504 3405 4576 Χριστοῦ,

164 4576 291 4635 sciti
325 4585 379 4631 et
422 4577 697 4647 elegantes
744 4576 920 4646 quoad
984 4576 1100 4632 ticri
1155 4575 1355 4645 poterit
1412 4582 1729 4630 nascantur.

166 4669 503 4738 Secundum,
549 4686 673 4725 cum
710 4671 816 4725 orti
861 4670 1212 4741 susceptique
1255 4666 1497 4733 fuerint,
1534 4668 1734 4722 libera-

163 4766 294 4821 liter
326 4766 656 4834 educentur;
693 4766 938 4833 iniquum
973 4765 1118 4821 enim
1172 4773 1256 4819 est
1295 4779 1514 4827 canum,
1548 4778 1735 4832 equo-

166 4870 290 4910 rum
322 4865 377 4911 et
410 4856 641 4912 aliorum
694 4856 1051 4910 animantium
1085 4855 1267 4911 studio
1300 4854 1494 4908 ductos
1534 4866 1734 4922 oppor-

164 4954 302 5002 tuna
330 4963 557 5018 quasque
582 4948 926 5018 conquirere,
976 4954 1036 5001 ut
1090 4948 1399 5003 necessaria
1430 4945 1498 4999 ad
1532 4961 1734 5000 munus

167 5055 330 5094 suum
379 5040 690 5094 obeundum
735 5039 967 5095 habeant
991 5080 1005 5102 ,
1034 5039 1268 5094 ﬁliorum
1294 5052 1423 5095 vero
1449 5034 1734 5095 educatio-

165 5144 294 5184 nem
320 5130 832 5201 institutionemque
868 5130 1159 5201 negligere.

241 5237 403 5303 lbid.,
430 5238 529 5294 lin.
557 5238 647 5293 25.
678 5238 873 5293 nam
904 5240 1109 5302 τούτῳ.
1147 5236 1383 5293 Basilius
1422 5236 1732 5294 Seleucien-

167 5333 268 5394 sis,
317 5332 569 5386 oratione
617 5330 673 5383 in
718 5329 989 5386 Abraham
1021 5343 1038 5382 :
1069 5332 1164 5383 ’ον
1192 5330 1391 5385 ἔδωκεν
1421 5330 1643 5401 ᾔτησεν,
1674 5329 1733 5385 ὃν

165 5423 369 5480 ἔπλασε
402 5423 565 5479 πάλιν
593 5425 877 5496 ἐζήτησεν
922 5422 1111 5477 ἔλαϐεν
1154 5425 1383 5494 αἰτήσας
1419 5424 1478 5477 ὃν
1513 5424 1728 5478 ἔδωκεν

164 5516 412 5588 αἰτηθεὶς
438 5515 706 5570 ἀποδώσει
740 5516 901 5570 πάλιν
936 5516 1234 5588 βουληθεὶς,
1270 5516 1360 5570 ὑπ’
1383 5516 1597 5581 οὐδενὸς
1623 5534 1733 5570 κω-

166 5605 445 5676 λυόμενος.
496 5605 555 5658 '0
586 5606 693 5676 γὰρ
716 5606 816 5659 οὐκ
847 5607 975 5659 ὅντα
999 5606 1121 5668 δοὺς
1150 5606 1243 5659 καὶ
1268 5603 1606 5676 νεκρωθέντα
1634 5622 1731 5677 χα-

170 5697 400 5771 ριαται.

1833 4598 1928 4653 καὶ
1954 4598 2319 4671 διαφερόντως
2351 4594 2504 4664 οὗτος
2550 4600 2851 4671 ἀνθρώπων
2896 4599 2994 4663 τὰς
3034 4597 3126 4652 τοῦ
3164 4597 3405 4669 Χριστοῦ

1831 4689 2153 4759 ἐπιφανείας
2195 4689 2429 4755 ἐδέξατο,
2468 4692 2562 4743 καὶ
2606 4690 2665 4743 τὸ
2705 4690 2805 4758 τῆς
2846 4688 3071 4761 Τριάδος
3112 4692 3409 4760 μυστήριον

1836 4782 2034 4845 ἱκανῶς
2060 4782 2190 4851 ἡμῖν
2220 4783 2278 4834 ὲν
2306 4784 2372 4852 τῇ
2413 4784 2583 4854 σκηνῇ
2612 4781 2706 4835 τοῦ
2735 4783 2986 4853 γέροντος
3023 4782 3212 4835 τοῦτου
3233 4780 3407 4834 διετυ-

1834 4872 2013 4944 πὼθη.
2052 4874 2217 4943 ἡνίκα
2251 4873 2377 4936 τοὺς
2400 4877 2545 4943 τρεῖς
2580 4874 2843 4941 ἀγγέλους
2880 4873 2956 4939 ὡς
2978 4873 3175 4945 ἄνδρας
3200 4873 3405 4926 ὁδοιπό-

1836 4982 1963 5036 ρους
2001 4964 2225 5031 ἐξένισε,
2259 4966 2353 5017 seat
2393 4964 2577 5028 ἁπλῶς
2621 4967 2687 5019 ὲκ
2719 4964 2928 5019 πολλῶν
2968 4965 3078 5018 τῶν
3131 4964 3408 5036 μυστικῶν

1832 5058 2168 5129 αἰνιγμάτων
2183 5060 2379 5120 οἰκεῖος
2393 5057 2488 5111 ἄνθ
2498 5075 2672 5129 ρωπος
2688 5050 2843 5120 οὗτος
2857 5056 3145 5127 γεγένηται
3161 5056 3256 5109 τοῦ
3271 5054 3405 5110 Θεοῦ

1831 5148 1926 5203 τοῦ
1952 5150 2162 5221 χρόνοις
2189 5148 2413 5221 ὕστερον
2433 5148 2840 5219 ἀμφιεσαμένου
2864 5147 2963 5220 τὴν
2983 5148 3183 5221 σάρκα.
3206 5148 3299 5202 καὶ
3318 5146 3407 5202 διὰ

1838 5242 2006 5312 μέσου
2038 5238 2133 5294 τοῦ
2172 5240 2457 5313 ἀνθρώπου
2485 5240 2676 5295 τούτου
2712 5241 3212 5313 παραπετάσματος
3242 5241 3403 5311 ἔναρα

1832 5333 1947 5402 γῶς
1974 5334 2333 5406 ὁμιλήσαντος
2360 5335 2472 5397 τοῖς
2499 5332 2825 5405 ἀνθρὼποις’
2857 5332 2945 5388 διὰ
2980 5332 3137 5387 τοῦτο
3164 5331 3256 5384 τὸν
3282 5331 3407 5387 κόλ-

1834 5442 1936 5479 πον
1963 5424 2125 5479 αὑτοῦ
2157 5418 2267 5479 οἷον
2293 5423 2466 5478 εὕδιόν
2487 5441 2609 5477 τινα
2630 5425 2849 5495 λιμένα.
2870 5425 2964 5478 καὶ
2987 5424 3250 5479 ἄκλυστον
3276 5422 3407 5477 ἀνα-ο

1835 5519 2139 5590 παυτήριον
2172 5514 2312 5571 εἶναι
2336 5516 2445 5570 τῶν
2475 5515 2698 5570 δικαίων
2726 5514 2911 5586 φησιν.

1904 5609 2019 5665 Col.
2058 5610 2187 5671 765.
2224 5611 2321 5664 lin.
2361 5609 2415 5664 5.
2465 5607 2919 5677 Τελευτησάσης
2958 5606 3209 5677 Σὰρῤας.
3252 5605 3404 5663 ιοιιςο

1836 5703 1999 5772 phus,
2028 5703 2208 5772 Antiq.
2237 5702 2335 5757 lib.
2362 5717 2400 5769 ι,
2435 5717 2556 5772 cap.
2578 5701 2645 5756 l6
2676 5699 2957 5771 εΓαμεῖδδ
2984 5700 3144 5763 αὐτὸς
3173 5698 3401 5753 heroi}
