3838 6158
451 223 472 276 i
485 221 588 275 (ιε-ι

1891 208 2140 266 LEONIS
2179 206 2456 262 ALLATH

3579 202 3716 258 1023

455 355 552 409 ραν
577 337 821 408 ὕστερον,
851 337 910 402 ἐξ
935 332 1003 408 ἧς
1025 334 1174 406 αὐτῷ
1197 333 1386 397 παῖδες
1417 332 1478 397 ἒξ
1502 332 1765 400 γίνονται,
1799 331 1936 402 πρός
1970 349 2030 383 τε
2059 337 2106 392 Α
2134 345 2300 400 φησιν
2324 331 2353 381 ὁ
2387 326 2690 398 προφήτης,
2728 326 2757 378 ὁ
2787 325 2881 377 καὶ
2911 323 3130 395 Μαλχὸς
3160 325 3189 376 ὁ
3219 319 3449 394 ἱστορῶν
3479 320 3553 374 τὰ
3591 324 3712 392 περὶ

453 429 647 492 πόνους
670 429 948 499 καρτεροὶ,
967 427 1238 482 καὶδεινοὶ
1263 424 1524 489 συνιέναι,
1551 423 1893 495 Ζεμϐράνης,
1929 423 2032 476 Ἰα-

452 521 656 591 ζᾶρης,
697 521 974 590 Μαδάνης,
1029 519 1332 588 Μαδιάνης,
1392 515 1789 579 Λουσούϐακος,
1843 514 2029 578 Σοῦος.

449 606 679 659 Φύονται
711 607 766 658 δὲ
799 609 892 659 καὶ
917 606 1126 670 τούτοις
1152 606 1360 668 παῖδες⁸
1387 605 1479 656 καὶ
1515 605 1679 658 Σούου
1721 605 1817 674 μὲν
1853 605 2030 659 Σαδασν

451 697 623 769 κάνης
659 699 867 774 γίνεται
911 699 1005 752 καὶ
1036 699 1294 768 Δαδάνης·
1339 698 1529 751 τούτου
1572 697 1629 750 δὲ
1669 695 2028 766 Λατούσιμος,

457 789 776 858 Ἀσσουρος,
813 787 1108 858 Λουούρης·
1153 787 1405 840 Μαδάνου
1461 787 1518 839 δὲ
1569 787 1760 855 Ἠφαὲ,
1800 787 2028 857 Ὠφρης,

455 878 702 950 Ἄνοχος,
750 881 993 943 Ἐϐιδας,
1057 881 1263 944 Ἐλδᾶς.
1320 879 1385 932 Et
1431 879 1714 950 Origenes,
1758 879 1904 933 hom.
1940 879 2028 942 H,

453 971 664 1037 Genes.,
715 971 854 1025 idem
915 972 1116 1032 sentit,
1165 978 1288 1041 post
1337 978 1566 1024 mortem
1620 969 1831 1024 scilicet
1883 970 2032 1024 Sarae

452 1065 724 1119 Abraham
770 1064 824 1117 in
863 1063 1276 1117 matrimonium
1316 1063 1542 1118 duxisse
1575 1062 1891 1125 Cethuram,
1945 1061 2030 1115 id-

451 1173 558 1226 que
583 1172 650 1211 ex
679 1155 871 1210 ordine
894 1155 1146 1210 Mosaicae
1170 1155 1502 1209 narrationis
1531 1153 1668 1208 satis
1691 1161 2030 1222 compertum

447 1258 553 1305 est.
591 1249 886 1319 Cajetanus
933 1255 1116 1302 tamen
1167 1247 1222 1300 in
1276 1262 1396 1317 cap.
1436 1261 1544 1300 xxv
1587 1244 1773 1300 Cenes.
1799 1245 2028 1301 dubitat.

455 1342 677 1411 Tempus
711 1351 908 1405 autem,
946 1341 1043 1405 ait,
1077 1338 1290 1410 quando
1319 1338 1591 1391 Abraham
1625 1353 1840 1391 uxorem
1869 1354 2036 1390 acce-

450 1431 527 1496 pit
569 1429 874 1492 Cet/turam,
918 1446 1021 1482 non
1068 1438 1145 1481 cst
1187 1437 1408 1490 certum,
1452 1429 1686 1481 videlicet
1729 1444 1796 1480 an
1843 1427 1898 1479 id
1943 1427 2031 1492 fa-

449 1530 596 1573 ctum
642 1523 712 1574 sit
756 1523 952 1574 vivente
994 1520 1166 1573 adhuc
1206 1507 1346 1575 Sara
1385 1529 1505 1589 post
1543 1521 1848 1589 ejectionem
1887 1520 2033 1587 Agar

449 1626 571 1662 cum
605 1609 849 1674 Ismaele,
893 1627 962 1662 an
1000 1626 1063 1662 ea
1097 1611 1216 1677 jam
1258 1619 1488 1664 mortua.
1527 1585 1815 1677 Scripiurae
1859 1615 2030 1660 tamen

2147 420 2437 485 Ἰουδαίων,
2473 418 2655 482 καθὼς
2681 418 2776 470 καὶ
2800 416 3037 486 Μωῦσῆς
3061 415 3342 485 ἱστόρησεν
3365 414 3395 465 ὁ
3416 410 3711 483 νομοθέτης

2132 510 2333 574 αὐτῶν,
2367 511 2450 562 ὅτι
2479 511 2544 562 ὲκ
2572 511 2670 579 τῆς
2694 506 3002 578 Χαιτούρας
3031 505 3276 574 ἐγένοντο
3309 503 3573 574 Ἀϐράμῳ
3597 506 3713 556 παῖ-

2131 605 2218 664 δες
2249 603 2440 656 ἱκανοί.
2474 602 2637 670 Λέγει
2661 601 2719 653 δὲ
2744 600 2922 653 αὐτῶν
2956 599 3050 652 καὶ
3076 598 3145 651 τὰ
3168 597 3410 666 ὀνόματα
3428 596 3710 664 ὀνομάζων

2129 697 2299 766 τρεῖς,
2339 694 2601 764 Ἀφεραν,
2633 692 2888 762 Σουρεὶμ,
2933 691 3174 760 Ἰάφρανο
3211 687 3318 740 ἀπὸ
3348 687 3588 756 Σουρεὶμ
3619 684 3711 754 μὲν

2132 785 2226 856 τὴν
2242 783 2532 855 Ἀσσυρίαν
2559 781 2874 853 κεκλῆσθαι,
2892 782 3000 835 ἀπὸ
3020 781 3077 833 δὲ
3099 779 3206 832 τῶν
3227 778 3340 841 δύο,
3359 779 3531 846 Ἀφρᾶ
3545 793 3606 828 τε
3623 777 3711 828 καὶ

2145 859 2412 947 Ἰαφέρου,
2452 875 2606 929 πόλιν
2625 892 2684 927 τε
2717 873 2942 944 Ἀφρὰν,
2971 874 3064 925 καὶ
3089 874 3186 942 τὴν
3209 869 3391 941 χώραν
3434 871 3709 939 Ἀφρικαν

2131 965 2532 1036 ὠνομασθῆναι.
2579 964 2853 1029 Pererius,
2910 963 3053 1017 haud
3105 964 3229 1026 scit,
3283 977 3354 1015 an
3411 977 3515 1031 pro
3561 969 3710 1014 certo

2133 1061 2281 1115 credi
2321 1067 2501 1130 posset
2544 1057 2726 1128 Opher
2755 1057 2900 1110 hunc
2931 1056 3154 1124 petiisse
3185 1071 3309 1108 cum
3339 1052 3590 1108 exercitu
3626 1051 3710 1105 Li-

2133 1150 2315 1221 byam,
2357 1151 2541 1220 ibique
2582 1156 2771 1218 postea
2801 1148 3140 1209 consedisse,
3167 1157 3221 1201 et
3250 1152 3462 1199 mutato
3490 1146 3710 1199 nomine

2133 1239 2356 1310 Libyam
2393 1241 2460 1295 ab
2493 1255 2558 1295 eo
2600 1240 2802 1294 dictam
2848 1255 2972 1294 esse
3019 1239 3282 1302 Africam,
3322 1254 3444 1292 cum
3488 1254 3558 1292 ex
3593 1238 3716 1308 ipsa.

2136 1331 2418 1401 Scriptura
2452 1333 2803 1386 manifestum
2841 1333 2932 1395 sit,
2971 1331 3181 1385 Madian
3213 1346 3335 1383 cum
3370 1331 3490 1385 suis
3521 1331 3706 1385 liberis

2133 1418 2753 1490 EthiopimOrientalis,
2770 1421 2874 1480 vel,
2904 1435 2962 1474 ιιι
2985 1422 3074 1472 alii
3096 1423 3552 1489 interpretantur,
3573 1420 3706 1473 Ara-

2135 1515 2237 1568 biaa
2265 1523 2473 1584 partem
2506 1513 2750 1568 tenuisse
2773 1513 3075 1581 proximam
3107 1521 3266 1566 terrae
3295 1512 3702 1580 promissionis.

2134 1603 2356 1660 Diversa
2383 1620 2412 1656 a
2444 1604 2681 1674 Josepho
2720 1605 2940 1656 tradunt
2977 1601 3191 1673 profani
3243 1613 3519 1664 auctores.
3575 1603 3708 1658 Soli-

453 1704 715 1766 narratio,
743 1703 790 1756 si
818 1703 894 1755 rei
941 1711 1100 1770 gesta'
1133 1702 1306 1755 ordini
1337 1700 1634 1769 respondet,
1666 1701 1905 1753 insinuat
1933 1699 2029 1753 hoc
2062 1679 2104 1732 Β
2131 1713 2254 1760 nus,
2297 1712 2419 1766 cap.
2449 1697 2553 1761 9.7;
2581 1695 2821 1750 Joannes
2855 1694 2964 1749 Leo
2991 1695 3045 1749 in
3085 1693 3442 1762 Descriptione
3486 1695 3702 1763 Africus,

447 1810 562 1848 esse
597 1795 802 1861 factum
828 1803 945 1862 post
976 1805 1194 1848 mortem
1224 1793 1396 1847 Sarra.
1730 1859 1738 1868 _

520 1887 638 1942 Col.
668 1886 928 1955 765.Τὴν
941 1887 1294 1955 Χεττοῦραν.
1313 1887 1439 1939 Fuit
1455 1885 1804 1940 Hebraeorum
1823 1885 2028 1955 opinio,

452 1973 754 2026 Cethuram
810 1982 865 2027 et
902 1975 1049 2044 Agar
1076 1967 1239 2029 unam
1270 1982 1324 2030 et
1352 1975 1622 2038 eamdem,
1663 1976 1766 2029 etsi
1810 1975 2031 2028 nomina

451 2064 686 2126 varient,
720 2063 1038 2131 mulierem;
1065 2079 1167 2118 nec
1198 2079 1338 2118 novo
1373 2064 1723 2118 matrimonio
1755 2063 1901 2117 illam
1926 2065 2032 2119 sibi

453 2155 729 2208 Abraham
755 2164 876 2224 post
907 2164 1138 2210 mortem
1174 2154 1323 2209 Sarae
1355 2156 1664 2224 capulasse,
1697 2169 1821 2207 eum
1880 2156 2033 2224 prius

452 2243 601 2298 illam
635 2246 877 2316 legitime
920 2247 1024 2302 sibi
1071 2246 1481 2314 conjunxisset;
1524 2245 1625 2300 hos
1665 2246 1841 2300 secuti
1880 2254 2028 2308 sunt,

453 2343 508 2390 et
539 2337 809 2406 Lyranus,
855 2348 908 2393 et
942 2337 1182 2392 Thomas
1213 2339 1417 2408 Anglus
1458 2340 1514 2392 in
1553 2354 1674 2408 cap.
1711 2355 1814 2392 xxv
1843 2339 2026 2393 (λείπεις.

456 2428 822 2500 Hieronymus
854 2431 908 2482 in
943 2430 1343 2484 Traditionibus
1381 2430 1658 2485 Hebraicis
1693 2431 1939 2500 ambigit,
1979 2439 2032 2485 et

452 2531 514 2576 ut
546 2523 809 2577 incertam
840 2522 1121 2592 relinquit.
1146 2521 1396 2587 Cethura,
1423 2522 1621 2592 inquit,
1663 2521 1889 2575 Heber
1917 2539 2029 2575 ser-

455 2631 606 2668 mone
646 2613 894 2683 copulata
938 2615 1339 2682 interpretatur,
1380 2624 1471 2667 aut
1517 2615 1831 2682 conjuncta;
1871 2630 2030 2683 quam

452 2706 517 2758 ob
541 2722 763 2759 causam
792 2707 1128 2773 suspicantur
1154 2705 1384 2769 liebrwi,
1417 2714 1620 2759 mutato
1649 2705 1857 2758 nomine
1885 2721 2030 2758 eam-

451 2796 572 2850 dem
624 2813 735 2850 esse
779 2796 946 2866 Agar,
990 2813 1106 2866 qua:
1149 2796 1289 2850 Sara
1332 2806 1565 2860 mortua,
1617 2795 1681 2849 de
1741 2790 2028 2849 concubina

453 2889 732 2940 transierit
774 2888 830 2940 in
879 2902 1129 2951 uxorem;
1162 2897 1211 2940 et
1260 2889 1336 2940 ita
1379 2904 1503 2941 sane
1550 2887 1755 2941 videtur
1782 2887 2030 2955 decrepiti

446 2977 568 3047 jam
599 2977 828 3034 Abrahae
865 2980 1110 3032 excusari
1157 2989 1284 3032 retas
1305 2995 1324 3042 ;
1372 2995 1432 3032 ne
1467 2994 1622 3032 senex
1659 2989 1774 3047 post
1807 2987 2026 3032 mortem

455 3071 641 3124 uxoris
670 3087 782 3123 suae
817 3069 1001 3125 vetula:
1039 3070 1184 3124 novis
1221 3081 1478 3140 arguatur
1509 3071 1704 3138 nuptiis
1735 3071 2022 3124 lascivisse.

466 3162 656 3217 Verum
685 3179 779 3216 nos
807 3162 944 3232 quod
973 3163 1231 3216 incertum
1271 3170 1349 3216 est
1388 3161 1768 3231 relinquamus.
1813 3161 2027 3231 Cajeta-

455 3272 562 3310 nus
596 3263 654 3310 et
693 3255 784 3309 alii
813 3256 1138 3309 sententiam
1170 3255 1312 3308 hanc
1341 3253 1618 3324 rejiciunt,
1641 3261 1695 3308 et
1723 3252 2025 3309 confutant.

526 3347 685 3412 Ibid.,
717 3347 816 3403 lin.
847 3347 900 3401 9.
927 3347 1037 3401 Καὶ
1056 3348 1286 3412 τούτοις
1305 3346 1515 3402 ἅπασι.
1540 3346 1831 3416 Iosephus,
1849 3347 1944 3401 lib.
1969 3360 2023 3401 ιε

455 3438 676 3502 Τούτοις
710 3438 879 3491 ἅπασι
907 3441 1019 3502 τοῖς
1056 3439 1213 3491 παισὶ⁵
1241 3439 1332 3491 καὶ
1359 3441 1472 3502 τοῖς
1503 3439 1716 3502 υἱωνοῖς
1747 3437 2027 3508 Ἅϐραμος

452 3532 720 3585 ἀποικιῶν
763 3530 981 3594 στόλους
1016 3532 1342 3601 μηχανᾶται,
1370 3531 1465 3583 καὶ
1498 3532 1598 3602 τήν
1623 3547 1683 3583 τε
1710 3529 2025 3601 Τρωγλοδύ-

452 3642 550 3696 την
597 3623 1070 3695 καταλαμϐάνουσι
1111 3624 1206 3676 καὶ
1250 3624 1348 3693 τῆς
1386 3623 1715 3693 Εὐδαίμονος
1769 3623 2025 3695 Ἀραϐίας

451 3718 575 3770 ὅσον
621 3717 714 3769 ἐπὶ
744 3714 843 3786 τὴν
887 3713 1150 3786 Ἐρυθρὰν
1193 3713 1465 3767 θάλασσαν
1503 3714 1754 3785 καθήκει.
1802 3715 1868 3767 Ει
1900 3722 2025 3784 post

451 3807 748 3877 Josephum
799 3806 1163 3878 Hieronymus
1207 3807 1374 3861 tradit
1418 3808 1518 3861 hos
1577 3807 1827 3861 Cethurae
1883 3807 2022 3862 ﬁlios

452 3901 698 3954 tenuisse
721 3898 1095 3970 Troglodytin,
1120 3907 1174 3953 et
1202 3897 1459 3953 Arabiam
1493 3899 1723 3963 felicem,
1758 3915 1930 3968 usque
1954 3900 2022 3954 ad

453 4005 606 4045 mare
632 3989 902 4044 Rubrum.
933 3990 1153 4044 Addunt
1187 3991 1300 4054 alii,
1336 3991 1620 4060 plerasque
1652 3992 1902 4061 regiones
1931 3991 2020 4044 ln-

450 4082 556 4137 diaa
603 4097 922 4153 occupasse.
978 4081 1084 4137 Sed
1128 4097 1239 4137 non
1289 4084 1522 4146 videtur,
1555 4084 1631 4136 ait
1660 4083 1934 4147 Pererius,
1966 4085 2021 4138 id

453 4189 757 4245 congruere
781 4188 907 4226 cum
941 4188 1026 4237 eo,
1065 4174 1207 4242 quod
1238 4173 1305 4226 de
1339 4173 1458 4228 istis
1485 4182 1749 4227 memorat
1775 4175 1877 4227 hoc
1901 4175 2020 4228 loco

453 4264 690 4338 Moyses,
719 4263 989 4326 scribens,
1015 4279 1110 4318 eos
1142 4263 1418 4319 habitasse
1451 4263 1517 4316 ad
1543 4263 1754 4332 plagam
1783 4265 2020 4318 orienta-

2130 1791 2226 1843 lib.
2261 1805 2299 1842 ι.
2330 1788 2466 1842 Vide
2494 1786 2762 1842 lsidorum
2797 1796 2851 1842 et
2875 1789 3031 1840 alios.

2200 1880 2360 1945 lbid.,
2415 1881 2512 1933 lin.
2562 1880 2647 1933 17.
2701 1879 2926 1943 Οἴτινες
2989 1877 3274 1945 Ἠρακλεῖ.
3327 1875 3606 1946 Josephus
3643 1895 3704 1932 ex

2129 1971 2420 2026 Cleodemo
2474 1969 2619 2024 lib.l
2667 1969 2930 2038 Antiquit.
2960 1966 3237 2031 εΤούτους
3287 1969 3397 2038 γὰρ
3445 1969 3708 2039 Ἠρακλεῖ

2132 2059 2528 2130 συστρατεῦσαι
2565 2059 2656 2110 ἐπὶ
2694 2058 2900 2129 Λιϐύην
2930 2058 3024 2110 καὶ
3060 2058 3318 2122 Ἀνταῖον,
3359 2059 3619 2128 γήμαντά
3648 2076 3706 2112 τε

2129 2153 2224 2224 τὴν
2273 2155 2482 2222 Ὄφραν
2529 2151 2805 2221 θυγατέρα
2857 2150 3127 2220 Ἡρακλέα
3177 2150 3434 2220 γεννῆσαι
3490 2152 3608 2204 υἱὸν
3648 2153 3703 2216 ἐξ

2129 2245 2298 2315 αὐτῆς
2338 2245 2596 2315 Δέδωρον.
2637 2243 2837 2295 Τούτου
2876 2242 2933 2294 δὲ
2962 2243 3211 2310 γενέσθαι
3243 2243 3493 2312 Σοφῶνα,
3526 2245 3620 2313 ἀφ’
3645 2240 3703 2297 οὗ

2129 2338 2253 2400 τοὺς
2276 2336 2579 2406 βαρϐάρους
2598 2334 2852 2404 Σοφακάς
2869 2334 3120 2403 λέγεσθαι
3141 2352 3154 2364 ο
3182 2336 3273 2389 alii
3293 2336 3480 2406 legunt
3505 2336 3700 2405 209i;

2131 2428 2206 2482 Ex
2241 2429 2325 2482 his
2353 2427 2716 2498 corrigendus
2747 2428 3087 2492 Eustathius,
3123 2429 3246 2482 nisi-
3267 2429 3444 2498 magis
3477 2430 3701 2498 placue-

2131 2523 2200 2576 rit
2232 2521 2487 2591 Σοφῶνας
2521 2521 2779 2575 scribere.
2825 2520 2939 2574 Hoc
2976 2528 3158 2575 tamen
3203 2521 3578 2592 perinsignem
3622 2530 3703 2574 at-

2129 2627 2234 2682 que
2264 2611 2659 2680 perabsurdum
2685 2611 2739 2664 in
2764 2609 3120 2681 Chronologia
3150 2627 3392 2666 errorem
3414 2613 3703 2667 continere

2129 2704 2370 2759 scribere
2414 2701 2700 2770 Per-crius;
2755 2702 3016 2758 Hercules
3067 2720 3300 2774 namque
3341 2705 3603 2768 excessit,
3644 2714 3700 2759 ut

2127 2800 2269 2854 inter
2314 2815 2504 2854 omnes
2553 2800 2829 2862 convenit,
2873 2798 3054 2853 minus
3096 2800 3318 2870 triginta
3366 2800 3530 2853 annis
3572 2808 3700 2855 ante

2128 2894 2328 2948 bellum
2361 2893 2682 2962 Trojanum,
2709 2892 2853 2962 quod
2879 2894 3079 2946 bellum
3110 2893 3162 2946 in
3194 2892 3505 2963 principatu
3539 2893 3698 2947 Sam-

2129 2985 2301 3047 sonis,
2329 2992 2421 3037 aut
2450 2999 2558 3036 non
2583 2984 2771 3052 procul
2796 2983 2864 3037 ab
2888 2998 2952 3038 eo
2973 2991 3214 3054 tempore
3245 2984 3499 3053 contigit,
3531 2999 3699 3053 quare

2131 3076 2222 3130 isti
2249 3084 2473 3146 nepotes
2507 3075 2758 3143 Abrahae,
2793 3077 2916 3145 plus
2949 3084 3232 3130 sexcentos
3265 3090 3442 3129 annos
3487 3077 3696 3130 Hercu-

2128 3164 2234 3224 leni
2277 3176 2713 3234 antecesserunt,
2763 3169 3066 3238 probatque
3109 3168 3431 3223 auctoritate
3473 3168 3695 3224 Eusebii

2127 3259 2183 3313 in
2216 3258 2534 3328 praefatione
2577 3275 2805 3313 suorum
2857 3258 3051 3314 Chron.
3108 3257 3506 3314 Sed-errorem
3549 3261 3694 3313 hunc

2125 3351 2492 3420 perinsignem
2523 3356 2577 3405 et
2609 3349 3010 3419 perabsurdum
3043 3349 3099 3402 in
3130 3347 3509 3417 Chronologia,
3541 3348 3690 3411 velit,

2124 3442 2280 3505 nolit,
2316 3443 2474 3497 nobis
2502 3441 2757 3497 Pererius
2781 3442 3042 3513 suggerit,
3076 3439 3168 3510 qui
3204 3455 3370 3493 unum
3399 3439 3691 3495 Herculem

2124 3534 2464 3588 constituens
2506 3541 2680 3603 putat,
2732 3549 2791 3588 se
2836 3549 2943 3587 non
2986 3533 3324 3602 ineleganter
3358 3532 3695 3602 redarguere

2121 3623 2492 3688 Cleodemum,
2523 3625 2888 3680 Alexandrum
2924 3624 3344 3694 Polyhistorem,
3364 3623 3689 3692 Josephum,

2121 3725 2176 3772 et
2227 3724 2627 3787 consequenter
2677 3724 2927 3771 nostrum
2986 3716 3351 3770 Eustathium.
3410 3715 3692 3771 Cleodemi

2121 3807 2265 3862 dicta
2320 3809 2572 3863 maximae
2621 3823 2743 3864 esse
2787 3808 3130 3862 auctoritatis
3173 3809 3256 3862 vel
3296 3824 3362 3863 ex
3412 3823 3479 3863 eo
3520 3816 3687 3878 patet,

2119 3902 2264 3972 quod
2310 3909 2587 3956 tantorum
2637 3904 2878 3957 virorum
2923 3901 3258 3964 testimonio,
3308 3915 3465 3955 suam
3515 3902 3690 3956 histo-

2118 3993 2254 4045 riam
2289 3994 2570 4047 contexuit
2605 3993 2671 4046 ad
2717 3991 3074 4046 imitationem
3125 3991 3328 4062 Moysis
3370 3991 3688 4045 Judzeornn

2120 4084 2473 4153 legislatoris.
2521 4085 2579 4138 '0
2626 4084 2852 4155 ἱστορῶν
2891 4084 2960 4137 τὰ
3006 4085 3136 4154 περὶ
3187 4085 3455 4137 Ἰουδαίων
3505 4085 3692 4148 καθὼς

2118 4174 2212 4227 καὶ
2241 4175 2478 4245 Μωῦσῆς
2508 4174 2786 4246 ἱστόρησεν
2815 4177 2842 4228 ὁ
2869 4173 3164 4244 νομοθέτης
3189 4175 3385 4236 αὐτῶν,
3411 4190 3687 4244 nusquam

2121 4266 2222 4320 iste
2251 4274 2443 4321 auctor
2469 4282 2500 4320 a
2532 4266 2786 4322 Mosaieis
2815 4267 2976 4321 dictis
3002 4268 3087 4321 vel
3110 4267 3500 4322 traditionibus
3532 4269 3687 4322 aber-

455 4357 558 4411 lem
605 4362 858 4427 respectu
900 4356 1154 4411 videlicet
1197 4357 1316 4426 ejus
1366 4357 1507 4423 loci,
1551 4370 1710 4425 quem
1750 4357 2019 4412 incolebat
2049 4382 2092 4435 Ι)
2122 4363 2317 4412 rasset.
2365 4356 2474 4411 Nec
2511 4357 2738 4412 dubium
2773 4367 2856 4411 est
2891 4356 3176 4412 Herculem
3205 4355 3354 4412 Jovis
3386 4366 3438 4411 et
3474 4358 3689 4412 Alcme-

452 4447 750 4512 Abraham,
788 4447 903 4502 sive
930 4447 977 4501 is
1000 4457 1147 4502 esset
1175 4447 1415 4511 llebron,
1445 4448 1559 4502 sive
1580 4447 1836 4502 Bersabe.
1871 4446 2019 4501 Scri-

452 4548 612 4610 ptura
655 4541 800 4595 enim
851 4541 1106 4611 regiones
1151 4541 1444 4595 orientales
1488 4541 1722 4610 appellat
1765 4549 2016 4611 respectu

452 4631 775 4696 Palaastinaa,
832 4647 954 4701 quae
1003 4639 1250 4712 spectant
1299 4633 1473 4702 magis
1507 4633 1573 4685 ad
1611 4630 1916 4686 Chaldaaam
1963 4640 2018 4686 et

451 4722 754 4778 Persidem.
780 4722 894 4778 Hoc
923 4731 1103 4778 autem
1136 4723 1286 4777 nullo
1314 4722 1476 4777 modo
1508 4723 1762 4777 convenit
1794 4723 1849 4777 in
1881 4722 2016 4777 Tro-

451 4815 778 4886 glodyticam
824 4815 1122 4886 regionem,
1166 4830 1287 4884 qua
1319 4814 1466 4884 jacet
1498 4815 1554 4868 in
1586 4815 1770 4869 Africa
1798 4815 2016 4871 IEtbio-

452 4904 613 4974 pibus
644 4905 908 4973 proxima,
938 4911 991 4958 et
1033 4919 1064 4958 a
1105 4905 1417 4974 supradicta
1451 4905 1814 4974 descriptione
1845 4907 2016 4976 plagae

449 4997 732 5049 orientalis
766 4995 1154 5051 remotissima.
1185 4995 1312 5052 Haec
1353 5007 1534 5053 tamen
1578 4999 1866 5068 requirunt
1895 5000 2015 5054 lon-

450 5089 657 5158 giorem
689 5088 1022 5158 indaginem.

520 5179 678 5245 lbid.,
711 5181 806 5234 lin.
836 5180 924 5233 15.
955 5180 1209 5248 Σωφρὴν
1236 5181 1305 5233 δὲ
1331 5180 1452 5236 ἐπί.
1502 5179 1797 5252 Iosephus,
1823 5183 1918 5238 lib.
1958 5199 2009 5236 I:

445 5272 681 5339 Λέγεται
703 5271 781 5336 δὲ,
807 5271 882 5336 ὡς
909 5265 1062 5336 οὗτος
1098 5273 1127 5324 ὁ
1165 5273 1394 5343 Ὠφρης,
1435 5258 1768 5344 στρατεύσας
1794 5276 1885 5328 ἐπὶ
1914 5275 2011 5346 τὴν

447 5362 674 5432 Λιϐύην,
715 5353 977 5433 κατέσχεν
1003 5362 1188 5433 αὐτὴν,
1219 5365 1312 5416 καὶ
1333 5366 1381 5416 οἱ
1408 5365 1589 5418 υἱωνοὶ
1614 5364 1799 5429 αὑτοῦ,
1830 5384 2012 5419 κατοι-

448 5454 713 5524 κήσαντες
749 5457 805 5509 ἐν
841 5457 998 5528 αὐτῇ,
1026 5455 1123 5528 τὴν
1149 5459 1252 5528 γῆν
1271 5457 1377 5510 ἀπὸ
1403 5457 1497 5510 τοῦ
1520 5458 1728 5511 ἐκείνου
1750 5460 2010 5530 ὀνόματος

453 5544 723 5616 Ἀφρικαν
739 5548 1202 5620 προσηγόρευσαν.
1228 5551 1513 5620 Μαρτυρεῖ
1537 5550 1593 5602 δέ
1629 5569 1730 5621 μου
1759 5551 1837 5622 τῷ
1867 5551 2007 5621 λόγῳ

2119 4464 2202 4503 nae
2233 4449 2424 4513 tilium,
2464 4449 2558 4519 qui
2603 4464 2726 4504 cum
2760 4448 3091 4519 Argonautis
3123 4448 3417 4518 navigavit,
3460 4448 3686 4518 Trojam

2116 4541 2467 4610 expugnavit,
2499 4546 2552 4594 et
2581 4540 2668 4595 cui
2693 4540 3008 4595 Graecorum
3045 4539 3270 4593 ambitio
3299 4539 3568 4594 universa
3603 4555 3688 4595 re-

2118 4633 2414 4701 liquorum,
2444 4633 2537 4703 qui
2560 4632 2654 4686 tali
2684 4632 2905 4688 nomine
2928 4631 3174 4702 insigniti
3198 4637 3345 4693 sunt,
3371 4639 3499 4686 acta
3532 4633 3685 4686 attri-

2116 4725 2251 4788 buit,
2283 4726 2486 4795 quique
2514 4726 2737 4780 rvirium
2775 4733 2830 4780 et
2873 4724 3214 4780 fortitudinis
3248 4724 3394 4777 fama
3434 4726 3590 4779 venit
3619 4725 3685 4778 ad

2115 4827 2384 4888 posteros,
2415 4832 2520 4872 una
2547 4817 2897 4887 generatione
2929 4815 3187 4873 Troicum
3209 4817 3410 4870 bellum
3435 4826 3686 4872 anteceso

2113 4911 2254 4964 sisse
2286 4929 2298 4962 :
2325 4915 2380 4962 et
2416 4908 2485 4963 de
2517 4924 2582 4963 eo
2629 4907 2923 4963 Eusebium
2973 4907 3030 4962 in
3075 4907 3335 4963 Chronico
3368 4923 3684 4963 sermonem

2115 5001 2393 5062 habuisse,
2442 5016 2566 5055 cum
2605 5003 2674 5056 de
2710 5001 2877 5057 rebus
2912 5016 2942 5055 a
2973 4999 3178 5056 Gracia
3221 5003 3414 5071 gestis,
3454 5009 3512 5055 et
3542 5015 3682 5072 quo-

2113 5105 2234 5143 rum
2286 5086 2548 5146 memoria
2599 5093 3012 5156 insolescerent,
3066 5107 3375 5147 sermonem
3422 5092 3677 5157 haberet;

2111 5182 2256 5252 quod
2289 5182 2335 5238 si
2365 5183 2432 5237 de
2473 5183 2645 5237 altero
2687 5182 2920 5238 Hercule
2967 5198 3276 5240 sermonem
3326 5184 3676 5246 instituisset,

2112 5282 2491 5344 argumentum
2523 5276 2642 5344 ejus
2671 5286 2874 5331 rueret.
2901 5275 3251 5345 Compertum
3279 5285 3386 5340 est,
3422 5277 3479 5329 in
3514 5277 3680 5331 histo-

2111 5367 2191 5420 ria
2230 5365 2492 5422 Hercules
2525 5367 2710 5437 plures
2748 5367 2937 5423 l‘uisse.
2973 5365 3148 5421 Varro
3181 5377 3420 5437 quatuor
3454 5376 3512 5421 et
3546 5382 3680 5437 qua-

2109 5458 2360 5529 draginta
2381 5467 2653 5526 recenset,
2683 5458 2875 5516 Cicero
2896 5475 3014 5525 sex,
3039 5458 3332 5526 Diodorus,
3350 5460 3447 5514 lib.
3467 5475 3544 5522 Iv,
3570 5468 3680 5512 tres

2109 5552 2300 5623 ponit:
2333 5551 2576 5608 Primum
2629 5552 2967 5624 Egyptium,
3015 5553 3175 5622 cujus
3222 5553 3460 5606 maxima
3519 5550 3678 5603 fuerit

446 5628 544 5691 καὶ
572 5638 914 5711 Ἀλέξανδρος
930 5644 958 5695 ὀ
974 5641 1286 5712 Πολυΐστωρ
1299 5640 1470 5710 λέγων
1489 5643 1678 5707 οὕτως’
1696 5643 2007 5716 Κλεόδημός

2126 5647 2301 5715 rirtus,
2334 5661 2606 5718 quemque
2633 5645 2812 5704 Osiris
2838 5647 2986 5719 quod
3019 5662 3250 5719 corpore
3279 5653 3430 5702 esset
3457 5644 3671 5700 validis

2022 5751 2092 5761 ιη,
