3838 6158
215 239 352 297 1029

1310 240 1375 295 IN
1411 240 1784 298 EUSTATHII
1821 240 2295 297 HEXAEMERON
2331 240 2560 297 ΝΟΤΑΞ.

3340 242 3360 294 Ι
3373 241 3477 296 030

211 360 353 414 simo
368 357 637 415 exercitui
665 357 929 430 pmfccit.
949 357 1049 414 Hic
1079 373 1277 431 magna
1303 360 1458 416 orbis
1489 367 1644 430 parte
1675 376 1778 432 per

1905 361 2078 414 εἰδυῖα
2112 358 2416 424 ποθοῦντας
2450 359 2618 430 αὐτῆς
2645 359 2706 412 τὸ
2752 358 2946 430 ὄνομα,
2980 358 3084 412 ὑπὸ
3120 359 3219 428 τῆς
3249 359 3341 412 τὸν
3370 376 3476 411 πα-

209 460 401 523 ngrata
464 453 520 506 in
569 451 739 523 Libya
790 452 1102 506 columnam
1150 452 1348 514 erexit,
1400 453 1791 522 prmeessitque

209 543 503 599 Herculem
527 543 798 599 Alcmenae
832 543 999 598 ﬁlium
1031 543 1279 614 pluribus
1304 559 1468 614 quam
1515 545 1663 599 mille
1692 559 1790 598 an-

210 637 318 691 nis.
347 636 572 692 Servius
594 636 722 692 item
744 644 980 706 quatuor
995 635 1258 690 Hercules
1277 635 1408 690 facit
1427 635 1645 691 Aineid.
1667 651 1785 690 vm:

211 725 599 798 Tyrinthium,
638 727 901 799 Argium,
964 725 1322 789 Thebanum,
1371 724 1586 796 Libym.
1643 725 1789 781 lnter

209 834 351 890 quos
404 820 656 890 quamvis
718 835 830 874 non
889 827 1102 875 constet
1162 819 1232 874 de
1294 833 1546 882 numero,
1601 825 1784 874 tamen

209 911 348 966 illud
379 927 549 966 unum
585 919 797 967 certum
827 919 932 973 est,
975 909 1262 966 Herculem
1296 909 1635 982 Egyplium,
1672 910 1789 965 sive

207 1003 378 1059 etiam
419 1002 842 1075 Libym,multis
872 1005 1090 1060 saeculis
1120 1003 1411 1058 Herculem
1446 1003 1785 1070 Graecorum,

209 1097 280 1154 de
329 1111 439 1168 quo
495 1097 739 1168 loquitur
797 1096 1090 1163 Eusebius,
1144 1096 1537 1167 praecessisse;
1597 1095 1671 1148 ita
1728 1102 1788 1148 ut

208 1187 444 1243 Abrahae
471 1188 766 1258 nepotibus
797 1194 958 1242 actate
992 1202 1090 1257 par
1127 1202 1253 1242 esse
1292 1187 1497 1257 possit;
1534 1187 1609 1241 ita
1639 1187 1787 1240 enim

208 1289 266 1336 et
307 1281 450 1336 ratio
490 1290 798 1351 temporum
843 1281 1103 1342 cohaeret,
1150 1296 1253 1335 nec
1289 1291 1566 1343 auctores,
1597 1280 1691 1349 qui
1720 1279 1788 1335 de

209 1371 557 1442 expeditione
602 1379 861 1441 nepotum
915 1371 1150 1425 Abrahae
1204 1385 1312 1424 una
1367 1385 1494 1424 cum
1553 1369 1786 1424 Hercule

213 1465 377 1520 verba
407 1463 637 1528 faciunt,
668 1463 968 1532 ἀλογίστως
990 1463 1397 1518 damnabimus.

279 1551 401 1608 Col.
431 1553 556 1619 765,
589 1553 684 1606 lin.
708 1552 798 1606 22.
831 1551 1028 1606 Ἰακὼϐ
1039 1550 1459 1620 παραρπάσας.
1481 1551 1786 1608 Alexander

209 1646 518 1718 Polyhistor
541 1661 606 1701 ex
630 1644 903 1701 Demetrio
935 1645 1079 1715 apud
1107 1644 1428 1707 Eusebium,
1456 1644 1532 1698 De
1552 1660 1782 1714 prwpar.

1891 451 2022 522 τέρα
2076 451 2289 514 εὐνοίας
2340 450 2603 521 ένδακρυς
2661 451 2965 520 γενομένη,
3023 449 3336 520 περιϐάλλει
3384 449 3476 502 τὸν

1904 544 2190 608 Ἰάκωϐον,
2260 545 2351 598 καὶ
2410 543 2879 615 κατασπασαμένη
2940 541 3039 613 τὴν
3090 543 3477 613 εὐκταιοτάτην

1891 638 1986 692 καὶ
2030 637 2292 708 μεγίστην
2338 635 2529 706 ἡδονὴν
2573 637 2736 690 αὑτὸν
2793 635 3016 706 κομίσαι
3063 635 3141 706 τῷ
3183 635 3350 707 πατρὶ
3379 635 3477 688 καὶ

1889 733 2001 793 τοῖς
2031 730 2122 782 ἐπὶ
2169 729 2269 800 τῆς
2311 730 2512 792 οἰκείας
2560 729 2786 794 ἅπασιν,
2835 727 3022 797 ἔλεγεν
3061 727 3153 780 ἐπὶ
3184 730 3251 798 τῇ
3287 729 3477 799 μνήμῃ

1887 823 1987 894 τῆς
2019 822 2223 893 μητρὸς
2271 823 2436 876 αὐτοῦ
2495 821 2755 892 κειμένῳ,
2798 822 3068 893 καὶπρὸς
3115 822 3249 892 μόνῃ
3301 821 3473 892 ταύτῃ

1887 911 2242 981 τυγχάνοντι,
2304 910 2593 981 φανεῖσθαι
2647 911 2704 964 δὲ
2764 911 2914 981 αὑτῷ
2965 911 3164 974 παντὸς
3224 911 3476 976 ἀντάξιον

1887 1002 2116 1071 ἀγαθοῦ.
2149 1001 2343 1062 ,Ηίεεε
2383 1012 2437 1058 et
2479 1004 2602 1058 aliis
2632 1002 2905 1073 Joscphus
2953 1004 3008 1056 in
3043 1004 3289 1060 historiis
3323 1018 3476 1058 com-

1889 1090 2258 1150 memorandis
2293 1111 2483 1165 parum
2526 1096 2756 1166 diligens
2801 1104 2854 1150 et
2895 1095 3092 1151 ﬁdelis.
3121 1095 3230 1150 Nec
3262 1111 3388 1150 raro
3418 1095 3475 1148 in

1887 1184 2114 1240 historia
2131 1195 2185 1240 et
2208 1186 2262 1240 in
2279 1186 2632 1256 Chronologia
2661 1203 2784 1242 esse
2814 1188 3002 1257 lapsus
3030 1186 3470 1258 deprehenditur.

1958 1276 2124 1342 lbid.,
2164 1277 2260 1332 lin.
2292 1277 2378 1332 56.
2425 1279 2727 1332 Timor-tat
2766 1279 2834 1332 δὲ
2863 1278 3093 1346 παῖδες.
3131 1278 3207 1334 De
3250 1287 3378 1333 ortu
3412 1281 3474 1332 li-

1887 1370 2085 1424 liorum
2133 1367 2342 1435 Jacobi,
2377 1377 2432 1425 et
2466 1380 2730 1440 tempore,
2764 1371 2942 1442 deque
2986 1387 3139 1426 mora
3186 1372 3326 1441 apud
3370 1369 3473 1425 La-

1886 1460 2015 1525 ban,
2046 1471 2099 1516 et
2123 1462 2416 1530 descensu,
2449 1463 2627 1534 plura,
2669 1463 2770 1518 etsi
2805 1465 2862 1518 in
2901 1464 3182 1519 nonnullis
3219 1465 3470 1518 diversus

1888 1568 1919 1605 a
1953 1554 2130 1608 sacris
2166 1554 2382 1620 litteris,
2408 1544 2715 1610 Alexander
2744 1555 3056 1627 Polyhistor
3082 1572 3148 1610 ex
3197 1555 3471 1611 Demetrio

1887 1645 2031 1715 apud
2067 1643 2364 1711 Eusebium
2393 1647 2470 1701 De
2493 1658 2782 1718 prwparat.
2823 1646 3075 1718 Evangel.
3115 1648 3208 1703 lib.
3248 1665 3322 1702 Ix.

210 1738 464 1808 Euangel.
496 1738 591 1791 lib.
631 1753 685 1791 ix
706 1753 720 1789 :
741 1737 1054 1809 Δημήτριός
1087 1754 1221 1808 φησι
1252 1737 1343 1790 τὸν
1388 1735 1603 1800 Ἰακὼϐ,
1634 1738 1778 1805 γενό-

1965 1739 2124 1804 lbid.,
2159 1740 2258 1794 lin.
2295 1739 2386 1792 41.
2431 1742 2493 1792 Οἱ
2532 1738 2632 1790 καὶ
2675 1737 3005 1807 Ἰδουμαῖοι.
3035 1736 3329 1807 Iosephus,
3362 1739 3472 1791 An-

210 1849 369 1902 μενον
387 1830 522 1883 ἐτῶν
541 1831 911 1902 ἑϐδομήκοντα
936 1829 1116 1893 πέντε,
1136 1831 1326 1899 φυγεῖν
1349 1831 1428 1892 εἰς
1450 1829 1674 1902 Χαρρἀ
1690 1830 1786 1901 τῆς

206 1921 651 1992 Μεσοποταμίας,
682 1920 1052 1974 ἀποσταλέντα
1083 1920 1186 1972 ὑπὸ
1214 1919 1322 1972 τῶν
1349 1919 1548 1988 γονέων
1573 1918 1660 1972 διὰ
1688 1918 1786 1990 τὴν

207 2015 343 2087 πρὸς
361 2015 450 2068 τὸν
466 2013 692 2082 ἀδελφὸν
708 2013 942 2085 κρυφίαν
959 2011 1157 2082 ἔχθραν
1185 2011 1376 2076 Ἡσαῦ,
1395 2011 1480 2065 διὰ
1495 2011 1557 2064 τὸ
1571 2011 1787 2082 εὐλογῆ-

207 2106 492 2160 σαιάὐτὸν
519 2106 610 2159 τὸν
643 2105 871 2176 πατέρα,
899 2104 1159 2158 δοκοῦντα
1187 2099 1324 2157 εἶναι
1344 2103 1436 2156 τὸν
1475 2104 1665 2170 Ἡσαῦ,
1691 2103 1786 2156 καὶ

205 2198 355 2260 ὅπως
382 2196 522 2267 λάϐῃ
548 2196 756 2249 ἐκεῖθεν
785 2198 1037 2263 γυναῖκα.
1077 2197 1420 2266 Ἀφορμῆσαι
1455 2191 1547 2249 οὖν
1595 2193 1785 2248 Ἰακὼὸ

207 2288 537 2362 είςᾜαρῤὰν
568 2290 667 2359 τῆς
699 2285 1145 2357 Μεσοποταμίας,
1174 2287 1266 2340 τὸν
1303 2287 1400 2357 μὲν
1437 2285 1648 2358 πατέρα
1689 2302 1785 2338 κα-

205 2381 502 2436 ταλιπόντα
541 2380 726 2433 Ἰσαὰκ
754 2379 888 2434 ἐτῶν
914 2378 1108 2432 ἑκατὸν
1134 2378 1424 2450 τριάκοντα
1443 2378 1601 2443 ἑπτὰ,
1625 2377 1785 2431 αὑτὸν

207 2473 266 2526 δὲ
303 2472 431 2526 ὄντα
473 2471 610 2526 έτῶν
648 2471 1018 2544 ἑϐδομήκοντα
1065 2471 1224 2524 ἑπτά.
1280 2471 1646 2542 Διατρίῲαντα
1691 2466 1785 2524 οὖν

208 2562 373 2616 αὑτὸν
411 2563 527 2616 ἐκεῖ
559 2561 700 2614 ἑπτὰ
730 2561 827 2630 ἔτη
859 2559 1046 2615 Λάϐαν
1071 2559 1167 2614 τοῦ
1213 2559 1466 2633 μητρῴου
1499 2560 1592 2613 δύο
1620 2559 1785 2629 θυγα-

207 2654 372 2726 τέρας
401 2656 597 2724 γῆμαι,
638 2652 803 2707 Λείαν
845 2654 939 2708 καὶ
991 2651 1212 2723 Ῥαχὴλ,
1253 2651 1382 2705 ὄντα
1419 2651 1557 2730 ἐτῶν
1598 2653 1786 2724 ὀγδοή-

208 2763 374 2800 κοντα
402 2746 706 2815 τεσσάρων.

276 2839 435 2904 lbid.,
459 2840 559 2894 lin.
581 2839 671 2894 25.
712 2839 823 2906 Τὰς
843 2839 953 2894 δύο
976 2837 1318 2909 θυγατέρας.
1350 2837 1585 2894 Faustus
1613 2835 1786 2891 Mani-

208 2935 394 2990 chacus
424 2931 787 3004 polygamiam
818 2932 960 2988 hanc
989 2947 1090 3002 pro
1111 2945 1311 3003 magno
1333 2931 1785 3012 criminc‘sancto

209 3027 535 3098 patriarcha:
574 3024 743 3082 Jacob
786 3025 1200 3096 procacissimis
1238 3025 1421 3081 verbis
1465 3023 1780 3095 obiectavit.

1893 1829 1983 1900 tiq.
2067 1829 2162 1883 lib.
2215 1843 2274 1891 ιι,
2312 1842 2432 1896 cap.
2484 1827 2537 1891 1,
2589 1827 2705 1881 haec
2736 1827 2927 1882 eadem
2963 1827 3036 1881 ita
3065 1837 3294 1882 narrat:
3332 1829 3469 1882 Ἀλλ’

1901 1919 2069 1973 Ἢσαῦ
2108 1920 2230 1991 μὲν,
2258 1923 2356 1992 τῆς
2395 1919 2711 1990 Χεϐρωνίας
2745 1921 3155 1992 παραχωρήσας
3200 1921 3278 1992 τῷ
3313 1921 3471 1975 ἀδελ-ο

1890 2012 1994 2083 φῷ,
2049 2017 2108 2067 ὲν
2141 2013 2340 2084 Σαείρᾳ
2385 2013 2623 2084 διῃτᾶτο,
2675 2013 2768 2066 καὶ
2805 2015 2903 2084 τῆς
2950 2014 3252 2085 Ἰδουμαίας
3301 2011 3469 2086 ἦλθεν

1889 2105 2031 2157 οὕτω
2067 2104 2303 2168 καλέσας
2333 2105 2433 2175 τὴν
2465 2104 2649 2177 χώραν
2677 2104 2863 2158 αὐτοῦ.
2903 2106 3152 2177 ’Ἄδωμος
3180 2107 3223 2160 δ’
3259 2110 3470 2162 ἐπωνο-

1891 2197 2092 2268 μάζετο
2128 2197 2268 2252 κατὰ
2292 2197 2544 2270 τοιαύτην
2568 2199 2748 2251 αἰτίαν
2769 2199 2946 2269 τυχὼν
2974 2201 3073 2270 τῆς
3105 2200 3466 2272 ἐπικλήσεως.

1900 2291 2031 2342 Ἀπὸ
2062 2288 2234 2361 θήρας
2268 2289 2395 2342 ποτὲ
2429 2291 2522 2342 καὶ
2555 2289 2720 2342 πόνου
2758 2290 2852 2343 τοῦ
2875 2291 3018 2361 »περὶ
3047 2292 3106 2344 τὸ
3143 2294 3470 2363 κυνηγέσιον

1887 2380 2167 2453 λιμώττων
2199 2380 2523 2452 ἐπανῆλθεν,
2563 2381 2643 2434 ἔτι
2680 2385 2811 2446 παῖς
2840 2381 2915 2435 ὢν
2938 2382 3035 2453 τὴν
3065 2383 3299 2454 ἡλικίαν.
3318 2386 3469 2438 Ἐπι-

1885 2471 2065 2542 τυχὼν
2099 2472 2157 2526 δὲ
2201 2472 2448 2542 τάδελφῷ
2493 2473 2673 2544 φακῆν
2703 2476 3022 2528 ἐσκευακότι
3071 2477 3208 2547 πρὸς
3239 2477 3466 2548 ἄριστον

1886 2562 2035 2634 αὐτῷ
2075 2563 2270 2635 ξανθὴν
2315 2564 2518 2637 σφόδρα
2567 2565 2665 2636 τὴν
2708 2567 2896 2638 χρόαν,
2931 2569 3026 2620 καὶ
3067 2567 3156 2622 διὰ
3198 2571 3343 2623 τοῦτ’
3383 2570 3465 2625 ἔτι

1889 2657 2089 2728 μᾶλλον
2115 2657 2357 2729 ὀρεχθεὶς
2383 2657 2535 2728 ἠξίου
2561 2662 2861 2731 παρασχεῖν
2896 2661 3046 2731 αὑτῷ
3075 2661 3210 2732 πρὸς
3233 2664 3463 2736 τροφήν,

1897 2748 2022 2802 Ὀδὲ
2038 2749 2327 2804 ἀποδόσθαι
2349 2750 2410 2803 τὸ
2431 2753 2714 2822 πρεσϐεῖον
2731 2753 2879 2824 αὑτῷ
2893 2754 2989 2807 τοῦ
3008 2759 3202 2824 φαγεῖν
3219 2757 3465 2828 συνεργῷ

1886 2839 2231 2913 χρησάμενος
2260 2845 2326 2913 τῇ
2363 2843 2519 2915 πείνῃ
2551 2843 2641 2898 τὸν
2675 2845 2900 2914 ἀδελφὺν
2932 2847 3231 2916 ἠνάγκασε.
3263 2851 3466 2904 Κάκεῖ-

1886 2950 1994 2997 νος,
2022 2934 2127 2986 ὑπὺ
2160 2933 2252 2986 τοῦ
2280 2933 2444 3004 λιμοῦ
2469 2935 2784 3007 προαχθεὶς,
2813 2943 3132 3011 παραχωρεῖ
3157 2941 3266 2994 τῶν
3298 2959 3466 3013 πρεσ-

1887 3021 2048 3075 ϐείων
2081 3021 2230 3094 αὐτῷ
2276 3023 2394 3093 μεθ’
2429 3024 2627 3096 ὅρκων.
2678 3025 2868 3079 Ἔνθεν
2907 3025 2995 3078 διὰ
3026 3027 3123 3098 τὴν
3167 3027 3465 3100 ξανθότητα

208 3089 350 3172 Huic
391 3117 486 3172 lib.
525 3133 662 3183 χιιι,
704 3089 824 3188 cap.
864 3117 956 3182 47,
997 3115 1292 3188 respondet
1319 3089 1659 3186 Augustinus
1691 3113 1778 3169 Ja-

1887 3114 1978 3169 τοῦ
2007 3089 2290 3186 βρώματος
2324 3116 2429 3170 ὑπὸ
2460 3089 2568 3170 τῶν
2607 3118 2911 3188 ἡλικιωτῶν
2941 3089 3193 3190 Ἄδωμος
3219 3089 3463 3176 καλεῖται

206 3213 406 3267 cobum
451 3226 482 3265 a
536 3212 811 3266 calumnia
857 3211 1167 3266 vindicans.
1219 3209 1447 3278 Quando
1495 3225 1607 3263 mos
1643 3218 1780 3273 erat,

205 3304 404 3358 crimen
435 3319 539 3358 non
567 3312 681 3357 erat
705 3319 722 3356 :
753 3312 802 3357 et
831 3318 967 3358 nunc
995 3312 1273 3372 propterea
1306 3301 1503 3354 crimen
1527 3309 1626 3366 est,
1657 3300 1782 3370 quia

206 3413 318 3451 mos
348 3413 452 3451 non
477 3405 576 3451 est.
601 3396 724 3450 Alia
744 3397 882 3450 enim
906 3405 1030 3450 sunt
1055 3403 1271 3464 peccata
1300 3403 1487 3450 contra
1508 3402 1778 3457 naturam,

205 3485 319 3541 alia
348 3495 535 3540 contra
574 3501 768 3549 mores,
819 3484 932 3539 alia
977 3494 1163 3539 contra
1185 3493 1464 3554 prtecepta.
1499 3485 1631 3550 Qum
1662 3500 1781 3537 cum

203 3578 283 3631 ita
302 3579 432 3643 sint,
464 3578 589 3648 quid
625 3575 833 3630 tandem
863 3576 1100 3630 criminis
1138 3585 1236 3642 est,
1269 3575 1409 3646 quod
1449 3573 1513 3628 de
1540 3572 1778 3642 pluribus

202 3669 364 3724 simul
401 3667 595 3722 habitis
638 3668 894 3722 uxoribus
935 3667 1182 3736 objicitur
1205 3675 1386 3722 sancto
1425 3666 1534 3720 viro
1572 3664 1780 3720 Jacob?

201 3763 249 3815 si
274 3770 522 3814 naturam
547 3759 823 3824 consulas,
860 3776 965 3813 non
1013 3758 1338 3822 lasciuiendi,
1395 3756 1485 3812 sed
1534 3755 1780 3826 gignendi

202 3869 367 3906 causa
395 3851 505 3906 illis
541 3850 844 3907 mulieribus
874 3849 1142 3904 utebatur.
1188 3848 1249 3905 Si
1281 3865 1500 3913 morem,
1531 3849 1627 3902 illo
1649 3857 1779 3901 tem-

199 3959 346 4012 pore,
371 3952 526 4012 atque
547 3942 601 3994 in
631 3942 737 3994 illis
764 3940 917 3994 terris
953 3939 1048 3994 hoc
1086 3938 1450 4009 factitabatur.
1493 3937 1554 3992 Si
1584 3953 1778 4003 praece-

199 4045 370 4105 ptum,
402 4033 552 4088 nulla
580 4033 687 4104 lege
711 4031 1102 4102 prohibebatur.
1140 4030 1296 4084 Nunc
1319 4047 1434 4084 vero
1462 4045 1557 4083 cur
1581 4029 1776 4083 crimen

199 4137 299 4188 est,
326 4129 374 4182 si
396 4129 512 4198 quis
539 4126 635 4181 hoc
664 4125 850 4195 faciat,
873 4125 978 4178 nisi
997 4125 1124 4194 quia
1146 4133 1195 4177 et
1218 4124 1474 4188 moribus,
1499 4130 1549 4176 et
1579 4121 1775 4192 legibus

199 4238 307 4276 non
340 4222 498 4276 licet?
537 4221 668 4288 Qua:
709 4221 814 4275 duo
858 4221 1093 4291 quisquis
1141 4219 1532 4288 contempserit,
1565 4218 1777 4272 etiamsi

201 4312 568 4367 tantummodo
607 4329 772 4366 causa
805 4309 1089 4382 generandi
1120 4310 1200 4363 uti
1228 4309 1395 4379 possit
1421 4307 1663 4378 pluribus
1697 4307 1774 4376 fe-

1885 3205 2025 3259 κατὰ
2079 3207 2292 3260 παιδιὰν
2338 3207 2669 3279 ἐπικληθείς.
2705 3210 2931 3280 Ἀδωμα
2973 3211 3082 3282 γὰρ
3124 3211 3361 3282 Ἑϐραῖοι
3403 3213 3464 3266 τὸ

1882 3297 2112 3369 ἐρυθρὸν
2153 3298 2397 3352 καλοῦσι.
2431 3300 2540 3371 Τὴν
2583 3301 2639 3354 δὲ
2670 3299 2855 3372 χώραν
2881 3301 3026 3356 οὕτω
3081 3305 3461 3377 προσηγόρευ-

1884 3403 1994 3441 σεν.
2031 3387 2289 3459 Ἕλληνες
2319 3389 2426 3463 γὰρ
2465 3390 2634 3459 αὐτὴν
2669 3391 2760 3444 ἐπὶ
2791 3392 3113 3462 σεμνότερον
3159 3393 3461 3465 Ἰδουμαίαν

1879 3474 2190 3547 ὠνόμασαν.
2220 3476 2300 3531 Ab
2327 3477 2470 3533 Esau
2498 3478 2662 3549 igitur
2694 3480 2792 3534 toti
2817 3481 2966 3550 genti
3001 3497 3198 3537 nomen
3235 3483 3462 3552 imposi-

1881 3573 2018 3632 tum,
2049 3584 2189 3638 quos
2221 3569 2395 3626 Graeci
2450 3571 2719 3626 Idumaeos
2759 3573 3050 3642 appellant.
3095 3572 3252 3628 Errat
3292 3575 3460 3645 igitur

1882 3656 2102 3723 Strabo,
2153 3659 2250 3714 lib.
2282 3676 2394 3723 xvt,
2435 3663 2527 3730 qui
2575 3677 2670 3716 eos
2714 3663 2925 3733 origine
2968 3663 3296 3720 Nabathaeos
3335 3681 3460 3722 esse

1881 3749 2182 3819 ailirmavit,
2233 3752 2607 3823 seditioneque
2658 3753 2831 3822 patria
2885 3756 3093 3824 pulsos.
3138 3755 3300 3810 Errat
3339 3754 3460 3810 Ste-

1877 3843 2092 3914 pbanus
2137 3845 2266 3917 περὶ
2311 3845 2540 3910 πόλεων,
2575 3861 2671 3902 eos
2722 3862 2752 3900 a
2787 3847 2896 3901 ﬁlio
2929 3847 3165 3918 quodam
3217 3845 3459 3903 Semira-

1878 3938 2039 3992 midis
2066 3945 2219 3992 ortos
2257 3938 2524 4002 scribens,
2558 3939 2798 3994 sicutab
2845 3939 2952 3994 alio
2995 3939 3114 4008 ejus
3163 3939 3272 3994 ﬁlio
3315 3939 3456 3994 Juda

1874 4027 2112 4084 Iudaeos.
2149 4029 2437 4084 Insaniunt
2486 4037 2540 4083 et
2582 4029 2819 4083 Habbini
2873 4045 2999 4083 cum
3049 4031 3326 4086 Abenezra
3357 4033 3454 4101 qui

1878 4120 2106 4176 Romam
2137 4132 2336 4176 vocant
2363 4121 2554 4187 Edom,
2581 4129 2635 4177 et
2663 4121 2977 4191 pontiﬁcem
3011 4120 3316 4179 Romanum
3344 4139 3457 4180 mo-

1874 4213 2110 4269 nachum
2143 4211 2480 4268 Edomaaum.
3199 4230 3202 4233 ·

1945 4305 2108 4371 lbid.,
2149 4306 2245 4362 lin.
2278 4306 2368 4360 44.
2401 4307 2698 4376 ’Ὕστερον
2740 4306 2810 4361 δὲ
2855 4307 3048 4375 Σύροι.
3099 4304 3310 4378 Syriam
3362 4322 3452 4362 re-

199 4403 382 4466 minis,
419 4413 597 4471 peccat
623 4415 797 4456 tamen
853 4410 904 4456 et
957 4403 1127 4470 ipsam
1154 4401 1317 4454 violat
1355 4399 1644 4452 humanam
1679 4416 1772 4454 so-
1802 4435 1848 4493 ο
1874 4397 2088 4467 gionem
2130 4396 2526 4452 nobilissimam
2558 4398 2700 4454 Asiae
2743 4413 2867 4452 cum
2901 4398 3126 4470 Assyria
3176 4399 3244 4452 ab
3274 4409 3454 4453 aucto-

195 4498 472 4559 cietatem,
535 4495 620 4549 cui
665 4496 960 4549 necessaria
1001 4501 1079 4548 est
1122 4492 1416 4561 procreatio
1465 4491 1768 4546 liberorum.

199 4587 298 4642 His
327 4586 505 4642 aﬂinia
555 4587 748 4642 scribit
787 4595 841 4641 et
881 4586 974 4640 lib.
1005 4601 1068 4640 ιιι
1110 4585 1188 4640 De
1229 4584 1402 4638 doctr.
1436 4581 1768 4647 Christiana,

198 4695 322 4750 cap.
357 4681 445 4744 12,
479 4681 622 4736 idem
667 4680 1028 4750 Augustinus,
1074 4687 1129 4735 et
1174 4678 1540 4750 Hieronymus
1578 4692 1666 4746 ep.
1701 4676 1772 4730 85

197 4774 267 4827 ad
297 4772 594 4838 Oceanum,
623 4781 676 4827 et
711 4769 1084 4827 Theodoretus
1116 4780 1310 4842 quaest.
1342 4772 1412 4826 ει
1432 4773 1485 4824 in
1511 4768 1696 4823 Genes.

271 4863 430 4927 lbid.,
473 4863 569 4916 lin.
594 4863 1076 4932 27.Ἐπεθύμησε
1095 4861 1182 4918 δέ.
1218 4861 1459 4917 Thomas
1493 4860 1760 4931 Anglicus

194 4955 252 5010 in
284 4970 400 5024 cap.
463 4970 632 5009 xxvm
677 4953 862 5011 Cenes.
897 4954 1074 5010 tribus
1119 4953 1295 5010 modis
1323 4953 1554 5009 diversis
1586 4953 1654 5006 ab
1702 4967 1768 5008 eo

193 5060 356 5114 quem
389 5043 706 5100 Eustathius
739 5044 924 5107 tradit,
962 5051 1211 5116 purgata
1248 5045 1380 5101 vitio
1401 5059 1642 5099 amorem
1671 5041 1767 5098 Ja-

194 5137 318 5198 cob,
355 5144 408 5191 et
441 5136 823 5206 inculpabilem
860 5137 1058 5201 reddit,
1091 5153 1229 5208 quos
1255 5127 1398 5194 vide.

265 5229 427 5292 lbid.,
465 5229 561 5285 lin.
597 5230 684 5284 5|.
725 5228 1209 5296 Συναντήσασαν
1235 5231 1578 5300 ἠσπάσατο.
1613 5231 1770 5288 Jose-

193 5320 361 5391 phus,
417 5321 511 5374 lib.
566 5337 604 5386 ι,
637 5337 757 5393 cap.
815 5323 900 5388 l9,
937 5322 1033 5376 ubi
1078 5323 1217 5376 hanc
1250 5324 1418 5378 refert
1449 5325 1764 5390 historiam,

194 5412 566 5482 amplexuslet
595 5415 700 5468 alia
730 5430 850 5484 quae
879 5414 1165 5486 Scriptura
1187 5424 1400 5480 narrat,
1436 5433 1544 5472 non
1574 5418 1769 5472 tribuit

190 5504 398 5560 Jacobo
442 5506 536 5560 sed
590 5505 851 5571 Racheli,
899 5509 965 5562 Ἠ
1011 5509 1088 5574 δὲ,
1142 5508 1246 5562 ὑπὸ
1300 5509 1552 5580 μνήμης,
1610 5511 1768 5564 ὁποῖα

191 5597 339 5668 φιλεῖ
377 5598 762 5668 συντυγχάνειν
791 5602 903 5664 τοῖς
950 5599 1109 5665 νέοις,
1145 5600 1575 5671 προπεπυσμένη
1618 5599 1770 5671 παρὰ

192 5690 286 5744 τοῦ
322 5691 526 5764 πατρὸς
555 5692 624 5748 τὰ
651 5692 778 5764 περὶ
808 5693 906 5764 τῆς
948 5692 1260 5759 Ῥεϐέκκας,
1295 5693 1387 5748 καὶ
1425 5694 1551 5760 τοὺς
1594 5695 1769 5766 γονεῖς

1876 4489 2028 4544 ribus
2065 4487 2323 4544 confundi
2367 4505 2533 4560 supra
2571 4490 2872 4545 innuimus.
2920 4489 2996 4545 De
3023 4505 3087 4545 ea
3130 4490 3452 4546 Ammianus

1874 4583 2242 4648 Marcellinus,
2277 4583 2374 4639 lib.
2410 4599 2584 4639 mn:
2625 4582 2777 4638 Citra
2828 4599 3006 4637 amnes
3059 4584 3327 4652 provincia
3371 4595 3448 4638 est

1873 4675 2062 4728 nobilis
2111 4675 2352 4745 Assyria,
2388 4676 2687 4730 celebritate
2729 4685 2779 4729 et
2818 4673 3197 4744 magnitudine,
3251 4684 3363 4728 tum
3399 4685 3450 4730 et

1873 4769 2188 4837 multiformi
2232 4769 2526 4835 feracitate,
2551 4769 2913 4837 ditissimaque
2953 4781 3044 4835 per
3078 4767 3317 4836 populos,
3353 4783 3454 4836 pa-

1869 4877 2061 4932 gosque
2083 4859 2285 4930 amplos
2317 4859 2537 4930 diffusa,
2564 4859 2826 4932 quondam
2855 4871 2903 4915 et
2934 4863 3168 4931 copiosa,
3191 4859 3260 4914 ad
3285 4877 3452 4914 unum

1871 4953 2126 5008 concessit
2147 4951 2476 5017 vocabulum,
2508 4962 2558 5008 et
2586 4970 2722 5008 nunc
2741 4955 2911 5008 omnis
2939 4954 3236 5024 appellatur
3265 4951 3447 5022 Syria.

1871 5047 2038 5100 Plura
2072 5045 2140 5100 de
2173 5060 2239 5100 ea
2289 5046 2412 5101 vide
2450 5048 2599 5116 apud
2648 5045 2998 5102 Enstathium
3052 5046 3350 5102 Comment.
3394 5047 3448 5099 in

1871 5137 2187 5208 Dionysium
2234 5136 2298 5192 de
2352 5139 2460 5192 situ
2497 5138 2658 5202 orbis,
2694 5137 3064 5192 Abrahamuln
3120 5136 3469 5214 Hortelium,

1870 5238 1926 5287 et
1952 5206 2110 5285 alios.
2790 5255 2794 5258 -
3467 5211 3469 5214 ﬁ
3514 5206 3524 5223 ⁸

1913 5322 2103 5388 lbid.,
2132 5323 2230 5377 lin.
2277 5321 2366 5376 46.
2406 5322 2460 5374 '0
2504 5322 2578 5376 δὲ
2618 5323 2809 5379 Ἠσαῦ
2853 5322 3162 5392 γυναῖκας.
3209 5320 3447 5386 Delrins,

1870 5423 1925 5471 et
1953 5416 2044 5470 alii
2071 5421 2352 5479 notarunt,
2385 5411 2642 5468 Hebraeos
2686 5414 2876 5469 solitos
2923 5413 3123 5469 habere
3150 5412 3307 5483 plura
3349 5429 3450 5468 no-

1870 5507 2040 5570 mina,
2082 5506 2315 5576 indeque
2367 5519 2595 5576 magnas
2643 5505 2900 5561 tenebras
2949 5504 3084 5560 oriri
3131 5507 3186 5558 in
3237 5503 3448 5561 Geneao
3529 5546 3555 5577 -ι

1871 5601 2052 5671 logiis,
2101 5599 2229 5654 dum
2278 5613 2390 5653 uno
2439 5598 2561 5655 loco
2606 5613 2800 5661 unum,
2856 5597 2964 5653 alio
2999 5596 3149 5652 aliud
3198 5598 3452 5668 ponitur,

1871 5693 2016 5764 quod
2048 5708 2157 5747 non
2203 5690 2615 5750 considerantes
2639 5691 2862 5765 quidam
2897 5692 3192 5765 desperant
3221 5692 3460 5753 deum.
3527 5753 3532 5756 _
3564 5744 3569 5748 .
