3838 6158
415 263 553 318 ιυδι

1841 255 2090 316 LEONIS
2128 252 2408 311 ALLATI!

3558 257 3707 314 ωδε

412 377 691 435 ciliatione
719 375 884 446 hujus
921 375 1166 447 Catalogi
1196 392 1320 432 curn
1357 377 1373 430 Ι
1417 377 1749 452 Paralipom.
1786 392 1826 433 ι.
1867 375 2004 443 Quae
2031 383 2080 443 Α
2104 345 2240 427 ιηιιέ
2275 369 2496 442 epistol.
2540 367 2649 424 I26
2666 369 2734 424 ad
2781 365 3103 440 Evagrium,
3133 368 3524 443 Hippolytum,
3590 372 3707 427 Ire-

413 466 756 522 consuetudo
781 467 947 521 etiam
993 467 1049 522 in
1083 468 1409 522 mulieribus
1449 468 1708 525 oblinunt.
1742 467 1993 540 Sequano

413 553 519 611 dus
554 555 720 626 igitur
767 555 1026 628 Cyrillus,
1073 567 1126 612 et
1173 557 1480 628 Procopius
1533 560 1626 630 qui
1674 560 1993 626 observant,

415 661 617 703 uxores
652 644 818 712 Esau,
867 654 924 701 et
973 662 1162 703 earum
1202 657 1456 720 parentes
1507 651 1630 708 aliis
1677 653 1995 708 nominibus

413 736 473 792 in
508 738 706 793 Genesi
739 747 794 794 et
840 738 1277 809 Paralipomenis
1320 744 1646 812 nuncupari.
1683 742 1815 810 Quae
1849 745 1996 799 enim

412 829 506 884 hic
531 829 737 885 dicitur
761 831 879 886 Atla
907 830 1017 885 ﬁlia
1054 830 1208 886 Elom
1237 832 1467 898 lletbmi,
1496 836 1606 890 illic
1634 833 1857 892 Jaditha
1888 838 1996 893 ﬁlia

411 917 638 985 Procri;
671 927 726 975 et
753 935 876 989 qua:
907 921 1015 974 illic
1050 920 1336 976 Basemath
1375 923 1483 978 ﬁlia
1527 922 1702 992 Elom,
1730 927 1834 981 hoc
1875 927 1998 983 loco

413 1011 697 1068 Oolihama
751 1015 860 1069 ﬁlia
912 1017 1121 1084 Annae;
1153 1033 1274 1088 quae
1311 1018 1401 1074 hic
1451 1020 1738 1077 Basemath
1771 1024 1880 1078 ﬁlia
1917 1026 1998 1081 ls-

412 1103 577 1168 ntael,
605 1103 718 1159 illic
761 1103 1030 1161 Maheleth
1060 1109 1397 1163 nominatur.
1431 1109 1588 1176 Quod
1622 1112 1698 1166 ita
1728 1115 1998 1172 accidisse

409 1201 469 1250 et
499 1193 554 1248 in
589 1203 742 1264 patre
763 1197 969 1268 Moysis
1005 1198 1234 1254 inferius
1264 1203 1600 1258 notabimus.

483 1285 602 1341 Col.
643 1286 766 1351 765,
789 1287 889 1344 lin.
924 1288 1012 1343 54.
1041 1292 1144 1358 Εἰς
1176 1291 1241 1346 τὸ
1267 1293 1446 1363 Σηεὶρ
1489 1294 1647 1364 ὅρος.
1685 1295 1802 1352 Non
1828 1301 1998 1356 armis

410 1370 604 1433 Jacobi
636 1389 881 1443 coactus,
915 1379 1013 1434 sed
1047 1382 1119 1436 ita
1167 1382 1278 1438 Deo
1323 1395 1620 1452 annuente,
1651 1400 1843 1458 sponte
1874 1409 1996 1457 sua,

412 1479 476 1526 ut
509 1471 680 1527 libera
727 1470 915 1528 Jacobi
953 1477 1158 1544 posteri
1185 1478 1492 1552 Cjtananma
1519 1483 1850 1550 potirentur.
1886 1485 2000 1539 Dis-

411 1570 657 1618 ccsserat
706 1566 858 1634 prius
911 1568 1132 1639 quidem
1181 1569 1327 1625 Esau
1387 1573 1443 1627 in
1495 1571 1652 1642 Seir,
1737 1577 1834 1632 sed
1887 1594 1998 1633 non

412 1653 598 1708 anhno
650 1655 809 1726 plane
858 1657 1150 1715 deserendi
1192 1660 1593 1731 Chananazam,
1641 1683 1813 1738 quare
1867 1683 1993 1724 cum

2100 477 2301 528 nasum,
2334 462 2632 518 Eusebium
2678 459 3102 526 Caesariensem,
3138 460 3436 518 Eusebium
3469 461 3704 519 Emeseo

2101 569 2254 618 num,
2290 555 2713 625 Apollinarium,
2741 553 3110 608 Eustathium.
3144 554 3520 627 Hieronymus
3561 553 3706 611 Tra-

2100 645 2391 700 ditionibus
2430 644 2710 700 Hebraicis
2761 647 2822 699 in
2874 642 3088 710 Genes.,
3131 661 3256 717 cap.
3287 646 3379 711 22,
3405 661 3541 701 eum
3592 661 3701 702 non

2103 739 2172 794 de
2199 754 2396 809 genere
2429 738 2596 803 Esau,
2649 739 2744 794 sed
2775 739 2843 794 de
2893 739 3063 810 stirpe
3114 737 3332 794 Nat-hor
3373 749 3699 810 generatum

2102 831 2402 896 existimat,
2445 847 2607 902 quem
2656 835 2904 902 sequitur
2963 830 3245 901 Rupertus
3309 833 3404 886 lib.
3440 847 3496 886 vr
3527 831 3700 892 Cont-

2103 932 2340 981 mentar.
2386 929 2441 977 in
2481 921 2696 988 Cenes,
2729 923 2973 978 llistoria
3023 922 3379 986 Scholastica,
3425 938 3552 993 cap.
3607 921 3698 988 58;

2103 1024 2158 1072 et
2190 1015 2476 1086 Philippus
2500 1018 2811 1088 presbyter,
2833 1017 2927 1086 qui
2961 1017 3127 1086 paulo
3150 1024 3270 1085 post
3302 1014 3697 1086 Hieronymum

2105 1109 2332 1178 scripsit
2368 1111 2420 1161 in
2455 1109 2600 1162 hunc
2643 1114 2989 1178 prophetam,
3033 1107 3113 1161 sic
3163 1107 3281 1160 ait:
3313 1104 3459 1160 (Ilius
3501 1114 3553 1159 et
3587 1103 3698 1159 Bus

2104 1202 2207 1271 filii
2234 1201 2382 1270 fuere
2411 1199 2631 1255 Nachor
2662 1200 2853 1270 fratris
2885 1199 3116 1255 Abraha:
3139 1199 3302 1270 juxta
3331 1199 3492 1270 ﬁdem
3527 1197 3700 1252 Gene-

2105 1312 2219 1348 seos
2253 1294 2397 1358 libri,
2425 1295 2537 1348 nati
2567 1293 2630 1348 de
2654 1292 2861 1348 Melclta
2900 1311 3085 1349 sorore
3124 1293 3280 1348 Sara:
3303 1309 3322 1347 :
3342 1291 3598 1347 credibile
3625 1293 3700 1346 ri-

2105 1385 2218 1439 deri
2241 1397 2405 1456 po‘est
2439 1397 2494 1439 ut
2530 1387 2584 1440 in
2611 1398 2751 1440 terra
2781 1403 2898 1459 qua;
2925 1403 2990 1442 ea:
3017 1398 3296 1456 parentunt
3317 1387 3530 1440 nomine
3549 1386 3698 1439 dicta

2105 1490 2203 1542 est,
2232 1483 2311 1534 rir
2341 1480 2430 1534 ille.
2464 1489 2678 1534 sanctus
2709 1479 3022 1534 habitaverit
3049 1497 3067 1534 :
3098 1489 3147 1533 et
3192 1495 3304 1532 esse
3330 1479 3484 1532 illum
3519 1479 3697 1546 potius

2105 1571 2169 1625 de
2203 1589 2385 1643 genere
2417 1571 2651 1634 Nnc/tor,
2685 1588 2789 1625 non
2816 1571 2881 1625 de
2924 1571 3069 1625 Esau
3105 1569 3306 1640 origine
3331 1579 3694 1637 procreatum,

2107 1665 2240 1719 sicut
2263 1665 2479 1733 quidam
2521 1664 2762 1731 opinione
2789 1662 2951 1716 dubia
2983 1665 3342 1732 suspicantur.
3366 1661 3475 1733 .llli
3507 1671 3691 1716 autem

412 1752 530 1801 tota
561 1747 762 1802 familia
796 1749 1054 1809 redierat.
1104 1749 1210 1808 Sed
1241 1764 1463 1825 propter
1489 1773 1716 1829 gregum
1745 1761 1991 1817 multitu—
2023 1750 2066 1808 Β
2095 1767 2200 1810 tres
2229 1773 2372 1826 reges
2403 1755 2466 1809 de
2501 1772 2684 1827 genere
2723 1756 2935 1824 [uerunt
2976 1754 3144 1810 Esau.
3209 1755 3273 1810 Et
3319 1754 3694 1826 Hieronymus

412 1833 596 1892 dinem
627 1846 681 1893 et
726 1843 1033 1911 angustiam
1077 1859 1408 1916 pascuorum
1454 1858 1662 1904 mutata
1691 1853 1988 1922 sententia,

411 1928 707 1983 revertitur
747 1945 815 1985 eo
874 1930 1019 1988 unde
1059 1943 1305 1991 venerat.
1349 1936 1479 1992 Vide
1521 1938 1750 2010 August.
1796 1950 1989 2010 quaest.

411 2017 540 2075 “9.

483 2111 599 2166 Col.
635 2111 759 2177 768,
806 2113 904 2168 lin.
935 2113 992 2171 6.
1036 2115 1140 2170 Ἐν
1171 2109 1261 2183 οἷς
1288 2113 1368 2187 ἦν
1401 2117 1520 2172 καί.
1555 2117 1849 2192 Iosephus,
1878 2123 1994 2178 An-

412 2205 508 2275 tig.
539 2204 634 2261 lib.
669 2220 706 2258 ll
733 2224 747 2260 :
778 2205 1088 2279 ’Δμάληκος
1111 2207 1221 2278 γὰρ
1251 2209 1403 2274 νόθος
1433 2206 1503 2282 ἦν
1535 2212 1817 2288 παλλακῆς
1847 2217 1995 2289 αὐτῷ

411 2291 651 2363 γεγονὼς
707 2292 970 2366 Θαμνάης
1035 2297 1227 2369 ὄνομα.
1289 2294 1448 2354 Οὗτοι
1508 2302 1838 2376 κατῴκησαν
1894 2307 1995 2380 τῆς

423 2383 728 2457 Ἰδουμαίας
779 2389 878 2461 τὴν
924 2389 1197 2445 Γοϐολῖτιν
1251 2391 1573 2466 λεγομένην,
1606 2399 1702 2450 καὶ
1746 2400 1846 2472 τὴν
1887 2401 1995 2454 ἀπὸ

426 2477 734 2551 Ἀμαλήκου
785 2479 1078 2553 κληθεῖσαν
1118 2483 1490 2556 Ἀμαληκῖτιν.
1533 2490 1708 2562 Πολλὴ
1752 2491 1861 2565 γὰρ
1899 2511 1993 2563 γε-

409 2571 616 2642 νομένη
647 2572 768 2626 τότε
801 2575 834 2644 ἡ
889 2573 1180 2647 Ἰδουμαία,
1208 2577 1329 2631 τότε
1364 2579 1541 2653 πάσης
1581 2582 1751 2653 αὐτῆς
1780 2585 1995 2638 ἀπέσω-

414 2659 508 2726 ζεν
538 2661 726 2736 ὄνομα,
761 2666 855 2719 καὶ
888 2669 1000 2730 τοῖς
1053 2668 1242 2740 μέρεσι
1279 2670 1376 2735 τὰς
1418 2671 1526 2725 ἀπὸ
1554 2673 1664 2728 τῶν
1693 2677 1993 2748 οἰκητόρων

411 2755 786 2828 προσηγορίας
811 2756 1119 2826 διεφύλαξε.

483 2847 646 2913 lbid.,
687 2849 783 2902 lin.
823 2849 906 2904 l9.
945 2851 1053 2917 Ὃς
1074 2847 1254 2919 εὗρεν
1293 2852 1363 2906 ἐν
1388 2853 1482 2922 τῇ.
1513 2852 1693 2911 Locus
1722 2857 1812 2912 hic
1842 2857 1991 2914 Scri-

412 2947 605 3008 ptum,
636 2939 701 2992 ad
746 2954 906 3009 quem
949 2943 1189 3010 respexit
1218 2942 1562 3011 Eustathius,
1590 2949 1741 3003 varie
1767 2966 1796 3003 a
1821 2953 1988 3010 variis

412 3029 704 3098 accipitur,
736 3045 837 3084 nec
880 3031 1002 3100 ejus
1031 3035 1302 3089 sententia
1349 3035 1668 3095 diﬁicultate
1696 3044 1844 3099 vocis
1882 3046 1990 3100 He-

411 3117 615 3174 braicae
646 3120 833 3176 haberi
877 3130 1093 3192 potest;
1145 3127 1350 3182 relictis
1395 3137 1574 3186 tamen
1620 3132 1854 3189 aliorum
1902 3153 1992 3193 ex-

411 3210 816 3280 plicationibus,
866 3229 986 3282 quae
1036 3217 1200 3271 nimis
1253 3220 1514 3276 audacter
1566 3221 1887 3295 Eugubinus
1939 3231 1994 3286 in

412 3304 782 3374 recognitione
811 3305 1168 3364 Pentateucbi
1200 3325 1367 3380 super
1399 3313 1546 3369 hunc
1590 3316 1770 3372 locum
1804 3322 1994 3388 tradit,

409 3392 840 3450 animadvertam
877 3415 891 3451 :
928 3413 1052 3454 eum
1103 3409 1158 3456 et
1210 3404 1624 3476 Hieronymum,
1675 3418 1730 3464 et
1765 3409 1990 3483 Septua-

409 3483 558 3550 ginta
605 3481 934 3555 lnterpretes
985 3503 1016 3541 a
1067 3490 1296 3546 veritate
1354 3494 1623 3552 Hebraica
1675 3481 1995 3558 discordare

411 3574 661 3630 aﬁirmat.
697 3575 858 3631 Putat
884 3580 1030 3635 enim
1058 3583 1372 3654 Hieronymi
1400 3592 1664 3656 tempore,
1691 3606 1790 3660 pro
1815 3592 1993 3649 Jemin

408 3667 555 3732 quod
608 3667 879 3738 signiﬁcat
925 3672 1146 3738 multos,
1203 3675 1442 3741 codices,
1496 3679 1694 3748 quibus
1729 3695 1813 3739 est
1859 3702 1991 3744 usus

409 3755 797 3848 Hieronymus,
851 3761 1110 3819 habuisse
1159 3767 1244 3820 vel
1302 3765 1514 3838 Majint,
1570 3773 1622 3826 id
1669 3783 1751 3828 est
1795 3792 1987 3848 aquas,

407 3846 492 3899 vel
520 3839 722 3910 J'amin,
760 3850 812 3903 id
843 3858 926 3906 est
960 3854 1153 3908 maria.
1186 3856 1298 3910 Cur
1341 3868 1520 3914 autem
1565 3866 1788 3921 verterit
1818 3839 1989 3939 aquas

408 3937 615 3992 calidas
652 3955 716 3993 ex
750 3942 976 3995 Hebrazo
1004 3945 1144 3999 ratio
1178 3949 1327 4001 nulla
1368 3953 1518 4007 reddi
1554 3963 1749 4023 potest.
1785 3937 1988 4019 Deinde

410 4025 762 4092 reprehendit
810 4029 1168 4103 Septuaginta
1221 4039 1576 4110 lnterprctes,
1619 4047 1764 4115 quod
1797 4067 1984 4107 vocem

406 4114 688 4171 Ilebrzeam
737 4119 937 4188 Jemin,
983 4128 1208 4194 perinde
1240 4133 1396 4199 quasi
1447 4147 1595 4191 esset
1629 4114 1826 4195 nomen
1868 4159 1990 4214 pro-

406 4208 584 4276 prium
611 4209 844 4278 alicujus
874 4212 1137 4282 hominis,
1173 4227 1231 4271 ut
1257 4228 1341 4274 est
1365 4219 1556 4290 Jacob,
1591 4234 1644 4280 et
1675 4229 1848 4293 Isaac,
1868 4208 1986 4288 'hic

405 4297 752 4365 retinuerint,
778 4303 851 4354 ita
875 4304 1164 4363 reddentes
1189 4313 1335 4364 hunc
1365 4312 1542 4366 locum
1570 4313 1712 4372 :Iste
1739 4330 1816 4372 est
1841 4319 1980 4389 Ana,

2093 1849 2263 1904 tradit
2299 1848 2543 1919 Elipltaz,
2603 1865 2764 1920 quem
2793 1851 2906 1904 Ada
2939 1851 3146 1920 peperit
3172 1848 3337 1913 Esau,
3376 1847 3534 1902 illum
3569 1862 3696 1903 esse

2094 1942 2254 2011 cujus
2280 1942 2546 1997 meminit»
2569 1941 2687 2012 ipse
2731 1939 2856 2005 Job,
2885 1943 3031 2012 quod
3070 1944 3117 1998 si
3147 1944 3221 1996 ita
3254 1953 3360 2009 est,
3396 1957 3524 1996 cunt
3553 1957 3691 2012 pro-

2094 2033 2386 2103 nepotibus
2405 2032 2634 2086 Abralta:
2657 2029 2856 2087 Jobum
2884 2033 3084 2088 vixisse
3106 2048 3331 2088 necesse
3359 2041 3465 2088 est.
3491 2033 3680 2094 Philo.

2097 2123 2322 2188 Suidas,
2365 2135 2419 2180 et
2468 2127 2833 2196 Paraphrasis
2865 2125 3160 2182 Chaldaica
3187 2142 3450 2198 generum
3494 2123 3690 2184 Jacobi

2095 2215 2307 2272 faciunt
2341 2231 2407 2271 ex
2433 2215 2570 2271 Dina
2602 2232 2794 2272 uxore.
2830 2216 3186 2288 Septuaginta
3219 2219 3433 2272 malunt
3460 2233 3590 2274 esse
3621 2233 3690 2275 es

2094 2308 2332 2380 posteris
2359 2309 2609 2373 Abrahae,
2653 2319 2909 2380 quartum
2958 2309 3028 2364 ab
3080 2307 3245 2364 Esau.
3278 2307 3582 2380 Cajetanus
3629 2311 3686 2365 in

2096 2400 2331 2470 primum
2357 2411 2521 2472 caput
2549 2401 2652 2457 Job
2680 2403 2749 2459 de
2781 2404 2954 2474 stirpe
2983 2403 3104 2473 ejus
3138 2403 3276 2459 nihil
3307 2411 3522 2459 certum
3561 2419 3687 2461 esse

2095 2494 2312 2547 statuit.

2166 2582 2331 2647 lbid.,
2366 2581 2464 2638 lin.
2504 2581 2594 2637 54.
2622 2583 2688 2635 Ol
2710 2580 2780 2635 δὲ
2817 2583 2934 2638 vlol
2977 2584 3191 2641 Ἰακώϐ.
3223 2583 3478 2642 Justinus
3509 2585 3686 2642 histo-

2094 2675 2244 2730 ricus
2279 2674 2375 2730 lib.
2409 2690 2598 2737 xxxvn,
2632 2675 2917 2729 historiam
2967 2673 3191 2747 Josephi
3254 2677 3498 2734 breviter
3527 2693 3685 2734 enar-

2094 2779 2224 2819 rans
2255 2765 2447 2819 scribit
2469 2783 2483 2820 :
2506 2763 2608 2820 Sed
2640 2762 2900 2820 Israelem
2928 2765 3059 2836 felix
3086 2767 3260 2823 decent
3288 2768 3527 2837 ﬁliorum
3557 2786 3683 2839 pro-

2093 2865 2272 2909 ventus
2339 2856 2635 2924 majoribus
2705 2857 2817 2911 suis
2889 2857 3171 2914 clariorem
3226 2859 3371 2930 fecit.
3435 2858 3683 2931 Namque

2091 2950 2339 3018 populum
2365 2950 2420 3003 in
2451 2949 2626 3003 decem
2659 2966 2820 3020 regna
2850 2950 3080 3005 divisum
3112 2953 3338 3006 tradidit
3367 2954 3524 3024 ﬁliis,
3559 2971 3670 3009 ont-

2097 3055 2285 3109 nesque
2313 3055 2377 3093 ex
2401 3041 2608 3093 nomine
2643 3039 2824 3105 Juda',
2855 3041 2945 3110 qui
2973 3053 3088 3110 post
3118 3043 3428 3100 divisionem
3461 3062 3684 3101 recesse-

2101 3141 2207 3196 rat,
2240 3131 2459 3186 Jutlazos
2491 3133 2796 3201 appellavit;
2829 3134 3029 3204 colique
3073 3135 3186 3205 ejus
3215 3139 3527 3192 memoriam
3567 3155 3683 3191 ont-

2097 3225 2251 3278 nibus
2271 3225 2454 3294 jussit.
2491 3223 2624 3294 Ejus
2662 3226 2836 3295 portio
2866 3226 3106 3282 omnibus
3143 3239 3459 3283 accesserat.
3513 3228 3682 3283 Hmi-

2097 3334 2213 3372 mus
2249 3327 2406 3371 (etate
2441 3318 2578 3371 inter
2608 3317 2802 3387 fratres
2829 3316 3025 3388 Joseplt
3058 3320 3160 3389 fuit
3184 3337 3202 3374 :
3236 3322 3387 3390 cujus
3416 3324 3679 3378 excellens

2094 3410 2360 3480 ingenium
2404 3411 2555 3464 veriti
2588 3411 2805 3479 fratres,
2838 3413 2975 3467 clam
3017 3414 3356 3483 interceptum
3391 3417 3680 3486 peregrinis

2095 3502 2472 3555 mercatoribus
2527 3503 2887 3558 vendiderunt.
2926 3504 2969 3556 Α
3015 3507 3204 3576 quibus
3259 3509 3573 3575 deportatus
3624 3510 3677 3563 in

2095 3592 2423 3664 eEggptum,
2471 3611 2591 3648 cum
2636 3598 2873 3667 magicas
2920 3597 2992 3650 ibi
3039 3607 3180 3651 artes
3233 3599 3420 3652 solerti
3468 3601 3680 3671 ingenio

2091 3687 2422 3755 percepisset,
2474 3687 2614 3742 brevi
2661 3689 2765 3757 ipsi
2811 3691 2919 3759 regi
2951 3692 3237 3760 perc/tarus
3268 3690 3392 3759 fuit.
3440 3690 3593 3746 Nam
3629 3704 3681 3748 et

2089 3777 2453 3848 prodigiorum
2508 3783 2886 3850 sagacissimus
2921 3791 3056 3849 erat,
3111 3793 3161 3836 et
3204 3786 3535 3839 somniorum
3566 3788 3679 3858 pri-

2091 3882 2206 3919 ntus
2237 3868 2636 3938 intelligentiam
2661 3873 2934 3935 condidit;
2965 3872 3197 3944 nihilque
3217 3875 3382 3928 divini
3399 3877 3547 3944 juris
3579 3878 3677 3931 ltu-

2089 3961 2334 4029 manique
2361 3965 2408 4014 ei
2436 3962 2755 4032 incognitum
2797 3965 3091 4029 ridebatur,
3133 3976 3267 4031 etc.,
3310 3968 3407 4023 sed
3440 3969 3535 4026 hic
3577 3985 3674 4026 au-

2085 4061 2205 4108 ctor
2238 4053 2290 4106 in
2321 4054 2510 4124 paucis
2540 4057 2718 4112 verbis
2757 4058 2929 4113 multa
2955 4060 3218 4129 peccavit.
3253 4059 3502 4116 Fuerunt
3528 4066 3675 4120 enim

2085 4145 2180 4200 lilii
2217 4142 2386 4200 Jacob
2414 4145 2700 4202 duodecim
2748 4158 2945 4218 prater
2975 4167 3136 4205 unam
3183 4151 3468 4208 feminam.
3516 4156 3676 4211 Min'o

2086 4250 2208 4288 mus
2244 4243 2406 4290 natus
2457 4246 2574 4290 erat
2620 4236 2927 4307 Benjamin,
2976 4257 3084 4295 non
3127 4240 3350 4313 Joseph.
3387 4242 3593 4315 Joseph
3639 4263 3672 4302 a

2085 4324 2310 4393 magicis
2337 4325 2548 4381 artibus
2579 4341 2879 4398 earumque
2907 4331 3086 4385 studio
3125 4333 3418 4402 plurimum
3458 4337 3670 4404 abfuit;

403 4391 494 4461 qui
521 4391 715 4446 invenit
743 4391 950 4498 dam-in
997 4399 1052 4453 in
1092 4399 1318 4467 deserto,
1341 4404 1552 4498 quando
1597 4410 1841 4476 pascebat
1887 4413 1954 4482 ju
2014 4435 2058 4488 ι)
2088 4391 2197 4469 sedi
2220 4415 2455 4485 Spiritus
2489 4419 2663 4473 sancti
2721 4391 2984 4490 peculiari
3021 4391 3254 4494 quadam
3290 4430 3468 4498 gratia
3497 4391 3688 4486 dona:

403 4493 582 4537 menta
611 4486 782 4553 patris
812 4488 931 4554 sui;
956 4505 1098 4560 quos
1123 4503 1347 4548 secutus
1370 4492 1682 4554 Eustathius
1707 4503 1846 4557 idem
1881 4505 1984 4560 hoc
2018 4486 2038 4488 ⁷
2087 4515 2175 4564 tus
2205 4508 2296 4562 illa
2329 4510 2511 4564 omnia
2546 4486 2865 4581 perfecerat.

402 4571 462 4626 in
494 4573 615 4627 loco
645 4577 908 4634 retinens.

474 4662 636 4732 ιδιά..
683 4669 779 4722 litt.
822 4671 904 4724 26.
938 4674 1078 4728 Μεθ’
1109 4674 1182 4728 ὃν
1227 4676 1438 4736 Ἰωόἁὸ.
1465 4679 1639 4736 Jobab
1677 4684 1745 4741 de
1789 4701 1899 4756 quo
1926 4688 1984 4742 ﬁt

402 4758 494 4824 hic
515 4761 738 4827 ruentia,
771 4760 972 4819 Jobum
1006 4765 1177 4821 fuisse
1211 4770 1367 4824 multi
1397 4773 1764 4844 tradiderunt,
1797 4794 1982 4849 quam-

403 4851 488 4907 vis
515 4853 828 4922 Oppositum
857 4855 1127 4914 aﬁirment
1148 4857 1417 4930 Lyranus,
1448 4872 1503 4919 et
1532 4861 1802 4934 Oieaster,
1826 4886 1977 4926 eum-

402 4957 510 5012 que
545 4942 717 5000 luisse
758 4959 866 4999 non
921 4947 1092 5002 ﬁlium
1141 4948 1307 5016 Esau,
1358 4961 1418 5006 ut
1468 4956 1655 5010 retulit
1693 4957 1979 5023 Aristaeus,

399 5035 494 5108 qui
521 5032 835 5092 Judaeorum
867 5037 1158 5096 historiam
1210 5046 1435 5115 scripsit
1488 5049 1632 5119 apud
1687 5049 1982 5110 Eusebium

394 5123 925 5196 Caesariensemdib.
960 5147 1015 5187 ιχ
1045 5133 1124 5200 De
1150 5141 1536 5207 pra-paratione
1568 5140 1978 5216 Erangel.,cap.

402 5217 579 5272 ultim.
604 5259 619 5285 ,
657 5219 752 5276 sed
784 5236 851 5276 ex
904 5223 1076 5295 stirpe
1107 5232 1162 5280 et
1212 5231 1470 5300 progenie
1517 5230 1683 5298 Esau,
1730 5235 1981 5291 scribunt

399 5310 735 5369 Athanasius
788 5314 846 5370 in
894 5318 1142 5388 synopsi,
1176 5317 1608 5392 Chrysostomus
1649 5325 1795 5379 hom.
1825 5325 1862 5379 2
1903 5326 1980 5382 De

283 5445 286 5448 .
397 5403 620 5471 patient.
655 5403 782 5472 Job,
811 5409 1151 5481 Augustinus
1182 5412 1282 5471 lib.
1305 5430 1447 5471 mn
1480 5415 1557 5472 De
1605 5419 1817 5474 civitate
1857 5419 1977 5488 Dei,

398 5507 520 5565 cap.
554 5496 646 5552 Π.
682 5499 829 5555 Idem
864 5505 1032 5559 sentit
1077 5513 1134 5562 et
1183 5505 1558 5565 Theodoretus
1585 5513 1875 5581 question.
1910 5513 1982 5570 93

397 5586 456 5641 ia
483 5584 614 5648 Gen.
644 5598 699 5647 et
725 5591 1024 5665 Gregorius
1052 5597 1287 5670 Magnus
1316 5600 1474 5656 initio
1519 5601 1892 5660 Commentar.
1923 5607 1981 5661 in

393 5673 522 5735 Job.
557 5679 652 5738 llis
684 5686 932 5754 patribus
961 5687 1121 5756 adde,
1156 5698 1212 5744 et
1231 5705 1369 5764 quos
1399 5705 1683 5751 enumerat
1709 5697 1978 5770 Hierony-

2157 4596 2315 4662 lbid.,
2349 4600 2444 4654 lin.
2478 4601 2568 4654 '57.
2617 4599 2701 4667 Τῷ
2729 4604 3067 4674 Πενταερρῇ.
3107 4604 3369 4678 Principi,
3405 4623 3506 4664 seu
3533 4625 3673 4680 prc-

2086 4687 2228 4743 lecto
2248 4705 2573 4760 coquorum.
2608 4690 2687 4746 Ita
2723 4691 2878 4749 Philo
2901 4697 2994 4752 lib.
3023 4696 3098 4752 Dc
3121 4696 3365 4768 Joseph.;
3394 4698 3672 4775 Josepbus

2084 4780 2178 4836 lib.
2209 4797 2225 4836 ι
2252 4783 2595 4855 Αηεὶιμιὶιαι.,
2625 4786 2948 4844 Ambrosius
2974 4790 3064 4845 lib.
3097 4791 3175 4846 De
3199 4791 3439 4862 Joseph.,
3465 4806 3524 4851 et
3555 4797 3667 4854 alii.

2081 4873 2342 4931 Nonnulli
2371 4890 2557 4934 vocem
2604 4878 2928 4936 llebraicam
2967 4884 3276 4954 signiﬁcare
3312 4891 3669 4960 praepositum

2083 4967 2290 5022 militiae
2315 4967 2809 5028 tradiderunt.’Alii
2837 4981 3148 5048 utrumque.
3173 4979 3448 5048 Pererius,
3481 4997 3556 5039 ne
3571 4985 3670 5041 Se-

2085 5059 2365 5130 ptuaginta
2395 5061 2726 5132 interpretes
2752 5064 2826 5120 ita
2856 5069 3143 5126 reddentes
3167 5087 3384 5128 errasse
3411 5075 3668 5132 videren-

2081 5158 2193 5216 tur,
2225 5151 2302 5207 ait
2333 5152 2733 5225 ἀρχιμάγειρον
2763 5159 2949 5214 omnia
3001 5160 3118 5216 haec
3165 5164 3500 5234 signiﬁcare.
3557 5167 3665 5224 Sed

2081 5257 2205 5298 eum
2262 5243 2552 5302 audiamus
2582 5263 2599 5300 :
2631 5247 2823 5320 Dices,
2871 5251 3013 5324 Ergo
3072 5253 3420 5329 Septuaginta
3487 5258 3665 5316 Inter-

2081 5342 2250 5400 pretes
2304 5347 2552 5393 errarunt
2600 5340 2699 5395 hoc
2754 5343 2892 5407 loco,
2931 5347 3020 5416 qui
3079 5358 3342 5404 verterunt
3394 5352 3662 5408 archima-

2080 5426 2229 5495 giro,
2285 5427 2342 5482 id
2399 5439 2511 5499 est,
2581 5434 2810 5506 principi
2869 5443 3201 5510 ctxquorunt.’
3246 5439 3489 5518 Vllinime
3519 5462 3655 5501 sero.

2083 5517 2228 5576 Nam
2285 5538 2386 5578 nos:
2427 5525 2824 5600 archimagiros
2878 5535 3086 5605 proprie
3140 5537 3408 5607 signiﬁcat
3450 5541 3658 5611 princlo

2081 5625 2205 5684 pem
2253 5615 2562 5673 occisorum
2609 5635 2626 5673 :
2669 5625 3053 5697 μαγειρεύειν,
3131 5629 3319 5699 quippe
3381 5631 3661 5701 interprets

2085 5702 2434 5778 Hieronymo,
2478 5709 2671 5769 Latine
2724 5725 2802 5771 est
2841 5719 3112 5778 occidere.
3173 5720 3280 5778 Sed
3331 5740 3519 5780 nomen
3569 5740 3659 5787 el»
