3838 6158
253 283 396 342 ωτι

1241 285 1312 341 IN
1351 285 1723 344 EUSTATHII
1755 286 2231 344 HEXAEMERON
2270 286 2506 346 NOTAE.

3374 289 3514 348 ωσι

249 401 487 454 cisorum
542 400 812 472 trifariam
867 411 1036 473 potest
1089 403 1335 476 intelligi.
1391 405 1486 462 Vel
1529 409 1670 463 enim
1710 420 1825 464 sunt

1934 410 2171 477 γυναῖκα
2197 408 2336 481 Ιχων
2359 407 2448 461 διὰ
2464 406 2567 478 τὴν
2605 404 2839 462 εὖνοιαν.
2868 403 3069 463 Notum
3098 415 3184 465 est
3211 409 3356 466 inter
3389 426 3517 482 spa-

248 493 510 549 occisores
572 493 844 551 hominum
890 498 947 551 in
997 497 1169 563 bello,
1213 499 1395 570 quales
1443 509 1566 554 sunt
1619 501 1836 567 milites,

253 585 391 644 et.th
418 586 556 640 Itane
591 591 940 654 sententiam,
983 589 1209 644 Latinus
1235 593 1487 660 interpres
1527 595 1679 648 vertit
1722 611 1841 649 ma-

249 679 421 751 gistro
456 679 722 745 militum;
758 682 836 736 vel
873 691 998 737 sunt
1031 684 1289 738 occisores
1327 684 1598 740 hominum
1626 699 1839 758 propter

249 787 435 826 eorum
455 774 704 836 crimina,
732 783 986 842 tanquam
1019 777 1242 846 publica:
1259 776 1485 847 justitite
1509 779 1834 848 administri,

248 873 602 927 exsecutores,
634 882 795 934 quam
827 868 1315 939 interpretationem
1359 873 1524 925 secuti
1565 882 1687 926 sunt
1727 871 1836 927 He-

250 952 384 1007 bra’i
413 963 464 1008 et
498 954 652 1010 multi
689 961 753 1012 de
789 960 988 1014 nostris
1020 975 1182 1027 supra
1236 964 1556 1027 memorati;
1605 963 1682 1018 vel
1711 974 1836 1019 sunt

249 1048 515 1102 occisores
554 1049 875 1104 animalium
904 1050 974 1104 ad
1005 1051 1356 1121 coquendum,
1383 1063 1434 1107 et
1457 1055 1834 1112 comedendum

249 1152 310 1196 ut
345 1152 470 1196 sunt
503 1142 658 1206 lanii,
697 1154 747 1198 et
774 1146 927 1216 coqui
953 1160 971 1200 :
998 1147 1083 1200 cui
1107 1150 1420 1217 expositioni
1473 1148 1650 1216 Philo,
1680 1148 1834 1205 lose-

249 1233 410 1308 phus,
445 1245 494 1288 et
524 1235 838 1291 Ambrosius
872 1239 1194 1295 institerunt.
1261 1242 1394 1298 Cum
1427 1243 1592 1313 igitur
1618 1257 1717 1296 uox
1742 1259 1833 1296 ar-

257 1327 603 1398 cltimugiros.
649 1345 754 1399 qua
802 1332 884 1383 usi
913 1341 1036 1385 sunt
1093 1331 1442 1404 Septuaginta
1489 1333 1828 1405 Interpretes,

255 1427 364 1474 tres
401 1421 532 1473 istas
560 1419 976 1490 signiﬁcationes
1029 1433 1078 1478 et
1121 1425 1581 1496 interpretationes
1625 1428 1826 1497 capiat,

249 1510 541 1566 translatio
594 1510 942 1584 Septuaginta
981 1513 1337 1584 lnterpretum
1374 1518 1584 1572 lectioni
1631 1529 1828 1574 nostra:

249 1601 460 1658 Latinae
491 1607 668 1674 aptari
696 1607 1119 1663 commodissime
1160 1619 1360 1678 potest;
1414 1613 1706 1680 prwsertim
1732 1630 1830 1667 au-

248 1703 356 1748 tem
389 1712 508 1749 cum
537 1706 752 1752 sanctus
791 1696 1147 1769 Hieronymus
1176 1701 1416 1770 aﬁirmet,
1447 1703 1826 1774 archimagiros

246 1803 344 1853 pro
375 1789 644 1858 magistris
674 1791 935 1844 exercitus
989 1793 1044 1846 in
1094 1793 1356 1864 plerisque
1412 1794 1542 1849 locis
1594 1795 1826 1850 divinam

247 1876 582 1948 Scripturam
611 1897 1043 1939 commemorare.
1073 1882 1180 1940 Sed
1207 1886 1431 1942 dubium
1459 1888 1638 1942 adhuc
1659 1904 1828 1945 remao

246 1979 344 2025 net
374 1986 483 2026 non
528 1975 1014 2040 contemnendum,
1073 1976 1328 2048 princeps
1383 1979 1473 2034 hic
1524 1978 1826 2040 Pharaonis

244 2065 368 2121 sive
432 2065 722 2135 praefectus
783 2067 1094 2122 divinarum
1153 2069 1457 2125 litterarum
1512 2074 1826 2131 testimonio

243 2155 489 2211 dicitur!
492 2157 639 2213 uisse
670 2159 980 2224 eunuchus,
1004 2166 1060 2214 et
1079 2175 1143 2214 ea
1175 2171 1258 2216 est
1275 2164 1582 2219 communis
1603 2163 1826 2220 Patrum

247 2245 460 2314 Opinio,
493 2246 589 2316 qui
619 2247 673 2302 id
706 2247 824 2304 ﬁeri
855 2250 1049 2320 potuit,
1081 2259 1142 2305 ut
1171 2267 1396 2308 uxorem
1428 2254 1700 2322 habuerit,
1728 2273 1820 2312 cu-

242 2335 336 2405 ius
359 2335 500 2392 lictis
520 2338 1000 2396 criminationibus
1024 2339 1299 2412 Iosephus
1323 2345 1379 2398 in
1410 2359 1684 2402 carcerem
1711 2356 1827 2403 tru-

241 2430 414 2494 ditur,
451 2432 681 2503 vitaaque
716 2435 952 2504 propriae
991 2435 1298 2506 periculum
1331 2437 1498 2494 subit.
1529 2438 1706 2496 Taceo
1737 2442 1826 2496 hic

240 2519 598 2577 Hebraeorum
654 2541 852 2596 nugas,
899 2527 991 2596 qui
1036 2542 1101 2582 eo
1141 2527 1372 2583 inscitia:
1419 2547 1735 2600 pervenere,
1765 2541 1825 2589 ut

238 2617 496 2672 dicerent
556 2620 860 2690 principem
908 2620 1056 2676 hunc
1105 2624 1254 2679 nullo
1306 2625 1468 2680 modo
1511 2627 1824 2682 eunuchum

241 2709 438 2773 fuisse,
473 2711 568 2765 sed
595 2713 863 2782 integrum
885 2715 1144 2770 omnibus
1169 2718 1284 2772 suis
1311 2718 1570 2774 membris
1599 2735 1824 2775 uxorem

239 2802 489 2865 duxisse,
520 2818 647 2857 cum
676 2820 784 2874 qua
825 2804 1059 2861 feliciter
1095 2808 1448 2879 jucundeque
1503 2810 1671 2864 vitam
1723 2809 1827 2865 du-

239 2894 424 2949 cebat.
463 2893 660 2949 Verum
686 2898 853 2966 empti
875 2894 1099 2968 Iosephi
1129 2898 1328 2953 blanda
1353 2899 1688 2970 pulchraque
1715 2901 1826 2955 lor-

241 3000 335 3041 ma
363 2988 676 3057 pellectum,
709 2989 899 3044 nescio
930 2989 1063 3059 quid
1087 2993 1142 3044 in
1175 2991 1353 3060 ipsum
1381 2988 1677 3060 Josephum
1707 3000 1828 3048 ten-

162 3104 170 3122 ι
239 3086 414 3142 tasSe,
471 3079 704 3150 ideoque
744 3081 899 3151 justo
941 3080 1034 3137 Dei
1074 3082 1282 3151 judicio
1325 3084 1378 3138 in
1436 3100 1649 3154 pmnam
1691 3089 1823 3141 tanti

239 3169 473 3226 sceleris
504 3170 770 3226 membris
820 3171 930 3226 illis
970 3170 1129 3240 quasi
1176 3171 1487 3225 eunuchum
1520 3170 1692 3226 fuisse
1726 3171 1830 3226 im-

237 3261 512 3334 peditum,
559 3261 791 3332 ideoque
837 3277 868 3316 a
923 3262 1210 3332 Scriptura
1257 3262 1571 3317 eunuchum
1619 3263 1826 3327 vocari,

237 3353 462 3410 etiamsi
506 3350 734 3409 haberet
773 3368 1024 3409 uxorem.
1090 3352 1326 3421 Quidam
1379 3353 1658 3418 dixerunt,
1707 3368 1830 3407 mu-

237 3445 433 3500 lierem
469 3445 617 3500 illam
646 3462 757 3501 non
786 3445 958 3502 fuisse
985 3460 1232 3509 uxorem,
1268 3443 1364 3501 sed
1400 3453 1610 3498 tantum
1642 3458 1827 3499 rerum

235 3538 666 3593 domesticarum
694 3553 884 3592 curam
927 3537 1185 3608 gessisse.
1225 3535 1480 3602 Quidam,
1517 3535 1620 3591 etsi
1652 3551 1828 3590 eunu-

235 3632 429 3695 chum,
501 3631 595 3687 illa
657 3639 839 3686 tamen
903 3631 1132 3685 muliere
1179 3641 1438 3698 tanquam
1489 3643 1659 3683 uxore
1695 3627 1829 3698 legi-

237 3726 376 3780 tima
426 3741 608 3781 usum.
668 3723 994 3779 Theodorus
1040 3722 1244 3778 Catena
1297 3723 1352 3776 in
1393 3718 1669 3776 Genesim:
1701 3719 1826 3784 Πῶς

233 3817 494 3888 εὐνοῦχος
532 3815 607 3871 ὢν
633 3818 664 3870 ὁ
685 3815 1084 3888 άρχιμάγειρος
1123 3816 1357 3884 γυναῖκα
1389 3809 1535 3883 εἶχες
1574 3810 1827 3866 Μάλιστα

237 3911 342 3982 μὲν
376 3906 470 3965 οὖν
503 3911 598 3964 καὶ
640 3912 764 3975 τοὺς
811 3908 1102 3980 εὐνούχους
1129 3908 1380 3970 καὶτοὺς
1421 3904 1680 3976 ἐκτομίας
1721 3905 1824 3975 ὁμ-

233 4001 472 4074 ωνύμως
498 4001 754 4056 καλοῦσιν
773 4017 787 4033 ’
813 4001 964 4056 οὐδὲν
988 4000 1047 4054 δὲ
1072 3995 1140 4071 ἦν
1176 3998 1424 4062 ἀπεικὸς,
1453 3996 1549 4050 καὶ
1571 3995 1825 4066 εὐνοῦχον

231 4095 369 4150 ὄντα
395 4098 630 4164 γυναῖκα
663 4094 805 4166 ἔχειν
832 4095 890 4147 ὲν
918 4096 986 4164 τῇ
1011 4092 1188 4164 οἰκείᾳ
1218 4090 1328 4144 τῶν
1349 4089 1498 4143 ἔνδον
1530 4087 1822 4160 ὲπιμελου·

237 4186 412 4258 μένην
445 4185 806 4258 πραγμάτων.
860 4183 1132 4239 Diodorus
1169 4181 1370 4238 ibidem
1401 4196 1416 4232 ε
1456 4179 1603 4274 Huic,
1635 4177 1823 4274 εὐνοῦσ
1853 4261 1864 4274 ⁸

234 4292 335 4346 χον
361 4271 499 4330 εἶναι
531 4277 714 4347 φήσας
745 4274 840 4329 τὸν
861 4273 1168 4347 Πετεφρῆν,
1188 4275 1421 4343 γυναῖκα
1451 4270 1641 4325 τοῦτον
1668 4265 1822 4323 εἶπεν

232 4367 418 4440 εχεινς
455 4362 626 4438 Οἶμαι
648 4366 832 4420 τοίνυν
861 4365 973 4435 ἐγὼ
1003 4365 1113 4419 τῶν
1138 4363 1232 4418 δύο
1260 4363 1322 4417 τὸ
1349 4363 1558 4435 ἰτερον,
1586 4359 1620 4432 ἢ
1647 4360 1736 4415 διὰ
1760 4359 1820 4414 τὸ

1939 499 2134 556 donem
2168 507 2224 555 et
2254 499 2566 556 eunuchum
2603 496 2937 568 discrimen;
2969 501 3255 557 eunuchus
3285 517 3431 558 enim
3467 504 3516 562 is

1937 591 2164 656 dicitur,
2196 591 2290 662 qui
2319 590 2633 646 necessaria
2671 590 2740 646 ad
2773 592 3143 662 generandum
3174 602 3328 664 parte
3352 593 3518 650 dimi-

1936 688 2104 736 nutus
2131 689 2235 744 est,
2287 683 2403 736 sive
2451 681 2776 736 naturaliter
2827 681 2902 736 ita
2940 693 3241 753 prognatus
3270 684 3364 746 sit,
3400 687 3519 742 sive

1936 782 2064 827 ante
2085 773 2425 842 pubertatem
2458 773 2699 828 excisus.
2735 770 2917 843 Spado
2947 782 3052 839 est,
3082 776 3177 846 qui
3206 776 3518 834 valetudine

1936 863 2120 934 aliqua
2166 865 2369 920 vitiove
2407 864 2656 934 corporis
2690 865 2951 937 przeditus
2984 881 3246 937 generare
3279 881 3390 922 non
3416 881 3516 936 po.

1936 965 2064 1013 test.
2112 956 2348 1027 Ideoque
2409 958 2678 1028 spadones
2727 959 2977 1029 ad0ptari
3035 971 3298 1032 possunt,
3359 961 3522 1033 post;

1933 1050 2271 1120 humumque
2296 1050 2565 1105 haeredem
2593 1052 2855 1117 scribere,
2875 1053 3114 1108 eunuchi
3151 1053 3266 1110 sive
3285 1057 3513 1114 castrati

1932 1157 2040 1197 non
2066 1150 2298 1212 posSunt
2323 1159 2338 1210 ;
2369 1143 2423 1197 hi
2456 1158 2690 1214 namque
2715 1147 2940 1199 omnino
2963 1160 3226 1216 generare
3245 1162 3353 1202 non
3384 1163 3514 1219 pos.

1935 1244 2100 1303 sunt;
2136 1235 2215 1289 illi
2257 1235 2680 1306 impedimentis,
2722 1237 2923 1306 quibus
2967 1240 3249 1309 temporali
3304 1242 3515 1297 sterili-

1932 1335 2043 1382 tate
2069 1327 2342 1390 laborant,
2369 1329 2604 1392 liberati,
2637 1338 2884 1400 possunt.
2914 1329 3030 1385 [loc
3064 1331 3118 1385 in
3142 1333 3318 1403 legum
3348 1348 3513 1406 syno-

1930 1419 2013 1489 psi
2041 1418 2108 1472 ad
2132 1419 2452 1475 Michaelem
2486 1420 2689 1474 Ducam
2716 1423 2921 1491 optime
2951 1424 3202 1478 versibus
3239 1427 3512 1496 expressit

1931 1511 2160 1568 Michael
2193 1511 2425 1578 Psellus,
2457 1527 2669 1581 eorum,
2699 1513 2828 1584 quia
2862 1513 3042 1570 adhuc
3073 1515 3249 1570 lucem
3288 1533 3397 1570 non
3428 1517 3514 1572 vid

1928 1604 2146 1664 derunt,
2180 1607 2392 1676 copiam
2425 1605 2556 1660 mihi
2603 1604 2733 1660 fecit
2765 1606 2848 1661 vir
2882 1607 3208 1662 seculorum
3247 1609 3529 1664 memOria'

1927 1697 2282 1768 dignissimus
2320 1695 2650 1754 Franciscus
2679 1697 2988 1755 Bartoliuus
3020 1715 3035 1755 :

1931 1808 2242 1885 ξὺτοῦχος
2279 1809 2531 1885 (ratier
2561 1811 2809 1866 δύναται
2839 1812 3125 1885 υἱοθετεῖν
3153 1833 3252 1870 και
3293 1817 3513 1885 μόνονσ

1939 1880 2116 1953 Τοῦτο
2144 1881 2253 1950 γὰρ
2284 1881 2680 1953 ἀπηγόρευται
2706 1883 3082 1952 καστρὰτοις,
3107 1887 3203 1939 καὶ
3234 1880 3509 1953 θλιϐίαις.

1943 1949 2004 2004 '0
2029 1949 2259 2021 γάρτοι
2295 1949 2548 2006 σπάδων
2583 1952 2832 2008 δύναται
2855 1949 3298 2024 ’παιδοποιῆσαι
3332 1949 3508 2028 τάχά.

1930 2065 2104 2122 Porro
2137 2065 2439 2136 spadonum
2495 2075 2549 2124 et
2597 2068 2974 2123 cunuchorum
3017 2069 3308 2140 appellatio
3337 2071 3508 2128 inter-

1931 2158 2060 2214 dum
2107 2161 2378 2230 generalis
2428 2169 2544 2224 est,
2595 2175 2702 2231 qua
2747 2176 2910 2216 omne
2953 2175 3124 2232 genus
3169 2165 3504 2222 eviratorum

1931 2252 2264 2305 continetur.
2283 2249 2466 2318 Quare
2485 2267 2771 2321 possemus
2791 2253 2992 2316 dicere,
3010 2254 3309 2324 principem
3335 2255 3503 2321 hunc,

1930 2339 2034 2395 etsi
2061 2351 2290 2396 vocatur
2309 2343 2616 2406 eunuchus,
2645 2342 2943 2412 spadonem
2973 2343 3162 2407 fuisse,
3189 2353 3242 2399 et
3277 2360 3502 2400 uxorem

1930 2433 2156 2489 duxisse
2204 2442 2496 2504 antequam
2543 2448 2672 2504 pars
2705 2435 2796 2488 illa
2832 2437 3083 2506 corporis
3137 2437 3502 2505 funeraretur,

1930 2542 2054 2581 cum
2082 2541 2188 2597 qua
2221 2536 2410 2596 postea
2455 2527 2622 2580 vitam
2654 2528 3009 2599 transigebat.
3045 2528 3290 2584 Isidorus
3324 2529 3504 2602 0rig.,

1931 2615 2006 2670 lib
2053 2633 2108 2680 ι,
2159 2616 2327 2671 tradit
2359 2616 2737 2672 cunuchorum
2775 2617 3044 2688 quosdam
3081 2620 3249 2683 coire,
3297 2620 3394 2676 sed
3423 2629 3508 2676 ta-

1931 2722 2056 2761 men
2094 2707 2348 2761 virtutem
2399 2707 2454 2760 in
2504 2709 2711 2763 semine
2759 2709 2968 2762 nullam
3018 2725 3140 2766 esse
3173 2729 3186 2765 :
3225 2709 3508 2782 Liquorem

1929 2801 2066 2852 enim
2092 2798 2280 2852 habent
2325 2807 2375 2853 et
2403 2801 2670 2865 emittunt,
2725 2801 2816 2856 sed
2850 2802 2919 2856 ad
2944 2803 3258 2874 gignendum
3296 2805 3509 2860 inanem

1930 2902 2085 2964 atque
2113 2891 2432 2948 invalidum.
2477 2892 2702 2949 Possem
2748 2893 2878 2950 item
2913 2898 3050 2952 alias
3077 2897 3243 2967 hujus
3271 2899 3513 2970 explica-

1929 2986 2112 3040 tiones
2141 2985 2355 3050 aﬂ‘erre,
2385 3001 2523 3056 quas
2562 2987 2849 3044 brevitatis
2872 2989 3046 3059 gratia
3069 2991 3284 3046 omitto.

2001 3075 2134 3131 Ibid.
2176 3074 2300 3130 Τῶν
2328 3076 2725 3148 ἁρχιματεὶρῳ
2749 3077 2977 3148 Φαραώ.
3021 3077 3328 3138 Pharaonis
3350 3095 3512 3137 voca-

1931 3166 2118 3222 bulum
2161 3182 2272 3221 non
2302 3167 2473 3224 fuisse
2506 3170 2810 3240 proprium,
2851 3169 2949 3226 sed
2990 3185 3284 3245 commune
3316 3188 3507 3244 regum

1927 3260 2174 3316 omnium
2195 3257 2704 3333 £gyptiorum,qui
2737 3277 2835 3332 pro
2857 3261 3120 3334 dignitate
3147 3265 3292 3336 regis
3319 3254 3390 3330 eo.
3416 3279 3498 3321 no

1927 3354 2076 3408 mine
2112 3362 2370 3425 tanquam
2402 3354 2570 3426 regali
2612 3355 2928 3420 utebantur,
2963 3354 3423 3426 quemadmodum
3451 3363 3510 3412 et

1926 3448 2067 3518 apud
2091 3445 2367 3504 Romanos
2382 3447 2637 3518 Augusti,
2662 3445 3042 3518 imperatores,
3061 3447 3226 3503 tradit
3240 3447 3510 3506 Eusebius

1925 3555 1995 3598 ex
2019 3541 2173 3596 libris
2201 3539 2542 3596 Manethonis
2560 3538 2860 3597 sacerdotis
2878 3539 3282 3612 Egyptiorum,
3307 3549 3363 3597 ct
3384 3557 3508 3597 ruro

1926 3642 2046 3682 sum
2087 3647 2100 3683 :
2141 3625 2362 3701 ’Δνέστη
2413 3627 2471 3682 δὲ
2515 3630 2632 3700 μετ’
2671 3627 2872 3692 αὑτὸν,
2927 3628 3223 3686 Sesostrim
3271 3632 3507 3696 scilicet,

1925 3717 2016 3771 ἐπ’
2056 3716 2362 3788 Αῖγυτπτον
2409 3716 2640 3792 Φαραὼ,
2704 3719 2735 3773 ὀ
2783 3717 2881 3774 καὶ
2953 3719 3189 3792 Ναρεχὼ
3237 3722 3507 3795 καλούμε-

1925 3827 2035 3875 νος,
2070 3813 2350 3882 κρατήσας
2383 3809 2500 3882 ἔτη,
2532 3809 2609 3875 ὥς
2641 3827 2796 3883 φασι,
2835 3812 3193 3885 πεντήκοντα.
3238 3815 3335 3870 Ἐκ
3379 3815 3506 3872 τού-

1923 3920 2020 3957 του
2061 3905 2110 3958 οἱ
2138 3903 2248 3958 άπὸ
2285 3903 2380 3958 τοῦ
2414 3905 2606 3974 γένους
2651 3903 2816 3961 αὐτοῦ
2859 3904 3224 3979 καταγόμενοι
3267 3906 3506 3981 βασιλεῖς

1923 3994 2124 4067 Φαραὼ
2185 3996 2705 4069 προσαγορεύονται.
2780 3996 2846 4053 Ει
2897 3998 3196 4057 Africanus
3253 4019 3270 4058 :
3315 4001 3480 4058 Ἐπαι

1922 4087 2169 4142 νεθεϊσαν
2230 4086 2319 4152 δι,
2391 4105 2616 4145 uxorem
2689 4089 2944 4147 videlicet
3020 4092 3288 4161 Abrahae,
3363 4095 3506 4166 ἠγά-

1921 4194 2049 4249 γετο
2070 4175 2288 4251 Φαραώ.
2322 4179 2480 4235 Οὕτω
2507 4180 2617 4254 γάρ
2649 4182 2938 4250 Αἰγύπτιοι
2968 4183 3093 4249 τοὺς
3128 4183 3368 4255 βασιλεῖς
3395 4183 3507 4240 ὀνο-

1926 4269 2188 4343 μάζουσιν
2203 4272 2615 4345 ἑρμηνεύουσιν.
2659 4273 2985 4345 Expressius
3011 4273 3375 4348 Hieronymus
3405 4277 3504 4333 lib.

1921 4370 1978 4410 Ix
2029 4355 2321 4412 Comment.
2377 4359 2434 4412 in
2485 4356 2810 4414 Ezecltielem
2847 4375 2867 4414 :
2921 4358 3185 4416 Ca'terum
3234 4359 3372 4415 illud
3425 4359 3506 4415 uel

233 4457 426 4515 εὔνουν
454 4458 708 4530 εὐνοῦχον
733 4457 896 4514 αὐτὸν
921 4455 1374 4531 καταχρηστικῶς
1399 4453 1816 4527 προσειρῆσθαι,

1928 4451 2152 4504 maxime
2197 4449 2570 4518 requirendum
2611 4459 2712 4513 est,
2757 4460 2937 4503 utrum
2983 4449 3094 4519 ipse
3141 4451 3212 4504 sit
3260 4448 3500 4516 Pharao,

231 4551 271 4626 ἤ
303 4554 395 4606 καὶ
422 4551 500 4624 τῷ
523 4551 638 4606 om
655 4551 766 4605 τῶν
793 4551 997 4624 μορίων
1024 4549 1445 4622 ὲκτετμημένων
1474 4547 1616 4620 ἔχειν
1638 4549 1696 4601 ὲν
1719 4563 1820 4616 γα-

235 4645 412 4717 μετῆς
448 4646 602 4712 τάξει
629 4645 691 4701 τὸ
717 4645 960 4715 γύναιον,
1000 4645 1030 4698 ὃ
1055 4644 1118 4715 δὴ
1152 4643 1244 4698 καὶ
1274 4643 1358 4713 ἐφ’
1389 4642 1546 4712 ἡμῶν
1578 4640 1822 4712 ἔγνωμεν

234 4737 345 4793 ὑπὸ
385 4736 595 4791 πολλῶν
637 4735 898 4799 πολλάκις
923 4735 1227 4806 γινόμενον.
1269 4730 1336 4785 Et
1374 4729 1692 4786 Gennadius
1718 4749 1732 4786 :
1757 4729 1821 4784 El

231 4829 491 4899 εὐνοῦχος
517 4830 547 4882 ὁ
572 4827 880 4900 Πετεφρῆς,
905 4826 1024 4889 πῶς
1056 4825 1368 4897 εὑρίσκεται
1391 4824 1623 4892 γυναῖκα
1648 4822 1818 4892 ἔχωνς

247 4920 391 4975 Ἀλλ’
427 4924 458 4975 ὁ
498 4921 597 4991 μὲν
632 4919 802 4991 Σύρος
825 4919 926 4990 μιᾷ
959 4914 1301 4989 προσηγορίᾳ
1338 4915 1430 4968 τόν
1462 4931 1522 4966 τε
1551 4914 1820 4968 σπάδοντα

231 5012 334 5067 καὶ
379 5012 471 5067 τὸν
529 5012 722 5066 πιστὸν
766 5010 938 5082 ἄνδρα
973 5009 1121 5078 λέγει
1177 5011 1291 5072 τοῖς
1333 5007 1641 5070 δεσπόταις,
1690 5008 1720 5060 ὁ
1762 5003 1820 5058 δὲ

243 5106 498 5178 Ἐϐραῖος
537 5105 753 5178 άληθῶς
776 5105 1050 5174 εὐνοῦχον,
1099 5102 1194 5156 καὶ
1219 5101 1408 5156 τοῦτον
1446 5098 1554 5154 άπὸ
1585 5099 1684 5171 τῆς
1727 5098 1819 5152 πί-

233 5217 430 5266 στεως,
460 5199 653 5270 ἐπειδὴ
686 5199 831 5269 φιλεῖ
853 5197 912 5252 τὸ
944 5197 1053 5252 τῶν
1094 5195 1363 5268 εὐνούχων
1395 5195 1551 5264 γένος
1585 5191 1818 5264 μάλιστα

231 5292 592 5346 πιστεύεσθαι
614 5292 684 5346 τὰ
700 5291 1002 5364 τιμιώτερα
1031 5289 1140 5342 τῶν
1169 5287 1491 5360 κτημάτων,
1526 5287 1620 5340 καὶ
1649 5283 1818 5356 αὐτὴν

229 5383 344 5438 τῶν
375 5384 640 5453 βασιλέων
667 5381 962 5455 σωτηρίαν.
990 5383 1099 5436 Καὶ
1131 5382 1190 5436 οὐ
1218 5379 1550 5450 θαυμαστὸν,
1587 5379 1720 5432 ὅπου
1751 5394 1817 5446 γε

243 5476 521 5548 Ἀϐραὰμ,
555 5478 651 5531 καὶ
679 5477 884 5540 Ἰσαὰκ,
914 5476 1006 5528 καὶ
1042 5471 1238 5528 Ἰακὼό
1269 5473 1497 5544 χριστοί.
1524 5472 1615 5543 Μὴ
1646 5471 1815 5524 ἄπτε-

232 5570 362 5627 σθαι
391 5571 500 5641 γάρ
528 5587 662 5642 φησι
683 5569 790 5624 τῶν
815 5566 1054 5641 χριστῶν
1089 5584 1212 5639 μου.
1240 5566 1470 5636 Λέγεται
1495 5565 1552 5620 δὲ
1579 5566 1673 5619 καὶ
1705 5561 1817 5618 Κύ-

233 5677 329 5734 ρος
357 5665 388 5717 6
420 5662 639 5736 Πέρσης
670 5661 910 5734 χριστός.
936 5659 1126 5724 Οὕτως
1162 5660 1271 5731 ἄρα
1300 5659 1394 5713 καὶ
1419 5659 1520 5731 τὴν
1550 5655 1646 5711 τοῦ
1671 5656 1812 5711 σπά-

227 5754 413 5820 timo;
447 5757 478 5811 ὀ
524 5754 920 5827 άρχιμάγειρος
960 5752 1332 5825 προσηγορίαν
1387 5751 1510 5822 ἔσχε
1547 5750 1644 5806 καὶ
1691 5750 1812 5803 τότε

557 5853 836 5914 ΡΑηοι..
877 5849 999 5912 Gn.
1069 5848 1289 5914 XVIII.

1923 4542 2012 4612 qui
2046 4542 2103 4595 in
2135 4539 2344 4605 Exodo,
2381 4548 2431 4595 et
2463 4539 2636 4604 Isaia,
2673 4554 2723 4596 et
2762 4539 2996 4597 Ieremia
3034 4551 3086 4596 et
3121 4540 3417 4603 Ezechiele,
3450 4551 3506 4598 et

1923 4633 1978 4688 in
2005 4631 2242 4688 Canticis
2274 4631 2468 4686 cantic.
2511 4633 2838 4696 nominatur,
2870 4649 2937 4686 an
2968 4632 3108 4686 alius
3135 4641 3292 4702 atque
3325 4631 3502 4695 alius;

1921 4723 2128 4778 videtur
2159 4723 2288 4776 mihi
2318 4739 2421 4777 non
2452 4739 2565 4776 esse
2597 4739 2755 4778 unus.
2786 4720 2889 4778 Sed
2921 4723 3060 4792 apud
3097 4720 3380 4794 zEgyptios
3407 4723 3505 4779 hoc

1921 4814 2174 4869 uocabulo
2223 4813 2580 4868 demonstrari
2629 4816 2833 4886 regiam
2881 4815 3212 4886 dignitatem,
3263 4816 3404 4871 sicut
3448 4825 3503 4870 et

1921 4908 2062 4977 apud
2092 4905 2356 4962 Romanos
2386 4908 2624 4963 Cazsares
2664 4919 2713 4964 et
2755 4909 2984 4980 Augusti
3023 4909 3359 4978 appellantur
3407 4925 3501 4964 eo-

1919 5017 2038 5055 rum
2067 5002 2407 5073 imperatores
2445 5019 2476 5056 a
2523 5002 2693 5071 primo
2741 5001 2877 5057 Caio
2924 5000 3158 5067 Caesare,
3206 5014 3258 5057 et
3300 5019 3335 5057 a
3383 5003 3502 5074 ﬁlio

1919 5094 2034 5162 ejus
2065 5091 2308 5162 adoptiuo
2339 5090 2652 5158 Octaviano,
2675 5093 2766 5161 qui
2792 5101 2977 5163 postea
3006 5094 3275 5162 Augustus
3304 5102 3382 5147 est
3410 5109 3502 5148 nov

1920 5186 2189 5250 minatus;
2215 5185 2654 5257 quemadmodum
2683 5187 2844 5240 etiam
2870 5185 3009 5253 apud
3033 5182 3196 5255 Syros
3229 5186 3499 5250 Antiochi,

1921 5277 2062 5347 apud
2099 5277 2328 5334 Parthos
2351 5277 2646 5338 Arsacidae,
2682 5277 2821 5348 apud
2857 5275 3175 5349 Philistgam
3206 5278 3497 5344 Abimelec,

1916 5379 1967 5426 et
1993 5379 2110 5440 post
2134 5370 2497 5426 Alexandrum
2526 5370 2582 5425 in
2611 5368 2845 5443 Egypto
2877 5387 3018 5442 reges
3043 5371 3354 5428 dicebantur
3380 5371 3504 5430 Pto-

1918 5463 2090 5518 lemazi
2118 5480 2280 5534 usque
2309 5464 2376 5517 ad
2405 5463 2764 5534 Cleopatram,
2795 5482 2899 5536 qua
2935 5467 3075 5521 uicta
3111 5464 3255 5535 apud
3288 5466 3502 5523 Actium

1918 5555 2189 5628 Egyptus
2228 5556 2470 5611 Romana
2496 5566 2574 5613 est
2603 5557 2750 5628 facta
2788 5560 3078 5630 provincia.
3108 5557 3250 5630 Ergo
3277 5559 3331 5613 in
3369 5575 3500 5629 pra.

1916 5651 2208 5704 sentiarum
2252 5649 2503 5706 adversus
2540 5667 2705 5707 unum
2749 5651 3028 5724 quemlibet
3065 5669 3238 5725 regem
3276 5650 3500 5731 £9911“

1918 5757 2089 5801 sermo
2137 5741 2200 5812 ﬁt
2243 5741 2476 5800 Domini.
2511 5743 2910 5817 Appellationis
2937 5746 3106 5818 hujus
3151 5758 3379 5805 causam
3425 5747 3506 5808 ita
