3838 6158
366 248 523 313 31055

1723 229 1969 286 LEONIS
2007 227 2283 283 ALLATII

3501 213 3644 272 i056

380 362 648 438 expressit
666 357 904 415 Joannes
925 352 1323 421 Antiochenus,
1350 352 1406 407 in
1432 350 1800 418 Archwologia
1822 363 1839 399 :
1859 347 1959 399 Φα-
1985 355 2031 410 Α
2063 343 2232 398 fuisse
2263 340 2404 394 idem
2433 344 2740 410 peccatum.
2785 328 2905 387 lota
2935 331 3053 388 hac
3077 328 3308 387 historia
3328 325 3398 382 de
3427 328 3645 398 nuptiis

385 458 500 533 ραώ
546 473 691 519 τινος
734 451 995 524 βασιλέως
1039 446 1316 515 Αἰγύπτου
1363 445 1589 507 πολλοὺς
1633 441 1740 495 τῶν
1788 457 1958 511 προσ-

381 532 542 606 οίκων
576 543 1113 616 καταγωνισαμένου,
1143 543 1235 594 καὶ
1263 539 1389 601 τοὺς
1413 535 1737 610 λῃστρικοὺς
1761 532 1960 603 ἄνδρας

387 642 920 715 μεταρῤυθμίσαντος
952 636 1088 707 πρὸς
1121 634 1180 688 τὸ
1211 631 1612 702 φιλάνθρωπον,
1646 627 1739 680 καὶ
1770 627 1817 678 οἱ
1847 625 1960 676 λοι-

386 738 476 790 ποι
504 734 737 806 βασιλεῖς
766 730 1042 799 Αἰγύπτου
1071 727 1152 788 είς
1182 723 1346 792 τιμὴν
1379 720 1590 775 ἐκείνου
1611 715 1811 789 Φαραὼ
1835 718 1962 769 ἐκα-

383 826 590 880 λοῦντο,
610 822 746 876 Vide
773 821 900 874 item
928 814 1226 884 Josephum
1253 812 1348 866 lib.
1375 825 1510 864 xvm
1543 809 1959 878 Antiquitatum,

385 919 476 990 qui
504 917 671 971 multa
700 914 766 968 de
795 909 1015 965 nomine
1040 904 1341 959 Pharaonis
1366 900 1669 963 adnotavit,
1710 898 1960 968 quamvis

387 989 708 1079 quibusdam
745 1004 1036 1070 incompta,
1070 998 1335 1066 falsaque,
1361 1002 1414 1049 et
1440 994 1564 1064 jure
1593 993 1812 1052 merito,
1847 989 1960 1044 visa

388 1101 516 1156 sint.
564 1098 668 1151 Alii
699 1095 954 1149 dixerunt
983 1090 1300 1145 Pharaones
1341 1087 1519 1141 dictos
1553 1082 1710 1153 quasi
1757 1081 1962 1135 Pharo-

387 1206 508 1256 nes,
558 1203 588 1241 a
636 1186 815 1240 Pharo
862 1183 1041 1238 insula
1085 1196 1117 1236 e
1163 1178 1386 1250 regione
1439 1175 1782 1231 Alexandriae
1833 1174 1961 1228 olim

387 1281 691 1351 Carpathos
719 1278 884 1341 dicta,
910 1275 1003 1330 ubi
1029 1272 1274 1343 regnavit
1296 1271 1525 1325 Proteus
1547 1285 1562 1335 ;
1587 1268 1683 1324 sed
1708 1269 1825 1323 hazc
1846 1266 1966 1338 opi-

388 1377 480 1431 nio
509 1390 608 1430 sua
643 1371 906 1426 inanitate
938 1383 1036 1439 per
1070 1382 1129 1422 se
1161 1365 1292 1420 ruit.

456 1466 576 1523 Col.
594 1465 721 1526 768,
755 1463 852 1518 lin.
871 1462 961 1516 45.
993 1457 1261 1513 Γυναῖκα
1276 1456 1536 1526 ὀνόματι.
1551 1453 1787 1508 Thamar
1801 1450 1964 1506 ﬁliam

391 1559 562 1616 fuisse
599 1552 999 1611 Melchisedech
1049 1548 1351 1606 sacerdotis
1385 1548 1634 1602 nonnulli
1683 1546 1967 1600 existima-

391 1659 540 1717 runt,
585 1647 730 1720 quod
774 1645 943 1700 Judas
990 1645 1047 1698 in
1082 1643 1417 1698 scortatione
1449 1640 1868 1710 deprehensam,
1907 1650 1965 1696 ut

392 1743 620 1798 inferius
653 1739 896 1795 comburi
923 1736 1204 1804 jussisset,
1243 1749 1353 1788 non
1388 1731 1638 1801 lapidari.
1675 1731 1782 1786 Lex
1819 1735 1964 1787 cnim

391 1836 493 1891 fuit
530 1831 674 1904 apud
707 1831 985 1893 Hebraeos,
1026 1843 1189 1898 quam
1226 1835 1414 1896 postea
1450 1824 1662 1896 Moyses
1689 1826 1962 1894 repetivit,

391 1935 451 1982 ut
497 1925 607 1981 fdia
648 1923 946 1980 sacerdotis
986 1926 1222 1975 scortata
1271 1917 1702 1983 combureretur,
1755 1925 1968 1972 caetera:

391 2019 786 2090 lapidarentur.
835 2013 1008 2069 Levit.
1058 2027 1131 2065 xx
1175 2019 1231 2066 et
1280 2025 1392 2064 ni.
1443 2006 1546 2063 Sed
1597 2007 1665 2063 de
1731 2007 1969 2062 Thamar

390 2113 618 2182 ejusque
681 2115 876 2180 gente,
947 2105 1258 2160 conditione
1316 2110 1370 2156 et
1421 2101 1666 2155 moribus
1713 2108 1968 2157 accurate

390 2203 568 2268 Philo,
590 2203 687 2256 lib.
719 2200 796 2254 De
825 2197 1138 2253 nobilitate:
1171 2193 1388 2265 Ταύτην
1417 2192 1692 2262 εὐγένειαν
1715 2192 1776 2245 οὐ
1811 2193 1968 2264 μόνον

392 2294 656 2364 Θεοφιλεῖς
685 2291 894 2362 ἄνδρες,
929 2289 1064 2343 ἀλλά
1096 2288 1191 2342 καὶ
1214 2288 1470 2356 γυναῖκες
1500 2284 1796 2355 ἐζήλωσαν,
1836 2285 1970 2338 ἀπο-

397 2388 664 2461 μαθοῦσαι
715 2385 812 2456 μὲν
857 2381 1094 2453 ἀμαθίαν
1142 2378 1239 2450 τὴν
1289 2375 1584 2447 σύντροφον
1633 2375 1760 2444 περὶ
1805 2374 1968 2444 τιμῆς

392 2482 500 2538 τῶν
540 2479 941 2553 χειροκμήτων,
986 2469 1357 2526 παιδευθεῖσαι
1403 2469 1458 2521 δὲ
1509 2467 1637 2538 περὶ
1674 2465 1970 2536 μοναρχίας

393 2576 726 2644 ἐπιστήμην,
835 2568 1184 2640 μοναρχεῖται
1214 2566 1242 2616 ὁ
1277 2563 1501 2632 κόσμος.
1543 2560 1738 2631 Θάμαρ
1763 2555 1830 2629 ἦν
1862 2557 1969 2610 τῶν

393 2665 501 2721 ἀπὸ
531 2664 629 2734 τῆς
654 2658 1018 2727 Παλαιστίνης
1050 2653 1251 2724 Συρίας
1278 2651 1500 2721 γύναιον
1529 2650 1586 2703 ὲν
1611 2648 1788 2720 οἰκείᾳ
1820 2649 1969 2700 πόλει

392 2755 598 2828 τραφὲν
633 2750 899 2819 πολυθέῳ,
942 2744 1186 2817 γεμούσῃ
1224 2743 1450 2810 ξοάνων,
1491 2740 1586 2794 καὶ
1615 2739 1967 2809 ἀγαλμάτων,

393 2849 488 2906 καὶ
513 2847 745 2908 συνόλως
778 2839 1188 2912 ἀφιδρυμάτων.
1230 2835 1368 2888 Ἀλλ’
1404 2833 1590 2904 ἐπειδὴ
1618 2831 1870 2900 καθάπερ
1907 2831 1971 2882 ὲκ

397 2940 621 3002 σκότους
675 2935 866 3007 βαθέος
914 2928 1146 3000 ἐδυνήθη
1192 2926 1452 2998 βραχεῖαν
1497 2924 1668 2995 αὐγὴν
1715 2921 1970 2992 ἀληθείας

393 3033 586 3089 ἐνιδεῖν
620 3029 832 3097 Θανάτῳ
872 3023 1140 3088 κινδύνου,
1183 3021 1318 3092 πρὸς
1347 3019 1628 3072 εὐσέϐειαν
1659 3016 1972 3088 ηὐτομόλη-

391 3142 506 3187 σεν,
545 3122 700 3189 ὀλίγα
729 3116 1064 3189 φροντίσασα
1093 3111 1189 3166 τοῦ
1219 3112 1340 3182 ζῇν,
1381 3112 1429 3163 εί
1472 3110 1546 3181 μὴ
1581 3108 1758 3180 μέλλοι
1792 3105 1968 3170 καλῶς

393 3217 512 3289 ζῇν.
551 3215 624 3268 Τὸ
663 3214 720 3266 δὲ
764 3209 942 3272 καλῶς
975 3207 1236 3276 ἀνέφερεν
1270 3203 1358 3255 ἐπ’
1399 3202 1550 3254 οὐδὲν
1589 3201 1836 3272 ’ἑτερονῆ
1877 3201 1968 3252 ἐπὶ

391 3309 489 3378 τὴν
531 3302 826 3375 θεραπείαν
865 3300 958 3353 καὶ
997 3296 1205 3351 ἱκεσίαν
1244 3291 1337 3346 τοῦ
1377 3291 1495 3354 ἐνὸς
1543 3293 1740 3345 αἰτίου.
1775 3289 1967 3342 Καίτοι

391 3399 541 3456 δυσὶν
569 3395 826 3470 ἀδελφοῖς.
846 3389 1174 3470 ἀμφοτέροις
1215 3387 1471 3456 πονηροῖς
1497 3387 1555 3436 ὲν
1594 3383 1747 3454 μέρει
1784 3400 1966 3452 γημα-

396 3489 553 3559 μὲνη,
588 3484 842 3557 κουριδίῳ
878 3482 974 3552 μὲν
1007 3479 1083 3550 τῷ
1119 3477 1390 3549 προτέρῳ,
1419 3474 1496 3546 τῷ
1525 3474 1568 3526 δ’
1611 3473 1835 3545 ὕστερον
1875 3473 1969 3526 καὶ

393 3580 569 3650 ἔχοντι
610 3574 952 3637 ὲπιδικασίας
989 3573 1158 3642 νόμῳ,
1207 3569 1400 3639 γενεὰν
1439 3567 1532 3621 τοῦ
1580 3566 1845 3636 προτέρου
1893 3566 1966 3635 μὴ

393 3669 803 3731 καταλιπόντος,
849 3663 962 3718 ἀλλ’
1010 3664 1179 3732 ὅμως,
1222 3660 1551 3739 ἀκηλίδωτον
1597 3656 1968 3727 διαφυλάξασα

392 3765 483 3819 τὸν
518 3761 716 3830 ἑαυτῆς
749 3759 884 3830 βίον,
917 3758 1103 3832 ἴσχυσε
1146 3754 1240 3809 καὶ
1271 3750 1654 3824 προσηκούσης
1687 3752 1798 3811 τοῖς
1833 3751 1969 3817 ἀγα-

395 3856 505 3918 θοῖς
529 3852 803 3923 εὐφημίας
834 3848 1126 3916 ὲπιλαχεῖν,
1155 3844 1249 3901 καὶ
1273 3845 1385 3905 τοῖς
1419 3841 1534 3912 μεθ’
1563 3841 1733 3910 αὐτὴν
1766 3839 1967 3892 ἅπασιν

393 3944 670 4015 εὐγενείας
696 3942 837 4014 ἀρχὴ
865 3937 1134 4010 γενέσθαι.
1174 3934 1313 3988 Ἀλλ’
1345 3933 1481 4003 αὐτη
1508 3933 1604 4003 μὲν
1625 3935 1671 3985 εί
1703 3932 1795 3985 καὶ
1825 3930 1969 3983 ἁλλό-

396 4037 580 4107 φυλος,
607 4035 720 4090 ἀλλ’
757 4029 850 4088 οῦν
883 4049 946 4102 γε
969 4029 1230 4102 ἐλευθέρα
1266 4029 1360 4085 καὶ
1390 4029 1449 4095 ἐξ
1483 4025 1778 4100 ἐλευθέρων
1813 4022 1964 4086 ίσως,

393 4130 490 4183 καὶ
517 4129 616 4182 οὐκ
650 4127 900 4197 ἀσήμων.

463 4220 604 4275 Ibid.
640 4219 749 4272 Καὶ
783 4216 881 4270 διὰ
914 4215 1226 4284 πονηρίαν.
1260 4212 1390 4281 Qua.-
1423 4211 1586 4267 fuerit
1620 4211 1736 4265 haec
1764 4211 1967 4265 malitia

393 4313 480 4368 vel
533 4310 795 4381 iniquitas
832 4305 960 4371 Her,
991 4322 1165 4376 neque
1205 4304 1491 4373 Scriptura
1539 4301 1831 4373 expressit,
1867 4316 1967 4356 nec

2062 436 2303 490 Thamar
2355 442 2410 488 et
2461 429 2798 487 scortatione
2839 424 2993 479 Juda:
3035 423 3247 493 prolixe
3295 428 3557 475 narratur
3585 422 3645 476 in

2063 526 2392 582 Testamento
2418 521 2485 575 12
2511 517 2962 590 patriarcharum,
2989 530 3112 585 cap.
3143 515 3196 568 5.

2131 636 2295 700 lbid.,
2340 635 2439 689 lin.
2489 633 2579 688 50.
2623 630 2898 700 Ἐξέχεεν
2941 626 3042 682 ἐπὶ
3096 625 3226 695 τῆς.
3275 626 3643 696 Augustinus,

2061 730 2158 785 lib.
2202 743 2317 782 xm
2365 736 2552 782 contra
2586 725 2871 786 Faustum,
2909 737 3032 791 cap.
3065 720 3154 787 84,
3187 720 3426 790 pejorem
3473 718 3645 772 fuisse

2064 821 2193 887 ller,
2223 837 2386 892 quam
2434 819 2646 883 Onam;
2689 817 2842 871 illum
2878 814 3054 868 fuisse
3097 813 3419 881 malignum,
3455 819 3510 864 et
3542 824 3646 863 sae-

2065 929 2213 977 vum,
2239 923 2292 968 et
2311 927 2570 982 peccasse
2599 908 2847 964 nocendo
2870 925 2884 974 ;
2915 906 3062 960 hunc
3086 916 3360 974 peccasse,
3383 901 3646 970 prodesse

2063 998 2118 1060 et
2159 1006 2354 1076 juvare
2384 1003 2640 1058 nolendo.
2688 1000 2912 1055 Pcrcrio
2940 998 3252 1068 oppositum
3301 992 3644 1064 probabilius

2064 1097 2298 1163 videtur,
2323 1111 2446 1150 cum
2477 1093 2759 1164 Scriptura
2790 1090 2896 1145 Her
2921 1089 3153 1160 appellet
3177 1100 3431 1155 nequam,
3469 1081 3645 1136 Onam

2065 1205 2194 1245 vero
2222 1189 2625 1252 detestandum,
2661 1183 2808 1256 quod
2837 1198 2950 1237 rem
2997 1179 3372 1236 detestabilem
3416 1176 3642 1241 faceret,

2065 1286 2213 1356 quod
2261 1285 2531 1356 gravioris
2574 1280 2824 1336 criminis
2878 1284 3008 1331 nota
3067 1281 3170 1329 est.
3216 1272 3421 1326 Deinde
3467 1268 3645 1324 Onam

2063 1378 2312 1446 exemplo
2342 1374 2648 1445 punitionis
2681 1371 2936 1424 fraterna:
2969 1366 3140 1420 noluit
3163 1363 3508 1430 resipiscere,
3543 1374 3647 1416 nec

2051 1470 2363 1526 deterritus
2393 1465 2683 1529 abstinuit,
2714 1462 2796 1517 vel
2833 1477 2862 1514 a
2895 1458 3085 1523 simili,
3119 1461 3201 1511 vel
3227 1470 3258 1508 a
3289 1454 3483 1524 majori
3517 1469 3648 1524 peo-

2066 1571 2209 1618 cato.
2242 1561 2508 1615 Praeterea
2543 1557 2652 1611 Her
2678 1554 2924 1627 peccavit
2949 1551 3258 1606 inordinata
3285 1547 3511 1602 libidine
3548 1546 3650 1600 de-

2068 1652 2379 1708 lectationis
2418 1664 2682 1712 venereae,
2710 1645 2883 1701 Onam
2915 1643 3153 1711 maligna
3183 1639 3386 1693 invidia
3413 1637 3647 1692 fraterni

2071 1745 2222 1812 boni,
2286 1760 2354 1798 ne
2420 1739 2821 1812 primogenitus
2875 1751 3009 1791 suus
3057 1733 3437 1803 assignarctur
3485 1729 3651 1785 fratri

2067 1851 2187 1890 SUO.

2065 1976 2068 1984 ³
2137 1966 2256 2022 Col.
2285 1964 2414 2030 769,
2452 1963 2549 2016 lin.
2596 1961 2683 2015 12.
2725 1955 2820 2027 Ὡς
2861 1959 2916 2012 δ’
2954 1959 3345 2025 ἀποστείλας.
3394 1957 3654 2012 Historiae

2067 2061 2231 2130 hujus
2263 2059 2660 2130 perelegantcm
2705 2053 3021 2122 allegoriam
3061 2053 3230 2108 habes
3272 2052 3416 2123 apud
3461 2051 3652 2105 Philo-

2069 2168 2214 2216 nem,
2255 2151 2352 2206 lib.
2388 2148 2526 2216 Περὶ
2553 2145 2856 2217 φυγάδων,
2888 2161 3048 2216 quem
3073 2145 3218 2199 vide.

2137 2261 2297 2324 lbid.,
2326 2261 2424 2315 lin.
2462 2260 2551 2314 55.
2607 2258 2720 2327 Τῆς
2764 2257 3065 2327 ἀχράντου
3096 2260 3346 2327 Μαρίας.
3388 2257 3654 2313 Insulsis-

2069 2357 2191 2410 simi
2252 2353 2621 2408 Mahumelani
2676 2351 2901 2405 Mariam
2955 2353 3381 2417 sanctissimam,
3426 2363 3483 2406 et
3526 2368 3650 2422 qua:

2069 2450 2347 2504 Christum
2391 2446 2558 2501 Deum
2600 2445 2829 2514 peperit,
2873 2460 3113 2500 sororem
3151 2443 3350 2515 Moysis
3395 2453 3446 2498 et
3484 2445 3655 2500 Aaro-

2070 2542 2157 2595 nis
2185 2540 2411 2593 faciunt.
2443 2536 2790 2607 Euthymius,
2830 2536 2882 2589 in
2919 2535 3218 2603 Panoplia:
3251 2536 3360 2588 Καὶ
3393 2537 3475 2589 ὅτι
3502 2537 3530 2587 6
3551 2537 3657 2590 Λό-

2071 2653 2166 2704 γος
2195 2634 2289 2688 τοῦ
2337 2631 2493 2698 Θεοῦ,
2531 2632 2624 2684 καὶ
2662 2629 2723 2683 τὸ
2766 2629 2991 2698 Πνεῦμα
3031 2627 3216 2691 αὐτοῦ,
3264 2627 3458 2681 κτιστά
3502 2627 3652 2690 ὄντα,

2071 2725 2322 2796 εἰσῆλθεν
2355 2726 2436 2787 είς
2467 2721 2684 2794 Μαρίαν
2714 2719 2812 2792 τὴν
2858 2719 3090 2790 ἀδελφὴν
3132 2721 3375 2783 Μωσέως
3410 2720 3653 2773 καὶἈα-

2076 2815 2204 2890 ρὼν,
2255 2817 2350 2869 καὶ
2402 2814 2694 2885 ἐγέννησεν
2736 2811 2874 2881 αῦτη
2926 2811 3048 2880 δίχα
3099 2810 3409 2882 σπέρματος
3439 2810 3654 2881 Ἰησοῦν

2073 2909 2167 2963 τὸν
2217 2905 2473 2979 Χριστὸν,
2523 2906 2828 2978 προφήτην,
2884 2904 2980 2956 καὶ
3030 2903 3210 2956 δοῦλον
3263 2905 3524 2972 γεγονότα
3559 2903 3655 2957 τοῦ

2076 2999 2232 3053 Θεοῦ.
2289 2997 2356 3051 Ει
2399 2999 2452 3052 in
2501 2997 2694 3050 ordine
2735 2996 2826 3065 qui
2879 3002 3128 3049 servatur
3171 3011 3334 3065 super
3383 2996 3450 3050 iis
3490 2997 3583 3065 qui
3625 3014 3657 3050 ιι

2077 3087 2365 3146 Saracenis
2403 3090 2472 3144 ad
2510 3087 2947 3144 Christianorum
2985 3087 3142 3141 fidem
3191 3103 3250 3142 se
3285 3098 3656 3145 convertunt:

2089 3181 2494 3252 Ἀναϐεματίςω
2517 3181 2614 3252 τὴν
2644 3179 2737 3233 τοῦ
2775 3178 3020 3248 Μωάμεδ
3046 3179 3311 3249 φλυαρίαν
3338 3180 3436 3249 τὴν
3470 3179 3662 3245 λέγου-

2076 3294 2190 3336 σαν.
2222 3276 2302 3328 ὅτι
2335 3271 2362 3325 ὁ
2409 3265 2612 3342 Κύριος
2662 3271 2757 3326 καὶ
2799 3270 2930 3332 Θεὸς
2972 3264 3176 3338 Ἰησοῦς
3216 3273 3244 3324 ὁ
3277 3270 3512 3342 Χριστὸς
3551 3264 3660 3325 ἀπὸ

2074 3364 2292 3435 Μαρίας
2317 3363 2414 3434 τῆς
2459 3355 2693 3431 ἀδελφῆς
2726 3359 2820 3412 τοῦ
2863 3361 3106 3422 Μωσέως
3136 3360 3230 3413 καὶ
3270 3359 3479 3430 Ἀαρὼν
3509 3361 3662 3427 sm.

2074 3456 2209 3526 νήθη
2239 3455 2364 3508 ἄνευ
2401 3454 2609 3524 σπορᾶς
2648 3455 2712 3503 ἐκ
2749 3449 2843 3502 τοῦ
2890 3450 3062 3518 Λόγου
3109 3449 3200 3502 τοῦ
3247 3449 3384 3502 Θεοῦ
3434 3452 3531 3503 καὶ
3563 3447 3657 3505 τοῦ

2073 3546 2410 3616 Πνεύματος.
2463 3545 2597 3612 Quis
2653 3543 2792 3597 hanc
2857 3545 3241 3614 ἀνιστορησῐαν
3296 3546 3649 3606 somniasset.

2073 3637 2179 3691 nisi
2227 3635 2516 3698 Moameth,
2547 3645 2598 3689 et
2629 3642 2781 3704 pater
2823 3633 2940 3702 ejus
2969 3634 3257 3687 diabolus?
3290 3631 3540 3703 Spatium
3570 3638 3652 3692 bis

2075 3728 2222 3781 mille
2261 3743 2528 3780 annorum
2567 3726 2709 3780 inter
2758 3724 2980 3778 Mariam
3029 3741 3273 3778 sororem
3324 3726 3551 3796 hioysis.
3600 3737 3654 3782 et

2075 3817 2296 3875 Mariam
2329 3834 2450 3888 qua:
2475 3819 2755 3872 Christum
2791 3817 3014 3888 peperit,
3057 3817 3384 3872 intercessit.
3415 3818 3530 3874 Nec
3553 3821 3658 3873 mi.

2075 3929 2178 3967 nus
2209 3909 2690 3980 reprehendendus
2720 3920 2804 3964 est
2840 3908 3153 3965 Fridericus
3187 3907 3536 3981 Sylburgius,
3562 3913 3656 3981 qui

2073 4004 2220 4059 notis
2248 4005 2301 4056 in
2335 4002 2684 4064 Saracenica,
2719 4002 2787 4055 de
2823 4001 3143 4056 adoratione
3181 4002 3482 4073 imaginum
3515 4005 3658 4060 male

2073 4095 2317 4150 sentiens
2344 4104 2504 4164 negat
2527 4093 2899 4148 adorationem
2925 4091 3108 4148 deberi
3132 4093 3302 4147 beatae
3333 4093 3520 4149 Mariae
3549 4096 3658 4149 vir-

2074 4186 2208 4257 gini,
2236 4185 2397 4255 idque
2429 4185 2566 4238 locis
2606 4183 2935 4254 quibusdam
2968 4185 3143 4238 sancti
3181 4183 3469 4254 Epiphanii
3513 4187 3658 4241 male

2075 4282 2143 4335 ab
2167 4280 2286 4351 ipso
2319 4276 2628 4333 intellectis.
2653 4274 2703 4330 ls
2733 4277 2876 4329 enim
2900 4276 2978 4330 uti
3009 4275 3339 4330 Calviniana:
3370 4286 3537 4331 sectae
3561 4278 3659 4331 ad.

395 4413 605 4460 certum
632 4367 860 4472 'aliquid
907 4367 1093 4454 statui.
1113 4403 1296 4468 potest
1326 4367 1404 4450 οἱ)
1455 4367 1633 4450 varias
1681 4403 1966 4448 auctorum
2002 4408 2047 4464 ι)
2076 4373 2254 4428 diuus
2285 4371 2516 4472 ερξτδίιῐξ
2545 4369 2600 4422 in
2631 4368 2737 4472 illis
2771 4367 2920 4422 ηοίίε
2965 4368 3197 4422 meme?
3221 4375 3275 4422 ει
3304 4367 3540 4424 ευὺάοιθ
3565 4385 3660 4425 Ve-

395 4498 714 4554 sententias.
753 4493 1116 4565 Augustinus,
1147 4491 1242 4546 lib.
1289 4505 1406 4544 xxu
1449 4497 1637 4542 contra
1686 4485 1969 4551 Faustum,

396 4606 517 4661 cap.
559 4589 650 4652 84,
686 4586 979 4657 significat,
1015 4595 1298 4655 peccatum
1329 4581 1448 4652 ejus
1479 4581 1652 4636 fuisse
1683 4579 1972 4636 crudelita-

395 4685 468 4738 tis
496 4689 551 4736 et
603 4679 847 4736 saevitiae.
895 4678 1004 4732 Alii
1037 4677 1442 4746 conjectarunt,
1479 4674 1654 4730 fuisse
1686 4680 1970 4742 peccatum

328 4777 330 4779 ’
396 4781 590 4830 contra
623 4780 899 4836 naturam,
945 4771 1090 4840 quod
1134 4769 1474 4834 admittebat,
1523 4768 1756 4822 abutens
1804 4777 1976 4818 uxore

395 4877 547 4921 extra
578 4880 675 4919 vas
708 4863 992 4918 muliebre.
1039 4861 1393 4918 Hebraeorum
1437 4860 1659 4915 traditio
1688 4865 1794 4923 est,
1828 4857 1974 4911 Tha-

397 4973 514 5012 mar
552 4957 722 5012 fuisse
751 4956 1174 5027 pulcherrimam
1203 4956 1479 5018 feminam,
1504 4967 1734 5022 eamque
1763 4951 1974 5021 perdite

396 5051 705 5103 adamatam
749 5063 873 5104 esse
923 5047 990 5102 ab
1037 5047 1166 5103 Iler.
1215 5046 1319 5112 Qui
1362 5061 1470 5116 quo
1509 5044 1718 5099 diutius
1765 5044 1972 5098 illibata

399 5143 519 5212 ejus
557 5141 962 5214 pulchritudine
1005 5141 1110 5195 frui
1143 5149 1348 5211 posset,
1379 5140 1560 5195 sciens
1594 5154 1691 5209 per
1726 5137 1974 5207 gravida—

401 5239 579 5292 tiones
610 5244 665 5292 et
702 5245 891 5306 partus
932 5234 1289 5290 deﬂorescere
1315 5233 1589 5293 decorem,
1616 5239 1670 5286 et
1712 5237 1971 5285 venusta-

400 5337 506 5385 tem
558 5330 909 5393 muliebrem,
957 5328 1013 5381 in
1060 5324 1462 5396 congrediendo
1517 5337 1642 5378 cum
1693 5323 1968 5388 Thamar,

393 5422 705 5478 effundebat
734 5439 918 5478 semen
944 5429 1098 5476 extra
1124 5436 1219 5474 vas
1256 5420 1421 5484 illius,
1451 5433 1518 5472 ne
1545 5416 1816 5487 gravidari
1845 5431 1972 5485 pos-

395 5520 497 5568 set.
533 5511 685 5566 Hanc
711 5519 933 5568 secutus
959 5521 1042 5566 est
1070 5510 1385 5578 Cajetanus,
1413 5525 1513 5564 nec
1554 5508 1768 5562 videtur
1805 5509 1873 5560 ab
1905 5522 1970 5560 ea

395 5604 748 5659 abhorruisse
764 5601 1002 5658 Joannes
1023 5602 1346 5666 Cassianus,
1367 5599 1660 5655 collatione
1671 5599 1723 5664 8,
1738 5613 1858 5668 cap.
1879 5597 1966 5660 Η,

396 5697 460 5761 dc
487 5704 712 5768 peccato
737 5696 910 5756 Onam
934 5695 1099 5753 verba
1132 5695 1357 5762 faciens,
1392 5692 1685 5752 verisimile
1711 5691 1856 5748 enim
1881 5699 1966 5748 est

2075 4481 2278 4521 nenum
2309 4463 2560 4527 effundit,
2610 4461 2753 4517 sicut
2795 4469 2849 4515 et
2885 4462 3141 4530 superius
3189 4458 3257 4514 de
3302 4471 3660 4518 sacramento

2074 4559 2430 4615 Eucharistia:
2471 4563 2654 4626 egerat
2698 4563 2753 4610 et
2793 4553 2849 4607 in
2893 4554 3015 4622 ipso
3056 4552 3261 4607 lumine
3287 4554 3573 4618 caecutire,
3606 4561 3661 4611 et

2075 4652 2254 4720 palam
2302 4648 2572 4704 mendacii
2602 4661 2764 4717 posse
2819 4645 3072 4699 convinci
3126 4661 3236 4699 non
3286 4657 3552 4714 veretur;
3606 4656 3662 4702 at

2075 4745 2203 4798 dum
2231 4757 2439 4798 venena
2462 4748 2704 4811 spargat,
2734 4755 2856 4809 qua:
2887 4739 3151 4797 inliciant.
3178 4754 3370 4808 parum
3401 4740 3478 4793 illi
3511 4757 3661 4796 cura:

2073 4845 2178 4900 est,
2212 4837 2256 4890 si
2285 4850 2439 4890 suam
2473 4835 2528 4888 in
2570 4831 2935 4904 scriptoribus
2977 4830 3344 4900 intelligendis
3377 4831 3660 4886 inscitiam

2075 4927 2387 4999 patefaciat.
2418 4924 2550 4980 Vide
2579 4926 2757 4994 ipsum
2795 4939 2853 4994 p.
2888 4922 2990 4976 156
3027 4931 3081 4977 ει
3113 4922 3233 4976 158.
3277 4921 3433 4988 Quod
3465 4924 3515 4978 si
3550 4939 3658 4979 non

2073 5029 2157 5075 est
2186 5020 2472 5079 invertere,
2504 5026 2954 5083 transversosque
2979 5028 3137 5083 agere
3163 5011 3354 5067 Patres
3381 5022 3435 5066 et
3464 5029 3661 5067 eorum

2075 5112 2396 5173 sententias,
2429 5107 2558 5179 quid
2599 5106 2740 5162 erit?
2775 5105 2900 5159 Haec
2941 5105 3064 5160 ideo
3099 5105 3356 5158 adnotavi
3393 5115 3449 5159 ut
3498 5115 3658 5160 notas

2074 5205 2196 5258 illas
2229 5209 2386 5257 caute
2415 5202 2588 5254 lector
2617 5205 2923 5268 percurrat.

2144 5313 2280 5368 Ibid.
2326 5311 2446 5404 ΤῆςΙ
2475 5309 2800 5382 ἀχράντου,
2843 5308 2974 5375 Qua:
3013 5318 3128 5364 tota
3159 5309 3390 5380 pulchra
3422 5320 3531 5377 est,
3555 5324 3654 5366 nec

2071 5410 2238 5464 ullam
2266 5401 2501 5460 admittit
2532 5404 2756 5458 omnino
2785 5405 3074 5458 triaculam.
3105 5401 3160 5456 In
3185 5419 3302 5456 eam
3335 5403 3575 5457 humiles
3601 5412 3652 5455 et

2072 5501 2274 5564 devoti,
2308 5501 2421 5554 haec
2450 5498 2700 5570 quamvis
2733 5497 3030 5568 incompta,
3061 5495 3254 5551 affectu
3286 5505 3467 5548 tamen
3495 5496 3652 5563 plena

2070 5594 2393 5650 cecinimus.
2435 5592 2566 5657 Quae
2595 5592 2716 5654 tibi,
2742 5573 3356 5662 Ιοειοτ,’φιλοπαροἐνῳ
3408 5603 3525 5644 non
3565 5585 3652 5644 in

2071 5699 2222 5761 grata
2256 5687 2370 5743 fore
2402 5685 2798 5741 existimamus.
3099 5733 3102 5736 .
3122 5675 3135 5689 ⁸
