3838 6158
426 231 562 286 1039

1757 231 2004 292 LEQNIS
2042 233 2317 286 ALLATll

3553 240 3697 295 1040

426 349 651 404 Mariam
698 348 875 419 stupri
919 356 974 404 et
1013 348 1283 420 sacrilegii
1321 355 1608 404 accusatos
1660 364 1727 404 ex
1777 351 1983 405 decreu

2103 368 2212 422 ρων
2263 350 2535 404 ἐκώλυσεν
2589 353 2936 422 ἐντυγχάνειν
2995 355 3176 418 αὐτοῖς
3221 354 3408 427 ὥσπερ
3451 359 3518 428 τῇ
3569 356 3698 430 θεία

423 445 766 501 sacerdotum
798 445 960 500 simul
999 444 1169 501 fuisse
1199 445 1422 500 adactos
1462 445 1530 498 ad
1562 443 1858 498 bibendum
1900 459 2000 514 po.

421 541 603 592 culum
634 537 1034 604 redargutionis
1060 553 1169 608 quo
1196 536 1408 608 Moyses
1431 536 1702 606 explorari
1729 536 1895 605 jussit
1927 536 2003 589 in-

420 634 730 687 nocentiam
773 631 987 686 femina:
1014 631 1080 686 de
1114 631 1386 686 adulterio
1435 637 1722 700 suspectae.
1763 629 2000 699 Epipha-

421 727 544 779 nius
586 725 887 777 monaclius
928 731 982 776 et
1035 723 1318 793 presbyter
1352 723 1535 776 libello
1577 721 1645 776 de
1688 723 1797 774 vita
1830 722 1999 775 beata!

421 819 601 873 Mariae
633 817 858 888 virginis
885 816 1144 870 .lacohum
1175 815 1320 868 hunc
1353 815 1486 868 dicit
1529 813 1698 867 fuisse
1725 811 1995 874 Judazum,

417 920 469 968 et
497 913 683 966 iisdem
709 925 831 964 cum
858 908 1078 977 Virgine
1105 907 1442 976 temporibus
1473 906 1673 960 vixisse
1701 925 1714 960 :
1747 905 1822 958 ita
1851 905 1998 960 enim

417 1006 483 1059 de
513 1021 579 1060 eo
611 1004 960 1074 pronuntiat:
996 999 1153 1053 Ἀλλὰ
1188 1001 1280 1052 καὶ
1312 1001 1360 1051 οἰ
1409 999 1854 1070 ἐπιχειρήσαντες
1901 997 1994 1051 καὶ

417 1097 557 1167 μέρη
613 1094 733 1147 τινὰ
773 1093 1017 1154 εἰπόντες
1057 1091 1157 1143 οὐκ
1197 1089 1658 1159 ὀρθοτομήσαντες
1703 1089 1840 1158 ἀμφ’
1867 1090 1994 1140 ἐαυν

411 1192 522 1252 τοῖς
551 1187 804 1256 γεγόνασι
832 1186 1147 1254 κατήγοροι,
1175 1176 1276 1234 οἷοι
1302 1180 1555 1244 Ἰάκωϐος
1596 1179 1866 1250 Ἐϐραῖος,
1903 1180 1994 1233 καὶ

425 1277 828 1351 Ἀφροδισιανὸς
875 1277 1110 1348 Πέρσης,
1159 1275 1254 1327 καὶ
1291 1273 1439 1328 άλλοι
1461 1273 1626 1335 τινὲς,
1664 1271 1822 1343 μόνον
1868 1273 1995 1344 περ)⁵

408 1372 507 1439 τῆς
544 1369 809 1437 γενέσεως
845 1367 1018 1436 αὐτῆς
1063 1365 1344 1429 εἰπόντες,
1395 1363 1597 1426 εὐθέως
1658 1363 1991 1434 ἐσιώπησαν.

409 1461 543 1531 Περί
570 1461 626 1514 δὲ
665 1459 765 1528 τῆς
799 1459 1106 1528 κοιμήσεως
1151 1457 1321 1525 αὐτῆς
1363 1455 1612 1526 Ἰωάννης
1649 1457 1677 1507 6
1718 1455 1992 1508 Θεσσαλο-

406 1555 624 1616 νικεὺς,
675 1550 1104 1620 πολυθρύλλητον
1155 1548 1520 1618 ποιησάμενος
1567 1546 1722 1614 λόγον
1757 1585 1772 1610 ,
1833 1544 1994 1607 αὐτὸς

407 1646 598 1699 ἑαυτὸν
646 1643 959 1697 ἐπεσκίασε.
1000 1643 1108 1694 Καὶ
1161 1641 1346 1711 ἕτερος
1391 1639 1446 1691 δὲ
1506 1638 1787 1708 Ἰωάννης,
1831 1637 1992 1690 αὑτὸν

2103 441 2262 514 λοιπῇ
2302 443 2513 514 Γραφῇ.
2550 444 2659 497 Ka‘t
2685 446 2846 516 ἡμεῖς
2875 445 2976 508 τὰς
3007 447 3438 518 περιγραφείσας
3461 450 3694 520 χρήσεις

2101 537 2240 608 ὑπὲρ
2269 537 2364 591 τοῦ
2406 539 2574 604 δεῖξαι
2609 539 2766 609 μόνον
2798 538 2896 606 τὴν
2929 539 3038 593 τῶν
3071 541 3388 612 ἐγρηγόρων
3432 541 3694 611 παράϐα-

2103 645 2206 691 σιν,
2240 629 2331 682 xui.
2359 629 2458 700 τὴν
2502 629 2610 684 τῶν
2639 632 2910 700 γιγάντων
2959 632 3238 700 ἀσέϐειαν,
3283 635 3409 704 περὶ
3436 631 3500 705 ἧς
3538 636 3634 687 καὶ
3662 634 3692 684 6

2101 723 2242 785 θεῖος
2269 724 2508 794 Μωῦσῆς
2541 725 2831 794 μέμνηται,
2864 727 2958 778 καὶ
2986 725 3067 777 ὅτι
3099 723 3165 776 δι’
3200 724 3393 787 αὐτοὺς
3419 727 3448 776 6
3489 741 3688 794 κοσμι-

2100 814 2193 878 κὸς
2234 815 2423 883 γέγονε
2467 815 2847 886 κατακλυσμὸς
2893 815 3264 886 παρεθέμεθα.
3319 815 3460 870 Bene
3493 817 3684 885 itaque

2101 914 2279 957 aetum
2329 919 2452 958 cum
2504 905 2606 959 hoc
2638 913 2885 968 auctore,
2915 921 3038 958 cum
3074 903 3394 960 Eustathius
3433 907 3679 970 omissis,

2098 1005 2151 1051 et
2180 997 2518 1051 detruncatis
2552 998 2640 1060 iis,
2671 1013 2792 1066 quae
2827 997 3012 1051 fucum
3045 997 3225 1053 facere
3256 1012 3496 1067 possent,
3524 1000 3681 1054 utilia

2099 1097 2312 1156 tantum,
2345 1089 2618 1159 decerpsit
2661 1091 2858 1145 devoto
2907 1091 3116 1152 lectori,
3165 1087 3514 1162 Virginisque
3558 1101 3680 1147 stu-

2099 1179 2255 1234 dioso
2287 1197 2392 1236 non
2427 1182 2800 1249 incommoda;
2831 1183 2962 1252 quin
3002 1183 3139 1236 tanti
3167 1182 3343 1237 Patris
3373 1189 3680 1241 auctoritas

2100 1272 2314 1340 pondus
2368 1272 2468 1334 illi,
2505 1282 2559 1327 et
2591 1276 2976 1328 auctoritatem
3022 1274 3194 1336 addit,
3232 1277 3505 1345 praecipue
3549 1291 3678 1330 cum

2098 1363 2233 1416 nihil
2267 1365 2337 1418 sit
2371 1380 2436 1418 ex
2483 1365 2572 1428 iis,
2608 1381 2729 1434 quae
2767 1367 2856 1419 hic
2900 1364 3234 1431 referuntur,
3268 1368 3414 1436 quod
3448 1369 3533 1422 vel
3569 1367 3676 1423 Ec-

2095 1454 2274 1508 clesiae
2307 1456 2387 1510 vel
2415 1457 2530 1525 ejus
2572 1459 2888 1512 auctoritati
2921 1461 3256 1513 contrarium
3311 1461 3401 1520 sit,
3447 1461 3561 1514 imo
3594 1471 3682 1517 te-

2096 1548 2370 1602 stimoniis
2417 1551 2687 1620 dictisque
2734 1552 2964 1606 aliorum
3015 1551 3239 1606 Patrum
3290 1561 3343 1608 et
3373 1554 3675 1611 historico-

2096 1653 2214 1692 rum
2240 1641 2421 1693 omnia
2473 1642 2581 1696 sint
2629 1651 3018 1697 consentanea.
3077 1641 3261 1712 quue
3323 1644 3583 1699 libentius
3618 1646 3675 1700 in

406 1739 652 1806 θεολόγον
681 1735 1016 1806 ὲπιχρώσας,
1049 1733 1170 1786 τότε
1201 1732 1430 1801 ψεύδους
1472 1730 1722 1800 ἔγκλημα
1753 1730 1838 1797 ἐφ’
1867 1731 1983 1781 ἐαυ-

2091 1729 2231 1784 hanc
2262 1731 2432 1783 ducor
2465 1737 2812 1796 sententiam,
2849 1748 2971 1786 cum
3005 1732 3217 1786 videam
3252 1749 3358 1787 non
3399 1735 3615 1788 laudari
3643 1751 3674 1789 a

404 1831 493 1884 τὸν
546 1829 914 1884 ἐπεσπάσατο.
981 1825 1234 1896 Ἀνδρέας
1283 1824 1339 1877 δὲ
1382 1826 1410 1876 6
1456 1823 1516 1887 ἐξ
1569 1821 1986 1894 Ἰεροσολύμων,

404 1925 703 1985 ἐπίσκοπος
738 1923 984 1993 Κρήτης,
1030 1918 1187 1986 ὀλίγα
1230 1916 1352 1970 τινὰ
1395 1914 1584 1976 εἰπὼν,
1637 1915 1730 1967 καὶ
1774 1913 1991 1985 ὀρθοτο-

408 2017 588 2087 μήσας
617 2015 696 2076 εἰς
734 2012 1010 2082 ἐγκωμίου
1031 2008 1184 2073 τάξιν
1204 2008 1300 2079 τὴν
1333 2008 1584 2078 διήγησιν
1619 2005 1865 2075 ἔστησεν.
1900 2003 1984 2071 Ει,

402 2108 683 2162 nonnullis
711 2104 1008 2175 interjectis
1040 2121 1056 2157 :
1085 2101 1397 2163 Ἀθανάσιος
1421 2101 1477 2154 δὲ
1501 2103 1529 2153 6
1563 2099 1984 2170 Ἀλεξανδρείας,

403 2202 498 2254 καὶ
522 2200 673 2253 Λέων
697 2201 725 2252 6
773 2196 1014 2267 Ῥώμης,
1050 2195 1293 2258 εἰπόντες
1319 2194 1448 2264 περὶ
1469 2194 1658 2264 αὐτῆς,
1689 2194 1773 2245 ὅτι
1798 2191 1987 2244 ἐπιθυ-

407 2292 535 2362 μίαν
586 2289 778 2360 ἀνδρὸς
820 2288 1077 2358 ἠγνόησε,
1106 2285 1201 2340 καὶ
1250 2286 1306 2338 αἱ
1365 2284 1519 2352 ἆγιαι
1567 2285 1736 2335 πᾶσαι
1783 2281 1986 2334 σύνοδοι

400 2385 670 2458 όρθόδοξοι
721 2383 782 2434 τὸ
833 2381 964 2436 αὐτὸ
1001 2377 1486 2450 ἐπιμαρτυροῦσιν.
1543 2371 1667 2429 Οἷον
1731 2374 1986 2440 Ἰάκωϐος

414 2480 682 2551 Ἐϐραῖος,
717 2477 836 2529 τότε
875 2472 1087 2544 παρὼν,
1123 2474 1217 2525 καὶ
1272 2471 1343 2524 τὰ
1384 2471 1510 2541 περὶ
1553 2469 1720 2541 αὐτὴν
1749 2468 1984 2541 γράψας,

400 2572 571 2639 λέγει,
602 2570 704 2634 ὄτι,
739 2568 826 2620 διὰ
850 2566 910 2619 τὸ
953 2563 1203 2635 γενέσθαι
1231 2563 1384 2629 ξένον
1411 2563 1504 2614 καί
1529 2560 1987 2632 παρηλλαγμένον

401 2663 544 2719 κατά
595 2662 773 2716 πάντα
820 2661 912 2714 τὸν
969 2658 1221 2720 τοκετὸν,
1275 2655 1677 2728 ψηλαφισθείσα
1739 2654 1844 2707 ὑπὸ
1888 2653 1987 2722 τῆς

404 2759 592 2830 μαίας,
642 2753 839 2826 εὑρέθη
886 2751 1173 2823 παρθένος,
1227 2749 1302 2812 ὼς
1350 2748 1457 2818 πρὸ
1506 2746 1600 2799 τοῦ
1647 2746 1842 2799 τόκου·
1892 2744 1986 2799 καὶ

412 2847 622 2902 Ῥουϐὶν
651 2845 708 2898 δὲ
737 2847 765 2898 6
797 2843 972 2914 ἱερεὺς
1028 2841 1185 2896 τοῦτο
1217 2839 1728 2910 ἐπεξεργασάμενος
1775 2836 1863 2890 διὰ
1887 2837 1986 2908 τῆς

399 2939 618 3009 Μαρίας
653 2934 1096 3007 ἐπληροφορήθη.
1136 2932 1413 3001 Quidquid
1469 2940 1651 2984 tamen
1705 2931 1795 2991 sit,
1851 2929 1986 2984 illud

401 3033 751 3088 verissimum
800 3037 905 3089 est,
956 3027 1221 3096 scriptum
1254 3026 1357 3079 hoc
1392 3039 1514 3080 esse
1565 3022 1875 3091 antiquum,
1927 3030 1980 3076 et

401 3125 759 3180 circumcirca
825 3107 1197 3182 apostolorum
1262 3125 1507 3187 tempora
1577 3116 1971 3184 conscriptum.

400 3217 511 3273 Nec
538 3216 785 3278 dubium,
817 3214 874 3267 in
905 3214 1028 3275 hoc,
1054 3212 1196 3266 sicut
1224 3217 1278 3265 et
1308 3211 1361 3263 in
1394 3209 1581 3262 multis
1604 3207 1726 3262 aliis
1755 3207 1974 3270 accidit,

400 3315 470 3371 ab
514 3312 786 3368 haereticis
835 3310 1006 3363 multa
1041 3307 1213 3361 fuisse
1264 3305 1468 3358 inserta
1514 3303 1824 3358 astruenda:
1858 3317 1980 3371 pro.

403 3407 534 3476 priaa
593 3404 864 3457 haereseos
899 3415 1087 3464 causa,
1135 3396 1496 3464 veritatisque
1540 3395 1824 3447 catholica:
1881 3393 1977 3446 de-

399 3496 693 3554 struendus.
739 3494 975 3563 Ideoque
1003 3492 1123 3561 ejus
1152 3491 1313 3545 lectio
1340 3504 1440 3543 nec
1469 3487 1724 3540 omnibus
1754 3484 1980 3554 permit-

401 3592 582 3654 tenda,
610 3598 663 3643 et
698 3588 1008 3657 quicunque.
1049 3582 1296 3652 legerint,
1329 3586 1534 3635 attente
1578 3577 1708 3632 illud
1758 3591 1978 3645 percur-

401 3691 541 3744 rent,
577 3698 646 3736 ne
693 3695 814 3749 quae
859 3676 1098 3731 hmretici
1137 3673 1397 3738 absurda,
1430 3679 1484 3726 et
1533 3681 1721 3725 contra
1761 3668 1977 3721 divinas

402 3773 635 3828 Litteras
663 3771 826 3831 clam,
853 3767 1153 3835 doloseque
1173 3763 1554 3825 disseminant,
1587 3761 1689 3830 ipsi
1716 3767 1976 3828 tanquam

399 3878 526 3916 vera
558 3860 812 3914 hauriant
843 3866 897 3914 et
929 3858 1185 3928 genuina,
1219 3856 1286 3910 de
1332 3854 1536 3923 quibus
1565 3862 1724 3906 caute
1756 3851 1888 3905 satis
1923 3857 1977 3903 et

399 3955 666 4023 Georgius
705 3950 1026 4023 Syncellus:
1063 3948 1250 4002 Ταῦτα
1285 3949 1382 4018 μὲν
1429 3949 1493 4000 ἐκ
1522 3944 1616 3998 τοῦ
1649 3943 1864 4014 πρώτου
1899 3941 1978 4012 βι-

399 4043 549 4095 ϐλίου
593 4041 762 4110 Ἑνὼχ
789 4041 918 4112 περὶ
942 4040 1048 4092 τῶν
1076 4038 1412 4109 ἐγρηγόρων,
1437 4038 1486 4089 εἰ
1514 4037 1609 4090 καὶ
1646 4034 1718 4106 μὴ
1759 4032 1978 4095 τελείως

398 4136 504 4208 χρὴ
544 4135 832 4207 προσέχειν
858 4131 1215 4202 άποκρύφοις,
1252 4130 1485 4202 μάλιστα
1525 4129 1650 4189 τοὺς
1682 4125 1978 4180 ἁπλουστέο

400 4247 549 4302 ρους,
578 4227 667 4280 διά
697 4243 756 4279 τε
792 4226 853 4278 τὸ
890 4225 1107 4297 κρυπτά
1147 4238 1269 4276 τινα
1298 4221 1394 4274 καὶ
1429 4219 1624 4291 ἀτριϐῆ
1658 4218 1755 4288 τῆς
1783 4215 1978 4286 ἐκκλη-

400 4319 684 4391 σιαστικῆς
709 4317 1054 4390 παραδόσεως
1086 4316 1248 4387 ἔχειν,
1295 4314 1388 4368 καὶ
1419 4312 1506 4366 διὰ
1531 4313 1593 4363 τὸ
1631 4308 1976 4362 νενοθεῦσθαι

2089 1831 2282 1876 nostro
2328 1822 2617 1879 Eustathio
2672 1833 2930 1895 tanquam
2989 1841 3128 1894 opus
3156 1825 3342 1881 Jacobi
3406 1831 3672 1898 apostoli,

2088 1914 2184 1970 sed
2219 1916 2446 1971 alterius
2475 1917 2784 1986 cujusdam,
2818 1916 2963 1986 quod
2993 1919 3297 1974 clarissime
3327 1921 3675 1989 signiﬁCatur

2088 2005 2366 2063 additione
2405 2008 2495 2062 illa
2551 2026 2657 2072 τις,
2702 2009 2955 2074 Ἰάκωϐός
2985 2027 3071 2072 τις
3096 2049 3111 2073 ,
3149 2009 3379 2066 Iacobus
3423 2014 3667 2083 quidam.

2087 2099 2242 2165 Quod
2268 2100 2314 2154 si
2343 2102 2711 2156 existimasset
2731 2117 2854 2156 esse
2883 2105 3134 2171 apostoli,
3169 2120 3446 2174 nunquam
3480 2106 3673 2160 siluis-

2088 2202 2199 2255 set;
2231 2200 2303 2256 et,
2333 2193 2478 2261 quod
2508 2208 2616 2247 non
2651 2202 2736 2248 est
2769 2194 2996 2249 minoris
3038 2197 3319 2259 momenti,
3367 2196 3674 2267 Gregorius

2092 2281 2373 2353 Nyssenus
2419 2284 2486 2339 de
2539 2286 2826 2343 nativitate
2869 2286 3104 2357 Virginis
3151 2298 3415 2352 tractans,
3459 2306 3530 2343 ex
3564 2289 3674 2344 hoc

2087 2376 2270 2432 libello
2301 2380 2472 2432 multa
2510 2389 2786 2435 mutuatus
2824 2397 2946 2436 esse
2975 2383 3190 2437 videtur
3216 2383 3380 2436 tacito
3417 2385 3668 2438 auctoris

2087 2469 2325 2533 nomine,
2357 2469 2459 2524 etsi
2500 2469 2644 2525 inter
2688 2474 2997 2543 apocrypha
3045 2475 3288 2542 rejiciat;
3327 2474 3448 2543 ejus
3503 2476 3666 2529 verba

2087 2563 2356 2619 habentur
2391 2564 2534 2634 apud
2569 2564 2889 2636 Symeonem
2920 2568 3341 2638 Metapbrastem
3373 2569 3448 2622 De
3467 2570 3669 2623 notiti-

2088 2657 2284 2710 tatefet
2341 2657 2647 2711 educatione
2697 2657 2860 2714 beatas
2911 2660 3102 2714 Maria:
3145 2661 3368 2728 Virginis
3398 2678 3416 2715 :
3455 2661 3669 2716 Αὐτίκα

2085 2747 2215 2816 γοῦν
2271 2750 2298 2801 ὁ
2353 2748 2494 2812 θεῖος
2545 2750 2841 2821 Γρηγόριος
2893 2754 2950 2804 ἐν
3001 2751 3078 2822 τῷ
3125 2753 3286 2822 λόγῳ,
3328 2754 3386 2816 ὃς
3441 2754 3521 2816 είς
3569 2753 3669 2825 τὴν

2085 2839 2322 2910 Χριστοῦ
2360 2841 2608 2911 γέννησιν
2642 2843 2790 2913 αύτῷ
2822 2845 3120 2915 συνετάχθη
3157 2845 3336 2899 τοιάδε
3379 2847 3509 2916 περὶ
3536 2845 3666 2898 ταύ-

2085 2947 2183 3001 της
2211 2931 2566 3001 διαλαμϐάνει
2586 2949 2600 2962 ·
2647 2933 2910 2996 ’Ἡχουσα,
2947 2934 3140 3001 λέγων,
3170 2934 3490 3006 άποκρύφου
3520 2935 3664 2999 τινὸς

2089 3023 2325 3094 ἱστορίας
2343 3024 2565 3078 τοιαῦτα
2593 3026 3028 3097 παρατιθεμένης
3051 3026 3118 3079 τά
3138 3029 3263 3099 περὶ
3282 3029 3451 3098 αὐτῆς
3467 3028 3664 3099 διηγή-

2081 3131 2258 3187 ματαο
2286 3117 2583 3188 Ἐπίσημος
2601 3113 2686 3188 ἦν.
2703 3129 2808 3174 etc.
2835 3119 2963 3185 Qua:
2987 3122 3219 3189 pessime
3241 3128 3307 3174 .ta
3326 3122 3561 3176 reddidit
3581 3123 3667 3178 itt-

2078 3217 2288 3278 terpres
2308 3211 2527 3266 :Audivi
2545 3228 2817 3277 arcanam,
2841 3223 2888 3265 et
2906 3214 3160 3266 occultam
3183 3214 3463 3283 quamdam
3494 3215 3663 3269 histo-

2078 3302 2215 3353 riam
2233 3303 2364 3355 tales
2381 3302 2446 3354 de
2467 3318 2527 3356 ea
2550 3303 2850 3370 prodentem
2879 3306 3233 3368 narrationes,
3255 3322 3352 3358 nec
3373 3307 3518 3360 enim
3538 3306 3668 3358 ἀπό-

2077 3410 2283 3466 κρυφος
2345 3395 2398 3447 in
2448 3395 2726 3460 historiis,
2771 3411 3001 3458 arcana,
3057 3404 3112 3450 et
3164 3398 3379 3450 occulta
3427 3397 3660 3450 historia

2077 3495 2180 3540 est.
2213 3486 2348 3540 Puto
2384 3487 2527 3540 hunc
2571 3502 2692 3542 esse
2721 3485 2984 3541 Iacobum
3035 3489 3193 3557 cujus
3244 3489 3497 3542 meminit
3533 3485 3652 3542 Ori-

2077 3594 2243 3650 genes
2275 3579 2422 3632 hom.
2462 3579 2529 3632 l3
2556 3579 2607 3632 in
2636 3577 2972 3632 Man/neum.

2148 3668 2265 3722 Col.
2299 3667 2421 3727 772,
2453 3669 2549 3722 lin.
2602 3669 2690 3723 51.
2728 3669 2823 3722 Ἐν
2861 3668 2990 3735 ταῖς
3009 3667 3248 3737 φυλαῖς.
3284 3669 3355 3725 De
3402 3672 3508 3728 hoc
3540 3671 3662 3726 vide

2077 3759 2340 3814 Joannem
2393 3759 2820 3824 Damascenum,
2872 3760 2948 3815 De
3005 3763 3111 3831 [ide
3166 3762 3376 3819 orihod.
3432 3765 3530 3819 lib.
3588 3783 3658 3832 Iv,

2079 3857 2243 3926 capit.
2280 3855 2381 3921 15;
2416 3855 2804 3926 Epiphanium,
2844 3857 3033 3911 lueres.
3065 3856 3151 3921 78,
3201 3856 3466 3913 adversus
3506 3859 3659 3914 Anti-

2080 3946 2558 4014 dicomai-ianitas;
2608 3954 2664 4002 et
2717 3947 2910 4002 haeres.
2971 3946 3038 4012 9,
3097 3947 3360 4004 adversus
3425 3948 3658 4022 Collyri-

2080 4037 2294 4093 dianos.

2149 4129 2310 4193 lbid.,
2335 4129 2432 4184 lin.
2452 4127 2540 4184 ⁸52.
2563 4129 2788 4199 ’Δγ-δρα
2818 4132 3139 4186 πλούσιον.
3168 4128 3416 4186 Joachim
3434 4129 3656 4188 Patrem

2085 4221 2325 4292 Virginis
2341 4232 2395 4277 et
2412 4221 2656 4286 divitem,
2683 4231 2737 4278 et
2757 4223 2962 4278 sobolis
2976 4231 3247 4294 expertem
3274 4226 3519 4279 maximo
3535 4240 3659 4280 cum

2081 4312 2269 4368 dolore
2291 4314 2357 4368 ad
2380 4313 2548 4368 Deum
2564 4314 2877 4385 confugisse
2898 4316 2969 4368 ita
2994 4323 3180 4368 narrat
3197 4313 3498 4384 Gregorius
3521 4316 3658 4387 Nys-

397 4414 536 4469 αὐτὰ
562 4413 668 4466 ὑπὸ
703 4410 966 4467 Ἰουδαίων
982 4411 1075 4464 καὶ
1099 4407 1408 4480 αἱρετικῶν.
1441 4405 1594 4474 Πλὴν
1614 4403 1708 4456 καὶ
1736 4405 1765 4454 6
1796 4401 1970 4472 μακάε-
2005 4410 2048 4464 ι)
2077 4421 2260 4467 senus,
2276 4405 2522 4460 oratione
2535 4405 2614 4468 d.,
2632 4407 2823 4476 Ἐπίση
2833 4423 2928 4477 μος
2943 4402 3011 4478 ἦν
3024 4409 3080 4459 ἐν
3095 4410 3159 4478 τῇ
3175 4406 3310 4459 κατὰ
3326 4407 3492 4477 νόμον
3505 4408 3660 4478 ἀκριο

399 4525 516 4580 ριος
545 4503 758 4569 Παῦλος
804 4503 1046 4566 σπανίως
1078 4499 1349 4572 ἐχρήσατό
1380 4513 1520 4550 τισιν
1548 4497 1606 4561 ἐξ
1639 4492 1972 4562 ἀποκρύφων

397 4600 677 4670 χρήσεσιν,
692 4597 767 4660 ώς
791 4597 917 4649 ὅταν
939 4594 1102 4665 φησιν
1125 4593 1182 4644 ἐν
1204 4593 1270 4661 τῇ
1290 4588 1423 4660 πρὸς
1444 4585 1762 4659 Κορινθίους
1779 4582 1974 4654 πρώτῃ

411 4689 695 4760 Ἐπιστολῇ
714 4688 782 4742 τὰ
803 4708 822 4742 ι
844 4685 1151 4757 Ὀφθαλμδς
1165 4685 1264 4736 οὐκ
1280 4678 1506 4744 εἶδε,καί
1519 4677 1614 4742 οῦς
1634 4677 1734 4730 οὐκ
1749 4675 1972 4746 ἤκουσε,

396 4783 491 4839 καὶ
515 4783 606 4837 ἐπὶ
635 4781 860 4854 καρδίαν
889 4776 1176 4850 ἀνθρώπου
1219 4775 1319 4828 οὐκ
1352 4770 1540 4844 ἀνέϐη,
1573 4789 1592 4822 ι
1630 4768 1724 4822 καὶ
1758 4766 1824 4820 τά
1848 4765 1974 4836 ἐξῆς

407 4875 563 4930 Ἠλία
611 4871 964 4944 ἀποκρύφων.
1009 4869 1120 4922 Καὶ
1153 4867 1313 4921 πάλιν
1342 4867 1398 4918 ἐν
1443 4866 1508 4934 τῇ
1544 4862 1682 4934 πρὸς
1729 4859 1975 4922 Γαλάτας

396 4971 459 5022 ἐκ
500 4967 598 5037 τῆς
640 4964 916 5027 Μωῦσέως
946 4959 1356 5030 ἀποκαλύψεως
1398 4975 1417 5008 ι
1455 4957 1591 5011 Οὔτε
1621 4956 1890 5027 περιτομή
1921 4955 1974 5007 τί

396 5064 541 5113 ἐστιν
567 5058 690 5112 οὕτε
723 5055 1077 5128 ἀκροϐυστία,
1109 5052 1246 5106 ἀλλὰ
1273 5051 1435 5122 καινὴ
1466 5050 1663 5113 κτίσις.
1713 5069 1732 5101 ι
1768 5049 1876 5101 Καὶ
1918 5049 1975 5100 ἐν

397 5155 460 5224 τῇ
494 5153 628 5224 πρὸς
661 5149 938 5218 Ἐφεσίους
969 5150 1031 5200 ἐκ
1054 5147 1158 5200 τῶν
1203 5144 1461 5216 Ἰερεμίου
1505 5143 1812 5214 λεγομένων
1842 5143 1976 5195 ἀπο-

397 5243 641 5316 κρύφων,
683 5261 701 5294 ι
745 5243 1020 5317 Ἕγειραι,
1043 5242 1071 5293 6
1101 5238 1398 5303 καθεύδων,
1431 5237 1523 5290 καὶ
1555 5236 1760 5288 ἀνάστα
1796 5237 1860 5288 ἐκ
1890 5252 1978 5287 νε-

398 5335 564 5406 κρῶν,
600 5337 694 5388 καὶ
727 5333 1018 5402 ἐπιφαύσει
1048 5349 1129 5385 σοι
1150 5332 1178 5384 6
1204 5330 1454 5402 Χριστός.
1489 5347 1510 5380 ι
1549 5328 1732 5381 Ταῦτα
1761 5328 1816 5380 δὲ
1843 5329 1974 5397 ἡμῖν

399 5428 608 5500 εἴρηται
639 5429 701 5481 ού
737 5427 872 5498 πρὸς
921 5425 1099 5479 ἄδειαν
1149 5423 1257 5476 τῶν
1295 5421 1630 5492 βουλομένων
1665 5421 1975 5489 ἀδιαφόρως

398 5519 776 5590 ἐντυγχάνειν*
813 5517 886 5589 μὴ
931 5517 1170 5586 γένοιτοί
1216 5515 1407 5568 Πολλοὶ
1444 5514 1552 5586 γάρ
1582 5514 1889 5584 ἐϐλάϐησαν
1917 5513 1976 5565 ἐν

401 5614 562 5666 πᾶσιν
592 5611 771 5674 αὐτοῖς
806 5609 1180 5672 πιστεύοντες’
1209 5609 1329 5662 ὅθεν
1359 5609 1452 5660 καὶ
1484 5609 1516 5678 ἡ
1560 5606 1690 5676 άγία
1715 5605 1807 5658 τοῦ
1837 5604 1974 5658 Θεοῦ

411 5702 724 5774 Ἐκκλησία,
772 5702 865 5754 καὶ
896 5703 924 5754 6
969 5701 1126 5770 χορὸς
1153 5701 1260 5754 τῶν
1289 5700 1560 5771 θεοφόρων
1597 5698 1754 5770 ἡμῶν
1799 5699 1974 5752 Πατέ-

2075 4497 2160 4550 ϐεἰ
2172 4497 2437 4569 πολιτείᾳ,
2449 4497 2541 4550 καὶ
2557 4497 2829 4571 γνώριμος
2841 4501 2898 4552 ὲν
2910 4503 3021 4563 τοῖς
3037 4498 3337 4563 καλλίστοις
3349 4502 3377 4553 6
3389 4501 3488 4569 τῆς
3510 4499 3659 4569 Παρ-

2077 4587 2228 4642 θένου
2256 4589 2459 4662 πατὴρ.
2488 4591 2653 4656 ἄπαις
2686 4591 2743 4645 δὲ
2789 4593 3072 4662 κατεγήρα
3103 4592 3194 4644 τὸν
3229 4591 3364 4662 βίον,
3402 4593 3486 4644 ὅτι
3511 4590 3661 4661 αὐτῷ

2077 4680 2213 4754 πρὸς
2242 4682 2584 4751 τεκνογονίαν
2637 4683 2736 4736 οὐκ
2770 4682 3085 4754 ἐπιτηδείως
3135 4677 3279 4754 εἶχεν
3313 4684 3346 4753 ὴ
3386 4682 3658 4747 σύνοικος.

2075 4767 2184 4826 Ἦν
2204 4772 2262 4826 δέ
2305 4791 2388 4838 τις
2414 4777 2478 4828 ἐκ
2501 4775 2594 4828 τοῦ
2626 4775 2791 4844 νόμου
2821 4776 2952 4846 τιμὴ
3001 4778 3121 4838 ταῖς
3162 4775 3453 4846 μητράσιν,
3494 4771 3565 4848 ἦς
3599 4775 3659 4828 ού

2080 4869 2327 4937 μετεῖχον
2353 4868 2403 4918 οἱ
2433 4866 2634 4935 ἄγονοι.
2654 4868 2919 4938 Μιμεῖται
2937 4867 3116 4920 τοίνυν
3140 4869 3232 4920 καὶ
3261 4868 3402 4937 αὐτὴ
3436 4867 3508 4920 τὰ
3536 4870 3659 4938 περὶ

2075 4958 2173 5027 τῆς
2205 4957 2410 5028 μητρὸς
2437 4957 2533 5011 τοῦ
2562 4959 2814 5031 Σαμουὴλ
2851 4959 3190 5030 διηγήματα,
3227 4960 3320 5012 καὶ
3361 4960 3518 5022 ἐντὸς
3567 4959 3657 5012 τοῦ

2077 5050 2206 5103 ναοῦ
2247 5051 2415 5119 ἁγίων
2466 5051 2745 5122 γινομένη,
2797 5052 2980 5124 ἱκέτης
3017 5053 3226 5120 γίνεται
3257 5051 3354 5105 τοῦ
3398 5053 3540 5106 Θεοῦ
3588 5053 3660 5123 μὴ

2077 5141 2182 5206 ἔξω
2213 5146 2397 5197 πεσεῖν
2427 5144 2525 5213 τῆς
2560 5145 2622 5196 ἐκ
2650 5144 2756 5198 τῶν
2798 5145 2975 5214 νόμων
3028 5145 3296 5212 εὐλογίας,
3340 5145 3656 5218 ἐξαμαρτά-

2077 5253 2242 5289 νουσα
2275 5238 2404 5308 περὶ
2435 5237 2525 5290 τὸν
2557 5238 2722 5308 νόμον
2753 5238 2903 5290 οὐδέν
2923 5255 2936 5267 ·
2969 5237 3299 5306 γενέσθαιδέ
3332 5240 3523 5310 μήτηρ
3569 5242 3656 5293 καὶ

2077 5328 2382 5399 ἀφιερῶσαι
2412 5328 2531 5399 Θεῷ
2562 5330 2622 5382 τὸ
2650 5330 2984 5400 τικτόμενον.
3022 5327 3156 5384 Vide
3185 5328 3552 5398 Epiphaniuin
3583 5328 3657 5383 De

2077 5421 2330 5474 laudibus
2367 5423 2532 5475 beatw
2587 5421 2778 5476 Maria:
2829 5421 3100 5491 Virginis,
3155 5423 3430 5476 Andream
3479 5424 3654 5477 Casa-

2079 5514 2338 5576 riensein,
2375 5513 2728 5579 Germanum,
2764 5523 2817 5567 et
2847 5516 3004 5570 alios.

2146 5605 2260 5660 Col.
2302 5606 2424 5668 773,
2467 5607 2564 5660 lin.
2603 5606 2689 5661 l3.
2737 5607 2846 5660 Καὶ
2888 5607 3068 5674 γνοὺς
3104 5606 3220 5674 τὴν
3246 5607 3525 5676 γυναῖκα.
3579 5603 3652 5659 ES

2079 5698 2164 5754 his
2195 5698 2454 5754 refellitur
2492 5699 2987 5770 Collyridianorum
3034 5715 3207 5767 error,
3240 5701 3332 5770 qui
3367 5699 3458 5754 Dei
3494 5700 3651 5755 (Scai-
