  <div class='ocr_page' id='page_1' title='image "/cluster/home/n/w/nwhite01/storage/ocr_20150623/18/nnc1.0046978550/538.png"; bbox 0 0 3838 6158; ppageno 0'>
   <div class='ocr_carea' id='block_1_1' title="bbox 208 344 340 399">
    <p class='ocr_par' dir='ltr' id='par_1_1' title="bbox 208 344 340 399">
     <span class='ocr_line' id='line_1_1' title="bbox 208 344 340 399; baseline 0 0"><span class='ocrx_word' id='word_1_1' title='bbox 208 344 340 399; x_wconf 73' lang='grc'><strong>1041</strong></span> 
     </span>
    </p>
   </div>
   <div class='ocr_carea' id='block_1_2' title="bbox 1227 325 2500 414">
    <p class='ocr_par' dir='ltr' id='par_1_2' title="bbox 1227 325 2500 414">
     <span class='ocr_line' id='line_1_2' title="bbox 1227 325 2500 414; baseline 0.005 -8"><span class='ocrx_word' id='word_1_2' title='bbox 1227 351 1295 406; x_wconf 84' lang='lat' dir='ltr'><strong>IN</strong></span> <span class='ocrx_word' id='word_1_3' title='bbox 1336 351 1708 411; x_wconf 67' lang='lat' dir='ltr'><strong>susrsrnn</strong></span> <span class='ocrx_word' id='word_1_4' title='bbox 1758 325 2233 414; x_wconf 64' lang='lat' dir='ltr'><strong>Hexseueaou</strong></span> <span class='ocrx_word' id='word_1_5' title='bbox 2270 356 2500 414; x_wconf 65' lang='lat' dir='ltr'><strong>ueras.</strong></span> 
     </span>
    </p>
   </div>
   <div class='ocr_carea' id='block_1_3' title="bbox 3314 369 3454 425">
    <p class='ocr_par' dir='ltr' id='par_1_3' title="bbox 3314 369 3454 425">
     <span class='ocr_line' id='line_1_3' title="bbox 3314 369 3454 425; baseline 0.029 -4"><span class='ocrx_word' id='word_1_6' title='bbox 3314 369 3454 425; x_wconf 64' lang='lat'><strong>1052</strong></span> 
     </span>
    </p>
   </div>
   <div class='ocr_carea' id='block_1_4' title="bbox 205 457 3456 552">
    <p class='ocr_par' dir='ltr' id='par_1_4' title="bbox 205 457 3456 552">
     <span class='ocr_line' id='line_1_4' title="bbox 205 457 3456 552; baseline 0.008 -39"><span class='ocrx_word' id='word_1_7' title='bbox 205 460 413 552; x_wconf 13' lang='lat' dir='ltr'><strong>tricem,</strong></span> <span class='ocrx_word' id='word_1_8' title='bbox 434 457 658 513; x_wconf 82' lang='lat' dir='ltr'><strong>Mariam</strong></span> <span class='ocrx_word' id='word_1_9' title='bbox 686 459 938 517; x_wconf 72' lang='lat' dir='ltr'><strong>humana:</strong></span> <span class='ocrx_word' id='word_1_10' title='bbox 969 471 1177 520; x_wconf 65' lang='lat' dir='ltr'><strong>naturae</strong></span> <span class='ocrx_word' id='word_1_11' title='bbox 1225 481 1454 536; x_wconf 85' lang='lat' dir='ltr'><strong>prorsus</strong></span> <span class='ocrx_word' id='word_1_12' title='bbox 1485 477 1781 538; x_wconf 72' lang='lat' dir='ltr'><strong>expertem,</strong></span> <span class='ocrx_word' id='word_1_13' title='bbox 1811 478 1859 534; x_wconf 73' lang='grc' dir='ltr'>Α</span> <span class='ocrx_word' id='word_1_14' title='bbox 1884 470 1960 526; x_wconf 88' lang='lat' dir='ltr'><strong>Ita</strong></span> <span class='ocrx_word' id='word_1_15' title='bbox 1982 469 2248 544; x_wconf 82' lang='lat' dir='ltr'><strong>Origenes</strong></span> <span class='ocrx_word' id='word_1_16' title='bbox 2276 489 2434 543; x_wconf 86' lang='lat' dir='ltr'><strong>super</strong></span> <span class='ocrx_word' id='word_1_17' title='bbox 2464 472 2802 542; x_wconf 69' lang='lat' dir='ltr'><strong>Matthwum,</strong></span> <span class='ocrx_word' id='word_1_18' title='bbox 2833 491 2954 549; x_wconf 87' lang='lat' dir='ltr'><strong>cap.</strong></span> <span class='ocrx_word' id='word_1_19' title='bbox 2992 479 3092 546; x_wconf 74' lang='lat' dir='ltr'><strong>i5;</strong></span> <span class='ocrx_word' id='word_1_20' title='bbox 3119 479 3456 552; x_wconf 81' lang='lat' dir='ltr'><strong>Epiphanius</strong></span> 
     </span>
    </p>
   </div>
   <div class='ocr_carea' id='block_1_5' title="bbox 208 551 1790 625">
    <p class='ocr_par' dir='ltr' id='par_1_5' title="bbox 208 551 1790 625">
     <span class='ocr_line' id='line_1_5' title="bbox 208 551 1790 625; baseline 0.006 -20"><span class='ocrx_word' id='word_1_21' title='bbox 208 565 273 606; x_wconf 80' lang='lat' dir='ltr'><strong>ac</strong></span> <span class='ocrx_word' id='word_1_22' title='bbox 308 551 508 605; x_wconf 69' lang='lat' dir='ltr'><strong>divinas</strong></span> <span class='ocrx_word' id='word_1_23' title='bbox 537 559 750 604; x_wconf 90' lang='lat' dir='ltr'><strong>tantum</strong></span> <span class='ocrx_word' id='word_1_24' title='bbox 788 554 1112 624; x_wconf 79' lang='lat' dir='ltr'><strong>participem</strong></span> <span class='ocrx_word' id='word_1_25' title='bbox 1155 554 1327 612; x_wconf 89' lang='lat' dir='ltr'><strong>fuisse</strong></span> <span class='ocrx_word' id='word_1_26' title='bbox 1356 557 1631 625; x_wconf 77' lang='lat' dir='ltr'><strong>dicebant,</strong></span> <span class='ocrx_word' id='word_1_27' title='bbox 1666 575 1790 615; x_wconf 91' lang='lat' dir='ltr'><strong>cum</strong></span> 
     </span>
    </p>
   </div>
   <div class='ocr_carea' id='block_1_6' title="bbox 205 641 1787 712">
    <p class='ocr_par' dir='ltr' id='par_1_6' title="bbox 205 641 1787 712">
     <span class='ocr_line' id='line_1_6' title="bbox 205 641 1787 712; baseline 0.003 -14"><span class='ocrx_word' id='word_1_28' title='bbox 205 657 275 698; x_wconf 79' lang='lat' dir='ltr'><strong>ex</strong></span> <span class='ocrx_word' id='word_1_29' title='bbox 307 641 411 695; x_wconf 91' lang='lat' dir='ltr'><strong>hoc</strong></span> <span class='ocrx_word' id='word_1_30' title='bbox 441 642 762 706; x_wconf 85' lang='lat' dir='ltr'><strong>habeamus,</strong></span> <span class='ocrx_word' id='word_1_31' title='bbox 796 641 1041 698; x_wconf 84' lang='lat' dir='ltr'><strong>Joachim</strong></span> <span class='ocrx_word' id='word_1_32' title='bbox 1067 661 1193 700; x_wconf 91' lang='lat' dir='ltr'><strong>cum</strong></span> <span class='ocrx_word' id='word_1_33' title='bbox 1216 648 1370 702; x_wconf 83' lang='lat' dir='ltr'><strong>Anna</strong></span> <span class='ocrx_word' id='word_1_34' title='bbox 1411 651 1787 712; x_wconf 88' lang='lat' dir='ltr'><strong>concubitum,</strong></span> 
     </span>
    </p>
   </div>
   <div class='ocr_carea' id='block_1_7' title="bbox 207 732 1789 808">
    <p class='ocr_par' dir='ltr' id='par_1_7' title="bbox 207 732 1789 808">
     <span class='ocr_line' id='line_1_7' title="bbox 207 732 1789 808; baseline 0.005 -20"><span class='ocrx_word' id='word_1_35' title='bbox 207 732 446 802; x_wconf 82' lang='lat' dir='ltr'><strong>indeque</strong></span> <span class='ocrx_word' id='word_1_36' title='bbox 479 741 790 804; x_wconf 81' lang='lat' dir='ltr'><strong>generatam</strong></span> <span class='ocrx_word' id='word_1_37' title='bbox 819 742 876 789; x_wconf 83' lang='lat' dir='ltr'><strong>et</strong></span> <span class='ocrx_word' id='word_1_38' title='bbox 925 745 1103 791; x_wconf 91' lang='lat' dir='ltr'><strong>ortam</strong></span> <span class='ocrx_word' id='word_1_39' title='bbox 1136 736 1430 808; x_wconf 83' lang='lat' dir='ltr'><strong>Virginem.</strong></span> <span class='ocrx_word' id='word_1_40' title='bbox 1467 738 1627 795; x_wconf 88' lang='lat' dir='ltr'><strong>Certe</strong></span> <span class='ocrx_word' id='word_1_41' title='bbox 1656 741 1789 796; x_wconf 90' lang='lat' dir='ltr'><strong>illud</strong></span> 
     </span>
    </p>
   </div>
   <div class='ocr_carea' id='block_1_8' title="bbox 207 823 1790 894">
    <p class='ocr_par' dir='ltr' id='par_1_8' title="bbox 207 823 1790 894">
     <span class='ocr_line' id='line_1_8' title="bbox 207 823 1790 894; baseline 0.005 -16"><span class='ocrx_word' id='word_1_42' title='bbox 207 827 384 894; x_wconf 87' lang='lat' dir='ltr'><strong>angeli</strong></span> <span class='ocrx_word' id='word_1_43' title='bbox 424 825 630 880; x_wconf 87' lang='lat' dir='ltr'><strong>dictum</strong></span> <span class='ocrx_word' id='word_1_44' title='bbox 658 823 902 882; x_wconf 73' lang='lat' dir='ltr'><strong>Joachitn</strong></span> <span class='ocrx_word' id='word_1_45' title='bbox 934 829 990 883; x_wconf 89' lang='lat' dir='ltr'><strong>in</strong></span> <span class='ocrx_word' id='word_1_46' title='bbox 1021 829 1262 893; x_wconf 89' lang='lat' dir='ltr'><strong>deserto,</strong></span> <span class='ocrx_word' id='word_1_47' title='bbox 1292 847 1428 884; x_wconf 68' lang='lat' dir='ltr'><strong>umor</strong></span> <span class='ocrx_word' id='word_1_48' title='bbox 1475 840 1568 886; x_wconf 86' lang='lat' dir='ltr'><strong>tua</strong></span> <span class='ocrx_word' id='word_1_49' title='bbox 1613 849 1790 886; x_wconf 83' lang='lat' dir='ltr'><strong>conce-</strong></span> 
     </span>
    </p>
   </div>
   <div class='ocr_carea' id='block_1_9' title="bbox 205 915 1788 986">
    <p class='ocr_par' dir='ltr' id='par_1_9' title="bbox 205 915 1788 986">
     <span class='ocr_line' id='line_1_9' title="bbox 205 915 1788 986; baseline 0.006 -18"><span class='ocrx_word' id='word_1_50' title='bbox 205 918 302 985; x_wconf 86' lang='lat' dir='ltr'><strong>pit,</strong></span> <span class='ocrx_word' id='word_1_51' title='bbox 334 927 626 986; x_wconf 78' lang='lat' dir='ltr'><strong>antequam</strong></span> <span class='ocrx_word' id='word_1_52' title='bbox 671 915 896 972; x_wconf 91' lang='lat' dir='ltr'><strong>domum</strong></span> <span class='ocrx_word' id='word_1_53' title='bbox 942 923 1174 984; x_wconf 87' lang='lat' dir='ltr'><strong>veniret,</strong></span> <span class='ocrx_word' id='word_1_54' title='bbox 1207 921 1261 975; x_wconf 92' lang='lat' dir='ltr'><strong>in</strong></span> <span class='ocrx_word' id='word_1_55' title='bbox 1311 924 1627 978; x_wconf 86' lang='lat' dir='ltr'><strong>narratione</strong></span> <span class='ocrx_word' id='word_1_56' title='bbox 1681 924 1788 978; x_wconf 87' lang='lat' dir='ltr'><strong>ista</strong></span> 
     </span>
    </p>
   </div>
   <div class='ocr_carea' id='block_1_10' title="bbox 206 1009 1784 1086">
    <p class='ocr_par' dir='ltr' id='par_1_10' title="bbox 206 1009 1784 1086">
     <span class='ocr_line' id='line_1_10' title="bbox 206 1009 1784 1086; baseline 0.006 -24"><span class='ocrx_word' id='word_1_57' title='bbox 206 1023 316 1062; x_wconf 89' lang='lat' dir='ltr'><strong>non</strong></span> <span class='ocrx_word' id='word_1_58' title='bbox 349 1009 568 1079; x_wconf 85' lang='lat' dir='ltr'><strong>legitur,</strong></span> <span class='ocrx_word' id='word_1_59' title='bbox 609 1011 718 1065; x_wconf 92' lang='lat' dir='ltr'><strong>imo</strong></span> <span class='ocrx_word' id='word_1_60' title='bbox 746 1011 879 1066; x_wconf 85' lang='lat' dir='ltr'><strong>satis</strong></span> <span class='ocrx_word' id='word_1_61' title='bbox 917 1022 1104 1081; x_wconf 88' lang='lat' dir='ltr'><strong>aperte</strong></span> <span class='ocrx_word' id='word_1_62' title='bbox 1148 1015 1455 1083; x_wconf 91' lang='lat' dir='ltr'><strong>oppositum</strong></span> <span class='ocrx_word' id='word_1_63' title='bbox 1491 1015 1784 1086; x_wconf 77' lang='lat' dir='ltr'><strong>colligitur.</strong></span> 
     </span>
    </p>
   </div>
   <div class='ocr_carea' id='block_1_11' title="bbox 206 1099 1786 1172">
    <p class='ocr_par' dir='ltr' id='par_1_11' title="bbox 206 1099 1786 1172">
     <span class='ocr_line' id='line_1_11' title="bbox 206 1099 1786 1172; baseline 0.004 -17"><span class='ocrx_word' id='word_1_64' title='bbox 206 1099 286 1155; x_wconf 78' lang='lat' dir='ltr'><strong>Ex</strong></span> <span class='ocrx_word' id='word_1_65' title='bbox 321 1117 430 1172; x_wconf 87' lang='lat' dir='ltr'><strong>quo</strong></span> <span class='ocrx_word' id='word_1_66' title='bbox 480 1102 827 1157; x_wconf 84' lang='lat' dir='ltr'><strong>manifestum</strong></span> <span class='ocrx_word' id='word_1_67' title='bbox 875 1111 959 1158; x_wconf 86' lang='lat' dir='ltr'><strong>est</strong></span> <span class='ocrx_word' id='word_1_68' title='bbox 1001 1105 1070 1158; x_wconf 91' lang='lat' dir='ltr'><strong>ab</strong></span> <span class='ocrx_word' id='word_1_69' title='bbox 1125 1105 1398 1160; x_wconf 62' lang='lat' dir='ltr'><strong>haereticis</strong></span> <span class='ocrx_word' id='word_1_70' title='bbox 1445 1106 1642 1161; x_wconf 86' lang='lat' dir='ltr'><strong>librum</strong></span> <span class='ocrx_word' id='word_1_71' title='bbox 1690 1106 1786 1161; x_wconf 88' lang='lat' dir='ltr'><strong>de-</strong></span> 
     </span>
    </p>
   </div>
   <div class='ocr_carea' id='block_1_12' title="bbox 206 1193 1786 1266">
    <p class='ocr_par' dir='ltr' id='par_1_12' title="bbox 206 1193 1786 1266">
     <span class='ocr_line' id='line_1_12' title="bbox 206 1193 1786 1266; baseline 0.002 -19"><span class='ocrx_word' id='word_1_72' title='bbox 206 1203 490 1265; x_wconf 87' lang='lat' dir='ltr'><strong>pravatum</strong></span> <span class='ocrx_word' id='word_1_73' title='bbox 522 1201 766 1264; x_wconf 87' lang='lat' dir='ltr'><strong>tempore</strong></span> <span class='ocrx_word' id='word_1_74' title='bbox 806 1193 1115 1265; x_wconf 88' lang='lat' dir='ltr'><strong>Epiphanii,</strong></span> <span class='ocrx_word' id='word_1_75' title='bbox 1160 1197 1253 1266; x_wconf 88' lang='lat' dir='ltr'><strong>qui</strong></span> <span class='ocrx_word' id='word_1_76' title='bbox 1295 1195 1482 1252; x_wconf 79' lang='lat' dir='ltr'><strong>forsan</strong></span> <span class='ocrx_word' id='word_1_77' title='bbox 1510 1196 1786 1252; x_wconf 90' lang='lat' dir='ltr'><strong>Eustathii</strong></span> 
     </span>
    </p>
   </div>
   <div class='ocr_carea' id='block_1_13' title="bbox 204 1286 1786 1356">
    <p class='ocr_par' dir='ltr' id='par_1_13' title="bbox 204 1286 1786 1356">
     <span class='ocr_line' id='line_1_13' title="bbox 204 1286 1786 1356; baseline 0.003 -18"><span class='ocrx_word' id='word_1_78' title='bbox 204 1290 451 1354; x_wconf 85' lang='lat' dir='ltr'><strong>tempore</strong></span> <span class='ocrx_word' id='word_1_79' title='bbox 477 1286 830 1356; x_wconf 83' lang='lat' dir='ltr'><strong>incorruptus</strong></span> <span class='ocrx_word' id='word_1_80' title='bbox 856 1294 925 1354; x_wconf 82' lang='lat' dir='ltr'><strong>et,</strong></span> <span class='ocrx_word' id='word_1_81' title='bbox 939 1287 1178 1344; x_wconf 84' lang='lat' dir='ltr'><strong>intactus</strong></span> <span class='ocrx_word' id='word_1_82' title='bbox 1200 1288 1379 1344; x_wconf 92' lang='lat' dir='ltr'><strong>adhuc</strong></span> <span class='ocrx_word' id='word_1_83' title='bbox 1402 1288 1576 1346; x_wconf 80' lang='lat' dir='ltr'><strong>fuerat</strong></span> <span class='ocrx_word' id='word_1_84' title='bbox 1608 1304 1786 1345; x_wconf 87' lang='lat' dir='ltr'><strong>reser-</strong></span> 
     </span>
    </p>
   </div>
   <div class='ocr_carea' id='block_1_14' title="bbox 205 1384 388 1433">
    <p class='ocr_par' dir='ltr' id='par_1_14' title="bbox 205 1384 388 1433">
     <span class='ocr_line' id='line_1_14' title="bbox 205 1384 388 1433; baseline 0.005 -5"><span class='ocrx_word' id='word_1_85' title='bbox 205 1384 388 1433; x_wconf 78' lang='lat' dir='ltr'><strong>vatus.</strong></span> 
     </span>
    </p>
   </div>
   <div class='ocr_carea' id='block_1_15' title="bbox 279 1464 1782 1539">
    <p class='ocr_par' dir='ltr' id='par_1_15' title="bbox 279 1464 1782 1539">
     <span class='ocr_line' id='line_1_15' title="bbox 279 1464 1782 1539; baseline 0.003 -19"><span class='ocrx_word' id='word_1_86' title='bbox 279 1464 396 1520; x_wconf 87' lang='lat' dir='ltr'><strong>Col.</strong></span> <span class='ocrx_word' id='word_1_87' title='bbox 419 1467 541 1529; x_wconf 82' lang='lat'><strong>775,</strong></span> <span class='ocrx_word' id='word_1_88' title='bbox 568 1468 662 1522; x_wconf 93' lang='lat' dir='ltr'><strong>lin.</strong></span> <span class='ocrx_word' id='word_1_89' title='bbox 691 1468 777 1522; x_wconf 70' lang='grc'><strong>14.</strong></span> <span class='ocrx_word' id='word_1_90' title='bbox 811 1468 920 1522; x_wconf 84' lang='lat' dir='ltr'><strong>Kal</strong></span> <span class='ocrx_word' id='word_1_91' title='bbox 948 1466 1235 1535; x_wconf 56' lang='grc' dir='ltr'>ὀνομάζει.</span> <span class='ocrx_word' id='word_1_92' title='bbox 1268 1466 1564 1535; x_wconf 85' lang='lat' dir='ltr'><strong>Gregorius</strong></span> <span class='ocrx_word' id='word_1_93' title='bbox 1579 1466 1782 1539; x_wconf 84' lang='lat' dir='ltr'><strong>Nysse-</strong></span> 
     </span>
    </p>
   </div>
   <div class='ocr_carea' id='block_1_16' title="bbox 205 1557 1782 1633">
    <p class='ocr_par' dir='ltr' id='par_1_16' title="bbox 205 1557 1782 1633">
     <span class='ocr_line' id='line_1_16' title="bbox 205 1557 1782 1633; baseline 0.003 -21"><span class='ocrx_word' id='word_1_94' title='bbox 205 1573 315 1613; x_wconf 76' lang='lat' dir='ltr'><strong>nus</strong></span> <span class='ocrx_word' id='word_1_95' title='bbox 333 1577 345 1611; x_wconf 89' lang='lat'><strong>:</strong></span> <span class='ocrx_word' id='word_1_96' title='bbox 365 1558 752 1628; x_wconf 86' lang='grc' dir='ltr'>Δυναμωθεῖσα</span> <span class='ocrx_word' id='word_1_97' title='bbox 783 1559 840 1613; x_wconf 85' lang='grc' dir='ltr'><strong>δὲ</strong></span> <span class='ocrx_word' id='word_1_98' title='bbox 871 1557 1146 1630; x_wconf 82' lang='grc' dir='ltr'>Πνεύματι</span> <span class='ocrx_word' id='word_1_99' title='bbox 1184 1560 1311 1630; x_wconf 86' lang='grc' dir='ltr'>θείῳ</span> <span class='ocrx_word' id='word_1_100' title='bbox 1338 1560 1472 1632; x_wconf 84' lang='grc' dir='ltr'>πρὸς</span> <span class='ocrx_word' id='word_1_101' title='bbox 1498 1561 1596 1631; x_wconf 86' lang='grc' dir='ltr'><strong>τὴν</strong></span> <span class='ocrx_word' id='word_1_102' title='bbox 1624 1563 1782 1633; x_wconf 82' lang='grc' dir='ltr'>χάριν</span> 
     </span>
    </p>
   </div>
   <div class='ocr_carea' id='block_1_17' title="bbox 205 1649 1781 1725">
    <p class='ocr_par' dir='ltr' id='par_1_17' title="bbox 205 1649 1781 1725">
     <span class='ocr_line' id='line_1_17' title="bbox 205 1649 1781 1725; baseline 0.003 -24"><span class='ocrx_word' id='word_1_103' title='bbox 205 1651 273 1721; x_wconf 74' lang='grc' dir='ltr'>ἣν</span> <span class='ocrx_word' id='word_1_104' title='bbox 320 1649 549 1725; x_wconf 73' lang='grc' dir='ltr'>ᾔτησεν,</span> <span class='ocrx_word' id='word_1_105' title='bbox 604 1650 726 1702; x_wconf 79' lang='grc' dir='ltr'>ἐπεὶ</span> <span class='ocrx_word' id='word_1_106' title='bbox 775 1649 960 1703; x_wconf 76' lang='grc' dir='ltr'>ἔτεκεν</span> <span class='ocrx_word' id='word_1_107' title='bbox 1007 1650 1244 1715; x_wconf 80' lang='grc' dir='ltr'><strong>παιδίον,</strong></span> <span class='ocrx_word' id='word_1_108' title='bbox 1291 1651 1570 1722; x_wconf 80' lang='grc' dir='ltr'><strong>ὠνόμασεν</strong></span> <span class='ocrx_word' id='word_1_109' title='bbox 1613 1654 1781 1725; x_wconf 83' lang='grc' dir='ltr'>αὐτὴν</span> 
     </span>
    </p>
   </div>
   <div class='ocr_carea' id='block_1_18' title="bbox 205 1742 1778 1813">
    <p class='ocr_par' dir='ltr' id='par_1_18' title="bbox 205 1742 1778 1813">
     <span class='ocr_line' id='line_1_18' title="bbox 205 1742 1778 1813; baseline 0.002 -19"><span class='ocrx_word' id='word_1_110' title='bbox 205 1742 461 1812; x_wconf 82' lang='grc' dir='ltr'>Μαριὰμ,</span> <span class='ocrx_word' id='word_1_111' title='bbox 489 1742 564 1807; x_wconf 84' lang='grc' dir='ltr'>ὡς</span> <span class='ocrx_word' id='word_1_112' title='bbox 595 1742 660 1796; x_wconf 81' lang='grc' dir='ltr'><strong>ἂν</strong></span> <span class='ocrx_word' id='word_1_113' title='bbox 688 1742 782 1794; x_wconf 81' lang='grc' dir='ltr'><strong>καὶ</strong></span> <span class='ocrx_word' id='word_1_114' title='bbox 807 1742 893 1795; x_wconf 83' lang='grc' dir='ltr'><strong>διὰ</strong></span> <span class='ocrx_word' id='word_1_115' title='bbox 924 1742 1022 1813; x_wconf 84' lang='grc' dir='ltr'>τῆς</span> <span class='ocrx_word' id='word_1_116' title='bbox 1055 1742 1369 1813; x_wconf 76' lang='grc' dir='ltr'><strong>ἐπωνυμίας</strong></span> <span class='ocrx_word' id='word_1_117' title='bbox 1417 1743 1476 1811; x_wconf 81' lang='grc' dir='ltr'><strong>τὸ</strong></span> <span class='ocrx_word' id='word_1_118' title='bbox 1504 1743 1778 1798; x_wconf 84' lang='grc' dir='ltr'>θεόσδοτον</span> 
     </span>
    </p>
   </div>
   <div class='ocr_carea' id='block_1_19' title="bbox 203 1834 1781 1909">
    <p class='ocr_par' dir='ltr' id='par_1_19' title="bbox 203 1834 1781 1909">
     <span class='ocr_line' id='line_1_19' title="bbox 203 1834 1781 1909; baseline 0 -19"><span class='ocrx_word' id='word_1_119' title='bbox 203 1834 601 1907; x_wconf 83' lang='grc' dir='ltr'>διασημανθείη</span> <span class='ocrx_word' id='word_1_120' title='bbox 652 1836 752 1905; x_wconf 82' lang='grc' dir='ltr'>τῆς</span> <span class='ocrx_word' id='word_1_121' title='bbox 801 1835 1044 1906; x_wconf 85' lang='grc' dir='ltr'>χάριτος.</span> <span class='ocrx_word' id='word_1_122' title='bbox 1114 1836 1521 1907; x_wconf 85' lang='grc' dir='ltr'>’Λνδρυνθεῖσαν</span> <span class='ocrx_word' id='word_1_123' title='bbox 1571 1837 1628 1890; x_wconf 86' lang='grc' dir='ltr'>δὲ</span> <span class='ocrx_word' id='word_1_124' title='bbox 1681 1838 1781 1909; x_wconf 77' lang='grc' dir='ltr'><strong>ἥδη</strong></span> 
     </span>
    </p>
   </div>
   <div class='ocr_carea' id='block_1_20' title="bbox 202 1927 1780 2002">
    <p class='ocr_par' dir='ltr' id='par_1_20' title="bbox 202 1927 1780 2002">
     <span class='ocr_line' id='line_1_20' title="bbox 202 1927 1780 2002; baseline -0.003 -19"><span class='ocrx_word' id='word_1_125' title='bbox 202 1931 303 2002; x_wconf 81' lang='grc' dir='ltr'><strong>τὴν</strong></span> <span class='ocrx_word' id='word_1_126' title='bbox 337 1929 524 2001; x_wconf 83' lang='grc' dir='ltr'>κόρην,</span> <span class='ocrx_word' id='word_1_127' title='bbox 558 1929 632 1991; x_wconf 80' lang='grc' dir='ltr'>ὡς</span> <span class='ocrx_word' id='word_1_128' title='bbox 665 1929 862 2000; x_wconf 83' lang='grc' dir='ltr'><strong>μηκέτι</strong></span> <span class='ocrx_word' id='word_1_129' title='bbox 894 1928 1098 1982; x_wconf 75' lang='grc' dir='ltr'>δεῖσθαι</span> <span class='ocrx_word' id='word_1_130' title='bbox 1129 1927 1484 1998; x_wconf 83' lang='grc' dir='ltr'>προσανέχειν</span> <span class='ocrx_word' id='word_1_131' title='bbox 1514 1929 1580 1998; x_wconf 80' lang='grc' dir='ltr'>τῇ</span> <span class='ocrx_word' id='word_1_132' title='bbox 1623 1927 1780 2001; x_wconf 77' lang='grc' dir='ltr'>θηλῇ,</span> 
     </span>
    </p>
   </div>
   <div class='ocr_carea' id='block_1_21' title="bbox 203 2017 1780 2091">
    <p class='ocr_par' dir='ltr' id='par_1_21' title="bbox 203 2017 1780 2091">
     <span class='ocr_line' id='line_1_21' title="bbox 203 2017 1780 2091; baseline -0.001 -17"><span class='ocrx_word' id='word_1_133' title='bbox 203 2019 492 2074; x_wconf 76' lang='grc' dir='ltr'>ἀποδοῦναι</span> <span class='ocrx_word' id='word_1_134' title='bbox 525 2018 603 2089; x_wconf 81' lang='grc' dir='ltr'><strong>τῷ</strong></span> <span class='ocrx_word' id='word_1_135' title='bbox 641 2018 779 2090; x_wconf 75' lang='grc' dir='ltr'>Θεῷ,</span> <span class='ocrx_word' id='word_1_136' title='bbox 811 2019 904 2073; x_wconf 75' lang='grc' dir='ltr'>καὶ</span> <span class='ocrx_word' id='word_1_137' title='bbox 953 2019 1242 2091; x_wconf 77' lang='grc' dir='ltr'>πληρῶσαι</span> <span class='ocrx_word' id='word_1_138' title='bbox 1293 2019 1393 2090; x_wconf 84' lang='grc' dir='ltr'>τὴν</span> <span class='ocrx_word' id='word_1_139' title='bbox 1432 2017 1780 2088; x_wconf 73' lang='grc' dir='ltr'>ἐπαγγελίαν,</span> 
     </span>
    </p>
   </div>
   <div class='ocr_carea' id='block_1_22' title="bbox 203 2109 1781 2182">
    <p class='ocr_par' dir='ltr' id='par_1_22' title="bbox 203 2109 1781 2182">
     <span class='ocr_line' id='line_1_22' title="bbox 203 2109 1781 2182; baseline -0.001 -17"><span class='ocrx_word' id='word_1_140' title='bbox 203 2110 301 2165; x_wconf 74' lang='grc' dir='ltr'>καὶ</span> <span class='ocrx_word' id='word_1_141' title='bbox 334 2113 698 2182; x_wconf 75' lang='grc' dir='ltr'>προσαγαγεῖν</span> <span class='ocrx_word' id='word_1_142' title='bbox 741 2110 819 2180; x_wconf 82' lang='grc' dir='ltr'><strong>τῷ</strong></span> <span class='ocrx_word' id='word_1_143' title='bbox 865 2109 988 2180; x_wconf 83' lang='grc' dir='ltr'>νεῴ.</span> <span class='ocrx_word' id='word_1_144' title='bbox 1028 2110 1349 2180; x_wconf 84' lang='lat' dir='ltr'><strong>Hippolytus</strong></span> <span class='ocrx_word' id='word_1_145' title='bbox 1397 2118 1603 2182; x_wconf 84' lang='lat' dir='ltr'><strong>martyr</strong></span> <span class='ocrx_word' id='word_1_146' title='bbox 1639 2111 1781 2180; x_wconf 89' lang='lat' dir='ltr'><strong>apud</strong></span> 
     </span>
    </p>
   </div>
   <div class='ocr_carea' id='block_1_23' title="bbox 203 2197 1781 2272">
    <p class='ocr_par' dir='ltr' id='par_1_23' title="bbox 203 2197 1781 2272">
     <span class='ocr_line' id='line_1_23' title="bbox 203 2197 1781 2272; baseline -0.001 -14"><span class='ocrx_word' id='word_1_147' title='bbox 203 2202 590 2272; x_wconf 76' lang='lat' dir='ltr'><strong>Nicephorum,</strong></span> <span class='ocrx_word' id='word_1_148' title='bbox 624 2203 660 2256; x_wconf 92' lang='lat' dir='ltr'><strong>l.</strong></span> <span class='ocrx_word' id='word_1_149' title='bbox 683 2217 742 2264; x_wconf 87' lang='grc' dir='ltr'><strong>ιι,</strong></span> <span class='ocrx_word' id='word_1_150' title='bbox 762 2217 883 2271; x_wconf 90' lang='lat' dir='ltr'><strong>cap.</strong></span> <span class='ocrx_word' id='word_1_151' title='bbox 909 2203 943 2255; x_wconf 84' lang='lat'><strong>5</strong></span> <span class='ocrx_word' id='word_1_152' title='bbox 971 2221 982 2256; x_wconf 91' lang='lat'><strong>:</strong></span> <span class='ocrx_word' id='word_1_153' title='bbox 1018 2202 1143 2256; x_wconf 83' lang='lat' dir='ltr'><strong>Tres</strong></span> <span class='ocrx_word' id='word_1_154' title='bbox 1170 2203 1312 2271; x_wconf 77' lang='lat' dir='ltr'><strong>fuere</strong></span> <span class='ocrx_word' id='word_1_155' title='bbox 1339 2219 1543 2258; x_wconf 78' lang='lat' dir='ltr'><strong>sorores</strong></span> <span class='ocrx_word' id='word_1_156' title='bbox 1571 2197 1781 2257; x_wconf 69' lang='lat' dir='ltr'><strong>Bethle-</strong></span> 
     </span>
    </p>
   </div>
   <div class='ocr_carea' id='block_1_24' title="bbox 204 2291 1779 2364">
    <p class='ocr_par' dir='ltr' id='par_1_24' title="bbox 204 2291 1779 2364">
     <span class='ocr_line' id='line_1_24' title="bbox 204 2291 1779 2364; baseline 0.002 -18"><span class='ocrx_word' id='word_1_157' title='bbox 204 2294 482 2356; x_wconf 72' lang='lat' dir='ltr'><strong>hemiticaz,</strong></span> <span class='ocrx_word' id='word_1_158' title='bbox 519 2293 646 2362; x_wconf 77' lang='lat' dir='ltr'><strong>ﬁlia:</strong></span> <span class='ocrx_word' id='word_1_159' title='bbox 678 2291 866 2346; x_wconf 83' lang='lat' dir='ltr'><strong>Matan</strong></span> <span class='ocrx_word' id='word_1_160' title='bbox 898 2293 1214 2357; x_wconf 79' lang='lat' dir='ltr'><strong>sacerdotis,</strong></span> <span class='ocrx_word' id='word_1_161' title='bbox 1247 2302 1295 2346; x_wconf 87' lang='lat' dir='ltr'><strong>et</strong></span> <span class='ocrx_word' id='word_1_162' title='bbox 1325 2292 1518 2348; x_wconf 72' lang='lat' dir='ltr'><strong>Maria:</strong></span> <span class='ocrx_word' id='word_1_163' title='bbox 1545 2295 1779 2364; x_wconf 83' lang='lat' dir='ltr'><strong>conjugis</strong></span> 
     </span>
    </p>
   </div>
   <div class='ocr_carea' id='block_1_25' title="bbox 201 2383 1776 2454">
    <p class='ocr_par' dir='ltr' id='par_1_25' title="bbox 201 2383 1776 2454">
     <span class='ocr_line' id='line_1_25' title="bbox 201 2383 1776 2454; baseline -0.001 -16"><span class='ocrx_word' id='word_1_164' title='bbox 201 2385 338 2454; x_wconf 82' lang='lat' dir='ltr'><strong>ejus,</strong></span> <span class='ocrx_word' id='word_1_165' title='bbox 395 2384 488 2438; x_wconf 88' lang='lat' dir='ltr'><strong>sub</strong></span> <span class='ocrx_word' id='word_1_166' title='bbox 546 2383 862 2450; x_wconf 69' lang='lat' dir='ltr'><strong>Cleopatras,</strong></span> <span class='ocrx_word' id='word_1_167' title='bbox 910 2395 958 2438; x_wconf 89' lang='lat' dir='ltr'><strong>et</strong></span> <span class='ocrx_word' id='word_1_168' title='bbox 1023 2384 1308 2453; x_wconf 86' lang='lat' dir='ltr'><strong>Cusoparis</strong></span> <span class='ocrx_word' id='word_1_169' title='bbox 1371 2384 1547 2439; x_wconf 77' lang='lat' dir='ltr'><strong>Persa:</strong></span> <span class='ocrx_word' id='word_1_170' title='bbox 1599 2401 1776 2454; x_wconf 84' lang='lat' dir='ltr'><strong>regno,</strong></span> 
     </span>
    </p>
   </div>
   <div class='ocr_carea' id='block_1_26' title="bbox 204 2475 1775 2546">
    <p class='ocr_par' dir='ltr' id='par_1_26' title="bbox 204 2475 1775 2546">
     <span class='ocr_line' id='line_1_26' title="bbox 204 2475 1775 2546; baseline 0.001 -17"><span class='ocrx_word' id='word_1_171' title='bbox 204 2487 324 2530; x_wconf 74' lang='lat' dir='ltr'><strong>ante</strong></span> <span class='ocrx_word' id='word_1_172' title='bbox 357 2475 583 2530; x_wconf 79' lang='lat' dir='ltr'><strong>Herodis</strong></span> <span class='ocrx_word' id='word_1_173' title='bbox 617 2477 888 2544; x_wconf 80' lang='lat' dir='ltr'><strong>Antipatri</strong></span> <span class='ocrx_word' id='word_1_174' title='bbox 919 2476 1019 2535; x_wconf 79' lang='lat' dir='ltr'><strong>ﬁlii</strong></span> <span class='ocrx_word' id='word_1_175' title='bbox 1053 2493 1286 2546; x_wconf 84' lang='lat' dir='ltr'><strong>regnum.</strong></span> <span class='ocrx_word' id='word_1_176' title='bbox 1340 2475 1538 2531; x_wconf 72' lang='lat' dir='ltr'><strong>Prima:</strong></span> <span class='ocrx_word' id='word_1_177' title='bbox 1564 2475 1775 2538; x_wconf 65' lang='lat' dir='ltr'><strong>Mariae,</strong></span> 
     </span>
    </p>
   </div>
   <div class='ocr_carea' id='block_1_27' title="bbox 203 2566 1779 2629">
    <p class='ocr_par' dir='ltr' id='par_1_27' title="bbox 203 2566 1779 2629">
     <span class='ocr_line' id='line_1_27' title="bbox 203 2566 1779 2629; baseline -0.001 -8"><span class='ocrx_word' id='word_1_178' title='bbox 203 2567 443 2621; x_wconf 77' lang='lat' dir='ltr'><strong>secunda:</strong></span> <span class='ocrx_word' id='word_1_179' title='bbox 508 2566 673 2629; x_wconf 80' lang='lat' dir='ltr'><strong>Sabe,</strong></span> <span class='ocrx_word' id='word_1_180' title='bbox 731 2568 898 2621; x_wconf 65' lang='lat' dir='ltr'><strong>tertiae</strong></span> <span class='ocrx_word' id='word_1_181' title='bbox 948 2568 1118 2621; x_wconf 73' lang='lat' dir='ltr'><strong>Anna:</strong></span> <span class='ocrx_word' id='word_1_182' title='bbox 1167 2584 1353 2621; x_wconf 86' lang='lat' dir='ltr'><strong>nomen</strong></span> <span class='ocrx_word' id='word_1_183' title='bbox 1406 2577 1522 2621; x_wconf 87' lang='lat' dir='ltr'><strong>erat</strong></span> <span class='ocrx_word' id='word_1_184' title='bbox 1554 2582 1572 2620; x_wconf 89' lang='lat'><strong><em>:</em></strong></span> <span class='ocrx_word' id='word_1_185' title='bbox 1603 2568 1779 2629; x_wconf 79' lang='lat' dir='ltr'><strong>nupsit</strong></span> 
     </span>
    </p>
   </div>
   <div class='ocr_carea' id='block_1_28' title="bbox 202 2657 1781 2729">
    <p class='ocr_par' dir='ltr' id='par_1_28' title="bbox 202 2657 1781 2729">
     <span class='ocr_line' id='line_1_28' title="bbox 202 2657 1781 2729; baseline -0.003 -16"><span class='ocrx_word' id='word_1_186' title='bbox 202 2662 377 2729; x_wconf 87' lang='lat' dir='ltr'><strong>prima</strong></span> <span class='ocrx_word' id='word_1_187' title='bbox 408 2663 461 2714; x_wconf 86' lang='lat' dir='ltr'><strong>in</strong></span> <span class='ocrx_word' id='word_1_188' title='bbox 506 2661 804 2714; x_wconf 88' lang='lat' dir='ltr'><strong>Bethlehem</strong></span> <span class='ocrx_word' id='word_1_189' title='bbox 855 2659 1058 2724; x_wconf 80' lang='lat' dir='ltr'><strong>Maria,</strong></span> <span class='ocrx_word' id='word_1_190' title='bbox 1087 2669 1135 2714; x_wconf 91' lang='lat' dir='ltr'><strong>et</strong></span> <span class='ocrx_word' id='word_1_191' title='bbox 1163 2661 1357 2729; x_wconf 88' lang='lat' dir='ltr'><strong>peperit</strong></span> <span class='ocrx_word' id='word_1_192' title='bbox 1384 2658 1648 2713; x_wconf 90' lang='lat' dir='ltr'><strong>Salomem</strong></span> <span class='ocrx_word' id='word_1_193' title='bbox 1690 2657 1781 2710; x_wconf 88' lang='lat' dir='ltr'><strong>ob-</strong></span> 
     </span>
    </p>
   </div>
   <div class='ocr_carea' id='block_1_29' title="bbox 202 2749 1778 2822">
    <p class='ocr_par' dir='ltr' id='par_1_29' title="bbox 202 2749 1778 2822">
     <span class='ocr_line' id='line_1_29' title="bbox 202 2749 1778 2822; baseline -0.002 -16"><span class='ocrx_word' id='word_1_194' title='bbox 202 2753 464 2806; x_wconf 80' lang='lat' dir='ltr'><strong>stetricem</strong></span> <span class='ocrx_word' id='word_1_195' title='bbox 497 2767 516 2805; x_wconf 92' lang='lat'><em>:</em></span> <span class='ocrx_word' id='word_1_196' title='bbox 550 2752 726 2820; x_wconf 86' lang='lat' dir='ltr'><strong>nupsit</strong></span> <span class='ocrx_word' id='word_1_197' title='bbox 756 2768 956 2822; x_wconf 89' lang='lat' dir='ltr'><strong>quoque</strong></span> <span class='ocrx_word' id='word_1_198' title='bbox 983 2751 1210 2805; x_wconf 88' lang='lat' dir='ltr'><strong>secunda</strong></span> <span class='ocrx_word' id='word_1_199' title='bbox 1246 2750 1436 2804; x_wconf 82' lang='lat' dir='ltr'><strong>ibidem</strong></span> <span class='ocrx_word' id='word_1_200' title='bbox 1478 2751 1530 2804; x_wconf 91' lang='lat' dir='ltr'><strong>in</strong></span> <span class='ocrx_word' id='word_1_201' title='bbox 1568 2749 1778 2803; x_wconf 85' lang='lat' dir='ltr'><strong>Bethle-</strong></span> 
     </span>
    </p>
   </div>
   <div class='ocr_carea' id='block_1_30' title="bbox 201 2841 1777 2914">
    <p class='ocr_par' dir='ltr' id='par_1_30' title="bbox 201 2841 1777 2914">
     <span class='ocr_line' id='line_1_30' title="bbox 201 2841 1777 2914; baseline -0.001 -19"><span class='ocrx_word' id='word_1_202' title='bbox 201 2844 317 2898; x_wconf 86' lang='lat' dir='ltr'><strong>hem</strong></span> <span class='ocrx_word' id='word_1_203' title='bbox 359 2841 512 2904; x_wconf 87' lang='lat' dir='ltr'><strong>Sobe,</strong></span> <span class='ocrx_word' id='word_1_204' title='bbox 544 2853 593 2896; x_wconf 88' lang='lat' dir='ltr'><strong>et</strong></span> <span class='ocrx_word' id='word_1_205' title='bbox 641 2847 816 2914; x_wconf 80' lang='lat' dir='ltr'><strong>genuit</strong></span> <span class='ocrx_word' id='word_1_206' title='bbox 870 2842 1168 2907; x_wconf 84' lang='lat' dir='ltr'><strong>Elisabeth,</strong></span> <span class='ocrx_word' id='word_1_207' title='bbox 1203 2844 1687 2911; x_wconf 79' lang='lat' dir='ltr'><strong>nupsit‘postremo</strong></span> <span class='ocrx_word' id='word_1_208' title='bbox 1728 2849 1777 2894; x_wconf 90' lang='lat' dir='ltr'><strong>et</strong></span> 
     </span>
    </p>
   </div>
   <div class='ocr_carea' id='block_1_31' title="bbox 204 2931 1778 3002">
    <p class='ocr_par' dir='ltr' id='par_1_31' title="bbox 204 2931 1778 3002">
     <span class='ocr_line' id='line_1_31' title="bbox 204 2931 1778 3002; baseline -0.001 -17"><span class='ocrx_word' id='word_1_209' title='bbox 204 2936 360 2988; x_wconf 86' lang='lat' dir='ltr'><strong>terlia</strong></span> <span class='ocrx_word' id='word_1_210' title='bbox 398 2934 552 2989; x_wconf 82' lang='lat' dir='ltr'><strong>Anna</strong></span> <span class='ocrx_word' id='word_1_211' title='bbox 608 2936 662 2987; x_wconf 89' lang='lat' dir='ltr'><strong>in</strong></span> <span class='ocrx_word' id='word_1_212' title='bbox 715 2944 857 2988; x_wconf 92' lang='lat' dir='ltr'><strong>terra</strong></span> <span class='ocrx_word' id='word_1_213' title='bbox 909 2932 1161 3000; x_wconf 75' lang='lat' dir='ltr'><strong>Galilwa,</strong></span> <span class='ocrx_word' id='word_1_214' title='bbox 1193 2943 1242 2988; x_wconf 92' lang='lat' dir='ltr'><strong>et</strong></span> <span class='ocrx_word' id='word_1_215' title='bbox 1267 2933 1487 3002; x_wconf 88' lang='lat' dir='ltr'><strong>protulit</strong></span> <span class='ocrx_word' id='word_1_216' title='bbox 1544 2931 1778 2986; x_wconf 80' lang='lat' dir='ltr'><strong>Mariam</strong></span> 
     </span>
    </p>
   </div>
   <div class='ocr_carea' id='block_1_32' title="bbox 200 3021 1771 3096">
    <p class='ocr_par' dir='ltr' id='par_1_32' title="bbox 200 3021 1771 3096">
     <span class='ocr_line' id='line_1_32' title="bbox 200 3021 1771 3096; baseline 0 -19"><span class='ocrx_word' id='word_1_217' title='bbox 200 3023 301 3078; x_wconf 87' lang='lat' dir='ltr'><strong>Dei</strong></span> <span class='ocrx_word' id='word_1_218' title='bbox 338 3027 678 3095; x_wconf 78' lang='lat' dir='ltr'><strong>genitricem,</strong></span> <span class='ocrx_word' id='word_1_219' title='bbox 731 3041 795 3080; x_wconf 79' lang='lat' dir='ltr'><strong>ea:</strong></span> <span class='ocrx_word' id='word_1_220' title='bbox 836 3043 939 3096; x_wconf 87' lang='lat' dir='ltr'><strong>qua</strong></span> <span class='ocrx_word' id='word_1_221' title='bbox 984 3026 1133 3080; x_wconf 88' lang='lat' dir='ltr'><strong>nobis</strong></span> <span class='ocrx_word' id='word_1_222' title='bbox 1183 3035 1339 3079; x_wconf 88' lang='lat' dir='ltr'><strong>natus</strong></span> <span class='ocrx_word' id='word_1_223' title='bbox 1383 3033 1461 3079; x_wconf 86' lang='lat' dir='ltr'><strong>est</strong></span> <span class='ocrx_word' id='word_1_224' title='bbox 1506 3021 1771 3079; x_wconf 82' lang='lat' dir='ltr'><strong>Christus.</strong></span> 
     </span>
    </p>
   </div>
   <div class='ocr_carea' id='block_1_33' title="bbox 200 3115 1778 3186">
    <p class='ocr_par' dir='ltr' id='par_1_33' title="bbox 200 3115 1778 3186">
     <span class='ocr_line' id='line_1_33' title="bbox 200 3115 1778 3186; baseline 0.001 -18"><span class='ocrx_word' id='word_1_225' title='bbox 200 3117 411 3184; x_wconf 85' lang='lat' dir='ltr'><strong>Quibus</strong></span> <span class='ocrx_word' id='word_1_226' title='bbox 430 3115 624 3172; x_wconf 79' lang='lat' dir='ltr'><strong>refellit</strong></span> <span class='ocrx_word' id='word_1_227' title='bbox 647 3117 913 3172; x_wconf 84' lang='lat' dir='ltr'><strong>Baronius</strong></span> <span class='ocrx_word' id='word_1_228' title='bbox 940 3133 1126 3172; x_wconf 92' lang='lat' dir='ltr'><strong>eorum</strong></span> <span class='ocrx_word' id='word_1_229' title='bbox 1154 3118 1477 3172; x_wconf 89' lang='lat' dir='ltr'><strong>sententiam</strong></span> <span class='ocrx_word' id='word_1_230' title='bbox 1512 3117 1603 3186; x_wconf 88' lang='lat' dir='ltr'><strong>qui</strong></span> <span class='ocrx_word' id='word_1_231' title='bbox 1624 3116 1778 3170; x_wconf 82' lang='lat' dir='ltr'><strong>dixe-</strong></span> 
     </span>
    </p>
   </div>
   <div class='ocr_carea' id='block_1_34' title="bbox 202 3205 1776 3277">
    <p class='ocr_par' dir='ltr' id='par_1_34' title="bbox 202 3205 1776 3277">
     <span class='ocr_line' id='line_1_34' title="bbox 202 3205 1776 3277; baseline 0 -15"><span class='ocrx_word' id='word_1_232' title='bbox 202 3215 329 3262; x_wconf 90' lang='lat' dir='ltr'><strong>runt</strong></span> <span class='ocrx_word' id='word_1_233' title='bbox 353 3205 408 3261; x_wconf 90' lang='lat' dir='ltr'><strong>S.</strong></span> <span class='ocrx_word' id='word_1_234' title='bbox 432 3208 642 3261; x_wconf 80' lang='lat' dir='ltr'><strong>Annam</strong></span> <span class='ocrx_word' id='word_1_235' title='bbox 669 3209 831 3263; x_wconf 90' lang='lat' dir='ltr'><strong>tertio</strong></span> <span class='ocrx_word' id='word_1_236' title='bbox 846 3215 1090 3277; x_wconf 90' lang='lat' dir='ltr'><strong>nuptam,</strong></span> <span class='ocrx_word' id='word_1_237' title='bbox 1109 3217 1162 3263; x_wconf 91' lang='lat' dir='ltr'><strong>et</strong></span> <span class='ocrx_word' id='word_1_238' title='bbox 1193 3207 1439 3277; x_wconf 88' lang='lat' dir='ltr'><strong>singulas</strong></span> <span class='ocrx_word' id='word_1_239' title='bbox 1459 3221 1525 3262; x_wconf 85' lang='lat' dir='ltr'><strong>ex</strong></span> <span class='ocrx_word' id='word_1_240' title='bbox 1547 3206 1776 3276; x_wconf 77' lang='lat' dir='ltr'><strong>singulis</strong></span> 
     </span>
    </p>
   </div>
   <div class='ocr_carea' id='block_1_35' title="bbox 199 3299 1776 3371">
    <p class='ocr_par' dir='ltr' id='par_1_35' title="bbox 199 3299 1776 3371">
     <span class='ocr_line' id='line_1_35' title="bbox 199 3299 1776 3371; baseline -0.001 -18"><span class='ocrx_word' id='word_1_241' title='bbox 199 3301 334 3354; x_wconf 81' lang='lat' dir='ltr'><strong>viris</strong></span> <span class='ocrx_word' id='word_1_242' title='bbox 363 3301 620 3371; x_wconf 80' lang='lat' dir='ltr'><strong>genuisse</strong></span> <span class='ocrx_word' id='word_1_243' title='bbox 652 3301 811 3366; x_wconf 86' lang='lat' dir='ltr'><strong>filias,</strong></span> <span class='ocrx_word' id='word_1_244' title='bbox 838 3308 892 3354; x_wconf 89' lang='lat' dir='ltr'><strong>et</strong></span> <span class='ocrx_word' id='word_1_245' title='bbox 920 3315 1109 3354; x_wconf 90' lang='lat' dir='ltr'><strong>eorum</strong></span> <span class='ocrx_word' id='word_1_246' title='bbox 1139 3299 1231 3368; x_wconf 91' lang='lat' dir='ltr'><strong>qui</strong></span> <span class='ocrx_word' id='word_1_247' title='bbox 1260 3299 1439 3353; x_wconf 91' lang='lat' dir='ltr'><strong>conati</strong></span> <span class='ocrx_word' id='word_1_248' title='bbox 1464 3309 1591 3353; x_wconf 89' lang='lat' dir='ltr'><strong>sunt</strong></span> <span class='ocrx_word' id='word_1_249' title='bbox 1624 3311 1776 3352; x_wconf 88' lang='lat' dir='ltr'><strong>asse-</strong></span> 
     </span>
    </p>
   </div>
   <div class='ocr_carea' id='block_1_36' title="bbox 199 3389 1772 3462">
    <p class='ocr_par' dir='ltr' id='par_1_36' title="bbox 199 3389 1772 3462">
     <span class='ocr_line' id='line_1_36' title="bbox 199 3389 1772 3462; baseline -0.002 -14"><span class='ocrx_word' id='word_1_250' title='bbox 199 3389 342 3454; x_wconf 76' lang='lat' dir='ltr'><strong>rere,</strong></span> <span class='ocrx_word' id='word_1_251' title='bbox 374 3408 440 3448; x_wconf 74' lang='lat' dir='ltr'><strong>ex</strong></span> <span class='ocrx_word' id='word_1_252' title='bbox 469 3391 657 3446; x_wconf 82' lang='lat' dir='ltr'><strong>eodem</strong></span> <span class='ocrx_word' id='word_1_253' title='bbox 701 3392 821 3446; x_wconf 83' lang='lat' dir='ltr'><strong>viro</strong></span> <span class='ocrx_word' id='word_1_254' title='bbox 854 3390 1101 3446; x_wconf 83' lang='lat' dir='ltr'><strong>Joachim</strong></span> <span class='ocrx_word' id='word_1_255' title='bbox 1147 3399 1258 3446; x_wconf 88' lang='lat' dir='ltr'><strong>tres</strong></span> <span class='ocrx_word' id='word_1_256' title='bbox 1297 3391 1576 3462; x_wconf 87' lang='lat' dir='ltr'><strong>peperisse</strong></span> <span class='ocrx_word' id='word_1_257' title='bbox 1615 3389 1772 3445; x_wconf 84' lang='lat' dir='ltr'><strong>ﬁlias.</strong></span> 
     </span>
    </p>
   </div>
   <div class='ocr_carea' id='block_1_37' title="bbox 274 3478 1771 3550">
    <p class='ocr_par' dir='ltr' id='par_1_37' title="bbox 274 3478 1771 3550">
     <span class='ocr_line' id='line_1_37' title="bbox 274 3478 1771 3550; baseline 0 -16"><span class='ocrx_word' id='word_1_258' title='bbox 274 3479 432 3544; x_wconf 85' lang='lat' dir='ltr'><strong>Ibid.,</strong></span> <span class='ocrx_word' id='word_1_259' title='bbox 487 3481 584 3534; x_wconf 92' lang='lat' dir='ltr'><strong>lin.</strong></span> <span class='ocrx_word' id='word_1_260' title='bbox 620 3479 708 3536; x_wconf 75' lang='lat' dir='ltr'><strong>i6.</strong></span> <span class='ocrx_word' id='word_1_261' title='bbox 764 3480 1109 3550; x_wconf 79' lang='grc' dir='ltr'>Γενομένης</span> <span class='ocrx_word' id='word_1_262' title='bbox 1155 3479 1224 3532; x_wconf 78' lang='grc' dir='ltr'><strong>δὲ</strong></span> <span class='ocrx_word' id='word_1_263' title='bbox 1262 3479 1470 3548; x_wconf 83' lang='grc' dir='ltr'>αὐτῆς.</span> <span class='ocrx_word' id='word_1_264' title='bbox 1531 3478 1771 3534; x_wconf 84' lang='lat' dir='ltr'><strong>Evodius</strong></span> 
     </span>
    </p>
   </div>
   <div class='ocr_carea' id='block_1_38' title="bbox 199 3569 1774 3642">
    <p class='ocr_par' dir='ltr' id='par_1_38' title="bbox 199 3569 1774 3642">
     <span class='ocr_line' id='line_1_38' title="bbox 199 3569 1774 3642; baseline -0.003 -15"><span class='ocrx_word' id='word_1_265' title='bbox 199 3571 495 3642; x_wconf 86' lang='lat' dir='ltr'><strong>episcopus</strong></span> <span class='ocrx_word' id='word_1_266' title='bbox 543 3573 924 3628; x_wconf 82' lang='lat' dir='ltr'><strong>Antiochenus</strong></span> <span class='ocrx_word' id='word_1_267' title='bbox 956 3571 1098 3642; x_wconf 86' lang='lat' dir='ltr'><strong>apud</strong></span> <span class='ocrx_word' id='word_1_268' title='bbox 1148 3569 1537 3639; x_wconf 84' lang='lat' dir='ltr'><strong>Nicephorum,</strong></span> <span class='ocrx_word' id='word_1_269' title='bbox 1571 3571 1665 3625; x_wconf 86' lang='lat' dir='ltr'><strong>lib.</strong></span> <span class='ocrx_word' id='word_1_270' title='bbox 1712 3586 1774 3634; x_wconf 89' lang='grc' dir='ltr'><strong>ιι,</strong></span> 
     </span>
    </p>
   </div>
   <div class='ocr_carea' id='block_1_39' title="bbox 198 3663 1772 3734">
    <p class='ocr_par' dir='ltr' id='par_1_39' title="bbox 198 3663 1772 3734">
     <span class='ocr_line' id='line_1_39' title="bbox 198 3663 1772 3734; baseline -0.004 -15"><span class='ocrx_word' id='word_1_271' title='bbox 198 3679 302 3734; x_wconf 86' lang='lat' dir='ltr'><strong>cap</strong></span> <span class='ocrx_word' id='word_1_272' title='bbox 361 3664 395 3720; x_wconf 78' lang='grc'><strong>5</strong></span> <span class='ocrx_word' id='word_1_273' title='bbox 421 3683 434 3720; x_wconf 89' lang='lat'>:</span> <span class='ocrx_word' id='word_1_274' title='bbox 464 3663 703 3720; x_wconf 87' lang='lat' dir='ltr'><strong>Trimula</strong></span> <span class='ocrx_word' id='word_1_275' title='bbox 736 3681 856 3719; x_wconf 76' lang='lat' dir='ltr'><strong>cum</strong></span> <span class='ocrx_word' id='word_1_276' title='bbox 895 3673 1027 3719; x_wconf 87' lang='lat' dir='ltr'><strong>esset</strong></span> <span class='ocrx_word' id='word_1_277' title='bbox 1062 3664 1116 3717; x_wconf 87' lang='lat' dir='ltr'><strong>in</strong></span> <span class='ocrx_word' id='word_1_278' title='bbox 1147 3663 1392 3731; x_wconf 86' lang='lat' dir='ltr'><strong>templum</strong></span> <span class='ocrx_word' id='word_1_279' title='bbox 1424 3670 1772 3731; x_wconf 81' lang='lat' dir='ltr'><strong>prwsentata,</strong></span> 
     </span>
    </p>
   </div>
   <div class='ocr_carea' id='block_1_40' title="bbox 196 3753 1773 3821">
    <p class='ocr_par' dir='ltr' id='par_1_40' title="bbox 196 3753 1773 3821">
     <span class='ocr_line' id='line_1_40' title="bbox 196 3753 1773 3821; baseline -0.002 -13"><span class='ocrx_word' id='word_1_280' title='bbox 196 3755 276 3808; x_wconf 86' lang='lat' dir='ltr'><strong>ibi</strong></span> <span class='ocrx_word' id='word_1_281' title='bbox 317 3754 372 3808; x_wconf 89' lang='lat' dir='ltr'><strong>in</strong></span> <span class='ocrx_word' id='word_1_282' title='bbox 400 3753 612 3809; x_wconf 83' lang='lat' dir='ltr'><strong>Sanctis</strong></span> <span class='ocrx_word' id='word_1_283' title='bbox 661 3765 965 3810; x_wconf 85' lang='lat' dir='ltr'><strong>sanctorum</strong></span> <span class='ocrx_word' id='word_1_284' title='bbox 1015 3754 1252 3808; x_wconf 73' lang='lat' dir='ltr'><strong>traduxit</strong></span> <span class='ocrx_word' id='word_1_285' title='bbox 1308 3771 1473 3807; x_wconf 89' lang='lat' dir='ltr'><strong>annos</strong></span> <span class='ocrx_word' id='word_1_286' title='bbox 1513 3753 1773 3821; x_wconf 85' lang='lat' dir='ltr'><strong>undecim,</strong></span> 
     </span>
    </p>
   </div>
   <div class='ocr_carea' id='block_1_41' title="bbox 195 3844 1775 3914">
    <p class='ocr_par' dir='ltr' id='par_1_41' title="bbox 195 3844 1775 3914">
     <span class='ocr_line' id='line_1_41' title="bbox 195 3844 1775 3914; baseline -0.002 -14"><span class='ocrx_word' id='word_1_287' title='bbox 195 3844 385 3900; x_wconf 89' lang='lat' dir='ltr'><strong>deinde</strong></span> <span class='ocrx_word' id='word_1_288' title='bbox 420 3863 537 3902; x_wconf 79' lang='lat' dir='ltr'><strong>vero</strong></span> <span class='ocrx_word' id='word_1_289' title='bbox 586 3847 920 3902; x_wconf 80' lang='lat' dir='ltr'><strong>sacerdotum</strong></span> <span class='ocrx_word' id='word_1_290' title='bbox 963 3846 1206 3902; x_wconf 87' lang='lat' dir='ltr'><strong>manibus</strong></span> <span class='ocrx_word' id='word_1_291' title='bbox 1255 3844 1447 3914; x_wconf 83' lang='lat' dir='ltr'><strong>Joseph</strong></span> <span class='ocrx_word' id='word_1_292' title='bbox 1494 3844 1561 3898; x_wconf 90' lang='lat' dir='ltr'><strong>ad</strong></span> <span class='ocrx_word' id='word_1_293' title='bbox 1601 3855 1775 3898; x_wconf 82' lang='lat' dir='ltr'><strong>custo-</strong></span> 
     </span>
    </p>
   </div>
   <div class='ocr_carea' id='block_1_42' title="bbox 195 3936 1772 4009">
    <p class='ocr_par' dir='ltr' id='par_1_42' title="bbox 195 3936 1772 4009">
     <span class='ocr_line' id='line_1_42' title="bbox 195 3936 1772 4009; baseline -0.001 -19"><span class='ocrx_word' id='word_1_294' title='bbox 195 3936 345 3990; x_wconf 89' lang='lat' dir='ltr'><strong>diam</strong></span> <span class='ocrx_word' id='word_1_295' title='bbox 374 3949 450 3992; x_wconf 84' lang='lat' dir='ltr'><strong>est</strong></span> <span class='ocrx_word' id='word_1_296' title='bbox 484 3937 705 4003; x_wconf 85' lang='lat' dir='ltr'><strong>tradita,</strong></span> <span class='ocrx_word' id='word_1_297' title='bbox 752 3938 892 4007; x_wconf 88' lang='lat' dir='ltr'><strong>apud</strong></span> <span class='ocrx_word' id='word_1_298' title='bbox 922 3956 1072 4009; x_wconf 89' lang='lat' dir='ltr'><strong>quem</strong></span> <span class='ocrx_word' id='word_1_299' title='bbox 1109 3955 1227 3991; x_wconf 87' lang='lat' dir='ltr'><strong>cum</strong></span> <span class='ocrx_word' id='word_1_300' title='bbox 1261 3955 1460 3992; x_wconf 88' lang='lat' dir='ltr'><strong>menses</strong></span> <span class='ocrx_word' id='word_1_301' title='bbox 1497 3937 1772 4006; x_wconf 76' lang='lat' dir='ltr'><strong>peregisset</strong></span> 
     </span>
    </p>
   </div>
   <div class='ocr_carea' id='block_1_43' title="bbox 196 4027 1774 4101">
    <p class='ocr_par' dir='ltr' id='par_1_43' title="bbox 196 4027 1774 4101">
     <span class='ocr_line' id='line_1_43' title="bbox 196 4027 1774 4101; baseline 0 -19"><span class='ocrx_word' id='word_1_302' title='bbox 196 4037 446 4100; x_wconf 85' lang='lat' dir='ltr'><strong>quatuor,</strong></span> <span class='ocrx_word' id='word_1_303' title='bbox 484 4030 548 4083; x_wconf 89' lang='lat' dir='ltr'><strong>ab</strong></span> <span class='ocrx_word' id='word_1_304' title='bbox 580 4032 762 4101; x_wconf 87' lang='lat' dir='ltr'><strong>angelo</strong></span> <span class='ocrx_word' id='word_1_305' title='bbox 789 4031 965 4085; x_wconf 77' lang='lat' dir='ltr'><strong>ltetum</strong></span> <span class='ocrx_word' id='word_1_306' title='bbox 997 4029 1132 4085; x_wconf 87' lang='lat' dir='ltr'><strong>illud</strong></span> <span class='ocrx_word' id='word_1_307' title='bbox 1164 4031 1359 4099; x_wconf 87' lang='lat' dir='ltr'><strong>accepit</strong></span> <span class='ocrx_word' id='word_1_308' title='bbox 1393 4029 1652 4083; x_wconf 87' lang='lat' dir='ltr'><strong>nuntium.</strong></span> <span class='ocrx_word' id='word_1_309' title='bbox 1672 4027 1774 4082; x_wconf 90' lang='lat' dir='ltr'><strong>Pe-</strong></span> 
     </span>
    </p>
   </div>
   <div class='ocr_carea' id='block_1_44' title="bbox 193 4121 1774 4191">
    <p class='ocr_par' dir='ltr' id='par_1_44' title="bbox 193 4121 1774 4191">
     <span class='ocr_line' id='line_1_44' title="bbox 193 4121 1774 4191; baseline -0.002 -15"><span class='ocrx_word' id='word_1_310' title='bbox 193 4123 327 4191; x_wconf 85' lang='lat' dir='ltr'><strong>perit</strong></span> <span class='ocrx_word' id='word_1_311' title='bbox 351 4132 524 4177; x_wconf 86' lang='lat' dir='ltr'><strong>autem</strong></span> <span class='ocrx_word' id='word_1_312' title='bbox 558 4123 704 4178; x_wconf 88' lang='lat' dir='ltr'><strong>illius</strong></span> <span class='ocrx_word' id='word_1_313' title='bbox 741 4123 921 4177; x_wconf 89' lang='lat' dir='ltr'><strong>mundi</strong></span> <span class='ocrx_word' id='word_1_314' title='bbox 948 4123 1158 4189; x_wconf 87' lang='lat' dir='ltr'><strong>Lucem,</strong></span> <span class='ocrx_word' id='word_1_315' title='bbox 1199 4139 1394 4176; x_wconf 89' lang='lat' dir='ltr'><strong>annum</strong></span> <span class='ocrx_word' id='word_1_316' title='bbox 1426 4138 1582 4191; x_wconf 87' lang='lat' dir='ltr'><strong>agens</strong></span> <span class='ocrx_word' id='word_1_317' title='bbox 1622 4121 1774 4191; x_wconf 89' lang='lat' dir='ltr'><strong>quin-</strong></span> 
     </span>
    </p>
   </div>
   <div class='ocr_carea' id='block_1_45' title="bbox 195 4211 1771 4285">
    <p class='ocr_par' dir='ltr' id='par_1_45' title="bbox 195 4211 1771 4285">
     <span class='ocr_line' id='line_1_45' title="bbox 195 4211 1771 4285; baseline 0 -19"><span class='ocrx_word' id='word_1_318' title='bbox 195 4213 474 4280; x_wconf 87' lang='lat' dir='ltr'><strong>decimum,</strong></span> <span class='ocrx_word' id='word_1_319' title='bbox 507 4216 751 4268; x_wconf 85' lang='lat' dir='ltr'><strong>vicesima</strong></span> <span class='ocrx_word' id='word_1_320' title='bbox 771 4217 956 4285; x_wconf 89' lang='lat' dir='ltr'><strong>quinta</strong></span> <span class='ocrx_word' id='word_1_321' title='bbox 985 4215 1070 4270; x_wconf 87' lang='lat' dir='ltr'><strong>die</strong></span> <span class='ocrx_word' id='word_1_322' title='bbox 1094 4217 1282 4269; x_wconf 81' lang='lat' dir='ltr'><strong>mensis</strong></span> <span class='ocrx_word' id='word_1_323' title='bbox 1315 4213 1631 4268; x_wconf 89' lang='lat' dir='ltr'><strong>Decembris.</strong></span> <span class='ocrx_word' id='word_1_324' title='bbox 1651 4211 1771 4267; x_wconf 87' lang='lat' dir='ltr'><strong>Tri-</strong></span> 
     </span>
    </p>
   </div>
   <div class='ocr_carea' id='block_1_46' title="bbox 195 4305 1768 4377">
    <p class='ocr_par' dir='ltr' id='par_1_46' title="bbox 195 4305 1768 4377">
     <span class='ocr_line' id='line_1_46' title="bbox 195 4305 1768 4377; baseline -0.002 -16"><span class='ocrx_word' id='word_1_325' title='bbox 195 4306 399 4361; x_wconf 89' lang='lat' dir='ltr'><strong>mulam</strong></span> <span class='ocrx_word' id='word_1_326' title='bbox 451 4305 560 4360; x_wconf 90' lang='lat' dir='ltr'><strong>Deo</strong></span> <span class='ocrx_word' id='word_1_327' title='bbox 590 4307 825 4362; x_wconf 91' lang='lat' dir='ltr'><strong>oblatam</strong></span> <span class='ocrx_word' id='word_1_328' title='bbox 854 4305 1132 4377; x_wconf 76' lang='lat' dir='ltr'><strong>Virginem</strong></span> <span class='ocrx_word' id='word_1_329' title='bbox 1165 4315 1360 4377; x_wconf 63' lang='lat' dir='ltr'><strong>praeter</strong></span> <span class='ocrx_word' id='word_1_330' title='bbox 1399 4305 1768 4370; x_wconf 90' lang='lat' dir='ltr'><strong>Eustathium,</strong></span> 
     </span>
    </p>
   </div>
   <div class='ocr_carea' id='block_1_47' title="bbox 193 4396 1772 4468">
    <p class='ocr_par' dir='ltr' id='par_1_47' title="bbox 193 4396 1772 4468">
     <span class='ocr_line' id='line_1_47' title="bbox 193 4396 1772 4468; baseline -0.003 -15"><span class='ocrx_word' id='word_1_331' title='bbox 193 4405 251 4454; x_wconf 86' lang='lat' dir='ltr'><strong>et</strong></span> <span class='ocrx_word' id='word_1_332' title='bbox 291 4396 577 4464; x_wconf 87' lang='lat' dir='ltr'><strong>Evodium,</strong></span> <span class='ocrx_word' id='word_1_333' title='bbox 629 4399 771 4453; x_wconf 89' lang='lat' dir='ltr'><strong>idem</strong></span> <span class='ocrx_word' id='word_1_334' title='bbox 822 4400 1064 4454; x_wconf 91' lang='lat' dir='ltr'><strong>sentiunt</strong></span> <span class='ocrx_word' id='word_1_335' title='bbox 1109 4397 1405 4468; x_wconf 83' lang='lat' dir='ltr'><strong>Gregorius</strong></span> <span class='ocrx_word' id='word_1_336' title='bbox 1463 4397 1540 4453; x_wconf 87' lang='lat' dir='ltr'><strong>De</strong></span> <span class='ocrx_word' id='word_1_337' title='bbox 1569 4396 1772 4452; x_wconf 86' lang='lat' dir='ltr'><strong>Christi</strong></span> 
     </span>
    </p>
   </div>
   <div class='ocr_carea' id='block_1_48' title="bbox 1893 564 3459 636">
    <p class='ocr_par' dir='ltr' id='par_1_48' title="bbox 1893 564 3459 636">
     <span class='ocr_line' id='line_1_48' title="bbox 1893 564 3459 636; baseline 0.009 -18"><span class='ocrx_word' id='word_1_338' title='bbox 1893 564 2144 620; x_wconf 81' lang='lat' dir='ltr'><strong>adversus</strong></span> <span class='ocrx_word' id='word_1_339' title='bbox 2187 567 2789 636; x_wconf 80' lang='lat' dir='ltr'><strong>Antidicomarianitas;</strong></span> <span class='ocrx_word' id='word_1_340' title='bbox 2824 569 3096 629; x_wconf 85' lang='lat' dir='ltr'><strong>Eusebius</strong></span> <span class='ocrx_word' id='word_1_341' title='bbox 3133 575 3228 630; x_wconf 85' lang='lat' dir='ltr'><strong>lib.</strong></span> <span class='ocrx_word' id='word_1_342' title='bbox 3273 594 3311 632; x_wconf 91' lang='grc' dir='ltr'><strong>ιι</strong></span> <span class='ocrx_word' id='word_1_343' title='bbox 3353 576 3459 631; x_wconf 83' lang='lat' dir='ltr'><strong>Ec-</strong></span> 
     </span>
    </p>
   </div>
   <div class='ocr_carea' id='block_1_49' title="bbox 1889 654 3454 735">
    <p class='ocr_par' dir='ltr' id='par_1_49' title="bbox 1889 654 3454 735">
     <span class='ocr_line' id='line_1_49' title="bbox 1889 654 3454 735; baseline 0.01 -26"><span class='ocrx_word' id='word_1_344' title='bbox 1889 654 2015 710; x_wconf 84' lang='lat' dir='ltr'><strong>cles.</strong></span> <span class='ocrx_word' id='word_1_345' title='bbox 2047 656 2260 722; x_wconf 85' lang='lat' dir='ltr'><strong>histor.,</strong></span> <span class='ocrx_word' id='word_1_346' title='bbox 2285 672 2407 727; x_wconf 88' lang='lat' dir='ltr'><strong>cap.</strong></span> <span class='ocrx_word' id='word_1_347' title='bbox 2438 657 2886 730; x_wconf 74' lang='lat' dir='ltr'><strong>l;Nicephorus,</strong></span> <span class='ocrx_word' id='word_1_348' title='bbox 2916 662 3010 717; x_wconf 89' lang='lat' dir='ltr'><strong>lib.</strong></span> <span class='ocrx_word' id='word_1_349' title='bbox 3033 679 3094 730; x_wconf 90' lang='grc' dir='ltr'><strong>ιι,</strong></span> <span class='ocrx_word' id='word_1_350' title='bbox 3126 680 3247 735; x_wconf 88' lang='lat' dir='ltr'><strong>cap.</strong></span> <span class='ocrx_word' id='word_1_351' title='bbox 3281 667 3335 730; x_wconf 82' lang='grc'>5,</span> <span class='ocrx_word' id='word_1_352' title='bbox 3359 668 3454 724; x_wconf 81' lang='lat' dir='ltr'><strong>ubi</strong></span> 
     </span>
    </p>
   </div>
   <div class='ocr_carea' id='block_1_50' title="bbox 1888 747 3455 822">
    <p class='ocr_par' dir='ltr' id='par_1_50' title="bbox 1888 747 3455 822">
     <span class='ocr_line' id='line_1_50' title="bbox 1888 747 3455 822; baseline 0.008 -20"><span class='ocrx_word' id='word_1_353' title='bbox 1888 747 2050 802; x_wconf 90' lang='lat' dir='ltr'><strong>etiam</strong></span> <span class='ocrx_word' id='word_1_354' title='bbox 2083 747 2248 802; x_wconf 83' lang='lat' dir='ltr'><strong>refert</strong></span> <span class='ocrx_word' id='word_1_355' title='bbox 2285 748 2629 822; x_wconf 84' lang='lat' dir='ltr'><strong>Hippolytum</strong></span> <span class='ocrx_word' id='word_1_356' title='bbox 2662 752 2907 822; x_wconf 81' lang='lat' dir='ltr'><strong>ejusdem</strong></span> <span class='ocrx_word' id='word_1_357' title='bbox 2941 758 3227 812; x_wconf 77' lang='lat' dir='ltr'><strong>sententia:</strong></span> <span class='ocrx_word' id='word_1_358' title='bbox 3264 766 3455 814; x_wconf 89' lang='lat' dir='ltr'><strong>aucto-</strong></span> 
     </span>
    </p>
   </div>
   <div class='ocr_carea' id='block_1_51' title="bbox 1888 838 3456 914">
    <p class='ocr_par' dir='ltr' id='par_1_51' title="bbox 1888 838 3456 914">
     <span class='ocr_line' id='line_1_51' title="bbox 1888 838 3456 914; baseline 0.006 -20"><span class='ocrx_word' id='word_1_359' title='bbox 1888 855 2033 904; x_wconf 86' lang='lat' dir='ltr'><strong>rem;</strong></span> <span class='ocrx_word' id='word_1_360' title='bbox 2083 838 2380 909; x_wconf 79' lang='lat' dir='ltr'><strong>Gregorius</strong></span> <span class='ocrx_word' id='word_1_361' title='bbox 2449 842 2750 914; x_wconf 81' lang='lat' dir='ltr'><strong>Nyssenus.</strong></span> <span class='ocrx_word' id='word_1_362' title='bbox 2801 847 2878 902; x_wconf 84' lang='lat' dir='ltr'><strong>De</strong></span> <span class='ocrx_word' id='word_1_363' title='bbox 2922 858 3200 906; x_wconf 85' lang='lat' dir='ltr'><strong>resurrect.</strong></span> <span class='ocrx_word' id='word_1_364' title='bbox 3254 850 3456 906; x_wconf 84' lang='lat' dir='ltr'><strong>Christi</strong></span> 
     </span>
    </p>
   </div>
   <div class='ocr_carea' id='block_1_52' title="bbox 1885 929 3457 1008">
    <p class='ocr_par' dir='ltr' id='par_1_52' title="bbox 1885 929 3457 1008">
     <span class='ocr_line' id='line_1_52' title="bbox 1885 929 3457 1008; baseline 0.007 -23"><span class='ocrx_word' id='word_1_365' title='bbox 1885 929 2167 996; x_wconf 79' lang='lat' dir='ltr'><strong>homil.2;</strong></span> <span class='ocrx_word' id='word_1_366' title='bbox 2210 931 2534 1004; x_wconf 87' lang='lat' dir='ltr'><strong>Euthymius</strong></span> <span class='ocrx_word' id='word_1_367' title='bbox 2578 937 2634 990; x_wconf 88' lang='lat' dir='ltr'><strong>in</strong></span> <span class='ocrx_word' id='word_1_368' title='bbox 2679 935 2922 992; x_wconf 73' lang='lat' dir='ltr'><strong>Hatthcei</strong></span> <span class='ocrx_word' id='word_1_369' title='bbox 2971 956 3087 1008; x_wconf 86' lang='lat' dir='ltr'><strong>cap.</strong></span> <span class='ocrx_word' id='word_1_370' title='bbox 3126 956 3240 1007; x_wconf 77' lang='lat' dir='ltr'><strong>xu;</strong></span> <span class='ocrx_word' id='word_1_371' title='bbox 3275 941 3457 996; x_wconf 70' lang='lat' dir='ltr'><strong>(Ecu-</strong></span> 
     </span>
    </p>
   </div>
   <div class='ocr_carea' id='block_1_53' title="bbox 1887 1023 3456 1105">
    <p class='ocr_par' dir='ltr' id='par_1_53' title="bbox 1887 1023 3456 1105">
     <span class='ocr_line' id='line_1_53' title="bbox 1887 1023 3456 1105; baseline 0.008 -29"><span class='ocrx_word' id='word_1_372' title='bbox 1887 1023 2106 1080; x_wconf 89' lang='lat' dir='ltr'><strong>menius</strong></span> <span class='ocrx_word' id='word_1_373' title='bbox 2136 1040 2292 1093; x_wconf 78' lang='lat' dir='ltr'><strong>super</strong></span> <span class='ocrx_word' id='word_1_374' title='bbox 2325 1025 2419 1095; x_wconf 86' lang='lat' dir='ltr'><strong>Ep.</strong></span> <span class='ocrx_word' id='word_1_375' title='bbox 2466 1029 2534 1081; x_wconf 85' lang='lat' dir='ltr'><strong>ad</strong></span> <span class='ocrx_word' id='word_1_376' title='bbox 2569 1027 2688 1085; x_wconf 83' lang='lat' dir='ltr'><strong>Gal.</strong></span> <span class='ocrx_word' id='word_1_377' title='bbox 2734 1047 2856 1101; x_wconf 90' lang='lat' dir='ltr'><strong>cap.</strong></span> <span class='ocrx_word' id='word_1_378' title='bbox 2889 1048 2937 1101; x_wconf 91' lang='grc' dir='ltr'>ι;</span> <span class='ocrx_word' id='word_1_379' title='bbox 2968 1031 3269 1105; x_wconf 80' lang='lat' dir='ltr'><strong>TheOphyl.</strong></span> <span class='ocrx_word' id='word_1_380' title='bbox 3302 1052 3456 1097; x_wconf 84' lang='lat' dir='ltr'><strong>super</strong></span> 
     </span>
    </p>
   </div>
   <div class='ocr_carea' id='block_1_54' title="bbox 1886 1112 3452 1192">
    <p class='ocr_par' dir='ltr' id='par_1_54' title="bbox 1886 1112 3452 1192">
     <span class='ocr_line' id='line_1_54' title="bbox 1886 1112 3452 1192; baseline 0.01 -24"><span class='ocrx_word' id='word_1_381' title='bbox 1886 1112 2221 1180; x_wconf 72' lang='lat' dir='ltr'><strong>Matt/neum,</strong></span> <span class='ocrx_word' id='word_1_382' title='bbox 2261 1132 2382 1187; x_wconf 92' lang='lat' dir='ltr'><strong>cap.</strong></span> <span class='ocrx_word' id='word_1_383' title='bbox 2413 1133 2528 1182; x_wconf 78' lang='lat' dir='ltr'><strong>xm,</strong></span> <span class='ocrx_word' id='word_1_384' title='bbox 2578 1130 2632 1175; x_wconf 91' lang='lat' dir='ltr'><strong>et</strong></span> <span class='ocrx_word' id='word_1_385' title='bbox 2668 1124 2940 1192; x_wconf 86' lang='lat' dir='ltr'><strong>repetite.</strong></span> <span class='ocrx_word' id='word_1_386' title='bbox 2982 1140 3169 1192; x_wconf 77' lang='lat' dir='ltr'><strong>xxvn;</strong></span> <span class='ocrx_word' id='word_1_387' title='bbox 3210 1125 3452 1184; x_wconf 90' lang='lat' dir='ltr'><strong>llilarius</strong></span> 
     </span>
    </p>
   </div>
   <div class='ocr_carea' id='block_1_55' title="bbox 1885 1208 3451 1286">
    <p class='ocr_par' dir='ltr' id='par_1_55' title="bbox 1885 1208 3451 1286">
     <span class='ocr_line' id='line_1_55' title="bbox 1885 1208 3451 1286; baseline 0.01 -27"><span class='ocrx_word' id='word_1_388' title='bbox 1885 1217 2161 1262; x_wconf 90' lang='lat' dir='ltr'><strong>comment.</strong></span> <span class='ocrx_word' id='word_1_389' title='bbox 2181 1209 2232 1262; x_wconf 88' lang='lat' dir='ltr'><strong>in</strong></span> <span class='ocrx_word' id='word_1_390' title='bbox 2265 1208 2482 1274; x_wconf 68' lang='lat' dir='ltr'><strong>Matt/1.,</strong></span> <span class='ocrx_word' id='word_1_391' title='bbox 2505 1227 2631 1268; x_wconf 86' lang='lat' dir='ltr'><strong>can.</strong></span> <span class='ocrx_word' id='word_1_392' title='bbox 2669 1215 2718 1279; x_wconf 81' lang='lat' dir='ltr'><strong>l;</strong></span> <span class='ocrx_word' id='word_1_393' title='bbox 2744 1215 3066 1273; x_wconf 84' lang='lat' dir='ltr'><strong>Ambrosius</strong></span> <span class='ocrx_word' id='word_1_394' title='bbox 3093 1218 3147 1272; x_wconf 88' lang='lat' dir='ltr'><strong>in</strong></span> <span class='ocrx_word' id='word_1_395' title='bbox 3177 1216 3348 1286; x_wconf 77' lang='lat' dir='ltr'><strong>Epist.</strong></span> <span class='ocrx_word' id='word_1_396' title='bbox 3381 1219 3451 1274; x_wconf 89' lang='lat' dir='ltr'><strong>ad</strong></span> 
     </span>
    </p>
   </div>
   <div class='ocr_carea' id='block_1_56' title="bbox 1885 1297 3449 1380">
    <p class='ocr_par' dir='ltr' id='par_1_56' title="bbox 1885 1297 3449 1380">
     <span class='ocr_line' id='line_1_56' title="bbox 1885 1297 3449 1380; baseline 0.009 -28"><span class='ocrx_word' id='word_1_397' title='bbox 1885 1297 2065 1355; x_wconf 83' lang='lat' dir='ltr'><strong>Colat.</strong></span> <span class='ocrx_word' id='word_1_398' title='bbox 2117 1316 2238 1370; x_wconf 89' lang='lat' dir='ltr'><strong>cap.</strong></span> <span class='ocrx_word' id='word_1_399' title='bbox 2284 1318 2322 1365; x_wconf 87' lang='grc' dir='ltr'><strong>ι,</strong></span> <span class='ocrx_word' id='word_1_400' title='bbox 2369 1311 2423 1358; x_wconf 90' lang='lat' dir='ltr'><strong>et</strong></span> <span class='ocrx_word' id='word_1_401' title='bbox 2466 1303 2776 1374; x_wconf 86' lang='lat' dir='ltr'><strong>Cajetanns,</strong></span> <span class='ocrx_word' id='word_1_402' title='bbox 2843 1308 3079 1364; x_wconf 80' lang='lat' dir='ltr'><strong>ibidemJ</strong></span> <span class='ocrx_word' id='word_1_403' title='bbox 3125 1309 3449 1380; x_wconf 89' lang='lat' dir='ltr'><strong>Oppositum</strong></span> 
     </span>
    </p>
   </div>
   <div class='ocr_carea' id='block_1_57' title="bbox 1885 1391 3452 1474">
    <p class='ocr_par' dir='ltr' id='par_1_57' title="bbox 1885 1391 3452 1474">
     <span class='ocr_line' id='line_1_57' title="bbox 1885 1391 3452 1474; baseline 0.008 -28"><span class='ocrx_word' id='word_1_404' title='bbox 1885 1406 2106 1447; x_wconf 90' lang='lat' dir='ltr'><strong>sensere</strong></span> <span class='ocrx_word' id='word_1_405' title='bbox 2152 1391 2513 1466; x_wconf 82' lang='lat' dir='ltr'><strong>Hieronymus</strong></span> <span class='ocrx_word' id='word_1_406' title='bbox 2539 1397 2787 1454; x_wconf 83' lang='lat' dir='ltr'><strong>adversus</strong></span> <span class='ocrx_word' id='word_1_407' title='bbox 2843 1399 3162 1465; x_wconf 85' lang='lat' dir='ltr'><strong>Helvidium,</strong></span> <span class='ocrx_word' id='word_1_408' title='bbox 3191 1403 3452 1474; x_wconf 83' lang='lat' dir='ltr'><strong>Augusti-</strong></span> 
     </span>
    </p>
   </div>
   <div class='ocr_carea' id='block_1_58' title="bbox 1882 1484 3450 1561">
    <p class='ocr_par' dir='ltr' id='par_1_58' title="bbox 1882 1484 3450 1561">
     <span class='ocr_line' id='line_1_58' title="bbox 1882 1484 3450 1561; baseline 0.008 -27"><span class='ocrx_word' id='word_1_409' title='bbox 1882 1496 2021 1546; x_wconf 92' lang='lat' dir='ltr'><strong>nus,</strong></span> <span class='ocrx_word' id='word_1_410' title='bbox 2077 1497 2242 1538; x_wconf 90' lang='lat' dir='ltr'><strong>serm.</strong></span> <span class='ocrx_word' id='word_1_411' title='bbox 2295 1484 2363 1537; x_wconf 77' lang='grc'><strong>14</strong></span> <span class='ocrx_word' id='word_1_412' title='bbox 2413 1485 2466 1538; x_wconf 89' lang='lat' dir='ltr'><strong>in</strong></span> <span class='ocrx_word' id='word_1_413' title='bbox 2500 1485 2799 1542; x_wconf 81' lang='lat' dir='ltr'><strong>Nativitate</strong></span> <span class='ocrx_word' id='word_1_414' title='bbox 2833 1488 3078 1556; x_wconf 88' lang='lat' dir='ltr'><strong>Domini,</strong></span> <span class='ocrx_word' id='word_1_415' title='bbox 3113 1491 3256 1546; x_wconf 86' lang='lat' dir='ltr'><strong>Beda</strong></span> <span class='ocrx_word' id='word_1_416' title='bbox 3295 1509 3450 1561; x_wconf 86' lang='lat' dir='ltr'><strong>super</strong></span> 
     </span>
    </p>
   </div>
   <div class='ocr_carea' id='block_1_59' title="bbox 1884 1573 3448 1652">
    <p class='ocr_par' dir='ltr' id='par_1_59' title="bbox 1884 1573 3448 1652">
     <span class='ocr_line' id='line_1_59' title="bbox 1884 1573 3448 1652; baseline 0.009 -27"><span class='ocrx_word' id='word_1_417' title='bbox 1884 1588 1998 1640; x_wconf 85' lang='lat' dir='ltr'><strong>cap.</strong></span> <span class='ocrx_word' id='word_1_418' title='bbox 2037 1590 2089 1627; x_wconf 74' lang='grc' dir='ltr'><strong>γι</strong></span> <span class='ocrx_word' id='word_1_419' title='bbox 2131 1573 2324 1639; x_wconf 80' lang='lat' dir='ltr'><strong>Marci,</strong></span> <span class='ocrx_word' id='word_1_420' title='bbox 2365 1581 2420 1630; x_wconf 89' lang='lat' dir='ltr'><strong>et</strong></span> <span class='ocrx_word' id='word_1_421' title='bbox 2469 1579 2560 1632; x_wconf 90' lang='lat' dir='ltr'><strong>alii</strong></span> <span class='ocrx_word' id='word_1_422' title='bbox 2607 1581 2938 1638; x_wconf 82' lang='lat' dir='ltr'><strong>recentiores</strong></span> <span class='ocrx_word' id='word_1_423' title='bbox 2997 1583 3090 1652; x_wconf 89' lang='lat' dir='ltr'><strong>qui</strong></span> <span class='ocrx_word' id='word_1_424' title='bbox 3153 1585 3448 1639; x_wconf 88' lang='lat' dir='ltr'><strong>secundam</strong></span> 
     </span>
    </p>
   </div>
   <div class='ocr_carea' id='block_1_60' title="bbox 1882 1667 3452 1749">
    <p class='ocr_par' dir='ltr' id='par_1_60' title="bbox 1882 1667 3452 1749">
     <span class='ocr_line' id='line_1_60' title="bbox 1882 1667 3452 1749; baseline 0.008 -29"><span class='ocrx_word' id='word_1_425' title='bbox 1882 1667 2207 1749; x_wconf 76' lang='lat' dir='ltr'><strong>sententiam</strong></span> <span class='ocrx_word' id='word_1_426' title='bbox 2233 1707 2247 1732; x_wconf 92' lang='lat'><strong>,</strong></span> <span class='ocrx_word' id='word_1_427' title='bbox 2278 1677 2539 1740; x_wconf 87' lang='lat' dir='ltr'><strong>tanquam</strong></span> <span class='ocrx_word' id='word_1_428' title='bbox 2596 1673 2770 1743; x_wconf 86' lang='lat' dir='ltr'><strong>magis</strong></span> <span class='ocrx_word' id='word_1_429' title='bbox 2804 1675 3138 1744; x_wconf 89' lang='lat' dir='ltr'><strong>probabilem</strong></span> <span class='ocrx_word' id='word_1_430' title='bbox 3198 1683 3253 1732; x_wconf 90' lang='lat' dir='ltr'><strong>et</strong></span> <span class='ocrx_word' id='word_1_431' title='bbox 3299 1692 3452 1732; x_wconf 86' lang='lat' dir='ltr'><strong>rece-</strong></span> 
     </span>
    </p>
   </div>
   <div class='ocr_carea' id='block_1_61' title="bbox 1883 1759 3452 1826">
    <p class='ocr_par' dir='ltr' id='par_1_61' title="bbox 1883 1759 3452 1826">
     <span class='ocr_line' id='line_1_61' title="bbox 1883 1759 3452 1826; baseline 0.01 -16"><span class='ocrx_word' id='word_1_432' title='bbox 1883 1766 2028 1826; x_wconf 85' lang='lat' dir='ltr'><strong>ptam</strong></span> <span class='ocrx_word' id='word_1_433' title='bbox 2050 1759 2371 1816; x_wconf 87' lang='lat' dir='ltr'><strong>defendunt.</strong></span> <span class='ocrx_word' id='word_1_434' title='bbox 2405 1760 2524 1817; x_wconf 77' lang='lat' dir='ltr'><strong>Non</strong></span> <span class='ocrx_word' id='word_1_435' title='bbox 2563 1772 2647 1820; x_wconf 89' lang='lat' dir='ltr'><strong>est</strong></span> <span class='ocrx_word' id='word_1_436' title='bbox 2678 1775 2856 1822; x_wconf 89' lang='lat' dir='ltr'><strong>tamen</strong></span> <span class='ocrx_word' id='word_1_437' title='bbox 2910 1767 3120 1824; x_wconf 88' lang='lat' dir='ltr'><strong>silenda</strong></span> <span class='ocrx_word' id='word_1_438' title='bbox 3169 1770 3452 1825; x_wconf 88' lang='lat' dir='ltr'><strong>temeritas</strong></span> 
     </span>
    </p>
   </div>
   <div class='ocr_carea' id='block_1_62' title="bbox 1882 1851 3455 1920">
    <p class='ocr_par' dir='ltr' id='par_1_62' title="bbox 1882 1851 3455 1920">
     <span class='ocr_line' id='line_1_62' title="bbox 1882 1851 3455 1920; baseline 0.008 -15"><span class='ocrx_word' id='word_1_439' title='bbox 1882 1856 1936 1905; x_wconf 88' lang='lat' dir='ltr'><strong>et</strong></span> <span class='ocrx_word' id='word_1_440' title='bbox 1980 1851 2313 1920; x_wconf 88' lang='lat' dir='ltr'><strong>impudentia</strong></span> <span class='ocrx_word' id='word_1_441' title='bbox 2361 1854 2417 1909; x_wconf 93' lang='lat' dir='ltr'><strong>in</strong></span> <span class='ocrx_word' id='word_1_442' title='bbox 2466 1863 2686 1912; x_wconf 89' lang='lat' dir='ltr'><strong>sanctos</strong></span> <span class='ocrx_word' id='word_1_443' title='bbox 2739 1857 2929 1915; x_wconf 88' lang='lat' dir='ltr'><strong>Patres</strong></span> <span class='ocrx_word' id='word_1_444' title='bbox 2973 1858 3201 1915; x_wconf 89' lang='lat' dir='ltr'><strong>Gerardi</strong></span> <span class='ocrx_word' id='word_1_445' title='bbox 3267 1859 3455 1918; x_wconf 80' lang='lat' dir='ltr'><strong>Vossii</strong></span> 
     </span>
    </p>
   </div>
   <div class='ocr_carea' id='block_1_63' title="bbox 1883 1943 3454 2022">
    <p class='ocr_par' dir='ltr' id='par_1_63' title="bbox 1883 1943 3454 2022">
     <span class='ocr_line' id='line_1_63' title="bbox 1883 1943 3454 2022; baseline 0.007 -26"><span class='ocrx_word' id='word_1_446' title='bbox 1883 1943 2036 2013; x_wconf 78' lang='lat' dir='ltr'><strong>{quid</strong></span> <span class='ocrx_word' id='word_1_447' title='bbox 2065 1943 2210 1999; x_wconf 88' lang='lat' dir='ltr'><strong>enim</strong></span> <span class='ocrx_word' id='word_1_448' title='bbox 2244 1945 2296 1999; x_wconf 91' lang='lat' dir='ltr'><strong>id</strong></span> <span class='ocrx_word' id='word_1_449' title='bbox 2325 1944 2536 2003; x_wconf 82' lang='lat' dir='ltr'><strong>facinus</strong></span> <span class='ocrx_word' id='word_1_450' title='bbox 2565 1947 2865 2004; x_wconf 88' lang='lat' dir='ltr'><strong>libertatem</strong></span> <span class='ocrx_word' id='word_1_451' title='bbox 2891 1950 3198 2022; x_wconf 81' lang='lat' dir='ltr'><strong>appellem),</strong></span> <span class='ocrx_word' id='word_1_452' title='bbox 3216 1953 3309 2021; x_wconf 92' lang='lat' dir='ltr'><strong>qui</strong></span> <span class='ocrx_word' id='word_1_453' title='bbox 3340 1951 3454 2022; x_wconf 89' lang='lat' dir='ltr'><strong>pri-</strong></span> 
     </span>
    </p>
   </div>
   <div class='ocr_carea' id='block_1_64' title="bbox 1882 2037 3443 2112">
    <p class='ocr_par' dir='ltr' id='par_1_64' title="bbox 1882 2037 3443 2112">
     <span class='ocr_line' id='line_1_64' title="bbox 1882 2037 3443 2112; baseline 0.004 -22"><span class='ocrx_word' id='word_1_454' title='bbox 1882 2052 2025 2090; x_wconf 89' lang='lat' dir='ltr'><strong>mam</strong></span> <span class='ocrx_word' id='word_1_455' title='bbox 2057 2037 2416 2093; x_wconf 89' lang='lat' dir='ltr'><strong>asscrtionem</strong></span> <span class='ocrx_word' id='word_1_456' title='bbox 2449 2053 2618 2094; x_wconf 90' lang='lat' dir='ltr'><strong>ausus</strong></span> <span class='ocrx_word' id='word_1_457' title='bbox 2648 2039 2720 2093; x_wconf 90' lang='lat' dir='ltr'><strong>sit</strong></span> <span class='ocrx_word' id='word_1_458' title='bbox 2742 2054 2964 2104; x_wconf 81' lang='lat' dir='ltr'><strong>vocare,</strong></span> <span class='ocrx_word' id='word_1_459' title='bbox 2987 2056 3097 2096; x_wconf 91' lang='lat' dir='ltr'><strong>non</strong></span> <span class='ocrx_word' id='word_1_460' title='bbox 3127 2043 3262 2096; x_wconf 87' lang='lat' dir='ltr'><strong>satis</strong></span> <span class='ocrx_word' id='word_1_461' title='bbox 3294 2043 3443 2112; x_wconf 89' lang='lat' dir='ltr'><strong>piam</strong></span> 
     </span>
    </p>
   </div>
   <div class='ocr_carea' id='block_1_65' title="bbox 1881 2129 3445 2204">
    <p class='ocr_par' dir='ltr' id='par_1_65' title="bbox 1881 2129 3445 2204">
     <span class='ocr_line' id='line_1_65' title="bbox 1881 2129 3445 2204; baseline 0.003 -20"><span class='ocrx_word' id='word_1_462' title='bbox 1881 2143 1982 2184; x_wconf 91' lang='lat' dir='ltr'><strong>nec</strong></span> <span class='ocrx_word' id='word_1_463' title='bbox 2013 2129 2392 2195; x_wconf 79' lang='lat' dir='ltr'><strong>orthodoxam,</strong></span> <span class='ocrx_word' id='word_1_464' title='bbox 2425 2139 2818 2201; x_wconf 87' lang='lat' dir='ltr'><strong>portentosam,</strong></span> <span class='ocrx_word' id='word_1_465' title='bbox 2864 2133 3445 2204; x_wconf 86' lang='lat' dir='ltr'><strong>impudentiusculam,</strong></span> 
     </span>
    </p>
   </div>
   <div class='ocr_carea' id='block_1_66' title="bbox 1881 2218 3452 2290">
    <p class='ocr_par' dir='ltr' id='par_1_66' title="bbox 1881 2218 3452 2290">
     <span class='ocr_line' id='line_1_66' title="bbox 1881 2218 3452 2290; baseline 0.005 -20"><span class='ocrx_word' id='word_1_466' title='bbox 1881 2230 1946 2272; x_wconf 88' lang='lat' dir='ltr'><strong>ac</strong></span> <span class='ocrx_word' id='word_1_467' title='bbox 1973 2218 2156 2274; x_wconf 89' lang='lat' dir='ltr'><strong>minus</strong></span> <span class='ocrx_word' id='word_1_468' title='bbox 2200 2226 2438 2283; x_wconf 79' lang='lat' dir='ltr'><strong>cautam,</strong></span> <span class='ocrx_word' id='word_1_469' title='bbox 2491 2231 2654 2290; x_wconf 91' lang='lat' dir='ltr'><strong>prout</strong></span> <span class='ocrx_word' id='word_1_470' title='bbox 2709 2222 2946 2277; x_wconf 88' lang='lat' dir='ltr'><strong>humana</strong></span> <span class='ocrx_word' id='word_1_471' title='bbox 2999 2224 3276 2279; x_wconf 89' lang='lat' dir='ltr'><strong>interdum</strong></span> <span class='ocrx_word' id='word_1_472' title='bbox 3344 2223 3452 2280; x_wconf 82' lang='lat' dir='ltr'><strong>fert</strong></span> 
     </span>
    </p>
   </div>
   <div class='ocr_carea' id='block_1_67' title="bbox 1879 2308 3441 2381">
    <p class='ocr_par' dir='ltr' id='par_1_67' title="bbox 1879 2308 3441 2381">
     <span class='ocr_line' id='line_1_67' title="bbox 1879 2308 3441 2381; baseline 0.004 -18"><span class='ocrx_word' id='word_1_473' title='bbox 1879 2308 2169 2380; x_wconf 82' lang='lat' dir='ltr'><strong>fragilitas,</strong></span> <span class='ocrx_word' id='word_1_474' title='bbox 2201 2310 2346 2381; x_wconf 88' lang='lat' dir='ltr'><strong>quod</strong></span> <span class='ocrx_word' id='word_1_475' title='bbox 2392 2313 2854 2381; x_wconf 66' lang='lat' dir='ltr'><strong>praestantissimi,</strong></span> <span class='ocrx_word' id='word_1_476' title='bbox 2886 2329 2952 2370; x_wconf 90' lang='lat' dir='ltr'><strong>ac</strong></span> <span class='ocrx_word' id='word_1_477' title='bbox 2993 2315 3297 2372; x_wconf 90' lang='lat' dir='ltr'><strong>doctissimi</strong></span> <span class='ocrx_word' id='word_1_478' title='bbox 3335 2317 3441 2372; x_wconf 87' lang='lat' dir='ltr'><strong>viri</strong></span> 
     </span>
    </p>
   </div>
   <div class='ocr_carea' id='block_1_68' title="bbox 1878 2400 3448 2471">
    <p class='ocr_par' dir='ltr' id='par_1_68' title="bbox 1878 2400 3448 2471">
     <span class='ocr_line' id='line_1_68' title="bbox 1878 2400 3448 2471; baseline 0.007 -20"><span class='ocrx_word' id='word_1_479' title='bbox 1878 2400 2206 2471; x_wconf 87' lang='lat' dir='ltr'><strong>quandoque</strong></span> <span class='ocrx_word' id='word_1_480' title='bbox 2235 2401 2554 2469; x_wconf 89' lang='lat' dir='ltr'><strong>dormitant,</strong></span> <span class='ocrx_word' id='word_1_481' title='bbox 2582 2403 2755 2461; x_wconf 90' lang='lat' dir='ltr'><strong>fuisse</strong></span> <span class='ocrx_word' id='word_1_482' title='bbox 2811 2405 2893 2461; x_wconf 86' lang='lat' dir='ltr'><strong>sic</strong></span> <span class='ocrx_word' id='word_1_483' title='bbox 2937 2406 3161 2470; x_wconf 89' lang='lat' dir='ltr'><strong>dictam,</strong></span> <span class='ocrx_word' id='word_1_484' title='bbox 3192 2407 3278 2462; x_wconf 78' lang='lat' dir='ltr'><strong>vel</strong></span> <span class='ocrx_word' id='word_1_485' title='bbox 3305 2407 3448 2462; x_wconf 85' lang='lat' dir='ltr'><strong>scri-</strong></span> 
     </span>
    </p>
   </div>
   <div class='ocr_carea' id='block_1_69' title="bbox 1879 2493 3449 2564">
    <p class='ocr_par' dir='ltr' id='par_1_69' title="bbox 1879 2493 3449 2564">
     <span class='ocr_line' id='line_1_69' title="bbox 1879 2493 3449 2564; baseline 0.005 -18"><span class='ocrx_word' id='word_1_486' title='bbox 1879 2501 2046 2562; x_wconf 89' lang='lat' dir='ltr'><strong>ptam.</strong></span> <span class='ocrx_word' id='word_1_487' title='bbox 2072 2493 2305 2564; x_wconf 89' lang='lat' dir='ltr'><strong>Ideoque</strong></span> <span class='ocrx_word' id='word_1_488' title='bbox 2356 2511 2661 2552; x_wconf 90' lang='lat' dir='ltr'><strong>sermonem</strong></span> <span class='ocrx_word' id='word_1_489' title='bbox 2704 2497 2761 2553; x_wconf 91' lang='lat' dir='ltr'><strong>in</strong></span> <span class='ocrx_word' id='word_1_490' title='bbox 2803 2500 3288 2555; x_wconf 87' lang='lat' dir='ltr'><strong>Annuntiationem</strong></span> <span class='ocrx_word' id='word_1_491' title='bbox 3321 2515 3449 2556; x_wconf 85' lang='lat' dir='ltr'><strong>san-</strong></span> 
     </span>
    </p>
   </div>
   <div class='ocr_carea' id='block_1_70' title="bbox 1878 2584 3449 2666">
    <p class='ocr_par' dir='ltr' id='par_1_70' title="bbox 1878 2584 3449 2666">
     <span class='ocr_line' id='line_1_70' title="bbox 1878 2584 3449 2666; baseline 0.004 -27"><span class='ocrx_word' id='word_1_492' title='bbox 1878 2584 2136 2640; x_wconf 69' lang='lat' dir='ltr'><strong>ctissimae</strong></span> <span class='ocrx_word' id='word_1_493' title='bbox 2155 2585 2246 2642; x_wconf 90' lang='lat' dir='ltr'><strong>Dei</strong></span> <span class='ocrx_word' id='word_1_494' title='bbox 2264 2587 2553 2644; x_wconf 87' lang='lat' dir='ltr'><strong>Genilricis</strong></span> <span class='ocrx_word' id='word_1_495' title='bbox 2575 2589 2757 2645; x_wconf 74' lang='lat' dir='ltr'><strong>Mariae</strong></span> <span class='ocrx_word' id='word_1_496' title='bbox 2777 2591 2868 2661; x_wconf 92' lang='lat' dir='ltr'><strong>qui</strong></span> <span class='ocrx_word' id='word_1_497' title='bbox 2889 2591 3080 2662; x_wconf 86' lang='lat' dir='ltr'><strong>incipit</strong></span> <span class='ocrx_word' id='word_1_498' title='bbox 3113 2607 3126 2644; x_wconf 92' lang='lat'><strong>:</strong></span> <span class='ocrx_word' id='word_1_499' title='bbox 3156 2593 3328 2647; x_wconf 83' lang='grc' dir='ltr'>Πάλιν</span> <span class='ocrx_word' id='word_1_500' title='bbox 3351 2610 3449 2666; x_wconf 86' lang='grc' dir='ltr'>χα-</span> 
     </span>
    </p>
   </div>
   <div class='ocr_carea' id='block_1_71' title="bbox 1881 2676 3447 2756">
    <p class='ocr_par' dir='ltr' id='par_1_71' title="bbox 1881 2676 3447 2756">
     <span class='ocr_line' id='line_1_71' title="bbox 1881 2676 3447 2756; baseline 0.008 -28"><span class='ocrx_word' id='word_1_501' title='bbox 1881 2677 1978 2744; x_wconf 84' lang='grc' dir='ltr'><strong>ρᾶς</strong></span> <span class='ocrx_word' id='word_1_502' title='bbox 2019 2676 2329 2746; x_wconf 81' lang='grc' dir='ltr'>εὐαγγέλια,</span> <span class='ocrx_word' id='word_1_503' title='bbox 2371 2680 2531 2734; x_wconf 79' lang='grc' dir='ltr'>πάλιν</span> <span class='ocrx_word' id='word_1_504' title='bbox 2556 2680 2864 2753; x_wconf 77' lang='grc' dir='ltr'>ἐλευθερίας</span> <span class='ocrx_word' id='word_1_505' title='bbox 2901 2684 3213 2754; x_wconf 83' lang='grc' dir='ltr'>μηνύματα,</span> <span class='ocrx_word' id='word_1_506' title='bbox 3248 2686 3447 2756; x_wconf 62' lang='lat' dir='ltr'><strong>sapius</strong></span> 
     </span>
    </p>
   </div>
   <div class='ocr_carea' id='block_1_72' title="bbox 1878 2766 3448 2846">
    <p class='ocr_par' dir='ltr' id='par_1_72' title="bbox 1878 2766 3448 2846">
     <span class='ocr_line' id='line_1_72' title="bbox 1878 2766 3448 2846; baseline 0.006 -24"><span class='ocrx_word' id='word_1_507' title='bbox 1878 2769 1982 2822; x_wconf 91' lang='lat' dir='ltr'><strong>sub</strong></span> <span class='ocrx_word' id='word_1_508' title='bbox 2009 2766 2237 2826; x_wconf 87' lang='lat' dir='ltr'><strong>Joannis</strong></span> <span class='ocrx_word' id='word_1_509' title='bbox 2280 2769 2656 2842; x_wconf 85' lang='lat' dir='ltr'><strong>Chrysostomi</strong></span> <span class='ocrx_word' id='word_1_510' title='bbox 2714 2775 2936 2830; x_wconf 88' lang='lat' dir='ltr'><strong>nomine</strong></span> <span class='ocrx_word' id='word_1_511' title='bbox 2977 2776 3307 2846; x_wconf 86' lang='lat' dir='ltr'><strong>evulgatum,</strong></span> <span class='ocrx_word' id='word_1_512' title='bbox 3333 2784 3389 2832; x_wconf 86' lang='lat' dir='ltr'><strong>ct</strong></span> <span class='ocrx_word' id='word_1_513' title='bbox 3415 2790 3448 2831; x_wconf 85' lang='lat' dir='ltr'><strong>a</strong></span> 
     </span>
    </p>
   </div>
   <div class='ocr_carea' id='block_1_73' title="bbox 1878 2856 3448 2937">
    <p class='ocr_par' dir='ltr' id='par_1_73' title="bbox 1878 2856 3448 2937">
     <span class='ocr_line' id='line_1_73' title="bbox 1878 2856 3448 2937; baseline 0.007 -27"><span class='ocrx_word' id='word_1_514' title='bbox 1878 2856 2235 2927; x_wconf 89' lang='lat' dir='ltr'><strong>Lipomanno,</strong></span> <span class='ocrx_word' id='word_1_515' title='bbox 2263 2859 2464 2915; x_wconf 87' lang='lat' dir='ltr'><strong>Davide</strong></span> <span class='ocrx_word' id='word_1_516' title='bbox 2503 2860 2835 2926; x_wconf 71' lang='lat' dir='ltr'><strong>Hmscbelio,</strong></span> <span class='ocrx_word' id='word_1_517' title='bbox 2884 2871 2939 2920; x_wconf 92' lang='lat' dir='ltr'><strong>et</strong></span> <span class='ocrx_word' id='word_1_518' title='bbox 2993 2865 3134 2930; x_wconf 89' lang='lat' dir='ltr'><strong>aliis,</strong></span> <span class='ocrx_word' id='word_1_519' title='bbox 3167 2865 3285 2936; x_wconf 80' lang='lat' dir='ltr'><strong>ipse</strong></span> <span class='ocrx_word' id='word_1_520' title='bbox 3318 2881 3448 2937; x_wconf 88' lang='lat' dir='ltr'><strong>pro-</strong></span> 
     </span>
    </p>
   </div>
   <div class='ocr_carea' id='block_1_74' title="bbox 1877 2951 3446 3029">
    <p class='ocr_par' dir='ltr' id='par_1_74' title="bbox 1877 2951 3446 3029">
     <span class='ocr_line' id='line_1_74' title="bbox 1877 2951 3446 3029; baseline 0.007 -26"><span class='ocrx_word' id='word_1_521' title='bbox 1877 2957 1997 3020; x_wconf 90' lang='lat' dir='ltr'><strong>pter</strong></span> <span class='ocrx_word' id='word_1_522' title='bbox 2021 2951 2162 3006; x_wconf 87' lang='lat' dir='ltr'><strong>hanc</strong></span> <span class='ocrx_word' id='word_1_523' title='bbox 2194 2953 2506 3022; x_wconf 83' lang='lat' dir='ltr'><strong>Opinionem</strong></span> <span class='ocrx_word' id='word_1_524' title='bbox 2530 2954 2596 3011; x_wconf 90' lang='lat' dir='ltr'><strong>de</strong></span> <span class='ocrx_word' id='word_1_525' title='bbox 2616 2953 2873 3027; x_wconf 84' lang='lat' dir='ltr'><strong>Josepho,</strong></span> <span class='ocrx_word' id='word_1_526' title='bbox 2901 2962 2954 3012; x_wconf 87' lang='lat' dir='ltr'><strong>et</strong></span> <span class='ocrx_word' id='word_1_527' title='bbox 2980 2972 3040 3011; x_wconf 91' lang='lat' dir='ltr'><strong>re</strong></span> <span class='ocrx_word' id='word_1_528' title='bbox 3065 2959 3255 3012; x_wconf 84' lang='lat' dir='ltr'><strong>uxoria</strong></span> <span class='ocrx_word' id='word_1_529' title='bbox 3273 2960 3446 3029; x_wconf 88' lang='lat' dir='ltr'><strong>ipsius</strong></span> 
     </span>
    </p>
   </div>
   <div class='ocr_carea' id='block_1_75' title="bbox 1877 3046 3444 3120">
    <p class='ocr_par' dir='ltr' id='par_1_75' title="bbox 1877 3046 3444 3120">
     <span class='ocr_line' id='line_1_75' title="bbox 1877 3046 3444 3120; baseline 0.006 -26"><span class='ocrx_word' id='word_1_530' title='bbox 1877 3048 2150 3096; x_wconf 88' lang='lat' dir='ltr'><strong>anteacta</strong></span> <span class='ocrx_word' id='word_1_531' title='bbox 2207 3051 2464 3114; x_wconf 89' lang='lat' dir='ltr'><strong>tanquam</strong></span> <span class='ocrx_word' id='word_1_532' title='bbox 2515 3046 2796 3117; x_wconf 88' lang='lat' dir='ltr'><strong>indignam</strong></span> <span class='ocrx_word' id='word_1_533' title='bbox 2844 3048 3258 3120; x_wconf 83' lang='lat' dir='ltr'><strong>Chrysostomo,</strong></span> <span class='ocrx_word' id='word_1_534' title='bbox 3307 3047 3444 3104; x_wconf 88' lang='lat' dir='ltr'><strong>Gre-</strong></span> 
     </span>
    </p>
   </div>
   <div class='ocr_carea' id='block_1_76' title="bbox 1879 3131 3443 3208">
    <p class='ocr_par' dir='ltr' id='par_1_76' title="bbox 1879 3131 3443 3208">
     <span class='ocr_line' id='line_1_76' title="bbox 1879 3131 3443 3208; baseline 0.006 -23"><span class='ocrx_word' id='word_1_535' title='bbox 1879 3132 2032 3202; x_wconf 87' lang='lat' dir='ltr'><strong>gorio</strong></span> <span class='ocrx_word' id='word_1_536' title='bbox 2097 3131 2507 3208; x_wconf 86' lang='lat' dir='ltr'><strong>Thaumaturgo</strong></span> <span class='ocrx_word' id='word_1_537' title='bbox 2573 3139 2819 3194; x_wconf 90' lang='lat' dir='ltr'><strong>ascribit.</strong></span> <span class='ocrx_word' id='word_1_538' title='bbox 2878 3139 3199 3205; x_wconf 82' lang='lat' dir='ltr'><strong>Considera,</strong></span> <span class='ocrx_word' id='word_1_539' title='bbox 3250 3141 3443 3206; x_wconf 88' lang='lat' dir='ltr'><strong>lector,</strong></span> 
     </span>
    </p>
   </div>
   <div class='ocr_carea' id='block_1_77' title="bbox 1880 3227 3445 3304">
    <p class='ocr_par' dir='ltr' id='par_1_77' title="bbox 1880 3227 3445 3304">
     <span class='ocr_line' id='line_1_77' title="bbox 1880 3227 3445 3304; baseline 0.006 -26"><span class='ocrx_word' id='word_1_540' title='bbox 1880 3233 2114 3280; x_wconf 90' lang='lat' dir='ltr'><strong>mentem</strong></span> <span class='ocrx_word' id='word_1_541' title='bbox 2174 3227 2413 3285; x_wconf 90' lang='lat' dir='ltr'><strong>hominis</strong></span> <span class='ocrx_word' id='word_1_542' title='bbox 2467 3245 2736 3299; x_wconf 77' lang='lat' dir='ltr'><strong>aversam,</strong></span> <span class='ocrx_word' id='word_1_543' title='bbox 2781 3247 3114 3304; x_wconf 84' lang='lat' dir='ltr'><strong>perversam.</strong></span> <span class='ocrx_word' id='word_1_544' title='bbox 3167 3234 3445 3288; x_wconf 85' lang='lat' dir='ltr'><strong>Assertio-</strong></span> 
     </span>
    </p>
   </div>
   <div class='ocr_carea' id='block_1_78' title="bbox 1877 3319 3444 3389">
    <p class='ocr_par' dir='ltr' id='par_1_78' title="bbox 1877 3319 3444 3389">
     <span class='ocr_line' id='line_1_78' title="bbox 1877 3319 3444 3389; baseline 0.01 -20"><span class='ocrx_word' id='word_1_545' title='bbox 1877 3331 2024 3382; x_wconf 91' lang='lat' dir='ltr'><strong>nem,</strong></span> <span class='ocrx_word' id='word_1_546' title='bbox 2057 3333 2219 3388; x_wconf 90' lang='lat' dir='ltr'><strong>quam</strong></span> <span class='ocrx_word' id='word_1_547' title='bbox 2250 3319 2467 3389; x_wconf 85' lang='lat' dir='ltr'><strong>dignam</strong></span> <span class='ocrx_word' id='word_1_548' title='bbox 2498 3331 2684 3378; x_wconf 87' lang='lat' dir='ltr'><strong>censet</strong></span> <span class='ocrx_word' id='word_1_549' title='bbox 2735 3330 2816 3377; x_wconf 90' lang='lat' dir='ltr'><strong>tot</strong></span> <span class='ocrx_word' id='word_1_550' title='bbox 2863 3339 2928 3378; x_wconf 88' lang='lat' dir='ltr'><strong>ac</strong></span> <span class='ocrx_word' id='word_1_551' title='bbox 2969 3327 3134 3381; x_wconf 90' lang='lat' dir='ltr'><strong>tantis</strong></span> <span class='ocrx_word' id='word_1_552' title='bbox 3189 3325 3444 3384; x_wconf 73' lang='lat' dir='ltr'><strong>Patribus</strong></span> 
     </span>
    </p>
   </div>
   <div class='ocr_carea' id='block_1_79' title="bbox 1877 3407 3439 3490">
    <p class='ocr_par' dir='ltr' id='par_1_79' title="bbox 1877 3407 3439 3490">
     <span class='ocr_line' id='line_1_79' title="bbox 1877 3407 3439 3490; baseline 0.009 -28"><span class='ocrx_word' id='word_1_553' title='bbox 1877 3407 2079 3466; x_wconf 79' lang='lat' dir='ltr'><strong>Graecis</strong></span> <span class='ocrx_word' id='word_1_554' title='bbox 2115 3419 2170 3466; x_wconf 91' lang='lat' dir='ltr'><strong>et</strong></span> <span class='ocrx_word' id='word_1_555' title='bbox 2217 3411 2442 3480; x_wconf 90' lang='lat' dir='ltr'><strong>Latinis,</strong></span> <span class='ocrx_word' id='word_1_556' title='bbox 2505 3415 2784 3486; x_wconf 80' lang='lat' dir='ltr'><strong>indignam</strong></span> <span class='ocrx_word' id='word_1_557' title='bbox 2819 3425 2979 3472; x_wconf 81' lang='lat' dir='ltr'><strong>vocat</strong></span> <span class='ocrx_word' id='word_1_558' title='bbox 3025 3417 3439 3490; x_wconf 84' lang='lat' dir='ltr'><strong>Chrysostomo.</strong></span> 
     </span>
    </p>
   </div>
   <div class='ocr_carea' id='block_1_80' title="bbox 1879 3499 3440 3582">
    <p class='ocr_par' dir='ltr' id='par_1_80' title="bbox 1879 3499 3440 3582">
     <span class='ocr_line' id='line_1_80' title="bbox 1879 3499 3440 3582; baseline 0.007 -28"><span class='ocrx_word' id='word_1_559' title='bbox 1879 3499 1936 3554; x_wconf 92' lang='lat' dir='ltr'><strong>Si</strong></span> <span class='ocrx_word' id='word_1_560' title='bbox 1964 3502 2068 3557; x_wconf 90' lang='lat' dir='ltr'><strong>hoc</strong></span> <span class='ocrx_word' id='word_1_561' title='bbox 2097 3518 2343 3560; x_wconf 89' lang='lat' dir='ltr'><strong>asserere</strong></span> <span class='ocrx_word' id='word_1_562' title='bbox 2402 3521 2513 3561; x_wconf 90' lang='lat' dir='ltr'><strong>non</strong></span> <span class='ocrx_word' id='word_1_563' title='bbox 2577 3515 2661 3562; x_wconf 88' lang='lat' dir='ltr'><strong>est</strong></span> <span class='ocrx_word' id='word_1_564' title='bbox 2711 3508 3097 3577; x_wconf 85' lang='lat' dir='ltr'><strong>orthodoxum,</strong></span> <span class='ocrx_word' id='word_1_565' title='bbox 3124 3513 3218 3565; x_wconf 90' lang='lat' dir='ltr'><strong>sed</strong></span> <span class='ocrx_word' id='word_1_566' title='bbox 3248 3526 3440 3582; x_wconf 88' lang='lat' dir='ltr'><strong>parum</strong></span> 
     </span>
    </p>
   </div>
   <div class='ocr_carea' id='block_1_81' title="bbox 1875 3593 3442 3668">
    <p class='ocr_par' dir='ltr' id='par_1_81' title="bbox 1875 3593 3442 3668">
     <span class='ocr_line' id='line_1_81' title="bbox 1875 3593 3442 3668; baseline 0.009 -23"><span class='ocrx_word' id='word_1_567' title='bbox 1875 3593 2046 3662; x_wconf 90' lang='lat' dir='ltr'><strong>pium,</strong></span> <span class='ocrx_word' id='word_1_568' title='bbox 2081 3603 2482 3664; x_wconf 89' lang='lat' dir='ltr'><strong>portentosum,</strong></span> <span class='ocrx_word' id='word_1_569' title='bbox 2545 3599 3124 3668; x_wconf 88' lang='lat' dir='ltr'><strong>impudentiusculum,</strong></span> <span class='ocrx_word' id='word_1_570' title='bbox 3158 3616 3222 3656; x_wconf 86' lang='lat' dir='ltr'><strong>ac</strong></span> <span class='ocrx_word' id='word_1_571' title='bbox 3257 3605 3442 3660; x_wconf 89' lang='lat' dir='ltr'><strong>minus</strong></span> 
     </span>
    </p>
   </div>
   <div class='ocr_carea' id='block_1_82' title="bbox 1875 3688 3442 3763">
    <p class='ocr_par' dir='ltr' id='par_1_82' title="bbox 1875 3688 3442 3763">
     <span class='ocr_line' id='line_1_82' title="bbox 1875 3688 3442 3763; baseline 0.007 -23"><span class='ocrx_word' id='word_1_572' title='bbox 1875 3694 2094 3740; x_wconf 90' lang='lat' dir='ltr'><strong>cautum</strong></span> <span class='ocrx_word' id='word_1_573' title='bbox 2148 3689 2205 3742; x_wconf 89' lang='lat' dir='ltr'><strong>in</strong></span> <span class='ocrx_word' id='word_1_574' title='bbox 2262 3688 2673 3760; x_wconf 89' lang='lat' dir='ltr'><strong>Chrysostomo,</strong></span> <span class='ocrx_word' id='word_1_575' title='bbox 2726 3692 3000 3762; x_wconf 86' lang='lat' dir='ltr'><strong>quomodo</strong></span> <span class='ocrx_word' id='word_1_576' title='bbox 3044 3694 3213 3763; x_wconf 92' lang='lat' dir='ltr'><strong>pium,</strong></span> <span class='ocrx_word' id='word_1_577' title='bbox 3254 3695 3442 3751; x_wconf 87' lang='lat' dir='ltr'><strong>ortho-</strong></span> 
     </span>
    </p>
   </div>
   <div class='ocr_carea' id='block_1_83' title="bbox 1873 3776 3440 3855">
    <p class='ocr_par' dir='ltr' id='par_1_83' title="bbox 1873 3776 3440 3855">
     <span class='ocr_line' id='line_1_83' title="bbox 1873 3776 3440 3855; baseline 0.007 -26"><span class='ocrx_word' id='word_1_578' title='bbox 1873 3776 2095 3841; x_wconf 77' lang='lat' dir='ltr'><strong>doxum,</strong></span> <span class='ocrx_word' id='word_1_579' title='bbox 2134 3779 2395 3848; x_wconf 86' lang='lat' dir='ltr'><strong>prudens,</strong></span> <span class='ocrx_word' id='word_1_580' title='bbox 2427 3792 2670 3848; x_wconf 84' lang='lat' dir='ltr'><strong>cantum,</strong></span> <span class='ocrx_word' id='word_1_581' title='bbox 2712 3799 2776 3837; x_wconf 91' lang='lat' dir='ltr'><strong>ac</strong></span> <span class='ocrx_word' id='word_1_582' title='bbox 2808 3784 3029 3839; x_wconf 90' lang='lat' dir='ltr'><strong>minime</strong></span> <span class='ocrx_word' id='word_1_583' title='bbox 3064 3793 3440 3855; x_wconf 87' lang='lat' dir='ltr'><strong>portentosum</strong></span> 
     </span>
    </p>
   </div>
   <div class='ocr_carea' id='block_1_84' title="bbox 1875 3867 3442 3945">
    <p class='ocr_par' dir='ltr' id='par_1_84' title="bbox 1875 3867 3442 3945">
     <span class='ocr_line' id='line_1_84' title="bbox 1875 3867 3442 3945; baseline 0.007 -24"><span class='ocrx_word' id='word_1_584' title='bbox 1875 3867 1929 3921; x_wconf 93' lang='lat' dir='ltr'><strong>in</strong></span> <span class='ocrx_word' id='word_1_585' title='bbox 1960 3867 2255 3940; x_wconf 83' lang='lat' dir='ltr'><strong>Gregorio?</strong></span> <span class='ocrx_word' id='word_1_586' title='bbox 2276 3888 2395 3942; x_wconf 84' lang='lat' dir='ltr'><strong>ego,</strong></span> <span class='ocrx_word' id='word_1_587' title='bbox 2428 3875 2573 3928; x_wconf 88' lang='lat' dir='ltr'><strong>ne‘in</strong></span> <span class='ocrx_word' id='word_1_588' title='bbox 2609 3882 2689 3928; x_wconf 87' lang='lat' dir='ltr'><strong>tot</strong></span> <span class='ocrx_word' id='word_1_589' title='bbox 2722 3873 2912 3930; x_wconf 85' lang='lat' dir='ltr'><strong>Patres</strong></span> <span class='ocrx_word' id='word_1_590' title='bbox 2936 3876 3169 3945; x_wconf 88' lang='lat' dir='ltr'><strong>injurius</strong></span> <span class='ocrx_word' id='word_1_591' title='bbox 3207 3894 3326 3934; x_wconf 87' lang='lat' dir='ltr'><strong>esse</strong></span> <span class='ocrx_word' id='word_1_592' title='bbox 3361 3879 3442 3933; x_wconf 83' lang='lat' dir='ltr'><strong>vi-</strong></span> 
     </span>
    </p>
   </div>
   <div class='ocr_carea' id='block_1_85' title="bbox 1872 3958 3439 4039">
    <p class='ocr_par' dir='ltr' id='par_1_85' title="bbox 1872 3958 3439 4039">
     <span class='ocr_line' id='line_1_85' title="bbox 1872 3958 3439 4039; baseline 0.008 -26"><span class='ocrx_word' id='word_1_593' title='bbox 1872 3958 2051 4024; x_wconf 89' lang='lat' dir='ltr'><strong>derer,</strong></span> <span class='ocrx_word' id='word_1_594' title='bbox 2083 3962 2364 4018; x_wconf 82' lang='lat' dir='ltr'><strong>redderem</strong></span> <span class='ocrx_word' id='word_1_595' title='bbox 2394 3963 2588 4019; x_wconf 85' lang='lat' dir='ltr'><strong>Vossio</strong></span> <span class='ocrx_word' id='word_1_596' title='bbox 2645 3966 2808 4020; x_wconf 84' lang='lat' dir='ltr'><strong>verba</strong></span> <span class='ocrx_word' id='word_1_597' title='bbox 2841 3982 2973 4033; x_wconf 89' lang='lat' dir='ltr'><strong>sua;</strong></span> <span class='ocrx_word' id='word_1_598' title='bbox 3005 3969 3098 4023; x_wconf 91' lang='lat' dir='ltr'><strong>sed</strong></span> <span class='ocrx_word' id='word_1_599' title='bbox 3149 3970 3316 4039; x_wconf 76' lang='lat' dir='ltr'><strong>quid?</strong></span> <span class='ocrx_word' id='word_1_600' title='bbox 3365 3972 3439 4026; x_wconf 88' lang='lat' dir='ltr'><strong>ita</strong></span> 
     </span>
    </p>
   </div>
   <div class='ocr_carea' id='block_1_86' title="bbox 1871 4055 3442 4132">
    <p class='ocr_par' dir='ltr' id='par_1_86' title="bbox 1871 4055 3442 4132">
     <span class='ocr_line' id='line_1_86' title="bbox 1871 4055 3442 4132; baseline 0.009 -27"><span class='ocrx_word' id='word_1_601' title='bbox 1871 4067 2020 4106; x_wconf 90' lang='lat' dir='ltr'><strong>nunc</strong></span> <span class='ocrx_word' id='word_1_602' title='bbox 2060 4069 2177 4108; x_wconf 86' lang='lat' dir='ltr'><strong>mos</strong></span> <span class='ocrx_word' id='word_1_603' title='bbox 2220 4055 2392 4125; x_wconf 85' lang='lat' dir='ltr'><strong>viget;</strong></span> <span class='ocrx_word' id='word_1_604' title='bbox 2425 4056 2498 4110; x_wconf 87' lang='lat' dir='ltr'><strong>ita</strong></span> <span class='ocrx_word' id='word_1_605' title='bbox 2552 4072 2700 4112; x_wconf 89' lang='lat' dir='ltr'><strong>nunc</strong></span> <span class='ocrx_word' id='word_1_606' title='bbox 2739 4059 3019 4114; x_wconf 86' lang='lat' dir='ltr'><strong>servitium</strong></span> <span class='ocrx_word' id='word_1_607' title='bbox 3043 4068 3148 4126; x_wconf 88' lang='lat' dir='ltr'><strong>est,</strong></span> <span class='ocrx_word' id='word_1_608' title='bbox 3194 4062 3442 4132; x_wconf 83' lang='lat' dir='ltr'><strong>profecto</strong></span> 
     </span>
    </p>
   </div>
   <div class='ocr_carea' id='block_1_87' title="bbox 1872 4145 2666 4218">
    <p class='ocr_par' dir='ltr' id='par_1_87' title="bbox 1872 4145 2666 4218">
     <span class='ocr_line' id='line_1_87' title="bbox 1872 4145 2666 4218; baseline 0.008 -20"><span class='ocrx_word' id='word_1_609' title='bbox 1872 4145 2066 4200; x_wconf 90' lang='lat' dir='ltr'><strong>modus</strong></span> <span class='ocrx_word' id='word_1_610' title='bbox 2099 4145 2284 4201; x_wconf 87' lang='lat' dir='ltr'><strong>haberi</strong></span> <span class='ocrx_word' id='word_1_611' title='bbox 2317 4163 2427 4202; x_wconf 90' lang='lat' dir='ltr'><strong>non</strong></span> <span class='ocrx_word' id='word_1_612' title='bbox 2467 4157 2666 4218; x_wconf 88' lang='lat' dir='ltr'><strong>potest.</strong></span> 
     </span>
    </p>
   </div>
   <div class='ocr_carea' id='block_1_88' title="bbox 1940 4232 3441 4317">
    <p class='ocr_par' dir='ltr' id='par_1_88' title="bbox 1940 4232 3441 4317">
     <span class='ocr_line' id='line_1_88' title="bbox 1940 4232 3441 4317; baseline 0.009 -30"><span class='ocrx_word' id='word_1_613' title='bbox 1940 4232 2100 4296; x_wconf 88' lang='lat' dir='ltr'><strong>lbid.,</strong></span> <span class='ocrx_word' id='word_1_614' title='bbox 2133 4237 2230 4292; x_wconf 90' lang='lat' dir='ltr'><strong>lin.</strong></span> <span class='ocrx_word' id='word_1_615' title='bbox 2253 4238 2340 4291; x_wconf 81' lang='grc'><strong>55.</strong></span> <span class='ocrx_word' id='word_1_616' title='bbox 2375 4240 2482 4292; x_wconf 85' lang='lat' dir='ltr'><strong>Kal</strong></span> <span class='ocrx_word' id='word_1_617' title='bbox 2507 4243 2539 4293; x_wconf 85' lang='grc' dir='ltr'><strong>ό</strong></span> <span class='ocrx_word' id='word_1_618' title='bbox 2558 4240 2888 4308; x_wconf 79' lang='grc' dir='ltr'>ἀρχιερεύς.</span> <span class='ocrx_word' id='word_1_619' title='bbox 2920 4240 3217 4314; x_wconf 90' lang='lat' dir='ltr'><strong>Gregorius</strong></span> <span class='ocrx_word' id='word_1_620' title='bbox 3243 4243 3441 4317; x_wconf 78' lang='lat' dir='ltr'><strong>Nysae-</strong></span> 
     </span>
    </p>
   </div>
   <div class='ocr_carea' id='block_1_89' title="bbox 1870 4331 3442 4410">
    <p class='ocr_par' dir='ltr' id='par_1_89' title="bbox 1870 4331 3442 4410">
     <span class='ocr_line' id='line_1_89' title="bbox 1870 4331 3442 4410; baseline 0.006 -25"><span class='ocrx_word' id='word_1_621' title='bbox 1870 4345 2008 4385; x_wconf 89' lang='lat' dir='ltr'><strong>nns:</strong></span> <span class='ocrx_word' id='word_1_622' title='bbox 2041 4331 2178 4394; x_wconf 79' lang='grc' dir='ltr'>Τοὺς</span> <span class='ocrx_word' id='word_1_623' title='bbox 2197 4331 2254 4384; x_wconf 85' lang='grc' dir='ltr'><strong>δὲ</strong></span> <span class='ocrx_word' id='word_1_624' title='bbox 2276 4334 2437 4401; x_wconf 78' lang='grc' dir='ltr'>ἱερεῖς</span> <span class='ocrx_word' id='word_1_625' title='bbox 2461 4333 2596 4397; x_wconf 81' lang='grc' dir='ltr'>τέως</span> <span class='ocrx_word' id='word_1_626' title='bbox 2625 4335 2723 4405; x_wconf 82' lang='grc' dir='ltr'><strong>μὲν</strong></span> <span class='ocrx_word' id='word_1_627' title='bbox 2744 4335 2865 4388; x_wconf 86' lang='grc' dir='ltr'>καθ’</span> <span class='ocrx_word' id='word_1_628' title='bbox 2893 4338 3182 4410; x_wconf 74' lang='grc' dir='ltr'>ὁμοιότητα</span> <span class='ocrx_word' id='word_1_629' title='bbox 3211 4339 3305 4394; x_wconf 83' lang='grc' dir='ltr'>τοῦ</span> <span class='ocrx_word' id='word_1_630' title='bbox 3339 4341 3442 4394; x_wconf 86' lang='grc' dir='ltr'><strong>Σα-</strong></span> 
     </span>
    </p>
   </div>
   <div class='ocr_carea' id='block_1_90' title="bbox 1874 4421 3442 4502">
    <p class='ocr_par' dir='ltr' id='par_1_90' title="bbox 1874 4421 3442 4502">
     <span class='ocr_line' id='line_1_90' title="bbox 1874 4421 3442 4502; baseline 0.006 -27"><span class='ocrx_word' id='word_1_631' title='bbox 1874 4421 2043 4493; x_wconf 82' lang='grc' dir='ltr'>μουὴλ</span> <span class='ocrx_word' id='word_1_632' title='bbox 2067 4425 2123 4475; x_wconf 81' lang='grc' dir='ltr'>ὲν</span> <span class='ocrx_word' id='word_1_633' title='bbox 2143 4425 2254 4485; x_wconf 78' lang='grc' dir='ltr'>τοῖς</span> <span class='ocrx_word' id='word_1_634' title='bbox 2290 4424 2464 4492; x_wconf 77' lang='grc' dir='ltr'>ἁγίοις</span> <span class='ocrx_word' id='word_1_635' title='bbox 2493 4425 2817 4498; x_wconf 75' lang='grc' dir='ltr'>ἀνατρέφειν</span> <span class='ocrx_word' id='word_1_636' title='bbox 2837 4427 2934 4499; x_wconf 86' lang='grc' dir='ltr'><strong>τὴν</strong></span> <span class='ocrx_word' id='word_1_637' title='bbox 2973 4430 3159 4483; x_wconf 88' lang='grc' dir='ltr'>παῖδα·</span> <span class='ocrx_word' id='word_1_638' title='bbox 3190 4431 3442 4502; x_wconf 79' lang='grc' dir='ltr'>αὐξηθεί-</span> 
     </span>
    </p>
   </div>
   <div class='ocr_carea' id='block_1_91' title="bbox 193 4487 1776 4592">
    <p class='ocr_par' dir='ltr' id='par_1_91' title="bbox 193 4487 1763 4558">
     <span class='ocr_line' id='line_1_91' title="bbox 193 4487 1763 4558; baseline -0.003 -14"><span class='ocrx_word' id='word_1_639' title='bbox 193 4489 489 4552; x_wconf 88' lang='lat' dir='ltr'><strong>nativitate,</strong></span> <span class='ocrx_word' id='word_1_640' title='bbox 522 4488 761 4545; x_wconf 83' lang='lat' dir='ltr'><strong>Joannes</strong></span> <span class='ocrx_word' id='word_1_641' title='bbox 814 4489 1182 4544; x_wconf 87' lang='lat' dir='ltr'><strong>Damascenns</strong></span> <span class='ocrx_word' id='word_1_642' title='bbox 1209 4489 1285 4542; x_wconf 89' lang='lat' dir='ltr'><strong>De</strong></span> <span class='ocrx_word' id='word_1_643' title='bbox 1316 4487 1420 4558; x_wconf 78' lang='lat' dir='ltr'><strong>ﬁde</strong></span> <span class='ocrx_word' id='word_1_644' title='bbox 1449 4487 1763 4551; x_wconf 77' lang='lat' dir='ltr'><strong>orthodoxa,</strong></span> 
     </span>
    </p>
   </div>
   <div class='ocr_carea' id='block_1_92' title="bbox 1878 4487 3441 4592">
    <p class='ocr_par' dir='ltr' id='par_1_92' title="bbox 1878 4487 3441 4592">
     <span class='ocr_line' id='line_1_92' title="bbox 1878 4487 3441 4592; baseline 0.003 -21"><span class='ocrx_word' id='word_1_645' title='bbox 1878 4487 1971 4585; x_wconf 52' lang='lat' dir='ltr'><strong>ait};</strong></span> <span class='ocrx_word' id='word_1_646' title='bbox 1999 4487 2086 4578; x_wconf 68' lang='grc' dir='ltr'><strong>όὲ,</strong></span> <span class='ocrx_word' id='word_1_647' title='bbox 2133 4487 2349 4587; x_wconf 69' lang='grc' dir='ltr'><strong>βουλὴν⁷</strong></span> <span class='ocrx_word' id='word_1_648' title='bbox 2369 4517 2616 4586; x_wconf 80' lang='grc' dir='ltr'>ἀγαγεῖν,</span> <span class='ocrx_word' id='word_1_649' title='bbox 2633 4487 2644 4498; x_wconf 51' lang='grc'><em>’</em></span> <span class='ocrx_word' id='word_1_650' title='bbox 2665 4487 2790 4572; x_wconf 46' lang='grc' dir='ltr'>δ’τι</span> <span class='ocrx_word' id='word_1_651' title='bbox 2836 4487 3153 4591; x_wconf 74' lang='grc' dir='ltr'>ποιήσαντες</span> <span class='ocrx_word' id='word_1_652' title='bbox 3193 4523 3252 4575; x_wconf 86' lang='grc' dir='ltr'><strong>τὸ</strong></span> <span class='ocrx_word' id='word_1_653' title='bbox 3273 4487 3441 4592; x_wconf 50' lang='grc' dir='ltr'>’ἱερὸν</span> 
     </span>
    </p>
   </div>
   <div class='ocr_carea' id='block_1_93' title="bbox 194 4580 1766 4650">
    <p class='ocr_par' dir='ltr' id='par_1_93' title="bbox 194 4580 1766 4650">
     <span class='ocr_line' id='line_1_93' title="bbox 194 4580 1766 4650; baseline -0.001 -14"><span class='ocrx_word' id='word_1_654' title='bbox 194 4583 362 4650; x_wconf 85' lang='lat' dir='ltr'><strong>capit.</strong></span> <span class='ocrx_word' id='word_1_655' title='bbox 402 4582 488 4646; x_wconf 76' lang='grc'><strong>15,</strong></span> <span class='ocrx_word' id='word_1_656' title='bbox 521 4580 769 4638; x_wconf 84' lang='lat' dir='ltr'><strong>Andreas</strong></span> <span class='ocrx_word' id='word_1_657' title='bbox 817 4582 1094 4638; x_wconf 86' lang='lat' dir='ltr'><strong>Cretensis</strong></span> <span class='ocrx_word' id='word_1_658' title='bbox 1128 4596 1379 4637; x_wconf 89' lang='lat' dir='ltr'><strong>sermone</strong></span> <span class='ocrx_word' id='word_1_659' title='bbox 1411 4581 1488 4635; x_wconf 79' lang='lat' dir='ltr'><strong>De</strong></span> <span class='ocrx_word' id='word_1_660' title='bbox 1521 4580 1766 4649; x_wconf 88' lang='lat' dir='ltr'><strong>Deipara,</strong></span> 
     </span>
    </p>
   </div>
   <div class='ocr_carea' id='block_1_94' title="bbox 193 4671 1781 4743">
    <p class='ocr_par' dir='ltr' id='par_1_94' title="bbox 193 4671 1781 4743">
     <span class='ocr_line' id='line_1_94' title="bbox 193 4671 1781 4743; baseline -0.001 -15"><span class='ocrx_word' id='word_1_661' title='bbox 193 4672 498 4730; x_wconf 89' lang='lat' dir='ltr'><strong>Germanus</strong></span> <span class='ocrx_word' id='word_1_662' title='bbox 531 4689 782 4730; x_wconf 88' lang='lat' dir='ltr'><strong>sermone</strong></span> <span class='ocrx_word' id='word_1_663' title='bbox 813 4673 887 4734; x_wconf 83' lang='lat' dir='ltr'><strong>De</strong></span> <span class='ocrx_word' id='word_1_664' title='bbox 919 4672 1350 4736; x_wconf 76' lang='lat' dir='ltr'><strong>Pra&#39;sentatione,</strong></span> <span class='ocrx_word' id='word_1_665' title='bbox 1380 4671 1644 4743; x_wconf 87' lang='lat' dir='ltr'><strong>Georgius</strong></span> <span class='ocrx_word' id='word_1_666' title='bbox 1677 4673 1781 4726; x_wconf 62' lang='lat' dir='ltr'><strong>Ni-</strong></span> 
     </span>
    </p>
   </div>
   <div class='ocr_carea' id='block_1_95' title="bbox 193 4761 1772 4828">
    <p class='ocr_par' dir='ltr' id='par_1_95' title="bbox 193 4761 1772 4828">
     <span class='ocr_line' id='line_1_95' title="bbox 193 4761 1772 4828; baseline -0.001 -12"><span class='ocrx_word' id='word_1_667' title='bbox 193 4761 558 4818; x_wconf 88' lang='lat' dir='ltr'><strong>comediensis</strong></span> <span class='ocrx_word' id='word_1_668' title='bbox 598 4763 674 4816; x_wconf 89' lang='lat' dir='ltr'><strong>De</strong></span> <span class='ocrx_word' id='word_1_669' title='bbox 704 4761 1122 4817; x_wconf 75' lang='lat' dir='ltr'><strong>Prwsentatione</strong></span> <span class='ocrx_word' id='word_1_670' title='bbox 1145 4803 1158 4828; x_wconf 94' lang='lat'><strong>,</strong></span> <span class='ocrx_word' id='word_1_671' title='bbox 1202 4761 1483 4818; x_wconf 87' lang='lat' dir='ltr'><strong>Ccdrenus</strong></span> <span class='ocrx_word' id='word_1_672' title='bbox 1531 4765 1586 4816; x_wconf 90' lang='lat' dir='ltr'><strong>in</strong></span> <span class='ocrx_word' id='word_1_673' title='bbox 1615 4762 1772 4817; x_wconf 85' lang='lat' dir='ltr'><strong>Com-</strong></span> 
     </span>
    </p>
   </div>
   <div class='ocr_carea' id='block_1_96' title="bbox 191 4852 1767 4920">
    <p class='ocr_par' dir='ltr' id='par_1_96' title="bbox 191 4852 1767 4920">
     <span class='ocr_line' id='line_1_96' title="bbox 191 4852 1767 4920; baseline 0.006 -16"><span class='ocrx_word' id='word_1_674' title='bbox 191 4853 382 4920; x_wconf 86' lang='lat' dir='ltr'><strong>pendio</strong></span> <span class='ocrx_word' id='word_1_675' title='bbox 412 4852 664 4908; x_wconf 71' lang='lat' dir='ltr'><strong>Historia:</strong></span> <span class='ocrx_word' id='word_1_676' title='bbox 693 4863 744 4908; x_wconf 88' lang='lat' dir='ltr'><strong>et</strong></span> <span class='ocrx_word' id='word_1_677' title='bbox 772 4855 884 4910; x_wconf 89' lang='lat' dir='ltr'><strong>alii.</strong></span> <span class='ocrx_word' id='word_1_678' title='bbox 915 4852 1324 4909; x_wconf 75' lang='lat' dir='ltr'><strong>Observandum</strong></span> <span class='ocrx_word' id='word_1_679' title='bbox 1366 4861 1420 4910; x_wconf 89' lang='lat' dir='ltr'><strong>et</strong></span> <span class='ocrx_word' id='word_1_680' title='bbox 1447 4855 1600 4917; x_wconf 91' lang='lat' dir='ltr'><strong>illud,</strong></span> <span class='ocrx_word' id='word_1_681' title='bbox 1623 4855 1767 4913; x_wconf 88' lang='lat' dir='ltr'><strong>beat.</strong></span> 
     </span>
    </p>
   </div>
   <div class='ocr_carea' id='block_1_97' title="bbox 197 4941 1766 5017">
    <p class='ocr_par' dir='ltr' id='par_1_97' title="bbox 197 4941 1766 5017">
     <span class='ocr_line' id='line_1_97' title="bbox 197 4941 1766 5017; baseline 0.003 -19"><span class='ocrx_word' id='word_1_682' title='bbox 197 4941 475 5014; x_wconf 72' lang='lat' dir='ltr'><strong>Virginem</strong></span> <span class='ocrx_word' id='word_1_683' title='bbox 545 4961 608 5001; x_wconf 83' lang='lat' dir='ltr'><strong>ex</strong></span> <span class='ocrx_word' id='word_1_684' title='bbox 670 4954 874 5001; x_wconf 85' lang='lat' dir='ltr'><strong>nostro.</strong></span> <span class='ocrx_word' id='word_1_685' title='bbox 928 4945 1215 5002; x_wconf 88' lang='lat' dir='ltr'><strong>Eustathio</strong></span> <span class='ocrx_word' id='word_1_686' title='bbox 1267 4949 1437 5002; x_wconf 88' lang='lat' dir='ltr'><strong>multo</strong></span> <span class='ocrx_word' id='word_1_687' title='bbox 1491 4948 1766 5017; x_wconf 87' lang='lat' dir='ltr'><strong>juniorem</strong></span> 
     </span>
    </p>
   </div>
   <div class='ocr_carea' id='block_1_98' title="bbox 191 5036 1766 5110">
    <p class='ocr_par' dir='ltr' id='par_1_98' title="bbox 191 5036 1766 5110">
     <span class='ocr_line' id='line_1_98' title="bbox 191 5036 1766 5110; baseline 0.003 -18"><span class='ocrx_word' id='word_1_688' title='bbox 191 5036 470 5092; x_wconf 86' lang='lat' dir='ltr'><strong>Christum</strong></span> <span class='ocrx_word' id='word_1_689' title='bbox 504 5039 802 5108; x_wconf 79' lang='lat' dir='ltr'><strong>peperisse,</strong></span> <span class='ocrx_word' id='word_1_690' title='bbox 837 5054 998 5110; x_wconf 88' lang='lat' dir='ltr'><strong>quam</strong></span> <span class='ocrx_word' id='word_1_691' title='bbox 1028 5040 1260 5095; x_wconf 85' lang='lat' dir='ltr'><strong>voluerit</strong></span> <span class='ocrx_word' id='word_1_692' title='bbox 1293 5039 1538 5096; x_wconf 80' lang='lat' dir='ltr'><strong>Evodius</strong></span> <span class='ocrx_word' id='word_1_693' title='bbox 1571 5049 1624 5095; x_wconf 87' lang='lat' dir='ltr'><strong>et</strong></span> <span class='ocrx_word' id='word_1_694' title='bbox 1651 5042 1766 5109; x_wconf 90' lang='lat' dir='ltr'><strong>alii,</strong></span> 
     </span>
    </p>
   </div>
   <div class='ocr_carea' id='block_1_99' title="bbox 191 5123 1624 5208">
    <p class='ocr_par' dir='ltr' id='par_1_99' title="bbox 191 5123 1624 5208">
     <span class='ocr_line' id='line_1_99' title="bbox 191 5123 1624 5208; baseline 0.007 -28"><span class='ocrx_word' id='word_1_695' title='bbox 191 5123 263 5182; x_wconf 89' lang='lat' dir='ltr'><strong>de</strong></span> <span class='ocrx_word' id='word_1_696' title='bbox 289 5127 489 5197; x_wconf 88' lang='lat' dir='ltr'><strong>quibus</strong></span> <span class='ocrx_word' id='word_1_697' title='bbox 517 5129 604 5183; x_wconf 88' lang='lat' dir='ltr'><strong>hic</strong></span> <span class='ocrx_word' id='word_1_698' title='bbox 642 5145 802 5199; x_wconf 88' lang='lat' dir='ltr'><strong>agere</strong></span> <span class='ocrx_word' id='word_1_699' title='bbox 831 5145 940 5185; x_wconf 93' lang='lat' dir='ltr'><strong>non</strong></span> <span class='ocrx_word' id='word_1_700' title='bbox 978 5139 1061 5186; x_wconf 89' lang='lat' dir='ltr'><strong>est</strong></span> <span class='ocrx_word' id='word_1_701' title='bbox 1092 5137 1377 5202; x_wconf 67' lang='lat' dir='ltr'><strong>praesentis</strong></span> <span class='ocrx_word' id='word_1_702' title='bbox 1400 5137 1624 5208; x_wconf 89' lang='lat' dir='ltr'><strong>negotii.</strong></span> 
     </span>
    </p>
   </div>
   <div class='ocr_carea' id='block_1_100' title="bbox 265 5215 1766 5297">
    <p class='ocr_par' dir='ltr' id='par_1_100' title="bbox 265 5215 1766 5297">
     <span class='ocr_line' id='line_1_100' title="bbox 265 5215 1766 5297; baseline 0.01 -28"><span class='ocrx_word' id='word_1_703' title='bbox 265 5215 422 5279; x_wconf 89' lang='lat' dir='ltr'><strong>lbid.,</strong></span> <span class='ocrx_word' id='word_1_704' title='bbox 451 5217 546 5273; x_wconf 93' lang='lat' dir='ltr'><strong>lin.</strong></span> <span class='ocrx_word' id='word_1_705' title='bbox 577 5218 668 5276; x_wconf 71' lang='lat'><strong>22.</strong></span> <span class='ocrx_word' id='word_1_706' title='bbox 717 5220 826 5274; x_wconf 82' lang='grc' dir='ltr'><strong>Τοῦ</strong></span> <span class='ocrx_word' id='word_1_707' title='bbox 850 5222 1002 5275; x_wconf 84' lang='grc' dir='ltr'>λαοῦ</span> <span class='ocrx_word' id='word_1_708' title='bbox 1033 5224 1192 5290; x_wconf 84' lang='grc' dir='ltr'>τούς.</span> <span class='ocrx_word' id='word_1_709' title='bbox 1230 5223 1499 5297; x_wconf 85' lang='lat' dir='ltr'><strong>Josepbus</strong></span> <span class='ocrx_word' id='word_1_710' title='bbox 1529 5228 1766 5284; x_wconf 85' lang='lat' dir='ltr'><strong>sanctis-</strong></span> 
     </span>
    </p>
   </div>
   <div class='ocr_carea' id='block_1_101' title="bbox 191 5307 1769 5387">
    <p class='ocr_par' dir='ltr' id='par_1_101' title="bbox 191 5307 1769 5387">
     <span class='ocr_line' id='line_1_101' title="bbox 191 5307 1769 5387; baseline 0.007 -21"><span class='ocrx_word' id='word_1_711' title='bbox 191 5309 350 5366; x_wconf 73' lang='lat' dir='ltr'><strong>sima:</strong></span> <span class='ocrx_word' id='word_1_712' title='bbox 375 5307 622 5381; x_wconf 81' lang='lat' dir='ltr'><strong>Virginis</strong></span> <span class='ocrx_word' id='word_1_713' title='bbox 641 5328 878 5381; x_wconf 89' lang='lat' dir='ltr'><strong>sponsus</strong></span> <span class='ocrx_word' id='word_1_714' title='bbox 903 5315 1222 5386; x_wconf 86' lang='lat' dir='ltr'><strong>bigamusne</strong></span> <span class='ocrx_word' id='word_1_715' title='bbox 1240 5318 1424 5384; x_wconf 87' lang='lat' dir='ltr'><strong>fuerit,</strong></span> <span class='ocrx_word' id='word_1_716' title='bbox 1457 5337 1524 5374; x_wconf 85' lang='lat' dir='ltr'><strong>an</strong></span> <span class='ocrx_word' id='word_1_717' title='bbox 1547 5322 1769 5387; x_wconf 71' lang='lat' dir='ltr'><strong>caelebs,</strong></span> 
     </span>
    </p>
   </div>
   <div class='ocr_carea' id='block_1_102' title="bbox 192 5403 1766 5482">
    <p class='ocr_par' dir='ltr' id='par_1_102' title="bbox 192 5403 1766 5482">
     <span class='ocr_line' id='line_1_102' title="bbox 192 5403 1766 5482; baseline 0.01 -27"><span class='ocrx_word' id='word_1_718' title='bbox 192 5403 422 5472; x_wconf 86' lang='lat' dir='ltr'><strong>antiqua</strong></span> <span class='ocrx_word' id='word_1_719' title='bbox 450 5412 535 5459; x_wconf 88' lang='lat' dir='ltr'><strong>est</strong></span> <span class='ocrx_word' id='word_1_720' title='bbox 566 5405 619 5459; x_wconf 90' lang='lat' dir='ltr'><strong>in</strong></span> <span class='ocrx_word' id='word_1_721' title='bbox 657 5404 905 5461; x_wconf 83' lang='lat' dir='ltr'><strong>Ecclesia</strong></span> <span class='ocrx_word' id='word_1_722' title='bbox 934 5409 1202 5464; x_wconf 91' lang='lat' dir='ltr'><strong>catholica</strong></span> <span class='ocrx_word' id='word_1_723' title='bbox 1253 5413 1505 5482; x_wconf 67' lang='lat' dir='ltr'><strong>quaastio,</strong></span> <span class='ocrx_word' id='word_1_724' title='bbox 1533 5415 1597 5467; x_wconf 91' lang='lat' dir='ltr'><strong>ad</strong></span> <span class='ocrx_word' id='word_1_725' title='bbox 1626 5415 1766 5471; x_wconf 91' lang='lat' dir='ltr'><strong>hanc</strong></span> 
     </span>
    </p>
   </div>
   <div class='ocr_carea' id='block_1_103' title="bbox 192 5493 1764 5574">
    <p class='ocr_par' dir='ltr' id='par_1_103' title="bbox 192 5493 1764 5574">
     <span class='ocr_line' id='line_1_103' title="bbox 192 5493 1764 5574; baseline 0.011 -30"><span class='ocrx_word' id='word_1_726' title='bbox 192 5506 370 5561; x_wconf 86' lang='lat' dir='ltr'><strong>usque</strong></span> <span class='ocrx_word' id='word_1_727' title='bbox 416 5493 559 5548; x_wconf 88' lang='lat' dir='ltr'><strong>diem</strong></span> <span class='ocrx_word' id='word_1_728' title='bbox 610 5497 777 5552; x_wconf 71' lang='lat' dir='ltr'><strong>variis</strong></span> <span class='ocrx_word' id='word_1_729' title='bbox 831 5497 887 5553; x_wconf 89' lang='lat' dir='ltr'><strong>in</strong></span> <span class='ocrx_word' id='word_1_730' title='bbox 934 5505 1224 5571; x_wconf 88' lang='lat' dir='ltr'><strong>utramque</strong></span> <span class='ocrx_word' id='word_1_731' title='bbox 1285 5513 1495 5574; x_wconf 87' lang='lat' dir='ltr'><strong>partem</strong></span> <span class='ocrx_word' id='word_1_732' title='bbox 1541 5504 1764 5562; x_wconf 88' lang='lat' dir='ltr'><strong>Patrum</strong></span> 
     </span>
    </p>
   </div>
   <div class='ocr_carea' id='block_1_104' title="bbox 191 5585 1762 5662">
    <p class='ocr_par' dir='ltr' id='par_1_104' title="bbox 191 5585 1762 5662">
     <span class='ocr_line' id='line_1_104' title="bbox 191 5585 1762 5662; baseline 0.009 -24"><span class='ocrx_word' id='word_1_733' title='bbox 191 5585 527 5640; x_wconf 82' lang='lat' dir='ltr'><strong>testimoniis</strong></span> <span class='ocrx_word' id='word_1_734' title='bbox 557 5587 780 5658; x_wconf 88' lang='lat' dir='ltr'><strong>agitata.</strong></span> <span class='ocrx_word' id='word_1_735' title='bbox 813 5588 1060 5647; x_wconf 88' lang='lat' dir='ltr'><strong>Celebris</strong></span> <span class='ocrx_word' id='word_1_736' title='bbox 1086 5592 1228 5662; x_wconf 91' lang='lat' dir='ltr'><strong>apud</strong></span> <span class='ocrx_word' id='word_1_737' title='bbox 1251 5594 1489 5660; x_wconf 82' lang='lat' dir='ltr'><strong>Graecos,</strong></span> <span class='ocrx_word' id='word_1_738' title='bbox 1525 5613 1625 5653; x_wconf 89' lang='lat' dir='ltr'><strong>nec</strong></span> <span class='ocrx_word' id='word_1_739' title='bbox 1652 5614 1762 5652; x_wconf 89' lang='lat' dir='ltr'><strong>non</strong></span> 
     </span>
    </p>
   </div>
   <div class='ocr_carea' id='block_1_105' title="bbox 193 5672 1763 5763">
    <p class='ocr_par' dir='ltr' id='par_1_105' title="bbox 193 5672 1763 5763">
     <span class='ocr_line' id='line_1_105' title="bbox 193 5672 1763 5763; baseline 0.011 -35"><span class='ocrx_word' id='word_1_740' title='bbox 193 5672 510 5733; x_wconf 76' lang='lat' dir='ltr'><strong>Latinorum</strong></span> <span class='ocrx_word' id='word_1_741' title='bbox 535 5681 830 5738; x_wconf 86' lang='lat' dir='ltr'><strong>nonnullos</strong></span> <span class='ocrx_word' id='word_1_742' title='bbox 861 5681 962 5737; x_wconf 88' lang='lat' dir='ltr'><strong>fuit</strong></span> <span class='ocrx_word' id='word_1_743' title='bbox 1006 5683 1192 5755; x_wconf 82' lang='lat' dir='ltr'><strong>Opinio</strong></span> <span class='ocrx_word' id='word_1_744' title='bbox 1236 5703 1359 5742; x_wconf 93' lang='lat' dir='ltr'><strong>eum</strong></span> <span class='ocrx_word' id='word_1_745' title='bbox 1411 5688 1581 5745; x_wconf 93' lang='lat' dir='ltr'><strong>fuisse</strong></span> <span class='ocrx_word' id='word_1_746' title='bbox 1613 5691 1763 5763; x_wconf 86' lang='lat' dir='ltr'><strong>biga-</strong></span> 
     </span>
    </p>
   </div>
   <div class='ocr_carea' id='block_1_106' title="bbox 195 5771 1768 5846">
    <p class='ocr_par' dir='ltr' id='par_1_106' title="bbox 195 5771 1768 5846">
     <span class='ocr_line' id='line_1_106' title="bbox 195 5771 1768 5846; baseline 0.01 -19"><span class='ocrx_word' id='word_1_747' title='bbox 195 5783 363 5838; x_wconf 78' lang='lat' dir='ltr'><strong>mum,</strong></span> <span class='ocrx_word' id='word_1_748' title='bbox 400 5777 465 5830; x_wconf 73' lang='lat' dir='ltr'><strong>et</strong></span> <span class='ocrx_word' id='word_1_749' title='bbox 484 5771 646 5830; x_wconf 89' lang='lat' dir='ltr'><strong>aliam</strong></span> <span class='ocrx_word' id='word_1_750' title='bbox 695 5784 820 5832; x_wconf 84' lang='lat' dir='ltr'><strong>ante</strong></span> <span class='ocrx_word' id='word_1_751' title='bbox 878 5773 1452 5846; x_wconf 62' lang='lat' dir='ltr'><strong>Virginembabuisse</strong></span> <span class='ocrx_word' id='word_1_752' title='bbox 1507 5799 1768 5843; x_wconf 74' lang='lat' dir='ltr'><strong>uxorem.</strong></span> 
     </span>
    </p>
   </div>
   <div class='ocr_carea' id='block_1_107' title="bbox 1872 4605 3441 4688">
    <p class='ocr_par' dir='ltr' id='par_1_107' title="bbox 1872 4605 3441 4688">
     <span class='ocr_line' id='line_1_107' title="bbox 1872 4605 3441 4688; baseline 0.005 -28"><span class='ocrx_word' id='word_1_753' title='bbox 1872 4608 2048 4661; x_wconf 78' lang='grc' dir='ltr'>ἐκεῖνο</span> <span class='ocrx_word' id='word_1_754' title='bbox 2085 4605 2260 4677; x_wconf 83' lang='grc' dir='ltr'>σῶμα,</span> <span class='ocrx_word' id='word_1_755' title='bbox 2308 4607 2407 4662; x_wconf 78' lang='grc' dir='ltr'>οὐκ</span> <span class='ocrx_word' id='word_1_756' title='bbox 2453 4610 2519 4662; x_wconf 87' lang='grc' dir='ltr'>ἂν</span> <span class='ocrx_word' id='word_1_757' title='bbox 2559 4612 2639 4671; x_wconf 87' lang='grc' dir='ltr'><strong>είς</strong></span> <span class='ocrx_word' id='word_1_758' title='bbox 2669 4610 2758 4663; x_wconf 77' lang='grc' dir='ltr'>τὸν</span> <span class='ocrx_word' id='word_1_759' title='bbox 2793 4611 2924 4664; x_wconf 84' lang='grc' dir='ltr'>Θεὸν</span> <span class='ocrx_word' id='word_1_760' title='bbox 2957 4613 3331 4688; x_wconf 78' lang='grc' dir='ltr'>ὲξαμάρτοιεν.</span> <span class='ocrx_word' id='word_1_761' title='bbox 3368 4615 3441 4667; x_wconf 85' lang='grc' dir='ltr'>Τὸ</span> 
     </span>
    </p>
   </div>
   <div class='ocr_carea' id='block_1_108' title="bbox 1874 4688 3444 4772">
    <p class='ocr_par' dir='ltr' id='par_1_108' title="bbox 1874 4688 3444 4772">
     <span class='ocr_line' id='line_1_108' title="bbox 1874 4688 3444 4772; baseline 0.007 -23"><span class='ocrx_word' id='word_1_762' title='bbox 1874 4697 1972 4767; x_wconf 85' lang='grc' dir='ltr'><strong>μὲν</strong></span> <span class='ocrx_word' id='word_1_763' title='bbox 2005 4698 2113 4768; x_wconf 85' lang='grc' dir='ltr'>γὰρ</span> <span class='ocrx_word' id='word_1_764' title='bbox 2147 4697 2439 4766; x_wconf 76' lang='grc' dir='ltr'>ὑποζεῦξαι</span> <span class='ocrx_word' id='word_1_765' title='bbox 2467 4699 2545 4771; x_wconf 81' lang='grc' dir='ltr'><strong>τῷ</strong></span> <span class='ocrx_word' id='word_1_766' title='bbox 2576 4701 2725 4772; x_wconf 87' lang='grc' dir='ltr'>νόμῳ</span> <span class='ocrx_word' id='word_1_767' title='bbox 2753 4703 2851 4772; x_wconf 83' lang='grc' dir='ltr'><strong>τῆς</strong></span> <span class='ocrx_word' id='word_1_768' title='bbox 2884 4703 3117 4771; x_wconf 78' lang='grc' dir='ltr'>φύσεως,</span> <span class='ocrx_word' id='word_1_769' title='bbox 3149 4688 3242 4760; x_wconf 52' lang='grc' dir='ltr'><strong>καὶ</strong></span> <span class='ocrx_word' id='word_1_770' title='bbox 3275 4725 3444 4760; x_wconf 86' lang='grc' dir='ltr'>κατα-</span> 
     </span>
    </p>
   </div>
   <div class='ocr_carea' id='block_1_109' title="bbox 1869 4787 3443 4868">
    <p class='ocr_par' dir='ltr' id='par_1_109' title="bbox 1869 4787 3443 4868">
     <span class='ocr_line' id='line_1_109' title="bbox 1869 4787 3443 4868; baseline 0.008 -28"><span class='ocrx_word' id='word_1_771' title='bbox 1869 4787 2132 4843; x_wconf 86' lang='grc' dir='ltr'>δουλῶσαι</span> <span class='ocrx_word' id='word_1_772' title='bbox 2159 4790 2327 4867; x_wconf 80' lang='grc' dir='ltr'>αὺτὴν</span> <span class='ocrx_word' id='word_1_773' title='bbox 2359 4791 2445 4845; x_wconf 77' lang='grc' dir='ltr'>διὰ</span> <span class='ocrx_word' id='word_1_774' title='bbox 2479 4791 2569 4844; x_wconf 73' lang='grc' dir='ltr'>τοῦ</span> <span class='ocrx_word' id='word_1_775' title='bbox 2593 4793 2769 4864; x_wconf 82' lang='grc' dir='ltr'>γάμου</span> <span class='ocrx_word' id='word_1_776' title='bbox 2799 4793 2876 4864; x_wconf 81' lang='grc' dir='ltr'>τῷ</span> <span class='ocrx_word' id='word_1_777' title='bbox 2910 4795 3160 4868; x_wconf 80' lang='grc' dir='ltr'>ἀγομένῳ</span> <span class='ocrx_word' id='word_1_778' title='bbox 3180 4798 3288 4851; x_wconf 84' lang='grc' dir='ltr'><strong>τῶν</strong></span> <span class='ocrx_word' id='word_1_779' title='bbox 3321 4799 3443 4852; x_wconf 86' lang='grc' dir='ltr'>ἀτο-</span> 
     </span>
    </p>
   </div>
   <div class='ocr_carea' id='block_1_110' title="bbox 1871 4881 3438 4962">
    <p class='ocr_par' dir='ltr' id='par_1_110' title="bbox 1871 4881 3438 4962">
     <span class='ocr_line' id='line_1_110' title="bbox 1871 4881 3438 4962; baseline 0.006 -29"><span class='ocrx_word' id='word_1_780' title='bbox 1871 4881 2132 4935; x_wconf 88' lang='grc' dir='ltr'>πωτάτων</span> <span class='ocrx_word' id='word_1_781' title='bbox 2169 4883 2362 4937; x_wconf 80' lang='grc' dir='ltr'>ἐδόκει.</span> <span class='ocrx_word' id='word_1_782' title='bbox 2417 4884 2712 4956; x_wconf 87' lang='grc' dir='ltr'>Ἰεροσυλία</span> <span class='ocrx_word' id='word_1_783' title='bbox 2750 4886 2860 4957; x_wconf 79' lang='grc' dir='ltr'><strong>γὰρ</strong></span> <span class='ocrx_word' id='word_1_784' title='bbox 2898 4886 3154 4960; x_wconf 78' lang='grc' dir='ltr'>ἄντικρυς</span> <span class='ocrx_word' id='word_1_785' title='bbox 3181 4890 3438 4962; x_wconf 75' lang='grc' dir='ltr'>ἐνομίσθη</span> 
     </span>
    </p>
   </div>
   <div class='ocr_carea' id='block_1_111' title="bbox 1869 4970 3440 5052">
    <p class='ocr_par' dir='ltr' id='par_1_111' title="bbox 1869 4970 3440 5052">
     <span class='ocr_line' id='line_1_111' title="bbox 1869 4970 3440 5052; baseline 0.006 -29"><span class='ocrx_word' id='word_1_786' title='bbox 1869 4970 2012 5024; x_wconf 84' lang='grc' dir='ltr'>θείου</span> <span class='ocrx_word' id='word_1_787' title='bbox 2041 4971 2387 5043; x_wconf 84' lang='grc' dir='ltr'>ἀναθήματος</span> <span class='ocrx_word' id='word_1_788' title='bbox 2407 4973 2691 5044; x_wconf 83' lang='grc' dir='ltr'>ἄνθρωπον</span> <span class='ocrx_word' id='word_1_789' title='bbox 2713 4976 2962 5044; x_wconf 84' lang='grc' dir='ltr'>γενέσθαι</span> <span class='ocrx_word' id='word_1_790' title='bbox 2983 4977 3191 5049; x_wconf 84' lang='grc' dir='ltr'>κύριον.</span> <span class='ocrx_word' id='word_1_791' title='bbox 3222 4980 3440 5052; x_wconf 83' lang='grc' dir='ltr'>Ἐπειδὴ</span> 
     </span>
    </p>
   </div>
   <div class='ocr_carea' id='block_1_112' title="bbox 1869 5061 3439 5138">
    <p class='ocr_par' dir='ltr' id='par_1_112' title="bbox 1869 5061 3439 5138">
     <span class='ocr_line' id='line_1_112' title="bbox 1869 5061 3439 5138; baseline 0.006 -25"><span class='ocrx_word' id='word_1_792' title='bbox 1869 5061 2141 5132; x_wconf 76' lang='grc' dir='ltr'>κυριεύειν</span> <span class='ocrx_word' id='word_1_793' title='bbox 2173 5064 2237 5116; x_wconf 83' lang='grc' dir='ltr'><strong>ὲκ</strong></span> <span class='ocrx_word' id='word_1_794' title='bbox 2257 5063 2366 5116; x_wconf 83' lang='grc' dir='ltr'><strong>τῶν</strong></span> <span class='ocrx_word' id='word_1_795' title='bbox 2392 5063 2569 5134; x_wconf 89' lang='grc' dir='ltr'>νόμων</span> <span class='ocrx_word' id='word_1_796' title='bbox 2591 5065 2618 5117; x_wconf 88' lang='grc' dir='ltr'>ὁ</span> <span class='ocrx_word' id='word_1_797' title='bbox 2641 5064 2780 5136; x_wconf 83' lang='grc' dir='ltr'>ἀνὴρ</span> <span class='ocrx_word' id='word_1_798' title='bbox 2812 5065 3014 5137; x_wconf 78' lang='grc' dir='ltr'>ἐτάχθη</span> <span class='ocrx_word' id='word_1_799' title='bbox 3040 5068 3140 5138; x_wconf 83' lang='grc' dir='ltr'>τῆς</span> <span class='ocrx_word' id='word_1_800' title='bbox 3160 5070 3439 5137; x_wconf 86' lang='grc' dir='ltr'>γυναικός.</span> 
     </span>
    </p>
   </div>
   <div class='ocr_carea' id='block_1_113' title="bbox 1869 5151 3444 5232">
    <p class='ocr_par' dir='ltr' id='par_1_113' title="bbox 1869 5151 3444 5232">
     <span class='ocr_line' id='line_1_113' title="bbox 1869 5151 3444 5232; baseline 0.007 -28"><span class='ocrx_word' id='word_1_801' title='bbox 1869 5151 1940 5205; x_wconf 85' lang='grc' dir='ltr'>Τὸ</span> <span class='ocrx_word' id='word_1_802' title='bbox 1968 5153 2026 5206; x_wconf 85' lang='grc' dir='ltr'><strong>δὲ</strong></span> <span class='ocrx_word' id='word_1_803' title='bbox 2052 5157 2162 5218; x_wconf 88' lang='grc' dir='ltr'>τοῖς</span> <span class='ocrx_word' id='word_1_804' title='bbox 2196 5154 2431 5226; x_wconf 73' lang='grc' dir='ltr'>ἱερεῦσιν</span> <span class='ocrx_word' id='word_1_805' title='bbox 2457 5155 2607 5220; x_wconf 73' lang='grc' dir='ltr'>ἐντὸς</span> <span class='ocrx_word' id='word_1_806' title='bbox 2627 5156 2735 5209; x_wconf 85' lang='grc' dir='ltr'>τῶν</span> <span class='ocrx_word' id='word_1_807' title='bbox 2755 5158 3067 5232; x_wconf 84' lang='grc' dir='ltr'>ἀνακτόρων</span> <span class='ocrx_word' id='word_1_808' title='bbox 3091 5162 3444 5232; x_wconf 85' lang='grc' dir='ltr'>συναναστρέ-</span> 
     </span>
    </p>
   </div>
   <div class='ocr_carea' id='block_1_114' title="bbox 1868 5243 3441 5326">
    <p class='ocr_par' dir='ltr' id='par_1_114' title="bbox 1868 5243 3441 5326">
     <span class='ocr_line' id='line_1_114' title="bbox 1868 5243 3441 5326; baseline 0.008 -29"><span class='ocrx_word' id='word_1_809' title='bbox 1868 5243 2062 5314; x_wconf 70' lang='grc' dir='ltr'>ιρεσθαι</span> <span class='ocrx_word' id='word_1_810' title='bbox 2087 5251 2370 5315; x_wconf 82' lang='grc' dir='ltr'>γυναῖκας,</span> <span class='ocrx_word' id='word_1_811' title='bbox 2405 5250 2497 5303; x_wconf 76' lang='grc' dir='ltr'><strong>καὶ</strong></span> <span class='ocrx_word' id='word_1_812' title='bbox 2525 5250 2582 5303; x_wconf 78' lang='grc' dir='ltr'>ὲν</span> <span class='ocrx_word' id='word_1_813' title='bbox 2603 5254 2716 5314; x_wconf 82' lang='grc' dir='ltr'>τοῖς</span> <span class='ocrx_word' id='word_1_814' title='bbox 2748 5252 2923 5320; x_wconf 82' lang='grc' dir='ltr'>ἁγίοις</span> <span class='ocrx_word' id='word_1_815' title='bbox 2955 5254 3181 5326; x_wconf 79' lang='grc' dir='ltr'>ὁρᾶσθαι</span> <span class='ocrx_word' id='word_1_816' title='bbox 3203 5254 3324 5309; x_wconf 76' lang='grc' dir='ltr'>οὔτε</span> <span class='ocrx_word' id='word_1_817' title='bbox 3351 5256 3441 5309; x_wconf 87' lang='grc' dir='ltr'>νό-</span> 
     </span>
    </p>
   </div>
   <div class='ocr_carea' id='block_1_115' title="bbox 1869 5331 3438 5417">
    <p class='ocr_par' dir='ltr' id='par_1_115' title="bbox 1869 5331 3438 5417">
     <span class='ocr_line' id='line_1_115' title="bbox 1869 5331 3438 5417; baseline 0.009 -32"><span class='ocrx_word' id='word_1_818' title='bbox 1869 5351 1929 5404; x_wconf 89' lang='grc' dir='ltr'><strong>μι</strong></span> <span class='ocrx_word' id='word_1_819' title='bbox 1938 5352 2034 5404; x_wconf 91' lang='grc' dir='ltr'><strong>μον</strong></span> <span class='ocrx_word' id='word_1_820' title='bbox 2052 5331 2141 5406; x_wconf 83' lang='grc' dir='ltr'>ἦν,</span> <span class='ocrx_word' id='word_1_821' title='bbox 2155 5337 2257 5417; x_wconf 33' lang='grc' dir='ltr'><strong>’καὶ</strong></span> <span class='ocrx_word' id='word_1_822' title='bbox 2279 5338 2394 5408; x_wconf 76' lang='grc' dir='ltr'><strong>ἅμα</strong></span> <span class='ocrx_word' id='word_1_823' title='bbox 2413 5338 2490 5410; x_wconf 84' lang='grc' dir='ltr'>τῷ</span> <span class='ocrx_word' id='word_1_824' title='bbox 2511 5341 2796 5413; x_wconf 84' lang='grc' dir='ltr'>πράγματι</span> <span class='ocrx_word' id='word_1_825' title='bbox 2820 5343 2898 5413; x_wconf 85' lang='grc' dir='ltr'>τῷ</span> <span class='ocrx_word' id='word_1_826' title='bbox 2916 5344 3112 5416; x_wconf 81' lang='grc' dir='ltr'>σεμνὸν</span> <span class='ocrx_word' id='word_1_827' title='bbox 3131 5345 3192 5398; x_wconf 76' lang='grc' dir='ltr'>οὐ</span> <span class='ocrx_word' id='word_1_828' title='bbox 3211 5347 3438 5417; x_wconf 70' lang='grc' dir='ltr'>προσῆν.</span> 
     </span>
    </p>
   </div>
   <div class='ocr_carea' id='block_1_116' title="bbox 1866 5411 3442 5499">
    <p class='ocr_par' dir='ltr' id='par_1_116' title="bbox 1866 5411 3442 5499">
     <span class='ocr_line' id='line_1_116' title="bbox 1866 5411 3442 5499; baseline 0.008 -28"><span class='ocrx_word' id='word_1_829' title='bbox 1866 5411 2284 5492; x_wconf 83' lang='grc' dir='ltr'>Βουλευομένοις</span> <span class='ocrx_word' id='word_1_830' title='bbox 2324 5424 2379 5476; x_wconf 83' lang='grc' dir='ltr'><strong>δὲ</strong></span> <span class='ocrx_word' id='word_1_831' title='bbox 2413 5426 2595 5490; x_wconf 83' lang='grc' dir='ltr'>αὐτοῖς</span> <span class='ocrx_word' id='word_1_832' title='bbox 2633 5411 2994 5499; x_wconf 65' lang='grc' dir='ltr'>περὶτούτων</span> <span class='ocrx_word' id='word_1_833' title='bbox 3024 5428 3205 5483; x_wconf 88' lang='grc' dir='ltr'>θεόθεν</span> <span class='ocrx_word' id='word_1_834' title='bbox 3232 5411 3442 5497; x_wconf 61' lang='grc' dir='ltr'>γίνεται</span> 
     </span>
    </p>
   </div>
   <div class='ocr_carea' id='block_1_117' title="bbox 1867 5511 3438 5590">
    <p class='ocr_par' dir='ltr' id='par_1_117' title="bbox 1867 5511 3438 5590">
     <span class='ocr_line' id='line_1_117' title="bbox 1867 5511 3438 5590; baseline 0.008 -29"><span class='ocrx_word' id='word_1_835' title='bbox 1867 5511 2142 5584; x_wconf 74' lang='grc' dir='ltr'>συμϐουλὴ</span> <span class='ocrx_word' id='word_1_836' title='bbox 2172 5512 2353 5568; x_wconf 82' lang='grc' dir='ltr'>δοῦναι</span> <span class='ocrx_word' id='word_1_837' title='bbox 2385 5515 2484 5586; x_wconf 83' lang='grc' dir='ltr'>μὲν</span> <span class='ocrx_word' id='word_1_838' title='bbox 2504 5516 2672 5589; x_wconf 80' lang='grc' dir='ltr'>αὐτὴν</span> <span class='ocrx_word' id='word_1_839' title='bbox 2699 5517 2853 5590; x_wconf 69' lang='grc' dir='ltr'>ἀνδρὶ</span> <span class='ocrx_word' id='word_1_840' title='bbox 2878 5519 3171 5590; x_wconf 82' lang='grc' dir='ltr'>μνηστείας</span> <span class='ocrx_word' id='word_1_841' title='bbox 3194 5518 3438 5590; x_wconf 71' lang='grc' dir='ltr'><strong>ὀνόματι⁸</strong></span> 
     </span>
    </p>
   </div>
   <div class='ocr_carea' id='block_1_118' title="bbox 1865 5601 3445 5683">
    <p class='ocr_par' dir='ltr' id='par_1_118' title="bbox 1865 5601 3445 5683">
     <span class='ocr_line' id='line_1_118' title="bbox 1865 5601 3445 5683; baseline 0.006 -28"><span class='ocrx_word' id='word_1_842' title='bbox 1865 5601 2052 5655; x_wconf 78' lang='grc' dir='ltr'>τοῦτον</span> <span class='ocrx_word' id='word_1_843' title='bbox 2082 5602 2138 5656; x_wconf 85' lang='grc' dir='ltr'><strong>δὲ</strong></span> <span class='ocrx_word' id='word_1_844' title='bbox 2169 5604 2407 5660; x_wconf 81' lang='grc' dir='ltr'>τοιοῦτον</span> <span class='ocrx_word' id='word_1_845' title='bbox 2431 5603 2591 5673; x_wconf 73' lang='grc' dir='ltr'>εἰναι,</span> <span class='ocrx_word' id='word_1_846' title='bbox 2625 5602 2736 5664; x_wconf 77' lang='grc' dir='ltr'>οἷον</span> <span class='ocrx_word' id='word_1_847' title='bbox 2761 5610 2896 5682; x_wconf 74' lang='grc' dir='ltr'>πρὸς</span> <span class='ocrx_word' id='word_1_848' title='bbox 2923 5609 3167 5683; x_wconf 81' lang='grc' dir='ltr'>φυλακὴν</span> <span class='ocrx_word' id='word_1_849' title='bbox 3189 5609 3290 5682; x_wconf 84' lang='grc' dir='ltr'>τῆς</span> <span class='ocrx_word' id='word_1_850' title='bbox 3309 5626 3445 5683; x_wconf 82' lang='grc' dir='ltr'>παρ-</span> 
     </span>
    </p>
   </div>
   <div class='ocr_carea' id='block_1_119' title="bbox 1865 5691 3438 5774">
    <p class='ocr_par' dir='ltr' id='par_1_119' title="bbox 1865 5691 3438 5774">
     <span class='ocr_line' id='line_1_119' title="bbox 1865 5691 3438 5774; baseline 0.007 -29"><span class='ocrx_word' id='word_1_851' title='bbox 1865 5691 2046 5756; x_wconf 83' lang='grc' dir='ltr'>θενίας</span> <span class='ocrx_word' id='word_1_852' title='bbox 2090 5695 2409 5767; x_wconf 78' lang='grc' dir='ltr'>ἐπιτηδείως</span> <span class='ocrx_word' id='word_1_853' title='bbox 2453 5697 2618 5768; x_wconf 82' lang='grc' dir='ltr'>ἔχειν.</span> <span class='ocrx_word' id='word_1_854' title='bbox 2669 5700 2883 5773; x_wconf 82' lang='grc' dir='ltr'>Εὑρέθη</span> <span class='ocrx_word' id='word_1_855' title='bbox 2922 5702 3101 5755; x_wconf 83' lang='grc' dir='ltr'>τοίνυν</span> <span class='ocrx_word' id='word_1_856' title='bbox 3137 5703 3166 5755; x_wconf 88' lang='grc' dir='ltr'><strong>ό</strong></span> <span class='ocrx_word' id='word_1_857' title='bbox 3219 5699 3438 5774; x_wconf 80' lang='grc' dir='ltr'>Ἰωσὴφ,</span> 
     </span>
    </p>
   </div>
   <div class='ocr_carea' id='block_1_120' title="bbox 1862 5778 3440 5864">
    <p class='ocr_par' dir='ltr' id='par_1_120' title="bbox 1862 5778 3440 5864">
     <span class='ocr_line' id='line_1_120' title="bbox 1862 5778 3440 5864; baseline 0.004 -27"><span class='ocrx_word' id='word_1_858' title='bbox 1862 5778 1971 5838; x_wconf 73' lang='grc' dir='ltr'>οἷον</span> <span class='ocrx_word' id='word_1_859' title='bbox 2009 5786 2258 5858; x_wconf 78' lang='grc' dir='ltr'>ἐπεζήτει</span> <span class='ocrx_word' id='word_1_860' title='bbox 2299 5791 2326 5842; x_wconf 86' lang='grc' dir='ltr'><strong>ό</strong></span> <span class='ocrx_word' id='word_1_861' title='bbox 2358 5789 2534 5858; x_wconf 85' lang='grc' dir='ltr'>λόγος,</span> <span class='ocrx_word' id='word_1_862' title='bbox 2585 5793 2646 5844; x_wconf 78' lang='grc' dir='ltr'><strong>ἐκ</strong></span> <span class='ocrx_word' id='word_1_863' title='bbox 2690 5792 2791 5862; x_wconf 82' lang='grc' dir='ltr'>τῆς</span> <span class='ocrx_word' id='word_1_864' title='bbox 2836 5794 3002 5864; x_wconf 76' lang='grc' dir='ltr'>αὐτῆς</span> <span class='ocrx_word' id='word_1_865' title='bbox 3051 5793 3221 5864; x_wconf 78' lang='grc' dir='ltr'>φυλῆς</span> <span class='ocrx_word' id='word_1_866' title='bbox 3254 5810 3311 5846; x_wconf 73' lang='grc' dir='ltr'><strong>τε</strong></span> <span class='ocrx_word' id='word_1_867' title='bbox 3350 5794 3440 5846; x_wconf 74' lang='grc' dir='ltr'><strong>καὶ</strong></span> 
     </span>
    </p>
   </div>
  </div>
