3838 6158
406 354 541 411 10ιὸ

1733 339 1976 398 LEONIS
2010 328 2284 409 ALLATII

3506 336 3655 393 i044

403 466 638 539 πατριᾶς
656 468 723 538 τῇ
754 465 1030 538 Παρθένῳ,
1061 466 1156 519 καὶ
1187 462 1476 534 μνηστεύει
1504 460 1644 515 κατὰ
1664 457 1971 530 συμϐουλὴν
2000 458 2048 515 Α
2072 454 2543 527 δυναστευόμενος,
2560 457 2637 521 ὡς
2662 459 2720 511 ὲν
2741 459 2808 529 τῇ
2831 456 3059 527 δυνάμει
3086 455 3250 510 αὐτοῦ
3281 447 3420 509 εἶναι
3450 452 3655 523 καινὴν

400 558 510 612 τῶν
543 557 731 629 ἱερέων
760 554 937 627 ἑαυτῷ
964 555 1061 626 τὴν
1092 554 1274 610 παῖδα.
1317 554 1383 607 Ἦ
1420 554 1476 608 δὲ
1510 552 1773 623 συνάφεια
1814 551 1975 621 μέχρι

406 648 699 722 μνηστείας
746 644 835 720 ἦν.
887 647 1019 701 Τότε
1069 648 1502 719 μυσταγωγεϊται
1543 644 1694 716 παρὰ
1730 643 1822 697 τοῦ
1866 637 1973 697 Γα-

402 740 565 814 δριὴλ
593 742 626 813 ὴ
650 740 943 812 Παρθένος.
980 738 1099 793 Non
1130 739 1417 794 dissimilia
1448 738 1610 793 habet
1631 732 1971 815 Epiphanius

402 834 651 889 adversus
681 832 1266 896 Antidicomarianitas,
1298 838 1352 885 et
1383 830 1529 886 alibi.

474 927 720 991 Col.77'5,
741 928 839 983 lin.
860 925 948 981 '55.
972 924 1083 978 Καὶ
1103 922 1465 978 καταλιπών.
1481 921 1584 976 Alii
1602 936 1715 977 rem
1741 920 1881 975 hanc
1896 920 1972 974 ita

402 1028 647 1071 narrant.
681 1017 1016 1086 Desponsata
1039 1012 1203 1084 Virgo
1233 1012 1552 1084 parentibus
1575 1011 1842 1075 redditur,
1872 1010 1970 1089 qui

400 1122 522 1162 eam
571 1106 791 1163 domum
836 1106 1118 1169 reducant,
1144 1113 1197 1160 et
1223 1098 1347 1176 quae
1392 1105 1458 1159 ad
1495 1103 1710 1179 futuras
1751 1103 1969 1172 nuptias

402 1206 533 1254 sunt
579 1198 892 1254 necessaria
939 1205 1262 1269 praeparent.
1309 1195 1470 1251 Erant
1514 1194 1788 1265 sponsalia
1819 1195 1971 1264 ejus-

401 1289 551 1345 modi
583 1290 727 1361 apud
759 1288 1038 1356 Hebraeos,
1083 1306 1192 1344 non
1228 1289 1458 1344 minoris
1498 1288 1754 1342 momenti
1803 1302 1968 1358 quam

399 1381 534 1451 ipsae
570 1383 795 1453 nuptiae,
830 1389 888 1437 ut
917 1389 1109 1457 auctor
1136 1387 1220 1436 est
1268 1379 1443 1445 Philo,
1473 1380 1519 1435 si
1547 1380 1764 1449 quidem
1797 1379 1849 1432 in
1880 1393 1969 1433 so—

399 1472 571 1527 lemni
629 1474 929 1527 amicorum
975 1456 1245 1526 conventu
1303 1469 1485 1523 mariti
1526 1470 1819 1538 uxorisque
1870 1483 1970 1522 no-

400 1565 548 1618 mina
578 1563 959 1619 scribebantur
1000 1563 1053 1617 in
1086 1561 1307 1626 tabulis,
1334 1570 1389 1615 et
1419 1559 1464 1615 si
1496 1560 1626 1631 quid
1683 1575 1883 1631 Sponsa
1913 1559 1968 1613 in

396 1656 562 1711 domo
582 1663 805 1727 paterna
854 1671 1082 1711 manens
1135 1655 1476 1726 deliquisset,
1507 1669 1659 1723 aeque
1694 1653 1968 1723 plecteba-

394 1756 507 1811 tur,
544 1763 608 1802 ac
640 1756 837 1818 nupta;
872 1754 930 1802 ut
963 1747 1232 1816 lapidibus
1269 1748 1614 1824 obrueretur,
1647 1745 1691 1799 si
1713 1744 1965 1800 adulterii

394 1854 489 1895 rea
506 1839 724 1895 iuventa
749 1846 911 1917 esset.
937 1833 1160 1894 Mariam
1200 1846 1381 1894 autem
1408 1839 1658 1892 nuntium
1685 1837 1752 1917 ab
1774 1837 1964 1906 angelo

395 1933 724 2004 suscepisse,
757 1932 886 1987 dum
937 1932 1115 1988 adhuc
1155 1941 1395 1987 maneret
1436 1934 1489 1986 in
1528 1931 1689 1984 domo
1719 1941 1962 1999 paterna.

466 2023 738 2091 Col.'776,
768 2024 862 2079 lin.
883 2024 936 2079 5.
969 2025 1071 2079 Ἐν
1093 2020 1183 2091 οἷς
1208 2025 1307 2081 καὶ
1331 2024 1456 2078 τόν.
1479 2023 1686 2078 Similia
1709 2023 1776 2077 de
1798 2038 1965 2077 causa

392 2117 548 2173 necis
578 2116 858 2171 Zachariae
889 2117 1143 2188 leguntur
1181 2118 1322 2188 apud
1375 2114 1598 2172 Petrum
1646 2116 1964 2186 episcopum

394 2208 823 2284 Alexandrinum
853 2217 906 2264 et
953 2202 1243 2281 martyrem
1281 2209 1337 2264 in
1368 2208 1486 2265 suis
1539 2208 1752 2278 Regalis
1802 2207 1966 2261 eccle-

394 2300 659 2363 siasticis,
701 2315 838 2370 quas
870 2300 1072 2370 recepit
1117 2308 1281 2371 atque
1318 2297 1565 2370 probavit
1607 2304 1759 2353 sexta
1807 2311 1963 2369 syno-

393 2392 519 2455 dus,
554 2406 675 2462 cap.
709 2384 760 2458 1",
786 2391 928 2462 apud
958 2390 1305 2446 Theodorum
1332 2378 1738 2445 Balsamonem.

463 2484 631 2561 lbid.,
658 2484 755 2561 lin.
790 2484 877 2539 51.
908 2486 1030 2539 Οὐκ
1060 2480 1244 2549 εἶδον,
1269 2485 1322 2537 εί
1343 2481 1429 2553 μὴ
1463 2482 1527 2536 τὸ
1562 2478 1642 2536 αῖ.
1677 2479 1966 2535 Tertullia-

395 2592 522 2652 nus,
556 2558 950 2643 idScorpiaco,
983 2591 1102 2647 cap.
1149 2575 1184 2632 8
1217 2595 1230 2631 :
1276 2573 1567 2629 Zacharias
1606 2575 1754 2627 intra
1795 2572 1967 2628 altare

393 2678 444 2721 et
479 2660 643 2721 cedem
684 2666 1006 2731 trucidatur,
1060 2682 1305 2737 perennes
1351 2667 1554 2720 cruoris
1601 2666 1686 2719 sui
1726 2668 1965 2718 maculas

395 2758 632 2813 silicibus
655 2760 934 2829 assignans
957 2776 978 2822 ;
1003 2766 1057 2814 et
1080 2756 1352 2813 'Baronius
1387 2758 1602 2824 scribit,
1633 2772 1691 2812 se
1719 2758 1967 2826 aliquaue

396 2853 469 2906 do
503 2851 759 2907 incidisse
790 2853 844 2905 in
888 2851 1171 2922 antiquum
1217 2849 1457 2905 codicem
1492 2864 1656 2923 manu
1699 2848 1962 2919 scriptum

397 2943 636 3017 positum
681 2943 735 2996 in
770 2942 1096 2997 bibliotheca
1130 2940 1392 2995 Vaticana
1425 2939 1502 2995 De
1547 2941 1965 3010 peregrinatione

398 3029 468 3090 ad
516 3035 632 3110 loca
669 3045 855 3089 sancta
886 3052 905 3089 :
953 3035 1009 3090 in
1041 3049 1148 3105 quo
1179 3033 1369 3089 eadem
1420 3032 1488 3089 de
1531 3032 1808 3087 Zachariae
1837 3048 1964 3088 san-

393 3127 561 3202 guine
593 3127 866 3211 lapidibus
909 3127 1095 3197 tentpﬁ
1146 3125 1419 3182 indelebili
1467 3133 1595 3179 nota
1644 3125 1961 3189 inhaerente,
1990 3157 2033 3218 α

395 3226 548 3293 certa
588 3218 691 3295 ﬁde
720 3220 1039 3289 conslgnata
1079 3225 1256 3273 erant.
1291 3215 1633 3272 ltiuerarium
1666 3219 1793 3271 item
1825 3215 1964 3270 Bur-

394 3306 724 3380 degalense:
760 3309 827 3387 In
867 3326 1131 3363 ntarmore
1160 3318 1281 3363 ante
1323 3325 1471 3362 aram
1499 3309 1807 3378 sanguinem
1844 3306 1968 3361 Za—

395 3399 615 3464 chariae,
642 3399 717 3453 ibi
740 3400 888 3453 dicas
917 3399 1070 3453 hodie
1097 3400 1295 3468 fusum,
1327 3400 1488 3452 etiam
1533 3396 1717 3467 parent
1751 3399 1966 3469 vestigia

395 3490 651 3553 militum,
682 3490 771 3559 qui
798 3506 915 3545 eum
947 3487 1279 3543 trucidarunt
1303 3491 1356 3543 in
1394 3498 1555 3543 totam
1586 3505 1763 3543 arcam
1791 3498 1967 3559 utpote

396 3584 452 3635 in
478 3598 597 3635 cera
615 3582 783 3651 ﬁxum
806 3598 937 3636 esse.
963 3581 1284 3654 Hippolytus
1315 3581 1606 3637 Thebanus
1631 3581 1685 3634 in
1709 3580 1966 3636 Chronico

397 3675 558 3730 aliter
582 3673 650 3730 de
673 3683 844 3730 morte
870 3673 1173 3741 Zachariae;
1210 3676 1285 3730 ait
1304 3677 1448 3731 enim
1470 3693 1615 3741 eum,
1642 3677 1769 3730 dum
1796 3677 1968 3751 sacris

397 3778 717 3837 operaretur
730 3769 796 3821 de
809 3768 959 3822 more
977 3768 1245 3838 lapidibus
1258 3768 1419 3837 jactis
1436 3769 1760 3823 trucidatum
1775 3769 1964 3833 fuisse,

398 3872 740 3936 corporeque
783 3869 992 3928 raptato
1038 3863 1093 3914 in
1128 3861 1267 3915 valle
1298 3848 1561 3939 Iosophat
1591 3877 1915 3931 suspensum
1949 3877 1962 3912 :

411 3946 500 4002 'Ev
533 3949 642 4018 γὰρ
669 3946 747 4021 τῷ
779 3950 1074 4023 ἱερατεύειν
1103 3952 1264 4006 αὐτὸν
1312 3952 1454 4025 κατὰ
1502 3953 1564 4006 τὸ
1608 3952 1794 4016 είωθὸς
1820 3951 1969 4022 αὐτῷ

397 4037 1058 4111 λιθοϐολῆσαντεςἀὺτδν,
1093 4045 1190 4098 καὶ
1228 4046 1668 4115 κροταφήσαντες
1711 4043 1968 4099 ἀπέκτει-

397 4147 524 4185 ναν·
556 4131 651 4184 καὶ
686 4131 949 4208 σύραντες
988 4130 1300 4205 ἐκρέμασαν
1324 4134 1485 4188 αὐτὸν
1511 4136 1591 4209 εἰς
1617 4134 1716 4212 τὴν
1747 4135 1969 4213 κοιλόιδα

396 4219 491 4276 τοῦ
533 4220 819 4292 Ἰωσαφάτ.
852 4222 1216 4295 Hieronymus
1245 4225 1346 4280 hoc
1383 4227 1721 4303 simplicitati
1749 4227 1973 4283 creden-

396 4315 534 4370 tium
571 4316 750 4387 potius
772 4315 982 4377 tribuit,
1012 4332 1175 4385 quam
1216 4317 1429 4371 veritati
1470 4317 1713 4373 historia:
1743 4320 1797 4373 in
1825 4318 1971 4373 Mat-

397 4409 523 4463 thtei
553 4425 687 4464 xxnr
716 4428 731 4464 :
770 4407 1127 4477 Simpliciores
1157 4408 1352 4478 fratres
1389 4411 1527 4464 inter
1558 4413 1742 4465 ruinas
1769 4393 1966 4482 templi,

2073 548 2325 619 γέννησιν
2349 549 2412 620 δη
2422 550 2769 622 μιουργῆσαι,
2781 551 2901 621 ἥτις
2915 551 3016 623 τὴν
3030 548 3327 620 γενομένην
3353 547 3568 620 μητέρα
3582 545 3651 600 τὺ

2073 636 2211 694 εἶναι
2260 642 2523 714 παρθένον
2550 642 2650 696 οὐκ
2700 626 3085 713 ἀφαιρήσεται.
3133 639 3232 693 Διὰ
3267 639 3423 693 τοῦτο
3474 639 3653 710 αὐτὴν

2071 733 2170 785 οὐκ
2198 733 2457 804 ἀπέκρινε
2488 733 2568 804 τῷ
2595 731 2708 803 ναῷ
2743 732 2837 786 τοῦ
2869 732 3046 804 χώρου
3073 732 3181 785 τῶν
3206 730 3510 802 παρθένων.
3531 726 3650 785 Ἦν

2070 823 2127 877 δὲ
2163 826 2192 877 ὁ
2223 827 2384 888 τόπος
2415 820 2568 889 οὗτος
2598 826 2661 879 τὸ
2697 825 2894 893 μεταξὺ
2937 824 3032 878 τοῦ
3060 823 3190 877 ναοῦ
3230 823 3325 877 καὶ
3350 822 3650 893 θυσιαστη-

2076 913 2191 985 ρίου
2224 914 2513 984 διάστημα.
2555 914 2769 986 Ἐπειδὴ
2802 912 2893 967 οὖν
2921 916 3116 986 ἢκουον
3149 913 3370 984 βασιλέα
3395 913 3494 984 τῆς
3520 911 3647 965 κτί·

2074 1020 2209 1068 σεως
2241 1007 2320 1068 είς
2334 1006 2581 1076 γέννησιν
2597 1005 2939 1079 ἀνθρωπίνην
2960 1005 3313 1076 οἰκονομικῶς
3334 1003 3645 1075 προελθεῖν,

2073 1095 2223 1165 φόϐῳ
2254 1096 2315 1149 τὸ
2358 1096 2430 1168 μὴ
2468 1096 2716 1165 γενέσθαι
2762 1097 2969 1168 βασιλεῖ
3000 1097 3320 1167 ὑποχείριοι,
3359 1096 3451 1151 τὴν
3500 1113 3648 1168 μαρ-

2068 1187 2334 1257 τυροῦντα
2362 1187 2534 1242 ταῦτα
2563 1191 2689 1263 περὶ
2718 1188 2811 1243 τοῦ
2844 1189 3002 1242 τόκου
3045 1182 3479 1261 διαχειρίζονται,
3503 1188 3649 1260 πρὸς

2070 1277 2219 1348 αὐτῷ
2267 1277 2635 1352 θυσιαστηρίῳ
2675 1281 2766 1334 τὸν
2809 1280 2961 1350 ἱερέα
3016 1281 3489 1351 ίερουργήσαντες.
3535 1279 3649 1333 Ea-

2069 1366 2191 1421 dem
2235 1368 2399 1422 habet
2432 1367 2716 1437 Origenes,
2750 1371 2807 1423 in
2843 1367 3040 1424 Matth.
3084 1376 3247 1424 tract.
3298 1369 3392 1432 26,
3431 1369 3649 1439 Grego-

2067 1456 2184 1512 rius
2213 1455 2511 1528 Nyssenus,
2560 1457 2792 1513 Basilius
2837 1446 2891 1512 et
2923 1458 3035 1511 alii.
3064 1457 3131 1511 Et
3172 1457 3240 1513 de
3269 1473 3335 1513 eo
3374 1459 3640 1528 intelligit

2068 1548 2498 1620 Hicronymusin
2515 1547 2710 1603 Matth.
2733 1564 2853 1619 cap.
2879 1565 3036 1614 χχιιι,
3057 1550 3180 1603 libr.
3207 1566 3261 1602 tv
3279 1567 3292 1604 :
3311 1548 3649 1603 Aliilaclta—

2067 1642 2205 1694 riam
2235 1651 2437 1710 patrem
2477 1640 2702 1696 Joannis
2750 1641 2976 1711 intelligi
3005 1641 3184 1695 volunt
3212 1656 3276 1695 ea:
3313 1640 3639 1710 quibusdam

2069 1732 2496 1802 Apocryphorum
2528 1733 2746 1787 somniis
2782 1732 3151 1802 approbantes,
3183 1732 3320 1803 quod
3366 1743 3649 1802 propterea

2071 1825 2276 1879 occisus
2319 1826 2409 1891 sit,
2438 1825 2565 1895 quia
2609 1823 2904 1880 Saluatoris
2931 1825 3296 1895 prwdicaverit
3334 1826 3646 1879 aduentum.

2074 1916 2189 1971 Hoc
2221 1918 2344 1988 quia
2371 1917 2435 1972 de
2465 1918 2757 1986 Scripturis
2786 1934 2887 1971 non
2933 1905 3085 1972 habet
3132 1908 3520 1971 auctoritatem.
3550 1934 3651 1972 ea-

2070 2006 2184 2061 dem
2233 2006 2492 2077 facilitate
2536 2006 2908 2070 contemnitur,
2947 2023 3053 2077 qua
3079 2008 3355 2074 probatur.
3401 2006 3649 2063 Consule

2070 2110 2332 2170 prteterea
2367 2099 2752 2171 Epiphanium,
2807 2099 2887 2155 De
2935 2098 3030 2154 vit.
3071 2109 3123 2153 et
3160 2099 3313 2153 inter.
3363 2098 3645 2167 Prophet.,

2071 2204 2191 2261 cap.
2229 2190 2321 2245 25.

2151 2302 2327 2379 Ibid.,~
2375 2305 2471 2359 litt.
2532 2303 2619 2361 50.
2670 2304 2978 2379 Διακρίνας
3019 2304 3309 2381 ὀνείρατα,
3368 2302 3646 2375 Justinus,

2073 2395 2278 2455 Histor.
2312 2396 2436 2450 libr.
2467 2412 2666 2463 xxxv“
2701 2395 2759 2449 Μ
2764 2397 2954 2451 inimus
2983 2404 3138 2450 letale
3168 2396 3302 2449 inter
3324 2394 3517 2464 fratres
3542 2394 3647 2450 Ι.)-

2071 2489 2194 2560 seph
2240 2489 2385 2558 fuit:
2416 2488 2567 2556 cujus
2613 2488 2870 2543 excellens
2924 2488 3189 2558 ingenium
3222 2488 3374 2541 reriti
3423 2488 3645 2556 fratres,

2071 2580 2211 2635 clam
2260 2581 2604 2648 interceptum
2650 2579 2938 2657 peregrinis
2989 2576 3369 2652 mercatoribus
3400 2579 3648 2634 vendide-

2070 2681 2212 2729 runt.
2235 2671 2279 2726 A
2310 2671 2494 2751 quibus
2518 2671 2820 2747 deportatus
2845 2680 2920 2725 est
2946 2672 2999 2724 in
3024 2669 3351 2742 Aigyptum;
3385 2686 3504 2723 cum
3527 2689 3651 2725 ma-

2068 2765 2211 2836 gicas
2251 2765 2323 2818 ibi
2357 2774 2496 2818 artes
2552 2764 2734 2818 solerti
2774 2764 2976 2835 ingenio
3013 2765 3342 2831 percepisset,
3371 2762 3511 2817 brevi
3540 2764 3646 2832 ipsi

2070 2857 2179 2926 regi
2220 2856 2502 2933 percharus
2534 2855 2652 2925 fuit.
2700 2853 2842 2909 Nam
2869 2867 2913 2908 et
2950 2854 3310 2933 prodigiorum
3353 2856 3647 2925 sagacissi-

2070 2964 2187 3001 mus
2218 2958 2353 3010 erat,
2380 2957 2428 3017 et
2457 2929 2777 3001 somniorum
2801 2948 3001 3016 primus
3034 2929 3434 3015 intelligentiam
3461 2946 3649 3002 condi-

2069 3039 2168 3102 dit,
2189 3038 2420 3116 nihilque
2445 3040 2611 3113 divini
2632 3039 2773 3108 juris
2806 3038 3119 3108 humanique
3145 3038 3192 3091 ei
3220 3038 3544 3115 incoquitum
3570 3039 3649 3094 ui-

2069 3129 2333 3195 debatur;
2364 3131 2493 3185 adeo
2541 3140 2599 3185 ut
2650 3119 2808 3185 etiam
2850 3130 3183 3183 sterilitatem
3225 3147 3477 3200 agrorum
3523 3140 3649 3186 ante

2069 3222 2260 3275 multos
2292 3239 2455 3275 annos
2486 3221 2805 3290 providerit;
2833 3222 3150 3291 perissetque
3180 3222 3350 3275 omnis
3377 3220 3648 3292 ASgyptus

2070 3312 2211 3383 fame
2240 3312 2344 3367 nisi
2368 3315 2568 3366 monitu
2617 3314 2730 3382 ejus
2760 3328 2849 3367 rex
2893 3313 3061 3365 edicto
3090 3314 3289 3366 seruari
3316 3328 3408 3382 per
3449 3314 3648 3369 multos

2071 3421 2237 3457 annos
2281 3403 2454 3473 fruges
2485 3403 2735 3473 jussisset
2760 3424 2791 3480 ,η
2833 3412 3082 3472 tantaque
3126 3406 3480 3471 experimenta
3524 3406 3643 3474 ejus

2072 3494 2302 3559 fuerunt,
2334 3504 2391 3546 ut
2424 3510 2525 3547 non
2559 3492 2622 3546 ab
2656 3493 2883 3567 homine,
2908 3494 2997 3547 sed
3032 3511 3063 3547 a
3090 3493 3197 3548 Deo
3231 3511 3486 3563 responsa
3520 3494 3647 3550 dari

2073 3586 2386 3640 viderentur.
2429 3583 2534 3638 Sed
2565 3584 2694 3652 quid
2744 3584 2894 3638 aliud
2942 3584 3011 3638 ab
3045 3584 3263 3640 homine
3290 3600 3321 3638 a
3353 3583 3459 3640 [ide
3487 3585 3650 3641 Chri—

2073 3682 2249 3736 stiana
2286 3679 2463 3732 alieno
2499 3676 2729 3747 ﬁdeique
2772 3677 2977 3751 lumine
3017 3676 3280 3731 destituto
3314 3687 3649 3747 exspectan-

2073 3772 2202 3826 dutn
2236 3776 2373 3835 erat,
2405 3783 2566 3838 quam
2599 3767 2843 3838 prodigia
2885 3767 3066 3843 divina
3113 3769 3334 3833 virtute,
3371 3770 3648 3840 impulsu

2072 3877 2179 3933 que
2207 3868 2423 3931 peracta
2451 3860 2502 3913 iu
2529 3859 2794 3913 humanas
2813 3861 3228 3933 superstitiones
3253 3843 3649 3932 illu‘siouesque

2073 3950 2384 4008 daemonum
2427 3949 2669 4005 referre?
2711 3948 2931 4003 Fatetur
2966 3958 3146 4005 tamen
3178 3951 3294 4021 ipse
3336 3954 3646 4019 veritatem,

2075 4035 2318 4099 veritatis
2352 4041 2592 4112 ignarus.
2623 4038 2667 4094 Ο
2701 4039 2810 4093 vim
2847 4039 3095 4095 veritatis
3130 4028 3363 4096 rationis
3394 4024 3651 4099 humana

2075 4134 2370 4202 asseclam!
2409 4136 2553 4196 quod
2584 4139 2705 4187 erat
2750 4131 2949 4187 divinae
2981 4133 3241 4201 potentia:
3273 4134 3469 4189 tribuit
3496 4135 3653 4189 invi-

2076 4234 2185 4280 tus.
2235 4223 2342 4277 Alii
2392 4223 2517 4276 aliis
2565 4222 2909 4276 somniorum
2950 4222 3435 4293 interpretationes
3477 4227 3650 4280 ascri-

2073 4317 2248 4391 bunt:
2285 4313 2440 4369 Philo
2490 4312 2735 4368 Biblicus
2764 4314 3112 4380 Abrahamo;
3153 4313 3362 4369 Plinius
3414 4316 3511 4370 lib.
3549 4332 3648 4381 ru,

2075 4407 2439 4478 Amphitrioni
2473 4405 2821 4460 Deucalionis
2857 4406 2998 4470 lilio;
3030 4405 3281 4462 Clemens
3322 4409 3655 4464 Alexandri-

395 4511 445 4557 et
476 4502 689 4566 altaris,
724 4503 830 4556 sive
856 4504 909 4556 in
937 4512 1213 4571 portarum
1246 4503 1495 4567 exitibus,
1531 4505 1619 4574 qui
1646 4503 1843 4559 Siloem
1872 4507 1971 4559 du-
2000 4512 2050 4571 ι)
2076 4517 2182 4579 nus
2216 4498 2557 4575 Territisszeis
2590 4499 2806 4569 populis
2833 4497 3030 4569 Lyciae.

398 4604 543 4654 cunt,
575 4594 734 4648 rubra
783 4610 917 4648 saxa
959 4603 1347 4659 monstrantes,
1398 4592 1677 4671 Zacltarite
1721 4599 1974 4673 sanguine

397 4697 585 4757 putant
608 4704 721 4742 esse
743 4688 968 4757 polluta.
1010 4687 1133 4742 Non
1173 4686 1578 4763 condemnamus
1610 4706 1861 4756 errorem,
1886 4692 1976 4765 qui

397 4779 464 4835 de
490 4778 609 4834 odio
638 4780 947 4835 Judteorum
976 4788 1025 4834 et
1050 4779 1173 4850 ﬁdei
1196 4782 1388 4848 pietate
1412 4780 1697 4836 descendit.

469 4870 629 4937 lbid.,
660 4872 756 4927 lin.
805 4872 893 4927 58.
947 4873 1139 4941 ’Ἄλλη
1195 4871 1262 4926 δέ
1297 4888 1387 4938 τις
1437 4873 1691 4942 ἱστορία.
1736 4871 1973 4949 Cyrillus

397 4962 824 5027 Alexandrinus,
875 4960 1125 5017 adversus
1176 4958 1975 5033 ΑηιΙινοροηιονρΙιίιαδεΟὗτος

399 5055 578 5110 τοίνυν
607 5056 633 5108 ὁ
651 5054 730 5125 τῷ
759 5054 1081 5127 προφητικῷ
1112 5046 1407 5127 Πνεύματι
1422 5054 1556 5125 πρὸς
1580 5054 1678 5131 τὴν
1699 5054 1808 5108 τῶν
1824 5072 1977 5128 ,κρυ-

402 5146 551 5201 πτῶν
564 5145 766 5217 γνῶσιν
778 5164 861 5217 χει
867 5146 1118 5219 ραγωγού
1127 5164 1306 5218 μενος,
1326 5146 1387 5199 τὸ
1410 5149 1705 5221 μυστήριον
1718 5149 1818 5220 τῆς
1832 5144 1976 5220 παρ-

403 5237 581 5303 θενίας
612 5240 705 5292 ἐπὶ
733 5237 825 5292 τοῦ
860 5238 1096 5311 ἁφθὸρου
1150 5239 1311 5293 τόκου
1347 5242 1707 5310 κατανοήσας,
1742 5244 1804 5295 οὐ
1847 5232 1978 5296 sta-1%

378 5318 587 5401 ’ἔκρινε
625 5328 705 5400 τῷ
740 5329 854 5401 ναῷ
897 5329 990 5384 τοῦ
1028 5333 1141 5394 τοὶς
1185 5328 1480 5403 παρθένοις
1524 5331 1662 5385 κατά
1694 5332 1784 5386 τὸν
1816 5334 1977 5407 νόμον

402 5421 932 5494 ἀποκεκληρωμένου
965 5422 1132 5476 τόπου
1161 5422 1260 5494 τὴν
1285 5422 1561 5492 πάναγνον
1606 5424 1852 5497 μητέρα*
1897 5425 1972 5499 6r-

400 5512 618 5573 δάσκων
650 5512 776 5577 τοὺς
818 5512 1121 5577 Ἰουδαίους,
1155 5515 1236 5567 ὅτι
1273 5514 1303 5567 ὁ
1332 5514 1441 5567 τῶν
1478 5514 1614 5568 ὅλων
1649 5516 1978 5589 δημιουργὸς

406 5603 500 5656 καὶ
532 5601 779 5672 βασιλεὺς
809 5604 988 5674 πάσης
1023 5603 1252 5669 κτίσεως
1298 5604 1607 5679 ὑποχείριον
1656 5607 1767 5678 ἔχει
1801 5608 1978 5679 ἐαυτῷ

410 5690 547 5783 μετὰ
594 5690 813 5746 πάντων
843 5692 943 5763 τὴν
968 5692 1314 5767 ἀνθρωπίνην
1342 5695 1526 5765 φύσιν,
1562 5695 1639 5768 τῷ
1672 5697 1785 5768 ἰδίῳ
1817 5698 1976 5770 θελή-

411 5804 537 5878 ματι
571 5785 703 5862 πρὸς
754 5785 816 5863 τὸ
860 5783 1046 5840 δοκοῦν
1078 5785 1246 5855 ἄγων,
1300 5788 1400 5841 οὐκ
1438 5789 1599 5853 αὐτὸς
1629 5789 1731 5842 ὑπὸ
1777 5791 1977 5864 ταύτης

2146 4591 2265 4647 Col.
2313 4590 2457 4664 ΤΠ,
2507 4589 2609 4657 lin.
2648 4590 2738 4644 55.
2794 4591 3092 4658 Πρότερον
3136 4589 3420 4645 ἕκαστον.
3471 4591 3655 4651 Verba

2074 4692 2352 4764 postrema
2405 4680 2597 4761 Jacobi
2631 4680 2699 4734 ad
2746 4680 2889 4735 ﬁlios
2945 4682 3000 4735 iu
3048 4682 3228 4736 vicina
3282 4690 3461 4739 morte
3502 4684 3653 4739 dicta

2074 4758 2211 4833 usus
2241 4758 2479 4841 obtinuit
2510 4781 2569 4827 ut
2610 4773 3022 4829 benedictiones
3063 4783 3415 4829 vocarentur.
3447 4774 3651 4830 Verum

2076 4867 2420 4929 Ambrosius,
2445 4866 2538 4919 lib.
2572 4864 2648 4941 De
2678 4864 2932 4939 benedict.
2957 4866 3349 4934 patriarch.,et
3375 4864 3650 4932 Bullinus,

2073 4961 2171 5036 lib.
2212 4960 2457 5030 ejusdem
2493 4959 2672 5025 tituli;
2704 4968 2757 5013 et
2785 4957 3182 5023 Theodoretus,
3214 4965 3413 5028 quaest.
3447 4961 3551 5015 ult.
3597 4963 3653 5016 in

2077 5051 2289 5117 Genes.,
2335 5065 2444 5104 non
2476 5048 2890 5105 benedictiones
2920 5047 3178 5113 illas,sed
3197 5049 3382 5119 potius
3417 5050 3655 5121 propht>

2075 5145 2183 5205 tias
2217 5160 2325 5199 non
2357 5143 2478 5197 sine
2508 5142 2723 5199 ratione
2750 5139 3048 5210 appellant.

2152 5236 2315 5299 Ibid.,
2345 5235 2441 5288 lin.
2477 5231 2566 5287 55.
2602 5231 2715 5286 Καὶ
2743 5230 2858 5299 τὴν
2884 5230 3001 5300 μὲν
3040 5230 3345 5299 εὐλογίαν.
3384 5229 3654 5303 Hierony-

2078 5342 2220 5386 mus.
2250 5327 2538 5394 Quwstion.
2558 5323 2832 5378 Hebraicis
2862 5324 2914 5377 in
2940 5320 3150 5388 Genes.,
3171 5323 3332 5378 verba
3356 5320 3546 5379 Jacobi
3581 5325 3652 5378 ita

2078 5408 2312 5491 explicat
2337 5436 2350 5471 :
2381 5418 2482 5479 Tu.
2507 5416 2778 5485 Ruben,es
2797 5418 3173 5489 primogenitus
3204 5434 3372 5480 meus,
3393 5419 3571 5488 major
3600 5418 3652 5471 iu

2081 5513 2280 5578 liberis,
2302 5520 2349 5566 et
2378 5510 2593 5566 sedebas
2615 5510 2782 5581 juxta
2827 5509 3063 5565 ordinem
3103 5512 3403 5565 nativitatis
3438 5520 3564 5577 tum,
3604 5521 3652 5564 et

2080 5583 2460 5667 ha'reditatem,
2483 5619 2601 5674 quae
2626 5604 2986 5673 primogenitis
3003 5586 3131 5672 jure
3149 5602 3457 5667 debebatur,
3480 5618 3647 5657 sacer-

2080 5699 2281 5772 dotium
2308 5696 2505 5750 scilicet
2533 5704 2582 5750 et
2613 5711 2828 5766 regnum
2867 5696 3101 5775 accipere
3120 5694 3342 5749 debebas
3361 5736 3373 5747 .
3413 5694 3508 5748 Itoc
3535 5694 3646 5764 qai-

2081 5792 2194 5846 dem
2233 5791 2284 5844 in
2324 5788 2588 5863 portando
2624 5805 2799 5857 onere,
2831 5798 2879 5843 et
2909 5787 3194 5858 praecalido
3223 5793 3409 5843 robor:
3441 5788 3645 5844 demta.
