3838 6158
236 321 377 379 1οἶ5

1273 326 1338 380 ΙΝ
1379 326 1749 400 EUSTATlllI
1784 330 2254 388 HEXAEMERON
2292 334 2520 391 NOTE.

3355 347 3494 404 1046

235 442 460 490 stratur.
500 432 712 498 Verum,
742 433 868 505 quia
899 419 1128 504 peccasti
1147 476 1162 500 ,
1225 447 1276 490 et
1319 439 1474 508 quasi
1505 457 1664 510 aqua,
1699 459 1816 513 qum

1931 443 2213 514 Ἐϐραίους
2257 440 2567 520 διατεθῆναι
2600 449 2740 503 κατὰ
2779 450 2969 520 φθόνον
3001 453 3098 526 τῆς
3125 455 3490 526 εὐδαιμονίας.

237 526 449 578 vasculo
480 543 585 578 non
635 535 860 593 tenetur,
903 527 1188 596 voluptatis
1235 530 1436 599 eﬂ'usus
1492 551 1546 589 es
1593 535 1804 603 impetu,

236 617 436 670 idcirco
458 617 706 687 pra’cipio
738 617 854 684 tibi,
892 627 947 671 ut
992 619 1130 674 ultro
1182 637 1284 674 non
1315 639 1514 691 pecces,
1549 627 1721 696 sisque
1755 629 1810 680 in

235 707 469 776 fratrum
504 725 718 761 numero
746 725 951 778 poenam
985 727 1050 763 ea:
1084 723 1297 780 peccato
1337 717 1505 778 luens,
1532 718 1670 788 quod
1696 721 1806 784 pri-

237 800 489 868 mogeniti
535 801 770 854 ordinem
819 802 1120 870 perdidisti.
1167 804 1363 861 Ruben
1414 810 1558 864 enim
1601 810 1809 866 dormi-

235 899 389 946 verat
438 904 562 943 cum
607 889 735 944 Bala
771 909 940 947 uxore
981 895 1150 962 patris
1200 897 1306 958 sui,
1369 897 1598 969 ideoque
1652 904 1808 956 multi

236 983 598 1044 aﬂirmarunt,
623 991 745 1052 post
774 984 827 1037 id
858 991 1071 1054 tempus
1095 986 1360 1041 Jacobum
1395 1005 1517 1043 cum
1547 991 1669 1045 Bala
1696 1009 1808 1048 rem

235 1087 348 1128 non
381 1073 658 1128 habuisse.
692 1073 989 1127 Historiam
1018 1084 1196 1129 tamen
1229 1076 1370 1130 hanc
1398 1080 1475 1132 uti
1523 1079 1724 1134 falsam
1756 1089 1815 1137 et

235 1165 307 1218 ab
346 1161 585 1218 Hebraeis
632 1164 917 1219 confictam
962 1165 1163 1220 refellit
1207 1167 1555 1235 Ambrosius,
1592 1171 1688 1226 lib.
1737 1173 1811 1230 De

237 1253 488 1309 benedict.
535 1254 866 1319 Patriarch.,
902 1270 1022 1325 cap.
1058 1256 1133 1309 ‘2:
1169 1255 1367 1321 Judaei,
1400 1259 1596 1330 inquit,
1624 1272 1810 1330 putant

235 1343 406 1398 Iacob
429 1345 631 1400 dixisse
659 1347 755 1400 hoc
779 1346 847 1398 ad
878 1345 1078 1410 Ruben,
1099 1351 1222 1418 quia
1248 1366 1365 1401 cum
1393 1337 1682 1405 concubina
1712 1369 1810 1406 sua

236 1433 376 1488 Bala
407 1433 777 1498 concubuerat,
801 1443 849 1487 et
881 1436 1114 1502 patrium
1137 1435 1345 1488 tltorum
1378 1437 1643 1505 polluerat
1670 1453 1688 1501 ;
1722 1438 1815 1491 sed

236 1523 395 1593 facile
425 1524 758 1593 refelluntur.
787 1524 903 1579 Hoc
929 1527 1063 1580 enim
1089 1536 1200 1580 erat
1227 1535 1346 1580 ante
1373 1538 1612 1597 gestum;
1644 1527 1810 1584 Jacob

235 1626 413 1671 autem
444 1634 546 1670 non
591 1634 654 1671 ea
702 1635 818 1687 qua:
871 1629 1016 1688 gesta
1041 1629 1234 1683 erant,
1276 1619 1365 1673 sed
1427 1637 1544 1690 qua:
1595 1631 1813 1675 ventura

235 1720 389 1764 erant
419 1711 474 1763 in
517 1711 814 1765 novissimis
847 1711 1030 1766 diebus
1074 1711 1343 1780 professus
1369 1722 1446 1767 est
1489 1730 1543 1768 se
1576 1730 1687 1768 esse
1726 1712 1810 1767 di-

236 1811 469 1855 cturum.

307 1895 426 1950 Col.
457 1894 581 1958 777,
611 1894 706 1948 lin.
739 1893 829 1948 37.
859 1894 912 1945 Ὁ
943 1892 1012 1947 δὲ
1037 1893 1274 1961 Ῥουϐὶμ
1299 1896 1594 1963 ἡττηθείς.
1621 1894 1811 1950 Ruben

237 1985 294 2038 in
313 1992 601 2054 paternum
625 1985 827 2039 lectum
847 1985 1039 2038 rabido
1070 1985 1302 2054 quodam
1325 1987 1510 2040 furore
1528 1987 1810 2051 insiliisse,

237 2077 472 2146 ideoque
523 2092 748 2145 regnum
797 2087 850 2132 et
900 2077 1293 2141 sacerdotium,
1329 2078 1547 2133 tametsi
1611 2077 1813 2147 alioqui

238 2176 370 2221 natu
421 2169 632 2238 primus
681 2175 850 2231 esset,
895 2183 1002 2221 non
1047 2167 1217 2223 fuisse
1269 2178 1660 2233 consecutum,
1717 2168 1812 2225 sed

239 2254 392 2320 Levi,
429 2260 500 2313 ob
539 2260 906 2319 sanctitatem,
950 2262 1312 2330 et-pietatem,
1361 2271 1415 2317 et
1457 2263 1583 2333 quia
1641 2262 1814 2317 divini

237 2350 465 2404 honoris
494 2365 663 2404 causa
689 2357 1048 2419 cognatorum
1085 2353 1351 2423 sanguine
1396 2370 1593 2408 manus
1623 2355 1814 2423 imple-

237 2444 432 2504 visset,
484 2439 794 2496 sacerdotio
821 2441 1106 2508 donatum,
1161 2452 1214 2498 et
1252 2443 1446 2499 Judam
1479 2456 1702 2515 propter
1732 2447 1816 2500 in-

239 2541 455 2602 tegrum
502 2532 792 2601 judicium,
829 2539 882 2586 et
916 2539 1124 2586 rectam
1158 2535 1444 2588 scientiam
1490 2536 1694 2605 regiam
1727 2534 1813 2589 di-

237 2625 500 2696 gnitatem
553 2625 863 2679 obtinuisse
915 2624 1161 2678 insinuat
1219 2626 1462 2682 Isidorus
1511 2625 1812 2690 Pelusiota,

239 2716 340 2771 lib.
370 2732 431 2779 ιι,
460 2717 622 2785 epist.
659 2717 752 2781 48,
776 2723 845 2770 et.
867 2715 1147 2769 concludit
1175 2735 1187 2770 :
1219 2716 1435 2789 Ἐπειδὴ
1470 2716 1578 2788 γὰρ
1607 2717 1814 2783 πολλοὶ,

237 2809 308 2862 τὰ
339 2810 513 2863 οἰκεῖα
543 2811 876 2880 κρύπτοντες
911 2809 1379 2879 πλημμελήματα,
1405 2810 1623 2880 ἐτέρους
1649 2827 1817 2862 κατα-ε

238 2899 548 2962 δικάζουσιν
569 2917 582 2930 ·
613 2895 766 2962 οὗτος
793 2901 850 2953 δὲ
878 2898 1070 2952 ἑαυτοῦ
1105 2900 1204 2969 μὲν
1235 2901 1674 2972 κατεψηφίσατο,
1715 2902 1816 2972 τὴν

237 2989 296 3044 δὲ
315 2990 711 3062 πεπορνεῦσθαι
735 2990 1078 3060 νομισθεῖσαν
1101 2990 1379 3061 ἀπήλλαξε
1401 2990 1500 3061 τῆς
1515 2992 1783 3062 τιμωρίας
1799 3009 1812 3022 ·

241 3079 333 3133 διὰ
364 3079 523 3132 τοῦτο
547 3081 774 3142 εἰκότως
805 3080 904 3150 τῆς
935 3077 1212 3148 βασιλείας
1241 3080 1486 3148 ἠξιοῦτο.

310 3170 472 3234 lbid.,
507 3173 603 3225 lin.
639 3173 728 3225 55.
783 3171 1282 3237 Τελευτήσαντος.
1322 3169 1615 3241 Josephus,
1657 3171 1814 3226 Anti-

241 3263 402 3333 quit.,
429 3263 522 3317 lib.
563 3280 636 3317 ιιι
657 3262 893 3334 Τελευτᾷ
924 3263 980 3315 δὲ
1015 3263 1163 3332 βιοὺς
1207 3262 1300 3333 ἔτη
1333 3263 1402 3315 τὰ
1443 3263 1619 3316 πάντα
1652 3263 1820 3335 τριῶν

237 3353 430 3407 δέοντα
452 3354 787 3424 πεντήκοντα
818 3354 910 3407 καὶ
939 3354 1153 3418 ἑκατὸν,
1190 3354 1412 3424 μηδενὸς
1437 3355 1534 3424 μὲν
1563 3354 1669 3409 τῶν
1691 3373 1822 3426 προ-

239 3445 414 3513 γόνων
455 3446 790 3516 ἀποληφθεὶς
823 3448 908 3498 ἐπ’
947 3445 1322 3517 εὐσεϐείᾳ.τοῦ
1366 3446 1523 3512 Θεοῦ,
1557 3447 1735 3518 τυχὼν
1766 3447 1822 3500 δὲ

241 3537 498 3608 ἀμοιϐῆς,
541 3535 609 3610 ἦς
640 3539 842 3594 δίκαιον
883 3535 1263 3610 ἦν.τοσούτοις
1307 3539 1510 3608 ἀγαθὸν
1542 3541 1820 3609 γεγονότα.

255 3629 518 3701 Ἰώσηπος
565 3631 644 3697 δὲ,
700 3633 1153 3703 συγχωρήσαντος
1201 3631 1351 3702 αύτῷ
1395 3632 1489 3685 τοῦ
1541 3633 1822 3703 βασιλέως,

242 3723 336 3776 τὸν
371 3723 466 3776 τοῦ
517 3727 724 3795 πατρὸς
762 3725 955 3796 νεκρὸν
996 3725 1078 3787 είς
1123 3723 1385 3795 Χεϐρῶνα
1413 3726 1668 3796 κομίσας,
1711 3729 1828 3780 ἐκεῖ

243 3815 441 3870 θάπτει
467 3816 790 3881 πολυτελῶς.

315 3906 430 3962 Col.
462 3908 585 3972 780,
620 3909 714 3962 lin.
749 3909 798 3962 1.
830 3909 942 3964 Kal
980 3910 1019 3977 ή
1065 3911 1418 3979 τερέϐινθος.
1457 3907 1533 3963 De
1569 3908 1692 3978 ejus
1720 3909 1824 3963 mia

244 3999 497 4053 raculosa
566 4001 821 4070 antiquit.
881 4000 1185 4069 Josephus,
1249 4001 1326 4055 De
1383 4001 1514 4055 bello
1571 3999 1822 4064 Iudaico,

242 4087 342 4143 lib.
380 4105 440 4150 ν,
466 4088 746 4143 Δείκνυται
783 4091 839 4143 δὲ
883 4091 989 4144 ἀπὸ
1023 4091 1248 4145 σταδίων
1294 4093 1352 4159 ἒξ
1389 4090 1484 4144 τοῦ
1524 4091 1714 4154 ἄστεος
1738 4108 1826 4144 τες

245 4181 492 4252 ρέϐινθος
520 4221 522 4224 μ
533 4182 782 4252 μεγίστη,
827 4182 918 4234 καί
948 4199 1079 4251 φασι
1115 4183 1175 4235 τὸ
1200 4183 1414 4254 δένδρον
1449 4181 1558 4234 ἀπὸ
1587 4182 1684 4250 τῆς
1710 4180 1827 4232 κτί-

245 4288 384 4336 σεως
414 4271 573 4343 μέχρι
595 4272 690 4325 νῦν
719 4271 991 4342 διαμένειν
1011 4289 1024 4304 ·
1061 4272 1128 4326 de
1157 4287 1220 4326 ea
1255 4273 1541 4325 Africanus
1564 4266 1822 4332 :-’laxdo6,

243 4365 576 4436 ἀπαρεσθε“ις
615 4367 726 4428 τοῖς
765 4365 869 4417 ὑπὸ
920 4364 1146 4436 Συμεὼν
1198 4365 1293 4417 καὶ
1335 4361 1824 4433 Λευῒ,.πραχθεῖσιν

1923 537 2185 608 Ὀρῶντες
2224 539 2332 611 γὰρ
2361 539 2468 593 τῶν
2508 541 2854 612 Ἰσραηλιτῶν
2892 545 3046 612 γένος
3095 547 3361 617 ἀκμάζον,
3397 554 3492 606 καὶ

1909 627 1972 680 δι’
2003 629 2202 702 ἀρετὴν
2238 632 2330 685 καὶ
2375 633 2512 703 πρὸς
2551 633 2611 686 τὸ
2659 638 2838 689 πονεῖν
2870 637 3093 706 εὐφυΐαν
3132 639 3325 710 πλήθει
3355 660 3492 716 χρη-

1913 721 2097 788 μάτων
2127 722 2224 792 ἥδη
2263 722 2548 796 λαμπροὺς
2585 726 2708 786 καθ’
2751 727 2928 780 αὐτῶν
2959 728 3235 795 αὕξεσθαι,
3269 733 3493 798 τούτους

1910 813 2324 882 ὑπελάμϐανον⁹
2357 810 2430 869 ὧν
2467 819 2516 868 τ’
2548 812 2688 889 ἦσαν
2728 814 2785 870 εὖ
2829 819 2932 871 ὑπὸ
2977 821 3239 892 Ἰωσήπου
3267 841 3495 898 τετυχη-

1911 905 2065 968 κότες
2092 905 2179 958 διὰ
2208 906 2398 977 χρόνου
2431 908 2606 979 μῆκος
2635 910 2805 981 λήθην
2830 911 3106 976 λαϐόντες,
3131 915 3224 967 καὶ
3257 916 3353 986 τῆς
3392 917 3493 986 βα·

1912 995 2126 1060 σιλείας
2156 1000 2237 1061 είς
2284 998 2440 1052 ἄλλον
2483 995 2628 1054 οἶκον
2679 1003 3118 1073 μετεληλυθυίας,
3180 1007 3370 1072 δεινῶς
3410 1012 3494 1062 ἐν·

1911 1087 2130 1158 ύϐριζον
2179 1090 2306 1153 τοὺς
2348 1089 2836 1162 Ἰσραηλίτας,καὶ
2890 1095 3263 1168 ταλαιπωρίας
3310 1097 3494 1165 αὐτοῖς

1910 1177 2158 1242 ποικίλας
2193 1181 2466 1234 ἐπενόουν.
2498 1180 2654 1236 Philo
2687 1184 2781 1239 lib.
2823 1185 2901 1238 De
2939 1188 3045 1239 vita
3090 1186 3292 1258 Moysis
3330 1206 3347 1242 :
3382 1192 3493 1262 Τῆς

1912 1268 2091 1340 χώρας
2123 1272 2151 1323 ὁ
2175 1270 2446 1341 βασιλεὺς,
2482 1275 2561 1339 είς
2582 1276 3026 1350 πολυανθρωπίαν
3054 1280 3376 1346 ἐπιδιδόντος
3405 1284 3494 1337 ἀεὶ

1917 1360 2011 1410 τοῦ
2042 1359 2245 1426 ἔθνους,
2273 1363 2454 1425 δείσας
2487 1363 2558 1434 μὴ
2601 1367 2650 1418 οἱ
2683 1366 2909 1432 ἔποικοι,
2947 1369 3164 1433 πλείους
3191 1371 3488 1444 γενόμενοι,

1917 1450 2261 1528 δυνατωτέρα
2302 1457 2444 1526 χειρὶ
2490 1461 2602 1522 τοῖς
2642 1460 2925 1530 αὐτόχθοσι
2969 1463 3094 1534 περὶ
3126 1465 3360 1535 κράτους
3395 1466 3494 1537 ἀρ-

1915 1544 2014 1613 χῆς
2049 1544 2398 1614 ἁμιλλῶνται,
2433 1548 2530 1620 τὴν
2563 1552 2713 1622 ἰσχὺν
2746 1552 2923 1605 αὐτῶν
2956 1555 3208 1626 ἀφαιρεῖν
3228 1557 3492 1622 ἐπινοίαις

1911 1634 2282 1707 ἀνοσιουργοῖς
2315 1640 2626 1709 ἐμηχανᾶτο
2647 1659 2660 1674 ⁸
2688 1642 2781 1694 καὶ
2809 1643 3017 1697 κελεύει
3047 1645 3156 1698 τῶν
3187 1648 3492 1718 γενομένων

1911 1724 1980 1777 τὰ
2021 1726 2118 1795 μὲν
2149 1727 2316 1797 θήλεα
2339 1730 2578 1801 τρέφειν,
2629 1731 2772 1803 (ἐπεὶ
2799 1736 2936 1806 γυνὴ
2963 1735 3049 1789 διὰ
3080 1736 3292 1804 φύσεως
3329 1738 3493 1792 ἀσθέ-

1912 1835 2059 1870 νειαν
2100 1818 2328 1892 ὀκνηρὸν
2370 1823 2450 1885 είς
2497 1823 2730 1894 πόλεμον
2753 1825 2792 1893 ⁸)
2831 1825 2900 1879 τὰ
2937 1826 2980 1880 δ’
3014 1827 3220 1898 ἄρρενα
3251 1829 3495 1901 διαφθεί-

1917 1926 2048 1980 ρειν,
2081 1911 2168 1964 ἵνα
2193 1914 2265 1984 μὴ
2297 1912 2501 1986 αὐξηθῇ
2545 1917 2685 1970 κατὰ
2731 1918 2930 1982 πόλεις.
2972 1920 3124 1973 Ἐπεὶ
3163 1924 3493 1996 εὐανδροῦσα

1911 2000 2138 2072 δύναμις
2178 2004 2483 2060 δυσάλωτον
2520 2008 2614 2060 καὶ
2652 2007 3073 2082 δυσκαθαίρετον
3121 2015 3488 2088 ἐπιτείχισμα.

1913 2091 2064 2149 Hanc
2115 2103 2294 2150 autem
2342 2102 2752 2169 oppressionem
2798 2101 3070 2160 Eusebius
3127 2107 3184 2161 in
3232 2107 3492 2163 Chronico

1911 2191 2067 2253 putat
2102 2187 2287 2241 statim
2338 2191 2575 2260 coepisse
2618 2207 2648 2245 a
2680 2201 2854 2248 morte
2895 2191 3122 2265 Joseph,
3167 2206 3220 2251 et
3261 2198 3494 2255 durasse

1911 2288 2070 2329 cxuv
2094 2276 2537 2344 annis;1Hebrati
2581 2281 2634 2334 in
2659 2292 2832 2336 morte
2857 2281 3006 2348 Levi,
3038 2291 3092 2339 et
3115 2285 3345 2342 durasse
3365 2303 3490 2343 cxvr

1913 2369 2108 2432 annis;
2165 2366 2474 2426 Torniellus
2526 2371 2684 2426 initio
2715 2373 2866 2443 regni
2917 2373 3274 2446 Amenopbis,
3311 2385 3364 2432 et
3393 2379 3493 2432 du-

1911 2471 2067 2512 rasse
2098 2472 2184 2512 ovs
2215 2461 2410 2527 annis;
2445 2460 2704 2518 Pererius
2736 2478 2854 2518 eam
2874 2463 3103 2520 durasse
3139 2482 3361 2522 Lxxxvu
3394 2485 3493 2523 an-

1913 2550 2043 2615 nis;
2068 2550 2354 2607 Cornelius
2381 2568 2410 2606 a
2433 2553 2637 2625 Lapide
2663 2557 2714 2609 in
2735 2558 2906 2626 primo
2935 2559 3106 2626 capite
3123 2557 3297 2616 Exod.
3329 2562 3493 2631 paulo

1915 2651 2039 2697 ante
2069 2644 2406 2699 nativitatem
2453 2646 2674 2718 Moysis,
2729 2657 2783 2704 et
2825 2649 3053 2706 durasse
3085 2665 3171 2715 xc,
3219 2653 3342 2722 plus
3389 2655 3496 2708 mi-

1915 2745 2020 2786 nus
2087 2734 2269 2799 annis,
2331 2737 2541 2791 scilicet
2584 2739 2769 2794 decem
2829 2741 2990 2796 annis
3050 2748 3177 2797 ante
3227 2743 3489 2815 Moysem,

1915 2831 1970 2878 et
2018 2839 2161 2878 Lux
2224 2825 2385 2881 annis
2437 2827 2654 2882 vivente
2707 2826 2926 2900 Moyse,
2977 2845 3101 2884 cum
3155 2847 3296 2888 Lux
3351 2849 3494 2892 anno

1917 2915 2042 2969 vitae
2092 2931 2204 2970 suae
2233 2915 2446 2988 Moyses
2478 2934 2544 2975 ex
2601 2933 2685 2984 ea,
2731 2929 2787 2974 et
2835 2920 3184 2994 ex‘Aﬂgypto
3237 2923 3494 2982 Hebraeos

1917 3005 2129 3061 eduxit.

1988 3094 2144 3161 lbid.,
2177 3098 2273 3153 lin.
2302 3099 2387 3153 19.
2408 3096 2513 3168 Εἷς
2537 3101 2604 3156 δέ
2625 3119 2714 3169 τις
2732 3103 2851 3157 τῶν
2875 3105 3032 3172 παρ’.
3056 3104 3328 3176 Iosephus
3350 3108 3493 3163 idem

1922 3188 2107 3245 habet.
2145 3189 2282 3244 Sunt
2315 3193 2480 3246 etiam
2528 3194 2648 3248 alia:
2689 3203 2798 3249 tres
2841 3196 3070 3250 diversa
3103 3211 3305 3262 causae,
3358 3213 3496 3268 quas

1921 3280 2086 3345 idem,
2120 3290 2174 3336 et
2211 3281 2365 3337 Philo
2398 3285 2772 3352 superioribus
2804 3285 2939 3340 locis
2981 3286 3242 3352 innuunt,
3275 3297 3498 3360 propter

1921 3391 2060 3444 quas
2112 3374 2356 3447 Egyptii
2395 3376 2704 3448 amigebant
2752 3376 2991 3434 Iudaeos.
3045 3379 3240 3443 Metus,
3294 3397 3360 3435 ne
3411 3382 3499 3436 in-

1921 3476 2150 3537 gruente
2185 3468 2341 3524 bello.
2360 3483 2418 3525 se
2461 3468 2755 3539 jungerent
2786 3470 3037 3524 hostibus
3075 3469 3494 3541 (Egyptiorum;

1925 3559 2151 3623 invidia,
2198 3561 2324 3629 quia
2356 3560 2614 3614 videbant
2649 3561 2772 3616 illos
2823 3563 3010 3617 sobole
3038 3579 3353 3629 numerosa,
3380 3565 3500 3634 pul-

1923 3647 2076 3710 chra,
2111 3649 2359 3713 robusta,
2403 3651 2636 3721 aliisque
2679 3652 2848 3708 animi
2887 3653 3109 3708 dotibus
3151 3654 3494 3721 instructos;

1924 3737 2108 3794 odium
2143 3749 2469 3810 conceptum
2504 3757 2568 3796 ex
2593 3742 2910 3797 diversitate
2962 3742 3265 3813 religionis,
3297 3742 3500 3798 indolis

1924 3839 1974 3884 et
2009 3845 2242 3885 morum.

1995 3921 2156 3987 lbid.,
2184 3923 2278 3975 lin.
2308 3921 2399 3976 20.
2430 3924 2832 3993 Προσημαίνει
2853 3923 2934 3990 τῷ
2954 3925 3178 3995 Φαραώ.
3205 3925 3500 3996 Cajetanus

1925 4021 2080 4082 putat
2105 4014 2274 4068 fuisse
2308 4013 2520 4082 origine
2552 4031 2659 4068 non
2689 4013 3028 4086 Egyptium,
3062 4019 3155 4073 sed
3187 4017 3496 4088 Assyrium.

1925 4104 2154 4170 Quidam
2178 4121 2301 4158 cum
2329 4104 2566 4159 Eusebio
2598 4106 2788 4160 dicunt
2815 4108 2984 4164 fuisse
3018 4108 3316 4181 Mepbrem,
3339 4127 3501 4181 quem

1926 4192 2194 4248 Eusebius
2227 4204 2479 4263 quartum
2510 4211 2689 4264 regem
2734 4195 2864 4251 facit
2893 4213 2959 4252 ex
2994 4198 3244 4270 dynastia
3288 4200 3500 4254 decima

1925 4293 2139 4350 octava,
2177 4303 2296 4356 qua:
2339 4285 2866 4349 est.,Politanorum.
2918 4289 3024 4345 Alii
3068 4299 3282 4362 putant,
3333 4291 3503 4346 fuisse

1927 4378 2264 4444 Ramesscm,
2297 4393 2361 4432 ex
2388 4393 2454 4432 eo
2487 4381 2632 4448 quod
2659 4381 2727 4438 ab
2761 4398 2846 4446 eo,
2873 4391 2933 4436 nt
2958 4383 3192 4448 videtur,
3219 4393 3408 4438 vocata
3429 4384 3504 4440 sit

245 4459 318 4511 ἑν.
336 4455 580 4527 Σικίμοις
609 4456 693 4510 διὰ
724 4456 820 4526 τὴν
847 4457 945 4527 τῆς
961 4458 1190 4527 ἀδελφῆς
1218 4455 1422 4527 φθορὰν
1450 4457 1529 4517 εἰς
1554 4455 1679 4515 τοὺς
1701 4453 1818 4503 ἐπι-

1930 4469 2060 4524 urbs
2095 4469 2372 4536 Ramesse,
2408 4487 2570 4539 quam
2616 4473 2672 4526 in
2704 4472 2807 4527 hac
2845 4473 3135 4529 aﬂlictione
3174 4477 3296 4545 ejus
3339 4475 3501 4544 jussu

245 4549 480 4621 χωρίους
512 4548 687 4619 θάψας
727 4552 784 4602 ὲν
816 4551 1060 4620 Σικίμοις
1089 4549 1183 4612 οὓς
1219 4549 1442 4618 ἐφέρετο
1475 4547 1628 4610 θεοὺς
1675 4543 1826 4615 παρὰ

244 4641 346 4713 τὴν
379 4641 582 4713 πέτραν
612 4642 716 4695 ὑπὸ
744 4642 840 4714 τὴν
881 4642 1190 4713 θαυμασίαν
1221 4640 1548 4712 τερέϐινθον,
1577 4639 1695 4708 ἥτις
1731 4636 1826 4707 μέ·-

247 4751 339 4804 χρι
371 4733 466 4786 νῦν
505 4737 583 4797 εἰς
620 4733 783 4805 τιμὴν
821 4734 930 4787 τῶν
957 4734 1306 4806 πατριαρχῶν
1332 4733 1436 4785 ὑπὸ
1471 4731 1577 4785 τῶν
1610 4731 1830 4799 πλησιο-

247 4826 440 4899 χώρων
462 4829 706 4897 τιμᾶται,
742 4831 975 4898 μετῆρεν
1003 4830 1082 4890 εἱς
1106 4827 1299 4896 Βεθήλ.
1325 4825 1538 4896 Ταύτης
1565 4822 1714 4893 παρὰ
1739 4821 1828 4875 τὸν

247 4921 492 4990 πρέμνον
537 4919 634 4988 τῆς
666 4920 975 4992 τερεϐίνθου
1017 4921 1196 4991 βωμὸς
1234 4916 1322 4990 ἦν,
1355 4918 1438 4986 ἐφ’
1467 4917 1524 4970 ὂν
1549 4916 1648 4976 τὰς
1677 4917 1829 4967 εκτε-

246 5010 329 5062 νεί
333 5027 397 5074 ας
431 5012 692 5082 ἀνέφερον
736 5015 792 5065 ὲν
821 5015 940 5075 ταῖς
974 5011 1311 5084 πανηγύρεσι
1347 5011 1446 5081 τῆς
1472 5009 1652 5080 χώρας
1692 5007 1827 5060 ένοι-

249 5121 357 5157 κοι.
400 5102 532 5170 Qme
562 5106 750 5159 ultima
795 5106 961 5160 verba
994 5107 1060 5159 in.
1085 5107 1344 5160 Africano
1373 5109 1627 5170 corrupta
1661 5101 1732 5154 ita
1761 5115 1828 5154 ex

253 5196 540 5251 Eustathio
565 5198 790 5251 restitue
811 5217 824 5251 :
845 5198 1033 5268 Βωμὸς
1055 5193 1142 5268 ἦν,
1173 5197 1254 5266 ἐφ’
1279 5197 1336 5250 ὃν
1362 5197 1430 5250 τά
1454 5212 1513 5248 τε
1535 5191 1830 5246 ὁλοκαυτῶν

253 5305 398 5360 ματα
428 5291 521 5343 καὶ
556 5291 655 5353 τὰς
685 5292 994 5360 ἑκατόμϐας
1029 5292 1290 5363 ἀνέφερον
1336 5293 1396 5344 ὲν
1431 5291 1548 5350 ταῖς
1584 5285 1830 5356 πανηγύ-

256 5399 404 5453 ρεσιν
442 5384 490 5435 oi
514 5384 627 5454 τῆς
658 5383 840 5456 χώρας
869 5384 1085 5438 ἔνοικοι.

327 5475 484 5537 lbid.,
524 5477 620 5530 lin.
665 5477 748 5530 14.
783 5478 1092 5543 Ποικίλαις
1134 5492 1277 5546 συμ.
1321 5475 1612 5546 Josephus,
1649 5480 1827 5550 Antia.

252 5563 350 5618 lib.
376 5580 412 5618 ιι
435 5585 446 5620 :
471 5567 787 5634 Αἰγυπτίας
816 5570 1106 5639 τρυφεροῖς
1139 5569 1232 5623 καὶ
1265 5567 1526 5640 ῥᾳθύμοις
1556 5565 1673 5622 οὖσι
1695 5570 1830 5640 πρὸς

255 5655 469 5723 πόνους,
501 5659 730 5714 καὶτῶν
759 5676 817 5713 τε
843 5660 1016 5714 ἄλλων
1048 5660 1249 5733 ἡδονῶν
1274 5663 1481 5732 ἥττοσι,
1512 5663 1605 5715 καὶ
1634 5663 1712 5734 δὴ.
1735 5664 1829 5716 καὶ

257 5747 376 5820 τῆς·
401 5749 541 5804 κατὰ
585 5751 985 5826 φιλοκέρδειαν,
1037 5753 1234 5825 συνέϐη
1286 5753 1473 5816 δεινῶς
1523 5755 1656 5825 πρὸς
1704 5755 1828 5818 τώς

1925 4563 2361 4624 mdilicaveruut
2391 4561 2625 4625 Hebraei.
2674 4562 2952 4620 Gcrardus
3005 4563 3272 4627 Μενετηοτ
3320 4582 3501 4638 regem

1927 4655 2072 4708 hunc
2128 4667 2288 4720 vocat
2337 4655 2866 4720 Armesesmianum,
2913 4672 3074 4726 quem
3125 4658 3202 4710 ait
3246 4672 3504 4728 regnasse

1927 4762 2100 4806 annos
2128 4763 2274 4813 val,
2311 4756 2363 4802 et
2384 4762 2612 4817 regnare
2642 4747 2875 4816 coepisse
2906 4748 3147 4816 quinque
3170 4762 3343 4804 annos
3376 4756 3504 4803 ante

1927 4851 2106 4893 ortum
2135 4839 2357 4911 Moysis.
2387 4838 2695 4894 Torniellus
2720 4839 2795 4891 ait
2821 4837 2990 4893 fuisse
3007 4838 3384 4908 Amenopbim,
3406 4841 3499 4909 qui

1929 4933 1981 4984 in
2014 4931 2077 4994 18
2107 4931 2357 5003 dynastia
2391 4930 2778 5001 Polytauorum
2815 4932 3082 5000 septimus
3119 4939 3236 4998 est;
3268 4938 3321 4986 et
3357 4930 3503 4986 hunc

1926 5023 2146 5093 quidam
2177 5025 2474 5093 opinantur
2500 5023 2667 5077 fuisse
2696 5021 3060 5077 Memnonem.

1997 5114 2159 5178 ιδιά..
2202 5115 2300 5170 lin.
2341 5115 2430 5169 9.5.
2464 5116 2648 5184 Ἔργα
2694 5113 2812 5182 μὲν
2860 5113 3084 5180 αὐτοῖς.
3149 5112 3498 5169 Hebraeorum

1929 5209 2246 5260 servitutem
2285 5207 2536 5261 acerbam
2575 5206 2825 5276 pluribus
2855 5205 3117 5260 describit
3165 5203 3321 5265 Philo
3352 5205 3448 5262 lib.
3481 5219 3497 5257 ι

1928 5297 2004 5351 De
2033 5300 2140 5352 vita
2179 5297 2379 5368 Moysis
2403 5314 2422 5362 ;
2444 5296 2734 5366 Iosephus,
2765 5298 3022 5366 Antiquit.
3058 5299 3150 5352 lib.
3186 5313 3245 5365 ιι,
3277 5313 3399 5368 cap.
3433 5297 3495 5365 5;

1929 5392 2246 5446 Ezechielus
2271 5389 2574 5461 Tragmdus
2605 5389 2746 5460 apud
2775 5376 3181 5455 Eusebium,De
3210 5400 3496 5460 prwparat.

1927 5482 2244 5550 euangelica,
2275 5483 2369 5535 lib.
2401 5498 2438 5534 ι.
2473 5481 2548 5535 Ex
2570 5483 2738 5543 nimio
2760 5484 2886 5537 item
2913 5482 3120 5546 labore,
3150 5491 3203 5536 et
3223 5491 3358 5537 testu
3389 5483 3479 5551 plu

1931 5570 2054 5623 rimi
2106 5571 2564 5639 corripiebantur,
2607 5579 2660 5625 et
2711 5572 3086 5626 moriebantur
3129 5579 3315 5641 peste,
3356 5587 3496 5642 quos

1931 5663 2232 5732 insepultos
2279 5663 2639 5733 projiciebant
2670 5661 2927 5734 Egyptii.
2974 5663 3151 5734 Opera
3197 5671 3377 5719 autem
3429 5663 3498 5718 ab

1933 5755 2200 5827 Aigyptiis
2233 5755 2506 5827 imposita,
2540 5755 2776 5827 primum
2802 5755 3037 5812 formare
3068 5757 3250 5819 lutum
3273 5757 3326 5810 in
3359 5755 3496 5812 latc-
