3838 6158
212 292 349 348 ιοιθ

1194 292 1261 346 ΙΝ
1295 291 1670 349 ΕυετΑτηιι
1704 291 2184 354 HEXAEMEBON
2217 297 2446 366 NOTE.

3325 301 3464 356 £050

210 416 560 482 historicum,
587 413 736 486 quod
769 415 1126 480 verisimilius
1159 416 1322 473 duco.
1362 415 1466 472 Sed
1500 417 1762 487 gentiliun

1889 417 1948 472 δέ
1995 423 2333 492 στρατηγοὺς
2366 422 2493 486 τοὺς
2544 421 3077 494 προκαθεδουμένους
3122 423 3224 492 τῆς
3258 423 3461 494 χώρας,

209 509 598 562 historicorum
629 505 862 572 fabulas,
885 515 939 563 et
964 521 1292 578 nugamenta
1315 524 1470 564 sacra
1501 507 1782 579 Scriptura

211 602 428 665 refellit,
467 601 652 671 reique
681 603 966 656 veritatem
998 602 1193 670 aperit.

262 692 510 757 Col.780,
533 691 624 746 lin.
645 691 714 746 44
728 691 834 745 Kal
852 691 1350 762 πολλάςΜογεθπι
1368 707 1656 746 mammam
1676 707 1782 748 non

207 793 513 850 externam,
545 783 639 840 sed
673 783 925 855 gentilem
971 784 1259 840 admisisse
1279 783 1780 855 scribitJosepbus,

207 877 306 932 lib.
341 893 379 941 tt
414 876 825 949 Antiquitatum,
870 892 990 948 Cap.
1035 877 1089 942 5,
1137 893 1247 932 non
1295 878 1582 933 dissimilia
1621 878 1783 943 habet

204 969 552 1034 Ezechielus,
592 966 770 1032 Philo,
801 967 1052 1024 Clemens
1079 967 1502 1025 Alexandrinus.

276 1061 439 1125 lbid.,
465 1061 564 1118 lin.
611 1060 704 1127 5|.
746 1059 1166 1138 Ἀνδρωθέντα.
1211 1060 1286 1116 De
1325 1061 1548 1121 nomine
1582 1059 1782 1131 Moysis

203 1152 495 1224 primaque
535 1151 658 1222 ejus
698 1153 884 1211 radice
927 1153 1001 1206 ita
1052 1153 1305 1214 Clemens
1336 1152 1777 1216 Alexandrinus:

201 1239 343 1300 Εἶτα
373 1244 580 1298 τίθεται
627 1243 706 1316 τῷ
751 1243 948 1315 παιδίῳ
991 1243 1161 1316 ὄνομα
1201 1245 1236 1316 ή
1283 1243 1492 1314 βασιλὶς
1541 1245 1780 1315 Μωῦσῆν

203 1337 445 1409 ἐτύμως,
481 1337 570 1391 διὰ
613 1337 674 1390 τὸ
715 1337 775 1414 ἐξ
819 1336 1008 1400 ὕδατος
1045 1336 1328 1404 ἀνελέσθαι
1361 1337 1511 1391 αὑτό.
1547 1337 1621 1390 Τὸ
1672 1337 1781 1411 γὰρ

203 1429 351 1502 ὕδωρ
387 1430 506 1500 μῶῦ
543 1430 900 1500 ὀνομάζουσιν
950 1430 1257 1498 Αἰγύπτιοι,
1310 1431 1390 1494 είς
1424 1430 1451 1482 ὃ
1481 1429 1784 1496 ἐκτέθειται⁴

197 1521 615 1592 τεθνηξόμενος.
633 1522 740 1576 Καὶ
759 1523 868 1594 γάρ
892 1541 971 1576 τοι
999 1522 1236 1591 Μωῦσῆν
1257 1522 1346 1574 τὸν
1366 1521 1780 1579 ἀποπνεύσαντα

197 1612 279 1685 τῷ
309 1614 462 1668 ὕδατι
502 1615 1018 1686 προσαγορεύουσιν.
1047 1614 1393 1669 Ezechielus:

345 1730 567 1798 ὀνομα
592 1730 660 1782 δὲ
687 1728 910 1796 Μωσῆν
934 1727 1210 1797 ὀνόμαζε.
1235 1729 1340 1781 τοῦ
1364 1729 1536 1796 χάριν

354 1800 568 1868 ’Υγρᾶς
593 1799 834 1853 ἀνεῖλεν
850 1801 1140 1868 ποταμίας
1159 1800 1260 1853 ἀπ’
1293 1799 1492 1866 ᾐόνος.

194 1888 355 1944 Philo
392 1889 468 1944 De
499 1891 606 1944 uita
639 1889 838 1959 Moysis
875 1907 893 1943 :
932 1886 1062 1944 Εἶτα
1109 1890 1321 1954 δίδωσιν
1370 1891 1539 1960 ὄνομα
1573 1890 1773 1961 θεμένη

192 1981 404 2052 Μωσῆν
451 1980 688 2052 ἐτύμως,
714 1981 802 2036 διὰ
831 1981 894 2035 τὸ
932 1983 997 2036 ἐκ
1023 1981 1116 2035 τοῦ
1161 1982 1350 2046 ὕδατος
1380 1983 1540 2036 αὐτὸν
1587 1981 1771 2036 ἀνελέ-

195 2069 344 2124 σθαι.
376 2071 450 2124 Τὺ
485 2070 595 2143 γὰρ
627 2070 769 2141 ὕδωρ
810 2071 925 2143 μῶς
964 2071 1316 2143 ὀνομάζουσιν
1343 2073 1648 2140 Αἰγύπτιοι.
1680 2071 1774 2127 Jo-

189 2163 420 2232 sephus,
469 2164 735 2232 Autiquit.
782 2163 880 2218 lib.
912 2179 925 2218 I
956 2181 970 2217 :
1003 2164 1114 2225 Καὶ
1159 2163 1306 2233 αὐτῷ
1350 2163 1447 2234 τὴν
1486 2165 1771 2236 ἐπίκλησιν

187 2253 398 2327 ταύτην
440 2254 580 2309 κατά
620 2255 682 2315 τὸ
716 2255 1060 2327 συμϐεϐηκὸς
1099 2255 1250 2310 ἔθετο
1286 2257 1364 2319 είς
1393 2256 1484 2309 τὸν
1527 2257 1770 2326 ποταμὸν

188 2345 504 2416 ἐμπεσόντι.
531 2341 609 2398 Τδ
627 2345 737 2417 γάρ
765 2345 907 2418 ὕδωρ
942 2345 1327 2417 μῶΑἰγύπτιοι
1365 2345 1608 2410 καλοῦσι,
1633 2345 1770 2417 ὓσης

185 2435 250 2490 δι
283 2437 408 2500 τοὺς
437 2435 498 2502 ἐξ
523 2436 712 2501 ὓδατος
741 2437 1032 2501 σωθέντας.
1064 2437 1356 2501 Συνθέντες
1375 2433 1468 2491 οῦν
1495 2437 1554 2502 ἐξ
1591 2441 1769 2508 ἀμφο-

185 2527 487 2599 τέρωντὴν
525 2529 890 2602 προσηγορίαν
922 2527 1072 2599 αὐτῷ
1107 2528 1312 2600 ταύτην
1339 2528 1597 2583 τίθενται.
1631 2527 1766 2584 Pro-

186 2619 407 2688 copius,
437 2616 720 2680 Babanus,
741 2628 796 2674 et
825 2619 916 2673 alii
943 2619 1186 2674 eamdem
1213 2619 1377 2688 hujus
1405 2619 1643 2674 nominis
1664 2620 1765 2673 im-

187 2710 481 2782 positionis
529 2711 797 2765 rationem
860 2713 1103 2766 tradunt.
1146 2710 1434 2766 Cornelius
1486 2727 1515 2765 a
1561 2710 1765 2782 Lapide

187 2818 386 2858 nomen
425 2804 477 2856 id
511 2818 620 2858 non
657 2818 778 2858 esse
814 2801 1150 2872 Egyptium,
1185 2803 1279 2857 sed
1313 2801 1594 2857 Hebraeum
1617 2803 1762 2857 amre

187 2903 323 2957 mat,
377 2895 647 2964 aliamque
680 2894 918 2950 nominis
951 2909 1171 2950 causam
1218 2895 1392 2957 aﬂ‘ert,
1423 2910 1490 2950 ex
1534 2894 1763 2956 Hebraea

186 3003 470 3043 nominum
509 2987 715 3042 radice.

260 3078 424 3172 lbid.,
464 3078 565 3172 lin.
781 3078 1214 3172 ’liTdeovrudé.
1268 3078 1452 3172 ~Aliter
1505 3080 1834 3172 Clemensc

180 3169 607 3232 Alexandrinus,
627 3170 720 3225 lib.
755 3183 770 3223 ι
793 3169 991 3224 Strom.
1011 3170 1208 3240 ;Δῆλον
1234 3165 1345 3234 οὖν,
1375 3172 1450 3233 ὡς
1477 3173 1533 3224 ἐν
1567 3170 1646 3235 τῷ
1666 3171 1764 3243 έμ-

181 3261 417 3333 προσθεν
434 3262 609 3334 χρόνῳ
623 3261 1012 3333 περιτμηθέντι
1021 3263 1098 3331 τῷ
1116 3261 1307 3331 παιδίῳ
1331 3263 1378 3314 οἱ
1394 3264 1568 3329 γονεῖς
1583 3261 1764 3316 ἔθεντο

179 3353 361 3424 δνομά
383 3371 435 3410 τι
458 3371 472 3385 ⁶
497 3353 740 3407 ἐκαλεῖτο
765 3353 823 3406 δέ
867 3353 1140 3423 Ἰωακείμ.
1169 3354 1335 3423 Ἔσχε
1373 3353 1429 3406 δὲ
1459 3353 1554 3406 καὶ
1581 3351 1762 3424 τρίτον

176 3446 355 3514 δνομα
375 3448 433 3498 ὲν
457 3443 668 3516 οὐρανῷ
702 3442 841 3515 μετά
871 3443 971 3516 τὴν
1002 3442 1288 3513 ἀνάληψιν,
1304 3442 1379 3506 ὦς
1400 3459 1561 3512 φασιν
1579 3445 1637 3512 οἱ⁴
1655 3443 1761 3514 μύ-

178 3550 328 3600 σται,
358 3535 580 3608 Μελχις.
944 3528 947 3530 ’

252 3627 414 3692 lbid.,
442 3629 537 3682 lin.
560 3626 651 3682 56.
681 3623 887 3682 'Hr-de
905 3625 1166 3694 ἀστεῖος.
1198 3625 1390 3682 Philo:
1425 3627 1632 3698 Εὑγενῆ
1667 3629 1761 3693 καὶ

177 3720 396 3773 ἀστεῖον
426 3717 677 3789 ὀφθῆναι.
709 3718 1052 3788 Τελειότερον
1087 3718 1142 3770 δέ
1173 3717 1272 3787 τῆς
1305 3716 1516 3788 ἡλικίας
1557 3717 1757 3785 ἰδοῦσα,

176 3811 293 3866 κάκ
341 3810 441 3881 τῆς
487 3809 662 3879 ὅψεως
713 3809 794 3864 ἐτι
846 3811 1044 3882 μᾶλλον
1085 3811 1118 3882 ἢ
1166 3810 1430 3882 πρότερον
1484 3810 1756 3875 σπάσασα,

174 3900 392 3962 εὐνοίας
425 3901 539 3966 υῑφδν
565 3904 819 3966 ποιεῖται,
850 3885 920 3954 τὰ
943 3901 1069 3974 περὶ
1097 3899 1186 3952 τὸν
1219 3900 1381 3968 ὄγκον
1405 3900 1504 3969 τῆς
1523 3897 1758 3968 γαστρὸς

173 3992 489 4063 τεχνάσασα
527 3994 812 4064 πρότερον,
859 3993 946 4046 ἶνα
973 3995 1215 4062 γνήσιος,
1269 3991 1407 4046 ἀλλά
1443 3990 1516 4062 μὴ
1564 3989 1760 4046 ὑποϐο-

175 4083 396 4154 λιμαῖος
444 4085 694 4155 νομισθῇ.
723 4085 910 4146 Πάντα
942 4085 999 4138 δὲ
1052 4084 1396 4156 ἐξευμαρίζει
1425 4083 1576 4146 ’Θεὸς
1615 4082 1652 4137 ἃ
1691 4083 1757 4136 ἂν

175 4174 402 4248 θελήσῃ,
437 4177 532 4234 καὶ
561 4176 630 4230 τὰ
663 4176 1099 4248 δυσκατόρθωτα.
1133 4175 1264 4245 Ejus
1308 4176 1667 4246 proprietates
1703 4182 1759 4230 et

174 4270 505 4325 lineamenta
540 4268 614 4322 ita
644 4271 914 4335 expressit
943 4270 1252 4338 Artapanus
1275 4269 1415 4339 apud
1437 4268 1752 4334 Eusebium,

172 4361 254 4418 De
269 4362 654 4431 preparation
676 4361 769 4416 lib.
790 4376 845 4415 ιι
865 4380 878 4415 :
895 4362 932 4413 Γ
934 4361 1175 4430 εγονέναι
1189 4362 1245 4416 δέ
1263 4379 1394 4433 φησι
1408 4361 1498 4416 τὸν
1523 4361 1754 4415 Μώῡσον

1885 509 1977 574 οὓς
1999 510 2063 580 δὴ
2089 510 2426 564 πλεονεκτεῖν
2457 511 2734 580 ἐπιφανῶς
2763 512 2902 565 κατά
2923 514 3020 576 τὰς
3047 513 3246 582 μάχας.
3270 511 3464 580 Λέγειν

1883 601 1938 655 δέ
1973 619 2134 672 φησιν
2179 603 2584 668 Ἡλιουπολιτας
2611 605 2864 674 γενέσθαι
2891 606 2980 658 τὸν
3014 605 3248 676 πόλεμον
3275 605 3462 660 τοῦτον

1883 693 1976 765 ἔτη
2010 694 2161 749 δέκα.

1915 841 1922 850 ,
1953 785 2114 852 lbid.,
2147 787 2244 842 lin.
2275 787 2366 843 55.
2398 787 2596 854 Ὅπως
2625 789 2814 843 αὐτὸν
2853 791 3210 859 στρατηγόν.
3233 788 3338 845 Per
3363 791 3462 846 ho-

1838 913 1845 920 -
1881 894 2072 935 norem
2104 895 2136 935 a
2169 895 2230 938 se
2265 882 2455 952 procul
2486 883 2737 951 ablegare
2765 898 2928 952 quem
2961 883 3087 952 quis
3119 882 3460 948 reformidat,

1882 970 2136 1041 pluribus
2191 973 2457 1042 exemplis
2511 987 2702 1030 omnes
2739 972 2990 1031 historici
3031 973 3457 1042 confirmarunt;

1881 1077 2116 1129 quorum
2147 1079 2402 1134 maguum
2448 1079 2734 1118 numerum
2771 1065 2825 1119 in
2854 1081 3024 1120 unum
3064 1067 3339 1136 congessit
3367 1065 3460 1121 Ja-

1881 1170 1988 1210 nus
2040 1154 2304 1210 Gruterus
2345 1156 2401 1210 in
2436 1155 2674 1211 secunda
2720 1165 2870 1226 parte
2911 1158 3263 1227 prolixior-um
3303 1174 3458 1213 com-

1881 1250 2275 1303 mentariorum
2327 1248 2382 1302 in
2415 1248 2587 1305 Taciti
2631 1250 2931 1319 insigniora
2975 1251 3092 1306 loca
3142 1252 3195 1305 in
3237 1251 3367 1306 illud
3402 1251 3457 1305 in

1881 1340 1976 1395 lib.
2020 1357 2073 1394 χι
2115 1340 2446 1410 Annalium:
2477 1341 2702 1394 Amoliri
2747 1341 2987 1410 juvenem
3029 1343 3195 1412 specie
3243 1343 3457 1398 honoris

1880 1431 2091 1486 statuit.
2167 1476 2170 1480 .

1955 1521 2114 1588 lbid.,
2163 1523 2260 1576 lin.
2300 1520 2388 1576 46.
2431 1522 2728 1588 Κιϐωτοὺς
2780 1521 3064 1589 πλεκτὰς.
3109 1521 3302 1578 Totum
3352 1523 3456 1580 hoc

1881 1612 2081 1685 Moysis
2109 1622 2436 1683 stratagema
2468 1615 2542 1667 ita
2577 1623 2798 1668 enarrat
2827 1613 3131 1683 Joseplius:
3170 1615 3336 1668 Ἔνθα
3359 1617 3457 1687 τῆς

1882 1707 2043 1759 αὑτοῦ
2073 1707 2338 1770 συνέσεως
2367 1707 2686 1776 θαυμαστὴν
2715 1707 2972 1772 ἐπίδειξιν
3009 1708 3317 1776 ἐποιήσατο.
3345 1708 3458 1778 Τῆς

1883 1797 1990 1867 γὰρ
2027 1797 2129 1867 γῆς
2157 1797 2392 1867 χαλεπῆς
2428 1796 2593 1866 οὔσης
2619 1797 2896 1865 ὁδευθῆναι
2925 1796 3013 1850 διὰ
3054 1797 3255 1868 πλῆθος
3296 1800 3458 1868 ἑρπε-

1880 1888 2010 1953 τῶν,
2031 1888 2467 1958 (παμφορωτάτη
2490 1889 2598 1958 γάρ
2625 1891 2792 1952 ἐστιν,
2818 1888 2893 1950 ὡς
2916 1887 3094 1942 καὶτὰ
3129 1890 3257 1962 παρ’
3278 1889 3455 1952 ἄλλοις,

1879 1978 2079 2032 τούτων
2103 1980 2202 2032 οὐκ
2233 1979 2361 2032 ὄντα
2396 1979 2528 2050 μόνη
2562 1979 2802 2050 τρέφειν,
2827 1980 3050 2050 δυνάμει
3074 1997 3133 2032 τε
3162 1979 3255 2033 καὶ
3288 1979 3457 2052 κακία

1878 2065 1955 2136 τῷ
1987 2069 2085 2136 τῆς
2125 2067 2300 2136 ὅψεως
2332 2066 2588 2138 ἀσυνήθει
2634 2067 2970 2139 διαφέροντα.
3013 2069 3146 2123 Τινά
3180 2069 3236 2123 δὲ
3277 2070 3458 2125 αὐτῶν

1878 2161 1993 2211 ἐστι
2007 2160 2114 2220 καὶ
2157 2160 2398 2224 πετεινὰ,
2436 2159 2510 2224 ὡς
2538 2159 2768 2214 λαθόντα
2810 2161 2906 2231 μὲν
2948 2160 3057 2214 ἀπὸ
3089 2162 3190 2232 γῆς
3217 2179 3450 2236 κακουρ-

1875 2252 2011 2319 γεῖν,
2043 2251 2136 2304 καὶ
2190 2253 2264 2323 μὴ
2303 2251 2686 2324 προϊδομένους
2721 2249 2924 2305 ἀδικεῖν
2978 2253 3260 2334 ὑπερπετῆ
3310 2253 3452 2323 γινό⁴

1879 2359 2016 2412 μενα
2100 2347 2213 2398 νοεῖ
2243 2345 2380 2414 πρὸς
2412 2344 2710 2412 ἀσφάλειαν
2745 2345 2840 2397 καὶ
2867 2344 3074 2415 ἀϐλαϐῆ
3107 2345 3330 2414 πορείαν
3356 2344 3452 2398 τοῦ

1875 2436 2280 2507 στρατεύματος
2348 2438 2711 2508 στρατήγημα
2764 2437 3096 2508 θαυμαστόν.
3155 2438 3453 2508 Πλέγματα

1871 2528 1980 2600 γὰρ
2011 2528 2223 2599 ἐμφερῆ
2273 2528 2522 2593 κιϐωτοῖς
2568 2530 2632 2582 ἐκ
2670 2528 2852 2598 βίϐλου
2893 2529 3328 2592 κατασκευάσας,
3358 2530 3453 2583 καὶ

1872 2621 2164 2692 πληρώσας
2206 2620 2400 2684 ἴϐεων,
2455 2621 2695 2691 ἐκόμιζε.
2749 2619 3160 2691 Πολεμιώτατον
3211 2619 3255 2672 δ’
3303 2620 3453 2674 ἐστὶν

1868 2713 2022 2780 ὄφεσι
2053 2712 2210 2764 τοῦτο
2241 2711 2301 2764 τὸ
2335 2710 2488 2776 ζῶον.
2518 2711 2782 2780 Φεύγουσί
2818 2727 2876 2762 τε
2905 2709 3014 2780 γὰρ
3054 2708 3450 2780 ἐπερχομένας,

1868 2808 1965 2860 καὶ
2002 2807 2360 2875 ἀφιστάμενοι
2411 2804 2659 2874 καθάπερ
2701 2803 2791 2856 ὑπ’
2822 2803 3035 2871 ἐλάφων
3077 2803 3451 2873 ἁρπαζόμενοι

1867 2898 2278 2951 καταπίνονται.
2321 2897 2638 2969 Χειροήθεις
2665 2897 2710 2948 δ’
2744 2896 2880 2950 εἰσὶν
2912 2897 2968 2948 αἱ
3003 2894 3160 2960 ἴϐεις,
3191 2895 3284 2948 καὶ
3312 2892 3451 2966 πρὸς

1869 2989 2028 3060 μόνον
2056 2988 2116 3042 τὸ
2141 2989 2248 3042 τῶν
2283 2990 2458 3058 ὄφεων
2483 2989 2637 3057 γένος
2674 2988 2872 3059 ἄγριοι.
2911 2986 3019 3037 Καὶ
3043 2986 3170 3056 περὶ
3206 2983 3302 3054 μὲν
3324 2981 3448 3037 τού-

1865 3097 1974 3133 των
1991 3081 2228 3151 παρίημι
2251 3079 2344 3133 νῦν
2363 3080 2617 3150 γράφειν,
2643 3079 2744 3131 οὐκ
2777 3076 3112 3146 ἀγνοούντων
3133 3077 3243 3127 τῶν
3261 3074 3451 3144 Ἐλλή-

1865 3189 1970 3224 νων
1999 3172 2098 3242 τῆς
2133 3171 2298 3234 ἴϐιδος
2332 3171 2392 3225 τὸ
2424 3167 2580 3232 εἶδος.
2619 3170 2706 3233 Ὠς
2731 3166 2824 3222 οῦν
2858 3171 2937 3231 εἰς
2961 3167 3059 3238 τὴν
3086 3168 3188 3237 γῆν
3227 3164 3449 3218 ἐνέϐαλε

1863 3266 1961 3336 τὴν
1995 3265 2347 3335 θηροτρόφον,
2393 3262 2614 3325 ταύταις
2663 3262 2978 3332 ἀπεμάχετο
3006 3259 3102 3331 τὴν
3133 3259 3240 3311 τῶν
3285 3259 3450 3328 ἐρπε-

1862 3356 1969 3409 τῶν
2021 3356 2216 3425 φύσιν,
2279 3355 2510 3421 ἐπαφεὶς
2567 3353 2772 3416 αὐτοῖς,
2827 3353 2922 3404 καὶ
2974 3348 3448 3422 προπολεμούσαις

1862 3447 2161 3518 χρώμενος.
2204 3446 2405 3500 Τοῦτον
2433 3442 2525 3499 οῦν
2551 3444 2776 3507 ὁδεύσας
2801 3443 2892 3496 τὸν
2912 3442 3132 3513 τρόπον,
3163 3440 3283 3493 ούδέ
3315 3456 3450 3510 προ-

1865 3538 2095 3608 μαθοῦσι
2125 3539 2306 3609 παρῆν
2352 3540 2464 3600 τοῖς
2497 3535 2745 3606 Αἰθίοψιν-
2786 3534 2882 3587 καὶ⁵
2932 3530 3220 3604 συμϐαλὼν
3262 3531 3444 3594 αὐτοῖς

1861 3631 2054 3700 κρατεῖ
2078 3631 2142 3700 τῇ
2173 3630 2340 3701 μάχῃ,
2370 3628 2464 3691 καὶ
2495 3627 2602 3680 τῶν
2647 3625 2876 3678 ἐλπίδων
2907 3622 2973 3686 ἃς
3003 3619 3148 3693 εἶχον
3185 3623 3277 3675 ἐπὶ
3317 3621 3445 3684 τοὺς

1860 3724 2188 3792 Αἰγυπτίους
2239 3725 2582 3795 ἀφαιρεῖται·
2619 3720 2717 3783 τάς
2748 3737 2807 3772 τε
2844 3719 3028 3782 πόλεις
3075 3716 3253 3770 αὐτῶν
3287 3713 3446 3786 ἐπῄει

1861 3813 2388 3884 καταστρεφόμενος,
2433 3813 2527 3864 καὶ
2580 3811 2737 3880 φόνος
2785 3810 2952 3875 πολὺς
3007 3809 3116 3861 τῶν
3167 3807 3444 3861 Αἰθιόπαυ

1859 3906 2176 3978 ἐπράττετο.
2212 3905 2322 3957 Καὶ
2365 3903 2462 3974 τῆς
2494 3903 2580 3957 διὰ
2609 3901 2847 3970 Μωῦσῆν
2895 3899 3199 3971 εὐπραγίας
3245 3897 3445 3978 γευσάο

1862 4015 2019 4068 μενον
2044 3997 2104 4050 τὸ
2121 3995 2229 4058 τῶν
2256 3995 2568 4065 Αἰγυπτίων
2597 3994 2914 4065 στράτευμα
2958 3994 3141 4045 πονεῖν
3181 3990 3279 4044 οὐκ
3317 3983 3446 4042 ἔκα-

1861 4105 2010 4157 μνεν,
2045 4087 2121 4152 ὼς
2143 4089 2267 4158 περὶ
2296 4085 2728 4157 ἀνδραποδισμοῦ
2757 4083 2849 4138 καὶ
2879 4082 3174 4146 παντελοῦς
3204 4082 3446 4136 ἀναστά-.

1859 4195 1996 4242 σεως
2025 4179 2114 4232 τὸν
2139 4179 2382 4234 κίνδυνον
2425 4174 2561 4231 εἶναι
2592 4180 2703 4242 τοῖς
2734 4175 3002 4244 Αἰθίοψιν.
3034 4173 3279 4229 Meminit
3307 4175 3436 4228 item

1855 4269 2166 4340 Artapantts
2193 4289 2205 4324 :
2242 4271 2378 4334 Τοὺς
2407 4265 2499 4323 οῦν
2533 4269 2661 4338 περὶ
2690 4268 2780 4321 τὸν
2799 4266 3032 4321 Μώῡσον
3068 4267 3154 4321 διὰ
3186 4266 3246 4319 τὸ
3277 4266 3440 4337 μέγεη

1858 4363 1947 4428 θος
1979 4364 2078 4431 τῆς
2114 4364 2372 4435 στρατιᾶς
2420 4361 2572 4414 πόλιν
2613 4364 2668 4414 ἐν
2714 4360 2889 4430 τούτῳ
2937 4360 3121 4413 κτίσαι
3153 4358 3229 4429 τῷ
3266 4359 3438 4428 τόπῳ,

174 4453 411 4526 μακρὸν,
460 4453 739 4523 πρῤακῆ,
794 4452 999 4516 πολιὸν,
1055 4454 1320 4523 κομήτην,
1362 4450 1750 4522 ἀξιωματικόν.
1785 4447 1830 4502 Β
1855 4457 1950 4509 καὶ
1976 4455 2076 4526 τὴν
2108 4454 2214 4506 ἶϐιν
2258 4454 2316 4505 ἐν
2347 4454 2484 4522 αὐτῇ
2520 4450 2874 4522 καθιερῶσαι,
2917 4449 3004 4502 διὰ
3051 4449 3113 4502 τὺ
3143 4447 3346 4517 ταύτην
3368 4447 3438 4502 τὰ

244 4545 367 4600 Col.
421 4543 543 4607 78l,
581 4543 676 4598 lin.
724 4544 775 4598 l.
810 4541 1105 4613 Προσάγει
1141 4543 1347 4597 αὐτόν.
1393 4541 1518 4611 Haec
1558 4543 1750 4598 eadem

171 4634 368 4690 iisdem
409 4633 523 4692 fere
558 4634 740 4690 verbis
772 4635 1024 4704 leguntur
1064 4633 1205 4704 apud
1248 4632 1563 4704 Josephum,
1589 4633 1748 4687 Anti-

169 4729 306 4797 quit.
349 4725 442 4782 lib.
478 4741 518 4793 ι,
559 4742 680 4796 cap.
715 4727 770 4789 5,
802 4742 962 4796 quem
988 4725 1235 4781 consule.

242 4817 406 4882 lbid.,
438 4818 534 4872 lin.
578 4817 668 4872 25.
710 4820 986 4885 Αἰθίοπες
1013 4815 1082 4870 δὲ
1127 4820 1200 4872 ot.
1253 4814 1328 4872 De
1369 4815 1472 4871 bac
1514 4815 1747 4882 Mosaica

167 4908 518 4978 expeditione
571 4907 838 4962 adversus
872 4905 1163 4977 IEtltiopas
1207 4913 1404 4976 praeter
1447 4905 1744 4976 Joseplium

167 5001 246 5056 ita
274 5000 621 5070 Artapanus:
654 4999 764 5054 Καί
790 5017 918 5052 ποτε
953 4999 1062 5053 τῶν
1089 4997 1362 5053 Αἰθιόπων
1389 5000 1744 5071 ἐπιστρατευ-

167 5090 420 5161 σαμένων
445 5093 512 5162 τῇ
544 5088 824 5161 Αἰγύπτῳ,
853 5089 945 5142 τὸν
967 5089 1267 5160 Χενεφρῆν,
1298 5089 1631 5145 ὑπολαϐόντα
1655 5092 1744 5145 εύ-

167 5182 613 5255 ρηκέναικαιρὸν
644 5181 880 5246 εὔθετον,
922 5181 1135 5253 πέμψαι
1163 5181 1254 5234 τὸν
1279 5181 1510 5236 Μώῦσον
1534 5183 1621 5236 ἐπ’
1651 5184 1743 5237 αύ-

162 5277 291 5338 τοὺς
325 5275 628 5346 στρατηγὸν
661 5273 798 5345 μετά
822 5275 1126 5346 δυνάμεως.
1151 5275 1224 5328 Τὸ
1244 5275 1302 5328 δὲ
1330 5275 1438 5328 τῶν
1466 5277 1739 5345 συγγενῶν

163 5364 314 5437 αὐτῷ
344 5367 606 5438 συστῆσαι
633 5366 852 5437 πλῆθος,
879 5367 1216 5422 ὑπολαϐόντα
1242 5367 1438 5439 ῥαδίως
1475 5369 1635 5422 αὑτὸν
1653 5369 1740 5425 διὰ

162 5457 262 5528 ’ὴν
302 5459 411 5512 τῶν
464 5459 809 5530 στρατιωτῶν
856 5459 1140 5520 ἀσθένειαν
1187 5461 1291 5515 ὑπὸ
1315 5460 1422 5513 τῶν
1465 5460 1738 5532 πολεμίων

162 5551 638 5623 ἀναιρεθήσεσθαι.
672 5553 774 5606 Τὸν
817 5553 875 5606 δὲ
925 5552 1176 5618 Μώῦσον,
1235 5553 1458 5608 ἐλθόντα
1507 5555 1599 5608 ἐπὶ
1645 5556 1736 5610 τὸν

174 5643 603 5714 Ἕρμουπολίτην
619 5643 1014 5716 ὀνομαζόμενον
1034 5646 1216 5718 νομὸν,
1243 5646 1432 5717 ἔχοντα
1457 5651 1585 5717 περὶ
1605 5647 1736 5703 δέκα

169 5735 432 5809 μυριάδας
470 5736 756 5808 γεωργῶν,
793 5737 956 5792 αὐτοῦ
992 5739 1479 5811 καταστρατεῦσαι.
1513 5739 1733 5813 Πέμψαι

1857 4546 2163 4617 βλάπτοντα
2187 4545 2314 4608 τοὺς
2340 4541 2660 4614 ἀνθρώπους
2692 4543 2931 4612 ἀναιρεῖν
2953 4559 2964 4570 -
2999 4539 3440 4612 προσαγορεῦσαι

1852 4638 1908 4690 δὲ
1956 4638 2126 4708 αὐτὴν
2159 4635 2360 4707 Ἑρμοῦ
2400 4634 2587 4702 πόλιν..
2617 4633 2755 4688 Hinc
2775 4633 2893 4688 avis
2925 4633 3039 4687 lmc
3074 4647 3230 4687 sacra
3266 4630 3434 4702 [Egy-

1851 4729 2000 4798 ptiis.
2030 4726 2358 4781 Herodotus.
2399 4724 2506 4780 Sed
2535 4725 2604 4779 de
2628 4724 2732 4777 hac
2760 4724 3022 4778 nonnulla
3053 4723 3324 4794 superius.

1921 4819 2082 4885 lbid.,
2119 4819 2214 4872 lin.
2243 4817 2334 4872 56.
2363 4813 2474 4870 Ἦν
2513 4816 2623 4893 γὰρ
2673 4815 2890 4870 αὐτῶν.
2935 4814 3129 4872 Omnia
3181 4815 3295 4869 hate
3338 4813 3434 4868 lia-

1846 4911 2046 4975 bentur
2075 4909 2250 4966 fusius
2275 4908 2418 4980 apud
2447 4907 2768 4977 Josephum,
2805 4907 2899 4976 qui
2937 4923 3038 4960 nec
3062 4907 3318 4960 Tharmis
3344 4922 3434 4961 re-~

1845 5005 1985 5076 ginae
2016 5003 2284 5075 perditum
2319 5019 2558 5057 amorem
2591 5003 2644 5055 in
2679 5000 2915 5072 Moysem
2948 5000 3164 5056 silentio
3205 5009 3425 5068 praeter-

1841 5095 1919 5158 it,
1958 5111 2023 5151 ex
2055 5095 2256 5165 quibus
2302 5110 2400 5150 sua
2448 5094 2704 5165 videntur
2744 5092 2976 5147 mutuati
3015 5089 3187 5144 erci
3219 5089 3439 5144 fabula~_

1843 5196 1992 5243 tores
2025 5203 2144 5258 quae
2176 5187 2243 5243 de
2269 5188 2451 5258 Scylla
2487 5195 2541 5242 et
2563 5188 2686 5241 aliis
2711 5193 2960 5240 narrant.

1912 5280 2032 5336 Col.
2067 5279 2191 5342 784,
2225 5281 2320 5334 litt.
2353 5281 2441 5334 15.
2481 5279 2644 5333 Οὕτω
2676 5281 2785 5349 γὰρ
2817 5280 2956 5332 ὑπό.
2989 5277 3247 5344 Quaenam
3286 5273 3431 5346 Moy-

1840 5387 1928 5427 ses
1965 5371 2186 5427 doceret
2218 5371 2502 5442 Aigyptios
2527 5371 2735 5427 indicat
2765 5371 2984 5438 Strabo,
3007 5372 3100 5428 lib.
3136 5387 3225 5426 xvr
3253 5388 3266 5424 ε
3298 5368 3434 5430 Non

1841 5475 1978 5519 recte
2023 5467 2234 5532 sentire,
2267 5467 2357 5534 qui
2405 5464 2716 5527 bestiarum,
2773 5483 2834 5520 ac
2875 5483 3122 5536 pecorum
3166 5465 3431 5535 imagines

1841 5557 1951 5611 Deo
1997 5557 2310 5621 tribuerunt,
2345 5559 2568 5627 itemque
2611 5557 2791 5626 Afros,
2835 5568 2886 5611 et
2929 5558 3141 5613 Crwcos
3185 5559 3276 5628 qui
3315 5557 3434 5618 diis,

1839 5650 2108 5704 hominum
2155 5650 2384 5720 ﬁguram
2437 5650 2759 5719 aliiugereut.
2812 5648 2880 5704 Id
2928 5667 3048 5704 vero
3086 5651 3260 5705 solum
3307 5666 3437 5704 esse.

1839 5739 2026 5803 Deum,
2049 5738 2186 5809 quod.
2223 5755 2337 5805 nos,
2371 5749 2420 5794 et
2457 5749 2675 5803 terram,
2711 5756 2773 5793 ac
2807 5755 2949 5794 mare
2981 5741 3246 5804 continet;
3281 5739 3432 5808 quod,
