  <div class='ocr_page' id='page_1' title='image "/cluster/home/n/w/nwhite01/storage/ocr_20150623/18/nnc1.0046978550/543.png"; bbox 0 0 3838 6158; ppageno 0'>
   <div class='ocr_carea' id='block_1_1' title="bbox 423 313 553 369">
    <p class='ocr_par' dir='ltr' id='par_1_1' title="bbox 423 313 553 369">
     <span class='ocr_line' id='line_1_1' title="bbox 423 313 553 369; baseline 0.031 -4"><span class='ocrx_word' id='word_1_1' title='bbox 423 313 553 369; x_wconf 73' lang='grc'><strong><em>1051</em></strong></span> 
     </span>
    </p>
   </div>
   <div class='ocr_carea' id='block_1_2' title="bbox 1803 332 2365 391">
    <p class='ocr_par' dir='ltr' id='par_1_2' title="bbox 1803 332 2365 391">
     <span class='ocr_line' id='line_1_2' title="bbox 1803 332 2365 391; baseline 0.007 -4"><span class='ocrx_word' id='word_1_2' title='bbox 1803 332 2048 390; x_wconf 76' lang='lat' dir='ltr'><strong><em>LEONIS</em></strong></span> <span class='ocrx_word' id='word_1_3' title='bbox 2091 333 2365 391; x_wconf 81' lang='lat' dir='ltr'><strong>ALLATII</strong></span> 
     </span>
    </p>
   </div>
   <div class='ocr_carea' id='block_1_3' title="bbox 3551 341 3703 396">
    <p class='ocr_par' dir='ltr' id='par_1_3' title="bbox 3551 341 3703 396">
     <span class='ocr_line' id='line_1_3' title="bbox 3551 341 3703 396; baseline 0 0"><span class='ocrx_word' id='word_1_4' title='bbox 3551 341 3703 396; x_wconf 70' lang='grc'><strong><em>1053</em></strong></span> 
     </span>
    </p>
   </div>
   <div class='ocr_carea' id='block_1_4' title="bbox 419 429 1999 529">
    <p class='ocr_par' dir='ltr' id='par_1_4' title="bbox 419 429 1999 518">
     <span class='ocr_line' id='line_1_4' title="bbox 419 429 1999 518; baseline 0.015 -37"><span class='ocrx_word' id='word_1_5' title='bbox 419 429 628 494; x_wconf 73' lang='lat' dir='ltr'><strong><em>calum,</em></strong></span> <span class='ocrx_word' id='word_1_6' title='bbox 657 441 705 486; x_wconf 89' lang='lat' dir='ltr'><strong><em>et</em></strong></span> <span class='ocrx_word' id='word_1_7' title='bbox 733 435 985 492; x_wconf 85' lang='lat' dir='ltr'><strong><em>mundum</em></strong></span> <span class='ocrx_word' id='word_1_8' title='bbox 1007 448 1056 492; x_wconf 88' lang='lat' dir='ltr'><strong><em>et</em></strong></span> <span class='ocrx_word' id='word_1_9' title='bbox 1086 457 1260 495; x_wconf 84' lang='lat' dir='ltr'><strong><em>rerum</em></strong></span> <span class='ocrx_word' id='word_1_10' title='bbox 1293 445 1527 498; x_wconf 84' lang='lat' dir='ltr'><strong><em>omnium</em></strong></span> <span class='ocrx_word' id='word_1_11' title='bbox 1554 457 1804 502; x_wconf 85' lang='lat' dir='ltr'><strong><em>naturam</em></strong></span> <span class='ocrx_word' id='word_1_12' title='bbox 1829 453 1999 518; x_wconf 81' lang='lat' dir='ltr'><strong><em>appel-</em></strong></span> 
     </span>
    </p>
   </div>
   <div class='ocr_carea' id='block_1_5' title="bbox 2109 429 3701 529">
    <p class='ocr_par' dir='ltr' id='par_1_5' title="bbox 2111 451 3701 529">
     <span class='ocr_line' id='line_1_5' title="bbox 2111 451 3701 529; baseline 0.004 -26"><span class='ocrx_word' id='word_1_13' title='bbox 2111 469 2243 521; x_wconf 84' lang='grc' dir='ltr'>φησι</span> <span class='ocrx_word' id='word_1_14' title='bbox 2273 451 2488 524; x_wconf 86' lang='grc' dir='ltr'>πρῶτον</span> <span class='ocrx_word' id='word_1_15' title='bbox 2517 451 2680 521; x_wconf 79' lang='grc' dir='ltr'>σοφὸν</span> <span class='ocrx_word' id='word_1_16' title='bbox 2703 451 2980 521; x_wconf 86' lang='grc' dir='ltr'>γενέσθαι,</span> <span class='ocrx_word' id='word_1_17' title='bbox 3007 453 3103 508; x_wconf 73' lang='grc' dir='ltr'>καὶ</span> <span class='ocrx_word' id='word_1_18' title='bbox 3127 455 3523 527; x_wconf 80' lang='grc' dir='ltr'>γραμματικὴν</span> <span class='ocrx_word' id='word_1_19' title='bbox 3547 459 3701 529; x_wconf 83' lang='grc' dir='ltr'>πρῶ-</span> 
     </span>
    </p>
   </div>
   <div class='ocr_carea' id='block_1_6' title="bbox 417 520 2002 602">
    <p class='ocr_par' dir='ltr' id='par_1_6' title="bbox 417 520 2002 602">
     <span class='ocr_line' id='line_1_6' title="bbox 417 520 2002 602; baseline 0.015 -31"><span class='ocrx_word' id='word_1_20' title='bbox 417 520 618 584; x_wconf 83' lang='lat' dir='ltr'><strong><em>lamus,</em></strong></span> <span class='ocrx_word' id='word_1_21' title='bbox 665 526 816 594; x_wconf 81' lang='lat' dir='ltr'><strong><em>cujus</em></strong></span> <span class='ocrx_word' id='word_1_22' title='bbox 848 529 1084 597; x_wconf 77' lang='lat' dir='ltr'><strong><em>profecto</em></strong></span> <span class='ocrx_word' id='word_1_23' title='bbox 1116 533 1401 602; x_wconf 79' lang='lat' dir='ltr'><strong><em>imaginem</em></strong></span> <span class='ocrx_word' id='word_1_24' title='bbox 1447 553 1598 590; x_wconf 76' lang='lat' dir='ltr'><strong><em>nemo</em></strong></span> <span class='ocrx_word' id='word_1_25' title='bbox 1639 555 1784 592; x_wconf 72' lang='lat' dir='ltr'><strong><em>sana:</em></strong></span> <span class='ocrx_word' id='word_1_26' title='bbox 1816 544 2002 595; x_wconf 82' lang='lat' dir='ltr'><strong><em>mentis</em></strong></span> 
     </span>
    </p>
   </div>
   <div class='ocr_carea' id='block_1_7' title="bbox 420 611 2005 694">
    <p class='ocr_par' dir='ltr' id='par_1_7' title="bbox 420 611 2005 694">
     <span class='ocr_line' id='line_1_7' title="bbox 420 611 2005 694; baseline 0.016 -31"><span class='ocrx_word' id='word_1_27' title='bbox 420 611 651 680; x_wconf 80' lang='lat' dir='ltr'><strong><em>.tlicujus</em></strong></span> <span class='ocrx_word' id='word_1_28' title='bbox 679 633 863 670; x_wconf 83' lang='lat' dir='ltr'><strong><em>earum</em></strong></span> <span class='ocrx_word' id='word_1_29' title='bbox 897 635 1096 682; x_wconf 85' lang='lat' dir='ltr'><strong><em>rerum,</em></strong></span> <span class='ocrx_word' id='word_1_30' title='bbox 1129 639 1245 689; x_wconf 71' lang='lat' dir='ltr'><strong><em>qum</em></strong></span> <span class='ocrx_word' id='word_1_31' title='bbox 1279 641 1432 692; x_wconf 82' lang='lat' dir='ltr'><strong><em>penes</em></strong></span> <span class='ocrx_word' id='word_1_32' title='bbox 1458 645 1553 681; x_wconf 86' lang='lat' dir='ltr'><strong><em>nos</em></strong></span> <span class='ocrx_word' id='word_1_33' title='bbox 1595 641 1739 694; x_wconf 82' lang='lat' dir='ltr'><strong><em>sunt,</em></strong></span> <span class='ocrx_word' id='word_1_34' title='bbox 1777 633 2005 688; x_wconf 77' lang='lat' dir='ltr'><strong><em>similem</em></strong></span> 
     </span>
    </p>
   </div>
   <div class='ocr_carea' id='block_1_8' title="bbox 419 704 2006 792">
    <p class='ocr_par' dir='ltr' id='par_1_8' title="bbox 419 704 2006 792">
     <span class='ocr_line' id='line_1_8' title="bbox 419 704 2006 792; baseline 0.015 -36"><span class='ocrx_word' id='word_1_35' title='bbox 419 704 612 758; x_wconf 85' lang='lat' dir='ltr'><strong><em>audeat</em></strong></span> <span class='ocrx_word' id='word_1_36' title='bbox 641 708 893 778; x_wconf 73' lang='lat' dir='ltr'><strong><em>eﬂingcre.</em></strong></span> <span class='ocrx_word' id='word_1_37' title='bbox 924 713 1154 780; x_wconf 77' lang='lat' dir='ltr'><strong><em>Proinde</em></strong></span> <span class='ocrx_word' id='word_1_38' title='bbox 1174 718 1738 774; x_wconf 85' lang='lat' dir='ltr'><strong><em>omnisimulacrorum</em></strong></span> <span class='ocrx_word' id='word_1_39' title='bbox 1757 724 2006 792; x_wconf 75' lang='lat' dir='ltr'><strong><em>eﬂictione</em></strong></span> 
     </span>
    </p>
   </div>
   <div class='ocr_carea' id='block_1_9' title="bbox 417 800 2008 878">
    <p class='ocr_par' dir='ltr' id='par_1_9' title="bbox 417 800 2008 878">
     <span class='ocr_line' id='line_1_9' title="bbox 417 800 2008 878; baseline 0.014 -28"><span class='ocrx_word' id='word_1_40' title='bbox 417 800 721 867; x_wconf 81' lang='lat' dir='ltr'><strong><em>repudiata,</em></strong></span> <span class='ocrx_word' id='word_1_41' title='bbox 751 805 966 874; x_wconf 84' lang='lat' dir='ltr'><strong><em>dignum</em></strong></span> <span class='ocrx_word' id='word_1_42' title='bbox 996 809 1045 861; x_wconf 89' lang='lat' dir='ltr'><strong><em>ei</em></strong></span> <span class='ocrx_word' id='word_1_43' title='bbox 1090 811 1362 878; x_wconf 86' lang='lat' dir='ltr'><strong><em>templum,</em></strong></span> <span class='ocrx_word' id='word_1_44' title='bbox 1397 830 1456 866; x_wconf 80' lang='lat' dir='ltr'><strong><em>ac</em></strong></span> <span class='ocrx_word' id='word_1_45' title='bbox 1497 813 1774 868; x_wconf 83' lang='lat' dir='ltr'><strong><em>delubrum</em></strong></span> <span class='ocrx_word' id='word_1_46' title='bbox 1811 821 2008 872; x_wconf 80' lang='lat' dir='ltr'><strong><em>consti-</em></strong></span> 
     </span>
    </p>
   </div>
   <div class='ocr_carea' id='block_1_10' title="bbox 419 893 2005 977">
    <p class='ocr_par' dir='ltr' id='par_1_10' title="bbox 419 893 2005 977">
     <span class='ocr_line' id='line_1_10' title="bbox 419 893 2005 977; baseline 0.013 -34"><span class='ocrx_word' id='word_1_47' title='bbox 419 893 692 959; x_wconf 85' lang='lat' dir='ltr'><strong><em>tuendum,</em></strong></span> <span class='ocrx_word' id='word_1_48' title='bbox 727 912 789 948; x_wconf 91' lang='lat' dir='ltr'><strong><em>ac</em></strong></span> <span class='ocrx_word' id='word_1_49' title='bbox 826 899 937 952; x_wconf 84' lang='lat' dir='ltr'><strong><em>sine</em></strong></span> <span class='ocrx_word' id='word_1_50' title='bbox 969 900 1149 968; x_wconf 83' lang='lat' dir='ltr'><strong><em>aliqua</em></strong></span> <span class='ocrx_word' id='word_1_51' title='bbox 1178 904 1350 971; x_wconf 84' lang='lat' dir='ltr'><strong><em>ﬁgura</em></strong></span> <span class='ocrx_word' id='word_1_52' title='bbox 1387 904 1679 959; x_wconf 85' lang='lat' dir='ltr'><strong><em>colendum.</em></strong></span> <span class='ocrx_word' id='word_1_53' title='bbox 1716 907 2005 977; x_wconf 80' lang='lat' dir='ltr'><strong><em>Quicaste,</em></strong></span> 
     </span>
    </p>
   </div>
   <div class='ocr_carea' id='block_1_11' title="bbox 418 985 2006 1064">
    <p class='ocr_par' dir='ltr' id='par_1_11' title="bbox 418 985 2006 1064">
     <span class='ocr_line' id='line_1_11' title="bbox 418 985 2006 1064; baseline 0.013 -28"><span class='ocrx_word' id='word_1_54' title='bbox 418 1000 480 1037; x_wconf 84' lang='lat' dir='ltr'><strong><em>ac</em></strong></span> <span class='ocrx_word' id='word_1_55' title='bbox 500 985 645 1054; x_wconf 82' lang='lat' dir='ltr'><strong><em>juste</em></strong></span> <span class='ocrx_word' id='word_1_56' title='bbox 683 988 878 1052; x_wconf 85' lang='lat' dir='ltr'><strong><em>vivunt,</em></strong></span> <span class='ocrx_word' id='word_1_57' title='bbox 913 991 988 1044; x_wconf 84' lang='lat' dir='ltr'><strong><em>eis</em></strong></span> <span class='ocrx_word' id='word_1_58' title='bbox 1035 992 1168 1045; x_wconf 88' lang='lat' dir='ltr'><strong><em>bona</em></strong></span> <span class='ocrx_word' id='word_1_59' title='bbox 1201 997 1405 1048; x_wconf 77' lang='lat' dir='ltr'><strong><em>somnia</em></strong></span> <span class='ocrx_word' id='word_1_60' title='bbox 1431 997 1613 1064; x_wconf 71' lang='lat' dir='ltr'><strong><em>offerri</em></strong></span> <span class='ocrx_word' id='word_1_61' title='bbox 1639 1015 1656 1050; x_wconf 84' lang='lat'><strong><em>.°</em></strong></span> <span class='ocrx_word' id='word_1_62' title='bbox 1687 1000 1869 1054; x_wconf 85' lang='lat' dir='ltr'><strong><em>debere</em></strong></span> <span class='ocrx_word' id='word_1_63' title='bbox 1899 1004 2006 1056; x_wconf 89' lang='lat' dir='ltr'><strong><em>ita-</em></strong></span> 
     </span>
    </p>
   </div>
   <div class='ocr_carea' id='block_1_12' title="bbox 416 1081 2007 1158">
    <p class='ocr_par' dir='ltr' id='par_1_12' title="bbox 416 1081 2007 1158">
     <span class='ocr_line' id='line_1_12' title="bbox 416 1081 2007 1158; baseline 0.016 -37"><span class='ocrx_word' id='word_1_64' title='bbox 416 1085 532 1138; x_wconf 86' lang='lat' dir='ltr'><strong><em>que,</em></strong></span> <span class='ocrx_word' id='word_1_65' title='bbox 559 1082 607 1124; x_wconf 89' lang='lat' dir='ltr'><strong><em>et</em></strong></span> <span class='ocrx_word' id='word_1_66' title='bbox 635 1088 730 1138; x_wconf 89' lang='lat' dir='ltr'><strong><em>pro</em></strong></span> <span class='ocrx_word' id='word_1_67' title='bbox 759 1091 832 1136; x_wconf 81' lang='lat' dir='ltr'><strong><em>se,</em></strong></span> <span class='ocrx_word' id='word_1_68' title='bbox 879 1085 929 1130; x_wconf 88' lang='lat' dir='ltr'><strong><em>et</em></strong></span> <span class='ocrx_word' id='word_1_69' title='bbox 959 1094 1056 1146; x_wconf 84' lang='lat' dir='ltr'><strong><em>pro</em></strong></span> <span class='ocrx_word' id='word_1_70' title='bbox 1090 1081 1214 1134; x_wconf 83' lang='lat' dir='ltr'><strong><em>aliis</em></strong></span> <span class='ocrx_word' id='word_1_71' title='bbox 1246 1099 1334 1136; x_wconf 82' lang='lat' dir='ltr'><strong><em>eos</em></strong></span> <span class='ocrx_word' id='word_1_72' title='bbox 1375 1083 1608 1139; x_wconf 83' lang='lat' dir='ltr'><strong><em>dormire</em></strong></span> <span class='ocrx_word' id='word_1_73' title='bbox 1635 1088 1689 1140; x_wconf 86' lang='lat' dir='ltr'><strong><em>in</em></strong></span> <span class='ocrx_word' id='word_1_74' title='bbox 1715 1091 1926 1158; x_wconf 89' lang='lat' dir='ltr'><strong><em>templo,</em></strong></span> <span class='ocrx_word' id='word_1_75' title='bbox 1956 1101 2007 1146; x_wconf 85' lang='lat' dir='ltr'><strong><em>et</em></strong></span> 
     </span>
    </p>
   </div>
   <div class='ocr_carea' id='block_1_13' title="bbox 419 1162 2005 1252">
    <p class='ocr_par' dir='ltr' id='par_1_13' title="bbox 419 1162 2005 1252">
     <span class='ocr_line' id='line_1_13' title="bbox 419 1162 2005 1252; baseline 0.015 -37"><span class='ocrx_word' id='word_1_76' title='bbox 419 1179 452 1215; x_wconf 92' lang='lat' dir='ltr'><strong><em>a</em></strong></span> <span class='ocrx_word' id='word_1_77' title='bbox 481 1162 588 1217; x_wconf 90' lang='lat' dir='ltr'><strong><em>Deo</em></strong></span> <span class='ocrx_word' id='word_1_78' title='bbox 619 1166 839 1221; x_wconf 76' lang='lat' dir='ltr'><strong><em>subinde</em></strong></span> <span class='ocrx_word' id='word_1_79' title='bbox 873 1170 1078 1240; x_wconf 88' lang='lat' dir='ltr'><strong><em>aliquid</em></strong></span> <span class='ocrx_word' id='word_1_80' title='bbox 1101 1172 1243 1238; x_wconf 84' lang='lat' dir='ltr'><strong><em>boni,</em></strong></span> <span class='ocrx_word' id='word_1_81' title='bbox 1274 1185 1431 1245; x_wconf 88' lang='lat' dir='ltr'><strong><em>atque</em></strong></span> <span class='ocrx_word' id='word_1_82' title='bbox 1464 1177 1650 1233; x_wconf 86' lang='lat' dir='ltr'><strong><em>indicii</em></strong></span> <span class='ocrx_word' id='word_1_83' title='bbox 1683 1193 2005 1252; x_wconf 72' lang='lat' dir='ltr'><strong><em>exspectare,</em></strong></span> 
     </span>
    </p>
   </div>
   <div class='ocr_carea' id='block_1_14' title="bbox 416 1258 1769 1328">
    <p class='ocr_par' dir='ltr' id='par_1_14' title="bbox 416 1258 1769 1328">
     <span class='ocr_line' id='line_1_14' title="bbox 416 1258 1769 1328; baseline 0.015 -19"><span class='ocrx_word' id='word_1_84' title='bbox 416 1258 620 1309; x_wconf 74' lang='lat' dir='ltr'><strong><em>cwteris</em></strong></span> <span class='ocrx_word' id='word_1_85' title='bbox 653 1258 787 1311; x_wconf 68' lang='lat' dir='ltr'><strong><em>nihil</em></strong></span> <span class='ocrx_word' id='word_1_86' title='bbox 809 1263 1157 1328; x_wconf 81' lang='lat' dir='ltr'><strong><em>sperandum.</em></strong></span> <span class='ocrx_word' id='word_1_87' title='bbox 1755 1261 1769 1271; x_wconf 36' lang='lat'>~</span> 
     </span>
    </p>
   </div>
   <div class='ocr_carea' id='block_1_15' title="bbox 485 1346 2006 1439">
    <p class='ocr_par' dir='ltr' id='par_1_15' title="bbox 485 1346 2006 1439">
     <span class='ocr_line' id='line_1_15' title="bbox 485 1346 2006 1439; baseline 0.014 -38"><span class='ocrx_word' id='word_1_88' title='bbox 485 1346 603 1402; x_wconf 88' lang='lat' dir='ltr'><strong><em>Col.</em></strong></span> <span class='ocrx_word' id='word_1_89' title='bbox 639 1350 760 1415; x_wconf 67' lang='lat'><strong><em>785,</em></strong></span> <span class='ocrx_word' id='word_1_90' title='bbox 786 1353 881 1406; x_wconf 87' lang='lat' dir='ltr'><strong><em>lin.</em></strong></span> <span class='ocrx_word' id='word_1_91' title='bbox 922 1355 1010 1408; x_wconf 82' lang='grc'><strong><em>18.</em></strong></span> <span class='ocrx_word' id='word_1_92' title='bbox 1060 1357 1332 1426; x_wconf 79' lang='grc' dir='ltr'>Ἓτιμᾶτο</span> <span class='ocrx_word' id='word_1_93' title='bbox 1369 1361 1438 1416; x_wconf 84' lang='grc' dir='ltr'>δὲ</span> <span class='ocrx_word' id='word_1_94' title='bbox 1467 1365 1590 1418; x_wconf 81' lang='grc' dir='ltr'>καί.</span> <span class='ocrx_word' id='word_1_95' title='bbox 1623 1366 1780 1419; x_wconf 75' lang='grc' dir='ltr'>Οὕτω</span> <span class='ocrx_word' id='word_1_96' title='bbox 1800 1367 1863 1439; x_wconf 78' lang='grc' dir='ltr'><strong><em>δὴ</em></strong></span> <span class='ocrx_word' id='word_1_97' title='bbox 1881 1369 2006 1434; x_wconf 70' lang='grc' dir='ltr'>τοὺς</span> 
     </span>
    </p>
   </div>
   <div class='ocr_carea' id='block_1_16' title="bbox 416 1440 2008 1528">
    <p class='ocr_par' dir='ltr' id='par_1_16' title="bbox 416 1440 2008 1528">
     <span class='ocr_line' id='line_1_16' title="bbox 416 1440 2008 1528; baseline 0.014 -35"><span class='ocrx_word' id='word_1_98' title='bbox 416 1440 698 1506; x_wconf 80' lang='grc' dir='ltr'>Λίθίοπας,</span> <span class='ocrx_word' id='word_1_99' title='bbox 731 1447 937 1517; x_wconf 83' lang='grc' dir='ltr'>καίπερ</span> <span class='ocrx_word' id='word_1_100' title='bbox 966 1448 1125 1512; x_wconf 77' lang='grc' dir='ltr'>ὄντας</span> <span class='ocrx_word' id='word_1_101' title='bbox 1150 1451 1462 1522; x_wconf 83' lang='grc' dir='ltr'>πολεμίους,</span> <span class='ocrx_word' id='word_1_102' title='bbox 1490 1457 1816 1528; x_wconf 73' lang='grc' dir='ltr'>στέρξαιτδν</span> <span class='ocrx_word' id='word_1_103' title='bbox 1847 1459 2008 1514; x_wconf 77' lang='grc' dir='ltr'><strong><em>Μ(ὒῦ-</em></strong></span> 
     </span>
    </p>
   </div>
   <div class='ocr_carea' id='block_1_17' title="bbox 419 1533 2008 1621">
    <p class='ocr_par' dir='ltr' id='par_1_17' title="bbox 419 1533 2008 1621">
     <span class='ocr_line' id='line_1_17' title="bbox 419 1533 2008 1621; baseline 0.013 -36"><span class='ocrx_word' id='word_1_104' title='bbox 419 1549 532 1598; x_wconf 89' lang='grc' dir='ltr'>σον,</span> <span class='ocrx_word' id='word_1_105' title='bbox 564 1533 703 1588; x_wconf 82' lang='grc' dir='ltr'>ὥστε</span> <span class='ocrx_word' id='word_1_106' title='bbox 736 1539 829 1590; x_wconf 74' lang='grc' dir='ltr'><strong><em>καὶ</em></strong></span> <span class='ocrx_word' id='word_1_107' title='bbox 865 1541 964 1610; x_wconf 73' lang='grc' dir='ltr'><strong><em>τὴν</em></strong></span> <span class='ocrx_word' id='word_1_108' title='bbox 996 1545 1298 1615; x_wconf 85' lang='grc' dir='ltr'>περιτομὴν</span> <span class='ocrx_word' id='word_1_109' title='bbox 1329 1547 1436 1600; x_wconf 82' lang='grc' dir='ltr'><strong><em>τῶν</em></strong></span> <span class='ocrx_word' id='word_1_110' title='bbox 1467 1549 1682 1603; x_wconf 78' lang='grc' dir='ltr'>αἰδοίων</span> <span class='ocrx_word' id='word_1_111' title='bbox 1710 1553 1840 1621; x_wconf 80' lang='grc' dir='ltr'>παρ’</span> <span class='ocrx_word' id='word_1_112' title='bbox 1868 1553 2008 1605; x_wconf 79' lang='grc' dir='ltr'><strong><em>ἐκεί-</em></strong></span> 
     </span>
    </p>
   </div>
   <div class='ocr_carea' id='block_1_18' title="bbox 415 1629 2008 1715">
    <p class='ocr_par' dir='ltr' id='par_1_18' title="bbox 415 1629 2008 1715">
     <span class='ocr_line' id='line_1_18' title="bbox 415 1629 2008 1715; baseline 0.01 -34"><span class='ocrx_word' id='word_1_113' title='bbox 415 1645 508 1682; x_wconf 90' lang='grc' dir='ltr'><strong><em>νου</em></strong></span> <span class='ocrx_word' id='word_1_114' title='bbox 544 1629 756 1698; x_wconf 86' lang='grc' dir='ltr'>μαθεῖν.</span> <span class='ocrx_word' id='word_1_115' title='bbox 789 1633 863 1684; x_wconf 83' lang='grc' dir='ltr'><strong>Οὐ</strong></span> <span class='ocrx_word' id='word_1_116' title='bbox 894 1634 1052 1702; x_wconf 85' lang='grc' dir='ltr'>μόνον</span> <span class='ocrx_word' id='word_1_117' title='bbox 1082 1636 1138 1688; x_wconf 78' lang='grc' dir='ltr'><strong><em>δὲ</em></strong></span> <span class='ocrx_word' id='word_1_118' title='bbox 1161 1637 1383 1701; x_wconf 84' lang='grc' dir='ltr'><strong><em>τούτους</em></strong></span> <span class='ocrx_word' id='word_1_119' title='bbox 1413 1640 1546 1692; x_wconf 82' lang='grc' dir='ltr'>ἀλλὰ</span> <span class='ocrx_word' id='word_1_120' title='bbox 1571 1643 1663 1695; x_wconf 75' lang='grc' dir='ltr'><strong><em>καὶ</em></strong></span> <span class='ocrx_word' id='word_1_121' title='bbox 1695 1645 1822 1706; x_wconf 72' lang='grc' dir='ltr'>τοὺς</span> <span class='ocrx_word' id='word_1_122' title='bbox 1846 1647 2008 1715; x_wconf 79' lang='grc' dir='ltr'><strong><em>ἱερεῖς</em></strong></span> 
     </span>
    </p>
   </div>
   <div class='ocr_carea' id='block_1_19' title="bbox 416 1717 2004 1797">
    <p class='ocr_par' dir='ltr' id='par_1_19' title="bbox 416 1717 2004 1797">
     <span class='ocr_line' id='line_1_19' title="bbox 416 1717 2004 1797; baseline 0.014 -30"><span class='ocrx_word' id='word_1_123' title='bbox 416 1717 686 1782; x_wconf 78' lang='grc' dir='ltr'>ἅπαντας.</span> <span class='ocrx_word' id='word_1_124' title='bbox 722 1718 898 1775; x_wconf 79' lang='lat' dir='ltr'><strong><em>Verba</em></strong></span> <span class='ocrx_word' id='word_1_125' title='bbox 934 1731 1063 1777; x_wconf 91' lang='lat' dir='ltr'><strong><em>sunt</em></strong></span> <span class='ocrx_word' id='word_1_126' title='bbox 1100 1728 1401 1797; x_wconf 83' lang='lat' dir='ltr'><strong><em>Artapani;</em></strong></span> <span class='ocrx_word' id='word_1_127' title='bbox 1444 1732 1590 1785; x_wconf 88' lang='lat' dir='ltr'><strong><em>hunc</em></strong></span> <span class='ocrx_word' id='word_1_128' title='bbox 1627 1734 2004 1790; x_wconf 86' lang='lat' dir='ltr'><strong><em>circumcisio-</em></strong></span> 
     </span>
    </p>
   </div>
   <div class='ocr_carea' id='block_1_20' title="bbox 2108 541 3700 620">
    <p class='ocr_par' dir='ltr' id='par_1_20' title="bbox 2108 541 3700 620">
     <span class='ocr_line' id='line_1_20' title="bbox 2108 541 3700 620; baseline 0.007 -26"><span class='ocrx_word' id='word_1_129' title='bbox 2108 558 2202 594; x_wconf 89' lang='grc' dir='ltr'><strong><em>τον</em></strong></span> <span class='ocrx_word' id='word_1_130' title='bbox 2233 546 2344 606; x_wconf 90' lang='grc' dir='ltr'>τοῖς</span> <span class='ocrx_word' id='word_1_131' title='bbox 2383 541 2656 606; x_wconf 73' lang='grc' dir='ltr'><strong><em>Ἰουδαίοις</em></strong></span> <span class='ocrx_word' id='word_1_132' title='bbox 2697 544 3051 615; x_wconf 81' lang='grc' dir='ltr'>παραδοῦναι,</span> <span class='ocrx_word' id='word_1_133' title='bbox 3096 547 3192 600; x_wconf 78' lang='grc' dir='ltr'><strong><em>καὶ</em></strong></span> <span class='ocrx_word' id='word_1_134' title='bbox 3232 547 3382 620; x_wconf 87' lang='grc' dir='ltr'><strong><em>παρά</em></strong></span> <span class='ocrx_word' id='word_1_135' title='bbox 3422 549 3700 605; x_wconf 79' lang='grc' dir='ltr'><strong><em>Ἰουδαίων</em></strong></span> 
     </span>
    </p>
   </div>
   <div class='ocr_carea' id='block_1_21' title="bbox 2106 632 3695 709">
    <p class='ocr_par' dir='ltr' id='par_1_21' title="bbox 2106 632 3695 709">
     <span class='ocr_line' id='line_1_21' title="bbox 2106 632 3695 709; baseline 0.008 -25"><span class='ocrx_word' id='word_1_136' title='bbox 2106 632 2352 696; x_wconf 83' lang='grc' dir='ltr'>Φοίνικας</span> <span class='ocrx_word' id='word_1_137' title='bbox 2398 633 2766 703; x_wconf 81' lang='grc' dir='ltr'>παραλαϐεῖνο</span> <span class='ocrx_word' id='word_1_138' title='bbox 2801 635 3065 705; x_wconf 80' lang='grc' dir='ltr'>Ἕλληνας</span> <span class='ocrx_word' id='word_1_139' title='bbox 3099 637 3158 690; x_wconf 87' lang='grc' dir='ltr'><strong><em>δέ</em></strong></span> <span class='ocrx_word' id='word_1_140' title='bbox 3207 638 3360 709; x_wconf 84' lang='grc' dir='ltr'><strong><em>παρά</em></strong></span> <span class='ocrx_word' id='word_1_141' title='bbox 3401 641 3695 698; x_wconf 73' lang='grc' dir='ltr'>Φοινίκιον.</span> 
     </span>
    </p>
   </div>
   <div class='ocr_carea' id='block_1_22' title="bbox 2108 719 3698 787">
    <p class='ocr_par' dir='ltr' id='par_1_22' title="bbox 2108 719 3698 787">
     <span class='ocr_line' id='line_1_22' title="bbox 2108 719 3698 787; baseline 0.009 -14"><span class='ocrx_word' id='word_1_142' title='bbox 2108 719 2204 775; x_wconf 79' lang='lat' dir='ltr'><strong><em>Bis</em></strong></span> <span class='ocrx_word' id='word_1_143' title='bbox 2238 737 2346 775; x_wconf 91' lang='lat' dir='ltr'><strong><em>non</em></strong></span> <span class='ocrx_word' id='word_1_144' title='bbox 2377 725 2654 777; x_wconf 90' lang='lat' dir='ltr'><strong><em>consentit</em></strong></span> <span class='ocrx_word' id='word_1_145' title='bbox 2683 724 2921 780; x_wconf 88' lang='lat' dir='ltr'><strong><em>Joannes</em></strong></span> <span class='ocrx_word' id='word_1_146' title='bbox 2951 726 3325 784; x_wconf 85' lang='lat' dir='ltr'><strong><em>Antiochenus</em></strong></span> <span class='ocrx_word' id='word_1_147' title='bbox 3350 731 3402 782; x_wconf 91' lang='lat' dir='ltr'><strong><em>in</em></strong></span> <span class='ocrx_word' id='word_1_148' title='bbox 3439 731 3698 787; x_wconf 73' lang='lat' dir='ltr'><strong><em>Arcturo-</em></strong></span> 
     </span>
    </p>
   </div>
   <div class='ocr_carea' id='block_1_23' title="bbox 2108 813 3696 892">
    <p class='ocr_par' dir='ltr' id='par_1_23' title="bbox 2108 813 3696 892">
     <span class='ocr_line' id='line_1_23' title="bbox 2108 813 3696 892; baseline 0.007 -27"><span class='ocrx_word' id='word_1_149' title='bbox 2108 813 2249 883; x_wconf 86' lang='lat' dir='ltr'><strong><em>logia</em></strong></span> <span class='ocrx_word' id='word_1_150' title='bbox 2273 828 2291 865; x_wconf 88' lang='lat'><strong><em>:</em></strong></span> <span class='ocrx_word' id='word_1_151' title='bbox 2327 815 2447 867; x_wconf 85' lang='grc' dir='ltr'><strong><em>Ἔτι</em></strong></span> <span class='ocrx_word' id='word_1_152' title='bbox 2473 815 2578 868; x_wconf 85' lang='grc' dir='ltr'><strong><em>τῶν</em></strong></span> <span class='ocrx_word' id='word_1_153' title='bbox 2598 815 2804 870; x_wconf 81' lang='grc' dir='ltr'>δώδεκα</span> <span class='ocrx_word' id='word_1_154' title='bbox 2848 820 3199 890; x_wconf 79' lang='grc' dir='ltr'>πατριαρχῶν</span> <span class='ocrx_word' id='word_1_155' title='bbox 3235 816 3302 892; x_wconf 80' lang='grc' dir='ltr'>ἦν</span> <span class='ocrx_word' id='word_1_156' title='bbox 3342 822 3610 888; x_wconf 81' lang='grc' dir='ltr'>Ἡσίοδος,</span> <span class='ocrx_word' id='word_1_157' title='bbox 3637 825 3696 887; x_wconf 78' lang='grc' dir='ltr'>ὂς</span> 
     </span>
    </p>
   </div>
   <div class='ocr_carea' id='block_1_24' title="bbox 2106 903 3688 985">
    <p class='ocr_par' dir='ltr' id='par_1_24' title="bbox 2106 903 3688 985">
     <span class='ocr_line' id='line_1_24' title="bbox 2106 903 3688 985; baseline 0.008 -30"><span class='ocrx_word' id='word_1_158' title='bbox 2106 903 2174 956; x_wconf 76' lang='grc' dir='ltr'>τὰ</span> <span class='ocrx_word' id='word_1_159' title='bbox 2215 904 2515 975; x_wconf 82' lang='grc' dir='ltr'><strong><em>Ἀσσυρίων</em></strong></span> <span class='ocrx_word' id='word_1_160' title='bbox 2552 907 2855 977; x_wconf 89' lang='grc' dir='ltr'>γράμματα</span> <span class='ocrx_word' id='word_1_161' title='bbox 2877 911 2957 972; x_wconf 82' lang='grc' dir='ltr'><strong><em>είς</em></strong></span> <span class='ocrx_word' id='word_1_162' title='bbox 2999 909 3220 964; x_wconf 78' lang='grc' dir='ltr'>Ἐλλάδα</span> <span class='ocrx_word' id='word_1_163' title='bbox 3260 911 3516 980; x_wconf 86' lang='grc' dir='ltr'>γλῶσσαν</span> <span class='ocrx_word' id='word_1_164' title='bbox 3563 931 3688 985; x_wconf 83' lang='grc' dir='ltr'>μετ·</span> 
     </span>
    </p>
   </div>
   <div class='ocr_carea' id='block_1_25' title="bbox 2109 993 3694 1074">
    <p class='ocr_par' dir='ltr' id='par_1_25' title="bbox 2109 993 3694 1074">
     <span class='ocr_line' id='line_1_25' title="bbox 2109 993 3694 1074; baseline 0.009 -28"><span class='ocrx_word' id='word_1_165' title='bbox 2109 993 2319 1048; x_wconf 86' lang='grc' dir='ltr'>έϐαλεν.</span> <span class='ocrx_word' id='word_1_166' title='bbox 2359 997 2493 1050; x_wconf 93' lang='lat' dir='ltr'><strong><em>lllud</em></strong></span> <span class='ocrx_word' id='word_1_167' title='bbox 2530 1013 2680 1061; x_wconf 83' lang='lat' dir='ltr'><strong><em>vero,</em></strong></span> <span class='ocrx_word' id='word_1_168' title='bbox 2704 999 2917 1053; x_wconf 75' lang='lat' dir='ltr'><strong><em>litteras</em></strong></span> <span class='ocrx_word' id='word_1_169' title='bbox 2941 1000 3176 1070; x_wconf 90' lang='lat' dir='ltr'><strong><em>primum</em></strong></span> <span class='ocrx_word' id='word_1_170' title='bbox 3214 1017 3242 1055; x_wconf 88' lang='lat' dir='ltr'><strong><em>a</em></strong></span> <span class='ocrx_word' id='word_1_171' title='bbox 3277 1001 3462 1074; x_wconf 80' lang='lat' dir='ltr'><strong><em>Moyse</em></strong></span> <span class='ocrx_word' id='word_1_172' title='bbox 3483 1004 3694 1061; x_wconf 62' lang='lat' dir='ltr'><strong><em>Judais</em></strong></span> 
     </span>
    </p>
   </div>
   <div class='ocr_carea' id='block_1_26' title="bbox 2107 1088 3696 1162">
    <p class='ocr_par' dir='ltr' id='par_1_26' title="bbox 2107 1088 3696 1162">
     <span class='ocr_line' id='line_1_26' title="bbox 2107 1088 3696 1162; baseline 0.009 -23"><span class='ocrx_word' id='word_1_173' title='bbox 2107 1088 2337 1141; x_wconf 88' lang='lat' dir='ltr'><strong><em>traditas</em></strong></span> <span class='ocrx_word' id='word_1_174' title='bbox 2365 1104 2474 1142; x_wconf 91' lang='lat' dir='ltr'><strong><em>non</em></strong></span> <span class='ocrx_word' id='word_1_175' title='bbox 2512 1091 2706 1160; x_wconf 83' lang='lat' dir='ltr'><strong><em>probat</em></strong></span> <span class='ocrx_word' id='word_1_176' title='bbox 2737 1093 3096 1162; x_wconf 85' lang='lat' dir='ltr'><strong><em>Augustinus,</em></strong></span> <span class='ocrx_word' id='word_1_177' title='bbox 3129 1095 3224 1148; x_wconf 89' lang='lat' dir='ltr'><strong><em>lib.</em></strong></span> <span class='ocrx_word' id='word_1_178' title='bbox 3273 1111 3406 1150; x_wconf 79' lang='lat' dir='ltr'><strong><em>xvm</em></strong></span> <span class='ocrx_word' id='word_1_179' title='bbox 3453 1097 3530 1151; x_wconf 86' lang='lat' dir='ltr'><strong><em>De</em></strong></span> <span class='ocrx_word' id='word_1_180' title='bbox 3563 1099 3696 1152; x_wconf 73' lang='lat' dir='ltr'><strong><em>eiei-</em></strong></span> 
     </span>
    </p>
   </div>
   <div class='ocr_carea' id='block_1_27' title="bbox 2107 1177 3694 1255">
    <p class='ocr_par' dir='ltr' id='par_1_27' title="bbox 2107 1177 3694 1255">
     <span class='ocr_line' id='line_1_27' title="bbox 2107 1177 3694 1255; baseline 0.009 -25"><span class='ocrx_word' id='word_1_181' title='bbox 2107 1186 2218 1232; x_wconf 92' lang='lat' dir='ltr'><strong><em>tate</em></strong></span> <span class='ocrx_word' id='word_1_182' title='bbox 2248 1177 2369 1244; x_wconf 88' lang='lat' dir='ltr'><strong><em>Dei,</em></strong></span> <span class='ocrx_word' id='word_1_183' title='bbox 2400 1196 2521 1250; x_wconf 89' lang='lat' dir='ltr'><strong><em>cap.</em></strong></span> <span class='ocrx_word' id='word_1_184' title='bbox 2547 1181 2650 1247; x_wconf 81' lang='lat'><strong><em>59;</em></strong></span> <span class='ocrx_word' id='word_1_185' title='bbox 2682 1193 2870 1238; x_wconf 94' lang='lat' dir='ltr'><strong><em>censet</em></strong></span> <span class='ocrx_word' id='word_1_186' title='bbox 2908 1185 3073 1250; x_wconf 88' lang='lat' dir='ltr'><strong><em>enim,</em></strong></span> <span class='ocrx_word' id='word_1_187' title='bbox 3099 1189 3558 1255; x_wconf 84' lang='lat' dir='ltr'><strong><em>quemadmodum</em></strong></span> <span class='ocrx_word' id='word_1_188' title='bbox 3589 1191 3694 1244; x_wconf 62' lang='lat' dir='ltr'><strong><em>lino</em></strong></span> 
     </span>
    </p>
   </div>
   <div class='ocr_carea' id='block_1_28' title="bbox 2107 1273 3697 1348">
    <p class='ocr_par' dir='ltr' id='par_1_28' title="bbox 2107 1273 3697 1348">
     <span class='ocr_line' id='line_1_28' title="bbox 2107 1273 3697 1348; baseline 0.009 -24"><span class='ocrx_word' id='word_1_189' title='bbox 2107 1288 2266 1342; x_wconf 88' lang='lat' dir='ltr'><strong><em>guam</em></strong></span> <span class='ocrx_word' id='word_1_190' title='bbox 2301 1273 2376 1326; x_wconf 85' lang='lat' dir='ltr'><strong><em>ita</em></strong></span> <span class='ocrx_word' id='word_1_191' title='bbox 2411 1281 2464 1327; x_wconf 89' lang='lat' dir='ltr'><strong><em>et</em></strong></span> <span class='ocrx_word' id='word_1_192' title='bbox 2506 1274 2738 1339; x_wconf 79' lang='lat' dir='ltr'><strong><em>litteras,</em></strong></span> <span class='ocrx_word' id='word_1_193' title='bbox 2767 1284 2891 1331; x_wconf 84' lang='lat' dir='ltr'><strong><em>ante</em></strong></span> <span class='ocrx_word' id='word_1_194' title='bbox 2924 1276 3163 1348; x_wconf 81' lang='lat' dir='ltr'><strong><em>Moysem</em></strong></span> <span class='ocrx_word' id='word_1_195' title='bbox 3196 1278 3382 1344; x_wconf 84' lang='lat' dir='ltr'><strong><em>fuisse,</em></strong></span> <span class='ocrx_word' id='word_1_196' title='bbox 3411 1289 3466 1336; x_wconf 89' lang='lat' dir='ltr'><strong><em>et</em></strong></span> <span class='ocrx_word' id='word_1_197' title='bbox 3495 1298 3562 1336; x_wconf 80' lang='lat' dir='ltr'><strong><em>ex</em></strong></span> <span class='ocrx_word' id='word_1_198' title='bbox 3610 1283 3697 1340; x_wconf 86' lang='lat' dir='ltr'><strong><em>bis</em></strong></span> 
     </span>
    </p>
   </div>
   <div class='ocr_carea' id='block_1_29' title="bbox 2106 1366 3698 1442">
    <p class='ocr_par' dir='ltr' id='par_1_29' title="bbox 2106 1366 3698 1442">
     <span class='ocr_line' id='line_1_29' title="bbox 2106 1366 3698 1442; baseline 0.006 -24"><span class='ocrx_word' id='word_1_199' title='bbox 2106 1381 2229 1434; x_wconf 67' lang='lat' dir='ltr'><strong><em>qum</em></strong></span> <span class='ocrx_word' id='word_1_200' title='bbox 2261 1367 2514 1435; x_wconf 88' lang='lat' dir='ltr'><strong><em>superius</em></strong></span> <span class='ocrx_word' id='word_1_201' title='bbox 2545 1384 2611 1421; x_wconf 83' lang='lat' dir='ltr'><strong><em>ex</em></strong></span> <span class='ocrx_word' id='word_1_202' title='bbox 2645 1366 2882 1440; x_wconf 73' lang='lat' dir='ltr'><strong><em>Josepbo</em></strong></span> <span class='ocrx_word' id='word_1_203' title='bbox 2905 1370 2982 1424; x_wconf 87' lang='lat' dir='ltr'><strong><em>De</em></strong></span> <span class='ocrx_word' id='word_1_204' title='bbox 3012 1372 3258 1442; x_wconf 84' lang='lat' dir='ltr'><strong><em>antiquit.</em></strong></span> <span class='ocrx_word' id='word_1_205' title='bbox 3290 1373 3384 1428; x_wconf 87' lang='lat' dir='ltr'><strong><em>lib.</em></strong></span> <span class='ocrx_word' id='word_1_206' title='bbox 3428 1389 3468 1437; x_wconf 81' lang='grc' dir='ltr'><strong><em>ι,</em></strong></span> <span class='ocrx_word' id='word_1_207' title='bbox 3503 1375 3698 1430; x_wconf 85' lang='lat' dir='ltr'><strong><em>attuli—</em></strong></span> 
     </span>
    </p>
   </div>
   <div class='ocr_carea' id='block_1_30' title="bbox 2106 1458 3696 1534">
    <p class='ocr_par' dir='ltr' id='par_1_30' title="bbox 2106 1458 3696 1534">
     <span class='ocr_line' id='line_1_30' title="bbox 2106 1458 3696 1534; baseline 0.008 -24"><span class='ocrx_word' id='word_1_208' title='bbox 2106 1473 2230 1513; x_wconf 87' lang='lat' dir='ltr'><strong><em>mus</em></strong></span> <span class='ocrx_word' id='word_1_209' title='bbox 2258 1458 2325 1513; x_wconf 91' lang='lat' dir='ltr'><strong><em>dc</em></strong></span> <span class='ocrx_word' id='word_1_210' title='bbox 2346 1460 2637 1524; x_wconf 85' lang='lat' dir='ltr'><strong><em>columnis,</em></strong></span> <span class='ocrx_word' id='word_1_211' title='bbox 2667 1462 2835 1516; x_wconf 88' lang='lat' dir='ltr'><strong><em>altera</em></strong></span> <span class='ocrx_word' id='word_1_212' title='bbox 2866 1463 3098 1534; x_wconf 88' lang='lat' dir='ltr'><strong><em>lapidea,</em></strong></span> <span class='ocrx_word' id='word_1_213' title='bbox 3145 1465 3313 1518; x_wconf 89' lang='lat' dir='ltr'><strong><em>altera</em></strong></span> <span class='ocrx_word' id='word_1_214' title='bbox 3339 1467 3605 1530; x_wconf 73' lang='lat' dir='ltr'><strong><em>lateritia,</em></strong></span> <span class='ocrx_word' id='word_1_215' title='bbox 3643 1468 3696 1522; x_wconf 90' lang='lat' dir='ltr'><strong><em>in</em></strong></span> 
     </span>
    </p>
   </div>
   <div class='ocr_carea' id='block_1_31' title="bbox 2106 1549 3696 1618">
    <p class='ocr_par' dir='ltr' id='par_1_31' title="bbox 2106 1549 3696 1618">
     <span class='ocr_line' id='line_1_31' title="bbox 2106 1549 3696 1618; baseline 0.008 -18"><span class='ocrx_word' id='word_1_216' title='bbox 2106 1549 2307 1618; x_wconf 83' lang='lat' dir='ltr'><strong><em>quibus</em></strong></span> <span class='ocrx_word' id='word_1_217' title='bbox 2349 1558 2578 1618; x_wconf 84' lang='lat' dir='ltr'><strong><em>nepotes</em></strong></span> <span class='ocrx_word' id='word_1_218' title='bbox 2621 1550 2748 1605; x_wconf 85' lang='lat' dir='ltr'><strong><em>Setb</em></strong></span> <span class='ocrx_word' id='word_1_219' title='bbox 2799 1561 2926 1607; x_wconf 86' lang='lat' dir='ltr'><strong><em>ante</em></strong></span> <span class='ocrx_word' id='word_1_220' title='bbox 2965 1553 3279 1608; x_wconf 80' lang='lat' dir='ltr'><strong><em>illuvionem</em></strong></span> <span class='ocrx_word' id='word_1_221' title='bbox 3326 1555 3475 1610; x_wconf 87' lang='lat' dir='ltr'><strong><em>illam</em></strong></span> <span class='ocrx_word' id='word_1_222' title='bbox 3522 1559 3696 1612; x_wconf 74' lang='lat' dir='ltr'><strong><em>totius</em></strong></span> 
     </span>
    </p>
   </div>
   <div class='ocr_carea' id='block_1_32' title="bbox 2107 1637 3696 1715">
    <p class='ocr_par' dir='ltr' id='par_1_32' title="bbox 2107 1637 3696 1715">
     <span class='ocr_line' id='line_1_32' title="bbox 2107 1637 3696 1715; baseline 0.008 -25"><span class='ocrx_word' id='word_1_223' title='bbox 2107 1637 2258 1691; x_wconf 84' lang='lat' dir='ltr'><strong><em>orbis</em></strong></span> <span class='ocrx_word' id='word_1_224' title='bbox 2305 1638 2589 1691; x_wconf 84' lang='lat' dir='ltr'><strong><em>scientiam</em></strong></span> <span class='ocrx_word' id='word_1_225' title='bbox 2623 1655 2806 1694; x_wconf 90' lang='lat' dir='ltr'><strong><em>rerum</em></strong></span> <span class='ocrx_word' id='word_1_226' title='bbox 2859 1642 3165 1697; x_wconf 75' lang='lat' dir='ltr'><strong><em>etnlestium</em></strong></span> <span class='ocrx_word' id='word_1_227' title='bbox 3206 1644 3274 1698; x_wconf 87' lang='lat' dir='ltr'><strong><em>ab</em></strong></span> <span class='ocrx_word' id='word_1_228' title='bbox 3321 1646 3455 1715; x_wconf 87' lang='lat' dir='ltr'><strong><em>ipsis</em></strong></span> <span class='ocrx_word' id='word_1_229' title='bbox 3495 1647 3696 1701; x_wconf 79' lang='lat' dir='ltr'><strong><em>inven-</em></strong></span> 
     </span>
    </p>
   </div>
   <div class='ocr_carea' id='block_1_33' title="bbox 2111 1727 3697 1808">
    <p class='ocr_par' dir='ltr' id='par_1_33' title="bbox 2111 1727 3697 1808">
     <span class='ocr_line' id='line_1_33' title="bbox 2111 1727 3697 1808; baseline 0.009 -30"><span class='ocrx_word' id='word_1_230' title='bbox 2111 1734 2245 1790; x_wconf 89' lang='lat' dir='ltr'><strong><em>tam,</em></strong></span> <span class='ocrx_word' id='word_1_231' title='bbox 2292 1727 2487 1783; x_wconf 83' lang='lat' dir='ltr'><strong><em>litteris</em></strong></span> <span class='ocrx_word' id='word_1_232' title='bbox 2530 1729 2882 1799; x_wconf 89' lang='lat' dir='ltr'><strong><em>inscnlptam,</em></strong></span> <span class='ocrx_word' id='word_1_233' title='bbox 2922 1735 3405 1806; x_wconf 84' lang='lat' dir='ltr'><strong><em>consignatamque</em></strong></span> <span class='ocrx_word' id='word_1_234' title='bbox 3452 1739 3697 1808; x_wconf 89' lang='lat' dir='ltr'><strong><em>relique-</em></strong></span> 
     </span>
    </p>
   </div>
   <div class='ocr_carea' id='block_1_34' title="bbox 415 1806 3694 1896">
    <p class='ocr_par' dir='ltr' id='par_1_34' title="bbox 415 1806 3694 1896">
     <span class='ocr_line' id='line_1_34' title="bbox 415 1806 3694 1896; baseline 0.008 -40"><span class='ocrx_word' id='word_1_235' title='bbox 415 1806 504 1863; x_wconf 84' lang='lat' dir='ltr'><strong><em>nis</em></strong></span> <span class='ocrx_word' id='word_1_236' title='bbox 537 1812 757 1864; x_wconf 86' lang='lat' dir='ltr'><strong><em>modum</em></strong></span> <span class='ocrx_word' id='word_1_237' title='bbox 808 1815 945 1868; x_wconf 73' lang='lat' dir='ltr'><strong><em>mire</em></strong></span> <span class='ocrx_word' id='word_1_238' title='bbox 996 1819 1228 1886; x_wconf 61' lang='lat' dir='ltr'><strong><em>amplexi</em></strong></span> <span class='ocrx_word' id='word_1_239' title='bbox 1269 1831 1420 1881; x_wconf 66' lang='lat' dir='ltr'><strong><em>sum,</em></strong></span> <span class='ocrx_word' id='word_1_240' title='bbox 1459 1823 1533 1876; x_wconf 56' lang='lat' dir='ltr'><strong><em>ita</em></strong></span> <span class='ocrx_word' id='word_1_241' title='bbox 1583 1833 1641 1877; x_wconf 80' lang='grc' dir='ltr'>υι</span> <span class='ocrx_word' id='word_1_242' title='bbox 1693 1826 1855 1879; x_wconf 55' lang='lat' dir='ltr'><strong><em>etiam</em></strong></span> <span class='ocrx_word' id='word_1_243' title='bbox 1913 1843 2005 1881; x_wconf 70' lang='lat' dir='ltr'><strong><em>ac-</em></strong></span> <span class='ocrx_word' id='word_1_244' title='bbox 2037 1811 2077 1866; x_wconf 84' lang='grc' dir='ltr'><strong>Β</strong></span> <span class='ocrx_word' id='word_1_245' title='bbox 2107 1825 2256 1880; x_wconf 90' lang='lat' dir='ltr'><strong><em>runt,</em></strong></span> <span class='ocrx_word' id='word_1_246' title='bbox 2286 1820 2420 1874; x_wconf 90' lang='lat' dir='ltr'><strong><em>satis</em></strong></span> <span class='ocrx_word' id='word_1_247' title='bbox 2461 1819 2822 1875; x_wconf 76' lang='lat' dir='ltr'><strong><em>confirmatur</em></strong></span> <span class='ocrx_word' id='word_1_248' title='bbox 2850 1823 3142 1895; x_wconf 82' lang='lat' dir='ltr'><strong><em>Augustini</em></strong></span> <span class='ocrx_word' id='word_1_249' title='bbox 3184 1827 3388 1896; x_wconf 89' lang='lat' dir='ltr'><strong><em>opinio.</em></strong></span> <span class='ocrx_word' id='word_1_250' title='bbox 3427 1826 3521 1882; x_wconf 88' lang='lat' dir='ltr'><strong><em>Sic</em></strong></span> <span class='ocrx_word' id='word_1_251' title='bbox 3564 1831 3694 1884; x_wconf 89' lang='lat' dir='ltr'><strong><em>item</em></strong></span> 
     </span>
    </p>
   </div>
   <div class='ocr_carea' id='block_1_35' title="bbox 415 1902 2004 1985">
    <p class='ocr_par' dir='ltr' id='par_1_35' title="bbox 415 1902 2004 1985">
     <span class='ocr_line' id='line_1_35' title="bbox 415 1902 2004 1985; baseline 0.012 -31"><span class='ocrx_word' id='word_1_252' title='bbox 415 1909 578 1971; x_wconf 87' lang='lat' dir='ltr'><strong><em>cepto</em></strong></span> <span class='ocrx_word' id='word_1_253' title='bbox 613 1902 1038 1960; x_wconf 87' lang='lat' dir='ltr'><strong><em>Cbristianismo</em></strong></span> <span class='ocrx_word' id='word_1_254' title='bbox 1075 1913 1342 1980; x_wconf 63' lang='lat' dir='ltr'><strong><em>praeputia</em></strong></span> <span class='ocrx_word' id='word_1_255' title='bbox 1379 1913 1444 1966; x_wconf 90' lang='lat' dir='ltr'><strong><em>ad</em></strong></span> <span class='ocrx_word' id='word_1_256' title='bbox 1487 1915 1628 1969; x_wconf 88' lang='lat' dir='ltr'><strong><em>hanc</em></strong></span> <span class='ocrx_word' id='word_1_257' title='bbox 1659 1931 1833 1985; x_wconf 89' lang='lat' dir='ltr'><strong><em>usque</em></strong></span> <span class='ocrx_word' id='word_1_258' title='bbox 1859 1918 2004 1973; x_wconf 83' lang='lat' dir='ltr'><strong><em>diem</em></strong></span> 
     </span>
    </p>
   </div>
   <div class='ocr_carea' id='block_1_36' title="bbox 415 1998 2005 2075">
    <p class='ocr_par' dir='ltr' id='par_1_36' title="bbox 415 1998 2005 2075">
     <span class='ocr_line' id='line_1_36' title="bbox 415 1998 2005 2075; baseline 0.011 -29"><span class='ocrx_word' id='word_1_259' title='bbox 415 2003 663 2062; x_wconf 83' lang='lat' dir='ltr'><strong><em>ponant;</em></strong></span> <span class='ocrx_word' id='word_1_260' title='bbox 698 1998 842 2067; x_wconf 84' lang='lat' dir='ltr'><strong><em>quod</em></strong></span> <span class='ocrx_word' id='word_1_261' title='bbox 876 2015 941 2054; x_wconf 85' lang='lat' dir='ltr'><strong><em>ex</em></strong></span> <span class='ocrx_word' id='word_1_262' title='bbox 973 2002 1197 2071; x_wconf 81' lang='lat' dir='ltr'><strong><em>antiqua</em></strong></span> <span class='ocrx_word' id='word_1_263' title='bbox 1224 2005 1345 2072; x_wconf 89' lang='lat' dir='ltr'><strong><em>ejus</em></strong></span> <span class='ocrx_word' id='word_1_264' title='bbox 1395 2009 1570 2075; x_wconf 78' lang='lat' dir='ltr'><strong><em>gentis</em></strong></span> <span class='ocrx_word' id='word_1_265' title='bbox 1612 2010 2005 2064; x_wconf 87' lang='lat' dir='ltr'><strong><em>consuetudine</em></strong></span> 
     </span>
    </p>
   </div>
   <div class='ocr_carea' id='block_1_37' title="bbox 415 2086 2006 2168">
    <p class='ocr_par' dir='ltr' id='par_1_37' title="bbox 415 2086 2006 2168">
     <span class='ocr_line' id='line_1_37' title="bbox 415 2086 2006 2168; baseline 0.011 -29"><span class='ocrx_word' id='word_1_266' title='bbox 415 2086 599 2142; x_wconf 79' lang='lat' dir='ltr'><strong><em>facere</em></strong></span> <span class='ocrx_word' id='word_1_267' title='bbox 637 2090 788 2159; x_wconf 87' lang='lat' dir='ltr'><strong><em>ipsos</em></strong></span> <span class='ocrx_word' id='word_1_268' title='bbox 827 2092 947 2147; x_wconf 89' lang='lat' dir='ltr'><strong><em>sine</em></strong></span> <span class='ocrx_word' id='word_1_269' title='bbox 1001 2092 1272 2158; x_wconf 56' lang='lat' dir='ltr'><strong><em>Judaisgni</em></strong></span> <span class='ocrx_word' id='word_1_270' title='bbox 1323 2101 1715 2168; x_wconf 87' lang='lat' dir='ltr'><strong><em>superstitione</em></strong></span> <span class='ocrx_word' id='word_1_271' title='bbox 1773 2109 2006 2156; x_wconf 84' lang='lat' dir='ltr'><strong><em>testatur</em></strong></span> 
     </span>
    </p>
   </div>
   <div class='ocr_carea' id='block_1_38' title="bbox 413 2177 2002 2263">
    <p class='ocr_par' dir='ltr' id='par_1_38' title="bbox 413 2177 2002 2263">
     <span class='ocr_line' id='line_1_38' title="bbox 413 2177 2002 2263; baseline 0.012 -32"><span class='ocrx_word' id='word_1_272' title='bbox 413 2177 685 2250; x_wconf 68' lang='lat' dir='ltr'><strong><em>Iosephus</em></strong></span> <span class='ocrx_word' id='word_1_273' title='bbox 717 2183 980 2253; x_wconf 72' lang='lat' dir='ltr'><strong><em>Scaliger,</em></strong></span> <span class='ocrx_word' id='word_1_274' title='bbox 1007 2186 1102 2240; x_wconf 87' lang='lat' dir='ltr'><strong><em>lib.</em></strong></span> <span class='ocrx_word' id='word_1_275' title='bbox 1135 2203 1212 2240; x_wconf 81' lang='lat' dir='ltr'><strong><em>vn</em></strong></span> <span class='ocrx_word' id='word_1_276' title='bbox 1246 2188 1322 2242; x_wconf 81' lang='lat' dir='ltr'><strong><em>De</em></strong></span> <span class='ocrx_word' id='word_1_277' title='bbox 1354 2191 1559 2246; x_wconf 87' lang='lat' dir='ltr'><strong><em>emend.</em></strong></span> <span class='ocrx_word' id='word_1_278' title='bbox 1589 2201 1766 2260; x_wconf 84' lang='lat' dir='ltr'><strong><em>temp.,</em></strong></span> <span class='ocrx_word' id='word_1_279' title='bbox 1799 2211 1852 2263; x_wconf 93' lang='lat' dir='ltr'><strong><em>p.</em></strong></span> <span class='ocrx_word' id='word_1_280' title='bbox 1876 2194 2002 2250; x_wconf 79' lang='grc'>640.</span> 
     </span>
    </p>
   </div>
   <div class='ocr_carea' id='block_1_39' title="bbox 416 2271 2005 2354">
    <p class='ocr_par' dir='ltr' id='par_1_39' title="bbox 416 2271 2005 2354">
     <span class='ocr_line' id='line_1_39' title="bbox 416 2271 2005 2354; baseline 0.009 -29"><span class='ocrx_word' id='word_1_281' title='bbox 416 2271 500 2326; x_wconf 83' lang='grc' dir='ltr'>Αη</span> <span class='ocrx_word' id='word_1_282' title='bbox 541 2283 764 2343; x_wconf 82' lang='lat' dir='ltr'><strong><em>propter</em></strong></span> <span class='ocrx_word' id='word_1_283' title='bbox 812 2276 918 2331; x_wconf 85' lang='lat' dir='ltr'><strong><em>hoc</em></strong></span> <span class='ocrx_word' id='word_1_284' title='bbox 953 2286 1006 2332; x_wconf 88' lang='lat' dir='ltr'><strong><em>et</em></strong></span> <span class='ocrx_word' id='word_1_285' title='bbox 1048 2293 1079 2332; x_wconf 83' lang='lat' dir='ltr'><strong><em>a</em></strong></span> <span class='ocrx_word' id='word_1_286' title='bbox 1130 2282 1424 2351; x_wconf 83' lang='lat' dir='ltr'><strong><em>gentilismi</em></strong></span> <span class='ocrx_word' id='word_1_287' title='bbox 1472 2287 1864 2354; x_wconf 87' lang='lat' dir='ltr'><strong><em>superstitione</em></strong></span> <span class='ocrx_word' id='word_1_288' title='bbox 1904 2288 2005 2341; x_wconf 88' lang='lat' dir='ltr'><strong><em>im-</em></strong></span> 
     </span>
    </p>
   </div>
   <div class='ocr_carea' id='block_1_40' title="bbox 416 2365 945 2436">
    <p class='ocr_par' dir='ltr' id='par_1_40' title="bbox 416 2365 945 2436">
     <span class='ocr_line' id='line_1_40' title="bbox 416 2365 945 2436; baseline 0.008 -18"><span class='ocrx_word' id='word_1_289' title='bbox 416 2365 650 2419; x_wconf 86' lang='lat' dir='ltr'><strong><em>munes?</em></strong></span> <span class='ocrx_word' id='word_1_290' title='bbox 681 2365 945 2436; x_wconf 83' lang='lat' dir='ltr'><strong><em>Scaliger.</em></strong></span> 
     </span>
    </p>
   </div>
   <div class='ocr_carea' id='block_1_41' title="bbox 485 2455 2005 2530">
    <p class='ocr_par' dir='ltr' id='par_1_41' title="bbox 485 2455 2005 2530">
     <span class='ocr_line' id='line_1_41' title="bbox 485 2455 2005 2530; baseline 0.01 -23"><span class='ocrx_word' id='word_1_291' title='bbox 485 2455 594 2509; x_wconf 82' lang='lat' dir='ltr'><strong><em>Ibid</em></strong></span> <span class='ocrx_word' id='word_1_292' title='bbox 626 2497 642 2521; x_wconf 91' lang='lat'><strong><em>,</em></strong></span> <span class='ocrx_word' id='word_1_293' title='bbox 673 2457 769 2511; x_wconf 89' lang='lat' dir='ltr'><strong><em>lin.</em></strong></span> <span class='ocrx_word' id='word_1_294' title='bbox 803 2461 894 2512; x_wconf 69' lang='lat'><strong><em>23.</em></strong></span> <span class='ocrx_word' id='word_1_295' title='bbox 923 2461 1044 2513; x_wconf 85' lang='grc' dir='ltr'><strong><em>Ἔτι</em></strong></span> <span class='ocrx_word' id='word_1_296' title='bbox 1075 2460 1144 2514; x_wconf 84' lang='grc' dir='ltr'>δὲ</span> <span class='ocrx_word' id='word_1_297' title='bbox 1177 2461 1274 2515; x_wconf 77' lang='grc' dir='ltr'><strong><em>καί</em></strong></span> <span class='ocrx_word' id='word_1_298' title='bbox 1302 2461 1436 2529; x_wconf 79' lang='grc' dir='ltr'>τήν.</span> <span class='ocrx_word' id='word_1_299' title='bbox 1472 2463 1605 2530; x_wconf 68' lang='lat' dir='ltr'><strong><em>Qum</em></strong></span> <span class='ocrx_word' id='word_1_300' title='bbox 1635 2464 1704 2520; x_wconf 86' lang='lat' dir='ltr'><strong><em>de</em></strong></span> <span class='ocrx_word' id='word_1_301' title='bbox 1733 2465 2005 2522; x_wconf 84' lang='lat' dir='ltr'><strong><em>divisione</em></strong></span> 
     </span>
    </p>
   </div>
   <div class='ocr_carea' id='block_1_42' title="bbox 414 2543 2004 2622">
    <p class='ocr_par' dir='ltr' id='par_1_42' title="bbox 414 2543 2004 2622">
     <span class='ocr_line' id='line_1_42' title="bbox 414 2543 2004 2622; baseline 0.009 -25"><span class='ocrx_word' id='word_1_302' title='bbox 414 2543 634 2616; x_wconf 63' lang='lat' dir='ltr'><strong><em>Egypli</em></strong></span> <span class='ocrx_word' id='word_1_303' title='bbox 671 2547 990 2605; x_wconf 87' lang='lat' dir='ltr'><strong><em>Eustathius</em></strong></span> <span class='ocrx_word' id='word_1_304' title='bbox 1039 2551 1209 2622; x_wconf 78' lang='lat' dir='ltr'><strong><em>Meysi</em></strong></span> <span class='ocrx_word' id='word_1_305' title='bbox 1260 2555 1456 2608; x_wconf 88' lang='lat' dir='ltr'><strong><em>tribuit</em></strong></span> <span class='ocrx_word' id='word_1_306' title='bbox 1500 2557 1714 2610; x_wconf 83' lang='lat' dir='ltr'><strong><em>videtur</em></strong></span> <span class='ocrx_word' id='word_1_307' title='bbox 1763 2559 2004 2612; x_wconf 82' lang='lat' dir='ltr'><strong><em>tribuere</em></strong></span> 
     </span>
    </p>
   </div>
   <div class='ocr_carea' id='block_1_43' title="bbox 411 2637 2005 2718">
    <p class='ocr_par' dir='ltr' id='par_1_43' title="bbox 411 2637 2005 2718">
     <span class='ocr_line' id='line_1_43' title="bbox 411 2637 2005 2718; baseline 0.008 -28"><span class='ocrx_word' id='word_1_308' title='bbox 411 2637 649 2709; x_wconf 84' lang='lat' dir='ltr'><strong><em>Josepho</em></strong></span> <span class='ocrx_word' id='word_1_309' title='bbox 669 2641 976 2698; x_wconf 80' lang='lat' dir='ltr'><strong><em>Alexander</em></strong></span> <span class='ocrx_word' id='word_1_310' title='bbox 993 2643 1305 2716; x_wconf 87' lang='lat' dir='ltr'><strong><em>Polyhistor</em></strong></span> <span class='ocrx_word' id='word_1_311' title='bbox 1321 2662 1383 2700; x_wconf 79' lang='lat' dir='ltr'><strong><em>ex</em></strong></span> <span class='ocrx_word' id='word_1_312' title='bbox 1411 2647 1690 2718; x_wconf 82' lang='lat' dir='ltr'><strong><em>Artapano</em></strong></span> <span class='ocrx_word' id='word_1_313' title='bbox 1713 2668 1725 2702; x_wconf 93' lang='lat'><strong>:</strong></span> <span class='ocrx_word' id='word_1_314' title='bbox 1754 2649 2005 2704; x_wconf 83' lang='grc' dir='ltr'>Ἐλθόντα</span> 
     </span>
    </p>
   </div>
   <div class='ocr_carea' id='block_1_44' title="bbox 411 2729 2005 2812">
    <p class='ocr_par' dir='ltr' id='par_1_44' title="bbox 411 2729 2005 2812">
     <span class='ocr_line' id='line_1_44' title="bbox 411 2729 2005 2812; baseline 0.008 -30"><span class='ocrx_word' id='word_1_315' title='bbox 411 2729 469 2782; x_wconf 85' lang='grc' dir='ltr'>δὲ</span> <span class='ocrx_word' id='word_1_316' title='bbox 505 2731 666 2784; x_wconf 81' lang='grc' dir='ltr'>αὑτὸν</span> <span class='ocrx_word' id='word_1_317' title='bbox 700 2735 780 2796; x_wconf 86' lang='grc' dir='ltr'><strong><em>είς</em></strong></span> <span class='ocrx_word' id='word_1_318' title='bbox 815 2735 915 2805; x_wconf 81' lang='grc' dir='ltr'>τὴν</span> <span class='ocrx_word' id='word_1_319' title='bbox 957 2735 1252 2804; x_wconf 74' lang='grc' dir='ltr'>Αἴγυπτον,</span> <span class='ocrx_word' id='word_1_320' title='bbox 1295 2740 1392 2791; x_wconf 69' lang='grc' dir='ltr'><strong><em>καὶ</em></strong></span> <span class='ocrx_word' id='word_1_321' title='bbox 1427 2739 1759 2794; x_wconf 75' lang='grc' dir='ltr'><strong><em>συσταθέντα</em></strong></span> <span class='ocrx_word' id='word_1_322' title='bbox 1799 2741 1876 2812; x_wconf 80' lang='grc' dir='ltr'><strong><em>τῷ</em></strong></span> <span class='ocrx_word' id='word_1_323' title='bbox 1909 2742 2005 2811; x_wconf 87' lang='grc' dir='ltr'><strong><em>βα-</em></strong></span> 
     </span>
    </p>
   </div>
   <div class='ocr_carea' id='block_1_45' title="bbox 413 2821 2004 2905">
    <p class='ocr_par' dir='ltr' id='par_1_45' title="bbox 413 2821 2004 2905">
     <span class='ocr_line' id='line_1_45' title="bbox 413 2821 2004 2905; baseline 0.009 -32"><span class='ocrx_word' id='word_1_324' title='bbox 413 2821 553 2874; x_wconf 90' lang='grc' dir='ltr'>σιλεῖ</span> <span class='ocrx_word' id='word_1_325' title='bbox 593 2823 870 2896; x_wconf 81' lang='grc' dir='ltr'>διοικητὴν</span> <span class='ocrx_word' id='word_1_326' title='bbox 897 2827 997 2897; x_wconf 82' lang='grc' dir='ltr'><strong><em>τῆς</em></strong></span> <span class='ocrx_word' id='word_1_327' title='bbox 1046 2828 1174 2899; x_wconf 84' lang='grc' dir='ltr'><strong><em>ὅλης</em></strong></span> <span class='ocrx_word' id='word_1_328' title='bbox 1209 2829 1462 2897; x_wconf 90' lang='grc' dir='ltr'>γενέσθαι</span> <span class='ocrx_word' id='word_1_329' title='bbox 1495 2831 1698 2900; x_wconf 84' lang='grc' dir='ltr'>χώρας,</span> <span class='ocrx_word' id='word_1_330' title='bbox 1737 2835 1830 2887; x_wconf 70' lang='grc' dir='ltr'><strong><em>καὶ</em></strong></span> <span class='ocrx_word' id='word_1_331' title='bbox 1870 2834 2004 2905; x_wconf 87' lang='grc' dir='ltr'>πρό-</span> 
     </span>
    </p>
   </div>
   <div class='ocr_carea' id='block_1_46' title="bbox 412 2917 2002 2996">
    <p class='ocr_par' dir='ltr' id='par_1_46' title="bbox 412 2917 2002 2996">
     <span class='ocr_line' id='line_1_46' title="bbox 412 2917 2002 2996; baseline 0.008 -30"><span class='ocrx_word' id='word_1_332' title='bbox 412 2931 572 2986; x_wconf 81' lang='grc' dir='ltr'>τερον</span> <span class='ocrx_word' id='word_1_333' title='bbox 599 2917 850 2981; x_wconf 83' lang='grc' dir='ltr'>ἀτάκτως</span> <span class='ocrx_word' id='word_1_334' title='bbox 872 2919 979 2973; x_wconf 87' lang='grc' dir='ltr'><strong><em>τῶν</em></strong></span> <span class='ocrx_word' id='word_1_335' title='bbox 1011 2922 1322 2989; x_wconf 75' lang='grc' dir='ltr'>Αἰγυπτίων</span> <span class='ocrx_word' id='word_1_336' title='bbox 1349 2924 1796 2996; x_wconf 84' lang='grc' dir='ltr'>γεωμορούντων,</span> <span class='ocrx_word' id='word_1_337' title='bbox 1831 2925 1918 2979; x_wconf 82' lang='grc' dir='ltr'>διὰ</span> <span class='ocrx_word' id='word_1_338' title='bbox 1941 2926 2002 2979; x_wconf 86' lang='grc' dir='ltr'>τὸ</span> 
     </span>
    </p>
   </div>
   <div class='ocr_carea' id='block_1_47' title="bbox 409 3007 2001 3083">
    <p class='ocr_par' dir='ltr' id='par_1_47' title="bbox 409 3007 2001 3083">
     <span class='ocr_line' id='line_1_47' title="bbox 409 3007 2001 3083; baseline 0.008 -26"><span class='ocrx_word' id='word_1_339' title='bbox 409 3007 512 3078; x_wconf 80' lang='grc' dir='ltr'>τὴν</span> <span class='ocrx_word' id='word_1_340' title='bbox 546 3007 728 3080; x_wconf 82' lang='grc' dir='ltr'>χώραν</span> <span class='ocrx_word' id='word_1_341' title='bbox 765 3009 1068 3083; x_wconf 85' lang='grc' dir='ltr'>ἀδιαίρετον</span> <span class='ocrx_word' id='word_1_342' title='bbox 1095 3009 1252 3077; x_wconf 75' lang='grc' dir='ltr'>εἶναι,</span> <span class='ocrx_word' id='word_1_343' title='bbox 1289 3015 1382 3067; x_wconf 80' lang='grc' dir='ltr'><strong><em>καὶ</em></strong></span> <span class='ocrx_word' id='word_1_344' title='bbox 1412 3016 1520 3069; x_wconf 81' lang='grc' dir='ltr'><strong><em>τῶν</em></strong></span> <span class='ocrx_word' id='word_1_345' title='bbox 1552 3016 1856 3070; x_wconf 79' lang='grc' dir='ltr'>ἐλασσόνων</span> <span class='ocrx_word' id='word_1_346' title='bbox 1897 3017 2001 3070; x_wconf 77' lang='grc' dir='ltr'>ὑπὸ</span> 
     </span>
    </p>
   </div>
   <div class='ocr_carea' id='block_1_48' title="bbox 409 3099 2072 3212">
    <p class='ocr_par' dir='ltr' id='par_1_48' title="bbox 409 3099 2072 3212">
     <span class='ocr_line' id='line_1_48' title="bbox 409 3099 2072 3212; baseline 0.004 -58"><span class='ocrx_word' id='word_1_347' title='bbox 409 3099 520 3154; x_wconf 78' lang='grc' dir='ltr'>τῶν</span> <span class='ocrx_word' id='word_1_348' title='bbox 551 3103 879 3172; x_wconf 86' lang='grc' dir='ltr'>κρεισσόνων</span> <span class='ocrx_word' id='word_1_349' title='bbox 912 3105 1306 3177; x_wconf 80' lang='grc' dir='ltr'>ἀδικουμένων,</span> <span class='ocrx_word' id='word_1_350' title='bbox 1337 3107 1526 3161; x_wconf 83' lang='grc' dir='ltr'>τοῦτον</span> <span class='ocrx_word' id='word_1_351' title='bbox 1567 3108 1781 3178; x_wconf 83' lang='grc' dir='ltr'>πρῶτον</span> <span class='ocrx_word' id='word_1_352' title='bbox 1817 3110 1914 3181; x_wconf 86' lang='grc' dir='ltr'>τήν</span> <span class='ocrx_word' id='word_1_353' title='bbox 1939 3126 1997 3161; x_wconf 88' lang='grc' dir='ltr'><strong><em>τε</em></strong></span> <span class='ocrx_word' id='word_1_354' title='bbox 2025 3147 2072 3212; x_wconf 80' lang='lat' dir='ltr'>c</span> 
     </span>
     <span class='ocr_line' id='line_1_49' title="bbox 416 3194 1961 3212; baseline 0 0"><span class='ocrx_word' id='word_1_355' title='bbox 416 3211 421 3212; x_wconf 63' lang='lat'><strong><em>,</em></strong></span> <span class='ocrx_word' id='word_1_356' title='bbox 449 3195 475 3205; x_wconf 83' lang='grc'><strong>-</strong></span> <span class='ocrx_word' id='word_1_357' title='bbox 547 3194 570 3212; x_wconf 59' lang='grc' dir='ltr'>μ</span> <span class='ocrx_word' id='word_1_358' title='bbox 624 3195 642 3212; x_wconf 61' lang='grc' dir='ltr'>ς</span> <span class='ocrx_word' id='word_1_359' title='bbox 684 3199 706 3212; x_wconf 88' lang='grc'><strong><em>..</em></strong></span> <span class='ocrx_word' id='word_1_360' title='bbox 860 3197 873 3212; x_wconf 85' lang='lat'><strong><em>.</em></strong></span> <span class='ocrx_word' id='word_1_361' title='bbox 923 3198 945 3212; x_wconf 81' lang='lat'><strong><em>..</em></strong></span> <span class='ocrx_word' id='word_1_362' title='bbox 1108 3199 1132 3212; x_wconf 72' lang='lat'><strong><em>-</em></strong></span> <span class='ocrx_word' id='word_1_363' title='bbox 1326 3202 1336 3212; x_wconf 92' lang='lat'><strong><em>.</em></strong></span> <span class='ocrx_word' id='word_1_364' title='bbox 1458 3200 1480 3212; x_wconf 63' lang='grc' dir='ltr'><strong>λ</strong></span> <span class='ocrx_word' id='word_1_365' title='bbox 1668 3202 1679 3212; x_wconf 93' lang='grc'><strong><em>.</em></strong></span> <span class='ocrx_word' id='word_1_366' title='bbox 1768 3200 1778 3212; x_wconf 91' lang='grc'><strong><em>.</em></strong></span> <span class='ocrx_word' id='word_1_367' title='bbox 1945 3201 1961 3212; x_wconf 88' lang='grc'><strong><em>.</em></strong></span> 
     </span>
    </p>
   </div>
   <div class='ocr_carea' id='block_1_49' title="bbox 410 3194 2001 3272">
    <p class='ocr_par' dir='ltr' id='par_1_49' title="bbox 410 3194 2001 3272">
     <span class='ocr_line' id='line_1_50' title="bbox 410 3194 2001 3272; baseline 0.005 -26"><span class='ocrx_word' id='word_1_368' title='bbox 410 3195 514 3264; x_wconf 83' lang='grc' dir='ltr'><strong><em>γῆν</em></strong></span> <span class='ocrx_word' id='word_1_369' title='bbox 542 3194 756 3260; x_wconf 84' lang='grc' dir='ltr'>διελεῖν,</span> <span class='ocrx_word' id='word_1_370' title='bbox 789 3197 883 3249; x_wconf 72' lang='grc' dir='ltr'>καὶ</span> <span class='ocrx_word' id='word_1_371' title='bbox 919 3198 1065 3269; x_wconf 85' lang='grc' dir='ltr'>ὅροις</span> <span class='ocrx_word' id='word_1_372' title='bbox 1103 3199 1568 3271; x_wconf 84' lang='grc' dir='ltr'>διασημήνασθαι,</span> <span class='ocrx_word' id='word_1_373' title='bbox 1594 3202 1690 3254; x_wconf 77' lang='grc' dir='ltr'><strong><em>καὶ</em></strong></span> <span class='ocrx_word' id='word_1_374' title='bbox 1727 3200 1826 3272; x_wconf 82' lang='grc' dir='ltr'><strong><em>τὴν</em></strong></span> <span class='ocrx_word' id='word_1_375' title='bbox 1875 3201 2001 3254; x_wconf 85' lang='grc' dir='ltr'>πολ-</span> 
     </span>
    </p>
   </div>
   <div class='ocr_carea' id='block_1_50' title="bbox 409 3287 2003 3363">
    <p class='ocr_par' dir='ltr' id='par_1_50' title="bbox 409 3287 2003 3363">
     <span class='ocr_line' id='line_1_51' title="bbox 409 3287 2003 3363; baseline 0.004 -23"><span class='ocrx_word' id='word_1_376' title='bbox 409 3287 507 3360; x_wconf 75' lang='grc' dir='ltr'>λὴν</span> <span class='ocrx_word' id='word_1_377' title='bbox 527 3290 924 3361; x_wconf 86' lang='grc' dir='ltr'>χερσευομένην</span> <span class='ocrx_word' id='word_1_378' title='bbox 945 3293 1330 3363; x_wconf 86' lang='grc' dir='ltr'>γεωργὴσιμον</span> <span class='ocrx_word' id='word_1_379' title='bbox 1361 3293 1708 3358; x_wconf 90' lang='grc' dir='ltr'>ἀποτελέσαι,</span> <span class='ocrx_word' id='word_1_380' title='bbox 1736 3295 1828 3346; x_wconf 90' lang='grc' dir='ltr'><strong><em>καί</em></strong></span> <span class='ocrx_word' id='word_1_381' title='bbox 1849 3310 2003 3359; x_wconf 89' lang='grc' dir='ltr'>τινας</span> 
     </span>
    </p>
   </div>
   <div class='ocr_carea' id='block_1_51' title="bbox 409 3380 2001 3456">
    <p class='ocr_par' dir='ltr' id='par_1_51' title="bbox 409 3380 2001 3456">
     <span class='ocr_line' id='line_1_52' title="bbox 409 3380 2001 3456; baseline 0.004 -24"><span class='ocrx_word' id='word_1_382' title='bbox 409 3380 520 3434; x_wconf 79' lang='grc' dir='ltr'><strong><em>τῶν</em></strong></span> <span class='ocrx_word' id='word_1_383' title='bbox 552 3380 800 3452; x_wconf 83' lang='grc' dir='ltr'>άρουρῶν</span> <span class='ocrx_word' id='word_1_384' title='bbox 836 3386 948 3445; x_wconf 86' lang='grc' dir='ltr'>τοῖς</span> <span class='ocrx_word' id='word_1_385' title='bbox 989 3383 1228 3454; x_wconf 82' lang='grc' dir='ltr'>ἱερεῦσιν</span> <span class='ocrx_word' id='word_1_386' title='bbox 1258 3384 1669 3456; x_wconf 80' lang='grc' dir='ltr'>ἀποκληρῶσαι.</span> <span class='ocrx_word' id='word_1_387' title='bbox 1706 3385 1905 3439; x_wconf 81' lang='grc' dir='ltr'>Τοῦτον</span> <span class='ocrx_word' id='word_1_388' title='bbox 1943 3386 2001 3440; x_wconf 88' lang='grc' dir='ltr'>δὲ</span> 
     </span>
    </p>
   </div>
   <div class='ocr_carea' id='block_1_52' title="bbox 410 3468 2003 3544">
    <p class='ocr_par' dir='ltr' id='par_1_52' title="bbox 410 3468 2003 3544">
     <span class='ocr_line' id='line_1_53' title="bbox 410 3468 2003 3544; baseline 0.006 -23"><span class='ocrx_word' id='word_1_389' title='bbox 410 3468 505 3522; x_wconf 83' lang='grc' dir='ltr'>καὶ</span> <span class='ocrx_word' id='word_1_390' title='bbox 542 3469 716 3542; x_wconf 82' lang='grc' dir='ltr'>μέτρα</span> <span class='ocrx_word' id='word_1_391' title='bbox 747 3471 947 3544; x_wconf 84' lang='grc' dir='ltr'>εὑρεῖν,</span> <span class='ocrx_word' id='word_1_392' title='bbox 980 3473 1074 3526; x_wconf 75' lang='grc' dir='ltr'><strong><em>καὶ</em></strong></span> <span class='ocrx_word' id='word_1_393' title='bbox 1123 3474 1376 3544; x_wconf 82' lang='grc' dir='ltr'>μεγάλως</span> <span class='ocrx_word' id='word_1_394' title='bbox 1416 3475 1580 3528; x_wconf 81' lang='grc' dir='ltr'>αὑτὸν</span> <span class='ocrx_word' id='word_1_395' title='bbox 1627 3477 1732 3528; x_wconf 82' lang='grc' dir='ltr'>ὑπὸ</span> <span class='ocrx_word' id='word_1_396' title='bbox 1764 3477 1873 3529; x_wconf 84' lang='grc' dir='ltr'>τῶν</span> <span class='ocrx_word' id='word_1_397' title='bbox 1908 3479 2003 3531; x_wconf 81' lang='grc' dir='ltr'><strong><em>Αί-</em></strong></span> 
     </span>
    </p>
   </div>
   <div class='ocr_carea' id='block_1_53' title="bbox 410 3561 2001 3637">
    <p class='ocr_par' dir='ltr' id='par_1_53' title="bbox 410 3561 2001 3637">
     <span class='ocr_line' id='line_1_54' title="bbox 410 3561 2001 3637; baseline 0.003 -23"><span class='ocrx_word' id='word_1_398' title='bbox 410 3561 652 3630; x_wconf 81' lang='grc' dir='ltr'>γυπτίων</span> <span class='ocrx_word' id='word_1_399' title='bbox 704 3562 791 3616; x_wconf 83' lang='grc' dir='ltr'>διὰ</span> <span class='ocrx_word' id='word_1_400' title='bbox 850 3563 1024 3616; x_wconf 77' lang='grc' dir='ltr'>ταῦτα</span> <span class='ocrx_word' id='word_1_401' title='bbox 1070 3566 1442 3636; x_wconf 77' lang='grc' dir='ltr'>ἀγαπηθῆναι.</span> <span class='ocrx_word' id='word_1_402' title='bbox 1500 3567 1680 3637; x_wconf 85' lang='grc' dir='ltr'>Γῆμαι</span> <span class='ocrx_word' id='word_1_403' title='bbox 1726 3567 1782 3621; x_wconf 84' lang='grc' dir='ltr'>δὲ</span> <span class='ocrx_word' id='word_1_404' title='bbox 1839 3569 2001 3621; x_wconf 77' lang='grc' dir='ltr'>αὑτὸν</span> 
     </span>
    </p>
   </div>
   <div class='ocr_carea' id='block_1_54' title="bbox 421 3651 2004 3730">
    <p class='ocr_par' dir='ltr' id='par_1_54' title="bbox 421 3651 2004 3730">
     <span class='ocr_line' id='line_1_55' title="bbox 421 3651 2004 3730; baseline 0.006 -26"><span class='ocrx_word' id='word_1_405' title='bbox 421 3651 824 3706; x_wconf 84' lang='grc' dir='ltr'>Ἦλιουπολίτου</span> <span class='ocrx_word' id='word_1_406' title='bbox 855 3655 1044 3726; x_wconf 84' lang='grc' dir='ltr'>ἱερέως</span> <span class='ocrx_word' id='word_1_407' title='bbox 1089 3656 1308 3710; x_wconf 86' lang='grc' dir='ltr'>Ἀσενέθ</span> <span class='ocrx_word' id='word_1_408' title='bbox 1339 3657 1633 3730; x_wconf 80' lang='grc' dir='ltr'>θυγατέρα,</span> <span class='ocrx_word' id='word_1_409' title='bbox 1660 3658 1716 3724; x_wconf 84' lang='grc' dir='ltr'>ἐξ</span> <span class='ocrx_word' id='word_1_410' title='bbox 1737 3655 1804 3730; x_wconf 85' lang='grc' dir='ltr'>ἦς</span> <span class='ocrx_word' id='word_1_411' title='bbox 1821 3661 2004 3730; x_wconf 86' lang='grc' dir='ltr'>γεννῆ-</span> 
     </span>
    </p>
   </div>
   <div class='ocr_carea' id='block_1_55' title="bbox 413 3745 2001 3820">
    <p class='ocr_par' dir='ltr' id='par_1_55' title="bbox 413 3745 2001 3820">
     <span class='ocr_line' id='line_1_56' title="bbox 413 3745 2001 3820; baseline 0.006 -24"><span class='ocrx_word' id='word_1_412' title='bbox 413 3759 503 3798; x_wconf 84' lang='grc' dir='ltr'><strong><em>σαι</em></strong></span> <span class='ocrx_word' id='word_1_413' title='bbox 532 3745 748 3810; x_wconf 81' lang='grc' dir='ltr'>παῖδας.</span> <span class='ocrx_word' id='word_1_414' title='bbox 773 3745 1136 3804; x_wconf 73' lang='lat' dir='ltr'><strong><em>Przefecturas</em></strong></span> <span class='ocrx_word' id='word_1_415' title='bbox 1176 3747 1397 3819; x_wconf 65' lang='lat' dir='ltr'><strong><em>Egypti</em></strong></span> <span class='ocrx_word' id='word_1_416' title='bbox 1428 3765 1456 3803; x_wconf 92' lang='lat' dir='ltr'><strong><em>a</em></strong></span> <span class='ocrx_word' id='word_1_417' title='bbox 1493 3749 1727 3820; x_wconf 84' lang='lat' dir='ltr'><strong><em>Memphi</em></strong></span> <span class='ocrx_word' id='word_1_418' title='bbox 1756 3750 1822 3804; x_wconf 88' lang='lat' dir='ltr'><strong><em>ad</em></strong></span> <span class='ocrx_word' id='word_1_419' title='bbox 1857 3748 2001 3805; x_wconf 89' lang='lat' dir='ltr'><strong><em>The-</em></strong></span> 
     </span>
    </p>
   </div>
   <div class='ocr_carea' id='block_1_56' title="bbox 409 3831 2000 3914">
    <p class='ocr_par' dir='ltr' id='par_1_56' title="bbox 409 3831 2000 3914">
     <span class='ocr_line' id='line_1_57' title="bbox 409 3831 2000 3914; baseline 0.003 -24"><span class='ocrx_word' id='word_1_420' title='bbox 409 3831 625 3891; x_wconf 84' lang='lat' dir='ltr'><strong><em>baidem</em></strong></span> <span class='ocrx_word' id='word_1_421' title='bbox 667 3854 840 3907; x_wconf 83' lang='lat' dir='ltr'><strong><em>usque</em></strong></span> <span class='ocrx_word' id='word_1_422' title='bbox 888 3848 1144 3914; x_wconf 85' lang='lat' dir='ltr'><strong><em>numerat</em></strong></span> <span class='ocrx_word' id='word_1_423' title='bbox 1187 3840 1618 3910; x_wconf 78' lang='lat' dir='ltr'><strong><em>Agatharcbides</em></strong></span> <span class='ocrx_word' id='word_1_424' title='bbox 1667 3841 1809 3911; x_wconf 88' lang='lat' dir='ltr'><strong><em>apud</em></strong></span> <span class='ocrx_word' id='word_1_425' title='bbox 1855 3840 2000 3895; x_wconf 89' lang='lat' dir='ltr'><strong><em>Pho-</em></strong></span> 
     </span>
    </p>
   </div>
   <div class='ocr_carea' id='block_1_57' title="bbox 409 3927 1997 4004">
    <p class='ocr_par' dir='ltr' id='par_1_57' title="bbox 409 3927 1997 4004">
     <span class='ocr_line' id='line_1_58' title="bbox 409 3927 1997 4004; baseline 0.003 -23"><span class='ocrx_word' id='word_1_426' title='bbox 409 3928 547 3982; x_wconf 79' lang='lat' dir='ltr'><strong><em>tium</em></strong></span> <span class='ocrx_word' id='word_1_427' title='bbox 597 3927 653 3982; x_wconf 89' lang='lat' dir='ltr'><strong><em>in</em></strong></span> <span class='ocrx_word' id='word_1_428' title='bbox 691 3928 858 3991; x_wconf 76' lang='lat' dir='ltr'><strong><em>Bibl.,</em></strong></span> <span class='ocrx_word' id='word_1_429' title='bbox 893 3929 1114 3995; x_wconf 88' lang='lat' dir='ltr'><strong><em>Strabo,</em></strong></span> <span class='ocrx_word' id='word_1_430' title='bbox 1157 3931 1252 3986; x_wconf 90' lang='lat' dir='ltr'><strong><em>lib.</em></strong></span> <span class='ocrx_word' id='word_1_431' title='bbox 1282 3947 1418 3996; x_wconf 76' lang='lat' dir='ltr'><strong><em>xv&quot;,</em></strong></span> <span class='ocrx_word' id='word_1_432' title='bbox 1462 3932 1757 4004; x_wconf 62' lang='lat' dir='ltr'><strong><em>Egyptum</em></strong></span> <span class='ocrx_word' id='word_1_433' title='bbox 1807 3934 1997 3989; x_wconf 86' lang='lat' dir='ltr'><strong><em>scribit</em></strong></span> 
     </span>
    </p>
   </div>
   <div class='ocr_carea' id='block_1_58' title="bbox 409 4021 1998 4094">
    <p class='ocr_par' dir='ltr' id='par_1_58' title="bbox 409 4021 1998 4094">
     <span class='ocr_line' id='line_1_59' title="bbox 409 4021 1998 4094; baseline 0.006 -22"><span class='ocrx_word' id='word_1_434' title='bbox 409 4021 646 4090; x_wconf 81' lang='lat' dir='ltr'><strong><em>primum</em></strong></span> <span class='ocrx_word' id='word_1_435' title='bbox 675 4021 908 4077; x_wconf 85' lang='lat' dir='ltr'><strong><em>divisam</em></strong></span> <span class='ocrx_word' id='word_1_436' title='bbox 945 4025 1001 4078; x_wconf 92' lang='lat' dir='ltr'><strong><em>in</em></strong></span> <span class='ocrx_word' id='word_1_437' title='bbox 1034 4024 1410 4094; x_wconf 63' lang='lat' dir='ltr'><strong><em>praefecturas,</em></strong></span> <span class='ocrx_word' id='word_1_438' title='bbox 1444 4025 1774 4080; x_wconf 87' lang='lat' dir='ltr'><strong><em>Thcbaciam</em></strong></span> <span class='ocrx_word' id='word_1_439' title='bbox 1813 4026 1863 4080; x_wconf 91' lang='lat' dir='ltr'><strong><em>in</em></strong></span> <span class='ocrx_word' id='word_1_440' title='bbox 1905 4027 1998 4082; x_wconf 89' lang='lat' dir='ltr'><strong><em>de-</em></strong></span> 
     </span>
    </p>
   </div>
   <div class='ocr_carea' id='block_1_59' title="bbox 409 4113 1998 4183">
    <p class='ocr_par' dir='ltr' id='par_1_59' title="bbox 409 4113 1998 4183">
     <span class='ocr_line' id='line_1_60' title="bbox 409 4113 1998 4183; baseline 0.003 -18"><span class='ocrx_word' id='word_1_441' title='bbox 409 4126 553 4175; x_wconf 86' lang='lat' dir='ltr'><strong><em>cem,</em></strong></span> <span class='ocrx_word' id='word_1_442' title='bbox 588 4127 731 4176; x_wconf 86' lang='lat' dir='ltr'><strong><em>eam,</em></strong></span> <span class='ocrx_word' id='word_1_443' title='bbox 763 4129 884 4183; x_wconf 67' lang='lat' dir='ltr'><strong><em>quae</em></strong></span> <span class='ocrx_word' id='word_1_444' title='bbox 918 4113 970 4168; x_wconf 92' lang='lat' dir='ltr'><strong><em>in</em></strong></span> <span class='ocrx_word' id='word_1_445' title='bbox 1000 4114 1174 4179; x_wconf 88' lang='lat' dir='ltr'><strong><em>Delta,</em></strong></span> <span class='ocrx_word' id='word_1_446' title='bbox 1208 4117 1263 4170; x_wconf 91' lang='lat' dir='ltr'><strong><em>in</em></strong></span> <span class='ocrx_word' id='word_1_447' title='bbox 1301 4117 1437 4170; x_wconf 89' lang='lat' dir='ltr'><strong><em>alias</em></strong></span> <span class='ocrx_word' id='word_1_448' title='bbox 1486 4117 1698 4181; x_wconf 89' lang='lat' dir='ltr'><strong><em>decem,</em></strong></span> <span class='ocrx_word' id='word_1_449' title='bbox 1739 4115 1998 4171; x_wconf 88' lang='lat' dir='ltr'><strong><em>Interme-</em></strong></span> 
     </span>
    </p>
   </div>
   <div class='ocr_carea' id='block_1_60' title="bbox 409 4201 1998 4278">
    <p class='ocr_par' dir='ltr' id='par_1_60' title="bbox 409 4201 1998 4278">
     <span class='ocr_line' id='line_1_61' title="bbox 409 4201 1998 4278; baseline 0.004 -24"><span class='ocrx_word' id='word_1_450' title='bbox 409 4201 555 4256; x_wconf 87' lang='lat' dir='ltr'><strong><em>diam</em></strong></span> <span class='ocrx_word' id='word_1_451' title='bbox 587 4204 642 4258; x_wconf 91' lang='lat' dir='ltr'><strong><em>in</em></strong></span> <span class='ocrx_word' id='word_1_452' title='bbox 675 4205 936 4260; x_wconf 90' lang='lat' dir='ltr'><strong><em>sedecim.</em></strong></span> <span class='ocrx_word' id='word_1_453' title='bbox 968 4205 1070 4261; x_wconf 89' lang='lat' dir='ltr'><strong><em>Tot</em></strong></span> <span class='ocrx_word' id='word_1_454' title='bbox 1109 4207 1255 4261; x_wconf 88' lang='lat' dir='ltr'><strong><em>enim</em></strong></span> <span class='ocrx_word' id='word_1_455' title='bbox 1287 4217 1445 4262; x_wconf 87' lang='lat' dir='ltr'><strong><em>erant</em></strong></span> <span class='ocrx_word' id='word_1_456' title='bbox 1492 4207 1803 4276; x_wconf 90' lang='lat' dir='ltr'><strong><em>hujusmodi</em></strong></span> <span class='ocrx_word' id='word_1_457' title='bbox 1859 4223 1998 4278; x_wconf 73' lang='lat' dir='ltr'><strong><em>prae-</em></strong></span> 
     </span>
    </p>
   </div>
   <div class='ocr_carea' id='block_1_61' title="bbox 409 4292 1996 4369">
    <p class='ocr_par' dir='ltr' id='par_1_61' title="bbox 409 4292 1996 4369">
     <span class='ocr_line' id='line_1_62' title="bbox 409 4292 1996 4369; baseline 0.003 -21"><span class='ocrx_word' id='word_1_458' title='bbox 409 4292 659 4360; x_wconf 66' lang='lat' dir='ltr'><strong><em>fecturae,</em></strong></span> <span class='ocrx_word' id='word_1_459' title='bbox 688 4303 824 4365; x_wconf 89' lang='lat' dir='ltr'><strong><em>quot</em></strong></span> <span class='ocrx_word' id='word_1_460' title='bbox 847 4296 1151 4368; x_wconf 86' lang='lat' dir='ltr'><strong><em>labyrinthi</em></strong></span> <span class='ocrx_word' id='word_1_461' title='bbox 1192 4299 1351 4362; x_wconf 73' lang='lat' dir='ltr'><strong><em>aulze,</em></strong></span> <span class='ocrx_word' id='word_1_462' title='bbox 1380 4313 1502 4368; x_wconf 67' lang='lat' dir='ltr'><strong><em>qua:</em></strong></span> <span class='ocrx_word' id='word_1_463' title='bbox 1527 4300 1751 4356; x_wconf 88' lang='lat' dir='ltr'><strong><em>circiter</em></strong></span> <span class='ocrx_word' id='word_1_464' title='bbox 1772 4300 1996 4369; x_wconf 81' lang='lat' dir='ltr'><strong><em>triginta</em></strong></span> 
     </span>
    </p>
   </div>
   <div class='ocr_carea' id='block_1_62' title="bbox 407 4381 1994 4457">
    <p class='ocr_par' dir='ltr' id='par_1_62' title="bbox 407 4381 1994 4457">
     <span class='ocr_line' id='line_1_63' title="bbox 407 4381 1994 4457; baseline 0.004 -20"><span class='ocrx_word' id='word_1_465' title='bbox 407 4383 654 4439; x_wconf 82' lang='lat' dir='ltr'><strong><em>fuerunt.</em></strong></span> <span class='ocrx_word' id='word_1_466' title='bbox 680 4383 919 4440; x_wconf 80' lang='lat' dir='ltr'><strong><em>Rursum</em></strong></span> <span class='ocrx_word' id='word_1_467' title='bbox 949 4386 1307 4457; x_wconf 62' lang='lat' dir='ltr'><strong><em>praefecturas</em></strong></span> <span class='ocrx_word' id='word_1_468' title='bbox 1346 4387 1550 4443; x_wconf 75' lang='lat' dir='ltr'><strong><em>divisas</em></strong></span> <span class='ocrx_word' id='word_1_469' title='bbox 1575 4388 1629 4442; x_wconf 92' lang='lat' dir='ltr'><strong><em>in</em></strong></span> <span class='ocrx_word' id='word_1_470' title='bbox 1658 4381 1994 4456; x_wconf 77' lang='lat' dir='ltr'><strong><em>toparcbias,</em></strong></span> 
     </span>
    </p>
   </div>
   <div class='ocr_carea' id='block_1_63' title="bbox 2105 1905 3690 1984">
    <p class='ocr_par' dir='ltr' id='par_1_63' title="bbox 2105 1905 3690 1984">
     <span class='ocr_line' id='line_1_64' title="bbox 2105 1905 3690 1984; baseline 0.009 -28"><span class='ocrx_word' id='word_1_471' title='bbox 2105 1905 2447 1973; x_wconf 81' lang='lat' dir='ltr'><strong><em>explodenda</em></strong></span> <span class='ocrx_word' id='word_1_472' title='bbox 2480 1916 2563 1960; x_wconf 91' lang='lat' dir='ltr'><strong><em>est</em></strong></span> <span class='ocrx_word' id='word_1_473' title='bbox 2603 1906 2850 1965; x_wconf 87' lang='lat' dir='ltr'><strong><em>Philonis</em></strong></span> <span class='ocrx_word' id='word_1_474' title='bbox 2899 1913 3105 1980; x_wconf 85' lang='lat' dir='ltr'><strong><em>Opinio,</em></strong></span> <span class='ocrx_word' id='word_1_475' title='bbox 3161 1915 3254 1984; x_wconf 84' lang='lat' dir='ltr'><strong><em>qui</em></strong></span> <span class='ocrx_word' id='word_1_476' title='bbox 3299 1916 3366 1969; x_wconf 88' lang='lat' dir='ltr'><strong><em>ad</em></strong></span> <span class='ocrx_word' id='word_1_477' title='bbox 3409 1918 3690 1972; x_wconf 84' lang='lat' dir='ltr'><strong><em>Abraham</em></strong></span> 
     </span>
    </p>
   </div>
   <div class='ocr_carea' id='block_1_64' title="bbox 2106 1995 3471 2062">
    <p class='ocr_par' dir='ltr' id='par_1_64' title="bbox 2106 1995 3471 2062">
     <span class='ocr_line' id='line_1_65' title="bbox 2106 1995 3471 2062; baseline 0.01 -15"><span class='ocrx_word' id='word_1_478' title='bbox 2106 1995 2471 2050; x_wconf 86' lang='lat' dir='ltr'><strong><em>inventionem</em></strong></span> <span class='ocrx_word' id='word_1_479' title='bbox 2511 1998 2812 2053; x_wconf 89' lang='lat' dir='ltr'><strong><em>litterarum</em></strong></span> <span class='ocrx_word' id='word_1_480' title='bbox 2848 1999 3238 2058; x_wconf 84' lang='lat' dir='ltr'><strong><em>Hebraicarum</em></strong></span> <span class='ocrx_word' id='word_1_481' title='bbox 3281 2007 3471 2062; x_wconf 79' lang='lat' dir='ltr'><strong><em>refert.</em></strong></span> 
     </span>
    </p>
   </div>
   <div class='ocr_carea' id='block_1_65' title="bbox 2177 2084 3695 2164">
    <p class='ocr_par' dir='ltr' id='par_1_65' title="bbox 2177 2084 3695 2164">
     <span class='ocr_line' id='line_1_66' title="bbox 2177 2084 3695 2164; baseline 0.011 -23"><span class='ocrx_word' id='word_1_482' title='bbox 2177 2086 2336 2157; x_wconf 90' lang='lat' dir='ltr'><strong><em>lbid.,</em></strong></span> <span class='ocrx_word' id='word_1_483' title='bbox 2367 2089 2462 2144; x_wconf 91' lang='lat' dir='ltr'><strong><em>lin.</em></strong></span> <span class='ocrx_word' id='word_1_484' title='bbox 2494 2091 2583 2145; x_wconf 77' lang='grc'><strong><em>55.</em></strong></span> <span class='ocrx_word' id='word_1_485' title='bbox 2607 2084 2771 2146; x_wconf 76' lang='grc' dir='ltr'>Μετὰ</span> <span class='ocrx_word' id='word_1_486' title='bbox 2793 2092 2861 2145; x_wconf 83' lang='grc' dir='ltr'>δὲ</span> <span class='ocrx_word' id='word_1_487' title='bbox 2881 2093 2995 2162; x_wconf 73' lang='grc' dir='ltr'><strong><em>τὴν</em></strong></span> <span class='ocrx_word' id='word_1_488' title='bbox 3014 2096 3184 2152; x_wconf 77' lang='grc' dir='ltr'>κατά.</span> <span class='ocrx_word' id='word_1_489' title='bbox 3211 2097 3439 2164; x_wconf 84' lang='lat' dir='ltr'><strong><em>Quidam</em></strong></span> <span class='ocrx_word' id='word_1_490' title='bbox 3465 2103 3695 2157; x_wconf 74' lang='lat' dir='ltr'><strong><em>tradutt</em></strong></span> 
     </span>
    </p>
   </div>
   <div class='ocr_carea' id='block_1_66' title="bbox 2107 2179 3693 2266">
    <p class='ocr_par' dir='ltr' id='par_1_66' title="bbox 2107 2179 3693 2266">
     <span class='ocr_line' id='line_1_67' title="bbox 2107 2179 3693 2266; baseline 0.009 -32"><span class='ocrx_word' id='word_1_491' title='bbox 2107 2179 2345 2252; x_wconf 69' lang='lat' dir='ltr'><strong><em>Moysen:</em></strong></span> <span class='ocrx_word' id='word_1_492' title='bbox 2380 2189 2537 2252; x_wconf 85' lang='lat' dir='ltr'><strong><em>parta</em></strong></span> <span class='ocrx_word' id='word_1_493' title='bbox 2571 2183 2804 2238; x_wconf 77' lang='lat' dir='ltr'><strong><em>victoria</em></strong></span> <span class='ocrx_word' id='word_1_494' title='bbox 2840 2200 2966 2240; x_wconf 80' lang='lat' dir='ltr'><strong><em>cum</em></strong></span> <span class='ocrx_word' id='word_1_495' title='bbox 3004 2189 3188 2244; x_wconf 79' lang='lat' dir='ltr'><strong><em>redire</em></strong></span> <span class='ocrx_word' id='word_1_496' title='bbox 3219 2192 3384 2246; x_wconf 73' lang='lat' dir='ltr'><strong><em>vellet</em></strong></span> <span class='ocrx_word' id='word_1_497' title='bbox 3425 2193 3482 2247; x_wconf 90' lang='lat' dir='ltr'><strong><em>in</em></strong></span> <span class='ocrx_word' id='word_1_498' title='bbox 3518 2193 3693 2266; x_wconf 66' lang='grc' dir='ltr'>Ᾱῗεγο</span> 
     </span>
    </p>
   </div>
   <div class='ocr_carea' id='block_1_67' title="bbox 2106 2275 3690 2357">
    <p class='ocr_par' dir='ltr' id='par_1_67' title="bbox 2106 2275 3690 2357">
     <span class='ocr_line' id='line_1_68' title="bbox 2106 2275 3690 2357; baseline 0.009 -30"><span class='ocrx_word' id='word_1_499' title='bbox 2106 2283 2280 2345; x_wconf 89' lang='lat' dir='ltr'><strong><em>ptum,</em></strong></span> <span class='ocrx_word' id='word_1_500' title='bbox 2317 2290 2418 2329; x_wconf 91' lang='lat' dir='ltr'><strong><em>nec</em></strong></span> <span class='ocrx_word' id='word_1_501' title='bbox 2463 2275 2766 2332; x_wconf 88' lang='lat' dir='ltr'><strong><em>dimitteret</em></strong></span> <span class='ocrx_word' id='word_1_502' title='bbox 2810 2293 2934 2332; x_wconf 92' lang='lat' dir='ltr'><strong><em>eum</em></strong></span> <span class='ocrx_word' id='word_1_503' title='bbox 2969 2278 3227 2346; x_wconf 86' lang='lat' dir='ltr'><strong><em>Tharbis,</em></strong></span> <span class='ocrx_word' id='word_1_504' title='bbox 3264 2283 3466 2353; x_wconf 90' lang='lat' dir='ltr'><strong><em>ipsum,</em></strong></span> <span class='ocrx_word' id='word_1_505' title='bbox 3506 2295 3565 2340; x_wconf 88' lang='lat' dir='ltr'><strong><em>ut</em></strong></span> <span class='ocrx_word' id='word_1_506' title='bbox 3599 2290 3690 2357; x_wconf 84' lang='lat' dir='ltr'><strong><em>qui</em></strong></span> 
     </span>
    </p>
   </div>
   <div class='ocr_carea' id='block_1_68' title="bbox 2106 2366 3693 2444">
    <p class='ocr_par' dir='ltr' id='par_1_68' title="bbox 2106 2366 3693 2444">
     <span class='ocr_line' id='line_1_69' title="bbox 2106 2366 3693 2444; baseline 0.01 -28"><span class='ocrx_word' id='word_1_507' title='bbox 2106 2366 2471 2435; x_wconf 66' lang='lat' dir='ltr'><strong><em>peritissimus</em></strong></span> <span class='ocrx_word' id='word_1_508' title='bbox 2512 2376 2658 2421; x_wconf 89' lang='lat' dir='ltr'><strong><em>esset</em></strong></span> <span class='ocrx_word' id='word_1_509' title='bbox 2700 2376 2996 2433; x_wconf 90' lang='lat' dir='ltr'><strong><em>astrorum,</em></strong></span> <span class='ocrx_word' id='word_1_510' title='bbox 3032 2371 3170 2426; x_wconf 91' lang='lat' dir='ltr'><strong><em>duas</em></strong></span> <span class='ocrx_word' id='word_1_511' title='bbox 3210 2373 3478 2444; x_wconf 82' lang='lat' dir='ltr'><strong><em>imagines</em></strong></span> <span class='ocrx_word' id='word_1_512' title='bbox 3541 2379 3693 2432; x_wconf 86' lang='lat' dir='ltr'><strong><em>scul-</em></strong></span> 
     </span>
    </p>
   </div>
   <div class='ocr_carea' id='block_1_69' title="bbox 2106 2458 3693 2534">
    <p class='ocr_par' dir='ltr' id='par_1_69' title="bbox 2106 2458 3693 2534">
     <span class='ocr_line' id='line_1_70' title="bbox 2106 2458 3693 2534; baseline 0.008 -23"><span class='ocrx_word' id='word_1_513' title='bbox 2106 2458 2280 2526; x_wconf 87' lang='lat' dir='ltr'><strong><em>psisse</em></strong></span> <span class='ocrx_word' id='word_1_514' title='bbox 2316 2459 2370 2511; x_wconf 92' lang='lat' dir='ltr'><strong><em>in</em></strong></span> <span class='ocrx_word' id='word_1_515' title='bbox 2396 2459 2626 2528; x_wconf 85' lang='lat' dir='ltr'><strong><em>gemmis</em></strong></span> <span class='ocrx_word' id='word_1_516' title='bbox 2655 2460 2776 2528; x_wconf 87' lang='lat' dir='ltr'><strong><em>ejus</em></strong></span> <span class='ocrx_word' id='word_1_517' title='bbox 2807 2461 3047 2527; x_wconf 85' lang='lat' dir='ltr'><strong><em>virtutis,</em></strong></span> <span class='ocrx_word' id='word_1_518' title='bbox 3075 2478 3139 2517; x_wconf 90' lang='lat' dir='ltr'><strong><em>ac</em></strong></span> <span class='ocrx_word' id='word_1_519' title='bbox 3170 2468 3478 2534; x_wconf 87' lang='lat' dir='ltr'><strong><em>potestatis.</em></strong></span> <span class='ocrx_word' id='word_1_520' title='bbox 3515 2476 3576 2521; x_wconf 91' lang='lat' dir='ltr'><strong><em>ut</em></strong></span> <span class='ocrx_word' id='word_1_521' title='bbox 3612 2471 3693 2523; x_wconf 82' lang='lat' dir='ltr'><strong><em>al-</em></strong></span> 
     </span>
    </p>
   </div>
   <div class='ocr_carea' id='block_1_70' title="bbox 2104 2552 3694 2631">
    <p class='ocr_par' dir='ltr' id='par_1_70' title="bbox 2104 2552 3694 2631">
     <span class='ocr_line' id='line_1_71' title="bbox 2104 2552 3694 2631; baseline 0.01 -30"><span class='ocrx_word' id='word_1_522' title='bbox 2104 2555 2220 2602; x_wconf 86' lang='lat' dir='ltr'><strong><em>tera</em></strong></span> <span class='ocrx_word' id='word_1_523' title='bbox 2258 2552 2572 2605; x_wconf 83' lang='lat' dir='ltr'><strong><em>memoriam</em></strong></span> <span class='ocrx_word' id='word_1_524' title='bbox 2600 2552 2836 2616; x_wconf 80' lang='lat' dir='ltr'><strong><em>alTerret,</em></strong></span> <span class='ocrx_word' id='word_1_525' title='bbox 2862 2554 3030 2607; x_wconf 89' lang='lat' dir='ltr'><strong><em>altera</em></strong></span> <span class='ocrx_word' id='word_1_526' title='bbox 3055 2555 3385 2612; x_wconf 78' lang='lat' dir='ltr'><strong><em>oblivionem</em></strong></span> <span class='ocrx_word' id='word_1_527' title='bbox 3407 2601 3422 2622; x_wconf 91' lang='lat'><strong><em>,</em></strong></span> <span class='ocrx_word' id='word_1_528' title='bbox 3451 2576 3694 2631; x_wconf 76' lang='lat' dir='ltr'><strong><em>cumque</em></strong></span> 
     </span>
    </p>
   </div>
   <div class='ocr_carea' id='block_1_71' title="bbox 2103 2643 3694 2711">
    <p class='ocr_par' dir='ltr' id='par_1_71' title="bbox 2103 2643 3694 2711">
     <span class='ocr_line' id='line_1_72' title="bbox 2103 2643 3694 2711; baseline 0.011 -19"><span class='ocrx_word' id='word_1_529' title='bbox 2103 2643 2327 2710; x_wconf 87' lang='lat' dir='ltr'><strong><em>paribus</em></strong></span> <span class='ocrx_word' id='word_1_530' title='bbox 2377 2644 2594 2698; x_wconf 89' lang='lat' dir='ltr'><strong><em>annulis</em></strong></span> <span class='ocrx_word' id='word_1_531' title='bbox 2641 2659 2735 2699; x_wconf 89' lang='lat' dir='ltr'><strong><em>eas</em></strong></span> <span class='ocrx_word' id='word_1_532' title='bbox 2781 2645 3122 2711; x_wconf 89' lang='lat' dir='ltr'><strong><em>inseruisset,</em></strong></span> <span class='ocrx_word' id='word_1_533' title='bbox 3183 2649 3413 2703; x_wconf 88' lang='lat' dir='ltr'><strong><em>alterum</em></strong></span> <span class='ocrx_word' id='word_1_534' title='bbox 3469 2655 3694 2709; x_wconf 75' lang='lat' dir='ltr'><strong><em>scilicet</em></strong></span> 
     </span>
    </p>
   </div>
   <div class='ocr_carea' id='block_1_72' title="bbox 2104 2733 3692 2801">
    <p class='ocr_par' dir='ltr' id='par_1_72' title="bbox 2104 2733 3692 2801">
     <span class='ocr_line' id='line_1_73' title="bbox 2104 2733 3692 2801; baseline 0.011 -17"><span class='ocrx_word' id='word_1_535' title='bbox 2104 2733 2378 2787; x_wconf 63' lang='lat' dir='ltr'><strong><em>memoriae</em></strong></span> <span class='ocrx_word' id='word_1_536' title='bbox 2426 2734 2530 2788; x_wconf 90' lang='lat' dir='ltr'><strong><em>sibi</em></strong></span> <span class='ocrx_word' id='word_1_537' title='bbox 2579 2751 2907 2800; x_wconf 80' lang='lat' dir='ltr'><strong><em>reservasse,</em></strong></span> <span class='ocrx_word' id='word_1_538' title='bbox 2957 2739 3189 2793; x_wconf 87' lang='lat' dir='ltr'><strong><em>alterum</em></strong></span> <span class='ocrx_word' id='word_1_539' title='bbox 3241 2741 3539 2799; x_wconf 79' lang='lat' dir='ltr'><strong><em>oblivionis</em></strong></span> <span class='ocrx_word' id='word_1_540' title='bbox 3593 2746 3692 2801; x_wconf 88' lang='lat' dir='ltr'><strong><em>de-</em></strong></span> 
     </span>
    </p>
   </div>
   <div class='ocr_carea' id='block_1_73' title="bbox 2102 2823 3691 2905">
    <p class='ocr_par' dir='ltr' id='par_1_73' title="bbox 2102 2823 3691 2905">
     <span class='ocr_line' id='line_1_74' title="bbox 2102 2823 3691 2905; baseline 0.008 -28"><span class='ocrx_word' id='word_1_541' title='bbox 2102 2823 2248 2879; x_wconf 89' lang='lat' dir='ltr'><strong><em>disse</em></strong></span> <span class='ocrx_word' id='word_1_542' title='bbox 2271 2823 2527 2888; x_wconf 88' lang='lat' dir='ltr'><strong><em>Tharbis,</em></strong></span> <span class='ocrx_word' id='word_1_543' title='bbox 2553 2843 2714 2895; x_wconf 84' lang='lat' dir='ltr'><strong><em>quem</em></strong></span> <span class='ocrx_word' id='word_1_544' title='bbox 2741 2828 2831 2880; x_wconf 89' lang='lat' dir='ltr'><strong><em>illa</em></strong></span> <span class='ocrx_word' id='word_1_545' title='bbox 2857 2828 3090 2885; x_wconf 90' lang='lat' dir='ltr'><strong><em>induens</em></strong></span> <span class='ocrx_word' id='word_1_546' title='bbox 3123 2847 3248 2886; x_wconf 72' lang='lat' dir='ltr'><strong><em>mox</em></strong></span> <span class='ocrx_word' id='word_1_547' title='bbox 3282 2832 3487 2905; x_wconf 76' lang='lat' dir='ltr'><strong><em>Moysis</em></strong></span> <span class='ocrx_word' id='word_1_548' title='bbox 3517 2837 3691 2891; x_wconf 88' lang='lat' dir='ltr'><strong><em>oblita</em></strong></span> 
     </span>
    </p>
   </div>
   <div class='ocr_carea' id='block_1_74' title="bbox 2103 2913 3689 2994">
    <p class='ocr_par' dir='ltr' id='par_1_74' title="bbox 2103 2913 3689 2994">
     <span class='ocr_line' id='line_1_75' title="bbox 2103 2913 3689 2994; baseline 0.011 -28"><span class='ocrx_word' id='word_1_549' title='bbox 2103 2913 2239 2981; x_wconf 82' lang='lat' dir='ltr'><strong><em>fuit;</em></strong></span> <span class='ocrx_word' id='word_1_550' title='bbox 2282 2915 2472 2986; x_wconf 88' lang='lat' dir='ltr'><strong><em>sicque</em></strong></span> <span class='ocrx_word' id='word_1_551' title='bbox 2525 2917 2615 2972; x_wconf 87' lang='lat' dir='ltr'><strong><em>ille</em></strong></span> <span class='ocrx_word' id='word_1_552' title='bbox 2663 2918 2720 2971; x_wconf 91' lang='lat' dir='ltr'><strong><em>in</em></strong></span> <span class='ocrx_word' id='word_1_553' title='bbox 2763 2916 3062 2989; x_wconf 66' lang='lat' dir='ltr'><strong><em>Egyptum</em></strong></span> <span class='ocrx_word' id='word_1_554' title='bbox 3107 2923 3286 2978; x_wconf 87' lang='lat' dir='ltr'><strong><em>redire</em></strong></span> <span class='ocrx_word' id='word_1_555' title='bbox 3329 2928 3528 2994; x_wconf 89' lang='lat' dir='ltr'><strong><em>potuit.</em></strong></span> <span class='ocrx_word' id='word_1_556' title='bbox 3579 2926 3689 2983; x_wconf 82' lang='lat' dir='ltr'><strong><em>Sed</em></strong></span> 
     </span>
    </p>
   </div>
   <div class='ocr_carea' id='block_1_75' title="bbox 2101 3021 2278 3075">
    <p class='ocr_par' dir='ltr' id='par_1_75' title="bbox 2101 3021 2278 3075">
     <span class='ocr_line' id='line_1_76' title="bbox 2101 3021 2278 3075; baseline 0.011 -16"><span class='ocrx_word' id='word_1_557' title='bbox 2101 3021 2278 3075; x_wconf 63' lang='lat' dir='ltr'><strong><em>nugae.</em></strong></span> 
     </span>
    </p>
   </div>
   <div class='ocr_carea' id='block_1_76' title="bbox 2173 3097 3689 3176">
    <p class='ocr_par' dir='ltr' id='par_1_76' title="bbox 2173 3097 3689 3176">
     <span class='ocr_line' id='line_1_77' title="bbox 2173 3097 3689 3176; baseline 0.009 -26"><span class='ocrx_word' id='word_1_558' title='bbox 2173 3097 2332 3163; x_wconf 89' lang='lat' dir='ltr'><strong><em>lbid.,</em></strong></span> <span class='ocrx_word' id='word_1_559' title='bbox 2367 3098 2464 3152; x_wconf 93' lang='lat' dir='ltr'><strong><em>lin.</em></strong></span> <span class='ocrx_word' id='word_1_560' title='bbox 2488 3097 2576 3152; x_wconf 81' lang='grc'><strong><em>56.</em></strong></span> <span class='ocrx_word' id='word_1_561' title='bbox 2610 3101 2719 3154; x_wconf 75' lang='grc' dir='ltr'><strong><em>Καὶ</em></strong></span> <span class='ocrx_word' id='word_1_562' title='bbox 2763 3104 2796 3156; x_wconf 87' lang='grc' dir='ltr'><strong><em>ό</em></strong></span> <span class='ocrx_word' id='word_1_563' title='bbox 2830 3103 3154 3172; x_wconf 68' lang='grc' dir='ltr'>Χενεφρῆς.</span> <span class='ocrx_word' id='word_1_564' title='bbox 3185 3104 3500 3176; x_wconf 76' lang='lat' dir='ltr'><strong><em>Artapanus</em></strong></span> <span class='ocrx_word' id='word_1_565' title='bbox 3535 3127 3547 3162; x_wconf 88' lang='lat'>:</span> <span class='ocrx_word' id='word_1_566' title='bbox 3585 3110 3689 3163; x_wconf 55' lang='lat' dir='ltr'><strong><em>“re;</em></strong></span> 
     </span>
    </p>
   </div>
   <div class='ocr_carea' id='block_1_77' title="bbox 2103 3189 3689 3271">
    <p class='ocr_par' dir='ltr' id='par_1_77' title="bbox 2103 3189 3689 3271">
     <span class='ocr_line' id='line_1_78' title="bbox 2103 3189 3689 3271; baseline 0.011 -30"><span class='ocrx_word' id='word_1_567' title='bbox 2103 3189 2159 3242; x_wconf 88' lang='grc' dir='ltr'><strong><em>δέ</em></strong></span> <span class='ocrx_word' id='word_1_568' title='bbox 2188 3191 2491 3262; x_wconf 82' lang='grc' dir='ltr'>Χενεφρῆν,</span> <span class='ocrx_word' id='word_1_569' title='bbox 2528 3191 2778 3256; x_wconf 84' lang='grc' dir='ltr'>λυθέντος</span> <span class='ocrx_word' id='word_1_570' title='bbox 2801 3193 2894 3246; x_wconf 83' lang='grc' dir='ltr'>τοῦ</span> <span class='ocrx_word' id='word_1_571' title='bbox 2920 3196 3178 3266; x_wconf 84' lang='grc' dir='ltr'>πολέμου,</span> <span class='ocrx_word' id='word_1_572' title='bbox 3213 3199 3355 3270; x_wconf 85' lang='grc' dir='ltr'>λόγῳ</span> <span class='ocrx_word' id='word_1_573' title='bbox 3393 3201 3495 3271; x_wconf 83' lang='grc' dir='ltr'>μὲν</span> <span class='ocrx_word' id='word_1_574' title='bbox 3525 3205 3689 3259; x_wconf 70' lang='grc' dir='ltr'>αὐτὸν</span> 
     </span>
    </p>
   </div>
   <div class='ocr_carea' id='block_1_78' title="bbox 2103 3280 3688 3364">
    <p class='ocr_par' dir='ltr' id='par_1_78' title="bbox 2103 3280 3688 3364">
     <span class='ocr_line' id='line_1_79' title="bbox 2103 3280 3688 3364; baseline 0.012 -32"><span class='ocrx_word' id='word_1_575' title='bbox 2103 3280 2504 3346; x_wconf 80' lang='grc' dir='ltr'>ἀποδέξασθαι,</span> <span class='ocrx_word' id='word_1_576' title='bbox 2554 3283 2701 3354; x_wconf 76' lang='grc' dir='ltr'>ἔργῳ</span> <span class='ocrx_word' id='word_1_577' title='bbox 2759 3284 2816 3337; x_wconf 88' lang='grc' dir='ltr'><strong><em>δέ</em></strong></span> <span class='ocrx_word' id='word_1_578' title='bbox 2865 3286 3252 3345; x_wconf 88' lang='grc' dir='ltr'>ἐπιϐουλεύειν.</span> <span class='ocrx_word' id='word_1_579' title='bbox 3307 3293 3688 3364; x_wconf 66' lang='grc' dir='ltr'>Παρελόμενοθ</span> 
     </span>
    </p>
   </div>
   <div class='ocr_carea' id='block_1_79' title="bbox 2103 3369 3687 3451">
    <p class='ocr_par' dir='ltr' id='par_1_79' title="bbox 2103 3369 3687 3451">
     <span class='ocr_line' id='line_1_80' title="bbox 2103 3369 3687 3451; baseline 0.007 -29"><span class='ocrx_word' id='word_1_580' title='bbox 2103 3369 2233 3438; x_wconf 80' lang='grc' dir='ltr'>γοῦν</span> <span class='ocrx_word' id='word_1_581' title='bbox 2266 3369 2430 3423; x_wconf 81' lang='grc' dir='ltr'>αὑτοῦ</span> <span class='ocrx_word' id='word_1_582' title='bbox 2460 3371 2585 3434; x_wconf 88' lang='grc' dir='ltr'>τοὺς</span> <span class='ocrx_word' id='word_1_583' title='bbox 2625 3371 2813 3440; x_wconf 74' lang='grc' dir='ltr'>ὄχλους</span> <span class='ocrx_word' id='word_1_584' title='bbox 2857 3374 2982 3437; x_wconf 85' lang='grc' dir='ltr'>τοὺς</span> <span class='ocrx_word' id='word_1_585' title='bbox 3036 3375 3135 3444; x_wconf 87' lang='grc' dir='ltr'><strong><em>μὲν</em></strong></span> <span class='ocrx_word' id='word_1_586' title='bbox 3168 3377 3262 3428; x_wconf 79' lang='grc' dir='ltr'><strong><em>ἐπὶ</em></strong></span> <span class='ocrx_word' id='word_1_587' title='bbox 3301 3377 3370 3430; x_wconf 83' lang='grc' dir='ltr'><strong><em>τά</em></strong></span> <span class='ocrx_word' id='word_1_588' title='bbox 3415 3380 3544 3451; x_wconf 86' lang='grc' dir='ltr'>ὅρια</span> <span class='ocrx_word' id='word_1_589' title='bbox 3587 3380 3687 3450; x_wconf 67' lang='grc' dir='ltr'><strong><em>τῆς</em></strong></span> 
     </span>
    </p>
   </div>
   <div class='ocr_carea' id='block_1_80' title="bbox 2101 3461 3688 3543">
    <p class='ocr_par' dir='ltr' id='par_1_80' title="bbox 2101 3461 3688 3543">
     <span class='ocr_line' id='line_1_81' title="bbox 2101 3461 3688 3543; baseline 0.008 -30"><span class='ocrx_word' id='word_1_590' title='bbox 2101 3461 2386 3525; x_wconf 81' lang='grc' dir='ltr'>Αἰθιοπίας</span> <span class='ocrx_word' id='word_1_591' title='bbox 2421 3462 2632 3533; x_wconf 74' lang='grc' dir='ltr'>πέμψαι</span> <span class='ocrx_word' id='word_1_592' title='bbox 2664 3465 3021 3535; x_wconf 81' lang='grc' dir='ltr'>προφυλακῆς</span> <span class='ocrx_word' id='word_1_593' title='bbox 3049 3467 3230 3538; x_wconf 82' lang='grc' dir='ltr'>χάριν,</span> <span class='ocrx_word' id='word_1_594' title='bbox 3273 3471 3401 3533; x_wconf 83' lang='grc' dir='ltr'>τοὺς</span> <span class='ocrx_word' id='word_1_595' title='bbox 3429 3471 3489 3523; x_wconf 85' lang='grc' dir='ltr'><strong><em>δέ</em></strong></span> <span class='ocrx_word' id='word_1_596' title='bbox 3521 3489 3688 3543; x_wconf 76' lang='grc' dir='ltr'>προσο</span> 
     </span>
    </p>
   </div>
   <div class='ocr_carea' id='block_1_81' title="bbox 2101 3553 3685 3629">
    <p class='ocr_par' dir='ltr' id='par_1_81' title="bbox 2101 3553 3685 3629">
     <span class='ocr_line' id='line_1_82' title="bbox 2101 3553 3685 3629; baseline 0.008 -23"><span class='ocrx_word' id='word_1_597' title='bbox 2101 3553 2259 3618; x_wconf 80' lang='grc' dir='ltr'>τάξαι</span> <span class='ocrx_word' id='word_1_598' title='bbox 2291 3554 2382 3606; x_wconf 82' lang='grc' dir='ltr'><strong><em>τὸν</em></strong></span> <span class='ocrx_word' id='word_1_599' title='bbox 2423 3555 2480 3606; x_wconf 93' lang='grc' dir='ltr'><strong><em>ἐν</em></strong></span> <span class='ocrx_word' id='word_1_600' title='bbox 2505 3553 2627 3618; x_wconf 86' lang='grc' dir='ltr'>Διὸς</span> <span class='ocrx_word' id='word_1_601' title='bbox 2659 3555 2810 3608; x_wconf 81' lang='grc' dir='ltr'>πόλει</span> <span class='ocrx_word' id='word_1_602' title='bbox 2839 3556 2961 3610; x_wconf 82' lang='grc' dir='ltr'>ναὸν</span> <span class='ocrx_word' id='word_1_603' title='bbox 2997 3557 3058 3621; x_wconf 84' lang='grc' dir='ltr'>ἐξ</span> <span class='ocrx_word' id='word_1_604' title='bbox 3085 3559 3255 3629; x_wconf 84' lang='grc' dir='ltr'>ὀπτῆς</span> <span class='ocrx_word' id='word_1_605' title='bbox 3296 3561 3522 3615; x_wconf 83' lang='grc' dir='ltr'>πλίνθου</span> <span class='ocrx_word' id='word_1_606' title='bbox 3556 3579 3685 3618; x_wconf 78' lang='grc' dir='ltr'>κατ-</span> 
     </span>
    </p>
   </div>
   <div class='ocr_carea' id='block_1_82' title="bbox 2103 3647 3686 3727">
    <p class='ocr_par' dir='ltr' id='par_1_82' title="bbox 2103 3647 3686 3727">
     <span class='ocr_line' id='line_1_83' title="bbox 2103 3647 3686 3727; baseline 0.008 -28"><span class='ocrx_word' id='word_1_607' title='bbox 2103 3649 2504 3720; x_wconf 88' lang='grc' dir='ltr'>εσκευασμένον</span> <span class='ocrx_word' id='word_1_608' title='bbox 2560 3647 2874 3727; x_wconf 81' lang='grc' dir='ltr'>καθαιρεῖν·</span> <span class='ocrx_word' id='word_1_609' title='bbox 2937 3649 3124 3722; x_wconf 76' lang='grc' dir='ltr'>ἕτερον</span> <span class='ocrx_word' id='word_1_610' title='bbox 3169 3651 3226 3706; x_wconf 85' lang='grc' dir='ltr'>δὲ</span> <span class='ocrx_word' id='word_1_611' title='bbox 3269 3654 3468 3708; x_wconf 81' lang='grc' dir='ltr'>λίθινον</span> <span class='ocrx_word' id='word_1_612' title='bbox 3519 3673 3686 3711; x_wconf 80' lang='grc' dir='ltr'>κατα-</span> 
     </span>
    </p>
   </div>
   <div class='ocr_carea' id='block_1_83' title="bbox 2103 3739 3684 3814">
    <p class='ocr_par' dir='ltr' id='par_1_83' title="bbox 2103 3739 3684 3814">
     <span class='ocr_line' id='line_1_84' title="bbox 2103 3739 3684 3814; baseline 0.007 -22"><span class='ocrx_word' id='word_1_613' title='bbox 2103 3741 2386 3803; x_wconf 89' lang='grc' dir='ltr'>σκευάσαι,</span> <span class='ocrx_word' id='word_1_614' title='bbox 2429 3741 2490 3793; x_wconf 86' lang='grc' dir='ltr'><strong><em>τὸ</em></strong></span> <span class='ocrx_word' id='word_1_615' title='bbox 2533 3739 2760 3812; x_wconf 86' lang='grc' dir='ltr'>πλησίον</span> <span class='ocrx_word' id='word_1_616' title='bbox 2801 3741 2923 3812; x_wconf 74' lang='grc' dir='ltr'>ὅρος</span> <span class='ocrx_word' id='word_1_617' title='bbox 2971 3741 3401 3814; x_wconf 65' lang='grc' dir='ltr'>λατομῄσαντας·</span> <span class='ocrx_word' id='word_1_618' title='bbox 3434 3747 3599 3812; x_wconf 81' lang='grc' dir='ltr'>τάξαι</span> <span class='ocrx_word' id='word_1_619' title='bbox 3630 3749 3684 3803; x_wconf 79' lang='grc' dir='ltr'>δὲ</span> 
     </span>
    </p>
   </div>
   <div class='ocr_carea' id='block_1_84' title="bbox 2101 3833 3322 3910">
    <p class='ocr_par' dir='ltr' id='par_1_84' title="bbox 2101 3833 3322 3910">
     <span class='ocr_line' id='line_1_85' title="bbox 2101 3833 3322 3910; baseline 0.006 -25"><span class='ocrx_word' id='word_1_620' title='bbox 2101 3833 2194 3886; x_wconf 78' lang='grc' dir='ltr'>ἐπὶ</span> <span class='ocrx_word' id='word_1_621' title='bbox 2220 3833 2320 3903; x_wconf 85' lang='grc' dir='ltr'><strong><em>τῆς</em></strong></span> <span class='ocrx_word' id='word_1_622' title='bbox 2338 3833 2648 3904; x_wconf 79' lang='grc' dir='ltr'>οἰκοδομίας</span> <span class='ocrx_word' id='word_1_623' title='bbox 2681 3836 2976 3907; x_wconf 79' lang='grc' dir='ltr'>ἐπιστάτην</span> <span class='ocrx_word' id='word_1_624' title='bbox 3004 3839 3322 3910; x_wconf 81' lang='grc' dir='ltr'>Ναχέρωτα.</span> 
     </span>
    </p>
   </div>
   <div class='ocr_carea' id='block_1_85' title="bbox 2172 3922 3682 4002">
    <p class='ocr_par' dir='ltr' id='par_1_85' title="bbox 2172 3922 3682 4002">
     <span class='ocr_line' id='line_1_86' title="bbox 2172 3922 3682 4002; baseline 0.006 -25"><span class='ocrx_word' id='word_1_625' title='bbox 2172 3922 2332 3991; x_wconf 91' lang='lat' dir='ltr'><strong><em>lbid.,</em></strong></span> <span class='ocrx_word' id='word_1_626' title='bbox 2370 3925 2469 3980; x_wconf 91' lang='lat' dir='ltr'><strong><em>lin.</em></strong></span> <span class='ocrx_word' id='word_1_627' title='bbox 2501 3926 2592 3979; x_wconf 72' lang='grc'><strong><em>40.</em></strong></span> <span class='ocrx_word' id='word_1_628' title='bbox 2644 3929 2702 3978; x_wconf 78' lang='lat' dir='ltr'><strong><em>Tt</em></strong></span> <span class='ocrx_word' id='word_1_629' title='bbox 2747 3927 2872 3992; x_wconf 84' lang='grc' dir='ltr'>τοῖς</span> <span class='ocrx_word' id='word_1_630' title='bbox 2897 3927 3113 3995; x_wconf 73' lang='grc' dir='ltr'>ἀνθρώ.</span> <span class='ocrx_word' id='word_1_631' title='bbox 3168 3931 3487 3998; x_wconf 75' lang='lat' dir='ltr'><strong><em>Ariapanns</em></strong></span> <span class='ocrx_word' id='word_1_632' title='bbox 3542 3935 3682 4002; x_wconf 74' lang='lat' dir='ltr'><strong><em>apud</em></strong></span> 
     </span>
    </p>
   </div>
   <div class='ocr_carea' id='block_1_86' title="bbox 2101 4015 3678 4095">
    <p class='ocr_par' dir='ltr' id='par_1_86' title="bbox 2101 4015 3678 4095">
     <span class='ocr_line' id='line_1_87' title="bbox 2101 4015 3678 4095; baseline 0.005 -25"><span class='ocrx_word' id='word_1_633' title='bbox 2101 4015 2425 4070; x_wconf 82' lang='lat' dir='ltr'><strong><em>Eusebium:</em></strong></span> <span class='ocrx_word' id='word_1_634' title='bbox 2445 4017 2546 4071; x_wconf 89' lang='grc' dir='ltr'>Τὸν</span> <span class='ocrx_word' id='word_1_635' title='bbox 2577 4017 2653 4083; x_wconf 84' lang='grc' dir='ltr'>δὲ,</span> <span class='ocrx_word' id='word_1_636' title='bbox 2685 4017 2903 4071; x_wconf 78' lang='grc' dir='ltr'>ἐλθόντα</span> <span class='ocrx_word' id='word_1_637' title='bbox 2924 4020 3061 4088; x_wconf 82' lang='grc' dir='ltr'><strong><em>μετά</em></strong></span> <span class='ocrx_word' id='word_1_638' title='bbox 3081 4021 3312 4074; x_wconf 81' lang='grc' dir='ltr'>Μωΰσου</span> <span class='ocrx_word' id='word_1_639' title='bbox 3332 4024 3412 4084; x_wconf 85' lang='grc' dir='ltr'><strong><em>είς</em></strong></span> <span class='ocrx_word' id='word_1_640' title='bbox 3434 4024 3678 4095; x_wconf 59' lang='grc' dir='ltr'>Μέμφιν,</span> 
     </span>
    </p>
   </div>
   <div class='ocr_carea' id='block_1_87' title="bbox 2100 4107 3680 4183">
    <p class='ocr_par' dir='ltr' id='par_1_87' title="bbox 2100 4107 3680 4183">
     <span class='ocr_line' id='line_1_88' title="bbox 2100 4107 3680 4183; baseline 0.004 -21"><span class='ocrx_word' id='word_1_641' title='bbox 2100 4107 2367 4162; x_wconf 88' lang='grc' dir='ltr'>πυθέσθαι</span> <span class='ocrx_word' id='word_1_642' title='bbox 2401 4109 2532 4180; x_wconf 83' lang='grc' dir='ltr'>παρ’</span> <span class='ocrx_word' id='word_1_643' title='bbox 2559 4109 2744 4175; x_wconf 79' lang='grc' dir='ltr'>αὑτοῦ,</span> <span class='ocrx_word' id='word_1_644' title='bbox 2776 4110 2828 4162; x_wconf 70' lang='lat' dir='ltr'><strong><em>et</em></strong></span> <span class='ocrx_word' id='word_1_645' title='bbox 2846 4127 2898 4162; x_wconf 90' lang='grc' dir='ltr'><strong><em>τι</em></strong></span> <span class='ocrx_word' id='word_1_646' title='bbox 2924 4111 3050 4164; x_wconf 83' lang='grc' dir='ltr'>ἄλλο</span> <span class='ocrx_word' id='word_1_647' title='bbox 3073 4112 3220 4165; x_wconf 74' lang='grc' dir='ltr'>ἐστὶν</span> <span class='ocrx_word' id='word_1_648' title='bbox 3245 4111 3548 4183; x_wconf 73' lang='grc' dir='ltr'>εὔχρηστον</span> <span class='ocrx_word' id='word_1_649' title='bbox 3573 4119 3680 4180; x_wconf 81' lang='grc' dir='ltr'>τοῖς</span> 
     </span>
    </p>
   </div>
   <div class='ocr_carea' id='block_1_88' title="bbox 2099 4199 3678 4279">
    <p class='ocr_par' dir='ltr' id='par_1_88' title="bbox 2099 4199 3678 4279">
     <span class='ocr_line' id='line_1_89' title="bbox 2099 4199 3678 4279; baseline 0.004 -27"><span class='ocrx_word' id='word_1_650' title='bbox 2099 4199 2424 4270; x_wconf 85' lang='grc' dir='ltr'>ἀνθρώποις.</span> <span class='ocrx_word' id='word_1_651' title='bbox 2455 4199 2558 4252; x_wconf 74' lang='grc' dir='ltr'>Τὸν</span> <span class='ocrx_word' id='word_1_652' title='bbox 2590 4200 2647 4252; x_wconf 84' lang='grc' dir='ltr'><strong><em>δὲ</em></strong></span> <span class='ocrx_word' id='word_1_653' title='bbox 2679 4201 2846 4270; x_wconf 73' lang='grc' dir='ltr'>φάναι</span> <span class='ocrx_word' id='word_1_654' title='bbox 2879 4202 3035 4270; x_wconf 90' lang='grc' dir='ltr'>γένος</span> <span class='ocrx_word' id='word_1_655' title='bbox 3080 4202 3142 4255; x_wconf 83' lang='grc' dir='ltr'><strong><em>τὸ</em></strong></span> <span class='ocrx_word' id='word_1_656' title='bbox 3190 4202 3347 4273; x_wconf 81' lang='grc' dir='ltr'>βοῶν,</span> <span class='ocrx_word' id='word_1_657' title='bbox 3378 4203 3468 4256; x_wconf 80' lang='grc' dir='ltr'>διὰ</span> <span class='ocrx_word' id='word_1_658' title='bbox 3497 4206 3558 4259; x_wconf 81' lang='grc' dir='ltr'>τὸ</span> <span class='ocrx_word' id='word_1_659' title='bbox 3582 4207 3678 4279; x_wconf 80' lang='grc' dir='ltr'><strong><em>τὴν</em></strong></span> 
     </span>
    </p>
   </div>
   <div class='ocr_carea' id='block_1_89' title="bbox 2097 4290 3679 4366">
    <p class='ocr_par' dir='ltr' id='par_1_89' title="bbox 2097 4290 3679 4366">
     <span class='ocr_line' id='line_1_90' title="bbox 2097 4290 3679 4366; baseline -0.008 -18"><span class='ocrx_word' id='word_1_660' title='bbox 2097 4293 2201 4363; x_wconf 72' lang='grc' dir='ltr'>γνῆν</span> <span class='ocrx_word' id='word_1_661' title='bbox 2231 4293 2335 4345; x_wconf 81' lang='grc' dir='ltr'>ὑπὸ</span> <span class='ocrx_word' id='word_1_662' title='bbox 2372 4291 2576 4346; x_wconf 85' lang='grc' dir='ltr'>τούτων</span> <span class='ocrx_word' id='word_1_663' title='bbox 2618 4290 2900 4363; x_wconf 80' lang='grc' dir='ltr'>ἀροῦσθαι.</span> <span class='ocrx_word' id='word_1_664' title='bbox 2943 4290 3047 4345; x_wconf 88' lang='grc' dir='ltr'>Τὸν</span> <span class='ocrx_word' id='word_1_665' title='bbox 3084 4292 3141 4345; x_wconf 80' lang='grc' dir='ltr'>δὲ</span> <span class='ocrx_word' id='word_1_666' title='bbox 3172 4293 3477 4364; x_wconf 82' lang='grc' dir='ltr'>Χενεφρῆν,</span> <span class='ocrx_word' id='word_1_667' title='bbox 3514 4311 3679 4366; x_wconf 79' lang='grc' dir='ltr'>προσ.</span> 
     </span>
    </p>
   </div>
   <div class='ocr_carea' id='block_1_90' title="bbox 2097 4383 3678 4457">
    <p class='ocr_par' dir='ltr' id='par_1_90' title="bbox 2097 4383 3678 4457">
     <span class='ocr_line' id='line_1_91' title="bbox 2097 4383 3678 4457; baseline 0.003 -20"><span class='ocrx_word' id='word_1_668' title='bbox 2097 4385 2470 4457; x_wconf 81' lang='grc' dir='ltr'>ἀγορεύσαντα</span> <span class='ocrx_word' id='word_1_669' title='bbox 2490 4383 2688 4457; x_wconf 85' lang='grc' dir='ltr'>ταῦρον</span> <span class='ocrx_word' id='word_1_670' title='bbox 2717 4386 2901 4449; x_wconf 71' lang='grc' dir='ltr'>Ἆπιν,</span> <span class='ocrx_word' id='word_1_671' title='bbox 2929 4383 3182 4438; x_wconf 83' lang='grc' dir='ltr'>κελεῦσαι</span> <span class='ocrx_word' id='word_1_672' title='bbox 3207 4385 3348 4456; x_wconf 75' lang='grc' dir='ltr'>ἱερὸν</span> <span class='ocrx_word' id='word_1_673' title='bbox 3363 4385 3535 4438; x_wconf 80' lang='grc' dir='ltr'>αὑτοῦ</span> <span class='ocrx_word' id='word_1_674' title='bbox 3557 4389 3678 4450; x_wconf 83' lang='grc' dir='ltr'>τοὺς</span> 
     </span>
    </p>
   </div>
   <div class='ocr_carea' id='block_1_91' title="bbox 407 4476 1999 4552">
    <p class='ocr_par' dir='ltr' id='par_1_91' title="bbox 407 4477 1994 4550">
     <span class='ocr_line' id='line_1_92' title="bbox 407 4477 1994 4550; baseline 0.004 -20"><span class='ocrx_word' id='word_1_675' title='bbox 407 4477 723 4546; x_wconf 85' lang='lat' dir='ltr'><strong><em>toparchias</em></strong></span> <span class='ocrx_word' id='word_1_676' title='bbox 763 4478 817 4532; x_wconf 90' lang='lat' dir='ltr'><strong><em>in</em></strong></span> <span class='ocrx_word' id='word_1_677' title='bbox 843 4479 980 4534; x_wconf 91' lang='lat' dir='ltr'><strong><em>alias</em></strong></span> <span class='ocrx_word' id='word_1_678' title='bbox 1009 4480 1308 4550; x_wconf 84' lang='lat' dir='ltr'><strong><em>portiones,</em></strong></span> <span class='ocrx_word' id='word_1_679' title='bbox 1342 4495 1573 4550; x_wconf 87' lang='lat' dir='ltr'><strong><em>quarum</em></strong></span> <span class='ocrx_word' id='word_1_680' title='bbox 1606 4482 1845 4536; x_wconf 67' lang='lat' dir='ltr'><strong><em>minimae</em></strong></span> <span class='ocrx_word' id='word_1_681' title='bbox 1865 4497 1994 4536; x_wconf 84' lang='lat' dir='ltr'><strong><em>arva</em></strong></span> 
     </span>
    </p>
   </div>
   <div class='ocr_carea' id='block_1_92' title="bbox 2109 4476 3676 4552">
    <p class='ocr_par' dir='ltr' id='par_1_92' title="bbox 2109 4476 3676 4552">
     <span class='ocr_line' id='line_1_93' title="bbox 2109 4476 3676 4552; baseline 0.001 -20"><span class='ocrx_word' id='word_1_682' title='bbox 2109 4479 2288 4549; x_wconf 86' lang='grc' dir='ltr'>5χλους</span> <span class='ocrx_word' id='word_1_683' title='bbox 2316 4478 2764 4552; x_wconf 85' lang='grc' dir='ltr'>καθιδρύσασθαι,</span> <span class='ocrx_word' id='word_1_684' title='bbox 2798 4480 2894 4532; x_wconf 75' lang='grc' dir='ltr'>καὶ</span> <span class='ocrx_word' id='word_1_685' title='bbox 2916 4478 2986 4531; x_wconf 80' lang='grc' dir='ltr'>τὰ</span> <span class='ocrx_word' id='word_1_686' title='bbox 3014 4476 3132 4542; x_wconf 79' lang='grc' dir='ltr'>ζῶα</span> <span class='ocrx_word' id='word_1_687' title='bbox 3166 4477 3235 4530; x_wconf 83' lang='grc' dir='ltr'>τὰ</span> <span class='ocrx_word' id='word_1_688' title='bbox 3270 4479 3676 4550; x_wconf 83' lang='grc' dir='ltr'>καθιερωθέντα</span> 
     </span>
    </p>
   </div>
   <div class='ocr_carea' id='block_1_93' title="bbox 407 4567 1992 4642">
    <p class='ocr_par' dir='ltr' id='par_1_93' title="bbox 407 4567 1992 4642">
     <span class='ocr_line' id='line_1_94' title="bbox 407 4567 1992 4642; baseline 0.002 -18"><span class='ocrx_word' id='word_1_689' title='bbox 407 4576 569 4624; x_wconf 87' lang='lat' dir='ltr'><strong><em>erant</em></strong></span> <span class='ocrx_word' id='word_1_690' title='bbox 601 4575 655 4624; x_wconf 90' lang='lat' dir='ltr'><strong><em>et</em></strong></span> <span class='ocrx_word' id='word_1_691' title='bbox 695 4567 936 4640; x_wconf 64' lang='lat' dir='ltr'><strong><em>Egyptii</em></strong></span> <span class='ocrx_word' id='word_1_692' title='bbox 964 4571 1068 4624; x_wconf 88' lang='lat' dir='ltr'><strong><em>bac</em></strong></span> <span class='ocrx_word' id='word_1_693' title='bbox 1098 4572 1372 4640; x_wconf 82' lang='lat' dir='ltr'><strong><em>exquisita</em></strong></span> <span class='ocrx_word' id='word_1_694' title='bbox 1399 4573 1717 4642; x_wconf 87' lang='lat' dir='ltr'><strong><em>minutaque</em></strong></span> <span class='ocrx_word' id='word_1_695' title='bbox 1752 4571 1837 4628; x_wconf 88' lang='lat' dir='ltr'><strong><em>usi</em></strong></span> <span class='ocrx_word' id='word_1_696' title='bbox 1863 4585 1992 4628; x_wconf 87' lang='lat' dir='ltr'><strong><em>sunt</em></strong></span> 
     </span>
    </p>
   </div>
   <div class='ocr_carea' id='block_1_94' title="bbox 407 4657 1990 4731">
    <p class='ocr_par' dir='ltr' id='par_1_94' title="bbox 407 4657 1990 4731">
     <span class='ocr_line' id='line_1_95' title="bbox 407 4657 1990 4731; baseline 0.006 -20"><span class='ocrx_word' id='word_1_697' title='bbox 407 4657 684 4714; x_wconf 84' lang='lat' dir='ltr'><strong><em>divisione</em></strong></span> <span class='ocrx_word' id='word_1_698' title='bbox 735 4673 960 4731; x_wconf 87' lang='lat' dir='ltr'><strong><em>propter</em></strong></span> <span class='ocrx_word' id='word_1_699' title='bbox 1010 4663 1304 4718; x_wconf 79' lang='lat' dir='ltr'><strong><em>continuas</em></strong></span> <span class='ocrx_word' id='word_1_700' title='bbox 1357 4662 1546 4716; x_wconf 84' lang='lat' dir='ltr'><strong><em>ﬁnium</em></strong></span> <span class='ocrx_word' id='word_1_701' title='bbox 1603 4662 1990 4730; x_wconf 85' lang='lat' dir='ltr'><strong><em>coniusiones,</em></strong></span> 
     </span>
    </p>
   </div>
   <div class='ocr_carea' id='block_1_95' title="bbox 409 4752 1992 4825">
    <p class='ocr_par' dir='ltr' id='par_1_95' title="bbox 409 4752 1992 4825">
     <span class='ocr_line' id='line_1_96' title="bbox 409 4752 1992 4825; baseline 0.004 -22"><span class='ocrx_word' id='word_1_702' title='bbox 409 4764 631 4824; x_wconf 88' lang='lat' dir='ltr'><strong><em>propter</em></strong></span> <span class='ocrx_word' id='word_1_703' title='bbox 685 4752 789 4807; x_wconf 85' lang='lat' dir='ltr'><strong><em>Nili</em></strong></span> <span class='ocrx_word' id='word_1_704' title='bbox 828 4755 1189 4820; x_wconf 84' lang='lat' dir='ltr'><strong><em>incrementa,</em></strong></span> <span class='ocrx_word' id='word_1_705' title='bbox 1223 4755 1316 4825; x_wconf 91' lang='lat' dir='ltr'><strong><em>qui</em></strong></span> <span class='ocrx_word' id='word_1_706' title='bbox 1367 4763 1564 4812; x_wconf 89' lang='lat' dir='ltr'><strong><em>auctus</em></strong></span> <span class='ocrx_word' id='word_1_707' title='bbox 1608 4755 1694 4810; x_wconf 88' lang='lat' dir='ltr'><strong><em>bis</em></strong></span> <span class='ocrx_word' id='word_1_708' title='bbox 1738 4754 1992 4821; x_wconf 85' lang='lat' dir='ltr'><strong><em>addebat,</em></strong></span> 
     </span>
    </p>
   </div>
   <div class='ocr_carea' id='block_1_96' title="bbox 407 4846 1995 4912">
    <p class='ocr_par' dir='ltr' id='par_1_96' title="bbox 407 4846 1995 4912">
     <span class='ocr_line' id='line_1_97' title="bbox 407 4846 1995 4912; baseline 0.001 -13"><span class='ocrx_word' id='word_1_709' title='bbox 407 4847 532 4902; x_wconf 88' lang='lat' dir='ltr'><strong><em>aliis</em></strong></span> <span class='ocrx_word' id='word_1_710' title='bbox 580 4846 878 4912; x_wconf 86' lang='lat' dir='ltr'><strong><em>adimebat,</em></strong></span> <span class='ocrx_word' id='word_1_711' title='bbox 911 4850 1094 4901; x_wconf 87' lang='lat' dir='ltr'><strong><em>omnia</em></strong></span> <span class='ocrx_word' id='word_1_712' title='bbox 1137 4863 1296 4903; x_wconf 87' lang='lat' dir='ltr'><strong><em>versa</em></strong></span> <span class='ocrx_word' id='word_1_713' title='bbox 1341 4847 1481 4901; x_wconf 78' lang='lat' dir='ltr'><strong><em>facie</em></strong></span> <span class='ocrx_word' id='word_1_714' title='bbox 1513 4863 1698 4902; x_wconf 90' lang='lat' dir='ltr'><strong><em>rerum</em></strong></span> <span class='ocrx_word' id='word_1_715' title='bbox 1750 4862 1995 4902; x_wconf 90' lang='lat' dir='ltr'><strong><em>commu-</em></strong></span> 
     </span>
    </p>
   </div>
   <div class='ocr_carea' id='block_1_97' title="bbox 406 4939 1994 5010">
    <p class='ocr_par' dir='ltr' id='par_1_97' title="bbox 406 4939 1994 5010">
     <span class='ocr_line' id='line_1_98' title="bbox 406 4939 1994 5010; baseline -0.001 -14"><span class='ocrx_word' id='word_1_716' title='bbox 406 4948 554 5004; x_wconf 87' lang='lat' dir='ltr'><strong><em>tans,</em></strong></span> <span class='ocrx_word' id='word_1_717' title='bbox 599 4939 808 5009; x_wconf 82' lang='lat' dir='ltr'><strong><em>ﬁguris,</em></strong></span> <span class='ocrx_word' id='word_1_718' title='bbox 845 4940 1126 5010; x_wconf 87' lang='lat' dir='ltr'><strong><em>signisque</em></strong></span> <span class='ocrx_word' id='word_1_719' title='bbox 1159 4940 1393 4995; x_wconf 85' lang='lat' dir='ltr'><strong><em>obrutis.</em></strong></span> <span class='ocrx_word' id='word_1_720' title='bbox 1423 4939 1498 4995; x_wconf 88' lang='lat' dir='ltr'><strong><em>De</em></strong></span> <span class='ocrx_word' id='word_1_721' title='bbox 1528 4940 1614 4995; x_wconf 89' lang='lat' dir='ltr'><strong><em>bis</em></strong></span> <span class='ocrx_word' id='word_1_722' title='bbox 1652 4939 1994 5010; x_wconf 68' lang='lat' dir='ltr'><strong><em>praefecturis</em></strong></span> 
     </span>
    </p>
   </div>
   <div class='ocr_carea' id='block_1_98' title="bbox 405 5030 1457 5095">
    <p class='ocr_par' dir='ltr' id='par_1_98' title="bbox 405 5030 1457 5095">
     <span class='ocr_line' id='line_1_99' title="bbox 405 5030 1457 5095; baseline 0.001 -11"><span class='ocrx_word' id='word_1_723' title='bbox 405 5032 532 5086; x_wconf 83' lang='lat' dir='ltr'><strong><em>vide</em></strong></span> <span class='ocrx_word' id='word_1_724' title='bbox 563 5030 886 5093; x_wconf 89' lang='lat' dir='ltr'><strong><em>Diodorum,</em></strong></span> <span class='ocrx_word' id='word_1_725' title='bbox 919 5030 1182 5095; x_wconf 89' lang='lat' dir='ltr'><strong><em>Plinium,</em></strong></span> <span class='ocrx_word' id='word_1_726' title='bbox 1213 5039 1268 5085; x_wconf 90' lang='lat' dir='ltr'><strong><em>et.</em></strong></span> <span class='ocrx_word' id='word_1_727' title='bbox 1298 5031 1457 5085; x_wconf 91' lang='lat' dir='ltr'><strong><em>alios.</em></strong></span> 
     </span>
    </p>
   </div>
   <div class='ocr_carea' id='block_1_99' title="bbox 477 5120 1994 5194">
    <p class='ocr_par' dir='ltr' id='par_1_99' title="bbox 477 5120 1994 5194">
     <span class='ocr_line' id='line_1_100' title="bbox 477 5120 1994 5194; baseline 0.001 -18"><span class='ocrx_word' id='word_1_728' title='bbox 477 5122 640 5187; x_wconf 74' lang='lat' dir='ltr'><strong><em>Ibid,</em></strong></span> <span class='ocrx_word' id='word_1_729' title='bbox 669 5125 764 5176; x_wconf 92' lang='lat' dir='ltr'><strong><em>lin.</em></strong></span> <span class='ocrx_word' id='word_1_730' title='bbox 796 5123 886 5176; x_wconf 73' lang='lat'><strong><em>29.</em></strong></span> <span class='ocrx_word' id='word_1_731' title='bbox 921 5121 1159 5191; x_wconf 84' lang='grc' dir='ltr'>Πρῶτος</span> <span class='ocrx_word' id='word_1_732' title='bbox 1192 5123 1302 5194; x_wconf 76' lang='grc' dir='ltr'>γὰρ</span> <span class='ocrx_word' id='word_1_733' title='bbox 1326 5120 1525 5189; x_wconf 83' lang='grc' dir='ltr'>οὗτος.</span> <span class='ocrx_word' id='word_1_734' title='bbox 1550 5121 1857 5178; x_wconf 81' lang='lat' dir='ltr'><strong><em>Alexander</em></strong></span> <span class='ocrx_word' id='word_1_735' title='bbox 1887 5122 1994 5178; x_wconf 93' lang='lat' dir='ltr'><strong><em>Po-</em></strong></span> 
     </span>
    </p>
   </div>
   <div class='ocr_carea' id='block_1_100' title="bbox 405 5214 2026 5286">
    <p class='ocr_par' dir='ltr' id='par_1_100' title="bbox 405 5214 2026 5286">
     <span class='ocr_line' id='line_1_101' title="bbox 405 5214 2026 5286; baseline 0.001 -19"><span class='ocrx_word' id='word_1_736' title='bbox 405 5215 640 5286; x_wconf 83' lang='lat' dir='ltr'><strong><em>lyhistor</em></strong></span> <span class='ocrx_word' id='word_1_737' title='bbox 687 5215 831 5284; x_wconf 90' lang='lat' dir='ltr'><strong><em>apud</em></strong></span> <span class='ocrx_word' id='word_1_738' title='bbox 863 5214 1196 5269; x_wconf 85' lang='lat' dir='ltr'><strong><em>Eusebium:</em></strong></span> <span class='ocrx_word' id='word_1_739' title='bbox 1244 5215 1560 5285; x_wconf 81' lang='grc' dir='ltr'>Εὐπόλεμος</span> <span class='ocrx_word' id='word_1_740' title='bbox 1604 5215 1661 5267; x_wconf 88' lang='grc' dir='ltr'><strong><em>δέ</em></strong></span> <span class='ocrx_word' id='word_1_741' title='bbox 1713 5231 1845 5286; x_wconf 83' lang='grc' dir='ltr'>φησι</span> <span class='ocrx_word' id='word_1_742' title='bbox 1899 5215 2026 5268; x_wconf 86' lang='grc' dir='ltr'>τὸν·</span> 
     </span>
    </p>
   </div>
   <div class='ocr_carea' id='block_1_101' title="bbox 405 5305 1992 5378">
    <p class='ocr_par' dir='ltr' id='par_1_101' title="bbox 405 5305 1992 5378">
     <span class='ocr_line' id='line_1_102' title="bbox 405 5305 1992 5378; baseline -0.002 -17"><span class='ocrx_word' id='word_1_743' title='bbox 405 5309 612 5378; x_wconf 86' lang='grc' dir='ltr'>Μωσῆν</span> <span class='ocrx_word' id='word_1_744' title='bbox 647 5308 861 5378; x_wconf 82' lang='grc' dir='ltr'>πρῶτον</span> <span class='ocrx_word' id='word_1_745' title='bbox 889 5308 1050 5377; x_wconf 69' lang='grc' dir='ltr'>σοφὸν</span> <span class='ocrx_word' id='word_1_746' title='bbox 1071 5306 1343 5376; x_wconf 88' lang='grc' dir='ltr'>γενέσθαι,</span> <span class='ocrx_word' id='word_1_747' title='bbox 1369 5306 1462 5358; x_wconf 76' lang='grc' dir='ltr'><strong><em>καὶ</em></strong></span> <span class='ocrx_word' id='word_1_748' title='bbox 1486 5305 1788 5376; x_wconf 84' lang='grc' dir='ltr'>γράμματα</span> <span class='ocrx_word' id='word_1_749' title='bbox 1817 5321 1992 5376; x_wconf 87' lang='grc' dir='ltr'>παρα-</span> 
     </span>
    </p>
   </div>
   <div class='ocr_carea' id='block_1_102' title="bbox 405 5398 1989 5472">
    <p class='ocr_par' dir='ltr' id='par_1_102' title="bbox 405 5398 1989 5472">
     <span class='ocr_line' id='line_1_103' title="bbox 405 5398 1989 5472; baseline 0.001 -21"><span class='ocrx_word' id='word_1_750' title='bbox 405 5399 590 5454; x_wconf 77' lang='grc' dir='ltr'>δοῦναι</span> <span class='ocrx_word' id='word_1_751' title='bbox 647 5404 758 5464; x_wconf 86' lang='grc' dir='ltr'>τοῖς</span> <span class='ocrx_word' id='word_1_752' title='bbox 811 5401 1085 5464; x_wconf 83' lang='grc' dir='ltr'>Ἰουδαίοις</span> <span class='ocrx_word' id='word_1_753' title='bbox 1127 5401 1376 5472; x_wconf 78' lang='grc' dir='ltr'><strong><em>πρῶτον⁹</em></strong></span> <span class='ocrx_word' id='word_1_754' title='bbox 1429 5398 1580 5471; x_wconf 87' lang='grc' dir='ltr'>παρὰ</span> <span class='ocrx_word' id='word_1_755' title='bbox 1629 5399 1685 5452; x_wconf 87' lang='grc' dir='ltr'><strong><em>δέ</em></strong></span> <span class='ocrx_word' id='word_1_756' title='bbox 1723 5398 1989 5452; x_wconf 86' lang='grc' dir='ltr'>Ἰουδαίων</span> 
     </span>
    </p>
   </div>
   <div class='ocr_carea' id='block_1_103' title="bbox 404 5489 1986 5564">
    <p class='ocr_par' dir='ltr' id='par_1_103' title="bbox 404 5489 1986 5564">
     <span class='ocr_line' id='line_1_104' title="bbox 404 5489 1986 5564; baseline -0.001 -22"><span class='ocrx_word' id='word_1_757' title='bbox 404 5491 652 5554; x_wconf 77' lang='grc' dir='ltr'>Φοίνικας</span> <span class='ocrx_word' id='word_1_758' title='bbox 699 5491 1053 5564; x_wconf 84' lang='grc' dir='ltr'>παραλαϐεῖν,</span> <span class='ocrx_word' id='word_1_759' title='bbox 1095 5492 1362 5564; x_wconf 86' lang='grc' dir='ltr'>Ἕλληνας</span> <span class='ocrx_word' id='word_1_760' title='bbox 1399 5490 1457 5544; x_wconf 86' lang='grc' dir='ltr'><strong><em>δέ</em></strong></span> <span class='ocrx_word' id='word_1_761' title='bbox 1509 5489 1660 5560; x_wconf 85' lang='grc' dir='ltr'><strong><em>παρά</em></strong></span> <span class='ocrx_word' id='word_1_762' title='bbox 1707 5489 1986 5550; x_wconf 82' lang='grc' dir='ltr'>Φοινίκων,</span> 
     </span>
    </p>
   </div>
   <div class='ocr_carea' id='block_1_104' title="bbox 406 5581 1987 5657">
    <p class='ocr_par' dir='ltr' id='par_1_104' title="bbox 406 5581 1987 5657">
     <span class='ocr_line' id='line_1_105' title="bbox 406 5581 1987 5657; baseline -0.001 -22"><span class='ocrx_word' id='word_1_763' title='bbox 406 5585 604 5653; x_wconf 80' lang='grc' dir='ltr'>νόμους</span> <span class='ocrx_word' id='word_1_764' title='bbox 644 5603 705 5637; x_wconf 91' lang='grc' dir='ltr'><strong><em>τε</em></strong></span> <span class='ocrx_word' id='word_1_765' title='bbox 749 5586 965 5657; x_wconf 83' lang='grc' dir='ltr'>πρῶτον</span> <span class='ocrx_word' id='word_1_766' title='bbox 1014 5586 1222 5657; x_wconf 81' lang='grc' dir='ltr'>γράψαι</span> <span class='ocrx_word' id='word_1_767' title='bbox 1279 5587 1484 5657; x_wconf 74' lang='grc' dir='ltr'>Μωσῆν</span> <span class='ocrx_word' id='word_1_768' title='bbox 1529 5587 1642 5648; x_wconf 87' lang='grc' dir='ltr'>τοῖς</span> <span class='ocrx_word' id='word_1_769' title='bbox 1690 5581 1987 5646; x_wconf 85' lang='grc' dir='ltr'>Ἰουδαίοις.</span> 
     </span>
    </p>
   </div>
   <div class='ocr_carea' id='block_1_105' title="bbox 407 5678 1986 5750">
    <p class='ocr_par' dir='ltr' id='par_1_105' title="bbox 407 5678 1986 5750">
     <span class='ocr_line' id='line_1_106' title="bbox 407 5678 1986 5750; baseline -0.003 -16"><span class='ocrx_word' id='word_1_770' title='bbox 407 5683 659 5735; x_wconf 74' lang='lat' dir='ltr'><strong><em>Clemens</em></strong></span> <span class='ocrx_word' id='word_1_771' title='bbox 690 5681 1114 5750; x_wconf 75' lang='lat' dir='ltr'><strong><em>AlexandrinUS,</em></strong></span> <span class='ocrx_word' id='word_1_772' title='bbox 1143 5687 1236 5742; x_wconf 91' lang='lat' dir='ltr'><strong><em>lib.</em></strong></span> <span class='ocrx_word' id='word_1_773' title='bbox 1265 5705 1278 5742; x_wconf 79' lang='grc' dir='ltr'><strong><em>ι</em></strong></span> <span class='ocrx_word' id='word_1_774' title='bbox 1315 5686 1521 5744; x_wconf 86' lang='lat' dir='ltr'><strong><em>Strom.</em></strong></span> <span class='ocrx_word' id='word_1_775' title='bbox 1549 5679 1899 5750; x_wconf 71' lang='grc' dir='ltr'>εΕύπόλεμος</span> <span class='ocrx_word' id='word_1_776' title='bbox 1931 5678 1986 5731; x_wconf 81' lang='grc' dir='ltr'>δὲ</span> 
     </span>
    </p>
   </div>
   <div class='ocr_carea' id='block_1_106' title="bbox 407 5765 1986 5852">
    <p class='ocr_par' dir='ltr' id='par_1_106' title="bbox 407 5765 1986 5852">
     <span class='ocr_line' id='line_1_107' title="bbox 407 5765 1986 5852; baseline -0.001 -26"><span class='ocrx_word' id='word_1_777' title='bbox 407 5773 466 5842; x_wconf 66' lang='grc' dir='ltr'><strong><em>ἐν</em></strong></span> <span class='ocrx_word' id='word_1_778' title='bbox 496 5772 572 5844; x_wconf 82' lang='grc' dir='ltr'>τῷ</span> <span class='ocrx_word' id='word_1_779' title='bbox 601 5773 725 5834; x_wconf 74' lang='grc' dir='ltr'>πεοὶ</span> <span class='ocrx_word' id='word_1_780' title='bbox 752 5765 859 5829; x_wconf 81' lang='grc' dir='ltr'>τῶν</span> <span class='ocrx_word' id='word_1_781' title='bbox 894 5777 949 5830; x_wconf 91' lang='grc' dir='ltr'><strong><em>ἐν</em></strong></span> <span class='ocrx_word' id='word_1_782' title='bbox 973 5778 1036 5848; x_wconf 85' lang='grc' dir='ltr'>τῇ</span> <span class='ocrx_word' id='word_1_783' title='bbox 1081 5777 1300 5852; x_wconf 59' lang='grc' dir='ltr'>Ἰουδςῦ</span> <span class='ocrx_word' id='word_1_784' title='bbox 1336 5780 1360 5846; x_wconf 62' lang='grc'><em>9</em></span> <span class='ocrx_word' id='word_1_785' title='bbox 1387 5775 1599 5830; x_wconf 69' lang='grc' dir='ltr'>τετιλέων</span> <span class='ocrx_word' id='word_1_786' title='bbox 1628 5771 1719 5826; x_wconf 85' lang='grc' dir='ltr'><strong><em>τὸν</em></strong></span> <span class='ocrx_word' id='word_1_787' title='bbox 1747 5770 1986 5841; x_wconf 81' lang='grc' dir='ltr'>Μωῦσῆν</span> 
     </span>
    </p>
   </div>
   <div class='ocr_carea' id='block_1_107' title="bbox 2098 4569 3675 4643">
    <p class='ocr_par' dir='ltr' id='par_1_107' title="bbox 2098 4569 3675 4643">
     <span class='ocr_line' id='line_1_108' title="bbox 2098 4569 3675 4643; baseline 0.002 -20"><span class='ocrx_word' id='word_1_788' title='bbox 2098 4570 2202 4623; x_wconf 82' lang='grc' dir='ltr'>ὑπὸ</span> <span class='ocrx_word' id='word_1_789' title='bbox 2245 4571 2340 4624; x_wconf 79' lang='grc' dir='ltr'>τοῦ</span> <span class='ocrx_word' id='word_1_790' title='bbox 2385 4572 2621 4624; x_wconf 82' lang='grc' dir='ltr'>Μωΰσου</span> <span class='ocrx_word' id='word_1_791' title='bbox 2664 4571 2906 4624; x_wconf 83' lang='grc' dir='ltr'>κελεύειν</span> <span class='ocrx_word' id='word_1_792' title='bbox 2951 4572 3069 4625; x_wconf 84' lang='grc' dir='ltr'>ἐκεῖ</span> <span class='ocrx_word' id='word_1_793' title='bbox 3113 4569 3376 4643; x_wconf 80' lang='grc' dir='ltr'>φέροντας</span> <span class='ocrx_word' id='word_1_794' title='bbox 3425 4571 3675 4638; x_wconf 75' lang='grc' dir='ltr'>θάπτειν,</span> 
     </span>
    </p>
   </div>
   <div class='ocr_carea' id='block_1_108' title="bbox 2095 4660 3478 4732">
    <p class='ocr_par' dir='ltr' id='par_1_108' title="bbox 2095 4660 3478 4732">
     <span class='ocr_line' id='line_1_109' title="bbox 2095 4660 3478 4732; baseline 0.002 -19"><span class='ocrx_word' id='word_1_795' title='bbox 2095 4660 2500 4731; x_wconf 82' lang='grc' dir='ltr'>κατακρύπτειν</span> <span class='ocrx_word' id='word_1_796' title='bbox 2533 4660 2701 4714; x_wconf 90' lang='grc' dir='ltr'>θέλων</span> <span class='ocrx_word' id='word_1_797' title='bbox 2727 4660 2820 4713; x_wconf 76' lang='grc' dir='ltr'>τοῦ</span> <span class='ocrx_word' id='word_1_798' title='bbox 2849 4662 3082 4716; x_wconf 79' lang='grc' dir='ltr'>Μωΰσου</span> <span class='ocrx_word' id='word_1_799' title='bbox 3113 4662 3478 4732; x_wconf 85' lang='grc' dir='ltr'>ἐπινοήματα.</span> 
     </span>
    </p>
   </div>
   <div class='ocr_carea' id='block_1_109' title="bbox 2163 4749 3675 4819">
    <p class='ocr_par' dir='ltr' id='par_1_109' title="bbox 2163 4749 3675 4819">
     <span class='ocr_line' id='line_1_110' title="bbox 2163 4749 3675 4819; baseline 0.006 -18"><span class='ocrx_word' id='word_1_800' title='bbox 2163 4749 2326 4813; x_wconf 86' lang='lat' dir='ltr'><strong><em>lbid.,</em></strong></span> <span class='ocrx_word' id='word_1_801' title='bbox 2351 4750 2449 4803; x_wconf 91' lang='lat' dir='ltr'><strong><em>lin.</em></strong></span> <span class='ocrx_word' id='word_1_802' title='bbox 2478 4749 2567 4804; x_wconf 73' lang='grc'><strong><em>48.</em></strong></span> <span class='ocrx_word' id='word_1_803' title='bbox 2609 4749 2720 4804; x_wconf 76' lang='grc' dir='ltr'><strong><em>Τὸν</em></strong></span> <span class='ocrx_word' id='word_1_804' title='bbox 2741 4749 2810 4803; x_wconf 83' lang='grc' dir='ltr'>δὲ</span> <span class='ocrx_word' id='word_1_805' title='bbox 2834 4750 3039 4819; x_wconf 75' lang='grc' dir='ltr'>ὄχλον.</span> <span class='ocrx_word' id='word_1_806' title='bbox 3078 4749 3155 4806; x_wconf 90' lang='lat' dir='ltr'><strong><em>De</em></strong></span> <span class='ocrx_word' id='word_1_807' title='bbox 3193 4751 3298 4806; x_wconf 91' lang='lat' dir='ltr'><strong><em>boc</em></strong></span> <span class='ocrx_word' id='word_1_808' title='bbox 3325 4753 3493 4806; x_wconf 81' lang='lat' dir='ltr'><strong><em>verba</em></strong></span> <span class='ocrx_word' id='word_1_809' title='bbox 3521 4755 3675 4810; x_wconf 77' lang='lat' dir='ltr'><strong><em>Arta-</em></strong></span> 
     </span>
    </p>
   </div>
   <div class='ocr_carea' id='block_1_110' title="bbox 2094 4839 2756 4909">
    <p class='ocr_par' dir='ltr' id='par_1_110' title="bbox 2094 4839 2756 4909">
     <span class='ocr_line' id='line_1_111' title="bbox 2094 4839 2756 4909; baseline 0.002 -18"><span class='ocrx_word' id='word_1_810' title='bbox 2094 4839 2224 4908; x_wconf 89' lang='lat' dir='ltr'><strong><em>pani</em></strong></span> <span class='ocrx_word' id='word_1_811' title='bbox 2253 4854 2416 4908; x_wconf 89' lang='lat' dir='ltr'><strong><em>supra</em></strong></span> <span class='ocrx_word' id='word_1_812' title='bbox 2450 4839 2756 4909; x_wconf 91' lang='lat' dir='ltr'><strong><em>posuimus.</em></strong></span> 
     </span>
    </p>
   </div>
   <div class='ocr_carea' id='block_1_111' title="bbox 2164 4927 3675 4998">
    <p class='ocr_par' dir='ltr' id='par_1_111' title="bbox 2164 4927 3675 4998">
     <span class='ocr_line' id='line_1_112' title="bbox 2164 4927 3675 4998; baseline 0 -14"><span class='ocrx_word' id='word_1_813' title='bbox 2164 4930 2328 4992; x_wconf 88' lang='lat' dir='ltr'><strong><em>lbid..</em></strong></span> <span class='ocrx_word' id='word_1_814' title='bbox 2358 4931 2453 4984; x_wconf 92' lang='lat' dir='ltr'><strong><em>lin.</em></strong></span> <span class='ocrx_word' id='word_1_815' title='bbox 2480 4930 2568 4985; x_wconf 77' lang='grc'><strong><em>54.</em></strong></span> <span class='ocrx_word' id='word_1_816' title='bbox 2604 4927 3013 4996; x_wconf 80' lang='grc' dir='ltr'>Ἀποξενώσας</span> <span class='ocrx_word' id='word_1_817' title='bbox 3037 4928 3123 4986; x_wconf 81' lang='grc' dir='ltr'><strong><em>δέ.</em></strong></span> <span class='ocrx_word' id='word_1_818' title='bbox 3146 4928 3461 4998; x_wconf 82' lang='lat' dir='ltr'><strong><em>Artapanus</em></strong></span> <span class='ocrx_word' id='word_1_819' title='bbox 3485 4931 3675 4985; x_wconf 73' lang='lat' dir='ltr'><strong><em>:‘Am—</em></strong></span> 
     </span>
    </p>
   </div>
   <div class='ocr_carea' id='block_1_112' title="bbox 2093 5021 3672 5094">
    <p class='ocr_par' dir='ltr' id='par_1_112' title="bbox 2093 5021 3672 5094">
     <span class='ocr_line' id='line_1_113' title="bbox 2093 5021 3672 5094; baseline 0 -20"><span class='ocrx_word' id='word_1_820' title='bbox 2093 5021 2443 5094; x_wconf 78' lang='grc' dir='ltr'>ξενωσᾴντων</span> <span class='ocrx_word' id='word_1_821' title='bbox 2474 5022 2531 5075; x_wconf 84' lang='grc' dir='ltr'><strong><em>δέ</em></strong></span> <span class='ocrx_word' id='word_1_822' title='bbox 2573 5022 2734 5076; x_wconf 73' lang='grc' dir='ltr'>αὐτὸν</span> <span class='ocrx_word' id='word_1_823' title='bbox 2777 5021 2884 5075; x_wconf 84' lang='grc' dir='ltr'><strong><em>τῶν</em></strong></span> <span class='ocrx_word' id='word_1_824' title='bbox 2921 5021 3252 5089; x_wconf 71' lang='grc' dir='ltr'>Αἰγυπτίων,</span> <span class='ocrx_word' id='word_1_825' title='bbox 3287 5023 3672 5093; x_wconf 75' lang='grc' dir='ltr'>.όρκομοτῆσαι</span> 
     </span>
    </p>
   </div>
   <div class='ocr_carea' id='block_1_113' title="bbox 2091 5113 3672 5186">
    <p class='ocr_par' dir='ltr' id='par_1_113' title="bbox 2091 5113 3672 5186">
     <span class='ocr_line' id='line_1_114' title="bbox 2091 5113 3672 5186; baseline -0.001 -16"><span class='ocrx_word' id='word_1_826' title='bbox 2091 5116 2219 5179; x_wconf 80' lang='grc' dir='ltr'>τοὺς</span> <span class='ocrx_word' id='word_1_827' title='bbox 2259 5116 2446 5186; x_wconf 88' lang='grc' dir='ltr'>φίλους</span> <span class='ocrx_word' id='word_1_828' title='bbox 2485 5114 2560 5186; x_wconf 86' lang='grc' dir='ltr'>μὴ</span> <span class='ocrx_word' id='word_1_829' title='bbox 2594 5114 2904 5184; x_wconf 81' lang='grc' dir='ltr'>ἐξαγγεῖλαι</span> <span class='ocrx_word' id='word_1_830' title='bbox 2952 5113 3032 5185; x_wconf 79' lang='grc' dir='ltr'>τῷ</span> <span class='ocrx_word' id='word_1_831' title='bbox 3062 5114 3282 5184; x_wconf 81' lang='grc' dir='ltr'>Μωΰσῳ</span> <span class='ocrx_word' id='word_1_832' title='bbox 3315 5115 3418 5186; x_wconf 74' lang='grc' dir='ltr'>τὴν</span> <span class='ocrx_word' id='word_1_833' title='bbox 3452 5117 3672 5168; x_wconf 82' lang='grc' dir='ltr'>ἐπισυν-</span> 
     </span>
    </p>
   </div>
   <div class='ocr_carea' id='block_1_114' title="bbox 2095 5206 3671 5282">
    <p class='ocr_par' dir='ltr' id='par_1_114' title="bbox 2095 5206 3671 5282">
     <span class='ocr_line' id='line_1_115' title="bbox 2095 5206 3671 5282; baseline 0 -20"><span class='ocrx_word' id='word_1_834' title='bbox 2095 5209 2390 5282; x_wconf 84' lang='grc' dir='ltr'>ισταμένην</span> <span class='ocrx_word' id='word_1_835' title='bbox 2426 5207 2573 5280; x_wconf 79' lang='grc' dir='ltr'>αὐτῷ</span> <span class='ocrx_word' id='word_1_836' title='bbox 2625 5208 2937 5280; x_wconf 84' lang='grc' dir='ltr'>ἐπιϐουλὴν,</span> <span class='ocrx_word' id='word_1_837' title='bbox 2991 5207 3085 5260; x_wconf 72' lang='grc' dir='ltr'><strong><em>καὶ</em></strong></span> <span class='ocrx_word' id='word_1_838' title='bbox 3135 5206 3505 5278; x_wconf 84' lang='grc' dir='ltr'>προϐαλέσθαι</span> <span class='ocrx_word' id='word_1_839' title='bbox 3550 5210 3671 5270; x_wconf 76' lang='grc' dir='ltr'>τοὺς</span> 
     </span>
    </p>
   </div>
   <div class='ocr_carea' id='block_1_115' title="bbox 2090 5299 3667 5374">
    <p class='ocr_par' dir='ltr' id='par_1_115' title="bbox 2090 5299 3667 5374">
     <span class='ocr_line' id='line_1_116' title="bbox 2090 5299 3667 5374; baseline -0.003 -17"><span class='ocrx_word' id='word_1_840' title='bbox 2090 5303 2484 5374; x_wconf 82' lang='grc' dir='ltr'>ἀναιρήσοντας</span> <span class='ocrx_word' id='word_1_841' title='bbox 2509 5301 2690 5355; x_wconf 80' lang='grc' dir='ltr'>αὐτόν.</span> <span class='ocrx_word' id='word_1_842' title='bbox 2718 5299 2962 5370; x_wconf 83' lang='grc' dir='ltr'>Μηδενὸς</span> <span class='ocrx_word' id='word_1_843' title='bbox 2989 5299 3033 5352; x_wconf 89' lang='grc' dir='ltr'>δ’</span> <span class='ocrx_word' id='word_1_844' title='bbox 3063 5299 3503 5364; x_wconf 85' lang='grc' dir='ltr'>ὑπακούσαντος,</span> <span class='ocrx_word' id='word_1_845' title='bbox 3533 5301 3667 5353; x_wconf 80' lang='grc' dir='ltr'>ὀνει-</span> 
     </span>
    </p>
   </div>
   <div class='ocr_carea' id='block_1_116' title="bbox 2089 5390 3668 5464">
    <p class='ocr_par' dir='ltr' id='par_1_116' title="bbox 2089 5390 3668 5464">
     <span class='ocr_line' id='line_1_117' title="bbox 2089 5390 3668 5464; baseline -0.003 -16"><span class='ocrx_word' id='word_1_846' title='bbox 2089 5394 2234 5448; x_wconf 85' lang='grc' dir='ltr'>δίσαι</span> <span class='ocrx_word' id='word_1_847' title='bbox 2265 5394 2356 5448; x_wconf 82' lang='grc' dir='ltr'><strong><em>τὸν</em></strong></span> <span class='ocrx_word' id='word_1_848' title='bbox 2382 5393 2667 5463; x_wconf 84' lang='grc' dir='ltr'>Χενεφρῆν</span> <span class='ocrx_word' id='word_1_849' title='bbox 2695 5390 3041 5462; x_wconf 78' lang='grc' dir='ltr'>Χανενώθην,</span> <span class='ocrx_word' id='word_1_850' title='bbox 3092 5391 3183 5444; x_wconf 84' lang='grc' dir='ltr'><strong><em>τὸν</em></strong></span> <span class='ocrx_word' id='word_1_851' title='bbox 3227 5391 3464 5462; x_wconf 82' lang='grc' dir='ltr'>μάλιστα</span> <span class='ocrx_word' id='word_1_852' title='bbox 3509 5407 3668 5464; x_wconf 77' lang='grc' dir='ltr'>προσ·</span> 
     </span>
    </p>
   </div>
   <div class='ocr_carea' id='block_1_117' title="bbox 2089 5482 3666 5558">
    <p class='ocr_par' dir='ltr' id='par_1_117' title="bbox 2089 5482 3666 5558">
     <span class='ocr_line' id='line_1_118' title="bbox 2089 5482 3666 5558; baseline -0.001 -19"><span class='ocrx_word' id='word_1_853' title='bbox 2089 5486 2486 5558; x_wconf 81' lang='grc' dir='ltr'>ἀγορευόμενον</span> <span class='ocrx_word' id='word_1_854' title='bbox 2526 5483 2618 5537; x_wconf 82' lang='grc' dir='ltr'><strong><em>ὑπ’</em></strong></span> <span class='ocrx_word' id='word_1_855' title='bbox 2657 5483 2844 5538; x_wconf 79' lang='grc' dir='ltr'>αὑτοῦ.</span> <span class='ocrx_word' id='word_1_856' title='bbox 2869 5483 2972 5536; x_wconf 84' lang='grc' dir='ltr'><strong><em>Τὸν</em></strong></span> <span class='ocrx_word' id='word_1_857' title='bbox 3003 5482 3082 5548; x_wconf 86' lang='grc' dir='ltr'><strong><em>δέ,</em></strong></span> <span class='ocrx_word' id='word_1_858' title='bbox 3121 5482 3509 5550; x_wconf 85' lang='grc' dir='ltr'>ὀνειδισθέντα,</span> <span class='ocrx_word' id='word_1_859' title='bbox 3542 5483 3666 5538; x_wconf 64' lang='grc' dir='ltr'><strong><em>ὑω-</em></strong></span> 
     </span>
    </p>
   </div>
   <div class='ocr_carea' id='block_1_118' title="bbox 2091 5574 3239 5650">
    <p class='ocr_par' dir='ltr' id='par_1_118' title="bbox 2091 5574 3239 5650">
     <span class='ocr_line' id='line_1_119' title="bbox 2091 5574 3239 5650; baseline -0.002 -18"><span class='ocrx_word' id='word_1_860' title='bbox 2091 5578 2312 5650; x_wconf 88' lang='grc' dir='ltr'>σχέσθαι</span> <span class='ocrx_word' id='word_1_861' title='bbox 2338 5578 2438 5649; x_wconf 81' lang='grc' dir='ltr'><strong><em>τὴν</em></strong></span> <span class='ocrx_word' id='word_1_862' title='bbox 2468 5577 2731 5642; x_wconf 84' lang='grc' dir='ltr'>ἐπίθεσιν,</span> <span class='ocrx_word' id='word_1_863' title='bbox 2765 5574 2999 5628; x_wconf 88' lang='grc' dir='ltr'>λαϐόντα</span> <span class='ocrx_word' id='word_1_864' title='bbox 3031 5575 3239 5646; x_wconf 87' lang='grc' dir='ltr'>καιρόν.</span> 
     </span>
    </p>
   </div>
   <div class='ocr_carea' id='block_1_119' title="bbox 2156 5666 3662 5739">
    <p class='ocr_par' dir='ltr' id='par_1_119' title="bbox 2156 5666 3662 5739">
     <span class='ocr_line' id='line_1_120' title="bbox 2156 5666 3662 5739; baseline -0.005 -13"><span class='ocrx_word' id='word_1_865' title='bbox 2156 5671 2317 5738; x_wconf 86' lang='lat' dir='ltr'><strong><em>lbid.,</em></strong></span> <span class='ocrx_word' id='word_1_866' title='bbox 2348 5671 2448 5727; x_wconf 89' lang='lat' dir='ltr'><strong><em>lin.</em></strong></span> <span class='ocrx_word' id='word_1_867' title='bbox 2477 5668 2567 5726; x_wconf 85' lang='lat'><strong><em>59.</em></strong></span> <span class='ocrx_word' id='word_1_868' title='bbox 2605 5670 2740 5724; x_wconf 82' lang='grc' dir='ltr'>Τότε</span> <span class='ocrx_word' id='word_1_869' title='bbox 2765 5668 2843 5738; x_wconf 81' lang='grc' dir='ltr'><strong><em>δὴ</em></strong></span> <span class='ocrx_word' id='word_1_870' title='bbox 2867 5670 2966 5724; x_wconf 71' lang='grc' dir='ltr'>καὶ</span> <span class='ocrx_word' id='word_1_871' title='bbox 2992 5668 3123 5739; x_wconf 81' lang='grc' dir='ltr'>τῆς.</span> <span class='ocrx_word' id='word_1_872' title='bbox 3147 5668 3462 5738; x_wconf 82' lang='lat' dir='ltr'><strong><em>Artapanus</em></strong></span> <span class='ocrx_word' id='word_1_873' title='bbox 3489 5685 3505 5722; x_wconf 89' lang='lat'><strong>:</strong></span> <span class='ocrx_word' id='word_1_874' title='bbox 3537 5666 3662 5722; x_wconf 77' lang='grc' dir='ltr'><strong><em>Ὑπὸ</em></strong></span> 
     </span>
    </p>
   </div>
   <div class='ocr_carea' id='block_1_120' title="bbox 2087 5760 3666 5834">
    <p class='ocr_par' dir='ltr' id='par_1_120' title="bbox 2087 5760 3666 5834">
     <span class='ocr_line' id='line_1_121' title="bbox 2087 5760 3666 5834; baseline -0.004 -13"><span class='ocrx_word' id='word_1_875' title='bbox 2087 5766 2144 5821; x_wconf 78' lang='grc' dir='ltr'>δὲ</span> <span class='ocrx_word' id='word_1_876' title='bbox 2185 5765 2371 5821; x_wconf 76' lang='grc' dir='ltr'>τοῦτον</span> <span class='ocrx_word' id='word_1_877' title='bbox 2408 5764 2499 5820; x_wconf 78' lang='grc' dir='ltr'><strong><em>τὸν</em></strong></span> <span class='ocrx_word' id='word_1_878' title='bbox 2544 5761 2734 5834; x_wconf 76' lang='grc' dir='ltr'>καιρὸν</span> <span class='ocrx_word' id='word_1_879' title='bbox 2781 5761 2876 5832; x_wconf 83' lang='grc' dir='ltr'><strong><em>τῆς</em></strong></span> <span class='ocrx_word' id='word_1_880' title='bbox 2925 5761 3197 5834; x_wconf 80' lang='grc' dir='ltr'>Μέρῤιδος</span> <span class='ocrx_word' id='word_1_881' title='bbox 3241 5760 3666 5831; x_wconf 49' lang='grc' dir='ltr'>τελευτησάσης,</span> 
     </span>
    </p>
   </div>
  </div>
