3838 6158
194 328 337 385 1053

1142 337 1213 392 1N
1251 337 1618 396 EUSTATHII
1655 341 2127 403 HEXAEMERON
2165 348 2394 420 NOTsjE.

3307 366 3441 422 1054

194 440 527 513 ὑποσχέσθαι
557 443 649 498 τὸν
673 444 957 520 Χενεφρῆν
984 446 1065 519 τῷ
1088 466 1150 503 τε
1181 451 1401 523 Μωῠσῳ
1428 453 1521 507 καὶ
1544 453 1623 525 τῷ
1653 456 1767 508 Χα-

1877 456 2059 524 phanti
2091 479 2109 515 :
2143 463 2294 532 cujus
2332 450 2654 529 naturaliter
2678 468 2838 536 dura,
2869 481 2919 530 et
2949 489 3136 551 aspera
3164 478 3317 546 pellis
3347 498 3444 537 no—

426 534 489 588 τὸ
519 535 697 607 σῶμα,
737 538 900 605 ὥστε,
931 540 1354 612 διακομίσαντας
1380 546 1460 608 είς
1481 546 1606 609 τοὺς
1629 546 1767 617 ὑπὲρ

191 626 471 707 ᾼῖγυπτον
500 630 718 698 τόπους,
770 632 955 703 θάψαι,
1009 634 1350 691 ὑπολαϐόντα
1394 636 1486 691 τὸν
1537 637 1777 692 Μώῦσον.

192 718 304 783 ὐπὸ
337 721 432 774 τοῦ
460 721 716 776 Χανενὼθ
762 724 1236 797 ἀναιρεθήσεσθαι.
1285 728 1672 800 Πορευομένων
1713 729 1769 783 δὲ

192 814 399 879 αὐτῶν,
435 815 537 886 τὴν
569 817 860 889 ἐπιϐουλὴν
888 818 966 890 τῷ
998 820 1217 891 Μωῦσῳ
1264 820 1574 891 ἐξαγγεῖλαι
1623 839 1766 877 τινα.

193 906 301 960 Τὸν
324 907 385 960 δὲ
414 908 753 976 φυλάσσοντα
781 910 942 964 αὐτὸν
971 911 1071 981 τὴν
1102 913 1197 983 μὲν
1225 913 1437 986 Μέρῤιν
1467 913 1654 984 θάψαι,
1678 915 1770 970 τὸν

191 998 256 1054 δὲ
291 1000 555 1070 ποταμὸν.
598 1002 693 1054 καὶ
727 1001 823 1073 τὴν
849 1004 907 1055 ἐν
941 1004 1133 1074 ἐκείνῳ
1158 1005 1310 1058 πόλιν
1345 1006 1562 1078 Μερόην
1599 1024 1771 1080 προσ-

193 1091 515 1164 αγορεῦσαι.
541 1094 814 1164 Τιμᾶσθαι
846 1094 904 1148 δὲ
943 1095 1042 1168 τὴν
1076 1096 1286 1169 Μέρριν
1312 1098 1514 1169 ταύτην
1540 1098 1645 1152 ὑπό
1662 1100 1771 1154 τῶν

194 1184 481 1257 ἐγχωρίων
521 1185 620 1240 οὐκ
665 1186 884 1241 ἔλαττον
913 1187 946 1260 ἢ
976 1189 1073 1259 τὴν
1104 1190 1258 1246 Ἵσιν.
1310 1189 1589 1256 Omnium,
1633 1205 1772 1260 quas

193 1274 355 1331 Nilus
400 1277 569 1331 ambit
611 1279 850 1339 maxima
892 1286 948 1335 et
979 1280 1348 1350 pulcherrima
1379 1282 1582 1337 insula.
1619 1282 1771 1335 Mulli

194 1368 585 1423 existimarunt
628 1370 774 1425 inter
819 1386 957 1441 quos
1005 1370 1275 1440 Josephus
1313 1373 1409 1430 lib.
1442 1389 1478 1427 ll
1508 1373 1771 1443 Antiquit.

191 1457 414 1515 Judaic.
460 1464 660 1519 nomen
708 1474 761 1517 a'
791 1464 971 1521 Meroe
1007 1465 1293 1537 Cambysis
1329 1481 1537 1526 sorore,
1576 1466 1681 1532 vel,
1714 1474 1775 1520 ut

194 1550 471 1610 Diodorus
501 1555 597 1621 ait,
630 1564 806 1613 matre
842 1557 915 1612 ibi
959 1569 1196 1624 mortua,
1227 1574 1349 1613 cum
1385 1558 1452 1613 ad
1483 1557 1773 1629 Ethiopas

191 1642 485 1711 ingressus
507 1655 676 1709 esset,
699 1645 997 1713 habuisse;
1022 1646 1143 1717 ejus
1167 1648 1418 1703 meminit
1439 1647 1771 1704 Herodotus.

192 1730 276 1790 De
294 1747 359 1789 ea
384 1732 663 1800 Lucanus,
694 1736 790 1793 lib.
817 1753 853 1791 ι
888 1754 903 1791 :

337 1844 586 1919 {Ambitur
620 1846 987 1919 nigrisMeroe
1014 1849 1241 1919 fecunda
1270 1846 1468 1903 colonis

338 1913 490 1970 Laeta
518 1913 699 1971 comis»
711 1917 917 1983 hebeni,
948 1913 1054 1973 etc.

192 2003 323 2059 Fuit
364 2007 539 2077 regia.
584 2015 638 2062 et
687 2011 1004 2080 metrOpolis
1050 2009 1388 2082 Ethiopum.
1423 2012 1769 2080 Heliodorus,

190 2095 294 2149 lib.
312 2111 346 2149 ι
371 2096 468 2151 εἩ
488 2098 596 2167 γὰρ
617 2098 681 2168 δὴ
700 2100 906 2172 Μερόη,
940 2103 1273 2174 μητρόπολις
1301 2098 1434 2157 οὖσα
1453 2105 1565 2158 τῶν
1589 2105 1772 2158 Αἰθιό-

192 2201 337 2252 πων,
364 2186 435 2240 τὰ
466 2187 567 2257 μέν
587 2188 723 2243 ἄλλα
746 2191 863 2243 ἐστὶ
892 2192 1055 2261 νῆσος
1092 2194 1490 2265 τριγωνίςουσα
1509 2199 1772 2267 ποταμοῖς

191 2276 278 2350 τῷ
308 2294 368 2331 τε
408 2279 587 2351 Νείλῳ
624 2283 719 2335 καὶ
760 2282 845 2352 τῷ
891 2283 1215 2355 Ἀσταϐόρα,
1256 2286 1351 2338 καὶ
1385 2285 1464 2357 τῷ
1505 2287 1773 2359 Ἀσασόϐᾳ

191 2370 618 2441 περιρῤεομένη,
662 2372 756 2425 τοῦ
797 2374 897 2443 μὲν
943 2376 1086 2429 κατὰ
1122 2377 1368 2449 κορυφὴν
1411 2377 1774 2448 ἐμπίπτοντος

188 2458 290 2513 τοῦ
327 2460 544 2526 Νείλου,
585 2463 681 2516 καὶ
713 2465 849 2536 πρὸς
884 2466 1121 2539 ἐκάτερα
1149 2466 1487 2539 σχιζομένου,
1522 2468 1630 2523 τῶν
1655 2469 1773 2523 ἐτέ-

192 2570 307 2624 ρων
349 2554 407 2607 δὲ
455 2554 599 2609 δυοῖν
629 2556 772 2611 κατὰ
802 2557 1041 2629 πλευρὰν
1071 2560 1335 2632 ἑκατέραν
1367 2562 1595 2634 θατέρου
1626 2579 1771 2634 παρ-

188 2645 555 2715 αμειϐόντων,
600 2649 696 2701 καὶ
728 2644 885 2714 αὖθις
912 2649 1162 2719 ἀλλήλοις
1192 2651 1631 2722 συμπιπτόντων,
1678 2651 1774 2706 καὶ

190 2741 279 2803 είς
315 2739 414 2795 ἕνα
443 2741 538 2796 τὸν
573 2741 767 2796 Νεῖλον
793 2743 855 2797 τό
883 2760 943 2797 τε
965 2744 1146 2816 ῥεῦμα
1176 2744 1239 2797 τό
1265 2762 1326 2798 τε
1353 2745 1524 2816 ὄνομα
1548 2747 1775 2799 ἐκνικω-

197 2833 402 2903 μένων.

266 2925 385 2981 Col.
409 2925 535 2991 785,
565 2927 663 2983 lin.
705 2928 760 2982 8.
798 2928 993 2995 Αὐτὸς
1031 2927 1099 2982 δὲ
1145 2930 1214 2983 ἐκ
1248 2928 1384 2998 μέν.
1429 2927 1771 2999 Artapanus:

206 3015 460 3087 ’Δαρῶνα
498 3017 556 3070 δὲ
590 3018 681 3072 τὸν
717 3017 812 3072 τοῦ
844 3020 1081 3074 Μωΰσου
1120 3019 1368 3089 ἀδελφὸν,
1412 3019 1484 3072 τὰ
1520 3021 1649 3090 περὶ
1677 3019 1776 3091 τὴν

193 3106 489 3179 ἐπιϐουλὴν
535 3110 849 3178 ἐπιγνόντα,
885 3111 1285 3182 συμϐουλεῦσαι
1316 3110 1393 3182 τῷ
1430 3110 1644 3182 ἀδελφῷ
1673 3128 1775 3181 φυ-
1800 3137 1853 3193 ρ

192 3201 316 3268 γείν
337 3202 418 3264 είς
446 3201 546 3272 τὴν
583 3202 860 3273 Ἀραϐίαν.
897 3204 1002 3256 Τὸν
1038 3203 1116 3267 δὲ,
1151 3203 1463 3267 πεισθέντα,
1490 3204 1597 3256 ἀπὸ
1623 3203 1776 3274 Μέμ-

196 3308 344 3364 φεως
378 3294 471 3348 τὸν
507 3295 698 3349 Νεῖλον
739 3295 1160 3359 διαπλεύσαντα,
1209 3293 1647 3350 ἀπαλλάσσεσθαι
1695 3297 1774 3359 είς

192 3381 299 3453 τὴν
346 3384 627 3455 Ἀραϐίαν.
674 3385 778 3439 Τὸν
820 3386 879 3439 δὲ
922 3384 1270 3457 Χανεθώθην,
1326 3386 1626 3456 πυθόμενον
1679 3384 1773 3437 τοῦ

195 3475 436 3530 Μωΰσου
488 3478 588 3547 τὴν
641 3477 838 3549 φυγὴν,
900 3476 1198 3549 ἐνεδρεύειν
1258 3477 1334 3541 ὡς
1389 3479 1772 3549 ἁναιρήσοντα.

211 3562 414 3617 Ἰδόντα
451 3563 509 3617 δὲ
550 3566 861 3637 ἐρχόμενον,
905 3566 1215 3621 σπάσασθαι
1244 3567 1345 3638 τὴν
1382 3568 1657 3640 μάχαιραν
1686 3570 1776 3622 ἐπ’

193 3650 384 3706 αὐτόν.
438 3653 541 3706 Τὸν
584 3654 643 3707 δὲ
687 3654 941 3721 Μώῦσον,
982 3657 1532 3727 προκατασχήσαντα,
1573 3657 1674 3727 τήν
1713 3674 1777 3709 τε

192 3746 360 3816 χεῖρα
402 3749 695 3816 κατασχεῖν
728 3747 915 3812 αὑτοῦ,
965 3747 1058 3801 καὶ
1104 3747 1448 3818 σπασάμενον
1490 3748 1551 3801 τὸ
1601 3748 1773 3817 ξίφος,

194 3834 457 3904 φονεῦσαι
481 3837 571 3890 τὸν
598 3837 942 3909 Χανεθώθην.
967 3839 1289 3910 Διεκδράναι
1311 3839 1369 3892 δὲ
1393 3841 1473 3903 είς
1495 3838 1592 3911 τὴν
1625 3841 1778 3911 Ἀρα-

196 3925 325 3981 ϐίαν
346 3929 442 3983 καὶ
479 3929 790 4001 Ῥαγουήλῳ
810 3929 887 4000 τῷ
908 3928 1016 3983 τῶν
1036 3930 1218 3985 τόπων
1239 3930 1459 4003 ἄρχοντι
1484 3930 1772 4003 συμϐιοῦν,

196 4018 433 4075 λαϐόντα
463 4020 562 4093 τὴν
594 4022 803 4076 ἐκείνου
834 4021 1130 4093 θυγατέρα.

266 4111 431 4171 lbid..
462 4080 559 4167 lin.
581 4114 674 4170 ‘25.
707 4080 944 4182 Hyriea;-
1104 4127 1248 4172 παν.
1269 4113 1579 4184 Artapanus
1607 4113 1776 4168 ε’Υπὸ

197 4200 261 4255 δι
285 4201 377 4255 τὸν
403 4202 567 4256 αὑτὸν
597 4202 790 4274 χρόνον
830 4203 925 4256 καὶ
961 4203 1246 4273 Χενεφρῆν
1278 4203 1494 4275 πρῶτον
1524 4203 1778 4257 ἁπάντων

196 4296 504 4368 ἀνθρώπων
531 4299 990 4368 ἐλεφαντιόωαντα
1022 4300 1368 4372 μεταλλάξαι.
1401 4301 1590 4373 Τούτῳ
1618 4302 1675 4356 δὲ
1697 4301 1777 4374 τῷ

196 4388 363 4444 πάθει
415 4395 732 4463 περιπεσεῖν
775 4392 863 4447 διὰ
901 4393 966 4446 τὸ
1000 4393 1092 4446 τοῦ
1140 4394 1426 4458 Ἰουδαίους
1470 4394 1776 4467 προστάξαι

1871 567 1988 606 men
2014 554 2193 608 morbo
2215 558 2269 610 in
2299 557 2599 613 hominibus
2629 561 2771 615 dedit
2798 578 2817 618 :
2849 565 2973 634 quia
3006 570 3238 637 corporis
3264 587 3445 641 super-

1871 643 2043 711 ficiem
2084 645 2310 699 similem
2344 647 2475 716 facit
2522 650 2917 718 elephantorum
2960 657 3070 709 cuti
3112 675 3130 711 :
3180 661 3283 714 sive
3319 663 3444 731 quia

1869 735 2050 803 ingens
2076 738 2257 803 passio
2286 746 2383 801 est,
2409 740 2545 793 sicut
2570 742 2771 797 animal
2799 745 2993 814 ipsum,
3025 763 3089 800 ea:
3118 765 3219 818 quo
3242 751 3448 806 deriva-

1874 835 1984 879 tum
2023 828 2168 882 ducit
2212 846 2423 886 nomen.
2467 832 2682 897 Celsus,
2735 835 2829 890 lib.
2882 852 2972 904 In,
3015 820 3263 921 cap.'25,
3308 857 3446 913 pene

1872 917 2118 987 ignotum
2160 920 2214 972 in
2260 918 2415 974 Italia
2459 924 2733 989 morbum,
2766 926 2860 989 ait,
2902 927 2955 980 in
2997 917 3319 999 quibusdam
3357 949 3445 989 re-

1872 1008 2127 1078 gionibus
2179 1009 2708 1081 frequentissimum.
2761 1015 3067 1087 Lucretius,
3122 1020 3218 1076 lib.
3269 1036 3324 1077 Vl
3370 1021 3448 1077 De

1872 1117 2068 1156 rerum.
2126 1113 2331 1169 natur.,
2384 1106 2555 1161 solam
2611 1106 2907 1180 Egyptum
2970 1112 3281 1180 molestare,
3344 1131 3448 1172 nec

1873 1193 2036 1248 aliam
2068 1195 2344 1267 regionem
2376 1214 2607 1268 usquam
2636 1218 2649 1254 :

1910 1283 2007 1362 ξεί
2033 1286 2254 1362 e_lepha_s_
2273 1288 2509 1353 morbus,
2543 1292 2639 1362 qui
2661 1301 2874 1361 propter
2900 1293 3125 1362 ﬂumina
3160 1294 3279 1362 Nili

1910 1355 2160 1427 Gignitur
2181 1356 2415 1428 Egypto
2443 1362 2497 1413 in
2526 1355 2719 1427 media,
2742 1355 2910 1432 neque
2926 1356 3181 1432 praeterea
3199 1356 3444 1438 usquam.

1874 1448 2105 1515 Plinius,
2139 1451 2235 1505 lib.
2269 1468 2418 1518 xxxx,
2449 1468 2571 1524 cap.
2600 1456 2651 1519 1,
2687 1457 2874 1512 scribit
2915 1458 3138 1529 Aigypti
3174 1464 3449 1531 peculiare

1874 1542 1979 1597 hoc
2010 1546 2234 1611 malum,
2268 1547 2321 1601 in
2356 1548 2507 1601 Italia
2533 1562 2750 1617 quoque
2783 1558 3070 1620 vagatum;
3103 1552 3244 1607 vide.

1944 1632 2106 1699 lbid.,
2144 1637 2242 1693 lin.
2276 1636 2366 1691 56.
2410 1639 2540 1691 Ἐπὶ
2575 1637 2726 1707 γοῦν
2744 1638 2820 1706 τῇ
2845 1642 3110 1710 τοιαύτῃ.
3138 1641 3449 1713 Artapanus

1875 1726 2019 1795 apud
2045 1725 2357 1786 Eusebium.
2398 1726 2649 1783 Clemens
2686 1730 3088 1787 Alexandrinus
3118 1749 3185 1787 ex
3217 1735 3443 1790 eodem:

1797 1794 1847 1855 Β
1885 1817 2222 1888 Ἀρτάπανος
2244 1817 2377 1887 γοῦν
2396 1822 2456 1873 ἐν
2481 1819 2560 1891 τῷ
2593 1822 2722 1892 περὶ
2762 1822 3028 1876 Ἰουδαίων
3059 1822 3451 1897 συγγράμματι

1875 1909 2077 1980 ἱστορεῖ
2102 1910 2557 1964 κατακλεισθέντα
2611 1914 2691 1975 είς
2745 1913 2994 1985 φυλακὴν
3047 1917 3289 1970 Μωῦσέα
3345 1918 3451 1971 ὑπὸ

1871 2002 2196 2074 Νεχεφρέως
2226 2005 2320 2058 τοῦ
2346 2004 2658 2074 Αἰγυπτίων
2699 2005 2983 2076 βασιλέως,
3016 2010 3107 2062 ἐπὶ
3139 2010 3218 2080 τῷ
3250 2027 3452 2082 παραι-

1870 2093 2081 2147 τεῖσθαι
2126 2094 2218 2148 τὸν
2263 2094 2387 2148 λαὸν
2429 2094 2490 2159 ἐξ
2527 2095 2802 2164 Αἰγύπτου
2849 2094 3204 2170 ἀπολυθῆναι,
3235 2100 3451 2172 νύκτωρ

1873 2185 2208 2256 ἀνοιχθέντος
2241 2186 2334 2239 τοῦ
2356 2188 2741 2260 δεσμωτηρίου
2756 2190 2894 2242 κατὰ
2922 2188 3172 2261 βούλησιν
3197 2191 3291 2245 τοῦ
3313 2184 3449 2246 Θεοῦ

1873 2278 2177 2345 ἐξελθόντα,
2210 2280 2304 2332 καὶ
2330 2282 2409 2343 είς
2437 2281 2504 2333 τὰ
2526 2280 2770 2350 βασίλεια
2789 2280 3127 2354 παρελθόντα
3162 2284 3451 2355 ἐπιστῆναι

1873 2372 2202 2443 κοιμωμένῳ
2228 2372 2305 2443 τῷ
2339 2369 2566 2443 βασιλεῖ,
2598 2373 2692 2427 καὶ
2721 2373 2990 2446 ἐξεγεῖραι
3024 2376 3205 2430 αὐτόν.
3243 2376 3345 2429 Τὸν
3370 2377 3448 2432 δὲ.

1874 2462 2295 2531 καταπλαγέντα
2325 2462 2403 2534 τῷ
2435 2464 2702 2533 γεγονότι,
2746 2456 2999 2518 κελεῦσαι
3031 2465 3108 2536 τῷ
3146 2468 3353 2538 Μωῦσῇ
3389 2467 3453 2521 τὸ

1873 2552 1969 2607 τοῦ
2014 2554 2328 2625 πέμψαντος
2378 2558 2552 2609 εἰπεῖν
2599 2556 2770 2627 ὄνομα
2816 2556 2973 2610 Θεοῦ.
3027 2559 3137 2611 Καὶ
3179 2558 3271 2610 τὸν
3330 2559 3448 2629 μὲν,

1876 2640 2268 2717 προσκύψαντα
2304 2646 2438 2718 πρὸς
2461 2647 2521 2700 τὸ
2549 2643 2664 2711 οὖς,
2690 2650 2883 2702 εἰπεῖν’
2924 2649 3234 2703 ἀκούσαντα
3273 2649 3330 2703 δὲ
3360 2649 3452 2705 τὸν

1879 2738 2104 2809 βασιλέα
2147 2739 2362 2809 ἄφωνον
2406 2743 2611 2794 πεσεῖν’
2657 2740 3088 2812 διακρατηθέντα
3119 2742 3177 2797 δὲ
3212 2743 3318 2796 ὑπὸ
3355 2743 3451 2796 τοῦ

1875 2830 2155 2894 Μωῦσέως
2183 2831 2345 2884 πάλιν
2373 2831 2689 2887 ἀναϐιῶναι.
2725 2831 2782 2887 ω
2806 2833 2946 2887 idem
2978 2842 3033 2887 et
3058 2832 3264 2890 Grazcis
3296 2833 3454 2891 fabu-

1875 2924 2053 2977 larum
2108 2924 2408 2979 involucris
2460 2926 2733 2992 innotuit,
2784 2925 2844 2980 'U
2893 2926 3219 2998 Ἐνδυμίων,
3278 2929 3456 3000 inquit

1876 3012 2119 3068 Joannes
2147 3014 2528 3070 Antiochenus
2553 3015 2608 3069 in
2635 3014 3022 3087 Archa‘ologia,
3049 3016 3135 3070 διὰ
3178 3017 3464 3090 μυστικῶν,

1877 3106 2051 3177 εύχῶν
2086 3107 2193 3160 ἀπὸ
2221 3107 2320 3177 τῆς
2351 3107 2580 3179 σελήνης
2609 3108 2860 3162 ἐϐούλετο
2890 3109 3079 3178 μαθεῖν
3106 3109 3170 3163 τὸ
3196 3110 3291 3164 τοῦ
3318 3109 3464 3176 Θεοῦ.Δ

1875 3198 2068 3269 ὄνομα,
2098 3200 2194 3253 καὶ
2221 3199 2286 3253 δι’
2320 3200 2528 3270 ὀνείρου
2562 3199 2749 3269 μαθὼν
2781 3201 3074 3270 ἀπέψυξεν.
3112 3202 3171 3255 '0
3201 3202 3259 3256 δὲ
3285 3201 3456 3274 μῦθός
3534 3186 3547 3201 ⁸

1877 3306 2041 3360 φησιν
2070 3290 2231 3343 αὐτὸν
2269 3290 2373 3343 ὑπὸ
2408 3291 2507 3362 τῆς
2536 3291 2772 3362 Σελήνης
2801 3292 3088 3360 φιλεῖσθαι.
3121 3291 3327 3347 Nomen
3354 3291 3454 3349 Dei

1876 3381 2023 3446 10th,
2059 3382 2143 3443 Ite.
2175 3399 2296 3445 vau,
2338 3383 2420 3445 he,
2456 3383 2602 3453 quod
2644 3384 2856 3454 antiqui
2895 3384 3154 3441 dixerunt
3190 3385 3464 3458 ἄρρητον,

1876 3469 2277 3540 ἀνεκφὼνητον,
2331 3470 2621 3526 inell'abile.
2672 3471 2757 3526 An
2796 3474 2944 3543 quod
2974 3473 3126 3529 ell‘ari
3164 3474 3300 3529 illud
3342 3491 3462 3535 non.

1877 3571 2121 3634 possent,
2165 3578 2237 3617 an
2276 3563 2421 3633 quod
2462 3562 2725 3635 religione
2753 3565 2990 3635 quadam
3026 3566 3096 3632 ab
3133 3580 3199 3620 eo
3237 3565 3455 3622 ell'ando

1877 3656 2234 3721 abstinerent,
2285 3657 2340 3712 id
2381 3657 2545 3728 prisci
2581 3673 2770 3719 omnes
2815 3658 3139 3728 interpretes
3166 3659 3455 3732 diligenter

1854 3754 2186 3812 _servarunt,
2223 3762 2322 3817 pro
2349 3762 2415 3801 eo
2439 3746 2586 3801 aliud
2613 3748 2850 3820 legentes
2877 3756 2931 3804 et
2952 3748 3127 3804 Graeci
3150 3751 3281 3807 olim
3304 3752 3464 3822 quod

1877 3842 2139 3912 scriptum
2192 3847 2310 3895 erat
2358 3839 2644 3896 Hebraicis
2694 3840 3108 3899 characteribus
3161 3842 3317 3910 loth,
3369 3844 3452 3907 he,

1876 3947 1999 3992 van.
2037 3930 2120 3994 Ite,
2153 3940 2295 3993 mm,
2338 3938 2560 4002 propter
2600 3931 3009 3997 similitudinem
3040 3935 3288 4005 legebant
3323 3938 3453 4005 pipi,

1876 4022 2021 4092 quod
2069 4030 2252 4076 tamen
2301 4038 2409 4077 non
2438 4023 2633 4093 probat
2664 4023 3034 4098 Hieronymus
3065 4027 3285 4098 epistol.
3321 4028 3449 4085 156:

1878 4106 2086 4160 Nomen
2114 4109 2629 4181 τετραγράμματον,
2659 4113 2796 4182 quod
2816 4104 3229 4185 ⁹ἀνεκιίκιῢνητον,
3259 4116 3315 4171 id
3351 4128 3453 4187 est,

1877 4199 2141 4271 ineﬂ'abile
2166 4210 2477 4271 putaverunt
2512 4203 2652 4273 quod
2690 4205 2772 4260 Itis
2801 4204 2993 4262 litteris
3020 4208 3293 4277 scribitur,
3329 4209 3451 4274 Iod,

1877 4291 1960 4356 Ite,
1991 4308 2113 4359 vau,
2141 4293 2204 4348 Ite
2231 4310 2250 4348 :
2276 4293 2415 4365 quod
2455 4295 2673 4365 quidam
2716 4314 2820 4351 non
2851 4300 3203 4372 intelligentes
3232 4315 3454 4374 propter

1877 4383 2249 4440 elementorum
2278 4388 2704 4454 similitudinem,
2736 4406 2853 4444 cum
2883 4394 2937 4445 in
2967 4390 3167 4448 Grecis
3195 4394 3348 4451 libris
3369 4414 3455 4457 re-

196 4482 444 4547 σινδόνας
473 4485 889 4555 ἀμφιέννυσθαι,
922 4487 1083 4558 ἐρεᾶν
1114 4487 1161 4540 δ’
1188 4487 1392 4558 ἐσθῆτα
1419 4488 1494 4559 μὴ
1527 4489 1773 4560 ἀμπέχε-

1877 4479 2123 4546 pererint,
2178 4478 2286 4548 pipi
2344 4480 2510 4551 legere
2557 4494 2954 4540 consueverunt.
3011 4484 3213 4541 Verum
3238 4502 3360 4543 cum
3386 4490 3456 4547 de

199 4572 350 4635 σθαι,
398 4574 547 4638 ὅπως
586 4576 741 4640 ὄντες
773 4577 1033 4649 ἐπίσημοι
1067 4576 1412 4655 κολάζωνται,
1452 4580 1544 4633 ὑπ’
1585 4579 1772 4636 αὐτοῦ.

196 4665 279 4722 Eo
311 4667 526 4732 morbo,
550 4675 611 4722 ut
632 4667 799 4725 refert
827 4669 1115 4726 Cornelius
1147 4670 1361 4735 Celsus,
1393 4681 1446 4726 et
1471 4672 1583 4735 alii,
1609 4682 1776 4727 totum

194 4772 385 4827 corpus
420 4759 646 4828 aﬂicitur
672 4761 749 4813 ita
787 4768 845 4813 ut
885 4777 1009 4815 ossa
1035 4777 1236 4831 quoque
1277 4763 1457 4817 uitiari
1499 4762 1770 4829 dicantur,

195 4863 405 4903 summa
425 4865 552 4919 pars
585 4853 820 4921 corporis
851 4851 1063 4907 crebras
1089 4852 1329 4907 maculas
1358 4852 1668 4924 crebrosque
1691 4864 1776 4907 tu-

197 4954 367 4994 mores
395 4938 570 4997 habet.
598 4940 780 4996 Rubor
807 4941 997 4996 harum
1023 4942 1288 5011 paulatim
1315 4943 1373 4996 in
1405 4951 1584 4996 atrum
1617 4943 1777 4998 colo-

194 5046 307 5084 rem
332 5032 675 5098 convertitur,
700 5049 909 5087 summa
941 5035 1075 5088 cutis
1097 5035 1434 5105 incequaliter
1461 5052 1666 5100 crassa,
1699 5046 1777 5089 te.-

193 5121 339 5187 mtis,
364 5121 524 5186 dura,
554 5123 831 5194 mollisque
855 5124 1010 5195 quasi
1042 5125 1278 5194 squamis
1303 5124 1619 5195 quibusdam
1646 5140 1781 5187 ηιμ,

192 5208 465 5279 speratur,
491 5227 681 5281 corpus
710 5215 1037 5283 emacrescit,
1072 5232 1153 5280 os,
1182 5232 1345 5283 sum,
1377 5217 1530 5286 pedes
1547 5217 1773 5273 intume-

190 5312 370 5367 scunt,
404 5311 512 5359 etc.
548 5301 616 5371 ρ.
648 5303 893 5361 Serenus
925 5304 1345 5362 Sammonicus:

266 5413 366 5490 list
396 5416 604 5490 elephas
634 5419 847 5473 morbus
874 5419 1038 5474 tristis
1067 5436 1270 5490 quoque
1297 5421 1504 5476 nomine
1527 5421 1699 5490 dirus,

269 5485 322 5560 1_V
329 5504 394 5560 an
418 5487 592 5560 solum
616 5498 836 5556 turpans
860 5485 1096 5543 infandis
1121 5485 1216 5544 ora
1238 5491 1474 5560 papillis,

267 5556 372 5613 Sed
402 5559 506 5613 cito
536 5560 872 5629 praecipitans
900 5560 1109 5630 funesta
1131 5556 1248 5631 fata
1278 5556 1488 5616 veneno.

196 5666 464 5734 Isidorus,
507 5671 605 5727 lib.
639 5687 714 5737 tv,
753 5687 875 5743 cap.
919 5673 975 5737 8,
1024 5675 1263 5731 nominis
1296 5691 1517 5731 causam
1542 5676 1722 5733 reddit
1752 5695 1767 5731 :

197 5759 592 5819 Eleohantiasis
639 5764 855 5821 morbus
916 5765 1112 5821 dicitur
1159 5783 1223 5822 ex
1268 5767 1615 5823 similitudine
1660 5768 1771 5823 ele-

1883 4569 2105 4624 nomine
2139 4568 2402 4626 ineﬂ‘abili
2449 4585 2632 4626 sermo
2691 4572 2783 4638 sit,
2820 4574 3127 4629 conandum
3176 4584 3261 4632 est
3290 4579 3455 4633 etiam

1881 4660 2041 4717 nobis
2074 4661 2121 4716 si
2158 4661 2290 4732 quid
2337 4661 2601 4717 habemus
2632 4677 2732 4732 pro
2758 4661 2996 4731 Irenaeo,
3027 4665 3122 4720 lib.
3156 4683 3172 4720 ι
3203 4667 3460 4729 αᾱυεητιι

1882 4755 2069 4809 luctas.
2103 4770 2225 4824 cap.
2259 4755 2350 4818 12,
2383 4755 2457 4809 ita
2487 4756 2632 4810 enim
2660 4756 2828 4812 habet
2856 4776 2870 4811 :
2907 4756 3085 4827 Hujus
3122 4769 3300 4815 autem
3320 4779 3456 4832 qua-

1883 4845 2193 4898 ternationis
2224 4844 2500 4898 universus
2529 4860 2776 4898 numerus
2816 4854 2895 4900 est
2938 4845 3239 4900 litterarum
3270 4849 3463 4917 viginti,

1879 4944 2107 5006 quatuor
2135 4951 2153 4989 :
2183 4934 2421 5007 ᾶρῤητος
2459 4935 2599 4988 cnim
2647 4950 2834 4988 nomen
2880 4934 3086 4989 litteras
3129 4935 3283 4991 habet
3315 4938 3368 4991 in
3399 4955 3471 4993 se.

1879 5040 2095 5101 septem,
2142 5032 2268 5102 σιγή
2315 5032 2559 5100 quinque,
2594 5029 2777 5100 πατήρ
2807 5030 3050 5099 quinque,
3097 5028 3339 5101 ἀλήθεια
3373 5045 3455 5084 se-

1878 5135 2036 5194 ptem,
2061 5139 2176 5195 qua:
2199 5122 2492 5191 composita
2524 5122 2579 5174 in
2604 5137 2661 5175 se
2693 5119 2772 5174 bis
2802 5118 3046 5191 quinque,
3073 5129 3122 5179 et
3156 5120 3234 5175 bis
3260 5130 3454 5181 sentem

1878 5233 2009 5272 xxrv
2053 5210 2330 5270 numerum
2375 5212 2824 5282 adimpleverunt;
2880 5212 3097 5266 videtur
3142 5212 3287 5267 enim
3337 5211 3466 5267 falli.

1877 5310 2136 5372 lrenaaus,
2188 5315 2283 5362 aut
2331 5322 2531 5362 nomen
2587 5305 2719 5363 illud
2766 5306 2889 5377 σιγή
2924 5319 3034 5359 una
3072 5304 3255 5359 littera
3291 5304 3455 5361 debet

1878 5402 2000 5459 ﬁeri
2035 5402 2268 5462 auctior.
2302 5416 2331 5454 a
2358 5400 2559 5471 quibus
2596 5414 2704 5454 non
2746 5398 3075 5453 dissentiunt
3110 5396 3296 5453 Graeca
3320 5397 3453 5468 Epi-
3482 5406 3485 5409 '

1876 5493 2084 5570 phanii.
2124 5492 2356 5558 Quidam
2392 5492 2621 5555 hazrent,
2666 5506 2770 5546 nec
2811 5490 2998 5545 vident
3052 5490 3185 5561 quid
3237 5490 3307 5546 de
3358 5491 3458 5546 illo

1800 5600 1801 5603 η
1879 5584 2004 5653 σιγή
2035 5581 2272 5649 faciant;
2304 5581 2557 5636 dubitant
2584 5596 2653 5635 an
2686 5580 2970 5637 addendos
3001 5581 3268 5636 articulus
3297 5588 3357 5634 ut
3377 5580 3487 5636 sit.‘

1877 5675 1911 5745 ἡ
1949 5673 2097 5743 σιγή,
2137 5687 2207 5726 an
2257 5673 2439 5743 potius
2476 5674 2635 5744 σιγῆν
2662 5688 2864 5728 nomen
2891 5687 2958 5729 ex
2986 5671 3220 5738 inﬁnito;
3255 5681 3314 5726 ut
3344 5671 3459 5731 illiti

1879 5783 1989 5824 non
2020 5764 2313 5833 satisiacit,
2363 5767 2437 5821 ita
2483 5781 2583 5823 nec
2628 5765 2793 5833 mihi;
2850 5766 3116 5823 articulus
3154 5781 3185 5821 a
3230 5765 3463 5832 nomine.
