3838 6158
188 311 326 366 ίοόῗ

1172 312 1239 368 IN
1267 309 1647 369 EUSTATHH
1679 307 2156 369 IIEXAEMERON
2199 311 2432 368 ΝΟΤΑΕ.

3330 320 3470 376 1058

181 429 252 485 iis
272 427 364 499 qui
393 442 424 484 e
447 428 668 501 regione
695 429 799 485 sub
823 428 1036 484 brumae
1057 429 1268 486 circulo
1288 431 1515 502 degunt,
1538 431 1742 487 hieme:

1883 446 1976 492 τος
2033 430 2289 500 μέγιστον
2319 425 2553 500 ὤρυξαν
2596 426 2835 499 ὔπιγμος
2863 429 2972 500 γάρ
3025 429 3174 482 ἐστιν
3223 431 3252 484 ὁ
3282 432 3466 495 τόπος.

177 535 324 584 eSse,
363 535 394 574 a
427 521 629 591 quibus
653 530 768 574 tum
796 522 1082 576 exundans
1112 537 1253 592 aqua
1283 524 1622 592 prorumpit;
1651 539 1773 592 qua:

177 610 281 666 fuit
332 613 497 666 etiam
542 613 729 681 opinio
765 611 1067 679 Plutarchi,
1109 613 1206 668 lib.
1242 614 1382 681 Περὶ
1419 613 1637 679 Ἴσιδος
1672 614 1772 667 καὶ

189 704 495 775 Ὀσίριδοςί
525 706 664 760 hanc
695 706 835 761 forte
880 707 1192 777 opinionem
1225 705 1491 763 Martialis
1517 722 1644 762 cum
1676 708 1775 761 ha-

174 797 338 853 beret
390 799 445 852 in
492 799 698 862 animo,
744 799 875 853 dum
926 800 1042 855 haec
1099 800 1387 862 scriberet,
1434 802 1773 870 nuncupavit

172 889 358 944 Nilum
398 891 762 958 imbriferum,
796 908 907 946 non
941 893 1090 962 quod
1125 893 1247 947 loco
1276 893 1536 946 imbrium
1565 899 1618 946 et
1646 893 1771 962 plu-

172 983 395 1038 viarum
432 985 524 1047 sit,
567 986 662 1040 sed
701 985 849 1056 quod
878 987 1099 1052 imbres,
1131 994 1186 1041 et
1217 986 1430 1057 pluvias
1464 986 1667 1057 quibus
1693 987 1773 1040 in-

173 1076 439 1130 tumescit
467 1076 878 1148 eli’unditurque
903 1086 1058 1132 extra
1090 1079 1261 1149 ripas,
1296 1087 1352 1131 et
1377 1077 1631 1134 eluvione
1659 1087 1774 1132 tan-

171 1182 340 1236 quam
368 1169 506 1221 mari
527 1168 767 1238 quodam
794 1167 1092 1240 [Egyptum
1119 1171 1376 1239 operiens
1408 1168 1644 1226 adventu
1671 1183 1773 1223 suo

172 1256 464 1322 fecundat,
516 1259 676 1315 ferat.
718 1259 795 1315 De
828 1259 934 1314 Nili
969 1272 1150 1314 autem
1186 1261 1550 1323 incremento,
1597 1271 1651 1316 et
1679 1262 1774 1317 dc-

171 1358 481 1412 cremento,
514 1360 568 1404 et
595 1349 718 1418 ejus
749 1352 934 1405 causis
964 1350 1296 1405 Plutarchus
1320 1351 1386 1406 de
1412 1351 1628 1420 placitis
1657 1351 1772 1421 phi-

171 1437 536 1508 losophorum
567 1439 663 1493 lib.
693 1455 766 1499 tv.
793 1456 916 1509 cap.
952 1441 1014 1506 l;
1048 1438 1320 1494 Diodorus
1355 1438 1597 1503 Siculus,
1626 1441 1718 1494 lib.
1754 1448 1771 1485 ι

169 1528 430 1584 Biblioth.
455 1531 579 1584 hist.
601 1548 620 1595 ;
643 1532 932 1597 Aristides,
973 1533 1212 1585 oratione
1243 1531 1598 1602 1E'gyptiaca,’
1625 1531 1776 1586 Stra‘

173 1622 272 1686 b0,
296 1624 392 1677 lib.
412 1639 522 1678 xvrt
545 1642 559 1690 ;
577 1622 818 1678 Joannes
830 1623 1144 1693 Xiphilinus
1161 1626 1215 1677 in
1233 1623 1379 1692 Epit.
1398 1624 1646 1695 Dionys.;
1677 1623 1774 1679 He‘

171 1716 450 1779 liodorus,
496 1716 740 1786 ΑῐιΙιίορ.
783 1717 879 1771 lib.
926 1731 1000 1782 ll;
1045 1714 1430 1771 Theodoretus
1465 1715 1541 1769 De
1593 1725 1768 1768 curat.

1875 520 2060 574 Ταῦτα
2095 519 2151 573 δέ
2183 519 2359 572 πάντα
2416 520 2681 591 ἐποίησαν
2717 519 3032 586 ἐλπίζοντες
3087 520 3224 592 μετὰ
3250 522 3351 594 τὴν
3380 526 3469 578 ἐν·

1872 613 2066 665 τεῦθεν
2097 613 2274 666 ἐκεῖσε
2302 611 2485 681 ἄφιξιν
2512 615 2570 666 ἐν
2595 612 2768 684 τούτῳ
2789 613 2867 685 τῷ
2890 615 3204 686 παραδείσῳ
3229 619 3466 690 τρυφᾷν.

1874 707 1940 760 Ει
1964 707 2192 761 inferius
2219 727 2232 762 :
2273 707 2499 775 Ἔλεγεν
2525 706 2582 759 δὲ
2616 709 2644 760 ὁ
2677 707 2850 775 ἆγιος,
2879 709 2980 773 ὅτι,
3013 709 3331 778 ἐγγίσαντός
3363 729 3466 780 μου

1877 803 2036 872 μόνον
2064 801 2143 872 τῷ
2188 801 2534 872 κηποταερίῳ,
2563 803 2657 856 ἀπ’
2690 803 2857 856 αὑτοῦ
2901 803 3123 875 ἐξῆλθον
3159 808 3240 869 είς
3274 807 3468 860 συνάν-

1873 895 2030 963 τησίν
2059 911 2157 963 μου
2173 893 2543 964 ἐϐδομήκοντα
2555 895 2806 965 δαίμονες
2831 897 3069 966 παντοίῳ
3087 897 3166 967 τῷ
3195 903 3457 969 σχήματι,

1872 987 1919 1037 οἱ
1937 985 2035 1055 μὲν
2054 983 2304 1053 βοῶντες,
2331 985 2445 1038 οἱδὲ
2460 985 2818 1056 πηδῶντες,οί
2835 987 2891 1040 δέ
2913 987 3048 1057 μετὰ
3077 989 3314 1057 μεγάλου
3344 990 3468 1062 βρυ-

1872 1075 2016 1146 γμοῦ
2044 1075 2334 1148 τρύζοντες
2370 1082 2490 1130 κατ’
2519 1076 2653 1147 ἐμοῦ
2685 1079 2813 1140 τοὺς
2840 1079 3057 1144 ὀδόντας
3075 1097 3089 1110 ⁸
3119 1081 3204 1134 ’ἑτε
3217 1099 3297 1153 ροι
3315 1084 3370 1135 δε
3389 1085 3466 1149 ὠς

1875 1167 2112 1238 κόρακες
2141 1169 2570 1240 πτερυσσόμενοι
2596 1170 2833 1240 ἐτόλμων
2857 1171 2999 1225 κατὰ
3018 1173 3116 1244 τῆς
3155 1173 3330 1242 ὄψεώς
3360 1193 3461 1245 μου

1873 1258 2141 1326 λέγοντες.
2181 1260 2246 1314 Et
2295 1263 2574 1317 nonnullis
2638 1264 2939 1333 interjectis
2975 1285 2989 1318 :
3027 1267 3298 1320 Εἰσελθὼν
3343 1266 3460 1328 οὖν.

1876 1352 2062 1422 φησὶν,
2091 1353 2404 1424 ἐθεασάμην
2445 1353 2516 1406 τὰ
2544 1355 2740 1420 πάντα,
2775 1359 2832 1410 ἐν
2881 1353 2963 1419 οἷς
2993 1352 3150 1430 εὖρον
3178 1362 3270 1414 καὶ
3301 1362 3462 1415 κάδον

1873 1443 2109 1514 χαλκοῦν
2143 1444 2330 1498 ἁλύσει
2374 1446 2570 1518 σιδηρᾷ
2610 1451 2958 1521 κρεμάμενον
2996 1452 3136 1505 κατὰ
3167 1453 3260 1506 τοῦ
3295 1456 3462 1525 φρέα-

1872 1553 1965 1597 τος
1997 1537 2181 1589 λοιπὺν
2204 1537 2283 1608 τῷ
2322 1539 2498 1609 χρόνῳ
2525 1540 2890 1605 ἁναλωθέντα,
2922 1545 3015 1596 καὶ
3051 1545 3260 1615 καρπὸν
3297 1547 3462 1616 ῥοιῶν

1872 1628 1972 1680 οὐκ
2003 1628 2241 1700 ἐχουσῶν
2267 1629 2410 1682 ἔνδον
2437 1631 2614 1685 οὐδέν’
2635 1633 2895 1703 ἐξήραντο
2917 1634 3026 1705 γὰρ
3053 1635 3156 1688 ὑπὸ
3172 1635 3266 1688 τοῦ
3287 1637 3460 1706 ἡλίου.

1945 1715 2106 1780 ibid,
2141 1718 2236 1772 lin.
2279 1720 2370 1772 ξιξ).
2407 1721 2516 1773 Καὶ
2557 1721 2837 1788 πένθους.
2871 1723 3180 1792 Artapanus
3210 1743 3222 1778 :
3267 1724 3462 1779 Τελευ-

173 1807 348 1863 erc.
369 1809 652 1878 a/fectuum
672 1809 708 1863 l.
730 1825 814 1874 tv;
836 1807 1035 1862 lierod.
1077 1809 1113 1861 l.
1144 1824 1206 1873 tl;
1225 1807 1668 1879 Theophylactus
1688 1807 1742 1862 Si

1871 1810 2020 1860 ταῖον
2051 1807 2332 1872 τοιαύταις
2363 1815 2670 1884 συμφοραῖς
2711 1814 3076 1885 περιπεσόντα
3103 1814 3195 1868 τὸν
3237 1814 3459 1885 βασιλέα

165 1913 442 1964 mocatus,
467 1900 609 1955 Hist.
628 1901 722 1956 lib.
741 1916 838 1966 vn,
857 1916 979 1971 cap.
1002 1901 1090 1964 l7,
1110 1901 1204 1970 qui
1224 1901 1406 1953 omnia
1429 1915 1528 1954 sua
1550 1901 1768 1970 scripsit

166 1993 286 2049 fere
305 1993 585 2060 αὐτολεξεὶ
613 2010 678 2049 ex
698 1994 934 2048 Diodoro
953 1992 1142 2047 Siculo
1160 1994 1303 2048 bono
1322 1994 1414 2047 illo
1442 1995 1559 2047 viro
1581 2010 1646 2048 ne
1668 2009 1768 2049 n0-

165 2086 379 2141 minato
401 2086 648 2155 quidem;
679 2083 908 2148 Seneca,
936 2084 1175 2140 Joannes
1201 2085 1331 2150 Leo,
1355 2097 1409 2141 et
1433 2088 1619 2155 plures
1646 2087 1760 2140 alii.

221 2177 471 2233 Col.788.
491 2178 585 2231 lin.
614 2179 697 2232 10.
715 2179 768 2230 Ὀ
787 2178 934 2248 γοῦν
949 2178 1176 2246 Φαραώ.
1195 2177 1506 2248 Artapanus
1525 2195 1540 2230 :
1559 2177 1762 2232 Τούτου

162 2269 223 2324 δὲ
251 2271 567 2341 γενομένου,
585 2270 675 2323 τὸν
709 2269 933 2340 βασιλέα
952 2271 1079 2334 τοὺς
1097 2271 1240 2341 ὑπὲρ
1266 2271 1488 2340 Μέμφιν
1509 2270 1758 2337 καλέσαι,

163 2363 262 2416 καὶ
280 2363 444 2431 φάναι
461 2363 658 2426 αὐτοὺς
675 2364 938 2434 ὰναιρήσε
948 2381 1015 2426 ιν,
1035 2364 1128 2416 καὶ
1143 2363 1210 2416 τὰ
1233 2364 1351 2436 ἱερὰ
1363 2364 1757 2434 κατασκάψειν,

163 2457 267 2510 ἐὰν
295 2457 369 2528 μὴ
402 2457 495 2511 καὶ
523 2457 678 2510 αὐτοὶ
707 2459 1212 2528 τερατουργήσωσι.
1255 2458 1393 2520 Τοὺς
1425 2457 1480 2510 δέ
1512 2459 1633 2511 τότε
1668 2457 1758 2511 διά

160 2563 330 2601 τινων
366 2550 662 2618 μαγγάνων
681 2550 775 2603 καὶ
797 2549 1063 2602 ἐπαοιδῶν
1094 2549 1364 2620 δράκοντα
1395 2551 1638 2621 ποιῆσαι,
1659 2550 1755 2604 καὶ

161 2639 259 2693 τὸν
298 2641 540 2711 ποταμὸν
574 2641 942 2712 μεταχρῶσαι.
973 2643 1076 2694 Τὸν
1099 2642 1156 2694 δέ
1187 2642 1431 2712 βασιλέα,
1488 2660 1756 2714 φρονιμα-

160 2733 420 2787 τισθέντα
456 2734 548 2786 ἐπὶ
566 2734 642 2805 τῷ
668 2735 936 2803 γεγονότι,
967 2735 1116 2808 πάσῃ
1141 2736 1381 2806 τιμωρίᾳ
1408 2737 1500 2787 καὶ
1534 2735 1753 2789 κολάσει

161 2828 507 2891 καταικίςειν
541 2829 666 2891 τοὺς
699 2828 1005 2890 Ἰουδαίους.
1058 2828 1160 2880 Τὸν
1193 2827 1250 2880 δὲ
1282 2829 1532 2890 Μιῦὓσον,
1576 2829 1750 2882 ταῦτα

160 2919 399 2989 ὁρῶντα,
425 2917 562 2974 ἄλλα
589 2937 647 2972 τε
674 2923 875 2990 σημεῖα
904 2920 1148 2990 ποιῆσαι,
1185 2921 1278 2972 καὶ
1311 2919 1628 2983 πατάξαντα
1651 2920 1751 2989 τὴν

160 3008 267 3080 γῆν
297 3011 362 3079 τῇ
398 3009 597 3080 ῥάϐδῳ,
619 3008 755 3073 ζῶόν
777 3027 829 3062 τι
857 3010 1058 3078 πτηνὸν
1085 3011 1315 3070 ἀνεῖναι,
1344 3009 1372 3061 ὃ
1400 3008 1746 3080 λυμήνασθαι

159 3103 292 3165 τοὺς
328 3103 682 3169 Αἰγυπτίους,
715 3103 889 3155 πάντα
917 3119 976 3154 τε
1007 3101 1372 3172 ἐξελκωθῆναι
1401 3101 1469 3154 τά
1498 3101 1746 3171 σώματα.
1778 3146 1814 3172 ρ

159 3193 286 3248 Τῶν
324 3195 380 3248 δέ
413 3193 613 3264 ίατρῶν
658 3196 732 3266 μὴ
779 3194 1094 3265 δυναμένων
1139 3195 1320 3247 ἰᾶσθαι
1353 3195 1479 3256 τοὺς
1514 3195 1749 3264 κάμνον-

157 3303 283 3349 τας,
319 3284 470 3337 οὓτω
496 3285 656 3338 πάλιν
679 3285 912 3348 ἀνέσεως
943 3287 1124 3354 τυχεῖν
1145 3287 1269 3348 τοὺς
1299 3283 1603 3347 Ἰουδαίους.
1643 3285 1752 3338 llo-

159 3391 284 3430 rum
327 3376 674 3430 sacerdotum
719 3376 994 3444 principes
1052 3377 1202 3429 l'uere
1235 3374 1442 3429 Jauncs
1476 3383 1529 3429 et
1581 3373 1752 3426 Mam-

159 3471 282 3527 bre.
311 3468 352 3522 ll
383 3469 715 3529 Titnoth.m.
746 3467 813 3522 de
845 3484 1074 3537 quorum
1108 3470 1362 3537 sepulcro
1395 3470 1528 3521 mira
1561 3476 1748 3521 narrat

158 3559 442 3614 Palladius
473 3559 524 3612 in
564 3559 804 3612 Historia
837 3557 1104 3610 Lausiuca
1137 3559 1190 3611 in
1240 3557 1478 3611 Macario
1505 3559 1746 3610 Alexan-

158 3653 344 3712 drino,
373 3653 442 3706 ab
468 3667 533 3706 eo
557 3653 669 3705 visa
695 3660 749 3704 et
783 3659 1058 3718 comperta
1085 3667 1100 3716 ;
1134 3649 1344 3702 scilicet
1377 3649 1621 3718 sepultos
1650 3663 1748 3702 eos

166 3761 294 3802 esse
326 3748 378 3798 in
416 3745 613 3810 hortis,
641 3745 694 3796 in
735 3743 937 3812 quibus
970 3742 1070 3810 ipsi
1115 3740 1244 3794 dum
1277 3743 1542 3802 viverent,
1568 3741 1747 3794 omnis

157 3838 380 3904 generis
433 3836 657 3890 arbores
709 3836 1109 3904 plantaverant,
1157 3844 1439 3902 sperantes
1492 3833 1627 3898 fore,
1687 3843 1746 3886 ut

159 3939 284 4000 post
316 3936 544 3982 mortem
567 3928 621 3980 in
655 3928 748 3980 illo
774 3926 927 3996 quasi
960 3923 1220 3979 Paraiiso
1253 3926 1462 3978 deliciis
1497 3924 1746 3978 frueren-

159 4032 273 4078 tur.
312 4021 410 4076 Hic
439 4029 618 4075 autem
654 4022 808 4075 locus
847 4021 1134 4074 tenebatur
1175 4034 1206 4072 a
1234 4018 1594 4080 daemonibus,
1649 4017 1744 4086 qui

156 4115 391 4188 proinde
430 4113 727 4166 Macarium
778 4125 903 4164 eum
957 4108 1352 4178 ingredientem
1404 4109 1740 4171 invaserunt,

159 4209 255 4264 sed
289 4208 358 4262 ab
382 4221 448 4260 eo
477 4206 635 4275 signo
665 4203 848 4258 crucis
904 4201 1072 4271 fugati
1107 4209 1256 4254 sunt.
1315 4197 1586 4253 Macarius
1615 4213 1746 4252 vero

159 4300 375 4370 singula
407 4299 649 4351 lustrans
688 4295 894 4350 invenit
945 4293 1182 4348 fructum
1217 4293 1485 4346 malorum
1514 4293 1740 4361 punien-

158 4405 306 4453 rum,
325 4403 446 4458 quae
469 4387 600 4441 nihil
625 4389 774 4440 intus
804 4383 1114 4450 habebant;
1141 4391 1300 4436 erant
1327 4382 1471 4436 enim
1504 4379 1741 4434 arefacta

1870 1901 1996 1963 τοὺς
2029 1900 2316 1964 Ἰουδαίους
2346 1901 2782 1967 ἀπολῦσαι.Τοὺς
2808 1903 2863 1956 δὲ
2894 1905 3278 1975 χρησαμένους
3306 1907 3457 1979 παρὰ

1867 1993 1977 2045 τῶν
2003 1994 2316 2061 Αἰγυπτίων
2350 1995 2523 2048 πολλὰ
2565 1996 2661 2066 μὲν
2691 1996 3014 2067 ἐκπώματα,
3050 1999 3150 2051 οὐκ
3193 1998 3370 2069 ὀλίγον
3399 2001 3456 2054 δὲ

1869 2084 2186 2156 ἱματισμὸν,
2206 2086 2371 2157 ἄλλην
2387 2104 2442 2139 τε
2471 2087 2772 2158 παμπληθῆ
2801 2089 2993 2157 γάζαν,
3013 2090 3306 2154 διαϐάντας
3327 2093 3455 2155 τοὺς

1864 2178 2006 2231 κατὰ
2051 2178 2149 2249 τὴν
2185 2179 2440 2250 Ἀραϐίαν
2474 2183 2774 2250 ποταμοὺς,
2815 2183 2909 2233 ml.
2950 2181 3241 2247 διαϐάντας
3267 2185 3454 2239 ἱκανὸν

1861 2271 2046 2336 τόπον,
2077 2273 2169 2324 ἐπὶ
2200 2271 2298 2343 τὴν
2323 2271 2587 2344 Ἐρυθρὰν
2623 2274 2901 2344 τριταίους
2945 2275 3117 2328 ἐλθεῖν
3152 2275 3450 2333 θάλασσαν.

1935 2361 2094 2425 Ibid.,
2130 2362 2226 2415 lin.
2254 2362 2343 2418 33.
2403 2363 2626 2430 Μηδεὶς
2653 2363 2707 2416 δ’
2732 2363 3033 2433 ὑπολάϐῃ.
3085 2365 3192 2421 Res
3227 2369 3338 2422 haec
3370 2373 3452 2422 al-

1861 2452 2057 2506 tiorem
2097 2455 2327 2522 requirit
2363 2453 2694 2522 indaginem,
2742 2472 2913 2526 quare
2956 2458 3046 2512 hic
3092 2461 3249 2528 plura
3280 2460 3452 2513 addu-

1859 2559 1982 2597 cere
2012 2545 2366 2613 supersedeo.
2401 2543 2536 2600 Vide
2561 2548 2934 2616 expositiones
2983 2565 3120 2618 quas
3149 2549 3300 2604 aﬂ'elt
3325 2548 3450 2605 Ori-

1857 2652 2024 2706 genes
2049 2637 2116 2690 ad
2151 2638 2293 2691 hunc
2344 2639 2522 2692 locum
2553 2643 2606 2692 in
2638 2639 2963 2701 Philocalia.
3019 2644 3187 2710 capit.
3229 2644 3444 2697 ultimo.

1928 2727 2087 2791 ibid.,
2125 2729 2219 2780 lin.
2255 2727 2343 2782 57.
2388 2729 2567 2782 Ἀλλὰ
2619 2729 2970 2799 γινωσκέτω.
3019 2730 3172 2796 Quod
3211 2748 3274 2786 ea
3325 2751 3447 2803 qua:

1855 2816 1921 2872 de
1947 2818 2056 2890 Deo
2081 2819 2343 2873 dicuntur
2367 2819 2418 2872 in
2452 2819 2734 2889 Scriptura
2767 2821 2971 2875 absona
3000 2839 3246 2893 congruo
3277 2841 3443 2881 sensu

1853 2911 1962 2966 dici
1996 2912 2330 2967 censendum
2365 2913 2456 2971 sit.
2503 2915 2608 2966 late
2645 2914 2836 2984 prohat
2868 2915 3131 2984 Origenes
3161 2917 3355 2972 homil.
3377 2920 3444 2973 i9

1853 3005 1906 3056 in
1951 3004 2082 3056 illud
2115 3002 2384 3068 Jeretnim,
2412 3003 2671 3072 Decepisti
2692 3023 2792 3062 me.
2819 3005 3062 3070 Domine,
3093 3017 3144 3062 et
3195 3012 3440 3079 deceptus

1851 3111 1991 3158 sum,
2027 3111 2190 3165 quam
2225 3112 2330 3149 una
2378 3113 2502 3150 cum
2535 3097 2657 3152 aliis
2714 3081 2752 3151 ad
2779 3100 2937 3155 nobis
2991 3099 3216 3158 Latinas
3267 3103 3442 3160 factas

1855 3187 2026 3241 edidit
2071 3186 2300 3242 Michael
2328 3186 2633 3244 Ghislerius
2670 3192 2786 3245 suis
2836 3192 2892 3244 in
2944 3190 3230 3246 Jeremiam
3273 3193 3440 3250 Com-

1853 3287 2039 3331 menta
2050 3279 2167 3332 riis.

1919 3367 2034 3421 Col.
2069 3367 2194 3430 789.
2228 3368 2323 3424 lin.
2351 3369 2404 3422 8.
2427 3372 2491 3422 Ol
2521 3367 2608 3432 δὲ,
2646 3368 3065 3438 διαιρεθείσης.
3087 3373 3395 3443 Artapanus
3421 3393 3433 3428 :

1861 3458 2272 3524 Ἦλιουπολίτας
2295 3461 2352 3514 δέ
2389 3461 2566 3530 λέγειν
2597 3463 3058 3534 ἐπικαταδραμεῖν
3089 3464 3180 3517 τὸν
3211 3465 3436 3535 βασιλέα

1851 3550 1988 3622 μετὰ
2027 3551 2228 3622 πολλῆς
2267 3551 2546 3622 δυνάμεως
2587 3551 2702 3622 ἃμα
2731 3555 2826 3605 καὶ
2857 3555 2971 3615 τοῖς
3007 3552 3435 3625 καθιερωμένοις

1850 3643 2030 3708 ζώοις,
2060 3643 2147 3696 διὰ
2179 3644 2240 3696 τὸ
2289 3643 2387 3714 τὴν
2438 3643 2670 3715 ὓπαρξιν
2705 3647 2829 3709 τοὺς
2869 3645 3156 3708 Ἰουδαίους
3202 3647 3309 3700 τῶν
3335 3650 3433 3700 Αί-

1847 3738 2096 3806 γυπτίων
2131 3737 2512 3808 χρησαμένους
2540 3737 2891 3808 διακομίζειν,
2917 3739 3006 3810 Τῷ
3035 3740 3252 3811 Μωΰσῳ
3284 3741 3433 3794 θείαν

1845 3831 2028 3901 φωνὴν
2048 3831 2300 3898 γενέσθαι
2337 3830 2573 3895 πατάξαι
2597 3832 2694 3902 τὴν
2722 3832 2993 3885 θάλασσαν
3019 3836 3083 3904 τῇ
3110 3833 3432 3905 ῥάϐδῳ.Τδν

1845 3921 1899 3974 δέ
1921 3921 2153 3974 Μῶῡσον
2174 3922 2482 3975 ἀκούσαντα
2513 3923 2777 3991 ἐπιθίγειν
2798 3927 2865 3994 τῇ
2892 3924 3071 3995 ῥάϐδῳ
3095 3925 3189 3978 τοῦ
3219 3924 3431 3988 ὓδατος,

1844 4016 1938 4067 καὶ
1967 4015 2110 4067 οὕτω
2139 4015 2200 4067 τὸ
2220 4016 2315 4085 μὲν
2345 4017 2494 4085 νᾶμα
2530 4015 2836 4084 διαστῆναι,
2869 4017 2966 4088 τὴν
2997 4017 3054 4070 δὲ
3082 4016 3311 4086 δύναμιν
3342 4017 3431 4070 διὰ

1844 4106 2016 4178 ξηρᾶς
2047 4105 2165 4160 ὁδοῦ
2213 4107 2558 4178 πορεύεσθαι.
2621 4108 3010 4178 Συνεμϐάντων
3055 4109 3110 4162 δὲ
3169 4111 3277 4163 τῶν
3332 4111 3428 4162 Ai-

1841 4200 2085 4269 γυπτίων
2116 4199 2210 4252 καὶ
2239 4199 2565 4264 διωκόντων,
2595 4201 2727 4272 φησὶ
2755 4201 2866 4273 πῦρ
2904 4202 3087 4264 αὐτοῖς
3104 4205 3167 4255 ἐκ
3194 4200 3301 4255 τῶν
3329 4202 3426 4273 ἐμ-

1842 4290 2077 4361 προσθεν
2110 4291 2409 4362 ἐκλάμψαι,
2433 4294 2534 4364 τὴν
2567 4291 2624 4345 δέ
2662 4292 2937 4346 θάλασσαν
2973 4293 3135 4347 πάλιν
3184 4293 3280 4364 τὴν
3310 4295 3432 4348 ὁδὸν

1842 4381 2156 4436 ἐπικλύσαι.
2216 4384 2354 4447 Τοὺς
2411 4382 2471 4436 δέ
2523 4383 2849 4452 Αἰγυπτίους
2890 4384 2996 4437 ὑπό
3027 4401 3086 4437 τε
3123 4383 3217 4437 τοῦ
3257 4385 3424 4455 πυρὰ,

157 4499 189 4536 a
231 4481 368 4543 sale,
418 4479 650 4550 plurima
704 4479 830 4532 item
873 4490 1038 4529 aurea
1087 4474 1360 4529 donaria:
1399 4471 1742 4544 Ἐπεθύμησέ

1859 4476 1939 4528 ιαί
1979 4475 2080 4546 τῆς
2112 4475 2492 4546 πλημμυρίδος
2527 4475 2736 4539 πάντας
2763 4474 3149 4548 διαφθαρῆναι.
3179 4474 3427 4530 Gentiles

155 4592 290 4631 ποτε
323 4569 478 4636 οὗτος
524 4574 553 4627 ὁ
586 4571 772 4634 αὐτὸς,
808 4570 885 4633 ὡς
929 4569 1092 4632 αὐτὸς
1134 4570 1266 4638 ἡμῖν
1311 4568 1626 4638 διηγήσατο,
1659 4567 1739 4628 εἰς

154 4670 220 4726 τὸ
253 4666 593 4740 κηποτάςριον
633 4662 894 4717 εἰσελθεῖν
938 4661 1032 4716 τοῦ
1093 4659 1295 4715 ἰαννοῦ
1329 4661 1424 4712 καὶ
1485 4657 1741 4729 Ἰαμϐροῦ

155 4763 268 4818 τῶν
301 4763 492 4832 μάγων
521 4759 631 4814 τῶν
661 4759 753 4810 ἐπὶ
779 4756 874 4810 τοῦ
897 4751 1097 4826 Φαραὼ
1125 4752 1284 4824 χάριν
1315 4751 1552 4822 ἱστορίας
1581 4750 1614 4821 ἢ
1645 4748 1738 4801 καὶ

158 4849 446 4919 συντυχίας
478 4846 586 4900 τῶν
633 4848 809 4898 ἐκεῖσε
850 4843 1139 4914 δαιμόνων.
1173 4840 1420 4909 Ἐλέγετο
1448 4839 1555 4910 γὰρ
1585 4856 1736 4906 παμ-

156 4941 387 5003 πόλλους
429 4940 522 4993 καὶ
561 4937 829 5009 χαλεποὺς
865 4932 1358 5002 ἁποκεκληρῶσθαι
1405 4931 1532 5004 παρ’
1559 4929 1737 4982 αὐτῶν

156 5034 382 5088 ἐκείνων
392 5030 469 5101 τῷ
483 5030 634 5098 τόπῳ
649 5024 1106 5096 ἐκείνῳδαίμονας
1118 5025 1182 5076 δι’
1200 5023 1301 5075 ύπε
1311 5021 1504 5093 ρϐολὴν
1519 5019 1618 5088 τῆς
1629 5020 1741 5071 ἀτί-

159 5144 260 5197 μου
279 5125 473 5194 τέχνης
492 5118 867 5174 αύτῶν.Τοῦτο
884 5117 939 5169 δὲ
962 5117 1020 5169 τὸ
1037 5134 1106 5188 κη
1115 5118 1374 5182 ποτάεριον
1389 5113 1577 5182 γέγονε
1605 5111 1733 5182 παρ’

155 5215 323 5272 αὐτοῦ
343 5215 437 5267 τοῦ
454 5211 652 5266 Ἰαννοῦ
675 5213 767 5263 καὶ
795 5207 1050 5278 Ἰαμϐροῦ
1078 5207 1184 5259 τῶν
1215 5203 1476 5274 ἀδελφῶν,
1493 5204 1558 5256 δι’
1579 5204 1736 5272 ὑπερ-

154 5309 319 5381 ϐολὴν
350 5307 447 5377 τῆς
487 5305 727 5376 μαγικῆς
767 5303 960 5370 τέχνης
1001 5299 1070 5353 τὰ
1110 5298 1300 5371 πρῶτα
1342 5298 1572 5368 ἐχόντων
1613 5295 1732 5348 κατ’

153 5405 361 5456 ἐκεῖνον
378 5398 571 5470 καιροῦ
592 5397 741 5467 παρὰ
762 5396 837 5466 τῷ
857 5397 1074 5468 Φαραὼ,
1091 5393 1290 5462 πολλὴν
1302 5408 1466 5462 κεκτη
1477 5390 1626 5461 μένοι
1647 5390 1736 5442 δυ-

151 5493 407 5552 ναστείαν
425 5493 524 5562 τὴν
542 5493 600 5544 ἐν
627 5489 883 5558 Αἰγύπτῳ
896 5484 1042 5556 ἐν’τῷ
1062 5489 1158 5554 τῆς
1185 5483 1330 5553 ζωῆς
1344 5483 1520 5536 αὐτῶν
1535 5482 1728 5553 χρόνῳ.

166 5587 261 5639 Ἐκ
276 5582 620 5656 τετραπέδων
635 5581 794 5634 λίθων
814 5579 1031 5632 ἔκτισαν
1047 5576 1106 5629 τὸ
1125 5575 1284 5646 ἔργον
1300 5577 1494 5636 ἐκεῖνο,
1511 5575 1567 5624 ἐν
1583 5570 1731 5642 αύτῴ

157 5675 348 5746 μνῆμα
380 5671 759 5741 πεποιηκότες,
799 5669 895 5722 καὶ
936 5667 1137 5739 χρυσὸν
1169 5665 1335 5720 πολὺν
1378 5665 1727 5736 ἀποθέμενοι.

167 5767 504 5838 Ἐφύτευσαν
523 5760 614 5818 οὖν
638 5764 730 5818 καὶ
762 5761 952 5832 δένδρα
981 5763 1228 5824 παντοῖα,
1275 5761 1368 5816 καὶ
1398 5761 1574 5830 φρέαρ
1605 5759 1728 5812 ὓδα-

1843 4567 1990 4620 bunc
2044 4567 2338 4620 transitum
2377 4565 2724 4620 llehrazorum
2772 4566 2920 4620 sicco
2954 4565 3089 4636 pede
3144 4581 3239 4636 per
3274 4581 3430 4622 Inare

1841 4657 2148 4726 ascripscre
2177 4671 2286 4710 non
2323 4657 2608 4722 miraculo,
2641 4657 2736 4711 sed
2773 4656 3199 4726 reciprocationi
3229 4658 3420 4711 maris.

1840 4748 1984 4802 Idem
2022 4747 2283 4802 dixerunt
2337 4747 2631 4818 Mctnphite
2669 4749 2858 4802 eodem
2905 4753 3183 4819 Artapano
3243 4759 3418 4808 teste:

1837 4841 1948 4893 Καὶ
1969 4841 2258 4911 Μεμφίτας
2287 4841 2382 4911 μὲν
2410 4840 2588 4908 λέγειν
2631 4840 2892 4911 ἔμπειρον
2915 4841 3042 4894 ὄντα
3070 4842 3161 4895 τὶν
3191 4842 3426 4898 Μώῡσον

1836 4933 1938 5002 τῆς
1973 4931 2174 5004 χώρας,
2200 4933 2296 5004 τὴν
2325 4934 2578 5004 ἄμπωτιν
2605 4935 2944 5005 τηρήσαντα,
2997 4933 3085 4986 διὰ
3115 4933 3285 5005 ξηρᾶς
3321 4937 3421 5008 τῆς

1839 5025 2112 5097 θαλάσσης
2145 5025 2206 5078 τὸ
2235 5025 2439 5095 πλῆθος
2460 5027 2790 5098 περαιῶσαι.
2826 5026 2976 5079 lianc
2993 5029 3274 5096 gentilium
3301 5029 3420 5096 opi-

1838 5116 2054 5170 nionem
2097 5118 2284 5172 multis
2321 5117 2518 5171 refellit
2557 5117 2825 5172 lliodorus
2859 5117 3063 5170 Catena
3093 5119 3146 5170 in
3182 5117 3363 5173 Cenes.
3398 5135 3418 5171 :

1850 5209 2065 5282 Ἐπειδὴ
2111 5210 2229 5281 ἴχνη
2266 5209 2361 5263 τοῦ
2395 5210 2516 5262 τότε
2545 5208 2910 5279 γεγενημένου
2942 5208 3214 5280 θαύματος
3249 5212 3419 5263 είσέτι

1837 5302 1930 5354 καὶ
1971 5301 2065 5354 νῦν
2103 5302 2374 5354 δείκνυται
2402 5302 2500 5372 τῆς
2547 5301 2810 5372 Ἐρυθρᾶς
2846 5302 3288 5372 ἀμπωτιζούπς,
3320 5303 3415 5356 καὶ

1835 5394 1935 5464 τῆς
1959 5396 2318 5466 ύπηργμένης
2342 5396 2489 5465 παρὰ
2509 5393 2601 5447 τοῦ
2618 5393 2750 5447 Θεοῦ
2777 5394 2982 5467 δωρεᾶς
3006 5397 3117 5458 τοῖς
3143 5394 3351 5464 Ἐϐραί(
3366 5411 3420 5459 ις

1835 5486 2142 5556 ἀνάμνησιν
2192 5485 2556 5557 παρεχούσης.
2577 5485 2832 5556 ’Έλληνες
2875 5487 2935 5539 τὸ
2963 5486 3244 5556 γινόμενον
3279 5487 3413 5558 πρό·-

1835 5595 1998 5647 φασιν
2030 5577 2395 5648 λαμϐάνουσιν
2432 5576 2713 5640 εὐσεϐείας
2747 5580 2804 5630 ἐν
2839 5577 3048 5630 πλείοσι
3069 5578 3167 5646 τῆς
3211 5576 3414 5630 θαλάσ-

1835 5685 1935 5740 σης
1966 5669 2150 5732 τόποις
2181 5667 2487 5730 δεικνύντες
2517 5669 2933 5738 ἀμπωτισμοὺς,
2972 5667 3186 5737 φύσεως
3230 5668 3412 5738 ἔργον.

1835 5762 1895 5814 οὐ
1941 5761 2083 5814 θείου
2114 5759 2410 5831 θαύματος.
2450 5760 2637 5830 Ἡμεῖς
2677 5761 3124 5832 συγχωρήσαντες
3154 5761 3335 5824 αὐτοῖς
3383 5757 3416 5810 δ
