3782 6166
371 267 395 319 1
406 264 510 319 059

1700 237 1948 297 LEONIS
1986 232 2265 289 ALLATH

3495 214 3662 271 {060

375 383 654 455 βούλονται
686 382 846 445 νοεῖν,
877 378 973 433 καὶ
1009 376 1107 446 τῆς
1151 373 1363 444 φύσεως
1409 364 1548 422 εἶναι
1573 366 1666 419 τὸν
1694 364 1946 455 ἀμπωτι-
1972 408 1977 418 .

2095 370 2170 409 tm
2194 358 2300 409 hoc
2328 351 2654 407 miraculum
2689 357 2935 418 tempore
2954 340 3248 399 Theodosii
3276 338 3667 411 imperatoris

2130 447 2141 455 .
2238 446 2250 455 .
2354 444 2366 455 .
2449 452 2458 455 _
2684 440 2742 455 ..ι
2804 437 2848 455 ιι
2887 439 2900 455 ι
2958 438 3042 455 ,J-
3076 434 3273 455 -___2_l:-
3305 432 3495 455 r_.:--..
3550 428 3636 455 c-

379 450 516 549 σμὺν
542 473 684 528 κατὰ
708 473 833 535 τοὺς
865 470 1082 534 τόπους,
1130 468 1187 518 ὲν
1225 459 1307 527 οἷς
1346 459 1626 515 ἀπώλοντο
1656 456 1753 527 μὲν
1779 455 1830 507 οἱ
1861 450 1951 505 Al-

376 569 618 641 γύπτιοι,
656 562 993 636 διεσώθησαν
1025 561 1083 615 δὲ
1118 560 1167 612 οἱ
1194 556 1454 627 Ἑϐραῖοι,

377 634 487 716 τῶν
519 660 571 713 εἴ
596 676 699 712 που
727 657 826 728 τῆς
856 634 1128 721 θαλάσσης
1164 642 1525 719 ἀμπωτισμδς
1575 639 1737 712 μέσον
1764 634 1952 728 τέμνει

2049 446 2254 502 imitari
2282 444 2552 500 volentem
2589 440 2777 496 multis
2804 437 3047 494 Hebraeis
3068 434 3279 491 excidio
3305 432 3519 497 fuisse,
3549 428 3669 486 So-

1507 547 1805 620 πυθώμεθα
1854 544 1952 598 αὑ-
2051 542 2254 603 crates,
2286 537 2377 591 lib.
2408 552 2485 591 vn
2520 534 2692 598 Hist.,
2718 547 2839 601 cap.
2869 530 2960 584 '58.

2122 630 2236 686 Col.
2263 628 2391 695 789,
2417 629 2516 682 lin.
2544 626 2631 681 l9.
2665 623 2774 680 Kal
2794 627 2827 677 ὁ
2852 616 3237 692 Ῥαγουῆλος.
3268 611 3663 686 DeRagnelo,

388 707 481 716 '"'
521 707 565 713 "
604 707 694 712 ἠν
742 707 824 728 "Iv
867 707 904 709 τί
1086 707 1125 721 Ι-
1204 707 1217 719 ι
1428 707 1439 714 .
1576 707 1587 712 -

380 754 476 808 καὶ
507 752 728 813 κόλπον,
765 749 860 803 καὶ
901 744 1088 799 τοῦτον
1136 735 1504 811 σχοινοτενῶς,
1535 733 1675 786 ὥστε
1714 726 1955 799 γυμνοῦν

2095 731 2109 777 t
2138 723 2256 792 ejus
2282 720 2603 792 parentibus
2633 718 2787 787 plura
2818 713 3086 769 Eusebius
3138 710 3215 764 De
3240 707 3666 778 preparations

377 844 469 898 τὸν
492 841 866 914 κρυπτόμενον
898 836 1081 897 αὐτοῖς
1108 833 1294 893 τόπον,
1332 828 1427 882 καὶ
1469 825 1643 901 ποιεῖν
1676 821 1794 874 ὁδὸν
1829 817 1959 871 πλα-

2056 828 2261 882 evang.,
2283 811 2378 865 lib.
2402 825 2480 874 ιι,
2522 825 2588 863 ex
2611 806 2897 862 Ezechielo
2919 813 2974 859 et
3000 802 3290 865 Demetrio,
3319 800 3416 870 qui
3433 798 3669 853 Jothor

579 892 775 1003 μᾶλλον
794 929 850 984 δὲ
875 916 1025 989 ὁδοὺς
1045 892 1285 983 εὐθείας,
1306 919 1443 989 ὅπερ
1465 914 1593 977 τοῦς
1618 892 1959 1003 ’Ϊσραηλίτας

2096 911 2115 956 ι
2153 901 2455 972 Raguelum
2487 901 2737 955 diversos
2780 896 2932 962 facit,
2987 893 3152 948 tradit
3178 893 3323 948 enim
3356 892 3668 946 Abraham

294 1058 297 1061 -
389 1000 631 1092 παρέσχε
669 1017 801 1081 Θεὸς
844 1015 985 1070 κατὰ
1035 1013 1125 1065 τὸν
1170 1009 1276 1063 Δὰδ
1311 1007 1563 1075 λέγοντα*
1606 1022 1625 1054 ι
1663 1000 1755 1071 Τῷ
1800 1014 1962 1053 κατα-

380 1089 608 1165 διελόντι
637 1108 736 1179 τὴν
770 1104 1037 1178 Ἐρυθρὰν
1057 1101 1328 1157 θάλασσαν
1359 1098 1439 1160 εἰς
1466 1093 1759 1165 διαιρέσεις
1777 1110 1790 1124 ·
1814 1110 1833 1142 ι
1868 1089 1963 1143 καὶ

383 1206 463 1266 εἰς
500 1203 561 1255 τὸ
586 1200 868 1255 θαλάττιον
902 1197 1076 1268 ὕδωρ,
1116 1191 1331 1265 σχισθὲν
1376 1192 1440 1243 ὲκ
1470 1187 1658 1253 δεξιῶν
1693 1204 1753 1241 τε
1779 1188 1871 1237 καὶ
1906 1182 1964 1251 ἐξ

384 1293 697 1365 εὐωνύμων,
734 1291 895 1360 φύσιν
923 1288 1034 1361 ἔχει
1066 1288 1259 1356 στῆναι
1297 1283 1452 1352 δίκην
1484 1279 1678 1350 τειχῶν
1704 1276 1963 1349 ἀρῤαγὲς,

384 1386 519 1458 ὅπερ
544 1386 636 1438 ἐπὶ
657 1383 764 1437 τῶν
797 1378 1144 1454 Ἰσραηλιτῶν
1165 1376 1386 1446 γέγονεν
1408 1372 1513 1439 ὁδῷ
1532 1374 1643 1434 τοῖς
1663 1367 1968 1431 θαλαττίοις

384 1478 572 1542 τόποις
622 1476 939 1548 χρωμένων.
997 1473 1059 1526 El
1095 1473 1153 1527 δὲ
1186 1472 1463 1526 ἀπιστείεν
1512 1467 1594 1520 ὅτι
1630 1462 1805 1518 ταῦτά
1837 1474 1969 1514 ποτε

387 1567 603 1637 γέγονε,
621 1566 708 1620 διὰ
728 1567 781 1619 τί
812 1565 905 1636 μὴ,
931 1564 1022 1634 τῆς
1046 1561 1187 1617 κατὰ
1210 1562 1374 1634 μέρος
1391 1557 1697 1625 ἀντιλογίας
1718 1552 1968 1623 ἀφέντες,

390 1660 522 1714 αὐτὸ
549 1647 707 1712 τοῦτο
748 1656 972 1727 ζητοῦσι
1006 1646 1142 1727 πρὸς
1166 1656 1313 1725 ἡμᾶς
1362 1649 1670 1720 διδασκάλῳ
1702 1644 1973 1718 χρώμενοι

392 1755 463 1824 τῇ
502 1750 749 1822 ἀληθεία.
802 1747 1019 1803 Μᾶλλον
1070 1742 1127 1799 δὲ
1158 1745 1257 1816 τὴν
1286 1743 1542 1815 ἀλήθειαν
1586 1742 1650 1793 ὲκ
1698 1738 1808 1792 τῶν
1846 1739 1977 1791 ἀπο-

397 1843 765 1914 δεικνυμένων
798 1840 1137 1913 πραγμάτων
1173 1836 1568 1906 διδασκόμενοι.
1596 1832 1858 1902 Ἐγχωρεί
1876 1828 1977 1898 τὴν

410 1932 680 2004 Ἐρυθρὰν
716 1929 1076 2002 ἀμπωτίςειν,
1114 1927 1188 1999 πῆ
1225 1925 1320 1998 μὲν
1352 1925 1761 1994 ἐπιτρέχουσαν,
1818 1919 1894 1991 πὴ
1922 1914 1977 1972 δὲ

398 2024 823 2098 ἀναχωροῦσαν;
859 2022 995 2076 Ἀλλ’
1024 2022 1115 2075 ἐπὶ
1140 2020 1247 2073 τῶν
1279 2016 1622 2090 Ἰσραηλιτῶν
1652 2016 1749 2069 οὐκ
1769 2009 1837 2085 ἦν
1868 2014 1975 2083 ἁμα

399 2116 702 2187 πωτισμός.
759 2113 883 2177 Πῶς
932 2112 1040 2184 γὰρ
1087 2109 1148 2163 τὸ
1201 2108 1483 2180 σχισθῆναι
1538 2106 1636 2177 τὴν
1677 2104 1976 2166 θάλασσαν,

401 2207 495 2262 καί
549 2207 790 2278 παγῆναι
841 2207 918 2268 εις
972 2200 1164 2273 τειχῶν
1227 2201 1415 2254 στάσιν
1475 2199 1560 2268 εἴη
1609 2197 1672 2252 ἂν
1727 2197 1979 2267 ἄμπωτι-

404 2300 577 2370 σμός;
633 2297 906 2367 Josephus
962 2293 1197 2357 dubitat,
1244 2308 1314 2345 an
1373 2290 1572 2345 divisio
1638 2291 1751 2343 Ita‘c
1820 2286 1983 2340 fuerit

404 2391 755 2453 tniraculosa,
796 2390 878 2444 vel
924 2387 1213 2443 naturalis.
1263 2378 1408 2438 Nam
1461 2395 1509 2438 et
1545 2379 1836 2436 Alexandri
1874 2395 1983 2432 ma-

405 2482 495 2552 gni
520 2482 703 2544 ductu,
738 2481 936 2550 inquit,
968 2493 1112 2532 mare
1147 2476 1549 2547 Pampltylicum
1576 2474 1751 2535 cessit,
1789 2480 1839 2525 et
1882 2473 1983 2526 iter

408 2574 637 2644 aperuit,
678 2590 795 2627 cum
833 2570 973 2625 Deus
1008 2571 1120 2639 ejus
1152 2584 1307 2637 opera
1341 2568 1408 2620 ad
1441 2565 1813 2621 destruendum
1854 2562 1981 2617 Pcr-

408 2681 595 2719 sarum
640 2665 922 2733 imperium
979 2663 1059 2715 uti
1108 2659 1438 2715 decrevisset.
1502 2658 1714 2713 Hebraei
1763 2664 1983 2727 negant,

411 2773 547 2812 suos
586 2757 824 2824 majores
853 2763 1028 2809 totum
1061 2769 1211 2808 mare
1239 2750 1487 2807 Rubrum
1518 2751 1785 2815 tranasse,
1816 2751 1933 2804 sive
1956 2764 1984 2802 a

411 2852 594 2907 littore
629 2849 885 2920 :Egyptio
918 2850 969 2902 in
1002 2849 1155 2903 littus
1187 2847 1501 2907 Arabicum,
1534 2845 1626 2900 sed
1660 2844 1803 2914 quod
1824 2860 1988 2915 gran-

413 2942 539 2996 dius
572 2949 677 3002 cst,
718 2947 777 2993 ut
832 2938 1001 2994 refert
1034 2932 1440 2999 Genebrardus,
1500 2936 1849 2998 miraculum,
1918 2935 1983 2989 ad

2061 1011 2129 1049 ex
2158 994 2394 1048 Cetltura
2422 991 2678 1062 genuisse
2705 989 2899 1056 Jexan,
2917 1003 2983 1043 ex
3005 1001 3113 1057 quo
3134 994 3294 1040 natus
3316 992 3403 1040 est
3437 984 3669 1051 Dadan,

2066 1098 2096 1137 a
2123 1098 2233 1154 quo
2262 1081 2543 1152 Raguelus
2584 1088 2737 1149 pater
2765 1075 2946 1139 Jetlto,
2998 1074 3157 1145 cujus
3202 1072 3371 1127 ﬁliam
3431 1070 3673 1143 Moyses

2066 1174 2277 1245 accepit
2309 1187 2554 1227 uxorem.
2582 1170 2813 1232 Hebraei,
2843 1167 3094 1239 Lyranus
3121 1172 3175 1219 et
3203 1164 3526 1219 Abulensis
3557 1169 3671 1217 tra-

2069 1264 2227 1326 dunt,
2258 1263 2557 1335 Raguelum
2587 1262 2756 1316 fuisse
2789 1257 3253 1328 quadrinomium.
3283 1254 3489 1309 Prima
3521 1256 3674 1308 enim

2068 1356 2370 1412 vocabatur
2417 1355 2639 1427 Raguel,
2682 1352 2852 1407 Exod.
2883 1365 2921 1404 tt
2952 1357 3007 1403 et
3059 1364 3142 1413 ιιι,
3193 1347 3408 1414 Jethro,
3470 1345 3537 1400 id
3593 1355 3676 1401 εει

2069 1448 2303 1513 Addens,
2342 1448 2458 1517 ipse
2488 1447 2632 1502 enim
2664 1444 2872 1500 addidit
2902 1456 3071 1496 unum
3101 1446 3259 1511 caput
3281 1437 3435 1509 Legi,
3479 1437 3562 1493 de
3588 1454 3682 1492 or-

2072 1541 2353 1596 dinati'one
2403 1539 2588 1611 populi
2631 1554 2726 1609 per
2762 1535 3037 1599 tribunos,
3083 1532 3472 1593 centuriones,
3502 1531 3680 1601 quin-

2075 1645 2355 1705 quagenos
2383 1641 2436 1688 et
2459 1629 2908 1696 decanos,Exod.
2953 1642 3107 1682 xvttt.
3131 1625 3375 1680 Vocatur
3412 1624 3681 1686 (linteas,

2076 1724 2259 1780 Judic.
2306 1740 2380 1779 tv.
2412 1721 2654 1777 Tandem
2688 1728 2917 1775 vocatur
2969 1718 3180 1781 Hobab,
3219 1717 3273 1771 id
3302 1724 3394 1772 est
3431 1716 3679 1782 Amans,

2077 1818 2205 1888 quia
2250 1815 2438 1870 dilexit
2479 1816 2648 1884 legem
2695 1813 2811 1880 Dei,
2840 1820 2895 1866 et
2928 1814 2994 1866 ad
3024 1809 3368 1865 Judaismum
3410 1817 3513 1864 est
3545 1824 3681 1863 con-

2078 1924 2291 1971 versus,
2315 1915 2374 1961 ut
2394 1905 2569 1960 Exod.
2605 1921 2752 1960 xvnt.
2791 1904 2894 1958 Alii
2928 1903 3276 1973 probabilius
3298 1907 3534 1971 putant,
3568 1900 3682 1956 Hoc

2077 2002 2197 2065 bab‘
2236 2018 2345 2056 non
2390 2016 2513 2057 esse
2552 1999 2880 2071 Raguelum,
2931 1995 3160 2067 Ragueli
3205 1996 3405 2054 filium.
3455 1996 3536 2050 de
3571 2008 3681 2066 quo

2080 2092 2302 2148 Numer.
2320 2109 2376 2147 tt.

2152 2187 2314 2251 lltid.,
2364 2186 2461 2240 lin.
2512 2185 2603 2240 20.
2636 2185 3054 2255 Ἐπαγόμενος.
3115 2182 3328 2254 Moyses
3378 2182 3566 2247 enim,
3624 2190 3680 2236 ut

2082 2276 2440 2349 Epiphanius,
2473 2276 2667 2331 haeres.
2708 2275 2795 2337 78,
2839 2274 3027 2338 tradit,
3057 2281 3342 2343 postquam
3388 2273 3680 2343 propheta

2082 2387 2283 2426 munus
2317 2370 2578 2438 suscepit,
2611 2368 2799 2422 uxoris
2838 2366 3033 2420 notitia
3060 2364 3347 2426 abstinuit,
3401 2370 3467 2417 ut
3504 2374 3677 2435 purus

2084 2471 2193 2515 tam
2225 2468 2427 2515 sanctae
2454 2457 2723 2511 functioni
2757 2464 3006 2519 vacaret;
3042 2453 3185 2523 quod
3224 2453 3457 2507 totidem
3495 2454 3678 2507 verbis

2085 2568 2145 2608 se
2192 2559 2380 2622 postea
2409 2549 2681 2620 reperisse
2712 2547 2770 2601 in
2805 2545 3206 2601 Traditionibus
3231 2541 3483 2597 Hebrm’s
3511 2544 3678 2597 tradit

2085 2640 2491 2698 Geneltrardus.

2155 2734 2314 2797 lbid.,
2345 2734 2443 2787 litt.
2471 2732 2559 2786 '50.
2578 2731 2630 2783 Ὀ
2651 2728 2914 2797 Μωῦσῆς
2931 2728 3304 2795 ἐτελεύτησε.
3319 2725 3674 2789 Ambrosius,

2088 2827 2184 2883 lib.
2212 2843 2227 2880 ι
2254 2826 2328 2879 De
2352 2824 2485 2880 Cain
2512 2832 2561 2878 et
2590 2822 2741 2889 Abel,
2772 2837 2823 2876 c.
2847 2821 2902 2887 Ξ,
2932 2821 3127 2875 asserit
3165 2819 3404 2890 Moysem
3425 2818 3673 2873 nondum

2087 2929 2363 2976 mortuum
2393 2935 2535 2986 csse,
2574 2919 2667 2973 sed
2694 2916 3023 2972 translatum
3049 2916 3115 2970 ad
3147 2916 3427 2969 meliorem
3460 2913 3671 2975 vitam;

414 3035 556 3089 idem
606 3034 783 3098 littus,
843 3031 1007 3086 ducto
1064 3031 1207 3084 intra
1242 3044 1389 3084 mare
1442 3028 1604 3098 longo
1650 3028 1906 3093 circuitu,
1935 3035 1990 3083 et
2019 3044 2062 3100 ο
2093 3021 2148 3068 ει
2176 3028 2299 3067 cum
2340 3011 2603 3079 scriptum
2633 3015 2738 3071 εδει
2771 3023 2895 3062 eum
2929 3020 3053 3061 955°
3093 3011 3390 3065 ῐηοτῑυυπηο
3440 2999 3673 3069 ῑιιιεηῖεῖ

417 3126 576 3197 quasi
613 3123 979 3183 semicirculo.
1011 3123 1155 3178 unde
1181 3120 1415 3192 ingressi
1458 3120 1673 3175 fuerant
1702 3122 1995 3175 revertisse

418 3218 671 3288 probant.
731 3216 870 3282 Quia
914 3214 1192 3269 haerebant
1239 3214 1316 3269 fin
1367 3210 1584 3268 deserto
1648 3206 1822 3266 Elltan
1872 3218 1998 3266 ante

418 3307 738 3367 transitum,
780 3304 976 3371 deinde
1017 3312 1142 3373 post
1189 3303 1482 3358 transitum
1518 3303 1572 3357 in
1604 3300 1791 3356 eodem
1825 3318 1883 3357 se
1912 3317 2001 3356 re-

421 3399 676 3469 periunt;
707 3396 800 3451 ubi
839 3412 933 3465 per
967 3404 1079 3449 tres
1103 3390 1221 3450 dies
1247 3394 1423 3464 vagati
1456 3401 1651 3448 ‘castra
1681 3402 1890 3463 ponunt
1944 3392 2001 3446 in

422 3487 597 3553 Μαι-ιι,
620 3488 920 3543 Ειιοιὶ.ιιιι.
945 3486 1147 3542 Deinde
1170 3502 1321 3540 mare
1351 3484 1594 3539 liubrum
1627 3481 2002 3553 dividitA‘Igy-

423 3588 575 3654 ptum
608 3583 676 3634 ab
713 3580 935 3643 Arabia,
967 3595 1074 3633 non
1099 3595 1129 3633 a
1160 3586 1307 3633 terra
1339 3584 1549 3633 sancta.
1604 3575 1718 3630 lmo
1740 3590 1867 3630 vero
1892 3590 2001 3628 non

425 3670 526 3725 fuit
566 3686 790 3725 necesse
830 3678 888 3722 ut
937 3668 1355 3738 ingrederentur
1406 3680 1575 3727 mare,
1606 3666 1713 3719 nisi
1764 3672 1823 3718 ut
1874 3665 2001 3718 sub-

427 3772 768 3831 mergeretur
794 3759 1029 3813 Pharao.
1062 3759 1332 3829 Josepltus
1366 3770 1417 3813 et
1445 3757 1617 3811 nostri
1652 3758 1718 3811 de
1741 3757 1923 3809 littore
1948 3755 2003 3808 in

425 3851 601 3906 littus.
654 3852 781 3915 Alii,
845 3867 984 3920 quos
1038 3851 1288 3920 sequitur
1342 3847 1606 3920 Origenes
1655 3848 1843 3902 homil.
1879 3848 1912 3902 5
1953 3850 2008 3901 in

429 3940 693 4003 Exodum,
729 3941 1112 3997 Ceuebrardus
1148 3943 1200 3995 in
1233 3941 1637 4010 psalm.cxxxv,
1672 3937 2008 4009 Epiphanius

429 4034 623 4088 ha-res.
646 4034 734 4099 64,
766 4032 1056 4099 allirmant,
1090 4049 1240 4089 mare
1285 4031 1531 4088 Rubrum
1574 4033 1744 4088 fuisse
1774 4033 2008 4086 divisum

429 4124 488 4180 in
520 4124 805 4179 duodecim
839 4126 1134 4189 sectiones,
1161 4127 1232 4179 ita
1268 4127 1386 4195 pari
1416 4142 1606 4195 gressu
1641 4141 1737 4196 per
1770 4125 1901 4179 illttd
1929 4125 2011 4177 in-

431 4216 685 4271 cederent
749 4216 1036 4271 duodecim
1099 4218 1309 4285 tribus,
1386 4219 1639 4287 quaelibet
1707 4218 1849 4273 enim
1913 4230 2013 4271 sua

433 4308 677 4364 sectione
703 4307 1015 4363 incedebat.
1054 4306 1214 4363 Philo
1241 4319 1444 4372 tamen,
1473 4304 1872 4372 Tlteodoretus,
1903 4308 2013 4363 Eu-

2097 3122 2207 3162 non
2240 3103 2306 3157 de
2336 3103 2556 3157 interitu
2587 3101 2679 3171 qui
2737 3098 2795 3152 fit
2834 3114 2929 3168 per
2980 3096 3377 3168 separationem
3407 3093 3609 3147 animt
3644 3106 3674 3144 ι

2100 3210 2353 3266 corpore,
2387 3192 2483 3248 sed
2517 3192 2584 3248 de
2613 3190 2974 3246 translatione
3009 3188 3075 3243 ad
3115 3187 3325 3242 felicem
3367 3190 3423 3238 et
3452 3184 3675 3238 beatam

2100 3288 2288 3342 vitam.
2327 3284 2408 3338 llli
2459 3283 2762 3339 assentitur
2790 3280 3026 3335 Hilarius
3061 3276 3420 3333 Pictaviensis
3446 3276 3505 3327 in
3533 3273 3676 3327 Hat-

2105 3380 2319 3442 tlurum,
2351 3393 2473 3431 can.
2505 3376 2596 3430 20.
2630 3374 2775 3428 idem
2803 3389 2868 3428 ex
2910 3370 3303 3426 recentioribus
3341 3365 3513 3422 tradit
3546 3367 3676 3420 Am-

2103 3470 2322 3525 brosius
2341 3468 2671 3523 Catherinus
2700 3467 2756 3520 in
2777 3466 2905 3519 illud
2930 3462 2992 3516 lll
3006 3503 3019 3527 ,
3038 3462 3107 3516 24
3126 3460 3321 3516 Cenes.
3347 3478 3361 3513 :
3384 3458 3676 3513 Collocavit

2105 3575 2226 3615 ante
2276 3560 2585 3630 paradisum
2642 3559 2926 3626 voluptatis
2988 3556 3254 3610 cherubin.
3318 3552 3385 3606 Et
3436 3553 3493 3606 in
3544 3550 3674 3604 illud

2105 3652 2237 3708 Gen.
2255 3669 2308 3716 tt,
2333 3652 2365 3705 8
2386 3650 2756 3704 :Plantaverat
2781 3649 3039 3703 Dominus
3057 3645 3360 3717 paradisum
3380 3642 3551 3699 Edere.
3578 3643 3680 3699 He-

2111 3747 2270 3811 braei,
2326 3758 2450 3799 eum
2499 3742 2828 3797 translatum
2874 3744 3058 3796 vivum
3106 3741 3440 3801 existimant,
3507 3752 3678 3805 quare

2110 3835 2268 3890 Philo
2311 3838 2621 3905 sepulcrum
2672 3834 2793 3901 ejus
2844 3848 2954 3887 non
2987 3832 3221 3886 inveniri
3272 3830 3461 3886 scribit
3506 3828 3678 3900 :Hepl

2110 3924 2185 3984 ὧν
2221 3927 2592 4000 ἱερουργοῦσιν
2619 3925 2786 3980 Ἀϐελ
2816 3943 2876 3978 τε
2900 3925 2995 3978 καὶ
3025 3925 3164 3978 Κάῖν
3196 3921 3385 3990 δίδωμί
3414 3936 3494 3981 σε,
3521 3919 3674 3990 φησι,

2110 4022 2241 4076 Θεὸν
2266 4019 2484 4091 Φαραώ.
2520 4018 2652 4081 Θεὸς
2696 4018 2753 4071 δὲ
2784 4016 3017 4085 ἔλλειψιν
3054 4014 3087 4083 ἢ
3140 4011 3425 4084 πρόσθεσιν
3457 4009 3559 4062 οὐκ
3587 4010 3678 4061 ἀν·

2112 4114 2293 4184 ἐχεται
2311 4113 2542 4181 πλήρης,
2558 4110 2652 4163 καὶ
2683 4109 2953 4169 ἱσαίτατος
2973 4105 3046 4159 ῶν
3063 4103 3258 4173 ἐαυτῷ.
3278 4103 3415 4172 Παρ*
3430 4101 3457 4154 δ
3478 4101 3573 4155 καὶ
3584 4099 3676 4169 τὴν

2113 4205 2288 4273 ταφὴν
2311 4202 2526 4269 λέγεται
2570 4199 2702 4270 μηδὲ
2747 4194 2827 4262 εἷς
2854 4197 3048 4250 εἰδέναι
3080 4194 3291 4248 τούτου.
3338 4193 3434 4256 Τίς
3474 4190 3583 4264 γὰρ
3614 4192 3676 4246 ἂν

2115 4293 2322 4364 γένοιτο
2352 4291 2534 4354 ἱκανὸς
2562 4290 2659 4361 τὴν
2683 4288 2820 4359 πρὸς
2845 4287 2915 4340 τὰ
2935 4288 3066 4341 ὄντα
3094 4284 3487 4356 μετανάστασιν
3511 4283 3674 4353 ψυχῆς

433 4396 675 4468 tbymius
698 4396 752 4450 in
786 4398 978 4466 psalm.
1011 4411 1188 4451 cxxxv
1219 4398 1436 4451 unicam
1461 4407 1670 4451 tantum
1700 4398 1869 4455 fuisse
1901 4408 1977 4453 tra

2116 4387 2325 4448 τελείας
2347 4384 2677 4454 κατανοῆσαι
2705 4399 2719 4446 ;
2749 4381 2894 4435 Idem
2916 4380 3115 4450 repetit
3139 4380 3193 4432 in
3225 4377 3329 4431 line
3359 4377 3455 4431 lib.
3487 4375 3563 4430 De
3580 4378 3674 4430 vita

436 4488 593 4543 dunt.
621 4487 713 4544 Sic
741 4489 903 4542 etiam
935 4487 1285 4543 Hebraeorum
1319 4490 1409 4542 illa
1437 4490 1657 4544 traditio
1675 4498 1779 4553 est,
1809 4492 2010 4545 tribum

435 4577 598 4643 Iuda,
627 4579 987 4651 ejusdemque
1015 4580 1207 4634 ducem
1235 4581 1563 4645 Aminadab,
1601 4581 1815 4637 cazteris
1842 4584 2013 4653 trepi-

437 4672 719 4738 dantibus,
776 4673 1011 4743 primum
1063 4674 1370 4745 ingressum
1402 4690 1524 4729 esse
1575 4689 1747 4739 mare,
1786 4675 2015 4745 ideoque

441 4764 645 4817 tribum
676 4762 816 4817 Juda
834 4763 1089 4833 deinceps
1124 4761 1295 4817 fuisse
1326 4762 1580 4832 primam,
1611 4772 1664 4818 et
1692 4763 1885 4818 ducem
1916 4763 2018 4817 ali-

443 4871 624 4918 arum,
644 4857 1000 4927 meritamque
1014 4871 1135 4911 esse
1165 4871 1412 4926 regnum,
1437 4863 1491 4909 et
1523 4855 1626 4908 huc
1659 4856 1825 4909 alludi
1853 4856 2017 4913 Cant.

441 4965 518 5013 νι,
538 4949 595 5001 ll
634 4949 858 5002 :Anima
882 4965 996 5002 mea
1014 4947 1345 5001 conturbavit
1375 4963 1454 5000 me
1480 4958 1690 5016 propter
1727 4948 2017 5019 quadrigas

442 5035 764 5103 Aminadab;
793 5049 845 5094 et
872 5038 1024 5095 Osca:
1059 5056 1134 5102 XI,
1170 5041 1236 5094 i2
1270 5059 1282 5095 :
1325 5036 1498 5093 Judas
1541 5050 1715 5093 autem
1751 5041 2020 5095 descendit

446 5132 594 5186 testis
629 5148 746 5184 cum
782 5131 909 5194 Deo,
947 5140 995 5185 et
1035 5149 1153 5184 cum
1188 5132 1386 5186 sanctis
1415 5130 1606 5201 ﬁdelis.
1652 5130 2020 5203 Hieronymus

447 5225 795 5279 traditionem
845 5225 986 5277 hanc
1025 5223 1261 5279 fabulam
1310 5231 1489 5280 vocat.
1547 5225 1721 5294 Hujus
1754 5228 2021 5281 transitus

447 5318 703 5387 vestigia,
744 5325 799 5370 et
845 5324 1056 5371 tractus
1111 5332 1372 5372 curruum
1422 5326 1777 5388 rotarumque
1811 5317 2021 5372 orbitas

450 5426 693 5472 manere,
749 5411 1102 5480 repararique
1153 5419 1266 5465 tum
1298 5427 1353 5464 tn
1395 5412 1592 5473 littore,
1632 5419 1745 5464 tum
1799 5410 1855 5464 in
1904 5411 2024 5480 ipso

2114 4476 2317 4548 Moysis
2339 4517 2352 4538 ,
2379 4486 2432 4530 et
2462 4475 2617 4529 rabbi
2648 4473 2871 4527 Samuel
2914 4471 3325 4525 Marrochianus
3352 4469 3451 4523 lib.
3481 4467 3559 4521 De
3589 4468 3675 4522 ad-

2114 4581 2267 4624 ventu
2309 4567 2541 4630 Messim,
2576 4582 2736 4636 quem
2765 4564 2937 4620 Judaei
2978 4575 3180 4618 temere
3210 4568 3549 4630 exspectant,
3575 4560 3675 4615 hac

2114 4662 2278 4716 habet
2306 4676 2424 4731 cap.
2453 4658 2520 4713 l2
2555 4677 2568 4712 :
2606 4658 2675 4710 De
2703 4656 2883 4727 Moyse
2907 4657 3067 4709 etiam
3095 4670 3197 4707 non
3212 4663 3288 4707 est
3321 4650 3673 4714 dubitandum,

2115 4753 2239 4824 quin
2262 4753 2330 4805 sit
2369 4753 2424 4805 in
2465 4751 2591 4805 coelo
2623 4750 2679 4803 in
2725 4764 2941 4818 corpore
2976 4757 3025 4800 et
3054 4750 3250 4808 anima,
3291 4754 3347 4797 ut
3388 4743 3516 4797 dicit
3553 4744 3675 4799 Da-

2120 4853 2216 4899 ter.
2248 4858 2432 4908 χχχιιι,
2458 4842 2490 4896 6
2518 4859 2529 4893 :
2569 4860 2588 4893 ι
2614 4841 2764 4894 Dixit
2786 4838 2922 4894 Deus
2949 4839 3018 4892 ad
3059 4837 3292 4906 Moysem
3331 4851 3350 4888 :
3380 4836 3605 4890 Asceude
3628 4837 3673 4889 is

2119 4947 2346 4991 montem
2371 4946 2542 4998 nocte,
2564 4943 2613 4988 et
2637 4950 2839 4988 morere
2860 4932 2951 4996 ibi,
2969 4940 3017 4986 et
3041 4930 3273 4985 ascendit
3296 4929 3350 4982 in
3368 4938 3605 4993 montem,
3631 4936 3672 4982 ct

2111 5038 2357 5082 mortuus
2379 5036 2454 5081 est
2473 5025 2544 5079 ibi
2568 5040 2586 5090 ;
2608 5035 2657 5079 et
2685 5025 2897 5079 nescivit
2912 5023 3065 5075 homo
3089 5022 3385 5091 sepulcrum
3403 5020 3515 5089 ejus
3535 5035 3673 5089 usque

2120 5121 2174 5174 in
2207 5120 2516 5174 hodiernum
2551 5117 2709 5177 diem.
2741 5135 2758 5167 t
2793 5114 2856 5168 Et
2891 5114 3018 5185 quid
3045 5114 3336 5184 signiﬁcat,
3366 5112 3501 5181 quod
3522 5110 3675 5177 sepul-

2119 5227 2269 5266 crum
2290 5211 2403 5280 ejus
2430 5218 2506 5263 est
2532 5208 2767 5278 ignotum
2784 5208 2837 5259 in
2861 5215 3024 5267 terra,
3049 5220 3167 5257 cum
3190 5205 3298 5271 ipse
3320 5201 3421 5269 fuit
3453 5201 3674 5269 propheta

2122 5305 2318 5374 major,
2361 5313 2409 5358 et
2440 5303 2675 5356 sanctior
2704 5300 2849 5366 aliis,
2890 5299 2997 5353 nisi
3036 5296 3173 5362 quod
3203 5296 3343 5349 Deus
3374 5293 3673 5349 resusritarit

2123 5412 2263 5463 eum,
2292 5405 2341 5450 et
2382 5395 2668 5462 assumpsit
2707 5408 2825 5447 eum
2867 5393 2918 5446 in
2962 5407 3199 5460 corpore,
3247 5397 3299 5443 et
3344 5389 3536 5452 animo,
3558 5388 3674 5441 sicut

450 5502 589 5555 mari
641 5500 827 5556 Rubro
870 5503 1037 5557 tradit
1065 5502 1314 5568 Orosius,
1356 5504 1450 5558 lib,
1501 5520 1555 5569 ι,
1582 5519 1701 5573 cap,
1736 5502 1836 5569 10;
1882 5479 2027 5559 idem
2127 5490 2262 5543 alios
2281 5488 2456 5563 justas
2489 5486 2793 5554 assumpsit,
2825 5494 2873 5539 et
2901 5483 3120 5538 elevavit
3142 5480 3212 5535 ad
3238 5482 3413 5536 locum
3434 5480 3516 5534 ubi
3539 5479 3674 5533 sunt?

451 5590 693 5644 insinuat
741 5590 1012 5648 Diodorus
1050 5594 1106 5647 in
1131 5595 1351 5648 Catena.
1392 5591 1527 5647 Illud
1560 5595 1686 5649 item
1736 5593 2027 5648 ridiculum

2199 5581 2359 5646 lbid.,
2412 5581 2509 5636 lin.
2543 5580 2633 5634 32.
2690 5577 2799 5634 Kal
2835 5576 3036 5646 ἐξάγει
3078 5578 3206 5630 τόν.
3261 5576 3561 5645 Artapanus
3590 5568 3673 5624 Be-

452 5688 559 5744 cst,
610 5679 1082 5753 pseudo-Moyst
1120 5684 1410 5754 quemdam
1450 5681 1790 5750 Cretensem,
1831 5682 2029 5741 Mosai-
2129 5680 2306 5736 brteos
2340 5694 2437 5750 per
2469 5676 2692 5749 triginta
2724 5691 2897 5732 annos
2941 5675 2996 5729 in
3034 5674 3253 5731 deserto
3283 5678 3505 5743 vagatus
3535 5667 3671 5723 fuisse
