3782 6166
101 273 254 331 ίοδι

1155 272 1221 327 IN
1261 272 1630 330 EUSTATHII
1663 266 2144 330 HEXAEMERON
2183 275 2417 331 ΝΟΤᾸΞ.

3271 279 3409 333 £063

101 387 318 442 scribit
350 407 364 442 :
396 387 534 451 Τοὺς
570 387 628 440 δὲ
665 386 972 452 Ἰουδαίους,
1031 387 1395 458 διαφυγόντας
1460 392 1552 447 τὸν
1603 392 1664 446 κίη

1865 407 2076 463 upenor
2095 393 2360 458 substitit,
2379 401 2434 448 et
2459 393 2744 456 intumuit,
2762 395 2986 450 assidue
3005 397 3164 466 aquis
3185 396 3410 452 aﬂluen‘

98 479 299 543 δυνον,
341 479 636 551 τριάκοντα
668 478 764 550 ἐτη
811 478 869 530 ὲν
896 480 962 549 τῇ
1015 479 1210 550 ἐρήμῳ
1240 479 1542 552 διατρίψαι,
1592 480 1719 554 βρέο

97 589 310 642 χοντος
334 573 518 634 αὐτοῖς
537 571 630 623 τοῦ
660 569 795 624 Θεοῦ
828 572 1057 642 κρίμνον
1091 573 1278 643 ὅμοιον
1313 571 1519 645 ὲλύμῳ,
1575 574 1716 644 χιόνι

98 665 508 735 παραπλήσιον
539 664 638 736 τὴν
672 665 860 734 χρόαν.

182 756 310 809 Col.
335 756 458 820 789,
487 755 564 809 lin
611 756 700 810 54.
724 759 788 810 οι
817 758 928 828 γὰρ
944 757 1142 826 χάριν.
1164 759 1463 830 Antiquum
1489 777 1716 832 peregre

102 847 398 917 proﬁcisc:
456 848 740 918 religionis
798 863 929 920 ergo
990 853 1238 906 meminit
1309 861 1364 907 et
1419 852 1714 923 Gregorius

100 941 404 1012 Nyssenus
447 942 526 997 De
563 943 685 997 Vita
713 942 772 999 S.
801 943 1061 999 Macrinaz
1105 947 1326 1017 virginis
1350 963 1368 1002 :
1393 949 1618 1013 Πάντως
1656 950 1712 1002 δὲ

98 1033 217 1087 οὐκ
260 1035 602 1105 ἁμνημονεϊς
648 1035 747 1106 τῆς
787 1036 1104 1107 συντυχίας,
1157 1039 1246 1092 ὅτε
1298 1039 1420 1094 κατ’
1447 1040 1612 1112 εὐχὴν
1654 1043 1713 1096 ἐν

110 1124 546 1197 Ἱεροσολύμοις,
599 1127 884 1198 ὲπιφοιτᾷν
933 1129 1164 1200 μέλλων,
1197 1125 1348 1199 ὲφ¹ᾧ
1395 1131 1465 1185 τὰ
1509 1136 1712 1204 σημεῖα

96 1215 213 1284 τῆς
243 1215 338 1269 τοῦ
362 1216 570 1288 Κυρίου
609 1216 698 1270 διὰ
732 1219 934 1289 σαρκὸς
969 1221 1263 1291 ἐπιδημίας
1291 1223 1349 1276 ὲν
1374 1225 1486 1287 τοῖς
1517 1223 1709 1287 τύποις

101 1306 248 1360 ἰδεῖν
290 1306 624 1379 συνέδραμὸν
657 1324 738 1361 σοι
769 1309 914 1362 κατὰ
937 1309 1039 1381 τὴν
1076 1311 1353 1382 Ἀντιόχου
1383 1313 1560 1366 πόλιν.

177 1394 348 1461 Ibid.,
377 1398 475 1453 lin.
511 1397 599 1455 57.
639 1398 712 1451 Τό
737 1416 802 1452 τε
832 1401 1077 1454 Σιναῖον
1105 1401 1262 1470 ὄρος.
1301 1401 1378 1457 De
1408 1412 1593 1460 monte
1627 1403 1708 1459 Si-

98 1489 226 1553 nai,
274 1490 505 1561 ejusque
551 1491 687 1546 locis
723 1493 899 1546 sacris
955 1493 1114 1562 plura
1159 1491 1357 1550 Petrus
1401 1493 1702 1558 Bellonius,

102 1580 556 1638 Observationum
579 1584 674 1638 lib.
714 1598 909 1654 n,cap.
942 1584 1012 1638 62
1037 1591 1091 1639 et
1123 1601 1264 1656 seq.,
1291 1587 1360 1642 de
1391 1603 1503 1658 quo
1533 1590 1703 1644 multa

101 1689 286 1730 sacrae
307 1675 766 1747 litterae,insignis
794 1677 884 1731 ille
909 1678 1128 1747 quidem
1152 1685 1207 1732 et
1242 1676 1337 1732 Dei
1363 1694 1488 1732 cum
1518 1679 1702 1750 Moyse

1821 485 2002 551 tibus;
2033 501 2158 540 cum
2184 501 2316 540 vero
2344 486 2678 541 transissent
2702 484 2912 541 Hebraei
2939 503 3049 540 non
3077 489 3283 552 subito,
3310 489 3406 543 sed

1820 577 2024 632 sensim
2075 577 2369 641 detumuit,
2409 585 2464 634 et
2518 577 2764 644 deﬂuxit,
2811 593 2881 632 ne
2926 593 3075 648 ripas
3098 589 3151 633 et
3180 596 3408 653 campos

1817 668 2108 736 obrueret;
2160 670 2344 735 tertio,
2383 670 2441 724 in
2483 670 2624 724 mari
2664 670 2940 725 submersi
2972 681 3101 724 sunt
3133 671 3399 743 Egyptii,

1817 760 2000 814 nullus
2031 775 2158 814 vero
2185 776 2400 816 mersus
2435 769 2520 815 est
2555 762 2611 816 in
2639 759 2912 829 Jordane;
2940 771 3157 831 quarto,
3187 764 3239 816 in
3267 764 3406 818 mari

1817 850 1960 907 Deus
1991 853 2218 907 immisit
2252 863 2495 920 ventum,
2529 853 2598 908 ad
2637 853 2866 907 fundum
2896 854 3150 908 limosum
3185 855 3403 910 sit-can-

1815 945 1964 1008 dum,
1990 946 2042 1000 id
2069 962 2200 1001 vero
2223 962 2333 1001 non
2365 946 2493 1001 fecit
2525 947 2579 1000 in
2611 945 2872 1012 Jordane,
2897 946 3029 1016 quia
3059 947 3182 1017 ejus
3213 948 3402 1004 alveus

1813 1045 1898 1092 est
1934 1053 2162 1108 parvus,
2190 1048 2245 1095 et
2279 1055 2568 1094 arenosus.

1882 1129 2042 1196 lbid.,
2098 1132 2195 1186 lin.
2254 1131 2305 1186 7.
2370 1133 2500 1186 Ἐπὶ
2526 1132 2642 1201 τὴν
2677 1131 3401 1202 'IeptxchosephusAnti-

1809 1221 1941 1290 quit.
1975 1221 2070 1275 lib.
2113 1237 2188 1287 ιν,
2227 1210 2450 1293 οθρξδε
2486 1224 2648 1287 Πόλις
2670 1222 2725 1275 δέ
2752 1225 2899 1275 ἐστιν
2926 1223 3194 1294 εὐδαίμων
3237 1223 3398 1296 αὕτη,

1810 1312 2059 1381 φοίνικάς
2101 1331 2160 1367 τε
2193 1314 2379 1386 φέρειν
2435 1315 2636 1386 ἀγαθὴ,
2667 1315 2760 1368 καὶ
2795 1313 3070 1386 βάλσαμον
3098 1315 3397 1388 νεμομένη.

1807 1402 2064 1475 Ejusdem
2123 1407 2540 1478 topographiam
2594 1407 2764 1464 habes
2822 1408 2966 1478 apud
3013 1414 3264 1464 eumdem
3321 1409 3397 1464 De

1807 1498 1940 1553 bello
1961 1497 2092 1553 Jud.
2126 1500 2162 1554 l.
2185 1516 2238 1566 v,
2270 1515 2324 1557 c.
2363 1500 2466 1563 26;
2498 1499 2808 1554 Brocardus
2859 1501 3160 1555 monachus
3207 1501 3261 1554 in
3295 1499 3394 1555 De-

1805 1589 2088 1658 scriptione
2136 1588 2312 1644 Terra:
2337 1599 2538 1645 sancta
2572 1607 2592 1644 :
2628 1589 2762 1644 Item
2799 1607 2830 1642 a
2857 1587 3080 1660 Calgala
3119 1605 3208 1658 per
3234 1608 3393 1646 unam

1805 1680 2008 1735 leucam
2033 1692 2221 1736 contra
2252 1685 2506 1737 orientem
2537 1693 2614 1738 est
2645 1684 2752 1737 sita
2781 1681 3016 1747 Iericho,
3045 1685 3231 1738 civitas
3266 1684 3394 1738 olim

97 1767 426 1838 colloquiis,
458 1778 506 1823 et
528 1769 662 1824 locis
694 1769 798 1840 piis
847 1773 1136 1840 sacrisque
1167 1771 1238 1825 ad
1272 1771 1419 1825 lumc
1439 1771 1583 1826 diem
1606 1772 1704 1827 llo-
1735 1743 1776 1800 Β
1806 1773 2040 1843 famosa,
2094 1791 2233 1830 nunc
2287 1785 2464 1830 autem
2495 1774 2649 1830 habet
2677 1784 2794 1831 octo
2833 1775 3047 1844 domos,
3078 1777 3166 1830 via:
3204 1793 3393 1832 nomen

103 1859 390 1924 rentibus,
427 1874 532 1916 nec
560 1875 671 1915 non
700 1863 900 1917 nubilis
930 1863 1070 1917 divae
1101 1862 1412 1918 Catherinae
1447 1879 1698 1935 corpore,

101 1957 165 2004 et
200 1951 436 2004 aliorum
463 1961 778 2006 sanctorum
815 1953 1034 2009 duobus
1087 1954 1471 2010 cacuminibus
1507 1955 1701 2012 divisis

102 2046 353 2116 assurgit
385 2045 562 2101 solido
587 2061 745 2112 saxo,
769 2055 824 2101 et
851 2049 1128 2103 variorum
1153 2050 1398 2104 colorum
1431 2051 1697 2120 granulis,

101 2152 237 2210 qua
278 2139 524 2194 diversas
566 2139 771 2209 ﬁguras
803 2139 1046 2194 elliciunt
1092 2139 1376 2205 distincto,
1429 2144 1700 2197 excelsior

104 2245 242 2300 pars
284 2246 485 2286 nomen
542 2231 718 2300 Sinai,
752 2232 1068 2304 depressior
1117 2231 1299 2288 llorcb
1332 2242 1584 2304 occupat.
1637 2231 1698 2288 ln

105 2321 296 2376 Horeb
329 2321 501 2395 Moysi
540 2324 626 2378 lex
658 2324 806 2392 data,
844 2325 900 2379 in
931 2339 1043 2396 quo
1081 2333 1136 2380 et
1167 2327 1346 2382 adhuc
1378 2326 1431 2380 in
1461 2341 1699 2382 marmo-

106 2427 206 2466 reo
237 2411 414 2481 lapide
464 2412 666 2484 Moysis
707 2413 909 2484 elligies
957 2417 1294 2485 conspicitur
1317 2416 1385 2469 ad
1429 2418 1694 2472 amussim

105 2503 402 2572 impressa.
441 2504 494 2558 In
529 2503 660 2558 Sina
692 2520 893 2575 corpus
935 2515 1140 2561 sancta:
1172 2505 1482 2561 Catherinze
1506 2508 1574 2561 ab
1598 2524 1696 2562 an-

101 2597 246 2666 gelis
275 2596 619 2666 deportatum
651 2604 753 2663 est,
786 2599 929 2668 quod
963 2614 1256 2669 progressu
1289 2600 1548 2667 temporis
1577 2615 1695 2653 mo-

101 2687 271 2741 nachi
299 2689 501 2742 montis
533 2689 733 2742 accola:
760 2689 817 2742 in
847 2691 1010 2742 imam
1043 2701 1250 2758 partem
1281 2690 1480 2743 montis
1514 2688 1694 2746 Horcb

102 2780 468 2850 deportarunt
519 2790 578 2835 ut
607 2789 785 2835 tutum
844 2783 913 2834 ab
956 2781 1210 2836 hostibus
1255 2790 1688 2836 conservarent:

103 2875 281 2927 multa
311 2882 439 2930 sunt
477 2874 530 2927 in
565 2875 668 2928 hoc
714 2883 899 2928 monte
943 2874 1283 2928 admirabilia
1325 2875 1416 2928 illa
1449 2876 1688 2944 quidem,

106 2966 455 3036 maximaque
493 2981 599 3020 non
643 2967 864 3037 indigna
910 2967 1406 3022 animadversione.
1451 2967 1576 3021 llaec
1615 2969 1692 3022 le-

1806 1867 1947 1921 villaz
1985 1869 2200 1923 sortita.

1875 1957 2036 2022 lbid.,
2070 1960 2168 2014 lin.
2206 1960 2292 2016 14.
2337 1958 2450 2014 Kal
2476 1958 2646 2014 πᾶσα
2687 1958 2769 2024 τῷ
2816 1959 3032 2028 Κυρίῳ.
3088 1957 3388 2030 Iosephus.

1800 2050 1979 2122 Antiq.
2019 2051 2115 2106 lib.
2145 2067 2200 2116 v,
2235 2067 2358 2122 cap.
2392 2053 2418 2106 1
2454 2053 2754 2122 εἈπειρον
2779 2051 2834 2104 δέ
2876 2069 2930 2104 τι
2959 2051 3162 2122 πλῆθος
3197 2055 3261 2105 ὲκ
3289 2051 3391 2121 τῆς

1798 2139 2052 2205 ἁλώσεως
2079 2141 2491 2214 συναθροίζεται
2531 2141 2771 2214 ἀργύρου
2812 2159 2872 2196 τε
2904 2141 3000 2196 καὶ
3031 2141 3256 2213 χρυσοῦ,
3293 2143 3390 2195 καὶ

1799 2231 2022 2302 προσέτι
2056 2233 2279 2301 χαλκοῦ,
2328 2232 2554 2303 μηδενὸς
2589 2233 2934 2304 παραϐάντος
2971 2233 3040 2287 τὰ
3089 2233 3389 2304 δεδογμένα

1800 2321 1923 2392 μηδ’
1982 2323 2062 2385 εἰς
2103 2323 2236 2376 ἰδίαν
2283 2323 2551 2392 ὠφέλειαν
2591 2325 2729 2379 αὐτᾶ
2777 2324 3243 2396 διαπερσαμένων.
3277 2327 3388 2379 Καὶ

1795 2413 1970 2466 ταῦτα
2008 2415 2104 2483 μὲν
2139 2414 2348 2486 Ἰησοῦς
2380 2419 2493 2479 τοῖς
2527 2416 2760 2488 ἱερεῦσιν
2805 2418 2883 2480 εἰς
2920 2418 3048 2480 τοὺς
3073 2415 3383 2488 θησαυροὺς

1795 2505 2130 2575 παραδίδωσι
2161 2507 2516 2560 καταθέσθαι.

1864 2593 2025 2660 lbid.,
2064 2598 2160 2651 lin.
2196 2598 2282 2652 15.
2323 2598 2442 2666 Τὴν
2470 2601 2650 2653 πόλιν
2683 2600 2844 2653 Οὺαΐ.
2883 2598 3024 2654 Fuse
3053 2598 3166 2654 hac
3198 2599 3381 2653 omnia

1794 2688 2146 2758 prosequitur
2171 2686 2466 2758 Josephus,
2494 2691 2694 2759 Antiq.,
2730 2689 2848 2743 loco
2881 2690 2936 2743 d.

1863 2777 2024 2842 lbid.,
2048 2779 2143 2833 lin.
2162 2777 2251 2832 21.
2277 2783 2340 2832 Οἱ
2369 2779 2436 2832 δὲ
2470 2777 2854 2833 Γαϐαωνῖται.
2873 2778 3070 2834 Eadem
3100 2779 3263 2835 habet
3282 2778 3378 2834 Jo-

1795 2870 2026 2938 sephus,
2057 2871 2228 2924 latius
2260 2879 2440 2924 tamen
2473 2887 2534 2925 ea
2565 2880 2774 2925 narrat.

1861 2959 2024 3026 lbid.,
2055 2962 2150 3016 lin.
2177 2963 2266 3018 40.
2287 2964 2613 3033 Ὀργισθεὶς
2639 2962 2728 3018 δέ.
2755 2961 3238 3034 EademJosephus
3259 2963 3380 3019 loco

103 3068 227 3112 ctor
268 3060 364 3113 tibi
419 3061 766 3113 communico
828 3067 956 3130 lyPo
1002 3061 1224 3124 montiS,
1275 3076 1438 3130 quem
1495 3061 1624 3114 om"
1659 3075 1688 3112 ³
1717 3099 1758 3155 C
1791 3047 1960 3155 duim.

103 3152 392 3205 monachis
431 3151 557 3205 inde
595 3151 822 3204 Romam
858 3151 1200 3205 venientibus
1230 3156 1436 3221 accepi,
1470 3159 1524 3207 et
1553 3152 1688 3204 alio-

102 3259 228 3296 rum
271 3243 604 3304 testimonio,
652 3245 744 3312 qui
787 3244 905 3298 loca
937 3245 1026 3296 illa
1071 3245 1392 3307 invtserunt,
1445 3248 1687 3315 apprime

105 3333 252 3396 ﬁdo;
300 3336 417 3388 loca
455 3337 912 3405 quemadmodum
960 3337 1045 3390 his
1087 3338 1423 3406 temporibus
1471 3354 1686 3392 nuncu-

102 3435 304 3492 pantur
338 3423 391 3476 in
430 3426 578 3479 calce
611 3424 859 3495 exposui.

177 3513 340 3575 lbid.,
376 3513 470 3567 lin.
507 3515 594 3569 ³57.
643 3516 786 3582 Παρ⁹
815 3508 863 3580 ᾧ
902 3514 1010 3582 τὰς
1039 3516 1418 3586 νομοθεσίας.
1448 3515 1683 3572 Crassus

60 3621 262 3660 -error
315 3606 606 3660 Alexandri
663 3607 1045 3677 Polyhistoris,
1096 3610 1186 3675 qui
1241 3609 1336 3670 ait,
1381 3610 1522 3678 apud
1577 3609 1682 3662 lle-

102 3695 280 3751 braros
319 3698 600 3751 mulierem
641 3696 932 3765 quamdam
979 3696 1374 3766 pwot‘o'l‘uisse,
1409 3713 1529 3767 quae
1561 3715 1679 3752 eam

102 3787 274 3855 legem
317 3787 557 3855 scripsit,
595 3801 700 3854 qua
749 3783 925 3838 Judaei
977 3796 1226 3848 utuntur,
1269 3787 1371 3840 hoc
1423 3795 1506 3841 est
1568 3787 1681 3840 Mo-

102 3879 302 3931 saicam
330 3877 497 3945 legem
529 3874 843 3929 Judzcorutu
885 3889 993 3927 non
1026 3891 1054 3927 a
1077 3875 1280 3946 Moyse,
1305 3890 1464 3942 quem
1500 3877 1680 3930 nullus

102 3968 187 4021 vel
218 3967 282 4022 de
314 3968 468 4036 plebe
507 3969 784 4027 minimus,
839 3968 928 4036 qui
969 3966 1185 4036 quidem
1226 3966 1441 4020 Judzeos
1475 3979 1676 4030 nosset,

103 4062 356 4129 ignorare
387 4061 583 4129 potuit,
617 4062 712 4116 sed
745 4062 813 4116 ab
856 4060 959 4114 hac
995 4061 1224 4114 muliere
1253 4060 1452 4113 dictam
1485 4060 1676 4114 fuisse.

172 4149 330 4218 lbid.,
369 4153 466 4208 lin.
508 4153 600 4210 40.
648 4153 952 4223 Ζητητέον
989 4152 1057 4206 δὲ
1092 4155 1146 4206 ot
1175 4153 1226 4207 ὲ.
1258 4151 1422 4206 Plura
1472 4153 1539 4207 de
1579 4155 1678 4207 hac

100 4245 494 4308 controversia,
543 4253 599 4300 et
653 4263 920 4301 annorum
976 4247 1370 4316 supputatione
1417 4245 1678 4299 eruditis-

99 4338 237 4392 sime
284 4339 475 4392 scribit
520 4337 776 4392 Pererius
816 4340 872 4391 in
909 4355 1028 4408 cap.
1088 4355 1157 4394 xv
1221 4337 1402 4394 Cenes.
1456 4337 1512 4391 in
1570 4353 1674 4406 qua

1859 3139 2026 3205 lbid.,
2046 3143 2145 3196 lin.
2169 3142 2257 3198 52.
2286 3143 2498 3198 Ἴναδὲ
2515 3144 2743 3199 τέλεον.
2768 3143 3070 3216 Josephus:
3093 3145 3260 3200 Ἔνθα
3284 3148 3378 3199 καὶ

1786 3231 1886 3303 τὴν
1919 3233 2012 3286 τοῦ
2047 3234 2180 3288 Θεοῦ
2203 3238 2522 3306 συνεργείαν
2553 3237 2774 3307 ἔμαθεν,
2799 3238 3169 3308 ὲπιμήναντος
3197 3237 3372 3291 αὑτοῦ

1789 3325 2034 3396 βρονταῖς
2064 3344 2121 3379 τε
2151 3327 2244 3380 καὶ
2273 3329 2556 3398 κεραυνῶν
2589 3331 2802 3399 ἀφέσει,
2830 3331 2920 3382 καί
2943 3330 3185 3401 χαλάζης
3208 3349 3376 3383 καταο

1786 3419 1926 3488 φορᾷ
1950 3417 2190 3486 μείζονος
2213 3419 2312 3488 τῆς
2342 3421 2754 3490 συνήθους.”Ετι
2778 3438 2841 3488 γε
2870 3422 2974 3491 μὴν
3007 3423 3099 3474 καὶ
3120 3423 3217 3492 τὴν
3240 3423 3373 3493 ἡμέ-

1787 3526 1885 3579 ραν
1911 3508 2208 3580 αὐξηθῆναι
2239 3510 2418 3575 πλέον,
2443 3513 2589 3564 ὠσὰν
2627 3510 2698 3583 μὴ
2723 3513 3099 3566 καταλαϐοῦσα
3125 3514 3221 3580 νὺξ
3252 3517 3371 3566 ἐπι-

1785 3603 1932 3670 σχεῖν
1965 3600 2062 3670 τὴν
2092 3601 2200 3654 τῶν
2226 3602 2490 3673 Ἐϐραίων
2523 3604 2832 3676 προθυμίαν
2859 3607 3170 3660 συνέπεσεν.
3209 3607 3368 3658 Ὥστε

1783 3694 1876 3745 καὶ
1909 3693 2174 3762 λαμϐάνει
2219 3694 2318 3746 οὐκ
2351 3694 2606 3763 βασιλέας
2649 3696 2856 3766 Ἰησοῦς
2887 3696 2944 3748 ἐν
2991 3714 3096 3750 τινι
3128 3713 3366 3768 κρυπτο-

1784 3783 1977 3854 μένους
2009 3784 2262 3854 σπηλαίῳ
2287 3785 2427 3837 κατὰ
2456 3785 2729 3855 Μακχιδὰ,
2756 3785 2848 3839 καὶ
2886 3785 3103 3850 κολάζει
3139 3787 3365 3850 πάντας.

1783 3875 1906 3926 Ὅτι
1946 3875 2003 3927 δὲ
2033 3875 2094 3927 τὸ
2127 3877 2300 3945 μῆκος
2337 3875 2436 3944 τῆς
2479 3876 2692 3946 ἡμέρας
2733 3876 2974 3929 ἐπέδωκε
3005 3876 3125 3929 τότε
3151 3877 3247 3930 κα⁷δ³
3272 3879 3366 3929 τοῦ

1729 3955 1734 3960 ’
1783 3967 2050 4037 συνήθους
2091 3967 2385 4020 ἐπλεόνασε
2419 3966 2672 4038 δηλοῦται
2712 3967 2800 4021 διὰ
2849 3967 2956 4020 τῶν
2994 3967 3365 4040 ἀνακειμένων

1780 4059 1837 4111 ὲν
1857 4058 1935 4128 τῷ
1966 4058 2096 4129 ἱερῷ
2134 4059 2498 4130 γραμμάτων.

1851 4150 2010 4214 lbid.,
2068 4151 2162 4204 lin.
2193 4151 2280 4205 54.
2320 4149 2558 4216 Στήσας
2598 4149 2703 4204 τὸν
2736 4150 2932 4219 ἥλιον.
2965 4151 3208 4208 Joannes
3250 4151 3360 4208 Ke-

1779 4243 1963 4311 plerus
1998 4245 2051 4296 in
2088 4243 2493 4297 introductione
2522 4243 2588 4297 ad
2624 4257 2781 4298 suam
2821 4245 3217 4299 Astronomiam
3263 4262 3358 4298 no-

1776 4352 1915 4398 ram,
1940 4343 1997 4388 ut
2039 4337 2292 4404 probaret
2335 4343 2536 4389 terram
2567 4337 2794 4399 moveri,
2816 4338 2986 4391 solem
3006 4347 3173 4400 stare,
3205 4337 3359 4400 dicit,

101 4429 336 4497 reliquas
381 4431 612 4484 aliorum
658 4431 957 4483 sententias
996 4427 1361 4483 examinanda
1391 4427 1473 4482 uti
1506 4427 1674 4483 falsas
1709 4441 1750 4495 ι)
1779 4427 2023 4497 quotidie
2056 4442 2154 4480 nos
2183 4428 2352 4481 multa
2390 4428 2534 4495 loqui
2565 4442 2688 4480 cum
2718 4428 3001 4481 oculorum
3028 4444 3214 4491 sensu,
3239 4444 3360 4497 quae

96 4530 154 4575 et
201 4520 266 4574 ad
313 4519 683 4576 dilﬁcultatem
724 4522 830 4575 loci
873 4520 1022 4576 illius
1071 4519 1449 4591 explicandam
1485 4534 1677 4590 parum

97 4616 320 4672 idoneas
357 4617 576 4681 refellit,
621 4627 676 4671 et
723 4618 866 4673 hanc
896 4616 1072 4672 nostri
1105 4618 1352 4672 auctoris
1380 4618 1458 4672 uti
1501 4619 1677 4689 legiti-

97 4710 306 4772 timam,
352 4723 648 4778 veramque
693 4708 958 4773 defendit,
1005 4709 1200 4764 solidis
1253 4709 1580 4766 rationibus.
1623 4717 1676 4763 et

95 4808 408 4856 sanctorum
463 4799 684 4854 Patrum
736 4801 1160 4855 auctoritatibus
1217 4799 1487 4854 adduetis.
1539 4797 1673 4852 Vide

94 4892 253 4946 etiam
285 4889 716 4958 Genebrardum,
747 4900 801 4946 et
838 4892 1075 4946 Delrium
1120 4893 1173 4944 in
1205 4908 1318 4960 cap.
1358 4906 1428 4944 xv
1484 4888 1664 4942 Genes.

160 4982 274 5036 Col.
307 4982 427 5046 792,
475 4985 570 5038 lin.
619 4984 672 5038 5.
723 4982 825 5037 Διά
852 4984 959 5037 τοῦ
983 4982 1306 5051 Ἰορδάνου.
1338 4981 1666 5036 Divisionem

95 5079 260 5128 maris
291 5073 460 5128 Rubri
502 5084 738 5144 quatuor
775 5075 1084 5130 rationibus
1106 5075 1426 5130 dissimilem
1466 5089 1494 5126 a
1524 5073 1666 5126 divi-

97 5163 249 5218 sione
296 5164 396 5217 hac
437 5179 702 5234 aquarum
759 5163 1016 5218 Jordanis
1068 5164 1237 5216 tradit
1295 5161 1585 5215 Cornu-lius
1635 5175 1666 5212 a

93 5254 291 5324 Lapide
320 5255 374 5308 in
405 5270 496 5309 xlv
525 5271 641 5324 cap.
672 5253 842 5308 Exod,
869 5253 1090 5308 :Primo
1122 5255 1175 5308 in
1195 5268 1260 5307 eo
1282 5252 1426 5322 quod
1465 5252 1664 5306 divisio

94 5347 259 5401 maris
303 5346 445 5402 facta
489 5358 571 5401 est
608 5363 703 5418 per
738 5347 976 5418 Moysem
1023 5345 1406 5399 extendentem
1443 5346 1496 5396 in
1530 5342 1662 5396 illud

94 5454 244 5494 suam
297 5440 540 5510 virgam;
575 5438 772 5493 divisio
818 5454 947 5493 vero
975 5436 1234 5491 Jordauis
1277 5435 1419 5489 facta
1452 5445 1536 5491 est
1565 5451 1662 5504 per

94 5531 429 5603 praesentiam
478 5546 619 5585 arcae
659 5529 910 5596 Domini;
946 5527 1210 5591 secundo,
1244 5530 1298 5582 in
1351 5527 1488 5580 mari
1522 5526 1660 5580 divi-

92 5641 164 5679 sa»
195 5640 342 5693 aquae
369 5622 625 5693 utrinque
649 5623 806 5693 quasi
838 5621 977 5675 muri
1019 5621 1418 5682 constiterunt;
1465 5619 1518 5671 in
1543 5616 1660 5670 Jor-

90 5719 223 5772 dane
263 5732 392 5773 vero
429 5716 656 5772 inferior
682 5731 809 5787 pars
849 5713 1072 5770 deﬂuxit
1097 5714 1150 5768 in
1179 5727 1328 5768 mare
1360 5709 1654 5778 Mortuum,

1780 4526 1932 4573 certo
1959 4518 2168 4573 scimus
2197 4519 2356 4572 aliter
2389 4534 2448 4572 se
2480 4519 2678 4574 habere
2707 4537 2722 4584 ;
2755 4526 2808 4573 et
2839 4519 2982 4573 hunc
3027 4518 3248 4573 modum
3277 4518 3358 4572 lo-

1777 4611 1980 4680 quendi
2016 4610 2184 4664 etiam
2214 4624 2336 4664 esse
2362 4608 2601 4672 Christo,
2630 4617 2683 4661 et
2708 4609 2906 4663 divina:
2935 4609 3232 4678 Scriptum
3275 4609 3358 4662 fu-

1775 4702 2075 4767 miliarcm;
2109 4702 2408 4769 loquuntur
2440 4702 2585 4753 enim
2611 4715 2733 4753 cum
2763 4700 3079 4754 hominibus
3116 4699 3357 4754 humano

1775 4793 1960 4859 modo,
1991 4803 2049 4847 ut
2077 4793 2144 4846 ab
2171 4792 2486 4845 hominibus
2514 4791 2909 4860 percipiantur,
2945 4799 2999 4846 et
3026 4798 3253 4846 utuntur
3287 4793 3355 4846 iis

1776 4899 1895 4954 quae
1924 4894 2050 4938 sunt
2084 4883 2225 4953 apud
2255 4883 2500 4936 homines
2532 4884 2585 4934 in
2616 4885 2890 4945 confesso,
2923 4883 2986 4936 ad
3023 4884 3352 4937 insinuanda

1773 4978 1879 5030 alia
1937 4977 2256 5030 sublimiora
2300 4987 2352 5028 et
2385 4975 2590 5036 divina,
2623 4983 2677 5027 et
2709 4975 2973 5044 exemplis
2996 4990 3164 5029 sacrae
3204 4974 3356 5029 Scri~

1771 5075 1945 5135 pturze
1981 5067 2358 5120 demonstrare
2406 5074 2674 5130 conatur;
2704 5066 2845 5120 inter
2895 5082 2957 5120 ea
3015 5067 3088 5119 ita
3120 5067 3354 5136 explicat

1771 5158 1918 5212 hunc
1963 5158 2166 5219 locum,
2197 5168 2253 5210 ut
2280 5158 2460 5226 potius
2493 5160 2829 5210 contrarium
2856 5173 2977 5212 esse
3003 5158 3238 5227 quisque
3263 5157 3348 5211 in-

1768 5251 2009 5320 telligat;
2050 5251 2327 5304 concludit
2364 5250 2510 5304 enim
2546 5259 2678 5303 tunc
2712 5259 2914 5304 terram
2951 5251 3190 5309 stetisse,
3227 5267 3348 5323 qua.

1765 5342 1990 5410 perenni
2022 5352 2170 5394 motu
2214 5342 2553 5404 movebatur,
2587 5359 2696 5395 non
2741 5342 2867 5395 item
2926 5345 3118 5396 solem.
3169 5341 3345 5397 Verba

1763 5435 1883 5503 ejus
1915 5443 2038 5488 sunt
2069 5453 2081 5486 :
2119 5431 2302 5486 Facile
2336 5443 2509 5487 autent
2535 5434 2674 5487 Deus
2713 5450 2777 5488 ea?
2807 5433 2972 5488 Iosue
3019 5433 3346 5505 verbis,qtsi.i

1764 5527 1808 5580 is
1846 5525 2015 5584 vellet,
2056 5525 2317 5579 intellexit
2354 5527 2745 5594 :pra’slititque
2786 5527 3002 5580 inhibito
3046 5536 3191 5580 motu
3237 5538 3345 5581 ter-

1763 5635 1857 5682 ναι,
1894 5631 1947 5671 ut
1987 5619 2069 5672 illi
2095 5629 2240 5674 stare
2265 5617 2526 5672 videretur
2550 5619 2650 5672 sol.
2686 5618 2967 5673 Petilianis
2993 5621 3128 5672 enim
3162 5617 3346 5672 Josuaz

1764 5726 1973 5765 summa
2025 5709 2122 5764 huc
2151 5709 2376 5777 redibat,
2408 5720 2465 5763 ut
2520 5710 2616 5765 hoc
2670 5712 2746 5766 sic
2797 5710 2902 5764 sibi
2945 5710 3109 5764 videri
3143 5718 3342 5780 posset,
