  <div class='ocr_page' id='page_1' title='image "/cluster/home/n/w/nwhite01/storage/ocr_20150623/18/nnc1.0046978550/549.png"; bbox 0 0 3782 6166; ppageno 0'>
   <div class='ocr_carea' id='block_1_1' title="bbox 337 2693 1236 2750">
    <p class='ocr_par' dir='ltr' id='par_1_1' title="bbox 337 2693 1236 2750">
     <span class='ocr_line' id='line_1_1' title="bbox 337 2693 1236 2750; baseline 0 0"><span class='ocrx_word' id='word_1_1' title='bbox 337 2747 339 2750; x_wconf 13' lang='grc' dir='ltr'>ι</span> <span class='ocrx_word' id='word_1_2' title='bbox 423 2695 660 2748; x_wconf 83' lang='lat' dir='ltr'><strong>Achilles</strong></span> <span class='ocrx_word' id='word_1_3' title='bbox 695 2693 886 2748; x_wconf 84' lang='lat' dir='ltr'><strong>Tatius</strong></span> <span class='ocrx_word' id='word_1_4' title='bbox 914 2695 1068 2747; x_wconf 91' lang='lat' dir='ltr'><strong>initio</strong></span> <span class='ocrx_word' id='word_1_5' title='bbox 1095 2695 1189 2750; x_wconf 86' lang='lat' dir='ltr'><strong>lib.</strong></span> <span class='ocrx_word' id='word_1_6' title='bbox 1222 2712 1236 2749; x_wconf 91' lang='grc' dir='ltr'>ι</span> 
     </span>
    </p>
   </div>
   <div class='ocr_carea' id='block_1_2' title="bbox 433 283 572 338">
    <p class='ocr_par' dir='ltr' id='par_1_2' title="bbox 433 283 572 338">
     <span class='ocr_line' id='line_1_2' title="bbox 433 283 572 338; baseline -0.007 -1"><span class='ocrx_word' id='word_1_7' title='bbox 433 283 572 338; x_wconf 76' lang='grc'>1063</span> 
     </span>
    </p>
   </div>
   <div class='ocr_carea' id='block_1_3' title="bbox 1759 280 2328 336">
    <p class='ocr_par' dir='ltr' id='par_1_3' title="bbox 1759 280 2328 336">
     <span class='ocr_line' id='line_1_3' title="bbox 1759 280 2328 336; baseline -0.002 0"><span class='ocrx_word' id='word_1_8' title='bbox 1759 280 2007 336; x_wconf 71' lang='lat' dir='ltr'><strong>LEONIS</strong></span> <span class='ocrx_word' id='word_1_9' title='bbox 2047 281 2328 336; x_wconf 81' lang='lat' dir='ltr'><strong>ALLATII</strong></span> 
     </span>
    </p>
   </div>
   <div class='ocr_carea' id='block_1_4' title="bbox 3565 273 3701 329">
    <p class='ocr_par' dir='ltr' id='par_1_4' title="bbox 3565 273 3701 329">
     <span class='ocr_line' id='line_1_4' title="bbox 3565 273 3701 329; baseline 0.015 -1"><span class='ocrx_word' id='word_1_10' title='bbox 3565 273 3701 329; x_wconf 68' lang='grc' dir='ltr'><strong>ιοξρι</strong></span> 
     </span>
    </p>
   </div>
   <div class='ocr_carea' id='block_1_5' title="bbox 425 386 3702 471">
    <p class='ocr_par' dir='ltr' id='par_1_5' title="bbox 425 386 3702 471">
     <span class='ocr_line' id='line_1_5' title="bbox 425 386 3702 471; baseline -0.003 -19"><span class='ocrx_word' id='word_1_11' title='bbox 425 398 683 470; x_wconf 74' lang='lat' dir='ltr'><strong>quidquid</strong></span> <span class='ocrx_word' id='word_1_12' title='bbox 713 401 925 452; x_wconf 78' lang='lat' dir='ltr'><strong>interim</strong></span> <span class='ocrx_word' id='word_1_13' title='bbox 959 412 1130 466; x_wconf 80' lang='lat' dir='ltr'><strong>esset;</strong></span> <span class='ocrx_word' id='word_1_14' title='bbox 1158 403 1347 471; x_wconf 77' lang='lat' dir='ltr'><strong>quippe</strong></span> <span class='ocrx_word' id='word_1_15' title='bbox 1378 401 1474 453; x_wconf 84' lang='lat' dir='ltr'><strong>hoc</strong></span> <span class='ocrx_word' id='word_1_16' title='bbox 1513 399 1678 452; x_wconf 80' lang='lat' dir='ltr'><strong>videri</strong></span> <span class='ocrx_word' id='word_1_17' title='bbox 1703 409 1918 462; x_wconf 72' lang='lat' dir='ltr'><strong>uanum,</strong></span> <span class='ocrx_word' id='word_1_18' title='bbox 1962 406 2012 452; x_wconf 90' lang='lat' dir='ltr'><strong>et</strong></span> <span class='ocrx_word' id='word_1_19' title='bbox 2041 413 2090 466; x_wconf 68' lang='grc' dir='ltr'>Α</span> <span class='ocrx_word' id='word_1_20' title='bbox 2116 396 2205 450; x_wconf 84' lang='lat' dir='ltr'><strong>ubi</strong></span> <span class='ocrx_word' id='word_1_21' title='bbox 2275 395 2582 464; x_wconf 72' lang='lat' dir='ltr'><strong>prodigiosa</strong></span> <span class='ocrx_word' id='word_1_22' title='bbox 2643 392 2958 464; x_wconf 79' lang='lat' dir='ltr'><strong>Adargartis</strong></span> <span class='ocrx_word' id='word_1_23' title='bbox 3023 389 3298 463; x_wconf 86' lang='lat' dir='ltr'><strong>[emendat</strong></span> <span class='ocrx_word' id='word_1_24' title='bbox 3354 386 3702 442; x_wconf 82' lang='lat' dir='ltr'><strong>Ramiresins</strong></span> 
     </span>
    </p>
   </div>
   <div class='ocr_carea' id='block_1_6' title="bbox 429 490 2006 562">
    <p class='ocr_par' dir='ltr' id='par_1_6' title="bbox 429 490 2006 562">
     <span class='ocr_line' id='line_1_6' title="bbox 429 490 2006 562; baseline -0.001 -19"><span class='ocrx_word' id='word_1_25' title='bbox 429 493 640 544; x_wconf 86' lang='lat' dir='ltr'><strong>irritum</strong></span> <span class='ocrx_word' id='word_1_26' title='bbox 665 508 767 545; x_wconf 89' lang='lat' dir='ltr'><strong>non</strong></span> <span class='ocrx_word' id='word_1_27' title='bbox 795 491 920 560; x_wconf 78' lang='lat' dir='ltr'><strong>fuit,</strong></span> <span class='ocrx_word' id='word_1_28' title='bbox 961 491 1051 546; x_wconf 88' lang='lat' dir='ltr'><strong>sed</strong></span> <span class='ocrx_word' id='word_1_29' title='bbox 1083 494 1422 562; x_wconf 84' lang='lat' dir='ltr'><strong>conjunctum</strong></span> <span class='ocrx_word' id='word_1_30' title='bbox 1456 507 1574 544; x_wconf 87' lang='lat' dir='ltr'><strong>cum</strong></span> <span class='ocrx_word' id='word_1_31' title='bbox 1595 490 1781 559; x_wconf 73' lang='lat' dir='ltr'><strong>effectu</strong></span> <span class='ocrx_word' id='word_1_32' title='bbox 1807 499 2006 559; x_wconf 86' lang='lat' dir='ltr'><strong>optato.</strong></span> 
     </span>
    </p>
   </div>
   <div class='ocr_carea' id='block_1_7' title="bbox 430 580 2010 652">
    <p class='ocr_par' dir='ltr' id='par_1_7' title="bbox 430 580 2010 652">
     <span class='ocr_line' id='line_1_7' title="bbox 430 580 2010 652; baseline -0.001 -16"><span class='ocrx_word' id='word_1_33' title='bbox 430 583 575 636; x_wconf 88' lang='lat' dir='ltr'><strong>Dura</strong></span> <span class='ocrx_word' id='word_1_34' title='bbox 609 597 742 638; x_wconf 87' lang='lat' dir='ltr'><strong>sane</strong></span> <span class='ocrx_word' id='word_1_35' title='bbox 790 584 1100 638; x_wconf 89' lang='lat' dir='ltr'><strong>divinarum</strong></span> <span class='ocrx_word' id='word_1_36' title='bbox 1129 586 1436 638; x_wconf 90' lang='lat' dir='ltr'><strong>litterarum</strong></span> <span class='ocrx_word' id='word_1_37' title='bbox 1485 583 1778 652; x_wconf 70' lang='lat' dir='ltr'><strong>expositio,</strong></span> <span class='ocrx_word' id='word_1_38' title='bbox 1814 589 1870 634; x_wconf 89' lang='lat' dir='ltr'><strong>et</strong></span> <span class='ocrx_word' id='word_1_39' title='bbox 1895 580 2010 635; x_wconf 81' lang='lat' dir='ltr'><strong>dis-</strong></span> 
     </span>
    </p>
   </div>
   <div class='ocr_carea' id='block_1_8' title="bbox 430 675 2009 746">
    <p class='ocr_par' dir='ltr' id='par_1_8' title="bbox 430 675 2009 746">
     <span class='ocr_line' id='line_1_8' title="bbox 430 675 2009 746; baseline 0 -18"><span class='ocrx_word' id='word_1_40' title='bbox 430 683 605 743; x_wconf 88' lang='lat' dir='ltr'><strong>torta;</strong></span> <span class='ocrx_word' id='word_1_41' title='bbox 659 677 912 746; x_wconf 84' lang='lat' dir='ltr'><strong>quamvis</strong></span> <span class='ocrx_word' id='word_1_42' title='bbox 967 679 1115 731; x_wconf 88' lang='lat' dir='ltr'><strong>enim</strong></span> <span class='ocrx_word' id='word_1_43' title='bbox 1181 677 1465 738; x_wconf 87' lang='lat' dir='ltr'><strong>sciamus,</strong></span> <span class='ocrx_word' id='word_1_44' title='bbox 1526 675 1830 745; x_wconf 60' lang='lat' dir='ltr'><strong>sapissime</strong></span> <span class='ocrx_word' id='word_1_45' title='bbox 1893 688 2009 736; x_wconf 87' lang='lat' dir='ltr'><strong>eas,</strong></span> 
     </span>
    </p>
   </div>
   <div class='ocr_carea' id='block_1_9' title="bbox 432 765 2013 838">
    <p class='ocr_par' dir='ltr' id='par_1_9' title="bbox 432 765 2013 838">
     <span class='ocr_line' id='line_1_9' title="bbox 432 765 2013 838; baseline -0.001 -19"><span class='ocrx_word' id='word_1_46' title='bbox 432 781 585 821; x_wconf 89' lang='lat' dir='ltr'><strong>more</strong></span> <span class='ocrx_word' id='word_1_47' title='bbox 615 768 894 822; x_wconf 80' lang='lat' dir='ltr'><strong>hominum</strong></span> <span class='ocrx_word' id='word_1_48' title='bbox 927 769 1095 821; x_wconf 93' lang='lat' dir='ltr'><strong>multa</strong></span> <span class='ocrx_word' id='word_1_49' title='bbox 1128 767 1398 838; x_wconf 78' lang='lat' dir='ltr'><strong>proferre,</strong></span> <span class='ocrx_word' id='word_1_50' title='bbox 1425 783 1550 838; x_wconf 66' lang='lat' dir='ltr'><strong>qua:</strong></span> <span class='ocrx_word' id='word_1_51' title='bbox 1595 765 1752 819; x_wconf 78' lang='lat' dir='ltr'><strong>aliter</strong></span> <span class='ocrx_word' id='word_1_52' title='bbox 1783 780 1908 819; x_wconf 90' lang='lat' dir='ltr'><strong>esse</strong></span> <span class='ocrx_word' id='word_1_53' title='bbox 1953 778 2013 818; x_wconf 88' lang='lat' dir='ltr'><strong>re</strong></span> 
     </span>
    </p>
   </div>
   <div class='ocr_carea' id='block_1_10' title="bbox 433 856 2010 929">
    <p class='ocr_par' dir='ltr' id='par_1_10' title="bbox 433 856 2010 929">
     <span class='ocr_line' id='line_1_10' title="bbox 433 856 2010 929; baseline -0.003 -16"><span class='ocrx_word' id='word_1_54' title='bbox 433 867 583 913; x_wconf 90' lang='lat' dir='ltr'><strong>certa</strong></span> <span class='ocrx_word' id='word_1_55' title='bbox 633 861 1018 929; x_wconf 91' lang='lat' dir='ltr'><strong>comperimus,</strong></span> <span class='ocrx_word' id='word_1_56' title='bbox 1072 868 1254 914; x_wconf 87' lang='lat' dir='ltr'><strong>tamen</strong></span> <span class='ocrx_word' id='word_1_57' title='bbox 1289 859 1561 914; x_wconf 86' lang='lat' dir='ltr'><strong>sententia</strong></span> <span class='ocrx_word' id='word_1_58' title='bbox 1603 871 1818 926; x_wconf 81' lang='lat' dir='ltr'><strong>semper</strong></span> <span class='ocrx_word' id='word_1_59' title='bbox 1857 856 2010 910; x_wconf 90' lang='lat' dir='ltr'><strong>ﬁrma</strong></span> 
     </span>
    </p>
   </div>
   <div class='ocr_carea' id='block_1_11' title="bbox 434 951 2011 1025">
    <p class='ocr_par' dir='ltr' id='par_1_11' title="bbox 434 951 2011 1025">
     <span class='ocr_line' id='line_1_11' title="bbox 434 951 2011 1025; baseline -0.004 -16"><span class='ocrx_word' id='word_1_60' title='bbox 434 954 729 1025; x_wconf 84' lang='lat' dir='ltr'><strong>ﬁgurarum</strong></span> <span class='ocrx_word' id='word_1_61' title='bbox 771 971 834 1008; x_wconf 91' lang='lat' dir='ltr'><strong>ac</strong></span> <span class='ocrx_word' id='word_1_62' title='bbox 866 954 1206 1009; x_wconf 80' lang='lat' dir='ltr'><strong>schematum</strong></span> <span class='ocrx_word' id='word_1_63' title='bbox 1232 953 1422 1009; x_wconf 90' lang='lat' dir='ltr'><strong>modos</strong></span> <span class='ocrx_word' id='word_1_64' title='bbox 1448 952 1797 1023; x_wconf 77' lang='lat' dir='ltr'><strong>exponimus,</strong></span> <span class='ocrx_word' id='word_1_65' title='bbox 1823 951 2011 1019; x_wconf 83' lang='lat' dir='ltr'><strong>sicque</strong></span> 
     </span>
    </p>
   </div>
   <div class='ocr_carea' id='block_1_12' title="bbox 433 1041 2012 1114">
    <p class='ocr_par' dir='ltr' id='par_1_12' title="bbox 433 1041 2012 1114">
     <span class='ocr_line' id='line_1_12' title="bbox 433 1041 2012 1114; baseline -0.006 -13"><span class='ocrx_word' id='word_1_66' title='bbox 433 1047 598 1101; x_wconf 82' lang='lat' dir='ltr'><strong>rebus</strong></span> <span class='ocrx_word' id='word_1_67' title='bbox 625 1062 746 1101; x_wconf 83' lang='lat' dir='ltr'><strong>esse</strong></span> <span class='ocrx_word' id='word_1_68' title='bbox 779 1044 1175 1101; x_wconf 85' lang='lat' dir='ltr'><strong>conlormatam</strong></span> <span class='ocrx_word' id='word_1_69' title='bbox 1198 1043 1682 1114; x_wconf 85' lang='lat' dir='ltr'><strong>deprehendimus,</strong></span> <span class='ocrx_word' id='word_1_70' title='bbox 1711 1051 1766 1094; x_wconf 90' lang='lat' dir='ltr'><strong>at</strong></span> <span class='ocrx_word' id='word_1_71' title='bbox 1790 1041 1844 1095; x_wconf 93' lang='lat' dir='ltr'><strong>in</strong></span> <span class='ocrx_word' id='word_1_72' title='bbox 1877 1056 2012 1094; x_wconf 87' lang='lat' dir='ltr'><strong>con-</strong></span> 
     </span>
    </p>
   </div>
   <div class='ocr_carea' id='block_1_13' title="bbox 433 1131 2008 1207">
    <p class='ocr_par' dir='ltr' id='par_1_13' title="bbox 433 1131 2008 1207">
     <span class='ocr_line' id='line_1_13' title="bbox 433 1131 2008 1207; baseline -0.003 -15"><span class='ocrx_word' id='word_1_73' title='bbox 433 1140 660 1192; x_wconf 88' lang='lat' dir='ltr'><strong>trarium</strong></span> <span class='ocrx_word' id='word_1_74' title='bbox 689 1155 910 1193; x_wconf 83' lang='lat' dir='ltr'><strong>sensum</strong></span> <span class='ocrx_word' id='word_1_75' title='bbox 943 1138 1268 1207; x_wconf 91' lang='lat' dir='ltr'><strong>detorquere</strong></span> <span class='ocrx_word' id='word_1_76' title='bbox 1291 1138 1414 1207; x_wconf 85' lang='lat' dir='ltr'><strong>quis</strong></span> <span class='ocrx_word' id='word_1_77' title='bbox 1441 1152 1587 1190; x_wconf 68' lang='lat' dir='ltr'><strong>sanae</strong></span> <span class='ocrx_word' id='word_1_78' title='bbox 1613 1135 1812 1190; x_wconf 89' lang='lat' dir='ltr'><strong>mentis</strong></span> <span class='ocrx_word' id='word_1_79' title='bbox 1839 1131 2008 1188; x_wconf 87' lang='lat' dir='ltr'><strong>aude-</strong></span> 
     </span>
    </p>
   </div>
   <div class='ocr_carea' id='block_1_14' title="bbox 428 1223 2011 1298">
    <p class='ocr_par' dir='ltr' id='par_1_14' title="bbox 428 1223 2011 1298">
     <span class='ocr_line' id='line_1_14' title="bbox 428 1223 2011 1298; baseline -0.004 -14"><span class='ocrx_word' id='word_1_80' title='bbox 428 1230 544 1284; x_wconf 90' lang='lat' dir='ltr'><strong>bit?</strong></span> <span class='ocrx_word' id='word_1_81' title='bbox 577 1230 666 1283; x_wconf 92' lang='lat' dir='ltr'><strong>Sol</strong></span> <span class='ocrx_word' id='word_1_82' title='bbox 698 1238 826 1293; x_wconf 92' lang='lat' dir='ltr'><strong>stat,</strong></span> <span class='ocrx_word' id='word_1_83' title='bbox 866 1230 916 1284; x_wconf 92' lang='lat' dir='ltr'><strong>id</strong></span> <span class='ocrx_word' id='word_1_84' title='bbox 946 1236 1050 1292; x_wconf 92' lang='lat' dir='ltr'><strong>est,</strong></span> <span class='ocrx_word' id='word_1_85' title='bbox 1076 1239 1222 1282; x_wconf 88' lang='lat' dir='ltr'><strong>terra</strong></span> <span class='ocrx_word' id='word_1_86' title='bbox 1251 1235 1379 1292; x_wconf 90' lang='lat' dir='ltr'><strong>stat,</strong></span> <span class='ocrx_word' id='word_1_87' title='bbox 1416 1229 1540 1298; x_wconf 90' lang='lat' dir='ltr'><strong>quis</strong></span> <span class='ocrx_word' id='word_1_88' title='bbox 1583 1227 1637 1280; x_wconf 89' lang='lat' dir='ltr'><strong>id</strong></span> <span class='ocrx_word' id='word_1_89' title='bbox 1661 1225 1880 1281; x_wconf 83' lang='lat' dir='ltr'><strong>credet?</strong></span> <span class='ocrx_word' id='word_1_90' title='bbox 1910 1223 2011 1278; x_wconf 90' lang='lat' dir='ltr'><strong>Sa-</strong></span> 
     </span>
    </p>
   </div>
   <div class='ocr_carea' id='block_1_15' title="bbox 425 1320 2008 1391">
    <p class='ocr_par' dir='ltr' id='par_1_15' title="bbox 425 1320 2008 1391">
     <span class='ocr_line' id='line_1_15' title="bbox 425 1320 2008 1391; baseline -0.005 -13"><span class='ocrx_word' id='word_1_91' title='bbox 425 1323 656 1378; x_wconf 82' lang='lat' dir='ltr'><strong>nissima</strong></span> <span class='ocrx_word' id='word_1_92' title='bbox 682 1338 898 1391; x_wconf 85' lang='lat' dir='ltr'><strong>semper</strong></span> <span class='ocrx_word' id='word_1_93' title='bbox 927 1330 1242 1376; x_wconf 88' lang='lat' dir='ltr'><strong>sanctorum</strong></span> <span class='ocrx_word' id='word_1_94' title='bbox 1283 1320 1505 1372; x_wconf 82' lang='lat' dir='ltr'><strong>Patrum</strong></span> <span class='ocrx_word' id='word_1_95' title='bbox 1537 1320 2008 1388; x_wconf 79' lang='lat' dir='ltr'><strong>expositio,quam</strong></span> 
     </span>
    </p>
   </div>
   <div class='ocr_carea' id='block_1_16' title="bbox 428 1408 2010 1479">
    <p class='ocr_par' dir='ltr' id='par_1_16' title="bbox 428 1408 2010 1479">
     <span class='ocr_line' id='line_1_16' title="bbox 428 1408 2010 1479; baseline -0.005 -9"><span class='ocrx_word' id='word_1_96' title='bbox 428 1417 572 1470; x_wconf 79' lang='lat' dir='ltr'><strong>sicut</strong></span> <span class='ocrx_word' id='word_1_97' title='bbox 616 1422 669 1466; x_wconf 88' lang='lat' dir='ltr'><strong>et</strong></span> <span class='ocrx_word' id='word_1_98' title='bbox 721 1414 776 1466; x_wconf 92' lang='lat' dir='ltr'><strong>in</strong></span> <span class='ocrx_word' id='word_1_99' title='bbox 829 1414 953 1479; x_wconf 91' lang='lat' dir='ltr'><strong>hoc,</strong></span> <span class='ocrx_word' id='word_1_100' title='bbox 982 1413 1054 1466; x_wconf 88' lang='lat' dir='ltr'><strong>ita</strong></span> <span class='ocrx_word' id='word_1_101' title='bbox 1077 1418 1132 1466; x_wconf 90' lang='lat' dir='ltr'><strong>et</strong></span> <span class='ocrx_word' id='word_1_102' title='bbox 1168 1410 1222 1462; x_wconf 91' lang='lat' dir='ltr'><strong>in</strong></span> <span class='ocrx_word' id='word_1_103' title='bbox 1255 1410 1379 1464; x_wconf 90' lang='lat' dir='ltr'><strong>aliis</strong></span> <span class='ocrx_word' id='word_1_104' title='bbox 1413 1422 1628 1465; x_wconf 87' lang='lat' dir='ltr'><strong>summa</strong></span> <span class='ocrx_word' id='word_1_105' title='bbox 1661 1408 2010 1464; x_wconf 82' lang='lat' dir='ltr'><strong>veneratione</strong></span> 
     </span>
    </p>
   </div>
   <div class='ocr_carea' id='block_1_17' title="bbox 427 1506 832 1573">
    <p class='ocr_par' dir='ltr' id='par_1_17' title="bbox 427 1506 832 1573">
     <span class='ocr_line' id='line_1_17' title="bbox 427 1506 832 1573; baseline 0.002 -16"><span class='ocrx_word' id='word_1_106' title='bbox 427 1506 832 1573; x_wconf 81' lang='lat' dir='ltr'><strong>amplectimur.</strong></span> 
     </span>
    </p>
   </div>
   <div class='ocr_carea' id='block_1_18' title="bbox 497 1592 2008 1663">
    <p class='ocr_par' dir='ltr' id='par_1_18' title="bbox 497 1592 2008 1663">
     <span class='ocr_line' id='line_1_18' title="bbox 497 1592 2008 1663; baseline -0.002 -13"><span class='ocrx_word' id='word_1_107' title='bbox 497 1596 614 1650; x_wconf 90' lang='lat' dir='ltr'><strong>Col.</strong></span> <span class='ocrx_word' id='word_1_108' title='bbox 643 1597 765 1658; x_wconf 72' lang='grc'><strong>794,</strong></span> <span class='ocrx_word' id='word_1_109' title='bbox 805 1597 901 1649; x_wconf 94' lang='lat' dir='ltr'><strong>lin.</strong></span> <span class='ocrx_word' id='word_1_110' title='bbox 933 1596 984 1650; x_wconf 88' lang='lat'><strong>7.</strong></span> <span class='ocrx_word' id='word_1_111' title='bbox 1027 1594 1216 1663; x_wconf 85' lang='grc' dir='ltr'><strong>Ἀσὼρ</strong></span> <span class='ocrx_word' id='word_1_112' title='bbox 1246 1593 1314 1648; x_wconf 80' lang='grc' dir='ltr'><strong>δὲ</strong></span> <span class='ocrx_word' id='word_1_113' title='bbox 1349 1597 1381 1647; x_wconf 86' lang='grc' dir='ltr'><em>ό</em></span> <span class='ocrx_word' id='word_1_114' title='bbox 1405 1593 1510 1658; x_wconf 80' lang='grc' dir='ltr'><strong>βα.</strong></span> <span class='ocrx_word' id='word_1_115' title='bbox 1534 1592 1608 1647; x_wconf 87' lang='lat' dir='ltr'><strong>De</strong></span> <span class='ocrx_word' id='word_1_116' title='bbox 1635 1592 1720 1648; x_wconf 90' lang='lat' dir='ltr'><strong>his</strong></span> <span class='ocrx_word' id='word_1_117' title='bbox 1750 1592 2008 1647; x_wconf 91' lang='lat' dir='ltr'><strong>omnibus</strong></span> 
     </span>
    </p>
   </div>
   <div class='ocr_carea' id='block_1_19' title="bbox 425 1681 2010 1754">
    <p class='ocr_par' dir='ltr' id='par_1_19' title="bbox 425 1681 2010 1754">
     <span class='ocr_line' id='line_1_19' title="bbox 425 1681 2010 1754; baseline -0.001 -17"><span class='ocrx_word' id='word_1_118' title='bbox 425 1685 548 1739; x_wconf 84' lang='lat' dir='ltr'><strong>vide</strong></span> <span class='ocrx_word' id='word_1_119' title='bbox 571 1684 867 1754; x_wconf 84' lang='lat' dir='ltr'><strong>Josephum</strong></span> <span class='ocrx_word' id='word_1_120' title='bbox 913 1686 1060 1738; x_wconf 89' lang='lat' dir='ltr'><strong>dicto</strong></span> <span class='ocrx_word' id='word_1_121' title='bbox 1095 1685 1216 1738; x_wconf 76' lang='lat' dir='ltr'><strong>loco</strong></span> <span class='ocrx_word' id='word_1_122' title='bbox 1243 1701 1256 1750; x_wconf 94' lang='lat'>;</span> <span class='ocrx_word' id='word_1_123' title='bbox 1287 1684 1354 1738; x_wconf 91' lang='lat' dir='ltr'><strong>de</strong></span> <span class='ocrx_word' id='word_1_124' title='bbox 1385 1683 1656 1738; x_wconf 86' lang='lat' dir='ltr'><strong>divisione</strong></span> <span class='ocrx_word' id='word_1_125' title='bbox 1682 1692 1840 1737; x_wconf 74' lang='lat' dir='ltr'><strong>terra:</strong></span> <span class='ocrx_word' id='word_1_126' title='bbox 1865 1681 2010 1736; x_wconf 82' lang='lat' dir='ltr'><strong>Cha-</strong></span> 
     </span>
    </p>
   </div>
   <div class='ocr_carea' id='block_1_20' title="bbox 2117 474 3701 555">
    <p class='ocr_par' dir='ltr' id='par_1_20' title="bbox 2117 474 3701 555">
     <span class='ocr_line' id='line_1_20' title="bbox 2117 474 3701 555; baseline -0.005 -17"><span class='ocrx_word' id='word_1_127' title='bbox 2117 481 2429 555; x_wconf 82' lang='lat' dir='ltr'><strong>Adargatis]</strong></span> <span class='ocrx_word' id='word_1_128' title='bbox 2464 482 2666 535; x_wconf 55' lang='lat' dir='ltr'><strong>Grecis</strong></span> <span class='ocrx_word' id='word_1_129' title='bbox 2706 492 2882 534; x_wconf 89' lang='lat' dir='ltr'><strong>autem</strong></span> <span class='ocrx_word' id='word_1_130' title='bbox 2913 479 3138 534; x_wconf 85' lang='lat' dir='ltr'><strong>Derceto</strong></span> <span class='ocrx_word' id='word_1_131' title='bbox 3165 479 3312 530; x_wconf 88' lang='lat' dir='ltr'><strong>dicta</strong></span> <span class='ocrx_word' id='word_1_132' title='bbox 3339 478 3564 530; x_wconf 79' lang='lat' dir='ltr'><strong>colitur.</strong></span> <span class='ocrx_word' id='word_1_133' title='bbox 3604 474 3701 530; x_wconf 86' lang='lat' dir='ltr'><strong>Sa-</strong></span> 
     </span>
    </p>
   </div>
   <div class='ocr_carea' id='block_1_21' title="bbox 2115 563 3698 642">
    <p class='ocr_par' dir='ltr' id='par_1_21' title="bbox 2115 563 3698 642">
     <span class='ocr_line' id='line_1_21' title="bbox 2115 563 3698 642; baseline -0.008 -16"><span class='ocrx_word' id='word_1_134' title='bbox 2115 580 2340 642; x_wconf 79' lang='lat' dir='ltr'><strong>tiatque,</strong></span> <span class='ocrx_word' id='word_1_135' title='bbox 2368 579 2429 625; x_wconf 93' lang='lat' dir='ltr'><strong>ut</strong></span> <span class='ocrx_word' id='word_1_136' title='bbox 2487 572 2605 640; x_wconf 89' lang='lat' dir='ltr'><strong>ipse</strong></span> <span class='ocrx_word' id='word_1_137' title='bbox 2661 563 2959 631; x_wconf 77' lang='lat' dir='ltr'><strong>existimat,</strong></span> <span class='ocrx_word' id='word_1_138' title='bbox 2990 567 3171 620; x_wconf 89' lang='lat' dir='ltr'><strong>locum</strong></span> <span class='ocrx_word' id='word_1_139' title='bbox 3199 563 3345 619; x_wconf 87' lang='lat' dir='ltr'><strong>Petri</strong></span> <span class='ocrx_word' id='word_1_140' title='bbox 3376 564 3580 617; x_wconf 84' lang='lat' dir='ltr'><strong>Criniti</strong></span> <span class='ocrx_word' id='word_1_141' title='bbox 3613 563 3698 615; x_wconf 82' lang='lat' dir='ltr'><strong>lib.</strong></span> 
     </span>
    </p>
   </div>
   <div class='ocr_carea' id='block_1_22' title="bbox 2115 651 3701 724">
    <p class='ocr_par' dir='ltr' id='par_1_22' title="bbox 2115 651 3701 724">
     <span class='ocr_line' id='line_1_22' title="bbox 2115 651 3701 724; baseline -0.009 -9"><span class='ocrx_word' id='word_1_142' title='bbox 2115 677 2205 716; x_wconf 76' lang='lat' dir='ltr'><strong>xrv</strong></span> <span class='ocrx_word' id='word_1_143' title='bbox 2269 659 2347 714; x_wconf 88' lang='lat' dir='ltr'><strong>De</strong></span> <span class='ocrx_word' id='word_1_144' title='bbox 2419 658 2640 712; x_wconf 82' lang='lat' dir='ltr'><strong>honesta</strong></span> <span class='ocrx_word' id='word_1_145' title='bbox 2687 657 2899 724; x_wconf 86' lang='lat' dir='ltr'><strong>discip.,</strong></span> <span class='ocrx_word' id='word_1_146' title='bbox 2950 670 3069 724; x_wconf 85' lang='lat' dir='ltr'><strong>cap.</strong></span> <span class='ocrx_word' id='word_1_147' title='bbox 3115 654 3184 717; x_wconf 90' lang='lat'><strong>8,</strong></span> <span class='ocrx_word' id='word_1_148' title='bbox 3261 651 3554 722; x_wconf 68' lang='lat' dir='ltr'><strong>Syriarum</strong></span> <span class='ocrx_word' id='word_1_149' title='bbox 3611 651 3701 702; x_wconf 73' lang='lat' dir='ltr'><strong>dea</strong></span> 
     </span>
    </p>
   </div>
   <div class='ocr_carea' id='block_1_23' title="bbox 2113 742 3700 825">
    <p class='ocr_par' dir='ltr' id='par_1_23' title="bbox 2113 742 3700 825">
     <span class='ocr_line' id='line_1_23' title="bbox 2113 742 3700 825; baseline -0.008 -18"><span class='ocrx_word' id='word_1_150' title='bbox 2113 753 2424 825; x_wconf 79' lang='lat' dir='ltr'><strong>Adagartis,</strong></span> <span class='ocrx_word' id='word_1_151' title='bbox 2475 748 2739 804; x_wconf 89' lang='lat' dir='ltr'><strong>mutando</strong></span> <span class='ocrx_word' id='word_1_152' title='bbox 2783 749 2840 803; x_wconf 92' lang='lat' dir='ltr'><strong>in</strong></span> <span class='ocrx_word' id='word_1_153' title='bbox 2889 745 3196 817; x_wconf 85' lang='lat' dir='ltr'><strong>Adargatis.</strong></span> <span class='ocrx_word' id='word_1_154' title='bbox 3245 744 3379 810; x_wconf 63' lang='lat' dir='ltr'><strong>Quae.</strong></span> <span class='ocrx_word' id='word_1_155' title='bbox 3427 742 3700 796; x_wconf 74' lang='lat' dir='ltr'><strong>correctio</strong></span> 
     </span>
    </p>
   </div>
   <div class='ocr_carea' id='block_1_24' title="bbox 2113 835 3696 917">
    <p class='ocr_par' dir='ltr' id='par_1_24' title="bbox 2113 835 3696 917">
     <span class='ocr_line' id='line_1_24' title="bbox 2113 835 3696 917; baseline -0.008 -16"><span class='ocrx_word' id='word_1_156' title='bbox 2113 846 2366 917; x_wconf 86' lang='lat' dir='ltr'><strong>quamvis</strong></span> <span class='ocrx_word' id='word_1_157' title='bbox 2420 853 2604 907; x_wconf 88' lang='lat' dir='ltr'><strong>acuta,</strong></span> <span class='ocrx_word' id='word_1_158' title='bbox 2651 841 2815 897; x_wconf 91' lang='lat' dir='ltr'><strong>nimis</strong></span> <span class='ocrx_word' id='word_1_159' title='bbox 2860 857 2994 897; x_wconf 86' lang='lat' dir='ltr'><strong>sane</strong></span> <span class='ocrx_word' id='word_1_160' title='bbox 3038 840 3426 910; x_wconf 89' lang='lat' dir='ltr'><strong>superstitiosa</strong></span> <span class='ocrx_word' id='word_1_161' title='bbox 3459 835 3696 889; x_wconf 84' lang='lat' dir='ltr'><strong>videtur.</strong></span> 
     </span>
    </p>
   </div>
   <div class='ocr_carea' id='block_1_25' title="bbox 2115 930 3695 1004">
    <p class='ocr_par' dir='ltr' id='par_1_25' title="bbox 2115 930 3695 1004">
     <span class='ocr_line' id='line_1_25' title="bbox 2115 930 3695 1004; baseline -0.007 -12"><span class='ocrx_word' id='word_1_162' title='bbox 2115 937 2207 992; x_wconf 85' lang='lat' dir='ltr'><strong>Sic</strong></span> <span class='ocrx_word' id='word_1_163' title='bbox 2253 938 2399 992; x_wconf 90' lang='lat' dir='ltr'><strong>enim</strong></span> <span class='ocrx_word' id='word_1_164' title='bbox 2429 945 2610 990; x_wconf 81' lang='lat' dir='ltr'><strong>textus</strong></span> <span class='ocrx_word' id='word_1_165' title='bbox 2645 950 2836 989; x_wconf 90' lang='lat' dir='ltr'><strong>omnes</strong></span> <span class='ocrx_word' id='word_1_166' title='bbox 2881 934 3229 1004; x_wconf 90' lang='lat' dir='ltr'><strong>antiquorum</strong></span> <span class='ocrx_word' id='word_1_167' title='bbox 3281 939 3477 984; x_wconf 88' lang='lat' dir='ltr'><strong>essent</strong></span> <span class='ocrx_word' id='word_1_168' title='bbox 3527 930 3695 982; x_wconf 85' lang='lat' dir='ltr'><strong>inver-</strong></span> 
     </span>
    </p>
   </div>
   <div class='ocr_carea' id='block_1_26' title="bbox 2113 1025 3700 1094">
    <p class='ocr_par' dir='ltr' id='par_1_26' title="bbox 2113 1025 3700 1094">
     <span class='ocr_line' id='line_1_26' title="bbox 2113 1025 3700 1094; baseline -0.007 -10"><span class='ocrx_word' id='word_1_169' title='bbox 2113 1031 2286 1094; x_wconf 91' lang='lat' dir='ltr'><strong>tendi,</strong></span> <span class='ocrx_word' id='word_1_170' title='bbox 2327 1037 2387 1084; x_wconf 94' lang='lat' dir='ltr'><strong>ut</strong></span> <span class='ocrx_word' id='word_1_171' title='bbox 2443 1045 2613 1084; x_wconf 90' lang='lat' dir='ltr'><strong>unum</strong></span> <span class='ocrx_word' id='word_1_172' title='bbox 2670 1028 2756 1082; x_wconf 91' lang='lat' dir='ltr'><strong>vel</strong></span> <span class='ocrx_word' id='word_1_173' title='bbox 2797 1028 3028 1081; x_wconf 90' lang='lat' dir='ltr'><strong>alterum</strong></span> <span class='ocrx_word' id='word_1_174' title='bbox 3077 1025 3534 1089; x_wconf 85' lang='lat' dir='ltr'><strong>emendaremus,</strong></span> <span class='ocrx_word' id='word_1_175' title='bbox 3585 1036 3700 1074; x_wconf 85' lang='lat' dir='ltr'><strong>cum</strong></span> 
     </span>
    </p>
   </div>
   <div class='ocr_carea' id='block_1_27' title="bbox 2113 1111 3699 1186">
    <p class='ocr_par' dir='ltr' id='par_1_27' title="bbox 2113 1111 3699 1186">
     <span class='ocr_line' id='line_1_27' title="bbox 2113 1111 3699 1186; baseline -0.006 -14"><span class='ocrx_word' id='word_1_176' title='bbox 2113 1127 2297 1174; x_wconf 92' lang='lat' dir='ltr'><strong>tamen</strong></span> <span class='ocrx_word' id='word_1_177' title='bbox 2331 1119 2481 1173; x_wconf 89' lang='lat' dir='ltr'><strong>nulla</strong></span> <span class='ocrx_word' id='word_1_178' title='bbox 2510 1118 2818 1173; x_wconf 88' lang='lat' dir='ltr'><strong>necessitas</strong></span> <span class='ocrx_word' id='word_1_179' title='bbox 2875 1125 3086 1186; x_wconf 84' lang='lat' dir='ltr'><strong>urgeat.</strong></span> <span class='ocrx_word' id='word_1_180' title='bbox 3139 1113 3340 1169; x_wconf 87' lang='lat' dir='ltr'><strong>Demus</strong></span> <span class='ocrx_word' id='word_1_181' title='bbox 3370 1113 3530 1167; x_wconf 82' lang='lat' dir='ltr'><strong>enim</strong></span> <span class='ocrx_word' id='word_1_182' title='bbox 3572 1111 3699 1180; x_wconf 87' lang='lat' dir='ltr'><strong>apud</strong></span> 
     </span>
    </p>
   </div>
   <div class='ocr_carea' id='block_1_28' title="bbox 2115 1205 3698 1283">
    <p class='ocr_par' dir='ltr' id='par_1_28' title="bbox 2115 1205 3698 1283">
     <span class='ocr_line' id='line_1_28' title="bbox 2115 1205 3698 1283; baseline -0.005 -19"><span class='ocrx_word' id='word_1_183' title='bbox 2115 1209 2303 1283; x_wconf 85' lang='lat' dir='ltr'><strong>Syrios</strong></span> <span class='ocrx_word' id='word_1_184' title='bbox 2333 1211 2622 1279; x_wconf 88' lang='lat' dir='ltr'><strong>Adardaga</strong></span> <span class='ocrx_word' id='word_1_185' title='bbox 2654 1209 2762 1263; x_wconf 87' lang='lat' dir='ltr'><strong>dici</strong></span> <span class='ocrx_word' id='word_1_186' title='bbox 2789 1209 3013 1278; x_wconf 85' lang='lat' dir='ltr'><strong>piscem,</strong></span> <span class='ocrx_word' id='word_1_187' title='bbox 3047 1206 3240 1261; x_wconf 83' lang='lat' dir='ltr'><strong>ideone</strong></span> <span class='ocrx_word' id='word_1_188' title='bbox 3265 1213 3318 1260; x_wconf 90' lang='lat' dir='ltr'><strong>ct</strong></span> <span class='ocrx_word' id='word_1_189' title='bbox 3359 1206 3513 1258; x_wconf 89' lang='lat' dir='ltr'><strong>hanc</strong></span> <span class='ocrx_word' id='word_1_190' title='bbox 3552 1205 3698 1258; x_wconf 77' lang='lat' dir='ltr'><strong>dcam</strong></span> 
     </span>
    </p>
   </div>
   <div class='ocr_carea' id='block_1_29' title="bbox 2112 1295 3700 1372">
    <p class='ocr_par' dir='ltr' id='par_1_29' title="bbox 2112 1295 3700 1372">
     <span class='ocr_line' id='line_1_29' title="bbox 2112 1295 3700 1372; baseline -0.007 -16"><span class='ocrx_word' id='word_1_191' title='bbox 2112 1303 2188 1356; x_wconf 88' lang='lat' dir='ltr'><strong>ita</strong></span> <span class='ocrx_word' id='word_1_192' title='bbox 2234 1312 2605 1372; x_wconf 90' lang='lat' dir='ltr'><strong>nuncupatam</strong></span> <span class='ocrx_word' id='word_1_193' title='bbox 2657 1299 3076 1363; x_wconf 82' lang='lat' dir='ltr'><strong>alﬁrmabimus,</strong></span> <span class='ocrx_word' id='word_1_194' title='bbox 3112 1297 3260 1350; x_wconf 90' lang='lat' dir='ltr'><strong>nulla</strong></span> <span class='ocrx_word' id='word_1_195' title='bbox 3301 1296 3516 1358; x_wconf 84' lang='lat' dir='ltr'><strong>littera,</strong></span> <span class='ocrx_word' id='word_1_196' title='bbox 3563 1295 3700 1347; x_wconf 85' lang='lat' dir='ltr'><strong>nulla</strong></span> 
     </span>
    </p>
   </div>
   <div class='ocr_carea' id='block_1_30' title="bbox 2113 1387 3702 1466">
    <p class='ocr_par' dir='ltr' id='par_1_30' title="bbox 2113 1387 3702 1466">
     <span class='ocr_line' id='line_1_30' title="bbox 2113 1387 3702 1466; baseline -0.006 -17"><span class='ocrx_word' id='word_1_197' title='bbox 2113 1395 2318 1466; x_wconf 81' lang='lat' dir='ltr'><strong>syllaba</strong></span> <span class='ocrx_word' id='word_1_198' title='bbox 2375 1393 2703 1448; x_wconf 81' lang='lat' dir='ltr'><strong>immutata?</strong></span> <span class='ocrx_word' id='word_1_199' title='bbox 2753 1391 2858 1446; x_wconf 85' lang='lat' dir='ltr'><strong>Sed</strong></span> <span class='ocrx_word' id='word_1_200' title='bbox 2903 1398 3023 1445; x_wconf 91' lang='lat' dir='ltr'><strong>esto</strong></span> <span class='ocrx_word' id='word_1_201' title='bbox 3065 1390 3174 1454; x_wconf 87' lang='lat' dir='ltr'><strong>ita;</strong></span> <span class='ocrx_word' id='word_1_202' title='bbox 3216 1387 3411 1444; x_wconf 47' lang='lat' dir='ltr'><strong>ideone</strong></span> <span class='ocrx_word' id='word_1_203' title='bbox 3460 1396 3523 1441; x_wconf 90' lang='lat' dir='ltr'><strong>et</strong></span> <span class='ocrx_word' id='word_1_204' title='bbox 3570 1387 3702 1457; x_wconf 85' lang='lat' dir='ltr'><strong>apud</strong></span> 
     </span>
    </p>
   </div>
   <div class='ocr_carea' id='block_1_31' title="bbox 2111 1479 3702 1550">
    <p class='ocr_par' dir='ltr' id='par_1_31' title="bbox 2111 1479 3702 1550">
     <span class='ocr_line' id='line_1_31' title="bbox 2111 1479 3702 1550; baseline -0.004 -13"><span class='ocrx_word' id='word_1_205' title='bbox 2111 1482 2350 1548; x_wconf 65' lang='lat' dir='ltr'><strong>Graecos,</strong></span> <span class='ocrx_word' id='word_1_206' title='bbox 2388 1484 2504 1538; x_wconf 87' lang='lat' dir='ltr'><strong>sive</strong></span> <span class='ocrx_word' id='word_1_207' title='bbox 2535 1485 2700 1538; x_wconf 82' lang='lat' dir='ltr'><strong>etiam</strong></span> <span class='ocrx_word' id='word_1_208' title='bbox 2732 1480 3011 1536; x_wconf 81' lang='lat' dir='ltr'><strong>Romanos</strong></span> <span class='ocrx_word' id='word_1_209' title='bbox 3041 1482 3192 1550; x_wconf 89' lang='lat' dir='ltr'><strong>ipsos</strong></span> <span class='ocrx_word' id='word_1_210' title='bbox 3221 1479 3296 1532; x_wconf 90' lang='lat' dir='ltr'><strong>ita</strong></span> <span class='ocrx_word' id='word_1_211' title='bbox 3329 1479 3548 1534; x_wconf 79' lang='lat' dir='ltr'><strong>debere</strong></span> <span class='ocrx_word' id='word_1_212' title='bbox 3586 1494 3702 1548; x_wconf 86' lang='lat' dir='ltr'><strong>pro-</strong></span> 
     </span>
    </p>
   </div>
   <div class='ocr_carea' id='block_1_32' title="bbox 2112 1573 3704 1642">
    <p class='ocr_par' dir='ltr' id='par_1_32' title="bbox 2112 1573 3704 1642">
     <span class='ocr_line' id='line_1_32' title="bbox 2112 1573 3704 1642; baseline -0.004 -12"><span class='ocrx_word' id='word_1_213' title='bbox 2112 1578 2355 1631; x_wconf 92' lang='lat' dir='ltr'><strong>nuntiari</strong></span> <span class='ocrx_word' id='word_1_214' title='bbox 2399 1576 2746 1632; x_wconf 88' lang='lat' dir='ltr'><strong>evincemur?</strong></span> <span class='ocrx_word' id='word_1_215' title='bbox 2795 1573 2971 1630; x_wconf 87' lang='lat' dir='ltr'><strong>Verba</strong></span> <span class='ocrx_word' id='word_1_216' title='bbox 3015 1574 3154 1628; x_wconf 89' lang='lat' dir='ltr'><strong>dura</strong></span> <span class='ocrx_word' id='word_1_217' title='bbox 3190 1588 3254 1627; x_wconf 91' lang='lat' dir='ltr'><strong>ac</strong></span> <span class='ocrx_word' id='word_1_218' title='bbox 3293 1588 3499 1642; x_wconf 87' lang='lat' dir='ltr'><strong>aspera</strong></span> <span class='ocrx_word' id='word_1_219' title='bbox 3538 1573 3704 1626; x_wconf 80' lang='lat' dir='ltr'><strong>emol-</strong></span> 
     </span>
    </p>
   </div>
   <div class='ocr_carea' id='block_1_33' title="bbox 2111 1663 3700 1736">
    <p class='ocr_par' dir='ltr' id='par_1_33' title="bbox 2111 1663 3700 1736">
     <span class='ocr_line' id='line_1_33' title="bbox 2111 1663 3700 1736; baseline -0.003 -15"><span class='ocrx_word' id='word_1_220' title='bbox 2111 1667 2251 1721; x_wconf 90' lang='lat' dir='ltr'><strong>liunt</strong></span> <span class='ocrx_word' id='word_1_221' title='bbox 2287 1665 2483 1732; x_wconf 66' lang='lat' dir='ltr'><strong>Graeci,</strong></span> <span class='ocrx_word' id='word_1_222' title='bbox 2518 1665 2883 1736; x_wconf 81' lang='lat' dir='ltr'><strong>Romanique,</strong></span> <span class='ocrx_word' id='word_1_223' title='bbox 2915 1672 2971 1719; x_wconf 91' lang='lat' dir='ltr'><strong>et</strong></span> <span class='ocrx_word' id='word_1_224' title='bbox 3021 1663 3305 1718; x_wconf 82' lang='lat' dir='ltr'><strong>barbarica</strong></span> <span class='ocrx_word' id='word_1_225' title='bbox 3355 1663 3452 1716; x_wconf 90' lang='lat' dir='ltr'><strong>illa</strong></span> <span class='ocrx_word' id='word_1_226' title='bbox 3503 1664 3564 1716; x_wconf 92' lang='lat' dir='ltr'><strong>in</strong></span> <span class='ocrx_word' id='word_1_227' title='bbox 3593 1677 3700 1716; x_wconf 88' lang='lat' dir='ltr'><strong>me-</strong></span> 
     </span>
    </p>
   </div>
   <div class='ocr_carea' id='block_1_34' title="bbox 425 1755 2007 1844">
    <p class='ocr_par' dir='ltr' id='par_1_34' title="bbox 425 1773 1948 1844">
     <span class='ocr_line' id='line_1_34' title="bbox 425 1773 1948 1844; baseline -0.002 -15"><span class='ocrx_word' id='word_1_228' title='bbox 425 1791 568 1830; x_wconf 88' lang='lat' dir='ltr'><strong>naan</strong></span> <span class='ocrx_word' id='word_1_229' title='bbox 593 1775 852 1828; x_wconf 89' lang='lat' dir='ltr'><strong>distincte</strong></span> <span class='ocrx_word' id='word_1_230' title='bbox 883 1777 1066 1829; x_wconf 88' lang='lat' dir='ltr'><strong>omnia</strong></span> <span class='ocrx_word' id='word_1_231' title='bbox 1116 1776 1368 1844; x_wconf 82' lang='lat' dir='ltr'><strong>leguntur</strong></span> <span class='ocrx_word' id='word_1_232' title='bbox 1403 1775 1456 1828; x_wconf 92' lang='lat' dir='ltr'><strong>in</strong></span> <span class='ocrx_word' id='word_1_233' title='bbox 1488 1775 1663 1830; x_wconf 91' lang='lat' dir='ltr'><strong>sacris</strong></span> <span class='ocrx_word' id='word_1_234' title='bbox 1707 1773 1948 1829; x_wconf 86' lang='lat' dir='ltr'><strong>Litteris.</strong></span> 
     </span>
    </p>
   </div>
   <div class='ocr_carea' id='block_1_35' title="bbox 2109 1755 3700 1844">
    <p class='ocr_par' dir='ltr' id='par_1_35' title="bbox 2109 1755 3700 1831">
     <span class='ocr_line' id='line_1_35' title="bbox 2109 1755 3700 1831; baseline -0.004 -16"><span class='ocrx_word' id='word_1_235' title='bbox 2109 1763 2289 1815; x_wconf 78' lang='lat' dir='ltr'><strong>liorem</strong></span> <span class='ocrx_word' id='word_1_236' title='bbox 2331 1760 2538 1831; x_wconf 79' lang='lat' dir='ltr'><strong>frugem</strong></span> <span class='ocrx_word' id='word_1_237' title='bbox 2597 1761 2887 1824; x_wconf 90' lang='lat' dir='ltr'><strong>reducunt,</strong></span> <span class='ocrx_word' id='word_1_238' title='bbox 2948 1757 3431 1827; x_wconf 86' lang='lat' dir='ltr'><strong>politioribusque,</strong></span> <span class='ocrx_word' id='word_1_239' title='bbox 3482 1765 3550 1809; x_wconf 87' lang='lat' dir='ltr'><strong>ut</strong></span> <span class='ocrx_word' id='word_1_240' title='bbox 3603 1755 3700 1826; x_wconf 80' lang='lat' dir='ltr'><strong>ipsi</strong></span> 
     </span>
    </p>
   </div>
   <div class='ocr_carea' id='block_1_36' title="bbox 498 1863 2007 1933">
    <p class='ocr_par' dir='ltr' id='par_1_36' title="bbox 498 1863 2007 1933">
     <span class='ocr_line' id='line_1_36' title="bbox 498 1863 2007 1933; baseline -0.001 -14"><span class='ocrx_word' id='word_1_241' title='bbox 498 1865 768 1929; x_wconf 83' lang='lat' dir='ltr'><strong>Ibid.,llin.</strong></span> <span class='ocrx_word' id='word_1_242' title='bbox 789 1865 876 1920; x_wconf 73' lang='grc'><strong>45.</strong></span> <span class='ocrx_word' id='word_1_243' title='bbox 909 1863 988 1933; x_wconf 79' lang='grc' dir='ltr'><strong>Τῇ</strong></span> <span class='ocrx_word' id='word_1_244' title='bbox 1004 1864 1312 1933; x_wconf 76' lang='grc' dir='ltr'><strong>Ἀστάρτη.</strong></span> <span class='ocrx_word' id='word_1_245' title='bbox 1335 1865 2007 1928; x_wconf 86' lang='lat' dir='ltr'><strong>Astarte,vetustissnnum</strong></span> 
     </span>
    </p>
   </div>
   <div class='ocr_carea' id='block_1_37' title="bbox 426 1954 2006 2027">
    <p class='ocr_par' dir='ltr' id='par_1_37' title="bbox 426 1954 2006 2027">
     <span class='ocr_line' id='line_1_37' title="bbox 426 1954 2006 2027; baseline -0.001 -17"><span class='ocrx_word' id='word_1_246' title='bbox 426 1955 598 2027; x_wconf 64' lang='lat' dir='ltr'><strong>Syriae</strong></span> <span class='ocrx_word' id='word_1_247' title='bbox 654 1971 859 2010; x_wconf 88' lang='lat' dir='ltr'><strong>numen</strong></span> <span class='ocrx_word' id='word_1_248' title='bbox 914 1955 1086 2010; x_wconf 82' lang='lat' dir='ltr'><strong>fuisse</strong></span> <span class='ocrx_word' id='word_1_249' title='bbox 1127 1964 1279 2009; x_wconf 88' lang='lat' dir='ltr'><strong>notat</strong></span> <span class='ocrx_word' id='word_1_250' title='bbox 1303 1954 1698 2020; x_wconf 86' lang='lat' dir='ltr'><strong>Tertullianus,</strong></span> <span class='ocrx_word' id='word_1_251' title='bbox 1731 1955 2006 2026; x_wconf 81' lang='lat' dir='ltr'><strong>Apologet.</strong></span> 
     </span>
    </p>
   </div>
   <div class='ocr_carea' id='block_1_38' title="bbox 423 2047 2008 2120">
    <p class='ocr_par' dir='ltr' id='par_1_38' title="bbox 423 2047 2008 2120">
     <span class='ocr_line' id='line_1_38' title="bbox 423 2047 2008 2120; baseline -0.001 -15"><span class='ocrx_word' id='word_1_252' title='bbox 423 2065 546 2120; x_wconf 85' lang='lat' dir='ltr'><strong>cap.</strong></span> <span class='ocrx_word' id='word_1_253' title='bbox 572 2049 663 2114; x_wconf 67' lang='grc'><strong>24,</strong></span> <span class='ocrx_word' id='word_1_254' title='bbox 703 2047 991 2119; x_wconf 81' lang='lat' dir='ltr'><strong>Unicuique</strong></span> <span class='ocrx_word' id='word_1_255' title='bbox 1038 2050 1198 2103; x_wconf 84' lang='lat' dir='ltr'><strong>etiam</strong></span> <span class='ocrx_word' id='word_1_256' title='bbox 1251 2049 1536 2118; x_wconf 77' lang='lat' dir='ltr'><strong>provinciw</strong></span> <span class='ocrx_word' id='word_1_257' title='bbox 1565 2059 1612 2102; x_wconf 88' lang='lat' dir='ltr'><strong>et</strong></span> <span class='ocrx_word' id='word_1_258' title='bbox 1649 2049 1851 2102; x_wconf 83' lang='lat' dir='ltr'><strong>civitati</strong></span> <span class='ocrx_word' id='word_1_259' title='bbox 1879 2065 2008 2103; x_wconf 88' lang='lat' dir='ltr'><strong>suus</strong></span> 
     </span>
    </p>
   </div>
   <div class='ocr_carea' id='block_1_39' title="bbox 424 2141 2010 2211">
    <p class='ocr_par' dir='ltr' id='par_1_39' title="bbox 424 2141 2010 2211">
     <span class='ocr_line' id='line_1_39' title="bbox 424 2141 2010 2211; baseline -0.001 -15"><span class='ocrx_word' id='word_1_260' title='bbox 424 2147 553 2198; x_wconf 84' lang='lat' dir='ltr'><strong>deus</strong></span> <span class='ocrx_word' id='word_1_261' title='bbox 601 2153 702 2206; x_wconf 85' lang='lat' dir='ltr'><strong>est,</strong></span> <span class='ocrx_word' id='word_1_262' title='bbox 753 2152 809 2195; x_wconf 88' lang='lat' dir='ltr'><strong>ut</strong></span> <span class='ocrx_word' id='word_1_263' title='bbox 857 2141 1031 2211; x_wconf 63' lang='grc' dir='ltr'><strong>δεμ-ἕω</strong></span> <span class='ocrx_word' id='word_1_264' title='bbox 1075 2144 1338 2196; x_wconf 74' lang='lat' dir='ltr'><strong>Astartes.</strong></span> <span class='ocrx_word' id='word_1_265' title='bbox 1367 2141 1751 2198; x_wconf 84' lang='lat' dir='ltr'><strong>Artemidorus</strong></span> <span class='ocrx_word' id='word_1_266' title='bbox 1787 2141 2010 2198; x_wconf 70' lang='grc' dir='ltr'><strong>0»ιεὶιό-</strong></span> 
     </span>
    </p>
   </div>
   <div class='ocr_carea' id='block_1_40' title="bbox 425 2234 2008 2307">
    <p class='ocr_par' dir='ltr' id='par_1_40' title="bbox 425 2234 2008 2307">
     <span class='ocr_line' id='line_1_40' title="bbox 425 2234 2008 2307; baseline -0.003 -15"><span class='ocrx_word' id='word_1_267' title='bbox 425 2239 548 2292; x_wconf 83' lang='lat' dir='ltr'><strong>crit.</strong></span> <span class='ocrx_word' id='word_1_268' title='bbox 602 2236 700 2291; x_wconf 92' lang='lat' dir='ltr'><strong>lib.</strong></span> <span class='ocrx_word' id='word_1_269' title='bbox 743 2251 781 2301; x_wconf 86' lang='grc' dir='ltr'><strong>ι,</strong></span> <span class='ocrx_word' id='word_1_270' title='bbox 815 2251 916 2304; x_wconf 90' lang='lat' dir='ltr'><strong>cap</strong></span> <span class='ocrx_word' id='word_1_271' title='bbox 980 2234 1035 2298; x_wconf 92' lang='lat'><strong>9,</strong></span> <span class='ocrx_word' id='word_1_272' title='bbox 1081 2234 1292 2304; x_wconf 78' lang='grc' dir='ltr'><strong>’ἰχθύας</strong></span> <span class='ocrx_word' id='word_1_273' title='bbox 1344 2235 1542 2298; x_wconf 82' lang='grc' dir='ltr'><strong>πάντες</strong></span> <span class='ocrx_word' id='word_1_274' title='bbox 1591 2235 1828 2288; x_wconf 76' lang='grc' dir='ltr'><strong>ἐσθίουσι</strong></span> <span class='ocrx_word' id='word_1_275' title='bbox 1869 2235 2008 2307; x_wconf 82' lang='grc' dir='ltr'><strong>πλὴν</strong></span> 
     </span>
    </p>
   </div>
   <div class='ocr_carea' id='block_1_41' title="bbox 422 2326 2009 2400">
    <p class='ocr_par' dir='ltr' id='par_1_41' title="bbox 422 2326 2009 2400">
     <span class='ocr_line' id='line_1_41' title="bbox 422 2326 2009 2400; baseline 0 -18"><span class='ocrx_word' id='word_1_276' title='bbox 422 2329 612 2400; x_wconf 80' lang='grc' dir='ltr'><strong>Σύρων</strong></span> <span class='ocrx_word' id='word_1_277' title='bbox 643 2329 805 2381; x_wconf 84' lang='grc' dir='ltr'><strong>τινῶν</strong></span> <span class='ocrx_word' id='word_1_278' title='bbox 828 2328 937 2380; x_wconf 85' lang='grc' dir='ltr'><strong>τῶν</strong></span> <span class='ocrx_word' id='word_1_279' title='bbox 980 2327 1077 2398; x_wconf 76' lang='grc' dir='ltr'><strong>τὴν</strong></span> <span class='ocrx_word' id='word_1_280' title='bbox 1109 2329 1411 2398; x_wconf 76' lang='grc' dir='ltr'><strong>Ἀστάρτην</strong></span> <span class='ocrx_word' id='word_1_281' title='bbox 1433 2326 1761 2398; x_wconf 81' lang='grc' dir='ltr'><strong>σεΰομένων.</strong></span> <span class='ocrx_word' id='word_1_282' title='bbox 1781 2327 2009 2383; x_wconf 86' lang='lat' dir='ltr'><strong>Constat</strong></span> 
     </span>
    </p>
   </div>
   <div class='ocr_carea' id='block_1_42' title="bbox 425 2417 2006 2489">
    <p class='ocr_par' dir='ltr' id='par_1_42' title="bbox 425 2417 2006 2489">
     <span class='ocr_line' id='line_1_42' title="bbox 425 2417 2006 2489; baseline 0.001 -17"><span class='ocrx_word' id='word_1_283' title='bbox 425 2433 490 2472; x_wconf 75' lang='lat' dir='ltr'><strong>ex</strong></span> <span class='ocrx_word' id='word_1_284' title='bbox 517 2419 830 2486; x_wconf 36' lang='lat' dir='ltr'><strong>Plutarcho.</strong></span> <span class='ocrx_word' id='word_1_285' title='bbox 864 2417 1032 2489; x_wconf 79' lang='lat' dir='ltr'><strong>Syros</strong></span> <span class='ocrx_word' id='word_1_286' title='bbox 1076 2417 1288 2489; x_wconf 79' lang='lat' dir='ltr'><strong>Syriam</strong></span> <span class='ocrx_word' id='word_1_287' title='bbox 1322 2417 1479 2472; x_wconf 88' lang='lat' dir='ltr'><strong>deam</strong></span> <span class='ocrx_word' id='word_1_288' title='bbox 1531 2419 1792 2482; x_wconf 86' lang='lat' dir='ltr'><strong>coluisse,</strong></span> <span class='ocrx_word' id='word_1_289' title='bbox 1847 2420 2006 2487; x_wconf 88' lang='lat' dir='ltr'><strong>cujus</strong></span> 
     </span>
    </p>
   </div>
   <div class='ocr_carea' id='block_1_43' title="bbox 424 2509 2007 2583">
    <p class='ocr_par' dir='ltr' id='par_1_43' title="bbox 424 2509 2007 2583">
     <span class='ocr_line' id='line_1_43' title="bbox 424 2509 2007 2583; baseline 0 -17"><span class='ocrx_word' id='word_1_290' title='bbox 424 2509 531 2566; x_wconf 83' lang='lat' dir='ltr'><strong>[Ilia</strong></span> <span class='ocrx_word' id='word_1_291' title='bbox 587 2528 712 2565; x_wconf 90' lang='lat' dir='ltr'><strong>cum</strong></span> <span class='ocrx_word' id='word_1_292' title='bbox 759 2512 872 2566; x_wconf 59' lang='lat' dir='ltr'><strong>haec</strong></span> <span class='ocrx_word' id='word_1_293' title='bbox 916 2511 1249 2574; x_wconf 89' lang='lat' dir='ltr'><strong>crederetur,</strong></span> <span class='ocrx_word' id='word_1_294' title='bbox 1283 2512 1420 2565; x_wconf 91' lang='lat' dir='ltr'><strong>nihil</strong></span> <span class='ocrx_word' id='word_1_295' title='bbox 1455 2512 1654 2566; x_wconf 81' lang='lat' dir='ltr'><strong>mirum</strong></span> <span class='ocrx_word' id='word_1_296' title='bbox 1691 2513 1859 2583; x_wconf 86' lang='lat' dir='ltr'><strong>Syros</strong></span> <span class='ocrx_word' id='word_1_297' title='bbox 1888 2528 2007 2568; x_wconf 90' lang='lat' dir='ltr'><strong>eam</strong></span> 
     </span>
    </p>
   </div>
   <div class='ocr_carea' id='block_1_44' title="bbox 423 2601 2006 2660">
    <p class='ocr_par' dir='ltr' id='par_1_44' title="bbox 423 2601 2006 2660">
     <span class='ocr_line' id='line_1_44' title="bbox 423 2601 2006 2660; baseline 0.001 -4"><span class='ocrx_word' id='word_1_298' title='bbox 423 2603 678 2656; x_wconf 78' lang='lat' dir='ltr'><strong>coluisse.</strong></span> <span class='ocrx_word' id='word_1_299' title='bbox 752 2601 1103 2658; x_wconf 80' lang='lat' dir='ltr'><strong>thnicibus</strong></span> <span class='ocrx_word' id='word_1_300' title='bbox 1157 2611 1211 2658; x_wconf 90' lang='lat' dir='ltr'><strong>et</strong></span> <span class='ocrx_word' id='word_1_301' title='bbox 1260 2605 1502 2660; x_wconf 77' lang='lat' dir='ltr'><strong>Sidoniis</strong></span> <span class='ocrx_word' id='word_1_302' title='bbox 1566 2605 1658 2658; x_wconf 92' lang='lat' dir='ltr'><strong>alii</strong></span> <span class='ocrx_word' id='word_1_303' title='bbox 1736 2605 2006 2659; x_wconf 89' lang='lat' dir='ltr'><strong>tribuunt.</strong></span> 
     </span>
    </p>
   </div>
   <div class='ocr_carea' id='block_1_45' title="bbox 1280 2696 2011 2767">
    <p class='ocr_par' dir='ltr' id='par_1_45' title="bbox 1280 2696 2011 2767">
     <span class='ocr_line' id='line_1_45' title="bbox 1280 2696 2011 2767; baseline 0 -17"><span class='ocrx_word' id='word_1_304' title='bbox 1280 2714 1293 2750; x_wconf 91' lang='lat'><strong>:</strong></span> <span class='ocrx_word' id='word_1_305' title='bbox 1327 2696 1591 2750; x_wconf 75' lang='grc' dir='ltr'>Ἐνταῦθα</span> <span class='ocrx_word' id='word_1_306' title='bbox 1619 2714 1769 2767; x_wconf 80' lang='grc' dir='ltr'><strong>ηκων</strong></span> <span class='ocrx_word' id='word_1_307' title='bbox 1791 2698 1856 2749; x_wconf 80' lang='grc' dir='ltr'><strong>ἐκ</strong></span> <span class='ocrx_word' id='word_1_308' title='bbox 1884 2697 2011 2750; x_wconf 82' lang='grc' dir='ltr'><strong>πολ-</strong></span> 
     </span>
    </p>
   </div>
   <div class='ocr_carea' id='block_1_46' title="bbox 422 2785 2008 2860">
    <p class='ocr_par' dir='ltr' id='par_1_46' title="bbox 422 2785 2008 2860">
     <span class='ocr_line' id='line_1_46' title="bbox 422 2785 2008 2860; baseline 0.003 -21"><span class='ocrx_word' id='word_1_309' title='bbox 422 2787 511 2840; x_wconf 72' lang='grc' dir='ltr'><strong>λοῦ</strong></span> <span class='ocrx_word' id='word_1_310' title='bbox 549 2786 836 2856; x_wconf 81' lang='grc' dir='ltr'><strong>χειμῶνος,</strong></span> <span class='ocrx_word' id='word_1_311' title='bbox 870 2786 1179 2856; x_wconf 81' lang='grc' dir='ltr'><strong>Σώστρατε,</strong></span> <span class='ocrx_word' id='word_1_312' title='bbox 1218 2785 1372 2840; x_wconf 73' lang='grc' dir='ltr'><strong>ἔθυον</strong></span> <span class='ocrx_word' id='word_1_313' title='bbox 1399 2788 1618 2858; x_wconf 77' lang='grc' dir='ltr'><strong>ἐμαυτῷ</strong></span> <span class='ocrx_word' id='word_1_314' title='bbox 1652 2792 1716 2860; x_wconf 80' lang='grc' dir='ltr'><strong>τῇ</strong></span> <span class='ocrx_word' id='word_1_315' title='bbox 1743 2789 1853 2843; x_wconf 83' lang='grc' dir='ltr'><strong>τῶν</strong></span> <span class='ocrx_word' id='word_1_316' title='bbox 1885 2791 2008 2842; x_wconf 81' lang='grc' dir='ltr'><strong>Φοι-</strong></span> 
     </span>
    </p>
   </div>
   <div class='ocr_carea' id='block_1_47' title="bbox 423 2876 2008 2950">
    <p class='ocr_par' dir='ltr' id='par_1_47' title="bbox 423 2876 2008 2950">
     <span class='ocr_line' id='line_1_47' title="bbox 423 2876 2008 2950; baseline 0.003 -21"><span class='ocrx_word' id='word_1_317' title='bbox 423 2878 603 2929; x_wconf 74' lang='grc' dir='ltr'><strong>νίκωνο</strong></span> <span class='ocrx_word' id='word_1_318' title='bbox 647 2876 901 2930; x_wconf 72' lang='grc' dir='ltr'><strong>καλοῦσιν</strong></span> <span class='ocrx_word' id='word_1_319' title='bbox 948 2877 1117 2948; x_wconf 73' lang='grc' dir='ltr'><strong>αὐτὴν</strong></span> <span class='ocrx_word' id='word_1_320' title='bbox 1159 2879 1457 2950; x_wconf 80' lang='grc' dir='ltr'><strong>Ἀστάρτην</strong></span> <span class='ocrx_word' id='word_1_321' title='bbox 1490 2881 1538 2932; x_wconf 82' lang='grc' dir='ltr'>οἱ</span> <span class='ocrx_word' id='word_1_322' title='bbox 1574 2879 1834 2936; x_wconf 84' lang='grc' dir='ltr'><strong>Σιδώνιοι.</strong></span> <span class='ocrx_word' id='word_1_323' title='bbox 1883 2879 2008 2934; x_wconf 87' lang='lat' dir='ltr'><strong>Sui--</strong></span> 
     </span>
    </p>
   </div>
   <div class='ocr_carea' id='block_1_48' title="bbox 420 2967 2004 3041">
    <p class='ocr_par' dir='ltr' id='par_1_48' title="bbox 420 2967 2004 3041">
     <span class='ocr_line' id='line_1_48' title="bbox 420 2967 2004 3041; baseline 0.003 -21"><span class='ocrx_word' id='word_1_324' title='bbox 420 2967 519 3021; x_wconf 82' lang='lat' dir='ltr'><strong>das</strong></span> <span class='ocrx_word' id='word_1_325' title='bbox 554 2986 566 3020; x_wconf 90' lang='lat'><strong>:</strong></span> <span class='ocrx_word' id='word_1_326' title='bbox 603 2968 870 3036; x_wconf 77' lang='grc' dir='ltr'><strong>Ἀστάρτη</strong></span> <span class='ocrx_word' id='word_1_327' title='bbox 909 2969 941 3036; x_wconf 86' lang='grc' dir='ltr'>ὴ</span> <span class='ocrx_word' id='word_1_328' title='bbox 970 2968 1102 3038; x_wconf 80' lang='grc' dir='ltr'><strong>παρ’</strong></span> <span class='ocrx_word' id='word_1_329' title='bbox 1123 2967 1378 3037; x_wconf 85' lang='grc' dir='ltr'><strong>Ἕλλησιν</strong></span> <span class='ocrx_word' id='word_1_330' title='bbox 1410 2969 1693 3041; x_wconf 79' lang='grc' dir='ltr'><strong>Ἀφροδίτη</strong></span> <span class='ocrx_word' id='word_1_331' title='bbox 1717 2969 2004 3041; x_wconf 80' lang='grc' dir='ltr'><strong>λεγομένη,</strong></span> 
     </span>
    </p>
   </div>
   <div class='ocr_carea' id='block_1_49' title="bbox 419 3054 2006 3127">
    <p class='ocr_par' dir='ltr' id='par_1_49' title="bbox 419 3054 2006 3127">
     <span class='ocr_line' id='line_1_49' title="bbox 419 3054 2006 3127; baseline 0.005 -20"><span class='ocrx_word' id='word_1_332' title='bbox 419 3054 542 3120; x_wconf 68' lang='grc' dir='ltr'><strong>θεὸς</strong></span> <span class='ocrx_word' id='word_1_333' title='bbox 579 3057 865 3110; x_wconf 82' lang='grc' dir='ltr'><strong>Σιδωνίων.</strong></span> <span class='ocrx_word' id='word_1_334' title='bbox 893 3055 1130 3111; x_wconf 82' lang='lat' dir='ltr'><strong>Joannes</strong></span> <span class='ocrx_word' id='word_1_335' title='bbox 1160 3056 1470 3127; x_wconf 79' lang='lat' dir='ltr'><strong>Xiphilinus</strong></span> <span class='ocrx_word' id='word_1_336' title='bbox 1503 3061 1752 3114; x_wconf 81' lang='lat' dir='ltr'><strong>oratione</strong></span> <span class='ocrx_word' id='word_1_337' title='bbox 1783 3061 1856 3114; x_wconf 90' lang='lat' dir='ltr'><strong>De</strong></span> <span class='ocrx_word' id='word_1_338' title='bbox 1878 3062 2006 3115; x_wconf 90' lang='lat' dir='ltr'><strong>ado-</strong></span> 
     </span>
    </p>
   </div>
   <div class='ocr_carea' id='block_1_50' title="bbox 2113 1847 3702 1924">
    <p class='ocr_par' dir='ltr' id='par_1_50' title="bbox 2113 1847 3702 1924">
     <span class='ocr_line' id='line_1_50' title="bbox 2113 1847 3702 1924; baseline -0.004 -18"><span class='ocrx_word' id='word_1_339' title='bbox 2113 1853 2457 1924; x_wconf 91' lang='lat' dir='ltr'><strong>politissimis</strong></span> <span class='ocrx_word' id='word_1_340' title='bbox 2504 1860 2634 1906; x_wconf 91' lang='lat' dir='ltr'><strong>sunt</strong></span> <span class='ocrx_word' id='word_1_341' title='bbox 2687 1851 2972 1915; x_wconf 89' lang='lat' dir='ltr'><strong>moribus,</strong></span> <span class='ocrx_word' id='word_1_342' title='bbox 3035 1850 3380 1904; x_wconf 88' lang='lat' dir='ltr'><strong>vestimentis</strong></span> <span class='ocrx_word' id='word_1_343' title='bbox 3438 1847 3702 1909; x_wconf 90' lang='lat' dir='ltr'><strong>induunt,</strong></span> 
     </span>
    </p>
   </div>
   <div class='ocr_carea' id='block_1_51' title="bbox 2111 1940 3700 2013">
    <p class='ocr_par' dir='ltr' id='par_1_51' title="bbox 2111 1940 3700 2013">
     <span class='ocr_line' id='line_1_51' title="bbox 2111 1940 3700 2013; baseline -0.003 -16"><span class='ocrx_word' id='word_1_344' title='bbox 2111 1955 2338 1999; x_wconf 90' lang='lat' dir='ltr'><strong>accentu</strong></span> <span class='ocrx_word' id='word_1_345' title='bbox 2390 1945 2622 2007; x_wconf 88' lang='lat' dir='ltr'><strong>scilicet,</strong></span> <span class='ocrx_word' id='word_1_346' title='bbox 2683 1957 2844 2007; x_wconf 91' lang='lat' dir='ltr'><strong>sono,</strong></span> <span class='ocrx_word' id='word_1_347' title='bbox 2893 1942 3362 2013; x_wconf 88' lang='lat' dir='ltr'><strong>pronuntiatione,</strong></span> <span class='ocrx_word' id='word_1_348' title='bbox 3423 1940 3700 1994; x_wconf 83' lang='lat' dir='ltr'><strong>numeris.</strong></span> 
     </span>
    </p>
   </div>
   <div class='ocr_carea' id='block_1_52' title="bbox 2111 2032 3700 2107">
    <p class='ocr_par' dir='ltr' id='par_1_52' title="bbox 2111 2032 3700 2107">
     <span class='ocr_line' id='line_1_52' title="bbox 2111 2032 3700 2107; baseline -0.005 -17"><span class='ocrx_word' id='word_1_349' title='bbox 2111 2035 2253 2103; x_wconf 87' lang='lat' dir='ltr'><strong>Quid</strong></span> <span class='ocrx_word' id='word_1_350' title='bbox 2303 2036 2502 2090; x_wconf 90' lang='lat' dir='ltr'><strong>mirum</strong></span> <span class='ocrx_word' id='word_1_351' title='bbox 2555 2036 2602 2090; x_wconf 88' lang='lat' dir='ltr'><strong>si</strong></span> <span class='ocrx_word' id='word_1_352' title='bbox 2639 2034 2906 2107; x_wconf 82' lang='lat' dir='ltr'><strong>Syrorum</strong></span> <span class='ocrx_word' id='word_1_353' title='bbox 2955 2032 3265 2103; x_wconf 79' lang='lat' dir='ltr'><strong>Adardaga,</strong></span> <span class='ocrx_word' id='word_1_354' title='bbox 3300 2032 3355 2085; x_wconf 89' lang='lat' dir='ltr'><strong>in</strong></span> <span class='ocrx_word' id='word_1_355' title='bbox 3393 2032 3700 2102; x_wconf 72' lang='lat' dir='ltr'><strong>Atargatin</strong></span> 
     </span>
    </p>
   </div>
   <div class='ocr_carea' id='block_1_53' title="bbox 2111 2124 3697 2200">
    <p class='ocr_par' dir='ltr' id='par_1_53' title="bbox 2111 2124 3697 2200">
     <span class='ocr_line' id='line_1_53' title="bbox 2111 2124 3697 2200; baseline -0.003 -18"><span class='ocrx_word' id='word_1_356' title='bbox 2111 2129 2330 2196; x_wconf 88' lang='lat' dir='ltr'><strong>abierit,</strong></span> <span class='ocrx_word' id='word_1_357' title='bbox 2369 2127 2671 2200; x_wconf 51' lang='lat' dir='ltr'><strong>praesertim</strong></span> <span class='ocrx_word' id='word_1_358' title='bbox 2728 2128 2801 2182; x_wconf 92' lang='lat' dir='ltr'><strong>ita</strong></span> <span class='ocrx_word' id='word_1_359' title='bbox 2847 2127 3123 2182; x_wconf 89' lang='lat' dir='ltr'><strong>scribente</strong></span> <span class='ocrx_word' id='word_1_360' title='bbox 3154 2124 3328 2179; x_wconf 78' lang='lat' dir='ltr'><strong>Plinio</strong></span> <span class='ocrx_word' id='word_1_361' title='bbox 3362 2125 3490 2180; x_wconf 92' lang='lat' dir='ltr'><strong>loco</strong></span> <span class='ocrx_word' id='word_1_362' title='bbox 3534 2126 3697 2189; x_wconf 81' lang='lat' dir='ltr'><strong>dicto,</strong></span> 
     </span>
    </p>
   </div>
   <div class='ocr_carea' id='block_1_54' title="bbox 2111 2217 3701 2288">
    <p class='ocr_par' dir='ltr' id='par_1_54' title="bbox 2111 2217 3701 2288">
     <span class='ocr_line' id='line_1_54' title="bbox 2111 2217 3701 2288; baseline -0.003 -13"><span class='ocrx_word' id='word_1_363' title='bbox 2111 2227 2166 2276; x_wconf 90' lang='lat' dir='ltr'><strong>et</strong></span> <span class='ocrx_word' id='word_1_364' title='bbox 2197 2229 2324 2275; x_wconf 87' lang='lat' dir='ltr'><strong>ante</strong></span> <span class='ocrx_word' id='word_1_365' title='bbox 2369 2237 2492 2276; x_wconf 90' lang='lat' dir='ltr'><strong>eum</strong></span> <span class='ocrx_word' id='word_1_366' title='bbox 2525 2219 2797 2274; x_wconf 81' lang='lat' dir='ltr'><strong>Strabone</strong></span> <span class='ocrx_word' id='word_1_367' title='bbox 2846 2220 2944 2274; x_wconf 89' lang='lat' dir='ltr'><strong>lib.</strong></span> <span class='ocrx_word' id='word_1_368' title='bbox 2980 2234 3092 2281; x_wconf 79' lang='lat' dir='ltr'><strong>va,</strong></span> <span class='ocrx_word' id='word_1_369' title='bbox 3121 2233 3188 2272; x_wconf 82' lang='lat' dir='ltr'><strong>ex</strong></span> <span class='ocrx_word' id='word_1_370' title='bbox 3229 2232 3340 2288; x_wconf 89' lang='lat' dir='ltr'><strong>quo</strong></span> <span class='ocrx_word' id='word_1_371' title='bbox 3373 2231 3480 2271; x_wconf 86' lang='lat' dir='ltr'><strong>sua</strong></span> <span class='ocrx_word' id='word_1_372' title='bbox 3520 2217 3701 2271; x_wconf 81' lang='lat' dir='ltr'><strong>habuit</strong></span> 
     </span>
    </p>
   </div>
   <div class='ocr_carea' id='block_1_55' title="bbox 2109 2310 3700 2385">
    <p class='ocr_par' dir='ltr' id='par_1_55' title="bbox 2109 2310 3700 2385">
     <span class='ocr_line' id='line_1_55' title="bbox 2109 2310 3700 2385; baseline -0.003 -18"><span class='ocrx_word' id='word_1_373' title='bbox 2109 2312 2352 2369; x_wconf 89' lang='lat' dir='ltr'><strong>Plinius:</strong></span> <span class='ocrx_word' id='word_1_374' title='bbox 2373 2314 2720 2385; x_wconf 84' lang='grc' dir='ltr'><strong>’Υπέρκειται</strong></span> <span class='ocrx_word' id='word_1_375' title='bbox 2753 2313 2810 2366; x_wconf 78' lang='grc' dir='ltr'><strong>δὲ</strong></span> <span class='ocrx_word' id='word_1_376' title='bbox 2840 2312 2933 2366; x_wconf 76' lang='grc' dir='ltr'><strong>τοῦ</strong></span> <span class='ocrx_word' id='word_1_377' title='bbox 2962 2310 3206 2382; x_wconf 84' lang='grc' dir='ltr'>ποταμοῦ</span> <span class='ocrx_word' id='word_1_378' title='bbox 3243 2310 3495 2381; x_wconf 82' lang='grc' dir='ltr'><strong>σχοίνους</strong></span> <span class='ocrx_word' id='word_1_379' title='bbox 3522 2311 3700 2363; x_wconf 82' lang='grc' dir='ltr'><strong>τέττα-</strong></span> 
     </span>
    </p>
   </div>
   <div class='ocr_carea' id='block_1_56' title="bbox 2114 2404 3698 2478">
    <p class='ocr_par' dir='ltr' id='par_1_56' title="bbox 2114 2404 3698 2478">
     <span class='ocr_line' id='line_1_56' title="bbox 2114 2404 3698 2478; baseline -0.003 -19"><span class='ocrx_word' id='word_1_380' title='bbox 2114 2424 2212 2478; x_wconf 86' lang='grc' dir='ltr'>ρας</span> <span class='ocrx_word' id='word_1_381' title='bbox 2247 2405 2497 2476; x_wconf 82' lang='grc' dir='ltr'><strong>διέχουσα</strong></span> <span class='ocrx_word' id='word_1_382' title='bbox 2519 2408 2551 2476; x_wconf 81' lang='grc' dir='ltr'>ἠ</span> <span class='ocrx_word' id='word_1_383' title='bbox 2575 2404 2861 2476; x_wconf 75' lang='grc' dir='ltr'><strong>Βαμϐύκη,</strong></span> <span class='ocrx_word' id='word_1_384' title='bbox 2885 2406 2951 2475; x_wconf 76' lang='grc' dir='ltr'><strong>ἦν</strong></span> <span class='ocrx_word' id='word_1_385' title='bbox 2989 2405 3081 2458; x_wconf 73' lang='grc' dir='ltr'><strong>καὶ</strong></span> <span class='ocrx_word' id='word_1_386' title='bbox 3106 2404 3392 2467; x_wconf 86' lang='grc' dir='ltr'><strong>Ἔδεσσαν,</strong></span> <span class='ocrx_word' id='word_1_387' title='bbox 3426 2404 3528 2456; x_wconf 76' lang='grc' dir='ltr'><strong>καὶ</strong></span> <span class='ocrx_word' id='word_1_388' title='bbox 3558 2404 3698 2473; x_wconf 76' lang='grc' dir='ltr'><strong>ἱερὰν</strong></span> 
     </span>
    </p>
   </div>
   <div class='ocr_carea' id='block_1_57' title="bbox 2111 2490 3698 2568">
    <p class='ocr_par' dir='ltr' id='par_1_57' title="bbox 2111 2490 3698 2568">
     <span class='ocr_line' id='line_1_57' title="bbox 2111 2490 3698 2568; baseline -0.001 -21"><span class='ocrx_word' id='word_1_389' title='bbox 2111 2496 2266 2561; x_wconf 72' lang='grc' dir='ltr'><strong>πόλιν</strong></span> <span class='ocrx_word' id='word_1_390' title='bbox 2317 2495 2594 2558; x_wconf 76' lang='grc' dir='ltr'><strong>καλοῦσιν,</strong></span> <span class='ocrx_word' id='word_1_391' title='bbox 2643 2497 2700 2548; x_wconf 80' lang='grc' dir='ltr'><strong>ἐν</strong></span> <span class='ocrx_word' id='word_1_392' title='bbox 2821 2495 3024 2565; x_wconf 81' lang='grc' dir='ltr'><strong>τιμῶσι</strong></span> <span class='ocrx_word' id='word_1_393' title='bbox 3065 2495 3154 2548; x_wconf 81' lang='grc' dir='ltr'><strong>τὸν</strong></span> <span class='ocrx_word' id='word_1_394' title='bbox 3181 2495 3381 2566; x_wconf 84' lang='grc' dir='ltr'><strong>Συρίαν</strong></span> <span class='ocrx_word' id='word_1_395' title='bbox 3434 2493 3565 2546; x_wconf 78' lang='grc' dir='ltr'><strong>θεὸν</strong></span> <span class='ocrx_word' id='word_1_396' title='bbox 3608 2493 3698 2562; x_wconf 71' lang='grc' dir='ltr'><strong>τὴν</strong></span> 
     </span>
    </p>
   </div>
   <div class='ocr_carea' id='block_1_58' title="bbox 2122 2586 3697 2658">
    <p class='ocr_par' dir='ltr' id='par_1_58' title="bbox 2122 2586 3697 2658">
     <span class='ocr_line' id='line_1_58' title="bbox 2122 2586 3697 2658; baseline -0.001 -19"><span class='ocrx_word' id='word_1_397' title='bbox 2122 2587 2464 2658; x_wconf 81' lang='grc' dir='ltr'><strong>Ἀταργάτιν,</strong></span> <span class='ocrx_word' id='word_1_398' title='bbox 2495 2603 2594 2641; x_wconf 87' lang='lat' dir='ltr'><strong>nec</strong></span> <span class='ocrx_word' id='word_1_399' title='bbox 2619 2587 2876 2642; x_wconf 88' lang='lat' dir='ltr'><strong>dissimili</strong></span> <span class='ocrx_word' id='word_1_400' title='bbox 2911 2589 3125 2641; x_wconf 88' lang='lat' dir='ltr'><strong>ratione</strong></span> <span class='ocrx_word' id='word_1_401' title='bbox 3159 2603 3357 2640; x_wconf 89' lang='lat' dir='ltr'><strong>nomen</strong></span> <span class='ocrx_word' id='word_1_402' title='bbox 3385 2589 3560 2640; x_wconf 86' lang='lat' dir='ltr'><strong>etiam</strong></span> <span class='ocrx_word' id='word_1_403' title='bbox 3600 2586 3697 2655; x_wconf 85' lang='lat' dir='ltr'><strong>ipsi</strong></span> 
     </span>
    </p>
   </div>
   <div class='ocr_carea' id='block_1_59' title="bbox 2109 2679 3695 2750">
    <p class='ocr_par' dir='ltr' id='par_1_59' title="bbox 2109 2679 3695 2750">
     <span class='ocr_line' id='line_1_59' title="bbox 2109 2679 3695 2750; baseline -0.003 -16"><span class='ocrx_word' id='word_1_404' title='bbox 2109 2694 2177 2734; x_wconf 82' lang='lat' dir='ltr'><strong>ex</strong></span> <span class='ocrx_word' id='word_1_405' title='bbox 2209 2679 2433 2750; x_wconf 83' lang='lat' dir='ltr'><strong>Syriaco</strong></span> <span class='ocrx_word' id='word_1_406' title='bbox 2469 2679 2793 2746; x_wconf 81' lang='lat' dir='ltr'><strong>deﬂectunt;</strong></span> <span class='ocrx_word' id='word_1_407' title='bbox 2831 2694 2896 2734; x_wconf 80' lang='lat' dir='ltr'><strong>ex</strong></span> <span class='ocrx_word' id='word_1_408' title='bbox 2925 2679 3213 2749; x_wconf 81' lang='lat' dir='ltr'><strong>Adardaga</strong></span> <span class='ocrx_word' id='word_1_409' title='bbox 3256 2694 3502 2747; x_wconf 86' lang='lat' dir='ltr'><strong>namque</strong></span> <span class='ocrx_word' id='word_1_410' title='bbox 3539 2681 3695 2732; x_wconf 82' lang='lat' dir='ltr'><strong>Atar-</strong></span> 
     </span>
    </p>
   </div>
   <div class='ocr_carea' id='block_1_60' title="bbox 2107 2769 3695 2842">
    <p class='ocr_par' dir='ltr' id='par_1_60' title="bbox 2107 2769 3695 2842">
     <span class='ocr_line' id='line_1_60' title="bbox 2107 2769 3695 2842; baseline 0.001 -20"><span class='ocrx_word' id='word_1_411' title='bbox 2107 2773 2274 2840; x_wconf 88' lang='lat' dir='ltr'><strong>gatim</strong></span> <span class='ocrx_word' id='word_1_412' title='bbox 2304 2770 2533 2835; x_wconf 79' lang='lat' dir='ltr'><strong>faciunt,</strong></span> <span class='ocrx_word' id='word_1_413' title='bbox 2573 2771 2782 2824; x_wconf 89' lang='lat' dir='ltr'><strong>meliori</strong></span> <span class='ocrx_word' id='word_1_414' title='bbox 2813 2787 2952 2826; x_wconf 91' lang='lat' dir='ltr'><strong>sono</strong></span> <span class='ocrx_word' id='word_1_415' title='bbox 2991 2782 3151 2842; x_wconf 80' lang='lat' dir='ltr'><strong>atque</strong></span> <span class='ocrx_word' id='word_1_416' title='bbox 3189 2771 3546 2825; x_wconf 82' lang='lat' dir='ltr'><strong>formatione.</strong></span> <span class='ocrx_word' id='word_1_417' title='bbox 3590 2769 3695 2824; x_wconf 70' lang='lat' dir='ltr'><strong>Nec</strong></span> 
     </span>
    </p>
   </div>
   <div class='ocr_carea' id='block_1_61' title="bbox 2109 2863 3697 2935">
    <p class='ocr_par' dir='ltr' id='par_1_61' title="bbox 2109 2863 3697 2935">
     <span class='ocr_line' id='line_1_61' title="bbox 2109 2863 3697 2935; baseline 0.002 -19"><span class='ocrx_word' id='word_1_418' title='bbox 2109 2863 2216 2916; x_wconf 80' lang='lat' dir='ltr'><strong>alia</strong></span> <span class='ocrx_word' id='word_1_419' title='bbox 2271 2864 2486 2918; x_wconf 87' lang='lat' dir='ltr'><strong>ratione</strong></span> <span class='ocrx_word' id='word_1_420' title='bbox 2540 2865 2804 2928; x_wconf 84' lang='lat' dir='ltr'><strong>voluisse,</strong></span> <span class='ocrx_word' id='word_1_421' title='bbox 2837 2866 2922 2920; x_wconf 85' lang='lat' dir='ltr'><strong>vel</strong></span> <span class='ocrx_word' id='word_1_422' title='bbox 2956 2866 3199 2935; x_wconf 90' lang='lat' dir='ltr'><strong>potuisse</strong></span> <span class='ocrx_word' id='word_1_423' title='bbox 3233 2864 3479 2919; x_wconf 84' lang='lat' dir='ltr'><strong>scribere</strong></span> <span class='ocrx_word' id='word_1_424' title='bbox 3523 2863 3697 2919; x_wconf 70' lang='lat' dir='ltr'><strong>Crini-</strong></span> 
     </span>
    </p>
   </div>
   <div class='ocr_carea' id='block_1_62' title="bbox 2109 2958 3695 3029">
    <p class='ocr_par' dir='ltr' id='par_1_62' title="bbox 2109 2958 3695 3029">
     <span class='ocr_line' id='line_1_62' title="bbox 2109 2958 3695 3029; baseline 0.004 -19"><span class='ocrx_word' id='word_1_425' title='bbox 2109 2964 2250 3023; x_wconf 89' lang='lat' dir='ltr'><strong>tum,</strong></span> <span class='ocrx_word' id='word_1_426' title='bbox 2298 2964 2353 3012; x_wconf 89' lang='lat' dir='ltr'><strong>et</strong></span> <span class='ocrx_word' id='word_1_427' title='bbox 2410 2958 2570 3022; x_wconf 88' lang='lat' dir='ltr'><strong>alios,</strong></span> <span class='ocrx_word' id='word_1_428' title='bbox 2604 2960 2696 3028; x_wconf 88' lang='lat' dir='ltr'><strong>qui</strong></span> <span class='ocrx_word' id='word_1_429' title='bbox 2731 2960 2786 3013; x_wconf 91' lang='lat' dir='ltr'><strong>in</strong></span> <span class='ocrx_word' id='word_1_430' title='bbox 2819 2959 2911 3014; x_wconf 91' lang='lat' dir='ltr'><strong>illo</strong></span> <span class='ocrx_word' id='word_1_431' title='bbox 2945 2961 3126 3029; x_wconf 89' lang='lat' dir='ltr'><strong>capite</strong></span> <span class='ocrx_word' id='word_1_432' title='bbox 3171 2960 3488 3023; x_wconf 90' lang='lat' dir='ltr'><strong>laudantur,</strong></span> <span class='ocrx_word' id='word_1_433' title='bbox 3515 2960 3601 3013; x_wconf 79' lang='lat' dir='ltr'><strong>vel</strong></span> <span class='ocrx_word' id='word_1_434' title='bbox 3633 2975 3695 3016; x_wconf 76' lang='lat' dir='ltr'><strong>ex</strong></span> 
     </span>
    </p>
   </div>
   <div class='ocr_carea' id='block_1_63' title="bbox 2110 3050 3691 3122">
    <p class='ocr_par' dir='ltr' id='par_1_63' title="bbox 2110 3050 3691 3122">
     <span class='ocr_line' id='line_1_63' title="bbox 2110 3050 3691 3122; baseline 0.001 -18"><span class='ocrx_word' id='word_1_435' title='bbox 2110 3064 2178 3104; x_wconf 90' lang='lat' dir='ltr'><strong>eo</strong></span> <span class='ocrx_word' id='word_1_436' title='bbox 2226 3050 2348 3104; x_wconf 82' lang='lat' dir='ltr'><strong>solo</strong></span> <span class='ocrx_word' id='word_1_437' title='bbox 2403 3050 2753 3106; x_wconf 80' lang='lat' dir='ltr'><strong>manifestum</strong></span> <span class='ocrx_word' id='word_1_438' title='bbox 2809 3059 2914 3114; x_wconf 89' lang='lat' dir='ltr'><strong>est,</strong></span> <span class='ocrx_word' id='word_1_439' title='bbox 2950 3051 3096 3122; x_wconf 86' lang='lat' dir='ltr'><strong>quod</strong></span> <span class='ocrx_word' id='word_1_440' title='bbox 3150 3051 3438 3106; x_wconf 87' lang='lat' dir='ltr'><strong>Strabonis</strong></span> <span class='ocrx_word' id='word_1_441' title='bbox 3489 3052 3691 3112; x_wconf 69' lang='lat' dir='ltr'><strong>larum,</strong></span> 
     </span>
    </p>
   </div>
   <div class='ocr_carea' id='block_1_64' title="bbox 419 3123 2007 3224">
    <p class='ocr_par' dir='ltr' id='par_1_64' title="bbox 419 3144 1998 3224">
     <span class='ocr_line' id='line_1_64' title="bbox 419 3144 1998 3224; baseline 0.003 -26"><span class='ocrx_word' id='word_1_442' title='bbox 419 3148 626 3198; x_wconf 83' lang='lat' dir='ltr'><strong>ratione</strong></span> <span class='ocrx_word' id='word_1_443' title='bbox 651 3146 862 3208; x_wconf 83' lang='lat' dir='ltr'><strong>crucis,</strong></span> <span class='ocrx_word' id='word_1_444' title='bbox 916 3144 1020 3198; x_wconf 78' lang='grc' dir='ltr'>Καὶ</span> <span class='ocrx_word' id='word_1_445' title='bbox 1070 3148 1526 3218; x_wconf 73' lang='grc' dir='ltr'><strong>προσκυνήσασαν</strong></span> <span class='ocrx_word' id='word_1_446' title='bbox 1568 3151 1634 3219; x_wconf 81' lang='grc' dir='ltr'><strong>τῇ</strong></span> <span class='ocrx_word' id='word_1_447' title='bbox 1697 3149 1998 3224; x_wconf 79' lang='grc' dir='ltr'><strong>Ἀστάρτῃ,</strong></span> 
     </span>
    </p>
   </div>
   <div class='ocr_carea' id='block_1_65' title="bbox 2109 3123 3696 3224">
    <p class='ocr_par' dir='ltr' id='par_1_65' title="bbox 2109 3142 3696 3212">
     <span class='ocr_line' id='line_1_65' title="bbox 2109 3142 3696 3212; baseline 0.004 -21"><span class='ocrx_word' id='word_1_448' title='bbox 2109 3155 2268 3210; x_wconf 87' lang='lat' dir='ltr'><strong>quem</strong></span> <span class='ocrx_word' id='word_1_449' title='bbox 2295 3156 2461 3212; x_wconf 89' lang='lat' dir='ltr'><strong>supra</strong></span> <span class='ocrx_word' id='word_1_450' title='bbox 2493 3143 2840 3212; x_wconf 87' lang='lat' dir='ltr'><strong>scripsimus,</strong></span> <span class='ocrx_word' id='word_1_451' title='bbox 2864 3143 2994 3197; x_wconf 92' lang='lat' dir='ltr'><strong>dum</strong></span> <span class='ocrx_word' id='word_1_452' title='bbox 3024 3143 3114 3196; x_wconf 90' lang='lat' dir='ltr'><strong>illa</strong></span> <span class='ocrx_word' id='word_1_453' title='bbox 3137 3143 3266 3198; x_wconf 86' lang='lat' dir='ltr'><strong>scril</strong></span> <span class='ocrx_word' id='word_1_454' title='bbox 3285 3150 3462 3208; x_wconf 83' lang='lat' dir='ltr'><strong>erent,</strong></span> <span class='ocrx_word' id='word_1_455' title='bbox 3488 3142 3696 3198; x_wconf 84' lang='lat' dir='ltr'><strong>habue-</strong></span> 
     </span>
    </p>
   </div>
   <div class='ocr_carea' id='block_1_66' title="bbox 418 3235 1999 3312">
    <p class='ocr_par' dir='ltr' id='par_1_66' title="bbox 418 3235 1999 3312">
     <span class='ocr_line' id='line_1_66' title="bbox 418 3235 1999 3312; baseline 0.003 -22"><span class='ocrx_word' id='word_1_456' title='bbox 418 3237 514 3290; x_wconf 77' lang='grc' dir='ltr'><strong>καὶ</strong></span> <span class='ocrx_word' id='word_1_457' title='bbox 541 3237 618 3306; x_wconf 79' lang='grc' dir='ltr'><strong>τῷ</strong></span> <span class='ocrx_word' id='word_1_458' title='bbox 642 3235 867 3306; x_wconf 66' lang='grc' dir='ltr'><strong>Χαμὼς,</strong></span> <span class='ocrx_word' id='word_1_459' title='bbox 900 3237 928 3290; x_wconf 85' lang='grc' dir='ltr'><strong>ὃ</strong></span> <span class='ocrx_word' id='word_1_460' title='bbox 968 3237 1082 3289; x_wconf 73' lang='grc' dir='ltr'><strong>ἐστι</strong></span> <span class='ocrx_word' id='word_1_461' title='bbox 1113 3237 1380 3292; x_wconf 81' lang='grc' dir='ltr'><strong>Σιδωνίων</strong></span> <span class='ocrx_word' id='word_1_462' title='bbox 1414 3238 1707 3310; x_wconf 81' lang='grc' dir='ltr'><strong>βδέλυγμα.</strong></span> <span class='ocrx_word' id='word_1_463' title='bbox 1736 3240 1999 3312; x_wconf 74' lang='lat' dir='ltr'><strong>Augusti-</strong></span> 
     </span>
    </p>
   </div>
   <div class='ocr_carea' id='block_1_67' title="bbox 417 3327 1998 3398">
    <p class='ocr_par' dir='ltr' id='par_1_67' title="bbox 417 3327 1998 3398">
     <span class='ocr_line' id='line_1_67' title="bbox 417 3327 1998 3398; baseline 0.003 -16"><span class='ocrx_word' id='word_1_464' title='bbox 417 3343 525 3382; x_wconf 89' lang='lat' dir='ltr'><strong>nus</strong></span> <span class='ocrx_word' id='word_1_465' title='bbox 577 3329 792 3387; x_wconf 88' lang='lat' dir='ltr'><strong>asserit,</strong></span> <span class='ocrx_word' id='word_1_466' title='bbox 833 3328 1015 3398; x_wconf 78' lang='lat' dir='ltr'><strong>lingua</strong></span> <span class='ocrx_word' id='word_1_467' title='bbox 1060 3327 1288 3391; x_wconf 88' lang='lat' dir='ltr'><strong>Punica,</strong></span> <span class='ocrx_word' id='word_1_468' title='bbox 1318 3345 1438 3398; x_wconf 76' lang='lat' dir='ltr'><strong>qua:</strong></span> <span class='ocrx_word' id='word_1_469' title='bbox 1465 3346 1532 3384; x_wconf 79' lang='lat' dir='ltr'><strong>ex</strong></span> <span class='ocrx_word' id='word_1_470' title='bbox 1575 3330 1798 3386; x_wconf 68' lang='lat' dir='ltr'><strong>Hebraea</strong></span> <span class='ocrx_word' id='word_1_471' title='bbox 1848 3343 1998 3398; x_wconf 88' lang='lat' dir='ltr'><strong>nata,</strong></span> 
     </span>
    </p>
   </div>
   <div class='ocr_carea' id='block_1_68' title="bbox 416 3419 1998 3489">
    <p class='ocr_par' dir='ltr' id='par_1_68' title="bbox 416 3419 1998 3489">
     <span class='ocr_line' id='line_1_68' title="bbox 416 3419 1998 3489; baseline 0.003 -15"><span class='ocrx_word' id='word_1_472' title='bbox 416 3419 683 3474; x_wconf 77' lang='lat' dir='ltr'><strong>Juuoneu&#39;.</strong></span> <span class='ocrx_word' id='word_1_473' title='bbox 727 3420 844 3475; x_wconf 91' lang='lat' dir='ltr'><strong>sine</strong></span> <span class='ocrx_word' id='word_1_474' title='bbox 868 3419 1207 3476; x_wconf 86' lang='lat' dir='ltr'><strong>dubitatione</strong></span> <span class='ocrx_word' id='word_1_475' title='bbox 1233 3423 1414 3475; x_wconf 89' lang='lat' dir='ltr'><strong>vocari</strong></span> <span class='ocrx_word' id='word_1_476' title='bbox 1446 3423 1740 3488; x_wconf 85' lang='lat' dir='ltr'><strong>Astartem,</strong></span> <span class='ocrx_word' id='word_1_477' title='bbox 1771 3425 1865 3479; x_wconf 91' lang='lat' dir='ltr'><strong>lib.</strong></span> <span class='ocrx_word' id='word_1_478' title='bbox 1901 3440 1998 3489; x_wconf 87' lang='lat' dir='ltr'><strong>vn,</strong></span> 
     </span>
    </p>
   </div>
   <div class='ocr_carea' id='block_1_69' title="bbox 416 3509 1998 3581">
    <p class='ocr_par' dir='ltr' id='par_1_69' title="bbox 416 3509 1998 3581">
     <span class='ocr_line' id='line_1_69' title="bbox 416 3509 1998 3581; baseline 0.004 -19"><span class='ocrx_word' id='word_1_479' title='bbox 416 3519 611 3581; x_wconf 62' lang='lat' dir='ltr'><strong>quast.</strong></span> <span class='ocrx_word' id='word_1_480' title='bbox 643 3510 727 3564; x_wconf 79' lang='lat'><strong>16.</strong></span> <span class='ocrx_word' id='word_1_481' title='bbox 756 3510 935 3564; x_wconf 72' lang='lat' dir='ltr'><strong>Multa:</strong></span> <span class='ocrx_word' id='word_1_482' title='bbox 963 3509 1208 3567; x_wconf 80' lang='lat' dir='ltr'><strong>Junoncs</strong></span> <span class='ocrx_word' id='word_1_483' title='bbox 1245 3513 1545 3581; x_wconf 89' lang='lat' dir='ltr'><strong>veteribus,</strong></span> <span class='ocrx_word' id='word_1_484' title='bbox 1568 3513 1709 3568; x_wconf 84' lang='lat' dir='ltr'><strong>sicut</strong></span> <span class='ocrx_word' id='word_1_485' title='bbox 1739 3525 1791 3570; x_wconf 92' lang='lat' dir='ltr'><strong>et</strong></span> <span class='ocrx_word' id='word_1_486' title='bbox 1815 3513 1998 3578; x_wconf 75' lang='lat' dir='ltr'><strong>loves,</strong></span> 
     </span>
    </p>
   </div>
   <div class='ocr_carea' id='block_1_70' title="bbox 416 3601 2000 3678">
    <p class='ocr_par' dir='ltr' id='par_1_70' title="bbox 416 3601 2000 3678">
     <span class='ocr_line' id='line_1_70' title="bbox 416 3601 2000 3678; baseline 0.004 -22"><span class='ocrx_word' id='word_1_487' title='bbox 416 3609 471 3656; x_wconf 76' lang='lat' dir='ltr'><strong>et</strong></span> <span class='ocrx_word' id='word_1_488' title='bbox 500 3601 756 3668; x_wconf 75' lang='lat' dir='ltr'><strong>Veneres,</strong></span> <span class='ocrx_word' id='word_1_489' title='bbox 799 3605 923 3658; x_wconf 91' lang='lat' dir='ltr'><strong>inde</strong></span> <span class='ocrx_word' id='word_1_490' title='bbox 957 3601 1183 3667; x_wconf 78' lang='lat' dir='ltr'><strong>factum,</strong></span> <span class='ocrx_word' id='word_1_491' title='bbox 1222 3612 1282 3658; x_wconf 91' lang='lat' dir='ltr'><strong>ut</strong></span> <span class='ocrx_word' id='word_1_492' title='bbox 1332 3613 1526 3673; x_wconf 87' lang='lat' dir='ltr'><strong>quarta</strong></span> <span class='ocrx_word' id='word_1_493' title='bbox 1586 3604 1770 3661; x_wconf 85' lang='lat' dir='ltr'><strong>Venus</strong></span> <span class='ocrx_word' id='word_1_494' title='bbox 1793 3623 1820 3660; x_wconf 90' lang='lat' dir='ltr'><strong>a</strong></span> <span class='ocrx_word' id='word_1_495' title='bbox 1847 3607 2000 3678; x_wconf 76' lang='lat' dir='ltr'><strong>Syris</strong></span> 
     </span>
    </p>
   </div>
   <div class='ocr_carea' id='block_1_71' title="bbox 416 3694 1998 3768">
    <p class='ocr_par' dir='ltr' id='par_1_71' title="bbox 416 3694 1998 3768">
     <span class='ocr_line' id='line_1_71' title="bbox 416 3694 1998 3768; baseline 0.004 -21"><span class='ocrx_word' id='word_1_496' title='bbox 416 3697 653 3762; x_wconf 79' lang='lat' dir='ltr'><strong>Astarte,</strong></span> <span class='ocrx_word' id='word_1_497' title='bbox 684 3712 779 3750; x_wconf 87' lang='lat' dir='ltr'><strong>seu</strong></span> <span class='ocrx_word' id='word_1_498' title='bbox 819 3697 1074 3750; x_wconf 79' lang='lat' dir='ltr'><strong>Astarcth</strong></span> <span class='ocrx_word' id='word_1_499' title='bbox 1103 3695 1272 3768; x_wconf 69' lang='lat' dir='ltr'><strong>Syriae</strong></span> <span class='ocrx_word' id='word_1_500' title='bbox 1303 3708 1355 3752; x_wconf 90' lang='lat' dir='ltr'><strong>et</strong></span> <span class='ocrx_word' id='word_1_501' title='bbox 1381 3694 1508 3768; x_wconf 83' lang='lat' dir='ltr'><strong>Tyri</strong></span> <span class='ocrx_word' id='word_1_502' title='bbox 1547 3698 1653 3753; x_wconf 87' lang='lat' dir='ltr'><strong>ﬁlia</strong></span> <span class='ocrx_word' id='word_1_503' title='bbox 1690 3710 1998 3764; x_wconf 85' lang='lat' dir='ltr'><strong>vocaretur,</strong></span> 
     </span>
    </p>
   </div>
   <div class='ocr_carea' id='block_1_72' title="bbox 417 3789 2000 3857">
    <p class='ocr_par' dir='ltr' id='par_1_72' title="bbox 417 3789 2000 3857">
     <span class='ocr_line' id='line_1_72' title="bbox 417 3789 2000 3857; baseline 0.003 -15"><span class='ocrx_word' id='word_1_504' title='bbox 417 3798 556 3844; x_wconf 59' lang='lat' dir='ltr'><strong>terit:</strong></span> <span class='ocrx_word' id='word_1_505' title='bbox 584 3789 846 3841; x_wconf 67' lang='lat' dir='ltr'><strong>Cicerone</strong></span> <span class='ocrx_word' id='word_1_506' title='bbox 880 3789 973 3841; x_wconf 88' lang='lat' dir='ltr'><strong>lib.</strong></span> <span class='ocrx_word' id='word_1_507' title='bbox 999 3805 1055 3842; x_wconf 91' lang='grc' dir='ltr'>ιιι</span> <span class='ocrx_word' id='word_1_508' title='bbox 1090 3789 1166 3842; x_wconf 85' lang='lat' dir='ltr'><strong>De</strong></span> <span class='ocrx_word' id='word_1_509' title='bbox 1186 3803 1297 3842; x_wconf 87' lang='lat' dir='ltr'><strong>nat.</strong></span> <span class='ocrx_word' id='word_1_510' title='bbox 1323 3791 1468 3844; x_wconf 88' lang='lat' dir='ltr'><strong>deor.</strong></span> <span class='ocrx_word' id='word_1_511' title='bbox 1509 3792 1856 3857; x_wconf 85' lang='lat' dir='ltr'><strong>Quibusdam</strong></span> <span class='ocrx_word' id='word_1_512' title='bbox 1885 3794 2000 3847; x_wconf 64' lang='lat' dir='ltr'><strong>hinc</strong></span> 
     </span>
    </p>
   </div>
   <div class='ocr_carea' id='block_1_73' title="bbox 418 3878 1996 3955">
    <p class='ocr_par' dir='ltr' id='par_1_73' title="bbox 418 3878 1996 3955">
     <span class='ocr_line' id='line_1_73' title="bbox 418 3878 1996 3955; baseline 0.008 -24"><span class='ocrx_word' id='word_1_513' title='bbox 418 3878 591 3944; x_wconf 85' lang='lat' dir='ltr'><strong>Luna,</strong></span> <span class='ocrx_word' id='word_1_514' title='bbox 623 3897 716 3934; x_wconf 91' lang='lat' dir='ltr'><strong>seu</strong></span> <span class='ocrx_word' id='word_1_515' title='bbox 743 3881 911 3934; x_wconf 88' lang='lat' dir='ltr'><strong>Diana</strong></span> <span class='ocrx_word' id='word_1_516' title='bbox 935 3883 1161 3936; x_wconf 85' lang='lat' dir='ltr'><strong>credita.</strong></span> <span class='ocrx_word' id='word_1_517' title='bbox 1191 3882 1330 3937; x_wconf 93' lang='lat' dir='ltr'><strong>Sunt</strong></span> <span class='ocrx_word' id='word_1_518' title='bbox 1354 3886 1446 3954; x_wconf 82' lang='lat' dir='ltr'><strong>qui</strong></span> <span class='ocrx_word' id='word_1_519' title='bbox 1481 3895 1674 3955; x_wconf 87' lang='lat' dir='ltr'><strong>putant</strong></span> <span class='ocrx_word' id='word_1_520' title='bbox 1706 3902 1824 3940; x_wconf 92' lang='lat' dir='ltr'><strong>eam</strong></span> <span class='ocrx_word' id='word_1_521' title='bbox 1855 3903 1996 3951; x_wconf 89' lang='lat' dir='ltr'><strong>esse,</strong></span> 
     </span>
    </p>
   </div>
   <div class='ocr_carea' id='block_1_74' title="bbox 415 3969 1997 4043">
    <p class='ocr_par' dir='ltr' id='par_1_74' title="bbox 415 3969 1997 4043">
     <span class='ocr_line' id='line_1_74' title="bbox 415 3969 1997 4043; baseline 0.008 -22"><span class='ocrx_word' id='word_1_522' title='bbox 415 3983 538 4038; x_wconf 62' lang='lat' dir='ltr'><strong>quae</strong></span> <span class='ocrx_word' id='word_1_523' title='bbox 583 3969 638 4022; x_wconf 90' lang='lat' dir='ltr'><strong>in</strong></span> <span class='ocrx_word' id='word_1_524' title='bbox 688 3972 861 4025; x_wconf 88' lang='lat' dir='ltr'><strong>sacris</strong></span> <span class='ocrx_word' id='word_1_525' title='bbox 893 3970 1118 4026; x_wconf 82' lang='lat' dir='ltr'><strong>Litteris</strong></span> <span class='ocrx_word' id='word_1_526' title='bbox 1147 3980 1198 4026; x_wconf 88' lang='lat' dir='ltr'><strong>et</strong></span> <span class='ocrx_word' id='word_1_527' title='bbox 1246 3976 1516 4043; x_wconf 69' lang='lat' dir='ltr'><strong>praecipue</strong></span> <span class='ocrx_word' id='word_1_528' title='bbox 1548 3974 1800 4030; x_wconf 83' lang='lat' dir='ltr'><strong>Judicum</strong></span> <span class='ocrx_word' id='word_1_529' title='bbox 1845 3993 1898 4043; x_wconf 74' lang='grc' dir='ltr'><strong>ι,</strong></span> <span class='ocrx_word' id='word_1_530' title='bbox 1943 3978 1997 4043; x_wconf 90' lang='grc'><strong>6,</strong></span> 
     </span>
    </p>
   </div>
   <div class='ocr_carea' id='block_1_75' title="bbox 414 4061 1994 4139">
    <p class='ocr_par' dir='ltr' id='par_1_75' title="bbox 414 4061 1994 4139">
     <span class='ocr_line' id='line_1_75' title="bbox 414 4061 1994 4139; baseline 0.008 -27"><span class='ocrx_word' id='word_1_531' title='bbox 414 4061 676 4114; x_wconf 74' lang='lat' dir='ltr'><strong>Astaroth</strong></span> <span class='ocrx_word' id='word_1_532' title='bbox 706 4062 929 4128; x_wconf 90' lang='lat' dir='ltr'><strong>dicitur,</strong></span> <span class='ocrx_word' id='word_1_533' title='bbox 965 4070 1020 4117; x_wconf 91' lang='lat' dir='ltr'><strong>et</strong></span> <span class='ocrx_word' id='word_1_534' title='bbox 1059 4064 1151 4117; x_wconf 90' lang='lat' dir='ltr'><strong>ubi</strong></span> <span class='ocrx_word' id='word_1_535' title='bbox 1193 4062 1257 4117; x_wconf 71' lang='lat' dir='ltr'><strong>IV</strong></span> <span class='ocrx_word' id='word_1_536' title='bbox 1293 4063 1423 4136; x_wconf 76' lang='lat' dir='ltr'><strong>Reg.</strong></span> <span class='ocrx_word' id='word_1_537' title='bbox 1451 4083 1583 4120; x_wconf 73' lang='grc' dir='ltr'>χχιιι</span> <span class='ocrx_word' id='word_1_538' title='bbox 1607 4107 1621 4130; x_wconf 92' lang='grc'><strong>,</strong></span> <span class='ocrx_word' id='word_1_539' title='bbox 1651 4068 1716 4122; x_wconf 78' lang='lat' dir='ltr'><strong>l3</strong></span> <span class='ocrx_word' id='word_1_540' title='bbox 1760 4069 1994 4139; x_wconf 80' lang='lat' dir='ltr'><strong>legitur:</strong></span> 
     </span>
    </p>
   </div>
   <div class='ocr_carea' id='block_1_76' title="bbox 419 4149 1999 4219">
    <p class='ocr_par' dir='ltr' id='par_1_76' title="bbox 419 4149 1999 4219">
     <span class='ocr_line' id='line_1_76' title="bbox 419 4149 1999 4219; baseline 0.009 -18"><span class='ocrx_word' id='word_1_541' title='bbox 419 4149 553 4216; x_wconf 84' lang='lat' dir='ltr'><strong>Qua:</strong></span> <span class='ocrx_word' id='word_1_542' title='bbox 586 4151 940 4219; x_wconf 76' lang='lat' dir='ltr'><strong>wdiﬁcaverat</strong></span> <span class='ocrx_word' id='word_1_543' title='bbox 968 4150 1220 4206; x_wconf 77' lang='lat' dir='ltr'><strong>Salomon</strong></span> <span class='ocrx_word' id='word_1_544' title='bbox 1249 4171 1340 4207; x_wconf 73' lang='lat' dir='ltr'><strong>rex</strong></span> <span class='ocrx_word' id='word_1_545' title='bbox 1361 4155 1536 4210; x_wconf 82' lang='lat' dir='ltr'><strong>Israel</strong></span> <span class='ocrx_word' id='word_1_546' title='bbox 1562 4157 1818 4212; x_wconf 81' lang='lat' dir='ltr'><strong>Astaroth</strong></span> <span class='ocrx_word' id='word_1_547' title='bbox 1855 4160 1999 4215; x_wconf 90' lang='lat' dir='ltr'><strong>idolo</strong></span> 
     </span>
    </p>
   </div>
   <div class='ocr_carea' id='block_1_77' title="bbox 349 4239 2001 4322">
    <p class='ocr_par' dir='ltr' id='par_1_77' title="bbox 349 4239 2001 4322">
     <span class='ocr_line' id='line_1_77' title="bbox 349 4239 2001 4322; baseline 0.006 -28"><span class='ocrx_word' id='word_1_548' title='bbox 349 4272 355 4280; x_wconf 92' lang='lat'><strong>-</strong></span> <span class='ocrx_word' id='word_1_549' title='bbox 417 4239 785 4305; x_wconf 85' lang='lat' dir='ltr'><strong>Sidoniorum,</strong></span> <span class='ocrx_word' id='word_1_550' title='bbox 825 4242 1180 4313; x_wconf 81' lang='lat' dir='ltr'><strong>Septuaginta</strong></span> <span class='ocrx_word' id='word_1_551' title='bbox 1218 4255 1454 4309; x_wconf 91' lang='lat' dir='ltr'><strong>vertunt,</strong></span> <span class='ocrx_word' id='word_1_552' title='bbox 1473 4247 1531 4301; x_wconf 79' lang='grc' dir='ltr'><strong>ὃν</strong></span> <span class='ocrx_word' id='word_1_553' title='bbox 1556 4248 1870 4322; x_wconf 79' lang='grc' dir='ltr'><strong>ᾠκοδόμησε</strong></span> <span class='ocrx_word' id='word_1_554' title='bbox 1897 4252 2001 4304; x_wconf 85' lang='grc' dir='ltr'><strong>Σα-</strong></span> 
     </span>
    </p>
   </div>
   <div class='ocr_carea' id='block_1_78' title="bbox 415 4330 1998 4412">
    <p class='ocr_par' dir='ltr' id='par_1_78' title="bbox 415 4330 1998 4412">
     <span class='ocr_line' id='line_1_78' title="bbox 415 4330 1998 4412; baseline 0.007 -27"><span class='ocrx_word' id='word_1_555' title='bbox 415 4330 596 4403; x_wconf 78' lang='grc' dir='ltr'><strong>λομὼν</strong></span> <span class='ocrx_word' id='word_1_556' title='bbox 627 4333 879 4403; x_wconf 79' lang='grc' dir='ltr'><strong>βασιλεὺς</strong></span> <span class='ocrx_word' id='word_1_557' title='bbox 915 4333 1128 4406; x_wconf 75' lang='grc' dir='ltr'><strong>Ἰσραὴλ</strong></span> <span class='ocrx_word' id='word_1_558' title='bbox 1169 4338 1236 4407; x_wconf 84' lang='grc' dir='ltr'><strong>τῇ</strong></span> <span class='ocrx_word' id='word_1_559' title='bbox 1282 4338 1571 4412; x_wconf 82' lang='grc' dir='ltr'><strong>Ἀστάρτῃ.</strong></span> <span class='ocrx_word' id='word_1_560' title='bbox 1603 4340 1681 4394; x_wconf 83' lang='lat' dir='ltr'><strong>sic</strong></span> <span class='ocrx_word' id='word_1_561' title='bbox 1711 4342 1856 4394; x_wconf 92' lang='lat' dir='ltr'><strong>enim</strong></span> <span class='ocrx_word' id='word_1_562' title='bbox 1900 4358 1998 4412; x_wconf 87' lang='lat' dir='ltr'><strong>pu-</strong></span> 
     </span>
    </p>
   </div>
   <div class='ocr_carea' id='block_1_79' title="bbox 2101 3233 3691 3305">
    <p class='ocr_par' dir='ltr' id='par_1_79' title="bbox 2101 3233 3691 3305">
     <span class='ocr_line' id='line_1_79' title="bbox 2101 3233 3691 3305; baseline 0.003 -19"><span class='ocrx_word' id='word_1_563' title='bbox 2101 3233 2212 3286; x_wconf 91' lang='lat' dir='ltr'><strong>rint</strong></span> <span class='ocrx_word' id='word_1_564' title='bbox 2236 3247 2346 3302; x_wconf 66' lang='lat' dir='ltr'><strong>prae</strong></span> <span class='ocrx_word' id='word_1_565' title='bbox 2370 3234 2581 3301; x_wconf 88' lang='lat' dir='ltr'><strong>oculis;</strong></span> <span class='ocrx_word' id='word_1_566' title='bbox 2609 3235 2682 3288; x_wconf 91' lang='lat' dir='ltr'><strong>ibi</strong></span> <span class='ocrx_word' id='word_1_567' title='bbox 2712 3235 3145 3304; x_wconf 83' lang='lat' dir='ltr'><strong>enimAtargatis</strong></span> <span class='ocrx_word' id='word_1_568' title='bbox 3164 3235 3376 3305; x_wconf 83' lang='lat' dir='ltr'><strong>legitur.</strong></span> <span class='ocrx_word' id='word_1_569' title='bbox 3395 3233 3476 3288; x_wconf 80' lang='lat' dir='ltr'><strong>En</strong></span> <span class='ocrx_word' id='word_1_570' title='bbox 3502 3235 3691 3303; x_wconf 71' lang='lat' dir='ltr'><strong>singu-</strong></span> 
     </span>
    </p>
   </div>
   <div class='ocr_carea' id='block_1_80' title="bbox 2101 3323 3692 3383">
    <p class='ocr_par' dir='ltr' id='par_1_80' title="bbox 2101 3323 3692 3383">
     <span class='ocr_line' id='line_1_80' title="bbox 2101 3323 3692 3383; baseline 0.003 -5"><span class='ocrx_word' id='word_1_571' title='bbox 2101 3323 2216 3379; x_wconf 87' lang='lat' dir='ltr'><strong>lare</strong></span> <span class='ocrx_word' id='word_1_572' title='bbox 2240 3325 2308 3379; x_wconf 90' lang='lat' dir='ltr'><strong>de</strong></span> <span class='ocrx_word' id='word_1_573' title='bbox 2336 3325 2439 3380; x_wconf 89' lang='lat' dir='ltr'><strong>hac</strong></span> <span class='ocrx_word' id='word_1_574' title='bbox 2467 3328 2768 3381; x_wconf 87' lang='lat' dir='ltr'><strong>mutatione</strong></span> <span class='ocrx_word' id='word_1_575' title='bbox 2788 3325 3076 3383; x_wconf 87' lang='lat' dir='ltr'><strong>Strabonis</strong></span> <span class='ocrx_word' id='word_1_576' title='bbox 3095 3328 3464 3381; x_wconf 87' lang='lat' dir='ltr'><strong>testimonium</strong></span> <span class='ocrx_word' id='word_1_577' title='bbox 3503 3331 3558 3382; x_wconf 93' lang='lat' dir='ltr'><strong>in</strong></span> <span class='ocrx_word' id='word_1_578' title='bbox 3586 3329 3692 3383; x_wconf 88' lang='lat' dir='ltr'><strong>ﬁne</strong></span> 
     </span>
    </p>
   </div>
   <div class='ocr_carea' id='block_1_81' title="bbox 2101 3414 3692 3491">
    <p class='ocr_par' dir='ltr' id='par_1_81' title="bbox 2101 3414 3692 3491">
     <span class='ocr_line' id='line_1_81' title="bbox 2101 3414 3692 3491; baseline 0.003 -22"><span class='ocrx_word' id='word_1_579' title='bbox 2101 3414 2231 3469; x_wconf 91' lang='lat' dir='ltr'><strong>dicti</strong></span> <span class='ocrx_word' id='word_1_580' title='bbox 2265 3416 2414 3478; x_wconf 92' lang='lat' dir='ltr'><strong>libri,</strong></span> <span class='ocrx_word' id='word_1_581' title='bbox 2447 3418 2511 3469; x_wconf 82' lang='lat' dir='ltr'><strong>Ai</strong></span> <span class='ocrx_word' id='word_1_582' title='bbox 2537 3417 2592 3470; x_wconf 84' lang='grc' dir='ltr'><strong>δὲ</strong></span> <span class='ocrx_word' id='word_1_583' title='bbox 2612 3419 2720 3470; x_wconf 84' lang='grc' dir='ltr'><strong>τῶν</strong></span> <span class='ocrx_word' id='word_1_584' title='bbox 2737 3419 3014 3489; x_wconf 82' lang='grc' dir='ltr'><strong>ὀνομάτων</strong></span> <span class='ocrx_word' id='word_1_585' title='bbox 3043 3419 3434 3491; x_wconf 80' lang='grc' dir='ltr'><strong>μεταπτώσεις,</strong></span> <span class='ocrx_word' id='word_1_586' title='bbox 3458 3421 3559 3474; x_wconf 75' lang='grc' dir='ltr'><strong>καὶ</strong></span> <span class='ocrx_word' id='word_1_587' title='bbox 3589 3423 3692 3491; x_wconf 63' lang='lat' dir='ltr'><strong>pd-</strong></span> 
     </span>
    </p>
   </div>
   <div class='ocr_carea' id='block_1_82' title="bbox 2101 3505 3692 3585">
    <p class='ocr_par' dir='ltr' id='par_1_82' title="bbox 2101 3505 3692 3585">
     <span class='ocr_line' id='line_1_82' title="bbox 2101 3505 3692 3585; baseline 0.005 -26"><span class='ocrx_word' id='word_1_588' title='bbox 2101 3505 2256 3561; x_wconf 86' lang='grc' dir='ltr'><strong>λιστα</strong></span> <span class='ocrx_word' id='word_1_589' title='bbox 2272 3507 2378 3561; x_wconf 83' lang='grc' dir='ltr'><strong>τῶν</strong></span> <span class='ocrx_word' id='word_1_590' title='bbox 2407 3509 2754 3582; x_wconf 71' lang='grc' dir='ltr'><strong>βαρϐαρικῶν</strong></span> <span class='ocrx_word' id='word_1_591' title='bbox 2791 3512 3001 3574; x_wconf 69' lang='grc' dir='ltr'><strong>πολλαὶ,</strong></span> <span class='ocrx_word' id='word_1_592' title='bbox 3031 3511 3278 3582; x_wconf 77' lang='grc' dir='ltr'><strong>καθάπερ</strong></span> <span class='ocrx_word' id='word_1_593' title='bbox 3295 3513 3386 3565; x_wconf 78' lang='grc' dir='ltr'><strong>τὸν</strong></span> <span class='ocrx_word' id='word_1_594' title='bbox 3409 3515 3692 3585; x_wconf 65' lang='grc' dir='ltr'><strong>Δαριήκτςν</strong></span> 
     </span>
    </p>
   </div>
   <div class='ocr_carea' id='block_1_83' title="bbox 2099 3600 3692 3678">
    <p class='ocr_par' dir='ltr' id='par_1_83' title="bbox 2099 3600 3692 3678">
     <span class='ocr_line' id='line_1_83' title="bbox 2099 3600 3692 3678; baseline 0.005 -27"><span class='ocrx_word' id='word_1_595' title='bbox 2099 3600 2324 3670; x_wconf 83' lang='grc' dir='ltr'><strong>Δαρεῖον</strong></span> <span class='ocrx_word' id='word_1_596' title='bbox 2351 3601 2637 3666; x_wconf 78' lang='grc' dir='ltr'><strong>ἐκάλεσαν,</strong></span> <span class='ocrx_word' id='word_1_597' title='bbox 2665 3602 2764 3673; x_wconf 79' lang='grc' dir='ltr'><strong>τὴν</strong></span> <span class='ocrx_word' id='word_1_598' title='bbox 2787 3602 2842 3656; x_wconf 82' lang='grc' dir='ltr'><strong>δὲ</strong></span> <span class='ocrx_word' id='word_1_599' title='bbox 2872 3604 3129 3676; x_wconf 77' lang='grc' dir='ltr'><strong>Πάρζιλιν</strong></span> <span class='ocrx_word' id='word_1_600' title='bbox 3147 3606 3478 3677; x_wconf 79' lang='grc' dir='ltr'><strong>Παρυσάτιν,</strong></span> <span class='ocrx_word' id='word_1_601' title='bbox 3499 3605 3628 3658; x_wconf 71' lang='grc' dir='ltr'><strong>Ἄτα</strong></span> <span class='ocrx_word' id='word_1_602' title='bbox 3638 3625 3692 3678; x_wconf 85' lang='grc' dir='ltr'><strong>ρ-</strong></span> 
     </span>
    </p>
   </div>
   <div class='ocr_carea' id='block_1_84' title="bbox 2100 3689 3690 3765">
    <p class='ocr_par' dir='ltr' id='par_1_84' title="bbox 2100 3689 3690 3765">
     <span class='ocr_line' id='line_1_84' title="bbox 2100 3689 3690 3765; baseline 0.005 -25"><span class='ocrx_word' id='word_1_603' title='bbox 2100 3690 2274 3760; x_wconf 77' lang='grc' dir='ltr'><strong>γατὴν</strong></span> <span class='ocrx_word' id='word_1_604' title='bbox 2295 3689 2352 3742; x_wconf 83' lang='grc' dir='ltr'><strong>δὲ</strong></span> <span class='ocrx_word' id='word_1_605' title='bbox 2382 3692 2524 3760; x_wconf 79' lang='lat' dir='ltr'><strong>(lego</strong></span> <span class='ocrx_word' id='word_1_606' title='bbox 2559 3693 2908 3763; x_wconf 82' lang='grc' dir='ltr'><strong>Ἀταργάτιν,</strong></span> <span class='ocrx_word' id='word_1_607' title='bbox 2936 3695 3022 3748; x_wconf 88' lang='lat' dir='ltr'><strong>vel</strong></span> <span class='ocrx_word' id='word_1_608' title='bbox 3072 3695 3194 3748; x_wconf 84' lang='grc' dir='ltr'><strong>Ἀτε</strong></span> <span class='ocrx_word' id='word_1_609' title='bbox 3207 3695 3416 3765; x_wconf 82' lang='grc' dir='ltr'><strong>ργάτιν,</strong></span> <span class='ocrx_word' id='word_1_610' title='bbox 3441 3705 3506 3748; x_wconf 80' lang='grc' dir='ltr'>ιιι</span> <span class='ocrx_word' id='word_1_611' title='bbox 3526 3710 3690 3764; x_wconf 85' lang='lat' dir='ltr'><strong>supe-</strong></span> 
     </span>
    </p>
   </div>
   <div class='ocr_carea' id='block_1_85' title="bbox 2100 3780 3687 3859">
    <p class='ocr_par' dir='ltr' id='par_1_85' title="bbox 2100 3780 3687 3859">
     <span class='ocr_line' id='line_1_85' title="bbox 2100 3780 3687 3859; baseline 0.006 -27"><span class='ocrx_word' id='word_1_612' title='bbox 2100 3780 2216 3833; x_wconf 86' lang='lat' dir='ltr'><strong>rius</strong></span> <span class='ocrx_word' id='word_1_613' title='bbox 2270 3781 2386 3848; x_wconf 89' lang='lat' dir='ltr'><strong>ipse</strong></span> <span class='ocrx_word' id='word_1_614' title='bbox 2432 3784 2750 3852; x_wconf 75' lang='lat' dir='ltr'><strong>scripserat,</strong></span> <span class='ocrx_word' id='word_1_615' title='bbox 2801 3786 2906 3841; x_wconf 91' lang='lat' dir='ltr'><strong>nisi</strong></span> <span class='ocrx_word' id='word_1_616' title='bbox 2956 3789 3093 3842; x_wconf 84' lang='lat' dir='ltr'><strong>velis</strong></span> <span class='ocrx_word' id='word_1_617' title='bbox 3152 3789 3524 3858; x_wconf 77' lang='grc' dir='ltr'><strong>Ἀταργάτην)</strong></span> <span class='ocrx_word' id='word_1_618' title='bbox 3585 3791 3687 3859; x_wconf 67' lang='grc' dir='ltr'><strong>τὴν</strong></span> 
     </span>
    </p>
   </div>
   <div class='ocr_carea' id='block_1_86' title="bbox 2112 3867 3687 3947">
    <p class='ocr_par' dir='ltr' id='par_1_86' title="bbox 2112 3867 3687 3947">
     <span class='ocr_line' id='line_1_86' title="bbox 2112 3867 3687 3947; baseline 0.008 -26"><span class='ocrx_word' id='word_1_619' title='bbox 2112 3869 2371 3942; x_wconf 83' lang='grc' dir='ltr'><strong>Ἀθάραν,</strong></span> <span class='ocrx_word' id='word_1_620' title='bbox 2395 3867 2646 3944; x_wconf 81' lang='grc' dir='ltr'><strong>Δερκετὼ</strong></span> <span class='ocrx_word' id='word_1_621' title='bbox 2673 3873 2728 3928; x_wconf 81' lang='grc' dir='ltr'><strong>δὲ</strong></span> <span class='ocrx_word' id='word_1_622' title='bbox 2757 3877 2924 3947; x_wconf 78' lang='grc' dir='ltr'><strong>αὐτὴν</strong></span> <span class='ocrx_word' id='word_1_623' title='bbox 2961 3877 3207 3947; x_wconf 76' lang='grc' dir='ltr'><strong>Κτησίας</strong></span> <span class='ocrx_word' id='word_1_624' title='bbox 3241 3877 3411 3930; x_wconf 81' lang='grc' dir='ltr'><strong>καλεῖ.</strong></span> <span class='ocrx_word' id='word_1_625' title='bbox 3434 3878 3687 3934; x_wconf 71' lang='lat' dir='ltr'><strong>Astartes</strong></span> 
     </span>
    </p>
   </div>
   <div class='ocr_carea' id='block_1_87' title="bbox 2100 3959 3682 4032">
    <p class='ocr_par' dir='ltr' id='par_1_87' title="bbox 2100 3959 3682 4032">
     <span class='ocr_line' id='line_1_87' title="bbox 2100 3959 3682 4032; baseline 0.005 -19"><span class='ocrx_word' id='word_1_626' title='bbox 2100 3959 2228 4014; x_wconf 91' lang='lat' dir='ltr'><strong>item</strong></span> <span class='ocrx_word' id='word_1_627' title='bbox 2269 3963 2569 4017; x_wconf 89' lang='lat' dir='ltr'><strong>meminere</strong></span> <span class='ocrx_word' id='word_1_628' title='bbox 2621 3963 2898 4026; x_wconf 63' lang='lat' dir='ltr'><strong>Elianus.</strong></span> <span class='ocrx_word' id='word_1_629' title='bbox 2943 3965 3136 4021; x_wconf 87' lang='lat' dir='ltr'><strong>Cicero</strong></span> <span class='ocrx_word' id='word_1_630' title='bbox 3182 3966 3256 4021; x_wconf 87' lang='lat' dir='ltr'><strong>De</strong></span> <span class='ocrx_word' id='word_1_631' title='bbox 3304 3977 3486 4021; x_wconf 86' lang='lat' dir='ltr'><strong>natur.</strong></span> <span class='ocrx_word' id='word_1_632' title='bbox 3512 3968 3682 4032; x_wconf 65' lang='grc' dir='ltr'><strong>ἄρον..</strong></span> 
     </span>
    </p>
   </div>
   <div class='ocr_carea' id='block_1_88' title="bbox 2101 4049 3682 4127">
    <p class='ocr_par' dir='ltr' id='par_1_88' title="bbox 2101 4049 3682 4127">
     <span class='ocr_line' id='line_1_88' title="bbox 2101 4049 3682 4127; baseline 0.006 -24"><span class='ocrx_word' id='word_1_633' title='bbox 2101 4049 2470 4107; x_wconf 87' lang='lat' dir='ltr'><strong>Tcrtullianus</strong></span> <span class='ocrx_word' id='word_1_634' title='bbox 2527 4055 2582 4108; x_wconf 92' lang='lat' dir='ltr'><strong>in</strong></span> <span class='ocrx_word' id='word_1_635' title='bbox 2629 4055 2849 4126; x_wconf 80' lang='lat' dir='ltr'><strong>Apolog.</strong></span> <span class='ocrx_word' id='word_1_636' title='bbox 2883 4071 3004 4126; x_wconf 89' lang='lat' dir='ltr'><strong>cap.</strong></span> <span class='ocrx_word' id='word_1_637' title='bbox 3047 4057 3140 4116; x_wconf 74' lang='grc'><strong>24,</strong></span> <span class='ocrx_word' id='word_1_638' title='bbox 3170 4055 3441 4127; x_wconf 82' lang='lat' dir='ltr'><strong>Josephus</strong></span> <span class='ocrx_word' id='word_1_639' title='bbox 3496 4069 3682 4112; x_wconf 73' lang='lat' dir='ltr'><strong>contra</strong></span> 
     </span>
    </p>
   </div>
   <div class='ocr_carea' id='block_1_89' title="bbox 2099 4141 3680 4219">
    <p class='ocr_par' dir='ltr' id='par_1_89' title="bbox 2099 4141 3680 4219">
     <span class='ocr_line' id='line_1_89' title="bbox 2099 4141 3680 4219; baseline 0.007 -25"><span class='ocrx_word' id='word_1_640' title='bbox 2099 4141 2694 4210; x_wconf 80' lang='lat' dir='ltr'><strong>Appionem.Eusebius</strong></span> <span class='ocrx_word' id='word_1_641' title='bbox 2720 4147 2797 4201; x_wconf 89' lang='lat' dir='ltr'><strong>De</strong></span> <span class='ocrx_word' id='word_1_642' title='bbox 2834 4150 3219 4217; x_wconf 59' lang='lat' dir='ltr'><strong>preparatione</strong></span> <span class='ocrx_word' id='word_1_643' title='bbox 3261 4151 3494 4219; x_wconf 81' lang='lat' dir='ltr'><strong>evangel.</strong></span> <span class='ocrx_word' id='word_1_644' title='bbox 3525 4152 3621 4205; x_wconf 90' lang='lat' dir='ltr'><strong>lib.</strong></span> <span class='ocrx_word' id='word_1_645' title='bbox 3647 4165 3680 4215; x_wconf 91' lang='grc' dir='ltr'><strong>ι,</strong></span> 
     </span>
    </p>
   </div>
   <div class='ocr_carea' id='block_1_90' title="bbox 2098 4232 3681 4312">
    <p class='ocr_par' dir='ltr' id='par_1_90' title="bbox 2098 4232 3681 4312">
     <span class='ocr_line' id='line_1_90' title="bbox 2098 4232 3681 4312; baseline 0.005 -26"><span class='ocrx_word' id='word_1_646' title='bbox 2098 4247 2222 4301; x_wconf 90' lang='lat' dir='ltr'><strong>cap.</strong></span> <span class='ocrx_word' id='word_1_647' title='bbox 2275 4232 2329 4288; x_wconf 76' lang='lat'><strong>2.</strong></span> <span class='ocrx_word' id='word_1_648' title='bbox 2403 4233 2741 4304; x_wconf 86' lang='lat' dir='ltr'><strong>Epiphanius</strong></span> <span class='ocrx_word' id='word_1_649' title='bbox 2790 4254 2858 4292; x_wconf 79' lang='lat' dir='ltr'><strong>ex</strong></span> <span class='ocrx_word' id='word_1_650' title='bbox 2908 4239 3139 4294; x_wconf 86' lang='lat' dir='ltr'><strong>aliorum</strong></span> <span class='ocrx_word' id='word_1_651' title='bbox 3190 4240 3448 4310; x_wconf 78' lang='lat' dir='ltr'><strong>Opinione</strong></span> <span class='ocrx_word' id='word_1_652' title='bbox 3502 4244 3681 4312; x_wconf 87' lang='lat' dir='ltr'><strong>prodit</strong></span> 
     </span>
    </p>
   </div>
   <div class='ocr_carea' id='block_1_91' title="bbox 2099 4323 3680 4398">
    <p class='ocr_par' dir='ltr' id='par_1_91' title="bbox 2099 4323 3680 4398">
     <span class='ocr_line' id='line_1_91' title="bbox 2099 4323 3680 4398; baseline 0.007 -23"><span class='ocrx_word' id='word_1_653' title='bbox 2099 4335 2308 4394; x_wconf 86' lang='lat' dir='ltr'><strong>patrem</strong></span> <span class='ocrx_word' id='word_1_654' title='bbox 2340 4323 2734 4381; x_wconf 77' lang='lat' dir='ltr'><strong>Melchisedech</strong></span> <span class='ocrx_word' id='word_1_655' title='bbox 2775 4327 2981 4385; x_wconf 91' lang='lat' dir='ltr'><strong>dictum</strong></span> <span class='ocrx_word' id='word_1_656' title='bbox 3027 4329 3196 4386; x_wconf 82' lang='lat' dir='ltr'><strong>fuisse</strong></span> <span class='ocrx_word' id='word_1_657' title='bbox 3225 4329 3542 4398; x_wconf 77' lang='lat' dir='ltr'><strong>lleraclsm,</strong></span> <span class='ocrx_word' id='word_1_658' title='bbox 3573 4347 3680 4389; x_wconf 80' lang='lat' dir='ltr'><strong>nn-</strong></span> 
     </span>
    </p>
   </div>
   <div class='ocr_carea' id='block_1_92' title="bbox 413 4419 2007 4513">
    <p class='ocr_par' dir='ltr' id='par_1_92' title="bbox 413 4422 1999 4500">
     <span class='ocr_line' id='line_1_92' title="bbox 413 4422 1999 4500; baseline 0.006 -23"><span class='ocrx_word' id='word_1_659' title='bbox 413 4430 532 4477; x_wconf 86' lang='lat' dir='ltr'><strong>tant</strong></span> <span class='ocrx_word' id='word_1_660' title='bbox 566 4422 874 4494; x_wconf 72' lang='lat' dir='ltr'><strong>legendum,</strong></span> <span class='ocrx_word' id='word_1_661' title='bbox 908 4441 1015 4478; x_wconf 91' lang='lat' dir='ltr'><strong>non</strong></span> <span class='ocrx_word' id='word_1_662' title='bbox 1049 4425 1301 4498; x_wconf 85' lang='grc' dir='ltr'><strong>Ἀσάλτῃ.</strong></span> <span class='ocrx_word' id='word_1_663' title='bbox 1333 4427 1415 4489; x_wconf 85' lang='grc' dir='ltr'><strong>Ει.</strong></span> <span class='ocrx_word' id='word_1_664' title='bbox 1438 4429 1455 4483; x_wconf 88' lang='grc'><strong>1</strong></span> <span class='ocrx_word' id='word_1_665' title='bbox 1482 4428 1612 4500; x_wconf 77' lang='lat' dir='ltr'><strong>Reg.</strong></span> <span class='ocrx_word' id='word_1_666' title='bbox 1640 4448 1789 4491; x_wconf 69' lang='lat' dir='ltr'><strong>xxiii.</strong></span> <span class='ocrx_word' id='word_1_667' title='bbox 1811 4433 1908 4488; x_wconf 71' lang='lat'><strong>10:</strong></span> <span class='ocrx_word' id='word_1_668' title='bbox 1933 4431 1999 4487; x_wconf 85' lang='lat' dir='ltr'><strong>Et</strong></span> 
     </span>
    </p>
   </div>
   <div class='ocr_carea' id='block_1_93' title="bbox 2109 4419 2710 4513">
    <p class='ocr_par' dir='ltr' id='par_1_93' title="bbox 2109 4419 2710 4472">
     <span class='ocr_line' id='line_1_93' title="bbox 2109 4419 2710 4472; baseline 0.003 -3"><span class='ocrx_word' id='word_1_669' title='bbox 2109 4425 2236 4469; x_wconf 87' lang='lat' dir='ltr'><strong>trem</strong></span> <span class='ocrx_word' id='word_1_670' title='bbox 2263 4430 2391 4470; x_wconf 81' lang='lat' dir='ltr'><strong>vero</strong></span> <span class='ocrx_word' id='word_1_671' title='bbox 2428 4419 2710 4472; x_wconf 80' lang='lat' dir='ltr'><strong>Astarotli.</strong></span> 
     </span>
    </p>
   </div>
   <div class='ocr_carea' id='block_1_94' title="bbox 411 4515 1983 4594">
    <p class='ocr_par' dir='ltr' id='par_1_94' title="bbox 411 4515 1983 4594">
     <span class='ocr_line' id='line_1_94' title="bbox 411 4515 1983 4594; baseline 0.009 -27"><span class='ocrx_word' id='word_1_672' title='bbox 411 4524 699 4583; x_wconf 81' lang='lat' dir='ltr'><strong>posuerunt</strong></span> <span class='ocrx_word' id='word_1_673' title='bbox 745 4531 899 4569; x_wconf 86' lang='lat' dir='ltr'><strong>arma</strong></span> <span class='ocrx_word' id='word_1_674' title='bbox 943 4515 1057 4579; x_wconf 87' lang='lat' dir='ltr'><strong>eius</strong></span> <span class='ocrx_word' id='word_1_675' title='bbox 1096 4517 1150 4570; x_wconf 87' lang='lat' dir='ltr'><strong>in</strong></span> <span class='ocrx_word' id='word_1_676' title='bbox 1190 4521 1378 4586; x_wconf 82' lang='lat' dir='ltr'><strong>te-uplo</strong></span> <span class='ocrx_word' id='word_1_677' title='bbox 1411 4520 1719 4577; x_wconf 79' lang='lat' dir='ltr'><strong>Astlraroth.</strong></span> <span class='ocrx_word' id='word_1_678' title='bbox 1759 4524 1983 4594; x_wconf 86' lang='lat' dir='ltr'><strong>Septua-</strong></span> 
     </span>
    </p>
   </div>
   <div class='ocr_carea' id='block_1_95' title="bbox 414 4605 1994 4689">
    <p class='ocr_par' dir='ltr' id='par_1_95' title="bbox 414 4605 1994 4689">
     <span class='ocr_line' id='line_1_95' title="bbox 414 4605 1994 4689; baseline 0.01 -34"><span class='ocrx_word' id='word_1_679' title='bbox 414 4605 587 4674; x_wconf 64' lang='lat' dir='ltr'><strong>ginta,</strong></span> <span class='ocrx_word' id='word_1_680' title='bbox 615 4605 723 4658; x_wconf 76' lang='lat' dir='ltr'><strong>Kal.</strong></span> <span class='ocrx_word' id='word_1_681' title='bbox 756 4605 1026 4678; x_wconf 84' lang='grc' dir='ltr'><strong>ἀνέθηκαν</strong></span> <span class='ocrx_word' id='word_1_682' title='bbox 1051 4605 1118 4659; x_wconf 81' lang='grc' dir='ltr'><strong>τὰ</strong></span> <span class='ocrx_word' id='word_1_683' title='bbox 1142 4608 1308 4680; x_wconf 77' lang='grc' dir='ltr'><strong>σκεύη</strong></span> <span class='ocrx_word' id='word_1_684' title='bbox 1336 4611 1501 4664; x_wconf 73' lang='grc' dir='ltr'><strong>αὑτοῦ</strong></span> <span class='ocrx_word' id='word_1_685' title='bbox 1542 4614 1622 4675; x_wconf 73' lang='grc' dir='ltr'><strong>εἰς</strong></span> <span class='ocrx_word' id='word_1_686' title='bbox 1656 4612 1718 4666; x_wconf 80' lang='grc' dir='ltr'><strong>τὸ</strong></span> <span class='ocrx_word' id='word_1_687' title='bbox 1764 4615 1994 4689; x_wconf 77' lang='grc' dir='ltr'><strong>Ἀστάρ-</strong></span> 
     </span>
    </p>
   </div>
   <div class='ocr_carea' id='block_1_96' title="bbox 415 4692 2001 4773">
    <p class='ocr_par' dir='ltr' id='par_1_96' title="bbox 415 4692 2001 4773">
     <span class='ocr_line' id='line_1_96' title="bbox 415 4692 2001 4773; baseline 0.009 -28"><span class='ocrx_word' id='word_1_688' title='bbox 415 4695 578 4758; x_wconf 82' lang='grc' dir='ltr'><strong>τεῖον,</strong></span> <span class='ocrx_word' id='word_1_689' title='bbox 609 4694 698 4747; x_wconf 90' lang='lat' dir='ltr'><strong>ubi</strong></span> <span class='ocrx_word' id='word_1_690' title='bbox 734 4692 915 4748; x_wconf 90' lang='lat' dir='ltr'><strong>Schol.</strong></span> <span class='ocrx_word' id='word_1_691' title='bbox 950 4697 1030 4759; x_wconf 81' lang='grc' dir='ltr'><strong>εἰς</strong></span> <span class='ocrx_word' id='word_1_692' title='bbox 1058 4696 1116 4749; x_wconf 83' lang='grc' dir='ltr'><strong>τὸ</strong></span> <span class='ocrx_word' id='word_1_693' title='bbox 1153 4697 1295 4768; x_wconf 78' lang='grc' dir='ltr'><strong>ἱερὸν</strong></span> <span class='ocrx_word' id='word_1_694' title='bbox 1322 4699 1421 4769; x_wconf 81' lang='grc' dir='ltr'><strong>τῆς</strong></span> <span class='ocrx_word' id='word_1_695' title='bbox 1463 4701 1780 4773; x_wconf 82' lang='grc' dir='ltr'><strong>Ἀστάρτης.</strong></span> <span class='ocrx_word' id='word_1_696' title='bbox 1830 4703 2001 4760; x_wconf 82' lang='lat' dir='ltr'><strong>Sonat</strong></span> 
     </span>
    </p>
   </div>
   <div class='ocr_carea' id='block_1_97' title="bbox 415 4783 1998 4862">
    <p class='ocr_par' dir='ltr' id='par_1_97' title="bbox 415 4783 1998 4862">
     <span class='ocr_line' id='line_1_97' title="bbox 415 4783 1998 4862; baseline 0.01 -25"><span class='ocrx_word' id='word_1_697' title='bbox 415 4783 737 4838; x_wconf 68' lang='lat' dir='ltr'><strong>Platonicum</strong></span> <span class='ocrx_word' id='word_1_698' title='bbox 795 4787 977 4857; x_wconf 83' lang='lat' dir='ltr'><strong>lingua</strong></span> <span class='ocrx_word' id='word_1_699' title='bbox 1029 4786 1239 4859; x_wconf 85' lang='lat' dir='ltr'><strong>Greges,</strong></span> <span class='ocrx_word' id='word_1_700' title='bbox 1281 4791 1444 4861; x_wconf 82' lang='grc' dir='ltr'><strong>μῆλα,</strong></span> <span class='ocrx_word' id='word_1_701' title='bbox 1473 4801 1526 4846; x_wconf 92' lang='lat' dir='ltr'><strong>et</strong></span> <span class='ocrx_word' id='word_1_702' title='bbox 1566 4795 1708 4862; x_wconf 89' lang='lat' dir='ltr'><strong>apud</strong></span> <span class='ocrx_word' id='word_1_703' title='bbox 1743 4795 1998 4853; x_wconf 75' lang='lat' dir='ltr'><strong>Hebraeos</strong></span> 
     </span>
    </p>
   </div>
   <div class='ocr_carea' id='block_1_98' title="bbox 414 4876 1999 4958">
    <p class='ocr_par' dir='ltr' id='par_1_98' title="bbox 414 4876 1999 4958">
     <span class='ocr_line' id='line_1_98' title="bbox 414 4876 1999 4958; baseline 0.01 -29"><span class='ocrx_word' id='word_1_704' title='bbox 414 4876 603 4930; x_wconf 85' lang='lat' dir='ltr'><strong>eadem</strong></span> <span class='ocrx_word' id='word_1_705' title='bbox 638 4891 766 4930; x_wconf 86' lang='lat' dir='ltr'><strong>voce</strong></span> <span class='ocrx_word' id='word_1_706' title='bbox 797 4877 1172 4946; x_wconf 79' lang='lat' dir='ltr'><strong>proferuntur,</strong></span> <span class='ocrx_word' id='word_1_707' title='bbox 1199 4879 1410 4949; x_wconf 67' lang='lat' dir='ltr'><strong>Grcgcs,</strong></span> <span class='ocrx_word' id='word_1_708' title='bbox 1435 4892 1488 4937; x_wconf 86' lang='lat' dir='ltr'><strong>et</strong></span> <span class='ocrx_word' id='word_1_709' title='bbox 1515 4888 1803 4950; x_wconf 77' lang='lat' dir='ltr'><strong>Astaroth;</strong></span> <span class='ocrx_word' id='word_1_710' title='bbox 1829 4907 1999 4958; x_wconf 88' lang='lat' dir='ltr'><strong>quare</strong></span> 
     </span>
    </p>
   </div>
   <div class='ocr_carea' id='block_1_99' title="bbox 415 4963 1998 5045">
    <p class='ocr_par' dir='ltr' id='par_1_99' title="bbox 415 4963 1998 5045">
     <span class='ocr_line' id='line_1_99' title="bbox 415 4963 1998 5045; baseline 0.011 -28"><span class='ocrx_word' id='word_1_711' title='bbox 415 4963 585 5018; x_wconf 86' lang='lat' dir='ltr'><strong>David</strong></span> <span class='ocrx_word' id='word_1_712' title='bbox 625 4963 827 5028; x_wconf 86' lang='lat' dir='ltr'><strong>Kimhi,</strong></span> <span class='ocrx_word' id='word_1_713' title='bbox 883 4975 936 5020; x_wconf 90' lang='lat' dir='ltr'><strong>et</strong></span> <span class='ocrx_word' id='word_1_714' title='bbox 981 4967 1226 5024; x_wconf 79' lang='lat' dir='ltr'><strong>Marinus</strong></span> <span class='ocrx_word' id='word_1_715' title='bbox 1283 4971 1577 5027; x_wconf 79' lang='lat' dir='ltr'><strong>Brixianns</strong></span> <span class='ocrx_word' id='word_1_716' title='bbox 1643 4978 1998 5045; x_wconf 87' lang='lat' dir='ltr'><strong>suspicantur</strong></span> 
     </span>
    </p>
   </div>
   <div class='ocr_carea' id='block_1_100' title="bbox 414 5057 1998 5124">
    <p class='ocr_par' dir='ltr' id='par_1_100' title="bbox 414 5057 1998 5124">
     <span class='ocr_line' id='line_1_100' title="bbox 414 5057 1998 5124; baseline 0.009 -14"><span class='ocrx_word' id='word_1_717' title='bbox 414 5057 619 5110; x_wconf 89' lang='lat' dir='ltr'><strong>idolum</strong></span> <span class='ocrx_word' id='word_1_718' title='bbox 662 5057 832 5111; x_wconf 79' lang='lat' dir='ltr'><strong>fuisse</strong></span> <span class='ocrx_word' id='word_1_719' title='bbox 869 5057 1038 5122; x_wconf 63' lang='lat' dir='ltr'><strong>ﬁgura</strong></span> <span class='ocrx_word' id='word_1_720' title='bbox 1075 5063 1216 5124; x_wconf 79' lang='lat' dir='ltr'><strong>avis,</strong></span> <span class='ocrx_word' id='word_1_721' title='bbox 1254 5062 1328 5114; x_wconf 87' lang='lat' dir='ltr'><strong>ita</strong></span> <span class='ocrx_word' id='word_1_722' title='bbox 1370 5063 1641 5120; x_wconf 82' lang='lat' dir='ltr'><strong>referente</strong></span> <span class='ocrx_word' id='word_1_723' title='bbox 1670 5067 1879 5124; x_wconf 84' lang='lat' dir='ltr'><strong>Joanne</strong></span> <span class='ocrx_word' id='word_1_724' title='bbox 1910 5070 1998 5124; x_wconf 81' lang='lat' dir='ltr'><strong>Pi-</strong></span> 
     </span>
    </p>
   </div>
   <div class='ocr_carea' id='block_1_101' title="bbox 414 5146 1996 5220">
    <p class='ocr_par' dir='ltr' id='par_1_101' title="bbox 414 5146 1996 5220">
     <span class='ocr_line' id='line_1_101' title="bbox 414 5146 1996 5220; baseline 0.013 -20"><span class='ocrx_word' id='word_1_725' title='bbox 414 5146 552 5200; x_wconf 82' lang='lat' dir='ltr'><strong>neda</strong></span> <span class='ocrx_word' id='word_1_726' title='bbox 585 5147 676 5200; x_wconf 90' lang='lat' dir='ltr'><strong>lib.</strong></span> <span class='ocrx_word' id='word_1_727' title='bbox 701 5164 771 5200; x_wconf 88' lang='lat' dir='ltr'><strong>vn</strong></span> <span class='ocrx_word' id='word_1_728' title='bbox 794 5147 870 5200; x_wconf 90' lang='lat' dir='ltr'><strong>De</strong></span> <span class='ocrx_word' id='word_1_729' title='bbox 889 5149 1038 5203; x_wconf 80' lang='lat' dir='ltr'><strong>rebus</strong></span> <span class='ocrx_word' id='word_1_730' title='bbox 1073 5149 1300 5214; x_wconf 79' lang='lat' dir='ltr'><strong>S:tlom.,</strong></span> <span class='ocrx_word' id='word_1_731' title='bbox 1330 5168 1380 5206; x_wconf 91' lang='lat' dir='ltr'><strong>c.</strong></span> <span class='ocrx_word' id='word_1_732' title='bbox 1410 5155 1494 5217; x_wconf 83' lang='lat' dir='ltr'><strong>ll,</strong></span> <span class='ocrx_word' id='word_1_733' title='bbox 1522 5173 1670 5210; x_wconf 90' lang='lat' dir='ltr'><strong>num.</strong></span> <span class='ocrx_word' id='word_1_734' title='bbox 1706 5159 1760 5216; x_wconf 73' lang='grc'><strong>2.</strong></span> <span class='ocrx_word' id='word_1_735' title='bbox 1791 5160 1996 5220; x_wconf 66' lang='lat' dir='ltr'><strong>Griecis</strong></span> 
     </span>
    </p>
   </div>
   <div class='ocr_carea' id='block_1_102' title="bbox 413 5237 2070 5328">
    <p class='ocr_par' dir='ltr' id='par_1_102' title="bbox 413 5237 2070 5328">
     <span class='ocr_line' id='line_1_102' title="bbox 413 5237 2070 5328; baseline 0.012 -38"><span class='ocrx_word' id='word_1_736' title='bbox 413 5237 636 5292; x_wconf 71' lang='lat' dir='ltr'><strong>Dei-ceto</strong></span> <span class='ocrx_word' id='word_1_737' title='bbox 691 5239 796 5292; x_wconf 89' lang='lat' dir='ltr'><strong>dici</strong></span> <span class='ocrx_word' id='word_1_738' title='bbox 849 5241 1061 5304; x_wconf 86' lang='lat' dir='ltr'><strong>volunt,</strong></span> <span class='ocrx_word' id='word_1_739' title='bbox 1117 5258 1251 5297; x_wconf 85' lang='lat' dir='ltr'><strong>voce</strong></span> <span class='ocrx_word' id='word_1_740' title='bbox 1290 5246 1544 5300; x_wconf 90' lang='lat' dir='ltr'><strong>nimirum</strong></span> <span class='ocrx_word' id='word_1_741' title='bbox 1579 5251 1788 5306; x_wconf 88' lang='lat' dir='ltr'><strong>detorta</strong></span> <span class='ocrx_word' id='word_1_742' title='bbox 1826 5272 1853 5307; x_wconf 89' lang='lat' dir='ltr'><strong>a</strong></span> <span class='ocrx_word' id='word_1_743' title='bbox 1895 5257 1995 5328; x_wconf 80' lang='lat' dir='ltr'><strong>Sy-</strong></span> <span class='ocrx_word' id='word_1_744' title='bbox 2060 5287 2070 5295; x_wconf 90' lang='lat'><strong>-</strong></span> 
     </span>
    </p>
   </div>
   <div class='ocr_carea' id='block_1_103' title="bbox 413 5330 1990 5410">
    <p class='ocr_par' dir='ltr' id='par_1_103' title="bbox 413 5330 1990 5410">
     <span class='ocr_line' id='line_1_103' title="bbox 413 5330 1990 5410; baseline 0.014 -30"><span class='ocrx_word' id='word_1_745' title='bbox 413 5330 561 5383; x_wconf 86' lang='lat' dir='ltr'><strong>riaca</strong></span> <span class='ocrx_word' id='word_1_746' title='bbox 617 5330 932 5408; x_wconf 75' lang='lat' dir='ltr'><strong>Adarduga,</strong></span> <span class='ocrx_word' id='word_1_747' title='bbox 988 5348 1094 5402; x_wconf 87' lang='lat' dir='ltr'><strong>qua</strong></span> <span class='ocrx_word' id='word_1_748' title='bbox 1171 5335 1248 5387; x_wconf 92' lang='lat' dir='ltr'><strong>illi</strong></span> <span class='ocrx_word' id='word_1_749' title='bbox 1326 5338 1526 5405; x_wconf 89' lang='lat' dir='ltr'><strong>piscem</strong></span> <span class='ocrx_word' id='word_1_750' title='bbox 1581 5343 1990 5410; x_wconf 79' lang='lat' dir='ltr'><strong>signiﬁcabant.</strong></span> 
     </span>
    </p>
   </div>
   <div class='ocr_carea' id='block_1_104' title="bbox 411 5418 1989 5507">
    <p class='ocr_par' dir='ltr' id='par_1_104' title="bbox 411 5418 1989 5507">
     <span class='ocr_line' id='line_1_104' title="bbox 411 5418 1989 5507; baseline 0.015 -37"><span class='ocrx_word' id='word_1_751' title='bbox 411 5418 594 5484; x_wconf 82' lang='lat' dir='ltr'><strong>Quare</strong></span> <span class='ocrx_word' id='word_1_752' title='bbox 641 5420 969 5478; x_wconf 88' lang='lat' dir='ltr'><strong>Laurentius</strong></span> <span class='ocrx_word' id='word_1_753' title='bbox 1019 5423 1355 5482; x_wconf 82' lang='lat' dir='ltr'><strong>Ramiresius</strong></span> <span class='ocrx_word' id='word_1_754' title='bbox 1403 5432 1457 5484; x_wconf 91' lang='lat' dir='ltr'><strong>in</strong></span> <span class='ocrx_word' id='word_1_755' title='bbox 1517 5431 1989 5507; x_wconf 76' lang='lat' dir='ltr'><strong>Peutecoutarcho,</strong></span> 
     </span>
    </p>
   </div>
   <div class='ocr_carea' id='block_1_105' title="bbox 412 5513 1991 5602">
    <p class='ocr_par' dir='ltr' id='par_1_105' title="bbox 412 5513 1991 5602">
     <span class='ocr_line' id='line_1_105' title="bbox 412 5513 1991 5602; baseline 0.016 -40"><span class='ocrx_word' id='word_1_756' title='bbox 412 5526 532 5579; x_wconf 85' lang='lat' dir='ltr'><strong>cap.</strong></span> <span class='ocrx_word' id='word_1_757' title='bbox 563 5513 654 5576; x_wconf 71' lang='grc'><strong>21,</strong></span> <span class='ocrx_word' id='word_1_758' title='bbox 692 5517 918 5587; x_wconf 82' lang='lat' dir='ltr'><strong>corrigit</strong></span> <span class='ocrx_word' id='word_1_759' title='bbox 956 5515 1316 5581; x_wconf 72' lang='lat' dir='ltr'><strong>Macr-obium,</strong></span> <span class='ocrx_word' id='word_1_760' title='bbox 1356 5522 1449 5576; x_wconf 89' lang='lat' dir='ltr'><strong>lib.</strong></span> <span class='ocrx_word' id='word_1_761' title='bbox 1479 5541 1516 5588; x_wconf 85' lang='grc' dir='ltr'><strong>ι,</strong></span> <span class='ocrx_word' id='word_1_762' title='bbox 1555 5541 1674 5597; x_wconf 84' lang='lat' dir='ltr'><strong>cap.</strong></span> <span class='ocrx_word' id='word_1_763' title='bbox 1711 5531 1800 5596; x_wconf 55' lang='lat' dir='ltr'><strong>ﬁt,</strong></span> <span class='ocrx_word' id='word_1_764' title='bbox 1838 5535 1991 5602; x_wconf 82' lang='lat' dir='ltr'><strong>Apud</strong></span> 
     </span>
    </p>
   </div>
   <div class='ocr_carea' id='block_1_106' title="bbox 411 5602 1987 5684">
    <p class='ocr_par' dir='ltr' id='par_1_106' title="bbox 411 5602 1987 5684">
     <span class='ocr_line' id='line_1_106' title="bbox 411 5602 1987 5684; baseline 0.018 -31"><span class='ocrx_word' id='word_1_765' title='bbox 411 5619 538 5670; x_wconf 89' lang='lat' dir='ltr'><strong>quos</strong></span> <span class='ocrx_word' id='word_1_766' title='bbox 573 5602 783 5660; x_wconf 85' lang='lat' dir='ltr'><strong>Veneris</strong></span> <span class='ocrx_word' id='word_1_767' title='bbox 818 5608 1132 5672; x_wconf 81' lang='lat' dir='ltr'><strong>Architidis,</strong></span> <span class='ocrx_word' id='word_1_768' title='bbox 1161 5622 1210 5666; x_wconf 91' lang='lat' dir='ltr'><strong>et</strong></span> <span class='ocrx_word' id='word_1_769' title='bbox 1236 5613 1434 5669; x_wconf 84' lang='lat' dir='ltr'><strong>Adonis</strong></span> <span class='ocrx_word' id='word_1_770' title='bbox 1471 5621 1721 5684; x_wconf 74' lang='lat' dir='ltr'><strong>maxime,</strong></span> <span class='ocrx_word' id='word_1_771' title='bbox 1755 5631 1863 5678; x_wconf 89' lang='lat' dir='ltr'><strong>etc.</strong></span> <span class='ocrx_word' id='word_1_772' title='bbox 1912 5628 1987 5681; x_wconf 74' lang='lat' dir='ltr'><strong>Ex</strong></span> 
     </span>
    </p>
   </div>
   <div class='ocr_carea' id='block_1_107' title="bbox 407 5688 1982 5789">
    <p class='ocr_par' dir='ltr' id='par_1_107' title="bbox 407 5688 1982 5789">
     <span class='ocr_line' id='line_1_107' title="bbox 407 5688 1982 5789; baseline 0.016 -45"><span class='ocrx_word' id='word_1_773' title='bbox 407 5688 572 5762; x_wconf 75' lang='lat' dir='ltr'><strong>Plinii</strong></span> <span class='ocrx_word' id='word_1_774' title='bbox 599 5694 694 5748; x_wconf 87' lang='lat' dir='ltr'><strong>lib.</strong></span> <span class='ocrx_word' id='word_1_775' title='bbox 724 5709 778 5749; x_wconf 73' lang='lat' dir='ltr'><strong>v1</strong></span> <span class='ocrx_word' id='word_1_776' title='bbox 817 5694 950 5753; x_wconf 85' lang='lat' dir='ltr'><strong>Nat.</strong></span> <span class='ocrx_word' id='word_1_777' title='bbox 984 5697 1135 5766; x_wconf 51' lang='lat' dir='ltr'><strong>hist”</strong></span> <span class='ocrx_word' id='word_1_778' title='bbox 1170 5717 1219 5758; x_wconf 93' lang='lat' dir='ltr'><strong>c.</strong></span> <span class='ocrx_word' id='word_1_779' title='bbox 1263 5704 1354 5775; x_wconf 67' lang='lat'><strong>23,</strong></span> <span class='ocrx_word' id='word_1_780' title='bbox 1399 5707 1571 5777; x_wconf 80' lang='lat' dir='ltr'><strong>Syriis</strong></span> <span class='ocrx_word' id='word_1_781' title='bbox 1608 5729 1726 5767; x_wconf 74' lang='lat' dir='ltr'><strong>vero</strong></span> <span class='ocrx_word' id='word_1_782' title='bbox 1765 5713 1982 5789; x_wconf 75' lang='lat' dir='ltr'><strong>Magog,</strong></span> 
     </span>
    </p>
   </div>
   <div class='ocr_carea' id='block_1_108' title="bbox 2173 4506 3674 4579">
    <p class='ocr_par' dir='ltr' id='par_1_108' title="bbox 2173 4506 3674 4579">
     <span class='ocr_line' id='line_1_108' title="bbox 2173 4506 3674 4579; baseline 0.009 -19"><span class='ocrx_word' id='word_1_783' title='bbox 2173 4506 2333 4574; x_wconf 90' lang='lat' dir='ltr'><strong>Ibid.,</strong></span> <span class='ocrx_word' id='word_1_784' title='bbox 2395 4509 2492 4563; x_wconf 92' lang='lat' dir='ltr'><strong>lin.</strong></span> <span class='ocrx_word' id='word_1_785' title='bbox 2541 4509 2632 4564; x_wconf 71' lang='grc'><strong>45.</strong></span> <span class='ocrx_word' id='word_1_786' title='bbox 2690 4512 2790 4579; x_wconf 82' lang='grc' dir='ltr'><strong>Ὠς</strong></span> <span class='ocrx_word' id='word_1_787' title='bbox 2839 4513 2936 4568; x_wconf 76' lang='grc' dir='ltr'><strong>ἐπὶ</strong></span> <span class='ocrx_word' id='word_1_788' title='bbox 2975 4515 3389 4570; x_wconf 74' lang='grc' dir='ltr'><strong>πολύκατα.ῐη</strong></span> <span class='ocrx_word' id='word_1_789' title='bbox 3421 4519 3592 4576; x_wconf 78' lang='lat' dir='ltr'><strong>malis</strong></span> <span class='ocrx_word' id='word_1_790' title='bbox 3631 4529 3674 4574; x_wconf 76' lang='lat' dir='ltr'><strong>et</strong></span> 
     </span>
    </p>
   </div>
   <div class='ocr_carea' id='block_1_109' title="bbox 2101 4599 3672 4674">
    <p class='ocr_par' dir='ltr' id='par_1_109' title="bbox 2101 4599 3672 4674">
     <span class='ocr_line' id='line_1_109' title="bbox 2101 4599 3672 4674; baseline 0.008 -22"><span class='ocrx_word' id='word_1_791' title='bbox 2101 4599 2506 4656; x_wconf 88' lang='lat' dir='ltr'><strong>calamitatibus</strong></span> <span class='ocrx_word' id='word_1_792' title='bbox 2547 4602 2615 4656; x_wconf 89' lang='lat' dir='ltr'><strong>ad</strong></span> <span class='ocrx_word' id='word_1_793' title='bbox 2656 4601 2824 4657; x_wconf 85' lang='lat' dir='ltr'><strong>Deum</strong></span> <span class='ocrx_word' id='word_1_794' title='bbox 2867 4606 3230 4674; x_wconf 83' lang='lat' dir='ltr'><strong>ccelestesqne</strong></span> <span class='ocrx_word' id='word_1_795' title='bbox 3279 4609 3469 4662; x_wconf 77' lang='lat' dir='ltr'><strong>auxilii</strong></span> <span class='ocrx_word' id='word_1_796' title='bbox 3518 4624 3672 4665; x_wconf 77' lang='lat' dir='ltr'><strong>causa</strong></span> 
     </span>
    </p>
   </div>
   <div class='ocr_carea' id='block_1_110' title="bbox 2101 4691 3672 4774">
    <p class='ocr_par' dir='ltr' id='par_1_110' title="bbox 2101 4691 3672 4774">
     <span class='ocr_line' id='line_1_110' title="bbox 2101 4691 3672 4774; baseline 0.01 -31"><span class='ocrx_word' id='word_1_797' title='bbox 2101 4691 2471 4761; x_wconf 82' lang='lat' dir='ltr'><strong>confugimus,</strong></span> <span class='ocrx_word' id='word_1_798' title='bbox 2505 4694 2718 4765; x_wconf 85' lang='lat' dir='ltr'><strong>hocque</strong></span> <span class='ocrx_word' id='word_1_799' title='bbox 2745 4696 2989 4754; x_wconf 86' lang='lat' dir='ltr'><strong>solemne</strong></span> <span class='ocrx_word' id='word_1_800' title='bbox 3011 4707 3096 4754; x_wconf 88' lang='lat' dir='ltr'><strong>est</strong></span> <span class='ocrx_word' id='word_1_801' title='bbox 3118 4699 3398 4756; x_wconf 86' lang='lat' dir='ltr'><strong>omnibus.</strong></span> <span class='ocrx_word' id='word_1_802' title='bbox 3419 4699 3672 4774; x_wconf 73' lang='lat' dir='ltr'><strong>Virgilius</strong></span> 
     </span>
    </p>
   </div>
   <div class='ocr_carea' id='block_1_111' title="bbox 2099 4783 2520 4844">
    <p class='ocr_par' dir='ltr' id='par_1_111' title="bbox 2099 4783 2520 4844">
     <span class='ocr_line' id='line_1_111' title="bbox 2099 4783 2520 4844; baseline 0.014 -6"><span class='ocrx_word' id='word_1_803' title='bbox 2099 4783 2316 4839; x_wconf 64' lang='lat' dir='ltr'><strong>:Eneid.</strong></span> <span class='ocrx_word' id='word_1_804' title='bbox 2343 4787 2436 4842; x_wconf 91' lang='lat' dir='ltr'><strong>lib.</strong></span> <span class='ocrx_word' id='word_1_805' title='bbox 2467 4803 2520 4844; x_wconf 74' lang='grc' dir='ltr'><strong>ιε</strong></span> 
     </span>
    </p>
   </div>
   <div class='ocr_carea' id='block_1_112' title="bbox 2102 4894 3510 4974">
    <p class='ocr_par' dir='ltr' id='par_1_112' title="bbox 2102 4894 3510 4974">
     <span class='ocr_line' id='line_1_112' title="bbox 2102 4894 3510 4974; baseline 0.009 -26"><span class='ocrx_word' id='word_1_806' title='bbox 2102 4894 2315 4974; x_wconf 48' lang='lat' dir='ltr'><strong>{nterea</strong></span> <span class='ocrx_word' id='word_1_807' title='bbox 2345 4899 2696 4974; x_wconf 17' lang='lat' dir='ltr'><strong>ad‘teniplum</strong></span> <span class='ocrx_word' id='word_1_808' title='bbox 2730 4920 2833 4958; x_wconf 88' lang='lat' dir='ltr'><strong>non</strong></span> <span class='ocrx_word' id='word_1_809' title='bbox 2869 4921 3031 4974; x_wconf 69' lang='lat' dir='ltr'><strong>(aqua:</strong></span> <span class='ocrx_word' id='word_1_810' title='bbox 3061 4901 3308 4959; x_wconf 74' lang='lat' dir='ltr'><strong>Palladis</strong></span> <span class='ocrx_word' id='word_1_811' title='bbox 3355 4905 3510 4960; x_wconf 74' lang='lat' dir='ltr'><strong>ibant</strong></span> 
     </span>
    </p>
   </div>
   <div class='ocr_carea' id='block_1_113' title="bbox 2100 4965 3449 5044">
    <p class='ocr_par' dir='ltr' id='par_1_113' title="bbox 2100 4965 3449 5044">
     <span class='ocr_line' id='line_1_113' title="bbox 2100 4965 3449 5044; baseline 0.01 -28"><span class='ocrx_word' id='word_1_812' title='bbox 2100 4965 2351 5044; x_wconf 52' lang='lat' dir='ltr'><strong>Qriniltus</strong></span> <span class='ocrx_word' id='word_1_813' title='bbox 2386 4965 2587 5044; x_wconf 78' lang='lat' dir='ltr'><strong>Iliades</strong></span> <span class='ocrx_word' id='word_1_814' title='bbox 2613 4975 2808 5040; x_wconf 76' lang='lat' dir='ltr'><strong>passis.</strong></span> <span class='ocrx_word' id='word_1_815' title='bbox 2849 4965 3155 5043; x_wconf 75' lang='lat' dir='ltr'><strong>peplumque</strong></span> <span class='ocrx_word' id='word_1_816' title='bbox 3185 4974 3449 5044; x_wconf 72' lang='lat' dir='ltr'><strong>ferrbant,</strong></span> 
     </span>
    </p>
   </div>
   <div class='ocr_carea' id='block_1_114' title="bbox 2099 5036 3434 5114">
    <p class='ocr_par' dir='ltr' id='par_1_114' title="bbox 2099 5036 3434 5114">
     <span class='ocr_line' id='line_1_114' title="bbox 2099 5036 3434 5114; baseline 0.01 -29"><span class='ocrx_word' id='word_1_817' title='bbox 2099 5036 2419 5104; x_wconf 78' lang='lat' dir='ltr'><strong>Suppliciler</strong></span> <span class='ocrx_word' id='word_1_818' title='bbox 2457 5036 2657 5110; x_wconf 76' lang='lat' dir='ltr'><strong>tristes,</strong></span> <span class='ocrx_word' id='word_1_819' title='bbox 2687 5053 2737 5097; x_wconf 89' lang='lat' dir='ltr'><strong>et</strong></span> <span class='ocrx_word' id='word_1_820' title='bbox 2773 5036 2943 5098; x_wconf 77' lang='lat' dir='ltr'><strong>tunsa:</strong></span> <span class='ocrx_word' id='word_1_821' title='bbox 2971 5036 3194 5114; x_wconf 73' lang='lat' dir='ltr'><strong>pectora</strong></span> <span class='ocrx_word' id='word_1_822' title='bbox 3214 5047 3434 5114; x_wconf 84' lang='lat' dir='ltr'><strong>palmis.</strong></span> 
     </span>
    </p>
   </div>
   <div class='ocr_carea' id='block_1_115' title="bbox 2099 5125 2403 5184">
    <p class='ocr_par' dir='ltr' id='par_1_115' title="bbox 2099 5125 2403 5184">
     <span class='ocr_line' id='line_1_115' title="bbox 2099 5125 2403 5184; baseline 0.016 -6"><span class='ocrx_word' id='word_1_823' title='bbox 2099 5125 2164 5179; x_wconf 83' lang='grc' dir='ltr'><strong>Ει</strong></span> <span class='ocrx_word' id='word_1_824' title='bbox 2195 5128 2270 5182; x_wconf 89' lang='lat' dir='ltr'><strong>lib</strong></span> <span class='ocrx_word' id='word_1_825' title='bbox 2320 5144 2357 5182; x_wconf 90' lang='lat' dir='ltr'><strong>ll</strong></span> <span class='ocrx_word' id='word_1_826' title='bbox 2390 5149 2403 5184; x_wconf 90' lang='lat'>:</span> 
     </span>
    </p>
   </div>
   <div class='ocr_carea' id='block_1_116' title="bbox 2099 5215 3666 5298">
    <p class='ocr_par' dir='ltr' id='par_1_116' title="bbox 2099 5215 3666 5298">
     <span class='ocr_line' id='line_1_116' title="bbox 2099 5215 3666 5298; baseline 0.01 -28"><span class='ocrx_word' id='word_1_827' title='bbox 2099 5215 2212 5298; x_wconf 47' lang='lat' dir='ltr'><strong>{Vae</strong></span> <span class='ocrx_word' id='word_1_828' title='bbox 2243 5237 2346 5298; x_wconf 75' lang='lat' dir='ltr'><strong>non</strong></span> <span class='ocrx_word' id='word_1_829' title='bbox 2376 5221 2444 5273; x_wconf 88' lang='lat' dir='ltr'><strong>ad</strong></span> <span class='ocrx_word' id='word_1_830' title='bbox 2475 5226 2744 5292; x_wconf 87' lang='lat' dir='ltr'><strong>templum.</strong></span> <span class='ocrx_word' id='word_1_831' title='bbox 2771 5243 3107 5298; x_wconf 86' lang='lat' dir='ltr'><strong>summasque</strong></span> <span class='ocrx_word' id='word_1_832' title='bbox 3139 5228 3209 5281; x_wconf 86' lang='lat' dir='ltr'><strong>ad</strong></span> <span class='ocrx_word' id='word_1_833' title='bbox 3253 5227 3505 5285; x_wconf 81' lang='lat' dir='ltr'><strong>Palladis</strong></span> <span class='ocrx_word' id='word_1_834' title='bbox 3535 5246 3666 5285; x_wconf 78' lang='lat' dir='ltr'><strong>arces</strong></span> 
     </span>
    </p>
   </div>
   <div class='ocr_carea' id='block_1_117' title="bbox 2097 5285 3350 5368">
    <p class='ocr_par' dir='ltr' id='par_1_117' title="bbox 2097 5285 3350 5368">
     <span class='ocr_line' id='line_1_117' title="bbox 2097 5285 3350 5368; baseline 0.01 -29"><span class='ocrx_word' id='word_1_835' title='bbox 2097 5285 2410 5368; x_wconf 58' lang='lat' dir='ltr'><strong>Subrehjtur</strong></span> <span class='ocrx_word' id='word_1_836' title='bbox 2441 5285 2634 5368; x_wconf 73' lang='lat' dir='ltr'><strong>magna</strong></span> <span class='ocrx_word' id='word_1_837' title='bbox 2665 5308 2890 5351; x_wconf 85' lang='lat' dir='ltr'><strong>matrum</strong></span> <span class='ocrx_word' id='word_1_838' title='bbox 2928 5285 3106 5368; x_wconf 82' lang='lat' dir='ltr'><strong>regina</strong></span> <span class='ocrx_word' id='word_1_839' title='bbox 3136 5310 3350 5352; x_wconf 74' lang='lat' dir='ltr'><strong>caterva</strong></span> 
     </span>
    </p>
   </div>
   <div class='ocr_carea' id='block_1_118' title="bbox 2094 5355 3410 5442">
    <p class='ocr_par' dir='ltr' id='par_1_118' title="bbox 2094 5355 3410 5442">
     <span class='ocr_line' id='line_1_118' title="bbox 2094 5355 3410 5442; baseline 0.014 -35"><span class='ocrx_word' id='word_1_840' title='bbox 2094 5355 2250 5442; x_wconf 63' lang='grc' dir='ltr'><strong>ρυιια</strong></span> <span class='ocrx_word' id='word_1_841' title='bbox 2278 5361 2469 5442; x_wconf 69' lang='lat' dir='ltr'><strong>ferens,</strong></span> <span class='ocrx_word' id='word_1_842' title='bbox 2500 5355 2762 5442; x_wconf 59' lang='grc' dir='ltr'><strong>⁸ᾔὶιέζιαιμιιε</strong></span> <span class='ocrx_word' id='word_1_843' title='bbox 2795 5385 2965 5424; x_wconf 80' lang='lat' dir='ltr'><strong>comes</strong></span> <span class='ocrx_word' id='word_1_844' title='bbox 2982 5355 3217 5424; x_wconf 56' lang='lat' dir='ltr'><strong>lavinia</strong></span> <span class='ocrx_word' id='word_1_845' title='bbox 3261 5371 3410 5440; x_wconf 78' lang='lat' dir='ltr'><strong>uirgo</strong></span> 
     </span>
    </p>
   </div>
   <div class='ocr_carea' id='block_1_119' title="bbox 2095 5428 2622 5491">
    <p class='ocr_par' dir='ltr' id='par_1_119' title="bbox 2095 5428 2622 5491">
     <span class='ocr_line' id='line_1_119' title="bbox 2095 5428 2622 5491; baseline 0.015 -9"><span class='ocrx_word' id='word_1_846' title='bbox 2095 5428 2284 5482; x_wconf 80' lang='lat' dir='ltr'><strong>Causa</strong></span> <span class='ocrx_word' id='word_1_847' title='bbox 2310 5434 2437 5485; x_wconf 85' lang='lat' dir='ltr'><strong>mali</strong></span> <span class='ocrx_word' id='word_1_848' title='bbox 2466 5428 2622 5491; x_wconf 83' lang='lat' dir='ltr'><strong>tanti.</strong></span> 
     </span>
    </p>
   </div>
   <div class='ocr_carea' id='block_1_120' title="bbox 2096 5539 3654 5618">
    <p class='ocr_par' dir='ltr' id='par_1_120' title="bbox 2096 5539 3654 5618">
     <span class='ocr_line' id='line_1_120' title="bbox 2096 5539 3654 5618; baseline 0.009 -24"><span class='ocrx_word' id='word_1_849' title='bbox 2096 5539 2389 5599; x_wconf 89' lang='lat' dir='ltr'><strong>Sallustius</strong></span> <span class='ocrx_word' id='word_1_850' title='bbox 2437 5547 2491 5599; x_wconf 89' lang='lat' dir='ltr'><strong>in</strong></span> <span class='ocrx_word' id='word_1_851' title='bbox 2526 5545 2804 5618; x_wconf 86' lang='lat' dir='ltr'><strong>Conjurat.</strong></span> <span class='ocrx_word' id='word_1_852' title='bbox 2829 5549 3082 5606; x_wconf 73' lang='lat' dir='ltr'><strong>Catilina:</strong></span> <span class='ocrx_word' id='word_1_853' title='bbox 3113 5569 3131 5607; x_wconf 91' lang='lat'><strong><em>:</em></strong></span> <span class='ocrx_word' id='word_1_854' title='bbox 3164 5554 3249 5608; x_wconf 81' lang='lat' dir='ltr'><strong>Ad</strong></span> <span class='ocrx_word' id='word_1_855' title='bbox 3278 5554 3378 5610; x_wconf 81' lang='lat' dir='ltr'><strong>hoc</strong></span> <span class='ocrx_word' id='word_1_856' title='bbox 3408 5557 3654 5609; x_wconf 71' lang='lat' dir='ltr'><strong>mulieres.</strong></span> 
     </span>
    </p>
   </div>
   <div class='ocr_carea' id='block_1_121' title="bbox 2090 5632 3656 5706">
    <p class='ocr_par' dir='ltr' id='par_1_121' title="bbox 2090 5632 3656 5706">
     <span class='ocr_line' id='line_1_121' title="bbox 2090 5632 3656 5706; baseline 0.011 -23"><span class='ocrx_word' id='word_1_857' title='bbox 2090 5632 2278 5701; x_wconf 83' lang='lat' dir='ltr'><strong>quibus</strong></span> <span class='ocrx_word' id='word_1_858' title='bbox 2311 5651 2404 5704; x_wconf 87' lang='lat' dir='ltr'><strong>pro</strong></span> <span class='ocrx_word' id='word_1_859' title='bbox 2443 5641 2800 5706; x_wconf 82' lang='lat' dir='ltr'><strong>magnitudine</strong></span> <span class='ocrx_word' id='word_1_860' title='bbox 2835 5643 2957 5698; x_wconf 84' lang='lat' dir='ltr'><strong>belli</strong></span> <span class='ocrx_word' id='word_1_861' title='bbox 3005 5644 3165 5700; x_wconf 88' lang='lat' dir='ltr'><strong>timor</strong></span> <span class='ocrx_word' id='word_1_862' title='bbox 3206 5647 3462 5704; x_wconf 78' lang='lat' dir='ltr'><strong>insolitus</strong></span> <span class='ocrx_word' id='word_1_863' title='bbox 3507 5649 3656 5702; x_wconf 75' lang='lat' dir='ltr'><strong>inces-</strong></span> 
     </span>
    </p>
   </div>
   <div class='ocr_carea' id='block_1_122' title="bbox 2091 5729 3631 5809">
    <p class='ocr_par' dir='ltr' id='par_1_122' title="bbox 2091 5729 3631 5809">
     <span class='ocr_line' id='line_1_122' title="bbox 2091 5729 3631 5809; baseline 0.011 -32"><span class='ocrx_word' id='word_1_864' title='bbox 2091 5735 2254 5793; x_wconf 79' lang='lat' dir='ltr'><strong>serat,</strong></span> <span class='ocrx_word' id='word_1_865' title='bbox 2282 5729 2546 5798; x_wconf 74' lang='lat' dir='ltr'><strong>afﬂictare</strong></span> <span class='ocrx_word' id='word_1_866' title='bbox 2575 5752 2704 5802; x_wconf 76' lang='lat' dir='ltr'><strong>sese,</strong></span> <span class='ocrx_word' id='word_1_867' title='bbox 2733 5754 2919 5793; x_wconf 82' lang='lat' dir='ltr'><strong>manus</strong></span> <span class='ocrx_word' id='word_1_868' title='bbox 2951 5741 3206 5809; x_wconf 83' lang='lat' dir='ltr'><strong>supplices</strong></span> <span class='ocrx_word' id='word_1_869' title='bbox 3239 5741 3312 5795; x_wconf 89' lang='lat' dir='ltr'><strong>ad</strong></span> <span class='ocrx_word' id='word_1_870' title='bbox 3339 5744 3527 5799; x_wconf 68' lang='lat' dir='ltr'><strong>celsius</strong></span> <span class='ocrx_word' id='word_1_871' title='bbox 3562 5754 3631 5796; x_wconf 69' lang='lat' dir='ltr'><strong>tat</strong></span> 
     </span>
    </p>
   </div>
  </div>
