3782 6166
41 5263 114 5329 ν

173 287 318 347 1063

1229 291 1446 351 TITUS
1478 291 1930 354 BOSTRENSIS.
1964 333 2030 341 —
2064 299 2359 356 NOTITIA.

3271 307 3414 365 10οῢ

151 403 311 468 dere,
361 407 602 460 miserari
637 424 824 476 parvos
881 411 1090 472 liberos,
1143 414 1392 482 rogitare,
1418 417 1594 469 omnia
1631 431 1734 483 pa-
1761 427 1811 482 Α
1835 421 2004 474 moria
2046 421 2313 475 hominum
2346 421 2572 476 elabitur
2595 463 2610 488 ,
2635 440 2752 476 cum
2782 424 3042 494 beneﬁciis
3075 426 3188 495 ejus
3224 434 3408 494 [ruen-

164 507 306 554 vere,
335 496 579 561 superbia
613 505 766 564 atque
816 498 1018 553 deliciis
1053 502 1287 567 omissis,
1325 505 1426 557 sibi
1455 509 1740 575 patriaeque

165 582 421 651 diffidere.
455 583 894 657 Theophylactus
933 590 1277 661 Symocattus
1335 594 1500 655 Hisl.,
1548 598 1641 651 lib.
1676 619 1690 650 ι
1723 617 1738 654 :

166 676 470 748 Τοιγαροῦν
510 680 720 749 ἡμέρας
775 683 1079 756 κλινούσης,
1121 687 1344 740 ἐδινεῖτο
1395 689 1456 740 τὸ
1496 690 1737 760 κέντρον,

159 772 262 820 καὶ
297 772 327 822 ὁ
355 770 513 838 φόϐος
539 773 772 837 ἐξαίσιος
800 771 888 845 ἦν.
915 776 991 839 ὡς
1015 779 1108 830 καὶ
1134 779 1262 842 τοὺς
1297 781 1740 850 ίππομανοῦντας

159 859 274 913 ὑπὸ
318 862 410 914 τοῦ
456 863 607 927 δέους
639 865 832 936 ἀθρόον
869 867 1224 938 μεθάλλεσθαι
1269 871 1404 943 πρὸς
1433 873 1494 926 τὸ
1526 873 1740 945 σῶφρον

149 952 319 1025 δίκην
342 955 542 1008 παίδων
566 958 624 1008 ὲν
643 958 830 1028 παιδιᾷ
851 959 1029 1013 κύϐων
1052 962 1383 1032 ἀφικομένου
1413 963 1739 1029 ἐξαπιναίως

157 1045 262 1099 τοῦ
289 1048 652 1120 παιδοτρίϐου.
681 1051 812 1104 Τότε
849 1055 1256 1124 παραπέτασμα
1283 1057 1347 1108 τὸ
1385 1058 1491 1127 πρὸ
1524 1057 1617 1110 τοῦ
1643 1075 1740 1126 γυ-

162 1140 392 1208 μνασίου
437 1140 544 1193 τῶν
581 1142 818 1194 ἱππικῶν
866 1145 1281 1216 ἀγωνισμάτων,
1323 1147 1351 1200 ὃ
1395 1148 1458 1220 δὴ
1491 1149 1739 1221 σύνθημα

155 1229 265 1297 τῆς
292 1229 504 1302 ἱλαρίας
519 1233 810 1303 ἐτύγχανεν
833 1236 914 1299 ὃν,
944 1243 1303 1310 περιαιρεῖται
1325 1240 1412 1294 διὰ
1433 1241 1522 1294 τὸν
1547 1242 1740 1312 ἀδόκη-

155 1337 254 1373 τον
320 1323 583 1379 κίνδυνον.
648 1327 927 1392 ’Ἃπαντάς
967 1347 1027 1382 τε
1091 1331 1368 1386 συνέϐαινε
1425 1335 1562 1405 πρὸς
1612 1337 1738 1397 τοὺς

158 1414 344 1482 ἱεροὺς
372 1417 570 1485 σηκοὺς
609 1419 1064 1490 ἐντεμενίζεσθαι,
1089 1424 1461 1494 ὀρρωδοῦντας
1503 1426 1594 1478 τὸν
1644 1427 1731 1479 θά-

156 1521 341 1556 νατον.

239 1597 573 1654 Concludam
606 1603 702 1657 has
741 1603 1286 1674 notas'pulcherrima
1320 1607 1584 1663 Lactantii
1615 1624 1741 1663 sen-

139 1692 328 1744 tentia
357 1693 447 1747 lib.
485 1709 546 1757 ιι,
591 1711 636 1748 c.
674 1697 695 1747 l
731 1716 742 1749 :
781 1696 922 1749 Nam
956 1706 1066 1751 tum
1098 1701 1324 1753 maxime
1352 1700 1490 1754 Deus
1540 1716 1604 1754 ea:
1635 1717 1739 1754 me-

1843 523 1939 574 tes,
1969 513 2215 566 honorem
2255 513 2383 568 dare
2422 513 2613 568 divina:
2663 516 3005 586 indulgentia:
3037 517 3296 572 deberent.
3343 519 3414 572 At

1842 623 1957 660 vero
1991 608 2039 661 si
2075 612 2180 676 qu‘a
2219 609 2501 662 necessitas
2556 611 2733 680 gravis
2781 611 3052 678 presserit,
3078 620 3200 665 tunc
3243 610 3413 665 Deum

1841 699 2184 753 recordantur
2218 717 2236 754 :
2267 702 2313 754 si
2346 700 2469 754 belli
2508 711 2678 754 terror
2713 701 3075 771 infremuerit,
3109 703 3157 757 si
3199 704 3412 756 morbo-

1841 806 1958 842 rum
1994 789 2242 859 pestifera
2298 792 2372 844 vis
2423 790 2737 851 incubuerit,
2787 792 2834 844 si
2883 791 3150 844 alimenta.
3173 791 3411 861 frugibus

1841 881 1998 952 longa
2047 884 2259 937 siccitas
2307 883 2657 952 denegaverit,
2709 885 2755 938 si
2817 901 2957 938 sceva
3009 892 3310 953 tempestas,
3364 882 3413 936 si

1827 977 2040 1048 grando
2067 979 2360 1048 ingruerit:
2397 979 2464 1032 ad
2507 978 2670 1032 Deum
2697 980 3026 1048 confugiunt,
3066 996 3098 1032 a
3143 977 3251 1032 Deo
3272 978 3409 1047 peti-

1841 1079 1930 1122 tur
1980 1071 2260 1134 auxilium,
2285 1071 2423 1126 Deus
2471 1082 2528 1125 ut
2577 1073 2847 1125 subveniat
2899 1083 3118 1125 oratur:
3145 1072 3192 1125 si
3211 1073 3325 1141 quis
3355 1071 3411 1124 in

1841 1164 1978 1216 mari
2021 1171 2168 1217 vento
2208 1164 2448 1216 saeviente
2488 1163 2749 1231 jactatur,
2783 1163 2918 1216 hunc
2973 1164 3201 1225 invocat,
3223 1162 3271 1214 si
3293 1162 3408 1230 quis
3501 1179 3505 1182 '

1841 1258 2022 1328 aliqua
2045 1257 2093 1310 vi
2116 1256 2420 1326 aﬂlictatur,
2449 1255 2585 1308 hunc
2613 1257 2854 1326 protinus
2879 1255 3131 1325 implorat
3163 1268 3180 1306 :
3212 1254 3259 1306 si
3291 1253 3410 1322 quis

1841 1348 1909 1400 ad
1962 1357 2250 1401 emtremam
2305 1346 2637 1401 mendicandi
2711 1347 3068 1401 necessitatem
3132 1343 3408 1407 deductus,

1841 1440 2031 1492 victum
2055 1438 2300 1506 precibus
2339 1439 2593 1507 exposcit,
2624 1437 2789 1491 Deum
2818 1437 2986 1492 solum
3021 1436 3331 1494 obtestatur.
3357 1441 3410 1486 et

1839 1549 1929 1600 per
1969 1533 2083 1602 ejus
2134 1533 2368 1585 divinum
2413 1541 2570 1601 atque
2615 1547 2828 1584 unicum
2892 1545 3082 1582 numen
3138 1528 3408 1580 hominum

1841 1624 1940 1679 sibi
1980 1624 2396 1679 misericordiam
2437 1623 2648 1693 qumrit.
2688 1621 2970 1691 Nunquam
2998 1621 3158 1689 igitur
3181 1615 3277 1670 Dei
3303 1632 3408 1669 me-

1843 1719 2128 1781 minerunt,
2165 1719 2263 1772 nisi
2305 1719 2428 1770 dum
2459 1719 2513 1771 in
2544 1717 2700 1770 malis
2737 1725 2877 1768 sunt.

1291 2077 1428 2116 ANNO
1463 2077 1649 2118 DOIINI
1687 2077 2258 2120 CCCXXXVIll-LXXVIII.

451 2241 946 2472 unus
1038 2167 2066 2474 Bos'ntnsn
2165 2245 3106 2482 EPISCbPllS.

1380 2763 2171 2919 NOTITIA

932 3023 1239 3087 ‘(GABLAND.,
1259 3023 1556 3076 Bibliotheca
1588 3033 1677 3076 vet.
1708 3028 1871 3086 Pam,
1899 3034 1932 3076 t.
1959 3027 2018 3088 V,
2044 3042 2090 3090 ρ.
2120 3043 2251 3087 XXVI,
2277 3035 2395 3089 etp.
2417 3027 2550 3087 269.)

205 3297 261 3364 Ἰ.
300 3301 692 3363 Titusme
733 3305 790 3362 in
843 3297 1041 3364 Arabia
1101 3306 1405 3368 Ecclesiam
1454 3310 1718 3380 regebat,

1866 3311 2058 3367 Ismodi
2085 3311 2276 3367 Patres
2301 3351 2316 3375 ,
2345 3311 2669 3366 honestatur
2699 3317 2889 3366 noster
2920 3311 3153 3367 antistes
3207 3313 3266 3366 in
3317 3327 3405 3367 re-

144 3415 264 3470 quo
291 3401 534 3470 tempore
582 3400 878 3470 imperator
924 3401 1274 3458 renuntiatus
1313 3411 1398 3457 est
1447 3400 1720 3461 Julianus.

148 3492 354 3548 Rerum
405 3495 611 3563 potitus
682 3492 772 3547 ille
833 3501 1119 3562 apostata,
1173 3509 1299 3548 cum
1354 3494 1722 3552 Ecclesiarum

146 3587 412 3657 praesules
448 3587 794 3656 potissimum
827 3603 895 3642 ex
945 3587 1175 3642 urbibus
1213 3588 1517 3657 ejiciendos
1563 3606 1724 3644 cura-

145 3686 264 3743 ret,
306 3676 596 3733 Bostrenos
622 3678 784 3732 etiam
815 3678 972 3733 malis
999 3679 1211 3733 artibus
1242 3679 1494 3735 hortatus
1524 3689 1628 3744 est,
1666 3689 1723 3734 ut

145 3767 330 3824 Titum
360 3772 676 3840 episcopum
721 3778 979 3840 tanquam
1025 3773 1228 3827 civium
1280 3772 1577 3834 delatorem
1623 3790 1721 3828 ex-

145 3860 411 3931 pellerent
444 3860 712 3916 clamante
752 3877 1020 3931 prazcone.
1067 3861 1200 3916 Rem
1237 3871 1427 3918 narrat
1466 3862 1723 3918 Sozome-

145 3967 253 4007 nus
275 3953 372 4024 (a),
396 3952 756 4025 edisseritque
772 3955 1040 4011 Baronius
1069 3956 1166 4027 (b).
1201 3951 1392 4013 Exstat
1420 3957 1720 4012 etiamnum

144 4043 262 4098 haec
289 4043 492 4100 Iuliani
526 4048 759 4116 epistola
782 4046 1061 4104 Bostrenis
1090 4049 1355 4120 inscripta
1383 4052 1451 4123 (c)
1475 4091 1493 4115 ,
1535 4052 1589 4106 in
1616 4066 1721 4121 qua

143 4136 310 4192 verba
341 4139 602 4194 nonnulla
635 4139 800 4195 refert
831 4140 1030 4210 quibus
1053 4157 1186 4197 usus
1211 4151 1329 4197 erat
1360 4150 1545 4198 noster
1580 4159 1719 4213 pra:-

137 4226 232 4281 sul
258 4226 562 4284 Bostrensis
599 4229 654 4283 in
686 4229 867 4285 libello
898 4230 967 4284 ad
997 4232 1176 4302 ipsum
1203 4231 1484 4288 Julianum
1509 4234 1682 4289 misso
1702 4274 1718 4299 ,

145 4316 290 4372 unde
320 4320 662 4388 postmodum
687 4322 980 4392 imperator
995 4324 1170 4379 eidem
1199 4325 1530 4380 calumniam
1562 4334 1713 4380 stru-

143 4412 245 4464 xit.
296 4408 464 4465 Porro
495 4414 770 4468 exstincto
795 4412 1022 4482 .Juliano
1045 4455 1061 4480 ,
1121 4415 1189 4469 ad
1221 4417 1490 4487 synodum
1526 4418 1721 4472 Antio-

136 4503 373 4558 chenam
399 4517 458 4560 se
487 4507 718 4560 contulit
747 4521 891 4562 anno
934 4508 1040 4562 365
1093 4523 1124 4561 a
1173 4507 1389 4563 Meletio
1429 4518 1718 4577 coactam,

142 4595 304 4665 cujus
329 4597 493 4651 etiam
525 4599 834 4669 synodicae,
889 4600 958 4654 ad
1001 4598 1291 4656 Jovianum
1336 4601 1718 4672 imperatorem

1824 3406 1908 3474 gia
1934 3403 2252 3458 venerandae
2278 3403 2617 3472 antiquitatis
2655 3414 2848 3458 catena
2892 3402 3405 3458 Commentariorum

1825 3502 1876 3551 in
1914 3495 2136 3562 Lucam,
2181 3495 2438 3551 consulas
2473 3496 2517 3550 si
2547 3495 2726 3565 placet
2755 3495 3142 3550 Combelisium
3168 3496 3254 3565 (ί).
3297 3494 3406 3550 Ne-

1823 3607 1930 3660 que
1961 3589 2118 3642 aliter
2149 3587 2203 3642 in
2239 3586 2524 3640 Parallelis
2557 3585 2952 3639 Damascenicis
2986 3586 3401 3660 appellatur(g).

1892 3679 1953 3734 ll.
1987 3678 2094 3732 Titi
2125 3677 2437 3732 Bestrensis
2470 3676 2778 3729 doctrinam
2816 3676 3040 3729 maximi
3068 3676 3277 3730 ducunt
3313 3694 3406 3732 ve-

1821 3778 1986 3824 teres.
2013 3769 2156 3824 lnter
2185 3785 2278 3824 eos
2305 3768 2493 3822 Patres
2524 3768 2703 3836 ipsum
2744 3768 2911 3822 refert
2929 3766 3289 3839 Hieronymus
3309 3769 3404 3838 (Ιι),

1821 3862 1912 3931 qui
1940 3862 1994 3913 in
2028 3871 2227 3914 tantum
2259 3859 2687 3929 philosophorum
2723 3858 2980 3914 doctrinis
3009 3869 3165 3931 atque
3207 3870 3409 3915 senten-

1825 3955 1911 4007 tiis
1945 3971 2065 4007 suos
2107 3953 2394 4022 refarciunt
2440 3953 2630 4018 libros,
2678 3963 2734 4004 ut
2777 3954 2978 4007 nescias
3023 3954 3148 4025 quid
3195 3954 3250 4007 in
3297 3954 3406 4008 illis

1821 4049 2048 4116 primum
2099 4046 2357 4100 admirari
2416 4047 2639 4110 debeas,
2705 4047 3058 4101 eruditionem
3108 4049 3289 4102 saeculi
3337 4065 3406 4101 an

1822 4141 2099 4194 scientiam
2166 4140 2584 4209 Scripturarum.
2669 4138 2738 4194 Et
2798 4139 3137 4196 Sozomenus
3202 4141 3405 4196 multos

1823 4232 2042 4302 quidem
2095 4233 2257 4287 tradit
2311 4232 2372 4304 (i)
2413 4247 2479 4288 ea
2530 4241 2853 4304 tempestate
2897 4235 2954 4288 in
2997 4232 3260 4291 Ecclesiis
3307 4234 3411 4290 ﬂo-

1817 4326 2002 4382 ruisse
2039 4325 2333 4380 admodum
2364 4324 2560 4379 doctos
2614 4335 2668 4380 et
2702 4327 3024 4396 eloquentes
3066 4328 3249 4393 viros;
3308 4328 3406 4382 sed

1823 4435 1934 4491 pra:
1990 4419 2201 4473 caeteris
2257 4417 2438 4472 Titum
2500 4418 2883 4482 Bostrensem,
2960 4419 3401 4490 ἐπισημότατον,

1821 4510 2208 4565 celeberrimum
2245 4511 2522 4581 prtedicat.
2586 4510 2820 4580 Scripsit
2866 4520 3045 4564 autem
3076 4511 3400 4581 praeclarum

1820 4620 1958 4674 Opus
2007 4604 2254 4657 adversus
2310 4602 2634 4658 Manio/meos
2689 4604 3042 4658 doctissimus
3087 4601 3248 4657 Pater
3280 4611 3406 4673 post

141 4688 338 4742 oblatas
379 4690 733 4761 subscripsit;
771 4692 998 4762 ejusque
1053 4709 1251 4750 nomen
1300 4669 1444 4749 inter
1485 4696 1714 4750 aliorum
1745 4669 1789 4729 (ἶ
1817 4669 2019 4751 Iuliani
2050 4697 2248 4751 caedem
2280 4705 2445 4766 atque
2472 4697 2772 4764 imperante
2819 4694 2958 4749 forte
2998 4691 3261 4759 Joviano,
3308 4703 3404 4747 aut

139 4781 525 4850 episcoporum
562 4784 995 4853 subscriptiones
1023 4794 1302 4856 comparet
1339 4786 1483 4856 apud
1513 4785 1715 4842 Socra-

146 4880 256 4926 tem
284 4871 381 4945 (d).
421 4876 650 4928 Moritur
682 4886 857 4930 autem
887 4878 980 4930 sub
1036 4876 1269 4939 Valente,
1303 4878 1476 4946 inquit
1529 4877 1717 4932 Hiero-
1739 4899 1758 4916 ι

142 4979 340 5035 nymus
379 4967 487 5039 (e);
524 4969 576 5024 id
617 4977 721 5032 est,
754 4970 945 5024 saltem
976 4978 1103 5025 ante
1126 4987 1328 5024 annum
1360 4970 1483 5025 378.
1527 4971 1602 5026 De
1649 4971 1720 5024 ti-

136 5057 260 5110 tulo
297 5055 481 5112 Sancti
516 5075 624 5130 quo
659 5061 883 5129 perinde
914 5077 977 5115 ac
1021 5060 1254 5116 lremeus
1291 5061 1679 5133 Lugdunensis
1703 5103 1718 5122 ,

140 5149 605 5220 Chrysos'tomus,
656 5153 891 5223 Cyrillus
929 5153 1328 5209 Alexandrinus
1372 5155 1573 5224 aliique
1617 5155 1718 5206 hu-

212 5303 291 5378 (ᾳ)
330 5303 549 5378 §ozom.
582 5305 729 5361 Hist.
763 5309 892 5362 eccl.
921 5308 1018 5378 lib.
1049 5325 1100 5370 ν,
1127 5323 1249 5378 cap.
1283 5308 1370 5362 15.

237 5375 286 5448 b_)
330 5375 526 5448 paron.
569 5381 637 5430 ad
668 5378 963 5448 ann._362.
999 5377 1026 5448 §
1059 5375 1223 5433 cuni.

210 5445 280 5515 (c)
320 5445 520 5501 Julian.
569 5449 732 5518 epist.
767 5446 858 5512 52,
892 5445 1035 5503 inter
1085 5449 1206 5518 ejus
1255 5447 1393 5518 Opp.
1447 5463 1570 5520 pag.
1611 5448 1714 5502 455

135 5516 272 5572 edit.
301 5515 450 5572 Lips.

209 5533 272 5570 ll.
304 5533 450 5572 LIDS.

230 5534 542 5646 dlhslgzrat.
574 5585 876 5658 Histteccl.
911 5588 1005 5641 lib.
1034 5601 1119 5650 ut,
1151 5603 1276 5658 cap.
1318 5587 1408 5642 25.

225 5657 279 5728 fe)
323 5657 540 5714 Hieron.
579 5659 672 5728 lib.
708 5657 784 5712 De
823 5660 922 5713 vir.
957 5657 1152 5712 illustr.
1189 5657 1312 5728 cap:
1347 5657 1468 5728 102.

207 5727 278 5802 (Γ)
319 5728 565 5785 Combel”.
629 5727 861 5785 Recens.
925 5739 1070 5782 auct.
1144 5729 1213 5782 ad
1263 5727 1415 5782 Bibl.
1476 5727 1714 5784 concion.

576 5824 846 5885 PsraOL.
888 5823 1005 5884 Gn.
1055 5821 1285 5885 XVlll.

1819 4801 1967 4844 certe
2001 4790 2103 4844 sub
2129 4789 2343 4842 initium
2391 4787 2603 4857 imperii
2641 4786 2919 4850 Valentis,
2964 4797 3024 4839 ut
3059 4802 3124 4840 ex
3157 4786 3224 4840 iis
3269 4800 3404 4841 con-

1820 4887 1928 4932 stat
1953 4893 2074 4947 quae
2110 4878 2274 4932 tradit
2314 4878 2544 4946 ipsemet
2578 4884 2769 4930 auctor
2816 4876 2872 4930 in
2923 4878 3038 4930 haec
3093 4877 3259 4931 verba
3311 4875 3397 4947 (ἱ).

1827 4988 1845 5020 ι
1885 4969 2022 5035 Etsi,
2049 4969 2246 5040 inquit,
2271 4969 2520 5024 civitates
2565 4970 2878 5031 concidant,
2903 4969 3046 5024 sicut
3073 4984 3245 5023 aurea
3273 4981 3403 5024 cun-

1819 5061 1963 5131 tlgit,
1993 5077 2116 5114 cum
2157 5063 2246 5114 ille
2294 5062 2651 5129 impiissimus
2708 5063 3036 5133 (apostata)
3091 5063 3401 5118 dominare-

1824 5161 1936 5217 tur,
1967 5149 2056 5206 οἷα
2083 5153 2149 5223 δὴ
2176 5153 2269 5206 καὶ
2298 5154 2532 5224 ΠΡῼΗΝ
2590 5153 2683 5207 ἐπὶ
2705 5152 2798 5205 τοῦ
2842 5152 2961 5206 λίαν
3010 5153 3397 5224 ἀσεϐήσαντος,

1814 5315 1952 5360 tom.
1988 5307 2026 5364 l.
2054 5323 2106 5376 p.
2141 5307 2228 5362 49.
2310 5375 2315 5376 ί
2763 5355 2768 5361 ,

1893 5378 1968 5446 (g)
2009 5375 2262 5432 Damasc.
2297 5375 2503 5430 Parall.
2537 5377 2698 5432 infra.

1893 5447 1970 5519 (It)
2000 5447 2231 5520 _llieron.
2273 5449 2430 5520 epist.
2471 5447 2556 5510 70,
2587 5450 2658 5520 al.
2690 5448 2792 5520 8b,
2829 5448 2897 5520 ad
2930 5448 3184 5520 Magnum
3229 5457 3396 5514 om,

1828 5517 1855 5588 §
1890 5517 1961 5589 Iv,
1985 5517 2121 5589 Qpp.
2159 5526 2295 5589 tom_._
2325 5517 2364 5579 Ι,
2397 5533 2520 5589 pag.
2547 5518 2652 5572 427
2680 5519 2810 5573 edit.
2849 5517 3050 5575 Veron:

1894 5588 1957 5659 (i)
1999 5587 2215 5642 Sozom.
2246 5587 2551 5659 Hist.feccl,
2583 5589 2675 5643 lib.
2710 5604 2795 5643 ιιι.
2834 5605 2956 5659 cap.
2998 5591 3080 5646 l4.

1898 5658 1964 5731 (j)
2004 5659 2110 5718 Tit.
2142 5659 2236 5716 lib.
2267 5674 2308 5714 tt
2340 5658 2458 5715 adv.
2489 5657 2747 5728 Hanich.,
2776 5659 2804 5732 §
2832 5657 2940 5715 xvi.

3089 5820 3169 5884 ει

2513 5879 2542 5909 'd‘.
