3782 6166
467 278 597 334 106⁸1

1667 278 1802 334 TITI
1843 275 2276 332 BOS'I'RENSIS
2313 275 2620 333 EPISCOPI

3579 283 3710 342 1068

462 410 517 456 et
543 415 787 456 errorem
819 397 1138 454 idololatriae
1161 398 1425 456 recoleret
1453 413 1516 454 ac
1537 409 1845 459 renovaret.
1872 420 1890 451 δ
1916 409 2025 454 etc.
2057 406 2104 462 Α
2131 417 2257 456 nam
2303 410 2358 458 et
2399 415 2524 456 cum
2564 397 2717 452 Novo
2762 396 3113 453 Testamento
3174 413 3476 471 congruere
3525 398 3706 464 docet,

536 491 620 547 111.
689 491 859 547 Porro
921 493 977 546 in
1037 502 1271 564 quatuor
1319 492 1491 546 libros
1546 491 1846 561 dispescuit
1896 507 2034 561 Opus

462 598 624 637 suum
651 581 962 640 Bostrensis
989 582 1236 648 antistes,
1267 597 1406 651 quos
1449 581 1880 652 fortes'appellat
1910 581 2037 638 Hie-

465 689 726 746 ronymus
755 672 854 746 (a),
880 683 933 730 et
960 674 1155 745 legisse
1200 669 1414 729 videtur
1446 673 1784 744 Epiphanius
1818 674 1894 745 (ὁ)
1942 674 2035 742 qui

465 767 740 823 scribebat
769 781 914 821 anno
944 766 1083 831 576,
1131 772 1190 819 ut
1231 765 1464 819 advertit
1522 763 1908 819 Tillemontius
1941 763 2033 833 (c).

463 857 571 915 Eos
619 859 746 914 item
798 864 1062 913 memorat
1117 855 1259 926 apud
1312 854 1562 910 Photium
1606 854 1683 926 (ά)
1730 853 2037 926 Stephanus

463 951 711 1005 Gobarus
739 947 980 1002 tritheita
1007 987 1022 1012 ,
1067 948 1162 1017 qui
1215 954 1270 1001 et
1327 947 1589 1000 nonnulla
1633 946 1759 1002 inde
1795 946 2034 1017 profert;

462 1054 675 1093 necnon
708 1036 1064 1092 Heraclianus
1107 1035 1570 1093 Chalcedonensis
1607 1037 1927 1108 episcopus,
1978 1045 2040 1092 ut

461 1141 653 1186 auctor
680 1142 766 1186 est
804 1131 946 1184 idem
980 1128 1206 1184 Photius
1242 1129 1332 1200 (ε).
1381 1127 1587 1185 Verum
1644 1145 1752 1184 non
1803 1138 1888 1185 est
1948 1131 2038 1185 hic

459 1223 595 1278 illud
628 1222 1049 1291 _omittendum,
1103 1221 1247 1289 quod
1301 1221 1526 1276 adnotat
1575 1221 1878 1294 Basnagius
1924 1223 2034 1293 (f):

460 1316 606 1370 lmnc
637 1315 894 1368 nimirum
915 1315 1202 1383 praesulem
1219 1313 1746 1380 Chalcedonensem,
1767 1315 1862 1386 qui
1888 1315 2038 1370 circa

458 1417 703 1478 tempora
731 1406 1012 1461 Anastasii
1053 1405 1404 1478 imperatoris
1433 1407 1699 1463 claruisse
1736 1405 1912 1461 fertur
1937 1406 2036 1477 (ς),

456 1507 512 1554 et
541 1499 700 1568 cujus
733 1499 997 1552 doctrinm
1023 1499 1225 1569 placita
1251 1508 1440 1554 sancto
1468 1497 1706 1553 Maximo
1731 1497 1878 1552 haud
1912 1511 2037 1567 pro-

457 1591 582 1644 bata
618 1590 790 1645 fuisse
821 1589 1188 1660 comperimus
1220 1589 1318 1660 (It),
1348 1588 1531 1644 Titum
1564 1588 1913 1644 Bostrensem
1952 1604 2039 1643 re-

457 1685 744 1753 darguere,
776 1681 920 1751 quod
957 1681 1204 1736 scribens
1232 1683 1494 1737 adversus
1548 1679 1759 1735 Addam
1807 1695 1904 1735 seu
1938 1694 2037 1750 po-

459 1775 566 1828 tius
604 1771 868 1836 Buddam,
900 1787 958 1827 se
1006 1770 1333 1827 Manichaaos
1384 1772 1631 1826 refellere
1678 1770 2027 1828 existimarit.
2061 1761 2104 1816 Β

456 1865 650 1934 Iniqua
701 1863 864 1932 plane
913 1877 1164 1917 censura.
1218 1861 1326 1916 Fac
1371 1863 1513 1917 enim
1541 1901 1555 1926 ,
1601 1841 1843 1916 Budd'am
1902 1867 2026 1916 ante

457 1955 636 2024 ipsum
659 1952 926 2008 Manetem
963 1952 1231 2007 haereseos
1255 1951 1604 2006 Manichaicae
1630 1951 1907 2008 exstitisse
1927 1965 2026 2004 au-

458 2056 689 2111 ctorem,
714 2056 809 2100 aut
838 2045 885 2101 si
931 2045 1126 2113 mavis,
1158 2061 1326 2100 unum
1363 2061 1428 2100 ex
1458 2044 1747 2099 duodecim
1778 2041 2024 2113 ejusdem

461 2135 686 2190 Manetis
721 2135 1004 2204 discipulis
1034 2133 1224 2198 fuisse,
1258 2143 1317 2188 ut
1345 2150 1410 2188 ex
1451 2133 1614 2189 Petro
1639 2133 1826 2188 Siculo
1869 2134 1937 2204 (ἱ)
1970 2139 2025 2187 et

457 2228 651 2282 Photio
701 2228 766 2297 υ)
814 2228 1096 2282 erudimur
1125 2247 1137 2281 :
1174 2242 1298 2281 cum
1334 2239 1516 2282 tamen
1550 2227 1802 2298 discipuli
1835 2241 2025 2281 erran-

455 2330 564 2374 tem
593 2319 846 2374 assectati
883 2319 1236 2389 magistrum,
1304 2319 1357 2372 in
1412 2319 1701 2388 prmcipuis
1754 2317 2024 2387 capitibus

451 2411 801 2477 conveniant,
828 2409 1071 2480 adeoque
1115 2408 1300 2465 Manes
1349 2424 1459 2464 non
1511 2425 1669 2464 secus
1709 2424 1771 2464 ac
1805 2409 2023 2464 Buddas

451 2503 733 2566 docuerit;
770 2517 879 2556 non
927 2511 1044 2556 erat
1091 2503 1369 2557 enimvero
1398 2517 1497 2556 cur
1526 2501 1682 2556 Titus
1710 2517 1776 2557 eo
1805 2502 2024 2557 nomine

451 2594 940 2664 reprehenderetur
968 2634 984 2660 ,
1046 2595 1139 2665 qui
1198 2593 1327 2648 dum
1375 2592 1618 2648 Buddam
1666 2595 2021 2665 perstrinxit,

451 2685 718 2740 Manetem
751 2702 967 2755 quoque
1019 2687 1196 2754 ipsum
1228 2685 1458 2756 ejusque
1489 2694 1786 2743 sectatores
1829 2687 2023 2743 confu-

449 2786 594 2832 tasse
623 2778 746 2848 jure
777 2779 980 2848 Optimo
1006 2777 1368 2832 existimatur.

520 2865 610 2921 ιγ.
649 2866 732 2921 Ad
775 2867 1070 2923 editionem
1120 2865 1267 2937 quod
1315 2868 1510 2924 attinet
1554 2863 1664 2922 Titi
1711 2867 2022 2926 Bostrensis

449 2959 631 3028 operis
670 2959 918 3013 adversus
950 2958 1294 3024 Manicheam,
1328 2959 1496 3016 libros
1520 2967 1632 3016 tres
1661 2962 1869 3032 priores
1897 2975 2022 3016 cum

448 3051 676 3119 integris
706 3049 966 3104 librorum
999 3057 1236 3119 quatuor
1269 3051 1626 3120 argumentis,
1660 3051 1871 3121 primus
1901 3051 2016 3108 edi-

447 3140 529 3194 dit
561 3154 626 3195 ex
659 3139 911 3201 versione
948 3137 1232 3194 Francisci
1261 3139 1517 3195 Turriani
1549 3139 1821 3198 Henricus
1849 3140 2016 3196 Cani-

449 3233 566 3286 sius
605 3230 680 3302 (k)
720 3249 732 3284 :
765 3229 952 3286 Graeca
990 3245 1124 3285 vero
1155 3229 1394 3288 Iacobus
1427 3231 1732 3304 Basnagius
1765 3233 1830 3305 (Ι)
1853 3272 1868 3298 ,
1918 3234 2013 3304 qui

445 3341 509 3378 ea
538 3340 604 3378 ex
623 3322 962 3378 bibliothecae
987 3321 1352 3378 Holsteniaua:
1379 3323 1803 3396 llamburgensis
1826 3325 2014 3382 codice

445 3417 742 3488 descripta,
789 3415 984 3471 Joanni
1030 3413 1310 3472 Friderico
1363 3416 1679 3473 Wincklero
1719 3417 1886 3474 refert
1915 3433 2011 3474 ac-

444 3516 641 3577 cepta:
687 3524 796 3579 quo
840 3510 1061 3580 quidem
1105 3508 1162 3563 in
1199 3509 1389 3565 codice
1423 3508 1567 3564 haud
1601 3510 1756 3579 plura
1793 3517 2011 3566 exstare

443 3599 714 3662 novim‘us,
749 3615 912 3670 quam
945 3615 1064 3670 quas
1094 3601 1257 3656 vertit
1290 3599 1541 3656 laudatus
1569 3590 1915 3667 Turrianus;
1952 3609 2012 3657 ut

439 3700 728 3760 propterea
763 3693 1032 3764 interpres
1060 3694 1145 3749 vel
1173 3709 1239 3749 eo
1265 3693 1385 3764 ipso
1425 3694 1749 3764 exemplari,
1791 3694 1881 3750 vel
1930 3693 2011 3750 ei-

443 3783 564 3838 dem
598 3784 763 3840 simili
799 3801 931 3841 usus
959 3787 1129 3843 fuisse
1157 3787 1426 3844 videatur.
1455 3787 1694 3854 Quartus
1736 3769 1921 3857 porro“
1944 3785 2011 3841 li-

442 3875 538 3928 ber
563 3882 710 3932 totus
748 3877 1048 3934 intercidit.
1101 3879 1253 3936 Hanc
1283 3890 1465 3936 autem
1505 3877 1760 3951 Basnagii
1810 3877 2009 3934 editio-

443 3983 566 4022 nem
592 3968 772 4024 minus
802 3980 1056 4027 accurate
1085 3971 1254 4028 fuisse
1288 3971 1626 4035 adornatam,
1660 3961 1856 4026 merito
1881 3985 2009 4026 cen~

439 4061 553 4114 suit
601 4060 804 4116 Petrus
832 4061 1226 4136 Wesselingius
1265 4063 1331 4120 V.
1381 4064 1442 4119 C.
1487 4065 1570 4120 his
1617 4064 1800 4120 verbis
1837 4062 1934 4135 (m)
1989 4081 2002 4118 :

438 4171 464 4202 τ
512 4151 706 4207 lnserti
735 4163 883 4215 sunt,
916 4156 1120 4226 inquit,
1162 4155 1472 4212 Canisianis
1516 4154 1850 4210 Lectionibus
1895 4153 2006 4210 Titi

439 4243 772 4312 Bostrensis,
823 4248 924 4303 viri
962 4248 1034 4317 pii
1067 4257 1121 4304 et
1141 4251 1354 4321 egregie
1382 4249 1563 4314 docti,
1594 4250 1650 4303 in
1678 4247 2002 4302 Manicha’os

438 4338 629 4407 scripti
662 4337 819 4403 libri;
853 4339 979 4404 sed,
1019 4341 1164 4410 quod
1200 4342 1468 4407 dolemus,
1518 4341 1682 4397 laceri
1725 4349 1779 4396 et
1808 4340 2002 4410 spissis

2136 507 2259 548 esse
2311 492 2567 554 alienam,
2624 488 2927 559 referrique
2985 501 3236 561 oportere
3294 489 3361 545 ad
3400 506 3526 545 eam
3593 490 3710 546 libri

2136 582 2296 652 primi
2335 590 2568 651 partem,
2609 595 2717 649 qua
2759 580 2869 634 duo
2912 579 3152 649 ingenita
3191 579 3483 650 principia,
3546 580 3710 637 duas-

2136 688 2243 744 que
2276 673 2510 734 radices,
2544 671 2744 724 bonam
2775 669 3025 736 alteram,
3059 669 3283 724 alteram
3314 671 3538 735 malam,
3573 671 3710 726 unde

2137 763 2320 819 omnia
2360 763 2503 817 bona
2531 761 2782 832 malaque
2815 761 3136 830 prodierint,
3170 772 3464 833 Oppugnat,
3504 763 3711 818 obiter-

2135 871 2243 926 que
2274 855 2548 910 hominem
2583 853 2678 908 Dei
2708 854 2899 923 optimi
2932 855 3155 909 maximi
3195 869 3318 910 esse
3348 870 3490 926 opus
3527 865 3709 910 osten-

2137 948 2237 1003 dit.
2295 947 2433 1003 Addi
2465 947 2631 1002 etiam
2669 954 2725 1003 et
2765 946 3060 1002 editionem
3098 947 3466 1004 condecorare
3496 949 3707 1018 potuis-

2137 1049 2261 1099 sent
2309 1041 2610 1114 fragmenta
2638 1056 2703 1096 ex
2747 1040 2850 1094 hoc
2894 1038 3002 1093 Titi
3041 1055 3204 1110 opere
3241 1055 3271 1094 a
3301 1039 3508 1096 Graecis
3557 1041 3708 1096 nobis

2137 1143 2351 1191 servata
2388 1152 2402 1190 :
2434 1131 2740 1203 cujusmodi
2775 1140 2901 1187 sunt
2943 1132 2999 1186 in
3029 1132 3220 1202 primis
3255 1147 3318 1187 ea
3351 1148 3472 1203 qua:
3500 1135 3708 1188 exscri-

2137 1228 2246 1299 psit
2307 1235 2500 1282 auctor
2554 1226 2946 1281 Parallelorum
3005 1242 3312 1292 sacrorum,
3363 1243 3485 1298 qua:
3556 1229 3709 1298 vulgo

2135 1315 2333 1372 Joanni
2358 1317 2689 1374 Damasceno
2711 1318 3048 1381 tribuuntur,
3101 1329 3156 1373 et
3204 1334 3234 1374 e
3267 1317 3708 1388 Rupefucaldino

2136 1411 2327 1466 codice
2362 1410 2580 1482 vulgata
2615 1418 2745 1466 sunt
2789 1425 2820 1463 a
2852 1409 2912 1463 D.
2948 1409 3208 1466 Michaele
3241 1409 3504 1481 Lequien.
3543 1455 3558 1466 .
3601 1454 3618 1467 .
3643 1449 3662 1467 .
3692 1451 3707 1466 .

2136 1501 2272 1558 Esse
2319 1510 2500 1559 autem
2531 1503 2586 1558 in
2618 1501 2898 1558 Parallelis
2937 1503 3181 1573 quaedam
3209 1503 3555 1560 emendatius
3584 1520 3706 1574 per-

2137 1595 2361 1665 scripta,
2413 1610 2522 1649 non
2550 1601 2633 1649 est
2661 1602 2720 1649 ut
2753 1609 3002 1650 moneam
3027 1614 3042 1650 :
3070 1595 3186 1665 ipsa
3214 1595 3452 1650 locorum
3481 1596 3710 1652 collatio

2137 1701 2250 1741 rem
2277 1685 2664 1752 manifestabit,
2708 1704 2729 1738 ι
2763 1693 2870 1742 etc.

2204 1813 2268 1870 V.
2311 1815 2440 1870 Viro
2470 1815 2632 1870 docto
2661 1815 2906 1871 monenti
2932 1831 3138 1872 morem
3171 1817 3456 1888 gessimus.
3491 1817 3564 1872 Et
3597 1820 3708 1890 prie

2124 1919 2273 1961 mum
2314 1907 2530 1977 quidem
2559 1907 2744 1962 omnia
2771 1910 3163 1980 exscripsimus
3199 1927 3318 1980 qua:
3362 1911 3414 1964 in
3452 1909 3706 1966 Parati:-

2128 1999 2195 2052 lis
2230 1997 2682 2068 Rupefucaldinis
2723 2009 3042 2069 occurrunt,
3097 2001 3164 2056 ad
3199 2010 3401 2056 textum
3434 2002 3550 2057 Titi
3604 2003 3706 2057 Bo-

2127 2091 2358 2146 strensis
2403 2089 2652 2144 adversus
2687 2089 3010 2146 Manicha’os
3047 2092 3350 2163 evulgatum
3389 2092 3504 2147 sive
3539 2094 3706 2149 castis

2127 2182 2362 2254 gandum
2394 2182 2510 2238 sive
2547 2183 2939 2252 supplendum;
2967 2199 3140 2254 eaque
3163 2183 3230 2238 ad
3261 2185 3460 2239 calcem
3506 2186 3703 2255 mjwi-

2126 2293 2250 2331 mus
2286 2295 2297 2330 :
2337 2292 2445 2346 quo
2475 2277 2689 2332 scilicet
2715 2278 2948 2348 quisque
2982 2278 3224 2332 locorum
3269 2278 3567 2332 collatione
3619 2279 3699 2332 in-

2126 2369 2339 2433 stituta,
2359 2368 2426 2424 de
2443 2369 2736 2424 lectionum
2761 2369 2988 2422 veritate
3014 2367 3280 2438 judicium
3308 2368 3461 2424 ferat.
3491 2366 3700 2422 Deinde

2126 2462 2344 2515 notulas
2383 2461 2555 2515 textui
2601 2460 2956 2529 subjecimus.
3000 2459 3197 2529 quibus
3237 2465 3351 2514 tum
3397 2457 3701 2512 Parallelo—

2127 2565 2243 2601 rum
2293 2548 2411 2602 loca
2464 2548 2797 2615 indicantur,
2846 2557 2960 2603 tum
2995 2549 3158 2604 etiam
3199 2548 3331 2604 locis
3363 2549 3577 2602 vexatis
3609 2558 3698 2601 aut

2124 2641 2399 2711 corruptis
2444 2640 2536 2694 lux
2571 2640 2891 2703 al‘funditur,
2933 2650 3026 2695 aut
3049 2640 3332 2710 integritas
3360 2642 3692 2695 restituitur.

2124 2728 2182 2784 ln
2232 2731 2372 2786 idem
2431 2739 2692 2801 praeterea
2736 2731 3028 2786 consilium
3069 2730 3333 2785 nonnulla
3392 2746 3590 2786 sumus
3631 2745 3695 2786 ex

2123 2819 2319 2877 Photio
2345 2822 2596 2877 mutuati.
2647 2821 2733 2876 Ad
2774 2822 2889 2877 haec
2920 2828 3156 2893 quatuor
3185 2821 3448 2876 librorum
3492 2822 3695 2893 integri

2123 2913 2306 2984 operis
2349 2913 2457 2968 Titi
2493 2923 2817 2985 argumenta
2861 2912 3223 2968 subdidimus.
3253 2911 3498 2983 Denique
3530 2913 3691 2967 trium

2125 3003 2478 3074 superstitum
2525 3003 2788 3058 librorum
2831 3003 3085 3058 lemmata
3129 3003 3550 3070 contexuimus,
3579 3003 3693 3075 qui-

2047 3096 2093 3157 C
2126 3095 2228 3151 bus
2260 3101 2588 3166 conspectus
2613 3095 2780 3150 totius
2809 3095 2993 3166 operis
3029 3094 3335 3150 exhibetur.

2187 3229 2276 3288 Vl.
2317 3229 2414 3288 llis
2458 3244 2624 3302 porro
2675 3229 2858 3285 addita
2893 3236 2977 3286 est
3022 3227 3210 3286 Oratio
3234 3231 3290 3284 in
3327 3228 3530 3284 Ramos
3568 3233 3687 3300 ραι·

2114 3338 2344 3388 marum,
2395 3338 2519 3393 quae
2563 3321 2669 3378 sub
2701 3321 2811 3376 Titi
2843 3319 3157 3378 Bostrensis
3187 3323 3406 3376 nomine
3448 3314 3690 3378 circnm-

2113 3412 2304 3470 fcrtur.
2361 3414 2465 3480 Qui
2509 3429 2579 3470 ex
2622 3413 2815 3471 codice
2862 3414 3012 3486 regio
3042 3427 3163 3470 eam
3212 3413 3383 3469 edidit
3418 3412 3687 3470 Combei—

2113 3504 2228 3560 sius
2261 3503 2337 3574 (η)
2367 3544 2382 3569 ,
2420 3504 2636 3560 dubitat
2671 3504 2792 3574 ejus
2822 3519 2891 3560 ne
2925 3504 2999 3560 sit
3025 3503 3092 3560 de
3117 3520 3227 3576 quo
3255 3505 3343 3560 hic
3380 3521 3589 3573 sermo,
3617 3522 3683 3563 an

2111 3612 2242 3652 vero
2276 3597 2502 3652 alterius
2538 3597 2799 3668 junioris.
2848 3597 3008 3668 cujus
3053 3594 3433 3654 Commentarii
3480 3601 3541 3654 in
3577 3599 3683 3654 LI-

2111 3704 2228 3742 cam
2277 3704 2403 3744 esse
2445 3687 2720 3746 feruntur.
2769 3689 3040 3744 Nimirum
3076 3690 3216 3746 duos
3252 3690 3343 3746 ille
3379 3689 3540 3748 Titos
3581 3691 3684 3746 Bo-

2111 3790 2421 3835 strenorum
2465 3780 2754 3863 episcOpos
2788 3787 3130 3838 commentus
3165 3791 3247 3837 est
3276 3800 3291 3847 ;
3335 3796 3463 3836 cum
3499 3791 3681 3838 tamen

2108 3879 2322 3928 veteres
2352 3868 2519 3926 unum
2558 3880 2769 3928 tantum
2799 3880 3118 3945 agnoscant.
3141 3873 3285 3929 Alibi
3325 3881 3512 3930 autem
3538 3875 3678 3931 idem

2108 3962 2286 4019 editor
2317 3964 2453 4018 nihil
2489 3971 2676 4021 vetare
2699 3965 2830 4036 ait.(
2853 3982 2882 4019 ο
2907 3965 2949 4037 ),
2980 3966 3059 4021 uti
3090 3980 3192 4021 nec
3218 3965 3427 4037 aliquid
3454 3980 3676 4038 cogere,

2109 4056 2242 4125 quin
2280 4056 2394 4111 haue
2425 4055 2543 4127 ipsa
2582 4058 2760 4112 oratio
2784 4059 2987 4114 seniori
3018 4058 3196 4120 detur.
3226 4056 3516 4130 Simulque
3549 4062 3679 4116 sub-

2107 4149 2186 4202 dit
2228 4169 2239 4202 :
2294 4167 2313 4201 c
2359 4148 2749 4222 Cujuscunque
2791 4165 2922 4206 vero
2957 4150 3052 4215 sit,
3083 4165 3221 4222 opus
3257 4158 3343 4205 est
3376 4151 3672 4216 eruditum,

2105 4241 2337 4312 egregiis
2380 4241 2640 4298 refertum
2684 4243 2883 4308 sensis,
2924 4256 2989 4298 ac
3031 4243 3298 4315 dogmatis
3330 4256 3671 4310 accuratum,

2105 4339 2166 4387 ut
2216 4333 2448 4403 quisque
2483 4335 2768 4406 theologus
2800 4336 2918 4405 ipsa
2953 4335 3137 4390 statim
3172 4335 3406 4392 lectione
3447 4338 3669 4392 videbit.

437 4429 669 4484 maculis
702 4430 992 4499 deturpati.
1025 4431 1203 4488 Facile
1230 4433 1425 4489 fuisset
1464 4434 1533 4488 ad
1569 4431 2006 4488 animadverten-
2035 4423 2078 4478 Ι)
2106 4422 2281 4480 LOCOS
2325 4423 2624 4497 Scriptum
2651 4428 2790 4483 scite
2819 4427 3109 4483 admodum
3137 4429 3359 4498 exponit
3399 4443 3465 4484 ac
3504 4431 3672 4500 appli-

435 4521 588 4585 dum,
629 4522 790 4576 modo
814 4523 931 4578 viro
962 4525 1128 4580 docto
1157 4526 1245 4579 cui
1278 4525 1465 4581 Graeca
1499 4524 1781 4590 debemus,
1813 4525 2007 4581 libuis-

436 4619 540 4676 set,
580 4613 841 4669 intextam
893 4623 1137 4670 extremo
1187 4617 1327 4672 libro
1370 4618 1531 4672 tertio
1581 4617 2004 4687 disputationem

434 4699 502 4754 de
535 4699 771 4755 hominis
803 4705 1097 4766 creatione,
1129 4719 1293 4774 quam
1322 4703 1429 4760 Titi
1453 4707 1750 4763 adversarii
1783 4706 2001 4762 diabolo

423 4802 710 4864 acceptam
750 4796 1013 4860 ferebant,
1068 4797 1136 4852 ab
1163 4813 1229 4854 eo
1262 4799 1381 4853 loco
1419 4816 1527 4870 quo
1557 4801 1727 4870 legem
1755 4817 1876 4858 esse
1904 4801 2022 4892 bo:

501 4971 578 5048 (ᾳ)
598 4969 841 5048 Βίβΐρη.
862 4971 937 5027 De
966 4974 1064 5028 vir.
1099 4975 1320 5040 illuslr.,
1346 4993 1467 5048 cap.
1501 4979 1622 5032 102.

598 5039 793 5126 ξρξριι.
829 5044 958 5126 hier.
993 5057 1150 5126 LXVI,‘
1169 5060 1290 5126 cap.
1308 5039 1412 5126 ’21..

499 5111 567 5188 (ιζ)
612 5111 838 5188 Tillem;
853 5112 1015 5188 diem.
1044 5117 1170 5188 εδει.
1200 5111 1332 5173 tom.
1367 5117 1476 5182 Vll,
1510 5133 1632 5188 pag.
1663 5119 1788 5175 585.

423 5181 769 5306 Βέίέξωῗιοι.
799 5181 936 5239 Bibl.
967 5186 1090 5240 cod.
1137 5201 1374 5254 ccxxx",
1405 5181 1526 5261 pag:
1557 5181 1660 5244 894
1703 5205 1818 5261 seq.
1860 5192 1989 5247 edit.

496 5325 564 5398 (ᾳ)
606 5323 683 5398 id.
721 5323 855 5379 ibid.
887 5325 1242 5398 cod._t.xxxv,
1268 5343 1392 5398 pag.
1419 5329 1546 5383 205.

427 5460 455 5530 ﬁ
495 5393 561 5516 ([3
599 5392 832 5465 Basnag.
889 5397 953 5458 ad
1007 5396 1158 5451 Thes.
1213 5392 1402 5454 (lanis.
1449 5409 1581 5454 tom.
1617 5398 1674 5465 Ι,
1724 5418 1845 5475 pag.
1883 5405 1986 5472 57,

500 5483 512 5513 ι
567 5507 579 5518 .

605 5531 987 5612 [λρᾳιξὶθη.Αον.
1016 5536 1369 5612 Christltom.
1406 5541 1447 5604 Ι,
1469 5556 1588 5612 pag.
1617 5543 1739 5600 602.

495 5603 571 5669 (lt)
614 5602 829 5658 Maxim.
864 5603 1002 5678 Opp.
1041 5619 1170 5665 tom.
1203 5607 1268 5678 11,
1312 5602 1442 5683 pag.
1471 5602 1560 5666 65:

2106 4524 2216 4581 cat,
2261 4524 2321 4570 ut
2353 4518 2487 4572 nihil
2517 4518 2819 4575 desiderari
2859 4519 3128 4576 videatur.
3164 4538 3184 4571 ι
3221 4518 3328 4574 Sed
3376 4520 3498 4575 haec
3543 4523 3669 4578 satis

2104 4607 2172 4662 de
2206 4606 2342 4674 .Tito
2387 4608 2691 4667 Bostrensi.
2738 4609 3008 4666 Caeterum
3057 4610 3126 4666 de
3165 4608 3581 4666 Commentariis
3619 4614 3667 4665 in

2102 4697 2303 4753 Lucam
2339 4700 2461 4770 ejus
2513 4704 2734 4758 nomine
2782 4702 3097 4774 inscriptis,
3157 4716 3261 4759 nos
3303 4702 3444 4758 alias
3474 4717 3669 4776 oppor—

2101 4792 2290 4849 tunius

2171 4967 2234 5044 (ἦ)
2275 4965 2420 5044 ξβιῐι.
2449 4968 2555 5044 Sic.
2599 4968 2744 5044 Hist:
2794 4971 3030 5044 Manich.
3059 5015 3074 5037 ,
3104 4989 3228 5044 pag.
3260 4973 3349 5044 ‘50.

2171 5039 2246 5118 (λλ
2277 5040 2433 5118 Phot.
2463 5042 2588 5118 _lib_.
2647 5057 2663 5094 ι
2703 5041 2888 5118 Contr.
2944 5039 3217 5118 Μαηξᾷζιῖ,
3264 5043 3291 5114 §
3363 5060 3478 5107 xiv.
3529 5047 3660 5118 apud

2098 5104 2264 5184 Wolf.
2288 5110 2628 5184 ﬁnch._Gr.
2666 5119 2796 5167 tom.
2833 5111 2873 5179 l,
2916 5129 3039 5184 pag.

2167 5177 2239 5255 (llr)
2271 5178 2466 5255 gauis.
2500 5180 2642 5255 Left.
2694 5177 2867 5255 αηέὶᾳ.
2891 5177 3022 5238 ιὸηί
3062 5183 3104 5234 V
3129 5226 3149 5255 ,
3172 5196 3330 5253 pagg.
3365 5183 3437 5239 36
3477 5201 3630 5255 seqq.

2166 5248 2512 5326 (0.83.9133:
2559 5252 2711 5326 71m,
2747 5248 2930 5326 Cattis.
2965 5264 3098 5308 tom.
3131 5248 3188 5315 l,
3219 5248 3382 5326 p'a'gg.
3415 5256 3487 5309 59
3511 5248 3656 5326 se'q'qf

2165 5318 2260 5387 (m)
2302 5318 2536 5377 Wess'cl.
2567 5321 2798 5376 Probab.
2821 5323 2911 5378 lib.
2949 5329 3083 5395 sing.
3117 5318 3241 5394 cap:
3264 5318 3356 5387 20',
3378 5341 3538 5396 pagg.
3567 5318 3656 5380 θεὶς

2092 5401 2248 5541 “((13).
2276 5457 2526 5541 ‘_C_ombef.
2557 5462 2710 5516 Autt.
2744 5479 2862 5518 nov.
2900 5471 3033 5541 tom.
3067 5462 3108 5525 l,
3145 5479 3269 5541 pag.
3448 5462 3616 5518 -651.

2162 5527 2353 5654 ἕωῶά.
2406 5531 2460 5586 in
2483 5547 2694 5590 recens.
2745 5542 2892 5589 auct.
2930 5533 2999 5588 ad
3040 5527 3176 5590 toni.
3217 5527 3247 5590 Ι
3292 5535 3434 5592 Bibl.
3477 5547 3649 5596 coles.

2089 5611 2212 5670 pag.
2245 5611 2334 5654 se.
