3782 6166
137 316 289 377 1069

1225 327 1589 388 ADVERSUS
1628 326 2053 390 MANICIIEOS
2093 333 2217 388 LIB.
2255 334 2302 390 ἶ.

3259 329 3400 387 1070

153 462 3380 492 _____.___________________________________________________

486 617 877 772 TITI
954 615 2125 776 BOSTRENSIS
2185 621 3053 778 EPISCOPI

389 891 767 1007 LIBRI
906 891 2090 1013 TRESADVERSUS
2217 897 3142 1013 MANlCH/EOS.

993 1127 1398 1179 immanem
1442 1115 1890 1183 FRANCISCO
1927 1119 2340 1184 TURRIANO
2378 1122 2437 1181 S.
2483 1121 2541 1182 3.

1306 1397 1669 1490 LIBER
1741 1397 2228 1491 PRIMUD.

1350 1657 1474 1714 Car.
1515 1658 1554 1714 Ι.
1593 1662 1754 1736 Origo
1791 1659 2196 1720 Hanichteismi.

211 1767 358 1828 nam
390 1774 488 1846 μὲν
519 1768 598 1837 οἷς
629 1763 815 1844 γέγονε
863 1772 953 1828 διά
994 1765 1228 1846 σπουδῆς
1260 1776 1369 1832 τῶν
1405 1781 1464 1833 ἐν
1503 1781 1715 1855 ἀνθρώ-
1745 1800 1790 1854 Α
1887 1784 2099 1851 Quibus
2129 1799 2135 1835 ε

1901 1784 2099 1851 Quibus
2129 1781 2372 1838 studium
2401 1787 2486 1836 est
2517 1793 2716 1835 causas
2747 1786 2934 1832 eorum
2981 1792 3103 1848 quae
3147 1775 3396 1833 homines

139 1884 271 1930 ποις
298 1866 758 1938 ἁμαρτανομένων
790 1865 889 1930 τὰς
925 1867 1101 1932 αίτίας
1135 1867 1338 1933 ἐξελεῖν
1383 1870 1540 1940 Θεοῦ,
1579 1873 1722 1939 ὅσιός

139 1977 206 2013 τε
240 1961 334 2016 καὶ
369 1959 574 2030 ἀληθὴς
619 1959 811 2028 γέγονε
861 1960 1006 2014 κατὰ
1050 1960 1209 2015 τοῦτο
1255 1961 1366 2017 τῶν
1407 1963 1662 2020 τοιούτων
1695 1970 1724 2021 ό

143 2052 350 2116 σκοπός
369 2068 384 2081 ο
413 2051 526 2120 εἴγε
572 2051 648 2124 μὴ
674 2043 1027 2122 διαφυγόντες
1071 2053 1132 2107 τὸ
1165 2057 1412 2126 προνοεῖν
1461 2057 1569 2112 τῶν
1601 2060 1721 2114 καθ’

140 2145 296 2215 ήμᾶς
326 2144 416 2197 τὸν
456 2143 610 2211 Θεὸν,
651 2145 890 2213 εὐλόγως
933 2147 1028 2200 καὶ
1074 2146 1379 2220 φιλαλήθως
1417 2149 1723 2221 ἀνθρώποις

141 2238 420 2309 ἀνέθηκαν
467 2238 535 2292 τά
579 2238 728 2308 σφῶν
775 2238 953 2294 αὐτῶν
1001 2242 1406 2312 ἁμαρτήματαο
1454 2243 1723 2314 ἐπείτοιγε

145 2333 344 2403 μικρὸν
383 2332 566 2386 ἰᾶσθαί
598 2350 650 2385 τι
702 2331 1073 2404 βουληθέντες,
1111 2333 1318 2405 μείζονι
1363 2337 1457 2390 καὶ
1505 2337 1724 2409 χαλεπῷ

143 2426 414 2497 νοσήματι
449 2427 549 2496 τῆς
579 2426 832 2490 ἀσεϐείας
863 2419 1211 2498 περιέπεσον,
1243 2431 1322 2492 είς
1364 2429 1592 2501 ἄρνησιν
1624 2429 1724 2500 τῆς

141 2519 206 2572 ἐν
239 2519 405 2571 παντὶ
434 2518 763 2590 φαινομένης
789 2517 882 2573 τοῦ
917 2518 1052 2572 Θεοῦ
1086 2511 1344 2592 προνοίας
1370 2521 1721 2592 ἐμπεσόντες.

156 2611 217 2662 '0
273 2610 331 2663 δὲ
367 2611 556 2682 μανεὶς
597 2613 664 2664 ἐκ
697 2610 995 2683 βαρϐάρων
1035 2613 1130 2667 καὶ
1171 2613 1268 2682 τῆς
1316 2613 1510 2684 μανίας
1555 2614 1726 2685 αὐτῆς

143 2701 452 2773 ἐπώνυμος,
481 2701 563 2754 ἐτι
587 2701 725 2772 πρὸς
746 2703 1000 2758 ἀσέϐειαν
1029 2698 1420 2777 βλαϐερωτέρῳ
1448 2707 1724 2777 φαρμάκῳ

139 2794 524 2866 ’κατεχρήσατο
547 2811 562 2826 ο
616 2794 813 2858 κακίας
861 2795 972 2867 γὰρ
1021 2795 1260 2852 ἀναίτιον
1312 2798 1590 2862 ἀποδεῖξαι
1633 2795 1725 2850 τὸν

142 2884 282 2939 Θεὸν
331 2883 634 2956 βουληθεὶς,
670 2885 867 2940 κακίαν
913 2885 1121 2959 προῖὼν
1166 2887 1501 2958 ἀντέστησεν
1543 2888 1721 2960 αὐτῷ’

147 2979 466 3051 ἀγέννητον,
483 2978 558 3043 ῶς
573 2996 757 3051 φησιν,
787 2980 1087 3050 ἀγεννήτῳ,
1112 2979 1289 3045 ζῶσαν
1313 2980 1498 3047 ζῶντι,
1517 2982 1603 3034 ἀεὶ
1627 2981 1727 3052 μιν

146 3072 586 3144 ἐπανισταμένην
621 3073 715 3126 καὶ
747 3073 1081 3145 μαχομένην,
1113 3073 1209 3126 καὶ
1255 3073 1448 3128 οὐποτε
1496 3074 1570 3145 μὴ
1604 3074 1726 3146 οὐχὶ

1819 1882 2088 1946 peccant,
2119 1887 2151 1926 a
2181 1871 2292 1927 Deo
2321 1885 2632 1936 removere,
2666 1869 2821 1924 aiunt
2848 1877 3099 1924 sanctum
3129 1876 3183 1924 et
3208 1880 3396 1923 verum

1821 1985 1946 2025 esse
1974 1963 2144 2022 Deum
2173 1986 2186 2022 :
2221 1966 2329 2020 huc
2362 1971 2611 2035 spectant
2639 1964 2780 2018 tales
2801 2001 2816 2026 ,
2845 1971 2900 2017 et
2927 1961 3034 2016 hoc
3075 1961 3157 2016 eis
3201 1974 3400 2032 propo-

1824 2062 1990 2116 situm
2015 2067 2102 2116 est
2133 2059 2298 2113 tueri.
2330 2057 2467 2112 Cum
2505 2057 2652 2110 enim
2695 2070 2806 2110 non
2851 2061 3054 2126 negant
3100 2066 3402 2124 procurare

1825 2145 1994 2206 Deum
2020 2165 2111 2204 res
2137 2158 2358 2205 nostras
2375 2189 2390 2214 ,
2415 2156 2563 2203 recte
2589 2162 2653 2202 ac
2681 2162 2806 2201 vere
2834 2146 3147 2202 hominibus
3174 2155 3401 2216 peccata

1824 2253 2014 2298 eorum
2045 2241 2371 2313 assignant;
2397 2239 2617 2311 |alioqui
2656 2255 2850 2309 parum
2893 2238 3024 2309 quid
3069 2254 3265 2294 sanare
3307 2239 3402 2310 qui

1825 2337 2116 2391 voluerunt
2137 2376 2150 2402 ,
2185 2335 2239 2388 in
2270 2334 2575 2405 graviorem
2607 2341 2661 2387 et
2704 2330 3062 2386 diﬁiciliorem
3105 2332 3402 2402 impietatis

1825 2427 2198 2498 aegritudinem
2232 2425 2578 2489 inciderunt,
2612 2422 2703 2478 Dei
2734 2423 3165 2494 providentiam,
3197 2441 3318 2495 qua:
3344 2425 3404 2479 in

1827 2521 2182 2577 universitate
2208 2535 2390 2575 rerum
2420 2511 2688 2579 cernitur,
2737 2526 3022 2589 negantes.
3069 2511 3402 2573 Manicharus

1825 2627 1988 2680 vero,
2013 2612 2109 2683 qui
2140 2626 2172 2666 a
2195 2611 2449 2666 barbarie
2477 2621 2532 2666 et
2561 2609 2745 2665 furore
2767 2624 2965 2665 nomen
2993 2608 3180 2676 ducit,
3206 2625 3404 2666 nocen-

1825 2705 1966 2760 tiore
1989 2703 2170 2759 adhuc
2191 2709 2389 2758 contra
2418 2701 2750 2772 impietatem
2775 2699 3018 2757 remedio
3041 2699 3249 2757 abusus
3279 2708 3407 2757 est:

1827 2812 1952 2852 cum
1993 2796 2136 2851 enim
2177 2797 2556 2850 demonstrare
2595 2795 2860 2851 voluisset
2904 2809 3016 2850 non
3061 2810 3186 2851 esse
3232 2793 3405 2851 Deum

1828 2896 2105 2942 auctorem
2136 2886 2296 2952 mali,
2328 2886 2533 2941 malum
2561 2885 2613 2941 ei
2641 2888 2934 2957 opposuit,
2970 2888 3274 2959 ingenitum
3295 2926 3310 2952 ,
3346 2897 3410 2942 ut

1827 2981 1933 3048 ait,
1966 2979 2242 3052 ingenito,
2273 2979 2458 3034 vivum
2485 2980 2608 3034 vivo
2628 3019 2645 3039 .
2675 2995 2892 3052 semper
2921 2982 3199 3038 obsistens
3229 2996 3294 3036 ac
3319 2997 3409 3037 re-

1824 3088 2110 3143 pugnans,
2139 3080 2194 3128 et
2234 3087 2512 3142 nunquam
2559 3087 2668 3126 non
2703 3074 2985 3143 negotium
3031 3081 3086 3128 et
3125 3073 3408 3130 molestias

150 3164 452 3236 πράγματα
497 3164 842 3236 παρέχουσαν
883 3163 1062 3236 αὐτῷ’
1107 3163 1457 3236 ἀναιρεθῆναι
1489 3163 1547 3217 δὲ
1588 3165 1725 3236 πρὸς
1755 3171 1799 3226 Β
1826 3166 2112 3232 inferens;

1901 3167 2112 3232 ferens;
2143 3164 2399 3236 quodque
2430 3163 2500 3218 ab
2527 3179 2593 3218 eo
2635 3165 2882 3220 funditus
2921 3165 3195 3236 exstingui
3225 3173 3281 3222 et
3322 3167 3410 3220 in-

146 3255 312 3309 αὐτοῦ
340 3255 618 3320 παντελῶς
645 3256 720 3328 μὴ
741 3255 1067 3328 δυναμένην,
1087 3257 1164 3321 ὡς
1187 3255 1358 3311 ἀΐδιόν
1381 3274 1440 3310 τε
1463 3257 1560 3311 καὶ
1587 3274 1726 3330 συμ-

147 3346 589 3418 πεπληρωμένην
617 3347 718 3418 τὴν
760 3348 948 3402 οὐσίαν
996 3348 1091 3402 καὶ
1140 3349 1437 3420 ἀγένητονο
1482 3350 1579 3406 καὶ
1623 3368 1728 3406 κα-

147 3439 328 3506 πνὸν,
355 3439 430 3504 ῶς
463 3457 616 3510 φασι,
655 3442 911 3512 φεύγων,
945 3441 1330 3513 ἐμπέπτωκεν
1363 3445 1451 3510 είς
1487 3443 1552 3497 τὸ
1581 3444 1721 3514 πῦρ.

148 3533 269 3586 Ἵνα
297 3532 405 3605 γὰρ
448 3535 522 3605 μὴ
554 3533 664 3587 τῶν
692 3535 821 3606 παρ’
854 3536 1006 3606 ἡμῖν,
1034 3533 1111 3598 ὡς
1146 3535 1338 3602 οἴεται,
1383 3535 1569 3589 κακῶν
1618 3538 1723 3589 ὑπ-

145 3624 294 3696 έχειν
328 3625 456 3700 δοκῇ
489 3626 590 3691 τὰς
614 3627 792 3692 αἰτίας
813 3627 1009 3692 όΘεὸς,
1031 3627 1195 3692 αὐτὸς
1221 3646 1286 3698 γε
1316 3628 1442 3701 ὅλης
1467 3631 1610 3694 τινὸς
1632 3631 1726 3683 καὶ

147 3717 442 3790 ὁλοκλήρου
474 3720 606 3790 παρ’
645 3717 792 3790 αὐτῷ
817 3719 1014 3783 κακίας
1049 3719 1477 3792 παραπολαύειν.
1511 3722 1576 3774 Τί
1614 3721 1724 3792 γάρ

147 3810 199 3861 εἰ
231 3809 599 3880 μακροθύμως
624 3810 718 3864 καὶ
743 3809 944 3879 σοφῶς,
969 3809 1044 3873 ὥς
1069 3826 1223 3880 φησι,
1255 3811 1721 3883 μεταχειρίζεταις

141 3899 266 3954 ’ἀλλ’
289 3901 438 3971 ὅμως
456 3902 556 3955 οὐκ
583 3901 925 3974 ἀπολέμητος
955 3901 1022 3956 ἂν
1051 3903 1135 3974 εῐη
1167 3904 1310 3958 κατά
1324 3920 1386 3973 γε
1414 3902 1513 3974 τὴν
1539 3903 1724 3958 τοιαύ-

150 4008 252 4063 την
285 3992 537 4047 ὐπόθεσιν
555 4009 569 4022 ⁸
598 3987 659 4048 οῦ
689 3993 742 4047 τί
763 3993 830 4049 ἄν
859 3993 1068 4064 γένοιτο
1105 3994 1213 4047 τῶν
1245 3998 1568 4066 πρεπόντων
1595 3995 1726 4068 περὶ

142 4082 286 4136 Θεοῦ
305 4083 579 4155 λογισμῶν
604 4083 1023 4158 ἀλλοτριώτερον
1041 4103 1054 4151 ;

1831 3258 1999 3314 terire
2029 3264 2297 3326 nequeat,
2325 3262 2513 3322 utpote
2540 3263 2744 3311 aeterna
2771 3265 2824 3311 et
2847 3257 3116 3327 completa
3147 3258 3410 3314 substan-

1829 3351 1942 3416 tia,
1973 3360 2231 3419 tanquam
2258 3346 2503 3418 ingenita
2533 3365 2546 3401 :
2579 3348 2660 3402 sic
2683 3347 2884 3417 fugiens
2931 3347 3135 3412 fumum
3159 3387 3174 3411 ,
3222 3356 3282 3402 ut
3321 3356 3409 3404 est

1828 3441 1888 3496 in
1915 3440 2241 3506 Proverbio,
2275 3442 2330 3494 in
2361 3441 2534 3510 ignem
2571 3439 2782 3495 incidit.
2811 3438 3022 3494 Etenim
3068 3455 3139 3494 ne
3160 3440 3409 3496 videatur

1827 3533 2006 3599 Deus,
2051 3540 2112 3586 ut
2151 3531 2485 3587 Manichaaus
2530 3531 2841 3594 existimat,
2887 3541 3206 3586 nostrorum
3235 3532 3408 3586 malo-

1828 3641 1949 3682 rum
1971 3639 2096 3682 esse
2119 3626 2175 3680 in
2203 3639 2372 3679 causa
2397 3663 2412 3688 ,
2440 3639 2506 3679 ex
2533 3629 2651 3678 toto
2675 3622 2911 3692 quodam
2942 3631 2997 3678 et
3025 3624 3236 3693 integro
3262 3623 3408 3678 malo

1831 3719 1976 3790 apud
2006 3733 2066 3774 se
2094 3717 2330 3772 fructum
2358 3715 2512 3787 lingit
2537 3715 2838 3785 percipere.
2868 3714 3013 3781 Quid
3038 3716 3182 3769 enim
3203 3755 3220 3781 ,
3244 3715 3289 3771 si
3317 3730 3408 3772 res

1831 3819 2032 3866 tractat
2060 3810 2238 3874 Deus,
2271 3817 2330 3863 ut
2357 3808 2690 3864 Manichteus
2733 3808 2842 3871 ait,
2888 3809 3188 3863 toleranter
3231 3815 3287 3862 et
3319 3823 3408 3863 sa-

1831 3902 2084 3975 pienter?
2115 3913 2170 3956 at
2200 3917 2512 3970 nunquam,
2540 3899 2798 3970 opinione
2831 3899 3024 3968 hujus,
3057 3900 3198 3955 bello
3222 3910 3278 3955 et
3307 3917 3409 3971 pu-

1829 4009 1938 4066 gna
1978 3993 2228 4048 carebit:
2263 4009 2374 4063 quo
2414 3991 2548 4062 quid
2589 3999 2767 4062 potest
2794 3992 2861 4048 dc
2886 3992 2996 4047 Deo
3031 3992 3177 4064 quod
3223 3993 3408 4052 minus

1832 4100 1956 4139 eum
1989 4083 2216 4148 deceat,
2248 4083 2480 4154 cogitari
2506 4083 2530 4134 ?

1279 4203 1408 4258 Cm.
1452 4202 1518 4256 ll.
1547 4202 1944 4259 Catltolicorum
1971 4200 2250 4254 sententia.

221 4293 343 4348 Ὀτι
391 4295 489 4366 μὲν
532 4293 641 4366 γὰρ
680 4295 905 4359 εὐσεϐὲς
934 4295 1041 4348 τῶν
1083 4295 1235 4366 παρὰ
1277 4294 1585 4368 ἀνθρώποις
1609 4295 1723 4350 ἀδι-
1749 4300 1792 4358 C
1894 4290 2054 4361 Quod
2087 4293 2135 4362 pi

1901 4290 2054 4361 Quod
2087 4293 2238 4362 pium
2270 4291 2491 4361 quidem
2516 4292 2592 4346 sit
2622 4291 2764 4363 apud
2797 4292 3049 4347 homines
3069 4331 3084 4354 ,
3117 4291 3247 4347 totis
3274 4291 3408 4347 viri-

149 4385 410 4458 κημᾶτων
443 4386 682 4441 ἀναίτιον
725 4388 886 4442 παντὶ
915 4386 1091 4440 σθένει
1129 4387 1220 4440 τὸν
1261 4387 1391 4440 Θεὸν
1424 4386 1722 4457 ὁμολογεῖν,

151 4475 366 4547 πρῶτος
392 4476 712 4548 πρεσϐεύειν
734 4477 1034 4532 ἐσπούδακε
1059 4477 1159 4548 τῆς
1179 4477 1474 4548 καθολικῆς
1507 4478 1728 4550 Ἐκκλη-

153 4570 274 4633 σίας
300 4571 329 4622 ὁ
355 4569 510 4638 λόγος
529 4587 542 4602 ⁸
563 4569 892 4642 ζητουμένου
911 4571 988 4636 δὲ,
1015 4572 1135 4624 τίνα
1158 4572 1358 4642 τρόπον
1379 4571 1486 4642 πλη
1495 4571 1730 4644 μμελοῦ-

155 4680 257 4733 μεν
290 4664 471 4733 ἡμεῖς,
497 4662 592 4715 τοῦ
624 4662 758 4717 Θεοῦ
793 4663 869 4734 μὴ
906 4662 1250 4735 βουλομένου,
1277 4664 1337 4716 οὐ
1383 4665 1514 4734 περ)¹
1545 4663 1727 4734 μειζό-

150 4772 259 4808 νων
302 4754 715 4826 κατηγοροῦμεν
756 4754 913 4820 Θεοῦ,
965 4757 1091 4827 περὶ
1140 4755 1499 4826 μικροτέρων,
1542 4753 1730 4829 ῶσπερ

151 4846 374 4907 ἐκεῖνος,
394 4845 780 4914 ἀπολογεῖσθαι
811 4845 1122 4916 βουλόμενοι
1140 4845 1235 4916 (1).

237 4932 370 4987 Ἀλλ’
401 4933 569 5006 αὐτὴν
592 4935 689 5006 τῆς
713 4935 968 5007 ἀληθείας
990 4937 1089 5004 τὴν
1111 4934 1248 4998 ὁδὸν,
1280 4933 1343 4988 ἐκ
1358 4951 1415 4986 τε
1433 4932 1538 4986 τῶν
1561 4931 1730 5003 ἁγίων

151 5025 384 5099 Γραφῶν
424 5028 518 5081 καὶ
556 5027 664 5081 τῶν
709 5026 904 5080 κοινῶν
950 5025 1167 5080 ἐννοιῶν
1200 5024 1434 5095 ἔχοντες,
1473 5023 1729 5094 ἀσφαλῶς

151 5117 402 5188 ὁδεύομεν
425 5117 522 5188 (Γ)
545 5117 680 5189 πρὸς
698 5117 793 5188 τὴν
809 5117 1060 5188 τοιαύτην
1084 5117 1331 5188 ζήτησιν,
1354 5116 1432 5186 τῷ
1455 5132 1519 5184 γε
1547 5117 1729 5178 αὑτοῖς

155 5206 457 5278 φιλαλήθως
496 5208 910 5280 προσεγκαλεῖν,
947 5207 1143 5277 εὐσεϐῆ
1194 5208 1293 5278 τὴν
1337 5206 1610 5272 ἀπόδειξιν
1630 5204 1728 5277 τὴν

155 5299 295 5369 ὑπὲρ
332 5297 465 5352 Θεοῦ
508 5299 860 5369 ποιούμενοι·
913 5300 972 5352 οὐ
1014 5299 1122 5370 γάρ
1170 5299 1259 5352 ἵνα
1303 5297 1381 5370 τῷ
1430 5297 1574 5370 λόγῳ
1616 5297 1730 5350 δια-

155 5386 461 5458 φεύγωμεν,
486 5381 559 5441 ὧν
587 5391 665 5452 είς
691 5387 951 5460 ἀλλήλους
979 5386 1406 5459 πλημμελοῦμεν
1437 5387 1505 5442 τὰ
1535 5388 1731 5459 ἐγκλή-

158 5497 322 5551 ματα,
386 5481 658 5552 προσῆκεν
711 5483 791 5545 εἰς
845 5480 976 5535 Θεὸν
1027 5480 1265 5545 ἀσεϐεῖν,
1321 5483 1728 5552 πραττομένους

155 5574 284 5643 παρ’
311 5572 476 5626 αὐτοῦ
507 5573 576 5627 τὰ
614 5575 830 5629 πάντων
862 5572 1296 5648 ὑϐριστικώτερα
1334 5577 1428 5630 καὶ
1463 5574 1728 5648 μηδαμῶς

153 5662 282 5717 ὅντα

225 5776 300 5848 (1)
327 5775 509 5851 Vulg.,
537 5779 888 5854 Βουλόμενος.
927 5783 1084 5839 Ευιτ.

1826 4385 1932 4442 bus
1962 4385 2242 4450 conﬁteri,
2275 4385 2442 4440 Deum
2473 4401 2579 4440 non
2611 4400 2735 4440 esse
2763 4384 3089 4453 injuriarum
3117 4392 3171 4438 et
3198 4383 3408 4440 maleﬁ-

1824 4479 2038 4534 ciorum
2069 4486 2351 4531 auctorem
2375 4519 2388 4541 ,
2423 4477 2599 4546 prima
2633 4477 2886 4532 doctrina
2917 4477 3177 4533 Ecclesiae
3218 4478 3408 4532 catho-

1826 4569 1947 4625 licae
1992 4562 2207 4626 studuit
2235 4569 2504 4639 proﬁteri.
2539 4569 2677 4624 Cum
2710 4579 2892 4624 autem
2925 4571 3224 4640 quaerimus
3266 4587 3406 4640 quo-

1826 4662 1991 4717 modo
2037 4677 2139 4717 nos
2177 4677 2468 4731 peccemus
2509 4663 2730 4716 nolente
2771 4661 2946 4726 Deo,"
2970 4670 3029 4718 ut
3080 4678 3406 4732 peccemus,

1827 4750 1895 4806 de
1927 4752 2275 4822 gravioribus
2306 4768 2412 4805 non
2443 4751 2613 4806 Deum
2642 4769 2989 4818 accusamus,
3021 4771 3147 4810 cum
3179 4771 3210 4809 a
3239 4756 3409 4812 levio-

1767 4907 1776 4914 .
1828 4843 1980 4899 ribus
2005 4859 2128 4898 eum
2147 4882 2162 4906 ,
2195 4843 2340 4898 sicut
2370 4844 2493 4905 ille,
2525 4844 2818 4901 defendere
2845 4847 3120 4904 volumus.

1901 4935 1958 5000 Si
1986 4935 2080 5004 qui
2106 4935 2252 4988 viam
2285 4936 2532 4990 veritatis
2561 4952 2626 4992 ex
2659 4940 2868 4994 sanctis
2912 4937 3215 5012 Scripturis
3255 4951 3310 4997 et
3340 4959 3409 4998 ex

1829 5027 2210 5082 communibus
2241 5027 2561 5083 nationibus
2591 5031 2864 5100 cognitam
2892 5031 3180 5096 habemus,
3207 5049 3406 5104 perga-

1829 5133 1952 5172 mus
1984 5116 2134 5172 ﬁrme
2162 5117 2230 5170 ad
2261 5119 2422 5172 talem
2455 5122 2838 5188 quastionem,
2871 5123 3012 5192 piam
3060 5133 3409 5193 argumenta-

1833 5211 2033 5265 tionem
2082 5224 2180 5278 pro
2228 5208 2338 5263 Deo
2389 5212 2819 5278 concludentes,
2871 5221 2985 5268 nos'
3022 5216 3172 5284 ipsos
3223 5213 3407 5269 studio

1829 5299 2083 5356 veritatis
2114 5301 2429 5357 accusando
2460 5321 2473 5357 :
2507 5317 2618 5359 non
2644 5306 2790 5364 enim
2824 5314 2882 5359 ut
2907 5303 3072 5360 verbo
3096 5309 3408 5364 accusatio-

1829 5407 1952 5448 nem
1982 5406 2172 5446 eorum
2195 5432 2210 5458 ,
2242 5409 2364 5466 qua:
2396 5394 2450 5448 in
2480 5411 2582 5451 nos
2613 5397 2755 5452 inter
2799 5413 2900 5452 nos
2945 5414 3270 5468 peccamus.
3310 5400 3407 5454 de-

1829 5487 2128 5552 clinemus,
2157 5485 2385 5543 decebat
2412 5489 2466 5542 in
2496 5489 2663 5544 Deum
2698 5492 2897 5561 impios
2921 5508 3045 5549 esse
3065 5532 3080 5557 ,
3113 5502 3404 5564 poscentes

1831 5576 1899 5629 ab
1937 5591 2003 5630 eo
2045 5593 2165 5646 quae
2206 5588 2335 5633 sunt
2363 5581 2848 5638 contumeliosiora
2875 5585 3130 5642 omnibus
3151 5627 3166 5653 ,
3199 5593 3254 5641 et
3282 5601 3406 5659 quae

1755 5647 1799 5702 θ
1827 5683 2170 5738 nequaquam
2197 5680 2341 5729 sunt.

1901 5785 1998 5856 (li)
2032 5785 2214 5855 Forte,
2253 5787 2540 5859 ὁδεύωμεν.
2578 5791 2730 5848 Enn.
