3782 6166
432 303 562 363 1οΉ

1548 299 1684 354 TITI
1718 296 2148 353 BOSTBENSIS
2185 294 2491 355 EPISCOPI

3526 299 3665 355 i073

496 404 767 476 Praeterea
795 418 889 490 qui
925 418 1301 473 existimamus
1324 425 1551 487 peccata
1577 418 1719 487 apud
1748 415 1995 471 homines

2165 414 2309 486 Πρὸς
2336 413 2394 468 δὲ
2425 413 2632 478 τούτοις
2662 413 2853 485 ἰάσιμα
2883 415 2950 468 τὰ
2976 415 3124 488 παρὰ
3155 415 3461 487 ἀνθρώποις
3488 415 3669 485 ἀμαρ-

434 512 696 570 sanabilia
727 527 849 567 esse
868 551 883 575 ,
917 519 1105 581 utpote
1134 525 1253 580 quae
1279 525 1388 563 non
1416 524 1445 562 a
1469 508 1738 579 principio
1763 508 1995 577 quodam

435 610 626 657 contra
658 616 751 657 eos
780 600 1033 663 efﬂuant,
1065 599 1162 654 sed
1207 599 1315 653 alio
1366 600 1528 654 modo
1576 613 1607 652 a
1658 600 1817 654 nobis
1866 598 1999 653 ﬁant

438 697 639 766 (quem
681 694 979 764 disputatio
1018 707 1117 747 suo
1163 700 1404 761 tempore
1448 691 1844 762 explanabit),
1891 705 1995 746 non

438 787 611 841 solum
648 801 757 841 non
801 802 990 841 sumus
1032 785 1088 839 in
1132 783 1303 839 Deum
1351 783 1534 854 impii,
1575 799 1686 838 non
1726 784 1998 837 audentes

438 881 807 949 conjecturam
841 878 1048 943 facere,
1079 892 1187 931 non
1217 891 1379 946 posse
1409 875 1577 931 Deum
1608 884 1830 946 propter
1860 873 1999 929 diﬂi-

438 974 694 1027 cuitatem
724 970 980 1025 resistere
1004 969 1134 1023 vitio
1164 968 1308 1038 quod
1338 968 1387 1022 ei
1415 983 1521 1021 non
1544 967 1726 1030 inest,
1760 967 1855 1022 sed
1879 981 2000 1037 qua:

441 1083 471 1119 ιι
517 1063 677 1119 nobis
730 1062 923 1117 vitiose
969 1070 1226 1132 aguntur,
1274 1060 1502 1114 nitimur
1531 1060 1585 1113 in
1626 1059 1706 1115 eis
1739 1073 1995 1126 cessare;

440 1170 564 1210 cum
584 1154 652 1209 iis
680 1153 771 1224 qui
800 1152 1119 1215 advertunt,
1147 1151 1620 1212 demoustramus,
1646 1165 1765 1220 quae
1788 1166 1816 1204 a
1838 1150 1998 1205 nobis

438 1245 765 1317 principium
812 1246 1053 1310 ducunt,
1097 1250 1155 1298 ut
1190 1243 1356 1309 ﬁant,
1399 1258 1497 1313 per
1540 1257 1642 1296 nos
1688 1243 1886 1307 etiam,
1930 1258 2000 1297 ne

438 1336 596 1401 ﬁant,
628 1336 789 1391 tinem
815 1335 1067 1405 assequi,
1097 1337 1312 1389 tametsi
1337 1350 1442 1388 non
1466 1335 1608 1405 apud
1633 1349 1861 1403 omnes;
1891 1350 1999 1389 non

437 1429 583 1483 enim
614 1428 720 1484 hoc
748 1429 1001 1499 generale
1029 1428 1085 1481 in
1114 1426 1346 1498 singulis
1375 1436 1459 1482 est
1480 1467 1494 1491 ,
1530 1427 1623 1481 sed
1673 1428 1727 1481 in
1770 1427 2000 1499 singulis

438 1535 627 1573 eorum
654 1519 747 1589 qui
777 1518 1019 1574 studium
1062 1518 1426 1572 adhibuerunt
1468 1518 1775 1588 (judicium
1821 1530 1999 1573 tamen

442 1612 681 1666 universi
707 1618 829 1675 est,
864 1608 1026 1680 posse
1051 1625 1175 1665 esse
1206 1610 1260 1663 in
1292 1609 1583 1681 singulis).
1611 1611 2000 1665 Verumtamen

438 1703 534 1773 qui
562 1703 791 1757 barbare
833 1717 957 1757 cum
1004 1703 1334 1773 impietatem
1382 1703 1744 1773 excogitavit,
1794 1703 2001 1774 ﬁngens

442 1794 648 1847 malum
682 1793 802 1848 sine
833 1793 1104 1863 principio
1124 1834 1138 1859 ,
1167 1802 1356 1848 contra
1381 1793 1549 1849 Deum
1580 1812 1703 1849 vere
1732 1796 2003 1866 principio

442 1892 755 1951 carentem,
789 1899 851 1938 ac
883 1885 1094 1949 solum,
1124 1892 1178 1940 et
1211 1885 1314 1940 hoc
1345 1887 1643 1941 secundum
1677 1888 2004 1957 principium

444 1979 636 2034 insane
665 1979 1035 2041 constituens,
1068 1993 1176 2032 non
1223 1979 1397 2033 solum
1445 1979 1646 2031 malum
1690 1979 1922 2033 collocat
1953 1980 2005 2032 iu

446 2067 636 2123 ordine
678 2067 872 2138 aequali
921 2066 1064 2134 Deo,
1109 2077 1362 2139 tanquam
1409 2070 1514 2124 hoc
1544 2070 1813 2125 honorare
1842 2071 2005 2134 velit,

445 2158 590 2230 quod
618 2158 827 2214 scilicet
854 2158 970 2213 odit
997 2176 1011 2224 ;
1043 2159 1138 2214 sed
1186 2159 1348 2223 mala,
1392 2175 1511 2230 quae
1558 2177 1626 2216 ex
1676 2161 1820 2215 malo
1863 2161 2009 2231 quod

443 2249 715 2322 principio
744 2258 928 2315 caret,
963 2249 1288 2305 insanabilia
1323 2253 1540 2321 penitus
1571 2267 1726 2316 esse,
1760 2266 1884 2306 cum
1919 2267 2013 2305 ne-

440 2338 685 2393 cessario
713 2336 945 2392 allirmat
963 2379 977 2402 ,
1009 2337 1137 2393 facit
1163 2339 1425 2397 insidiose
1447 2382 1460 2405 ,
1490 2348 1549 2395 ut
1574 2343 1891 2397 existiment
1917 2343 2009 2412 qui

444 2435 494 2489 ei
536 2434 803 2498 credunt,
847 2432 1170 2502 iniustitiam
1213 2448 1320 2487 non
1364 2449 1525 2503 posse
1569 2436 1712 2504 apud
1757 2434 2012 2490 homines

444 2524 666 2593 corrigi.
691 2522 766 2577 lta
788 2530 848 2577 ut
879 2522 1170 2592 anticipata
1202 2522 1479 2591 voluptate
1506 2533 1886 2593 peccatorum,
1911 2538 2013 2593 pro

447 2615 804 2669 conversione
836 2614 1144 2684 desperatio
1175 2614 1505 2682 objiciatur;
1540 2615 1697 2683 quasi
1744 2615 1858 2669 ﬁeri
1904 2630 2013 2669 non

448 2709 656 2775 possit,
689 2713 748 2759 ut
777 2707 1010 2777 impetus
1038 2706 1152 2759 vitii
1180 2706 1322 2775 quod
1356 2707 1626 2777 principio
1652 2716 1831 2773 caret,
1861 2722 2015 2763 coer-

449 2811 654 2856 ceatur.
687 2800 1052 2871 Praeterquam
1083 2802 1126 2854 si
1150 2801 1273 2871 quis
1294 2801 1591 2870 cupiditate
1617 2801 1801 2871 gloria:
1822 2840 1836 2865 ,
1866 2804 2013 2873 quod

450 2892 574 2961 plus
612 2890 777 2953 boni,
830 2897 889 2943 ut
932 2891 1019 2943 isti
1065 2889 1303 2959 ﬁngunt,
1350 2890 1548 2944 habere
1592 2890 1861 2954 videatur,
1897 2900 2015 2947 stu-

453 2983 602 3036 dium
634 2981 922 3044 adhibeat,
950 2987 1041 3041 ut,
1070 2980 1247 3050 quoad
1278 2981 1390 3034 ﬁeri
1420 2988 1633 3049 potest,
1661 2997 1769 3036 non
1795 2990 2012 3052 peccet,

454 3081 513 3125 ut
547 3072 895 3125 manifestum
927 3070 1121 3135 faciat,
1154 3086 1263 3125 non
1295 3070 1514 3125 aliunde
1546 3087 1712 3143 quam
1741 3088 1772 3126 a
1802 3089 1861 3129 se
1889 3088 2016 3144 pec-

2097 512 2316 583 τήματα
2358 510 2687 580 νομίζοντες,
2725 509 2817 563 az:
2849 509 2912 581 δὴ
2945 509 3018 580 μὴ
3054 509 3128 571 ὼς
3154 507 3261 561 ἀπό
3298 524 3445 570 τινος
3493 505 3667 576 ἀρχῆς

2098 602 2219 657 καθ’
2264 601 2421 674 ἡμῶν
2464 602 2692 674 ῥέοντα,
2738 601 2850 654 ἀλλ’
2890 601 3074 672 ἑτερόν
3114 616 3232 653 τινα
3279 599 3486 671 τρόπον
3533 596 3665 668 πρὸς

2098 694 2254 765 ⁴ἡμῶν
2298 694 2641 765 πραττόμενα
2675 693 2751 761 (δν
2792 693 2821 744 ὁ
2860 692 3017 760 λόγος
3055 691 3239 760 σαφῶς
3288 688 3431 743 κατά
3477 688 3667 760 καιρὸν

2104 784 2476 858 ἑρμηνεύσει),
2519 786 2578 839 ού
2610 785 2767 856 μόνον
2807 786 2886 847 εἰς
2917 784 3047 836 Θεὸν
3088 784 3186 837 ούκ
3219 780 3558 852 ἁσεϐοῦμεν,
3601 780 3667 851 μὴ

2098 875 2400 946 τολμῶντες
2450 873 2613 928 αὐτοῦ
2652 872 3139 945 καταστοχάζεσθαι
3182 869 3422 943 χαλεπὴν
3474 869 3667 923 ἀδυνα-

2103 966 2251 1037 μίαν,
2283 965 2377 1020 τοῦ
2407 965 2733 1020 ἀνθεστάναι
2778 965 2944 1036 κακίᾳ.
2980 967 3044 1035 τῇ
3088 964 3159 1035 μὴ
3202 962 3357 1033 οὔσῃ,
3394 959 3543 1015 άλλά
3586 961 3672 1013 καὶ

2100 1057 2167 1110 τὰ
2190 1057 2533 1129 πραττόμενα
2558 1057 2692 1130 πρὸς
2718 1058 2750 1128 ή
2759 1056 2872 1128 μῶν
2898 1057 3093 1119 κακίας
3115 1054 3297 1126 τρόπῳ
3323 1052 3534 1106 παύειν
3560 1053 3672 1105 ἑπι-

2099 1150 2387 1223 χειροῦμεν
2412 1194 2427 1219 ,
2466 1151 2542 1221 τῷ
2591 1168 2641 1221 γε
2676 1150 2863 1219 σαφῶς
2907 1146 3018 1211 τοῖς
3064 1146 3423 1219 προσέχουσιν
3459 1144 3675 1198 ἀποδειι

2101 1249 2311 1315 κνῦναι,
2341 1248 2417 1313 ὼς
2462 1247 2528 1301 τὰ
2564 1244 2699 1319 πρὸς
2746 1244 2905 1317 ἡμῶν
2941 1243 3194 1315 ἀλήθειαν
3239 1243 3435 1312 ἔχοντα
3466 1239 3569 1292 τοῦ
3596 1238 3676 1307 γί-

2099 1340 2322 1411 γνεσθαι
2358 1340 2457 1410 τὴν
2489 1340 2683 1411 ἀρχὴν,
2731 1335 2974 1408 δι’ξὴμῶν
3004 1335 3069 1389 ἂν
3118 1333 3211 1388 καὶ
3252 1333 3408 1395 τέλος
3460 1330 3564 1383 τοῦ
3610 1330 3677 1400 μὴ

2100 1433 2380 1501 γίγνεσθαι
2411 1431 2587 1494 λάϐοι,
2618 1433 2666 1483 εί
2700 1431 2793 1484 καὶ
2829 1430 2902 1500 μὴ
2947 1426 3096 1499 παρὰ
3124 1429 3285 1480 πᾶσιν
3305 1443 3319 1456 ·
3349 1426 3413 1477 ού
3459 1424 3583 1494 γάρ
3604 1424 3678 1491 ἐφ’

2102 1526 2315 1594 ἑκάστῳ
2341 1524 2400 1577 τὸ
2422 1523 2670 1586 καθόλου,
2701 1522 2836 1576 ἀλλά
2858 1538 2920 1591 γε
2953 1522 3079 1591 παρ’
3106 1520 3318 1589 ἑκάστῳ
3345 1519 3459 1570 τῶν
3491 1519 3682 1569 ἐσπου-

2100 1617 2340 1672 δακότων
2381 1616 2595 1688 (δεῖγμα
2645 1615 2826 1686 μέντοι
2874 1612 2967 1666 τοῦ
3012 1611 3259 1674 καθόλου,
3311 1609 3375 1663 τὺ
3416 1609 3522 1677 ,ἐφ’
3567 1608 3684 1660 ἑκά-

2104 1725 2231 1761 στου
2279 1704 2667 1776 ἐνδεχόμενον).
2719 1705 2778 1757 '0
2814 1703 2993 1773 μέντοι
3040 1698 3378 1770 βαρϐαρικὴν
3425 1695 3685 1750 ἀσέϐειαν

2037 1776 2076 1835 Β
2105 1798 2418 1867 ἐπινοήσας,
2453 1796 2684 1867 ἄναρχον
2731 1792 2928 1846 κακίαν
2980 1790 3117 1843 κατὰ
3162 1788 3251 1842 τοῦ
3295 1786 3434 1840 Θεοῦ
3471 1785 3686 1857 ἀληθῶς

2106 1890 2339 1961 ἀνάρχου
2364 1889 2456 1942 καὶ
2486 1887 2643 1958 μόνου
2674 1884 3038 1954 πλασάμενος,
3072 1880 3167 1935 καὶ
3196 1879 3458 1952 δευτέραν
3511 1876 3685 1948 ἀρῄν

2106 1983 2309 2053 ταύτην
2353 1980 2591 2053 μανικῶς
2637 1979 2978 2049 ὁρισάμενος,
3013 1975 3072 2028 ού
3110 1975 3266 2045 μόνον
3306 1974 3364 2025 ἑν
3412 1972 3516 2043 ἴσῃ
3542 1968 3687 2033 τάξει

2107 2073 2287 2143 τίθησι
2320 2072 2516 2125 κακίαν
2564 2069 2703 2141 Θεῷ,
2747 2068 2932 2139 ὥσπερ
2962 2067 3186 2138 τιμῆσαι
3216 2065 3421 2134 ταύτην
3470 2066 3504 2116 ὀ
3529 2061 3689 2132 δῆθεν

2113 2165 2285 2237 μισῶν
2332 2162 2710 2235 προελόμενος,
2753 2160 2890 2214 ἀλλὰ
2926 2160 3019 2213 κα)¹
3061 2160 3254 2214 ἀνίατα
3287 2157 3467 2226 πάντη
3514 2155 3589 2207 τὰ
3630 2155 3689 2205 ἐκ

2108 2260 2207 2330 τῆς
2240 2256 2474 2328 ἀνάρχου
2502 2250 2691 2327 ῥέοντα
2716 2253 2862 2307 κακὰ
2888 2253 3191 2318 ἐπάναγκες
3213 2247 3463 2316 φάσκων,
3493 2242 3688 2314 ἁδιώρ-

2112 2349 2280 2403 θωτον
2330 2348 2479 2421 παρὰ
2514 2344 2818 2418 ἀνθρώποις
2861 2345 2959 2415 τὴν
2991 2342 3200 2397 ἀδικίαν
3231 2338 3545 2400 ἐπιϐούλως
3586 2338 3687 2389 ola-

2115 2439 2237 2495 σθαι
2272 2442 2416 2492 ποιεῖ
2458 2440 2583 2501 τοῦς
2622 2435 2973 2507 πειθομένους
3011 2431 3191 2503 αὐτῷ’
3226 2430 3366 2484 ῶστε
3414 2425 3688 2499 προλήψει

2110 2532 2210 2602 τῆς
2235 2530 2343 2583 τῶν
2368 2527 2777 2600 ἁμαρτημάτων
2807 2526 2995 2596 ἡδονῆς
3021 2519 3411 2594 προϐάλλεσθαι
3436 2518 3571 2570 ἀντὶ
3597 2516 3689 2584 τῆς

2112 2623 2447 2694 ἐπιστροφῆς
2479 2622 2577 2692 τὴν
2617 2618 3003 2689 ἀπαγόρευσιν.
3034 2616 3107 2678 ὼς
3147 2613 3401 2667 ἀδύνατον
3444 2608 3687 2680 ἁνάρχον

2113 2715 2307 2778 κακίας
2351 2715 2591 2783 ἐπισχεῖν
2633 2711 2730 2783 τὴν
2772 2709 2971 2780 φοράνο
3008 2707 3144 2777 πλὴν
3186 2706 3233 2757 εἰ
3269 2704 3342 2773 μή
3374 2718 3464 2763 τις
3497 2699 3689 2752 ἐπιθυο

2118 2807 2216 2878 μία
2243 2805 2398 2875 δόξης
2440 2803 2532 2856 τοῦ
2566 2804 2740 2855 δοκεῖν
2773 2802 2833 2854 τὸ
2873 2800 3033 2853 πλέον
3066 2799 3129 2849 ἐκ
3156 2793 3246 2847 τοῦ
3278 2791 3489 2861 ἀγαθοῦ
3524 2791 3686 2859 ἔχειν,

2113 2898 2188 2961 ὡς
2234 2896 2297 2968 δὴ
2355 2893 2723 2967 μυθολογοῦσι,
2778 2891 3078 2953 σπουδάσας
3125 2887 3241 2959 μὲν,
3287 2882 3688 2954 κατορθώσειεν

2115 2989 2188 3053 ὡς
2223 2985 2332 3043 οἷόν
2377 3006 2440 3040 τε
2481 2987 2542 3040 τὸ
2583 2987 2657 3058 μὴ
2701 2986 3050 3057 ἁμαρτάνειν,
3089 2981 3163 3044 ὡς
3205 2977 3427 3031 αὐτόθεν
3459 2973 3687 3044 ποιῆσαι

2114 3081 2291 3152 δῆλον,
2337 3080 2412 3143 ὡς
2433 3080 2529 3150 ούχ
2562 3077 2845 3150 ἑτέρωθεν,
2876 3075 3010 3130 ἀλλὰ
3038 3074 3164 3144 παρ’
3200 3069 3363 3124 αὑτοῦ
3393 3067 3687 3139 ἐπλημμέ-

452 3169 632 3219 catum
664 3162 958 3233 proﬁcisci.
992 3162 1406 3219 Existimabitur
1450 3172 1629 3219 tamen
1680 3165 1818 3235 apud
1865 3167 2010 3237 ipsos

2119 3175 2228 3227 λει·
2279 3175 2429 3245 ὅμως
2474 3173 2519 3226 δ’
2563 3169 2928 3240 ἁπενὲγκηταί
2960 3184 3079 3221 τινα
3114 3165 3267 3230 δόξαν
3302 3164 3431 3232 παρ’
3477 3163 3689 3223 αὐτοῖς,

452 3254 642 3308 melior
671 3269 792 3309 esse
825 3262 1045 3324 propter
1073 3254 1451 3308 admistionem
1483 3262 1692 3310 naturae
1712 3295 1727 3317 ,
1772 3256 1863 3326 qui
1904 3270 2015 3311 non

453 3355 648 3401 natura
668 3387 682 3410 ,
715 3346 808 3401 sed
836 3347 1021 3399 labore
1050 3353 1103 3400 et
1128 3344 1328 3400 sudore
1359 3361 1493 3419 usus
1524 3354 1641 3413 est,
1673 3346 1764 3416 qui
1795 3347 2013 3415 quidem

448 3439 662 3510 putabit
692 3455 751 3493 se
779 3437 1026 3500 laudari,
1058 3452 1181 3491 cum
1214 3438 1414 3506 alioqui
1461 3451 1588 3491 vera
1634 3437 1792 3492 laude
1838 3439 2018 3508 prive-

455 3544 564 3589 tur.
596 3531 793 3587 Veram
822 3532 968 3587 enim
997 3530 1222 3599 gloriam
1257 3545 1323 3584 ex
1367 3530 1554 3585 labore
1593 3543 1656 3583 ac
1698 3530 1881 3586 studio
1911 3531 2020 3586 vir-

450 3626 588 3681 tutis
629 3624 1063 3694 proﬁciscentem
1102 3610 1438 3690 relinquens,
1490 3621 1533 3676 si
1569 3623 1785 3692 quidem
1831 3622 2018 3693 pietati

452 3732 580 3787 erga
609 3714 776 3769 Deum
803 3712 1090 3776 studebat,
1119 3712 1501 3766 necessitatem
1532 3722 1741 3768 natura:
1769 3715 2016 3783 rapinam

455 3821 577 3862 eSse
607 3806 745 3861 falso
769 3805 920 3859 ducit
942 3846 955 3870 ,
987 3805 1080 3873 qui
1111 3804 1400 3858 utilitatem
1428 3804 1708 3861 industriae
1734 3806 1800 3860 ad
1828 3807 2020 3876 impie-

450 3904 630 3952 tatem
661 3897 717 3950 in
747 3895 915 3950 Deum
947 3895 1165 3948 adhibet
1193 3912 1207 3961 ;
1240 3903 1302 3948 ut
1336 3910 1437 3948 nec
1468 3897 1683 3951 animus
1713 3897 1939 3968 ignaviae
1967 3905 2020 3951 et

457 3987 669 4041 inertiae
697 3985 910 4039 deditus
930 4027 944 4050 ,
973 3999 1095 4037 cum
1126 3984 1267 4038 male
1297 3986 1441 4055 agit,
1475 3994 1767 4058 pungatur,
1811 3987 1855 4041 si
1894 3988 2019 4057 qui-

448 4078 583 4132 dem
638 4076 795 4131 alteri
849 4077 1065 4130 cuidam
1127 4076 1397 4145 principio
1452 4079 1696 4133 actiones
1751 4079 2017 4135 ascribit:

462 4183 637 4237 neque
681 4168 773 4238 qui
825 4166 1005 4221 studio
1048 4166 1241 4231 utitur,
1288 4167 1449 4222 laude
1490 4169 1688 4239 dignus
1732 4170 2019 4236 habeatur,

459 4261 658 4331 quippe
696 4259 788 4329 qui
828 4259 885 4313 in
926 4258 982 4312 id
1025 4257 1351 4326 cogitatione
1392 4259 1706 4328 incumbat,
1757 4263 1900 4331 quod
1938 4270 2023 4316 est

459 4350 703 4405 omnium
738 4347 1176 4408 atrocissimum,
1213 4345 1427 4402 institui
1462 4349 1677 4404 scilicet
1709 4349 1776 4404 ad
1829 4351 2022 4420 impie-

459 4449 626 4496 tatem
655 4439 915 4495 adversus
943 4436 1136 4494 Deum.

2118 3266 2193 3328 ὡς
2223 3265 2319 3336 τὴν
2347 3265 2543 3336 κρᾶσιν
2574 3264 2656 3334 εἴη
2692 3261 2911 3333 βελτίων
2934 3258 3035 3329 τῆς
3062 3256 3291 3326 φύσεως,
3324 3255 3354 3305 ὁ
3391 3251 3469 3321 μὴ
3506 3250 3688 3318 φύσει,

2118 3358 2267 3427 πόνῳ
2312 3355 2366 3409 δὲ
2410 3356 2503 3408 καὶ
2550 3355 2735 3426 ἱδρῶτι
2775 3351 3090 3424 χρώμενος’
3136 3347 3195 3410 ὃς
3226 3345 3288 3416 δὴ
3318 3342 3416 3397 καὶ⁵
3448 3343 3692 3395 ἐπαινεῖ-

2121 3448 2244 3503 σθαι
2274 3447 2422 3501 οἴοιτ’
2448 3447 2535 3511 ἂν,
2559 3445 2652 3497 τοῦ
2673 3442 2903 3515 ἀληθοῦς
2924 3441 3145 3495 ἐπαίνου
3175 3435 3563 3507 στερούμενος.
3581 3434 3691 3503 Τὴν

2117 3539 2227 3610 γὰρ
2260 3536 2501 3600 εὐδοξίαν
2531 3533 2624 3587 τοῦ
2671 3533 2831 3587 πόνου
2868 3532 2966 3602 τῆς
3007 3528 3225 3601 ἀρετῆς,
3266 3526 3379 3591 εἴγε
3411 3523 3521 3592 τῆς
3543 3522 3693 3575 εὐσε·

2119 3629 2272 3692 ϐείας
2300 3628 2397 3697 τῆς
2420 3626 2554 3697 πρὸς
2570 3623 2701 3677 Θεὸν
2720 3622 2930 3693 ἠνύετο,
2948 3617 3392 3688 καταλιμπάνων,
3416 3613 3693 3683 ἅρπαγμα

2118 3718 2326 3790 ψευδῶς
2354 3719 2413 3771 τὸ
2441 3717 2735 3785 ἀναγκαῖον
2766 3715 2861 3784 τῆς
2904 3711 3116 3782 φύσεως
3143 3710 3376 3780 ἡγεῖται,
3408 3706 3475 3760 τὸ
3499 3708 3694 3776 χρήσι-

2125 3828 2221 3882 μον
2247 3810 2347 3880 τῆς
2371 3807 2678 3877 φιλοπονίας
2707 3806 2841 3876 πρὸς
2866 3804 3115 3858 ἀσέϐειαν
3143 3799 3283 3854 κατὰ
3315 3796 3454 3852 θεοῦ
3494 3815 3693 3869 μετερ-

2121 3904 2370 3973 χόμενος·
2397 3901 2471 3963 ὡς
2499 3900 2633 3970 μήτε
2675 3896 2763 3951 τὸν
2818 3895 3064 3968 ῥᾳστώνῃ
3093 3894 3491 3966 προσκείμενον
3525 3889 3695 3960 πλήτ⁴

2121 3990 2306 4043 τεσθαι
2350 3989 2442 4042 τὸν
2477 3988 2597 4041 νοῦν
2627 3983 3099 4056 κακοπραγοῦντα,
3135 3982 3250 4051 εἴγε
3283 3982 3421 4054 ἄλλῃ
3444 3984 3519 4053 τῇ
3550 3982 3692 4052 ἀρχῇ

2121 4082 2383 4149 λογίζοιτο
2420 4081 2487 4133 τὰ
2525 4077 2888 4149 πραττόμενα,
2930 4074 3066 4147 μήτε
3093 4074 3183 4127 τὸν
3226 4073 3428 4143 σπουδῇ
3474 4071 3693 4143 maps-

2123 4190 2211 4227 νον
2243 4172 2390 4237 ἄξιον
2424 4168 2561 4226 εἶναι
2607 4168 3009 4240 θαυμάζεσθαι,
3068 4165 3239 4220 καίτοι
3293 4164 3546 4235 λογισμῷ
3595 4180 3692 4215 ποι

2122 4264 2315 4319 νοῦντα
2343 4260 2476 4335 πρὸς
2508 4263 2568 4316 τὸ
2592 4262 2700 4315 τῶν
2734 4260 2948 4315 πάντων
2970 4256 3372 4329 χαλεπώτατον,
3403 4255 3548 4328 πρὸς
3570 4254 3691 4309 ἀσέ-

2123 4354 2275 4408 ϐειαν
2304 4354 2447 4408 κατά
2470 4350 2605 4406 Θεοῦ
2634 4349 3136 4421 παιδαγωγηθῆναι.

1364 4551 1495 4631 Car.
1537 4552 1625 4609 ιιι.
1662 4552 1796 4607 Mali
1830 4554 2066 4625 deﬁnitio
2104 4558 2386 4610 secundum
2417 4555 2757 4611 Manio/iteca.

528 4671 665 4728 Cum
694 4686 823 4726 vero
851 4669 1132 4725 Manichzei
1162 4670 1427 4724 rationem
1456 4670 1748 4726 creatiouis
1774 4672 1959 4726 mundi
1987 4687 2010 4726 a

2189 4675 2279 4745 Μὴ
2318 4673 2585 4736 συνιέντες
2618 4673 2675 4726 δὲ
2711 4674 2759 4725 οἱ
2802 4673 2894 4725 ἀπ’
2934 4669 3141 4724 ἑκείνου
3176 4664 3276 4740 τῆς
3298 4668 3396 4722 τοῦ
3438 4669 3583 4724 Θεοῦ
3608 4672 3688 4740 δη-

458 4765 569 4820 Deo
598 4764 728 4820 facti
760 4780 868 4817 non
898 4763 1292 4834 intelligerent,
1322 4777 1433 4817 non
1456 4764 1630 4817 solum
1661 4766 1902 4820 actiones
1931 4765 2024 4820 ho-

459 4858 668 4909 minum
716 4870 746 4909 a
794 4855 1007 4909 ratione
1061 4870 1283 4910 aversas
1329 4858 1702 4919 excutientes,
1751 4871 1816 4911 eo
1859 4857 2021 4911 modo

457 4960 620 5014 quem
680 4943 957 5008 diximus,
1007 4945 1144 5013 lapsi
1193 4952 1362 5009 sunt,
1409 4946 1502 4999 sed
1548 4946 1708 4999 etiam
1758 4934 2022 5015 plurimas

455 5047 743 5090 creaturas
766 5075 781 5099 ,
814 5035 922 5090 imo
957 5034 1069 5089 fere
1097 5036 1274 5089 omnia
1319 5037 1372 5089 in
1412 5036 1618 5091 crimen
1657 5046 2020 5106 vocaverunt,

458 5142 579 5197 quae
607 5127 811 5181 nullam
841 5135 1018 5181 tamen
1049 5127 1500 5196 vituperationem
1533 5144 1655 5182 vere
1686 5129 1977 5183 admittunt
2002 5147 2016 5196 ;

458 5214 601 5268 mala
628 5219 809 5267 autem
832 5213 945 5267 haec
965 5215 1398 5282 appellaverunt,
1429 5216 1485 5269 in
1512 5216 1633 5271 aliis
1661 5216 1879 5286 quidem
1911 5219 2016 5271 mi-

454 5306 693 5358 stionem
721 5306 1160 5371 contrariorum,
1207 5308 1336 5362 boni
1382 5309 1594 5364 scilicet
1641 5322 1695 5365 et
1742 5313 1911 5377 mali,
1960 5323 2021 5367 ut

458 5392 773 5462 loquuntur,
808 5397 1173 5464 mentientes;
1205 5397 1260 5451 in
1303 5398 1426 5461 aliis
1471 5415 1600 5455 vero
1648 5402 1847 5456 malum
1889 5403 2022 5458 sim-

460 5484 580 5550 plex
610 5494 666 5538 et
693 5486 858 5542 unius
892 5487 1078 5542 formae
1108 5489 1566 5559 reprehendentes
1598 5511 1611 5547 :
1660 5503 1714 5548 et
1756 5501 2021 5562 quantum

460 5571 511 5622 in
536 5573 671 5639 ipsis
701 5574 835 5640 fuit,
864 5580 1045 5633 omnia
1073 5581 1455 5648 confuderunt,
1485 5584 1819 5653 appellantes
1848 5586 2011 5650 mala,

461 5677 577 5731 quae
607 5665 824 5720 minime
852 5671 990 5723 mala
1021 5680 1166 5727 sunt.
1202 5672 1259 5728 Si
1292 5675 1438 5731 enim
1464 5676 1790 5745 injustitiam
1820 5678 1875 5733 in
1904 5693 2011 5751 qua

2122 4766 2406 4837 μιουργίας
2449 4764 2541 4819 τὸν
2585 4765 2761 4833 λόγον,
2792 4765 2850 4816 οὺ
2885 4763 3043 4833 μόνον
3084 4759 3193 4815 τῶν
3240 4760 3555 4832 ἀνθρὼπων
3601 4764 3686 4824 τὰς

2122 4858 2461 4931 παραλόγους
2488 4858 2712 4929 πράξεις
2736 4857 3107 4922 ἐξετάσαντες,
3130 4855 3223 4907 τὸν
3261 4854 3564 4925 εἰρημένον
3587 4855 3689 4926 τρό-

2122 4968 2221 5004 πον
2251 4949 2582 5019 ἑσφάλησαν,
2618 4948 2753 5002 ἀλλὰ
2781 4949 2875 5001 καὶ
2898 4948 3122 5001 πλεῖστα
3146 4945 3253 4998 τῶν
3276 4945 3688 5019 δημιουρτημά-

2121 5058 2263 5095 των·
2299 5041 2496 5112 μᾶλλον
2530 5042 2623 5094 καὶ
2668 5041 2851 5112 σχεδὸν
2884 5040 3116 5104 ἅπαντα,
3141 5037 3307 5107 ψόγον
3334 5038 3538 5092 οὐδένα
3562 5036 3690 5091 κατὰ

2125 5131 2187 5188 τὸ
2234 5134 2429 5206 ἀληθὲς
2477 5134 2853 5204 ἐπιδεχόμενα,
2888 5132 3129 5185 διέϐαλον
3154 5148 3168 5160 °
3216 5129 3369 5183 κακὰ
3417 5131 3477 5183 δὲ
3532 5130 3693 5185 ταῦτα

2127 5231 2444 5299 προσεῖπον,
2470 5227 2577 5279 τῶν
2622 5227 2720 5297 μὲν
2748 5227 2942 5296 κρᾶσιν
2988 5225 3095 5279 τῶν
3120 5222 3402 5285 ἐναντίων,
3443 5222 3523 5286 ῶς
3549 5239 3692 5293 φασι,

2126 5319 2294 5371 κακοῦ
2326 5334 2386 5371 τε
2426 5319 2521 5371 καὶ
2561 5317 2765 5386 ἀγαθοῦ
2808 5301 3300 5387 καταψευσάμενοι,
3340 5315 3454 5368 τῶν
3495 5315 3557 5368 δέ
3605 5331 3691 5385 μοι

2124 5409 2300 5481 νοειδῆ
2337 5408 2532 5464 κακίαν
2577 5410 2947 5473 κατειπόντες,
2996 5410 3090 5463 καὶ
3138 5407 3401 5479 συνέχεάν
3443 5406 3574 5477 τόγε
3614 5406 3692 5457 ἐπ’

2126 5501 2308 5562 αὐτοῖς
2335 5499 2401 5552 τά
2423 5499 2617 5561 πάντα,
2646 5500 2791 5554 κακὰ
2816 5498 2885 5552 τὰ
2914 5497 3178 5571 μηδαμῶς
3202 5496 3349 5551 κακά
3383 5494 3693 5568 προσειπόντ-

2119 5605 2230 5654 τες.
2265 5591 2328 5643 Εί
2359 5590 2455 5661 μὲν
2487 5589 2596 5662 γὰρ
2622 5589 2720 5661 τὴν
2750 5591 2900 5663 παρὰ
2928 5589 3236 5661 ἀνθρώποις
3277 5588 3495 5644 ἀδικίαν
3536 5587 3689 5659 μόνην

2120 5673 2285 5733 οὖσαν
2326 5678 2538 5733 ἀδικίαν
2580 5679 2823 5735 διέϐαλον
2864 5683 2944 5743 εὶς
2986 5680 3207 5745 κακίαν,
3257 5679 3431 5751 ἐχρῆν
3471 5679 3571 5749 μὲν
3607 5675 3687 5729 καὶ
