  <div class='ocr_page' id='page_1' title='image "/cluster/home/n/w/nwhite01/storage/ocr_20150623/18/nnc1.0046978550/554.png"; bbox 0 0 3782 6166; ppageno 0'>
   <div class='ocr_carea' id='block_1_1' title="bbox 143 281 292 338">
    <p class='ocr_par' dir='ltr' id='par_1_1' title="bbox 143 281 292 338">
     <span class='ocr_line' id='line_1_1' title="bbox 143 281 292 338; baseline -0.013 0"><span class='ocrx_word' id='word_1_1' title='bbox 143 281 292 338; x_wconf 73' lang='grc'><strong>10⁵35</strong></span> 
     </span>
    </p>
   </div>
   <div class='ocr_carea' id='block_1_2' title="bbox 1218 269 2288 336">
    <p class='ocr_par' dir='ltr' id='par_1_2' title="bbox 1218 269 2288 336">
     <span class='ocr_line' id='line_1_2' title="bbox 1218 269 2288 336; baseline -0.004 0"><span class='ocrx_word' id='word_1_2' title='bbox 1218 277 1584 336; x_wconf 81' lang='lat' dir='ltr'><strong>ADVERSUS</strong></span> <span class='ocrx_word' id='word_1_3' title='bbox 1616 269 2042 335; x_wconf 73' lang='lat' dir='ltr'><strong>MANICHAZOS</strong></span> <span class='ocrx_word' id='word_1_4' title='bbox 2078 276 2205 332; x_wconf 86' lang='lat' dir='ltr'><strong>LIB.</strong></span> <span class='ocrx_word' id='word_1_5' title='bbox 2249 276 2288 332; x_wconf 86' lang='grc'><strong>1.</strong></span> 
     </span>
    </p>
   </div>
   <div class='ocr_carea' id='block_1_3' title="bbox 3242 277 3380 331">
    <p class='ocr_par' dir='ltr' id='par_1_3' title="bbox 3242 277 3380 331">
     <span class='ocr_line' id='line_1_3' title="bbox 3242 277 3380 331; baseline -0.007 0"><span class='ocrx_word' id='word_1_6' title='bbox 3242 277 3380 331; x_wconf 68' lang='grc'><strong>1974</strong></span> 
     </span>
    </p>
   </div>
   <div class='ocr_carea' id='block_1_4' title="bbox 142 385 1724 464">
    <p class='ocr_par' dir='ltr' id='par_1_4' title="bbox 142 386 1724 464">
     <span class='ocr_line' id='line_1_4' title="bbox 142 386 1724 464; baseline -0.002 -19"><span class='ocrx_word' id='word_1_7' title='bbox 142 390 326 453; x_wconf 76' lang='grc' dir='ltr'>οὓτως</span> <span class='ocrx_word' id='word_1_8' title='bbox 354 386 746 457; x_wconf 82' lang='grc' dir='ltr'>ἀσφαλίζεσθαι</span> <span class='ocrx_word' id='word_1_9' title='bbox 773 390 822 443; x_wconf 81' lang='grc' dir='ltr'>τ’</span> <span class='ocrx_word' id='word_1_10' title='bbox 852 388 1022 460; x_wconf 77' lang='grc' dir='ltr'>ὄνομα</span> <span class='ocrx_word' id='word_1_11' title='bbox 1052 389 1145 446; x_wconf 71' lang='grc' dir='ltr'><strong>καὶ</strong></span> <span class='ocrx_word' id='word_1_12' title='bbox 1170 391 1269 462; x_wconf 81' lang='grc' dir='ltr'>τὴν</span> <span class='ocrx_word' id='word_1_13' title='bbox 1295 392 1420 464; x_wconf 77' lang='grc' dir='ltr'>περὶ</span> <span class='ocrx_word' id='word_1_14' title='bbox 1451 392 1616 462; x_wconf 81' lang='grc' dir='ltr'>αὐτῆς</span> <span class='ocrx_word' id='word_1_15' title='bbox 1643 387 1724 442; x_wconf 89' lang='grc' dir='ltr'>δό-</span> 
     </span>
    </p>
   </div>
   <div class='ocr_carea' id='block_1_5' title="bbox 1829 385 3382 464">
    <p class='ocr_par' dir='ltr' id='par_1_5' title="bbox 1830 385 3382 458">
     <span class='ocr_line' id='line_1_5' title="bbox 1830 385 3382 458; baseline 0.001 -15"><span class='ocrx_word' id='word_1_16' title='bbox 1830 389 2076 445; x_wconf 89' lang='lat' dir='ltr'><strong>homines</strong></span> <span class='ocrx_word' id='word_1_17' title='bbox 2105 396 2263 451; x_wconf 90' lang='lat' dir='ltr'><strong>sunt,</strong></span> <span class='ocrx_word' id='word_1_18' title='bbox 2294 401 2413 458; x_wconf 62' lang='lat' dir='ltr'><strong>quae</strong></span> <span class='ocrx_word' id='word_1_19' title='bbox 2443 386 2559 442; x_wconf 90' lang='lat' dir='ltr'><strong>sola</strong></span> <span class='ocrx_word' id='word_1_20' title='bbox 2588 394 2672 442; x_wconf 90' lang='lat' dir='ltr'><strong>est</strong></span> <span class='ocrx_word' id='word_1_21' title='bbox 2714 385 2981 455; x_wconf 87' lang='lat' dir='ltr'><strong>injustitia</strong></span> <span class='ocrx_word' id='word_1_22' title='bbox 3005 426 3019 451; x_wconf 93' lang='lat'><strong>,</strong></span> <span class='ocrx_word' id='word_1_23' title='bbox 3058 399 3382 444; x_wconf 76' lang='lat' dir='ltr'><strong>accusarent</strong></span> 
     </span>
    </p>
   </div>
   <div class='ocr_carea' id='block_1_6' title="bbox 142 480 1721 557">
    <p class='ocr_par' dir='ltr' id='par_1_6' title="bbox 142 480 1721 557">
     <span class='ocr_line' id='line_1_6' title="bbox 142 480 1721 557; baseline -0.002 -19"><span class='ocrx_word' id='word_1_24' title='bbox 142 482 270 548; x_wconf 79' lang='grc' dir='ltr'>ξαν,</span> <span class='ocrx_word' id='word_1_25' title='bbox 301 481 377 545; x_wconf 83' lang='grc' dir='ltr'>ὡς</span> <span class='ocrx_word' id='word_1_26' title='bbox 396 480 743 551; x_wconf 81' lang='grc' dir='ltr'>ὑπαρχούσης</span> <span class='ocrx_word' id='word_1_27' title='bbox 763 482 856 534; x_wconf 79' lang='grc' dir='ltr'><strong>καὶ</strong></span> <span class='ocrx_word' id='word_1_28' title='bbox 890 482 964 553; x_wconf 83' lang='grc' dir='ltr'>μὴ</span> <span class='ocrx_word' id='word_1_29' title='bbox 986 483 1354 557; x_wconf 80' lang='grc' dir='ltr'><strong>ὑπαρχούσης,</strong></span> <span class='ocrx_word' id='word_1_30' title='bbox 1380 483 1435 538; x_wconf 73' lang='grc' dir='ltr'><strong>ἐν</strong></span> <span class='ocrx_word' id='word_1_31' title='bbox 1455 501 1514 537; x_wconf 89' lang='grc' dir='ltr'><strong>τε</strong></span> <span class='ocrx_word' id='word_1_32' title='bbox 1542 484 1614 555; x_wconf 66' lang='lat'><strong>(2)</strong></span> <span class='ocrx_word' id='word_1_33' title='bbox 1645 482 1721 555; x_wconf 84' lang='grc' dir='ltr'><strong>τῷ</strong></span> 
     </span>
    </p>
   </div>
   <div class='ocr_carea' id='block_1_7' title="bbox 144 573 1723 647">
    <p class='ocr_par' dir='ltr' id='par_1_7' title="bbox 144 573 1723 647">
     <span class='ocr_line' id='line_1_7' title="bbox 144 573 1723 647; baseline 0.001 -19"><span class='ocrx_word' id='word_1_34' title='bbox 144 573 511 645; x_wconf 81' lang='grc' dir='ltr'>πράττεσθαι,</span> <span class='ocrx_word' id='word_1_35' title='bbox 558 574 651 627; x_wconf 83' lang='grc' dir='ltr'><strong>καὶ</strong></span> <span class='ocrx_word' id='word_1_36' title='bbox 698 574 774 646; x_wconf 83' lang='grc' dir='ltr'>μὴ</span> <span class='ocrx_word' id='word_1_37' title='bbox 810 574 1143 644; x_wconf 87' lang='grc' dir='ltr'>πράττεσθαι</span> <span class='ocrx_word' id='word_1_38' title='bbox 1165 593 1178 605; x_wconf 75' lang='grc' dir='ltr'><strong>ο</strong></span> <span class='ocrx_word' id='word_1_39' title='bbox 1218 576 1416 646; x_wconf 74' lang='grc' dir='ltr'>ἥκιστα</span> <span class='ocrx_word' id='word_1_40' title='bbox 1452 576 1507 629; x_wconf 86' lang='grc' dir='ltr'>δὲ</span> <span class='ocrx_word' id='word_1_41' title='bbox 1533 577 1723 647; x_wconf 78' lang='grc' dir='ltr'>ἀρχὴν</span> 
     </span>
    </p>
   </div>
   <div class='ocr_carea' id='block_1_8' title="bbox 145 663 1723 737">
    <p class='ocr_par' dir='ltr' id='par_1_8' title="bbox 145 663 1723 737">
     <span class='ocr_line' id='line_1_8' title="bbox 145 663 1723 737; baseline 0 -18"><span class='ocrx_word' id='word_1_42' title='bbox 145 667 466 734; x_wconf 77' lang='grc' dir='ltr'><strong>ἐπεισάγειν</strong></span> <span class='ocrx_word' id='word_1_43' title='bbox 511 664 680 736; x_wconf 84' lang='grc' dir='ltr'>αὐτὴν</span> <span class='ocrx_word' id='word_1_44' title='bbox 706 663 879 735; x_wconf 47' lang='grc' dir='ltr'>λκατά</span> <span class='ocrx_word' id='word_1_45' title='bbox 932 664 1100 719; x_wconf 77' lang='grc' dir='ltr'>Θεοῦο</span> <span class='ocrx_word' id='word_1_46' title='bbox 1157 666 1306 737; x_wconf 82' lang='grc' dir='ltr'>ὅμως</span> <span class='ocrx_word' id='word_1_47' title='bbox 1350 666 1395 719; x_wconf 81' lang='grc' dir='ltr'>δ’</span> <span class='ocrx_word' id='word_1_48' title='bbox 1438 665 1504 720; x_wconf 84' lang='grc' dir='ltr'><strong>ἂν</strong></span> <span class='ocrx_word' id='word_1_49' title='bbox 1540 668 1723 731; x_wconf 86' lang='grc' dir='ltr'>αὺτοῖς</span> 
     </span>
    </p>
   </div>
   <div class='ocr_carea' id='block_1_9' title="bbox 128 752 1724 829">
    <p class='ocr_par' dir='ltr' id='par_1_9' title="bbox 128 752 1724 829">
     <span class='ocr_line' id='line_1_9' title="bbox 128 752 1724 829; baseline 0 -18"><span class='ocrx_word' id='word_1_50' title='bbox 128 756 589 829; x_wconf 79' lang='grc' dir='ltr'>οεὺπερίγραπτον</span> <span class='ocrx_word' id='word_1_51' title='bbox 634 752 701 826; x_wconf 84' lang='grc' dir='ltr'>ἦν</span> <span class='ocrx_word' id='word_1_52' title='bbox 726 757 787 810; x_wconf 82' lang='grc' dir='ltr'>τὸ</span> <span class='ocrx_word' id='word_1_53' title='bbox 829 757 1067 828; x_wconf 79' lang='grc' dir='ltr'>σφάλμα.</span> <span class='ocrx_word' id='word_1_54' title='bbox 1108 758 1244 818; x_wconf 76' lang='grc' dir='ltr'>Νυνὶ</span> <span class='ocrx_word' id='word_1_55' title='bbox 1279 758 1335 812; x_wconf 82' lang='grc' dir='ltr'>δὲ</span> <span class='ocrx_word' id='word_1_56' title='bbox 1370 758 1552 828; x_wconf 86' lang='grc' dir='ltr'>σχεδὸν</span> <span class='ocrx_word' id='word_1_57' title='bbox 1584 757 1724 811; x_wconf 81' lang='grc' dir='ltr'>άπα-</span> 
     </span>
    </p>
   </div>
   <div class='ocr_carea' id='block_1_10' title="bbox 146 846 1721 922">
    <p class='ocr_par' dir='ltr' id='par_1_10' title="bbox 146 846 1721 922">
     <span class='ocr_line' id='line_1_10' title="bbox 146 846 1721 922; baseline 0 -19"><span class='ocrx_word' id='word_1_58' title='bbox 146 867 256 907; x_wconf 81' lang='grc' dir='ltr'><strong>σαν</strong></span> <span class='ocrx_word' id='word_1_59' title='bbox 302 849 415 922; x_wconf 81' lang='grc' dir='ltr'>τὴν</span> <span class='ocrx_word' id='word_1_60' title='bbox 448 848 809 920; x_wconf 78' lang='grc' dir='ltr'><strong>δημιουργίαν</strong></span> <span class='ocrx_word' id='word_1_61' title='bbox 861 851 1211 915; x_wconf 79' lang='grc' dir='ltr'><strong>κακίσαντες,</strong></span> <span class='ocrx_word' id='word_1_62' title='bbox 1269 846 1571 922; x_wconf 74' lang='grc' dir='ltr'><strong>ὑπέρογκον</strong></span> <span class='ocrx_word' id='word_1_63' title='bbox 1625 849 1721 922; x_wconf 83' lang='grc' dir='ltr'>τὴν</span> 
     </span>
    </p>
   </div>
   <div class='ocr_carea' id='block_1_11' title="bbox 150 937 1721 1011">
    <p class='ocr_par' dir='ltr' id='par_1_11' title="bbox 150 937 1721 1011">
     <span class='ocr_line' id='line_1_11' title="bbox 150 937 1721 1011; baseline 0 -16"><span class='ocrx_word' id='word_1_64' title='bbox 150 939 504 1009; x_wconf 72' lang='grc' dir='ltr'><strong>βλασφημίαν</strong></span> <span class='ocrx_word' id='word_1_65' title='bbox 538 938 677 992; x_wconf 86' lang='grc' dir='ltr'><strong>κατά</strong></span> <span class='ocrx_word' id='word_1_66' title='bbox 706 937 840 992; x_wconf 88' lang='grc' dir='ltr'><strong>Θεοῦ</strong></span> <span class='ocrx_word' id='word_1_67' title='bbox 874 940 1217 1011; x_wconf 87' lang='grc' dir='ltr'>πεποίηνται,</span> <span class='ocrx_word' id='word_1_68' title='bbox 1250 940 1345 995; x_wconf 77' lang='grc' dir='ltr'>καὶ</span> <span class='ocrx_word' id='word_1_69' title='bbox 1385 941 1721 1011; x_wconf 85' lang='grc' dir='ltr'>παράγουσιν</span> 
     </span>
    </p>
   </div>
   <div class='ocr_carea' id='block_1_12' title="bbox 146 1031 1721 1106">
    <p class='ocr_par' dir='ltr' id='par_1_12' title="bbox 146 1031 1721 1106">
     <span class='ocr_line' id='line_1_12' title="bbox 146 1031 1721 1106; baseline 0.003 -22"><span class='ocrx_word' id='word_1_70' title='bbox 146 1031 230 1094; x_wconf 84' lang='grc' dir='ltr'>ῶς</span> <span class='ocrx_word' id='word_1_71' title='bbox 254 1031 657 1101; x_wconf 77' lang='grc' dir='ltr'>ὁμολογούμενα</span> <span class='ocrx_word' id='word_1_72' title='bbox 689 1031 763 1101; x_wconf 82' lang='grc' dir='ltr'>τῷ</span> <span class='ocrx_word' id='word_1_73' title='bbox 802 1032 943 1103; x_wconf 88' lang='grc' dir='ltr'>λόγῳ</span> <span class='ocrx_word' id='word_1_74' title='bbox 985 1034 1078 1086; x_wconf 80' lang='grc' dir='ltr'><strong>καὶ</strong></span> <span class='ocrx_word' id='word_1_75' title='bbox 1122 1034 1295 1088; x_wconf 83' lang='grc' dir='ltr'>πάντα</span> <span class='ocrx_word' id='word_1_76' title='bbox 1329 1033 1396 1087; x_wconf 71' lang='grc' dir='ltr'>τὰ</span> <span class='ocrx_word' id='word_1_77' title='bbox 1429 1033 1590 1106; x_wconf 85' lang='grc' dir='ltr'>θηρία</span> <span class='ocrx_word' id='word_1_78' title='bbox 1628 1035 1721 1088; x_wconf 73' lang='grc' dir='ltr'><strong>καὶ</strong></span> 
     </span>
    </p>
   </div>
   <div class='ocr_carea' id='block_1_13' title="bbox 150 1121 1721 1195">
    <p class='ocr_par' dir='ltr' id='par_1_13' title="bbox 150 1121 1721 1195">
     <span class='ocr_line' id='line_1_13' title="bbox 150 1121 1721 1195; baseline 0.004 -22"><span class='ocrx_word' id='word_1_79' title='bbox 150 1122 224 1175; x_wconf 78' lang='grc' dir='ltr'><strong>τά</strong></span> <span class='ocrx_word' id='word_1_80' title='bbox 245 1121 513 1186; x_wconf 85' lang='grc' dir='ltr'>κνώδαλα,</span> <span class='ocrx_word' id='word_1_81' title='bbox 539 1121 638 1174; x_wconf 75' lang='grc' dir='ltr'><strong>οὐκ</strong></span> <span class='ocrx_word' id='word_1_82' title='bbox 675 1123 906 1193; x_wconf 82' lang='grc' dir='ltr'>οἰόμενοι</span> <span class='ocrx_word' id='word_1_83' title='bbox 934 1123 1131 1195; x_wconf 83' lang='grc' dir='ltr'>χρῆναι</span> <span class='ocrx_word' id='word_1_84' title='bbox 1152 1123 1287 1195; x_wconf 79' lang='grc' dir='ltr'>πρὸς</span> <span class='ocrx_word' id='word_1_85' title='bbox 1316 1124 1517 1192; x_wconf 79' lang='grc' dir='ltr'>ἀγαθοῦ</span> <span class='ocrx_word' id='word_1_86' title='bbox 1549 1125 1721 1180; x_wconf 88' lang='grc' dir='ltr'>ταῦτα</span> 
     </span>
    </p>
   </div>
   <div class='ocr_carea' id='block_1_14' title="bbox 151 1213 1720 1289">
    <p class='ocr_par' dir='ltr' id='par_1_14' title="bbox 151 1213 1720 1289">
     <span class='ocr_line' id='line_1_14' title="bbox 151 1213 1720 1289; baseline 0.004 -24"><span class='ocrx_word' id='word_1_87' title='bbox 151 1213 504 1285; x_wconf 83' lang='grc' dir='ltr'>γεγενῆσθαι,</span> <span class='ocrx_word' id='word_1_88' title='bbox 559 1214 659 1267; x_wconf 84' lang='grc' dir='ltr'><strong>οὐκ</strong></span> <span class='ocrx_word' id='word_1_89' title='bbox 704 1214 950 1287; x_wconf 79' lang='grc' dir='ltr'>ἄχρηστα</span> <span class='ocrx_word' id='word_1_90' title='bbox 1000 1215 1180 1286; x_wconf 87' lang='grc' dir='ltr'>μόνον,</span> <span class='ocrx_word' id='word_1_91' title='bbox 1228 1216 1303 1279; x_wconf 84' lang='grc' dir='ltr'>ὡς</span> <span class='ocrx_word' id='word_1_92' title='bbox 1365 1216 1720 1289; x_wconf 75' lang='grc' dir='ltr'>ὑπειλήφασιν</span> 
     </span>
    </p>
   </div>
   <div class='ocr_carea' id='block_1_15' title="bbox 150 1303 1719 1378">
    <p class='ocr_par' dir='ltr' id='par_1_15' title="bbox 150 1303 1719 1378">
     <span class='ocr_line' id='line_1_15' title="bbox 150 1303 1719 1378; baseline 0.004 -22"><span class='ocrx_word' id='word_1_93' title='bbox 150 1304 308 1370; x_wconf 76' lang='grc' dir='ltr'>ὄντα,</span> <span class='ocrx_word' id='word_1_94' title='bbox 335 1303 473 1358; x_wconf 87' lang='grc' dir='ltr'><strong>ἀλλά</strong></span> <span class='ocrx_word' id='word_1_95' title='bbox 498 1306 590 1358; x_wconf 77' lang='grc' dir='ltr'><strong>καὶ</strong></span> <span class='ocrx_word' id='word_1_96' title='bbox 610 1303 728 1358; x_wconf 82' lang='grc' dir='ltr'>λίαν</span> <span class='ocrx_word' id='word_1_97' title='bbox 752 1304 1054 1377; x_wconf 80' lang='grc' dir='ltr'>ἀνθρώποις</span> <span class='ocrx_word' id='word_1_98' title='bbox 1084 1305 1482 1378; x_wconf 68' lang='grc' dir='ltr'>βλαϐερώτατα-</span> <span class='ocrx_word' id='word_1_99' title='bbox 1512 1310 1719 1363; x_wconf 86' lang='grc' dir='ltr'>καίτοι-</span> 
     </span>
    </p>
   </div>
   <div class='ocr_carea' id='block_1_16' title="bbox 151 1395 1721 1470">
    <p class='ocr_par' dir='ltr' id='par_1_16' title="bbox 151 1395 1721 1470">
     <span class='ocr_line' id='line_1_16' title="bbox 151 1395 1721 1470; baseline 0.003 -22"><span class='ocrx_word' id='word_1_100' title='bbox 151 1412 221 1464; x_wconf 92' lang='grc' dir='ltr'><strong>γε</strong></span> <span class='ocrx_word' id='word_1_101' title='bbox 249 1396 527 1467; x_wconf 81' lang='grc' dir='ltr'>δειχθῆναι</span> <span class='ocrx_word' id='word_1_102' title='bbox 554 1396 847 1466; x_wconf 85' lang='grc' dir='ltr'>δυνάμενα,</span> <span class='ocrx_word' id='word_1_103' title='bbox 879 1395 954 1460; x_wconf 84' lang='grc' dir='ltr'>ὡς</span> <span class='ocrx_word' id='word_1_104' title='bbox 986 1397 1183 1466; x_wconf 82' lang='grc' dir='ltr'>μᾶλλον</span> <span class='ocrx_word' id='word_1_105' title='bbox 1208 1397 1598 1470; x_wconf 76' lang='grc' dir='ltr'>ὠφελιμώτερα</span> <span class='ocrx_word' id='word_1_106' title='bbox 1626 1401 1721 1454; x_wconf 80' lang='grc' dir='ltr'><strong>καὶ</strong></span> 
     </span>
    </p>
   </div>
   <div class='ocr_carea' id='block_1_17' title="bbox 150 1485 1721 1559">
    <p class='ocr_par' dir='ltr' id='par_1_17' title="bbox 150 1485 1721 1559">
     <span class='ocr_line' id='line_1_17' title="bbox 150 1485 1721 1559; baseline 0.003 -20"><span class='ocrx_word' id='word_1_107' title='bbox 150 1485 549 1558; x_wconf 86' lang='grc' dir='ltr'>χρησιμώτερα</span> <span class='ocrx_word' id='word_1_108' title='bbox 594 1486 879 1557; x_wconf 82' lang='grc' dir='ltr'>τυγχάνει,</span> <span class='ocrx_word' id='word_1_109' title='bbox 919 1486 1061 1556; x_wconf 76' lang='grc' dir='ltr'>ἥπερ</span> <span class='ocrx_word' id='word_1_110' title='bbox 1096 1485 1167 1539; x_wconf 84' lang='grc' dir='ltr'>τὰ</span> <span class='ocrx_word' id='word_1_111' title='bbox 1205 1486 1371 1550; x_wconf 79' lang='grc' dir='ltr'>ὅντως</span> <span class='ocrx_word' id='word_1_112' title='bbox 1420 1487 1721 1559; x_wconf 86' lang='grc' dir='ltr'>ἀνθρώποις</span> 
     </span>
    </p>
   </div>
   <div class='ocr_carea' id='block_1_18' title="bbox 149 1576 1723 1651">
    <p class='ocr_par' dir='ltr' id='par_1_18' title="bbox 149 1576 1723 1651">
     <span class='ocr_line' id='line_1_18' title="bbox 149 1576 1723 1651; baseline 0.003 -22"><span class='ocrx_word' id='word_1_113' title='bbox 149 1576 453 1630; x_wconf 81' lang='grc' dir='ltr'>λυσιτελεῖν</span> <span class='ocrx_word' id='word_1_114' title='bbox 490 1576 746 1631; x_wconf 85' lang='grc' dir='ltr'>δοκοῦντα</span> <span class='ocrx_word' id='word_1_115' title='bbox 769 1594 784 1608; x_wconf 76' lang='grc' dir='ltr'><strong><em>ο</em></strong></span> <span class='ocrx_word' id='word_1_116' title='bbox 826 1578 917 1632; x_wconf 82' lang='grc' dir='ltr'><strong>καὶ</strong></span> <span class='ocrx_word' id='word_1_117' title='bbox 951 1576 1120 1632; x_wconf 85' lang='grc' dir='ltr'>πολλά</span> <span class='ocrx_word' id='word_1_118' title='bbox 1150 1576 1247 1648; x_wconf 82' lang='grc' dir='ltr'>μὲν</span> <span class='ocrx_word' id='word_1_119' title='bbox 1276 1578 1369 1631; x_wconf 76' lang='grc' dir='ltr'><strong>καὶ</strong></span> <span class='ocrx_word' id='word_1_120' title='bbox 1400 1578 1561 1651; x_wconf 72' lang='grc' dir='ltr'>ἕτερα</span> <span class='ocrx_word' id='word_1_121' title='bbox 1601 1597 1723 1634; x_wconf 89' lang='grc' dir='ltr'>συν-</span> 
     </span>
    </p>
   </div>
   <div class='ocr_carea' id='block_1_19' title="bbox 150 1665 1720 1739">
    <p class='ocr_par' dir='ltr' id='par_1_19' title="bbox 150 1665 1720 1739">
     <span class='ocr_line' id='line_1_19' title="bbox 150 1665 1720 1739; baseline 0.004 -21"><span class='ocrx_word' id='word_1_122' title='bbox 150 1666 397 1737; x_wconf 83' lang='grc' dir='ltr'>είρουσιν</span> <span class='ocrx_word' id='word_1_123' title='bbox 427 1667 508 1730; x_wconf 83' lang='grc' dir='ltr'><strong>είς</strong></span> <span class='ocrx_word' id='word_1_124' title='bbox 535 1665 784 1739; x_wconf 77' lang='grc' dir='ltr'>διαϐολὴν</span> <span class='ocrx_word' id='word_1_125' title='bbox 815 1665 923 1722; x_wconf 86' lang='grc' dir='ltr'>τῶν</span> <span class='ocrx_word' id='word_1_126' title='bbox 951 1666 1136 1730; x_wconf 74' lang='grc' dir='ltr'>ὄντων,</span> <span class='ocrx_word' id='word_1_127' title='bbox 1170 1666 1264 1719; x_wconf 72' lang='grc' dir='ltr'><strong>καὶ</strong></span> <span class='ocrx_word' id='word_1_128' title='bbox 1293 1666 1400 1738; x_wconf 65' lang='grc' dir='ltr'><strong>τῆς</strong></span> <span class='ocrx_word' id='word_1_129' title='bbox 1438 1668 1547 1721; x_wconf 84' lang='grc' dir='ltr'><strong>τῶν</strong></span> <span class='ocrx_word' id='word_1_130' title='bbox 1585 1669 1720 1727; x_wconf 84' lang='grc' dir='ltr'>ὅλων</span> 
     </span>
    </p>
   </div>
   <div class='ocr_carea' id='block_1_20' title="bbox 148 1757 491 1829">
    <p class='ocr_par' dir='ltr' id='par_1_20' title="bbox 148 1757 491 1829">
     <span class='ocr_line' id='line_1_20' title="bbox 148 1757 491 1829; baseline 0.003 -19"><span class='ocrx_word' id='word_1_131' title='bbox 148 1757 491 1829; x_wconf 84' lang='grc' dir='ltr'>διοικήσεως.</span> 
     </span>
    </p>
   </div>
   <div class='ocr_carea' id='block_1_21' title="bbox 1824 477 3383 550">
    <p class='ocr_par' dir='ltr' id='par_1_21' title="bbox 1824 477 3383 550">
     <span class='ocr_line' id='line_1_21' title="bbox 1824 477 3383 550; baseline 0.001 -17"><span class='ocrx_word' id='word_1_132' title='bbox 1824 488 2082 549; x_wconf 82' lang='lat' dir='ltr'><strong>tanquam</strong></span> <span class='ocrx_word' id='word_1_133' title='bbox 2111 481 2310 533; x_wconf 90' lang='lat' dir='ltr'><strong>malum</strong></span> <span class='ocrx_word' id='word_1_134' title='bbox 2338 496 2352 544; x_wconf 95' lang='lat'>;</span> <span class='ocrx_word' id='word_1_135' title='bbox 2381 478 2461 533; x_wconf 89' lang='lat' dir='ltr'><strong>sic</strong></span> <span class='ocrx_word' id='word_1_136' title='bbox 2482 477 2645 532; x_wconf 91' lang='lat' dir='ltr'><strong>etiam</strong></span> <span class='ocrx_word' id='word_1_137' title='bbox 2670 477 2951 546; x_wconf 89' lang='lat' dir='ltr'><strong>oportebat</strong></span> <span class='ocrx_word' id='word_1_138' title='bbox 2970 493 3163 533; x_wconf 86' lang='lat' dir='ltr'><strong>nomen</strong></span> <span class='ocrx_word' id='word_1_139' title='bbox 3185 487 3238 534; x_wconf 92' lang='lat' dir='ltr'><strong>et</strong></span> <span class='ocrx_word' id='word_1_140' title='bbox 3265 482 3383 550; x_wconf 84' lang='lat' dir='ltr'><strong>Opi-</strong></span> 
     </span>
    </p>
   </div>
   <div class='ocr_carea' id='block_1_22' title="bbox 1818 570 3384 640">
    <p class='ocr_par' dir='ltr' id='par_1_22' title="bbox 1818 570 3384 640">
     <span class='ocr_line' id='line_1_22' title="bbox 1818 570 3384 640; baseline 0.001 -14"><span class='ocrx_word' id='word_1_141' title='bbox 1818 572 2041 627; x_wconf 84' lang='lat' dir='ltr'><strong>nionem</strong></span> <span class='ocrx_word' id='word_1_142' title='bbox 2068 571 2135 628; x_wconf 93' lang='lat' dir='ltr'><strong>de</strong></span> <span class='ocrx_word' id='word_1_143' title='bbox 2158 585 2221 626; x_wconf 89' lang='lat' dir='ltr'><strong>ea</strong></span> <span class='ocrx_word' id='word_1_144' title='bbox 2250 572 2481 635; x_wconf 87' lang='lat' dir='ltr'><strong>munire,</strong></span> <span class='ocrx_word' id='word_1_145' title='bbox 2512 576 2768 640; x_wconf 89' lang='lat' dir='ltr'><strong>tanquam</strong></span> <span class='ocrx_word' id='word_1_146' title='bbox 2797 585 2917 639; x_wconf 73' lang='lat' dir='ltr'><strong>quae</strong></span> <span class='ocrx_word' id='word_1_147' title='bbox 2944 581 3119 638; x_wconf 88' lang='lat' dir='ltr'><strong>esset,</strong></span> <span class='ocrx_word' id='word_1_148' title='bbox 3142 570 3270 626; x_wconf 89' lang='lat' dir='ltr'><strong>dum</strong></span> <span class='ocrx_word' id='word_1_149' title='bbox 3298 579 3384 627; x_wconf 89' lang='lat' dir='ltr'><strong>est</strong></span> 
     </span>
    </p>
   </div>
   <div class='ocr_carea' id='block_1_23' title="bbox 1821 659 3382 733">
    <p class='ocr_par' dir='ltr' id='par_1_23' title="bbox 1821 659 3382 733">
     <span class='ocr_line' id='line_1_23' title="bbox 1821 659 3382 733; baseline -0.001 -14"><span class='ocrx_word' id='word_1_150' title='bbox 1821 666 2000 733; x_wconf 89' lang='lat' dir='ltr'><strong>actio;</strong></span> <span class='ocrx_word' id='word_1_151' title='bbox 2032 673 2124 719; x_wconf 88' lang='lat' dir='ltr'><strong>aut</strong></span> <span class='ocrx_word' id='word_1_152' title='bbox 2145 677 2253 719; x_wconf 90' lang='lat' dir='ltr'><strong>non</strong></span> <span class='ocrx_word' id='word_1_153' title='bbox 2278 672 2452 725; x_wconf 91' lang='lat' dir='ltr'><strong>esset,</strong></span> <span class='ocrx_word' id='word_1_154' title='bbox 2479 660 2609 717; x_wconf 87' lang='lat' dir='ltr'><strong>dum</strong></span> <span class='ocrx_word' id='word_1_155' title='bbox 2630 676 2740 715; x_wconf 89' lang='lat' dir='ltr'><strong>non</strong></span> <span class='ocrx_word' id='word_1_156' title='bbox 2768 668 2851 716; x_wconf 91' lang='lat' dir='ltr'><strong>est</strong></span> <span class='ocrx_word' id='word_1_157' title='bbox 2876 659 3042 717; x_wconf 88' lang='lat' dir='ltr'><strong>actio:</strong></span> <span class='ocrx_word' id='word_1_158' title='bbox 3068 676 3175 716; x_wconf 88' lang='lat' dir='ltr'><strong>non</strong></span> <span class='ocrx_word' id='word_1_159' title='bbox 3202 670 3382 717; x_wconf 89' lang='lat' dir='ltr'><strong>autem</strong></span> 
     </span>
    </p>
   </div>
   <div class='ocr_carea' id='block_1_24' title="bbox 1821 754 3382 830">
    <p class='ocr_par' dir='ltr' id='par_1_24' title="bbox 1821 754 3382 830">
     <span class='ocr_line' id='line_1_24' title="bbox 1821 754 3382 830; baseline -0.003 -16"><span class='ocrx_word' id='word_1_160' title='bbox 1821 759 2109 830; x_wconf 77' lang='lat' dir='ltr'><strong>Oportebat</strong></span> <span class='ocrx_word' id='word_1_161' title='bbox 2178 757 2526 812; x_wconf 83' lang='lat' dir='ltr'><strong>introducere</strong></span> <span class='ocrx_word' id='word_1_162' title='bbox 2584 754 2912 824; x_wconf 86' lang='lat' dir='ltr'><strong>principium</strong></span> <span class='ocrx_word' id='word_1_163' title='bbox 2961 755 3140 825; x_wconf 90' lang='lat' dir='ltr'><strong>ipsum</strong></span> <span class='ocrx_word' id='word_1_164' title='bbox 3191 764 3382 811; x_wconf 88' lang='lat' dir='ltr'><strong>contra</strong></span> 
     </span>
    </p>
   </div>
   <div class='ocr_carea' id='block_1_25' title="bbox 1821 846 3383 908">
    <p class='ocr_par' dir='ltr' id='par_1_25' title="bbox 1821 846 3383 908">
     <span class='ocr_line' id='line_1_25' title="bbox 1821 846 3383 908; baseline -0.001 -5"><span class='ocrx_word' id='word_1_165' title='bbox 1821 850 1989 908; x_wconf 90' lang='lat' dir='ltr'><strong>Deum</strong></span> <span class='ocrx_word' id='word_1_166' title='bbox 2021 872 2033 906; x_wconf 94' lang='lat'>:</span> <span class='ocrx_word' id='word_1_167' title='bbox 2066 850 2259 907; x_wconf 82' lang='lat' dir='ltr'><strong>fuisset</strong></span> <span class='ocrx_word' id='word_1_168' title='bbox 2287 856 2465 903; x_wconf 87' lang='lat' dir='ltr'><strong>tamen</strong></span> <span class='ocrx_word' id='word_1_169' title='bbox 2500 861 2687 902; x_wconf 90' lang='lat' dir='ltr'><strong>eorum</strong></span> <span class='ocrx_word' id='word_1_170' title='bbox 2716 863 2872 902; x_wconf 88' lang='lat' dir='ltr'><strong>error</strong></span> <span class='ocrx_word' id='word_1_171' title='bbox 2909 846 3112 902; x_wconf 77' lang='lat' dir='ltr'><strong>aﬂ‘atim</strong></span> <span class='ocrx_word' id='word_1_172' title='bbox 3148 847 3383 903; x_wconf 89' lang='lat' dir='ltr'><strong>circum-</strong></span> 
     </span>
    </p>
   </div>
   <div class='ocr_carea' id='block_1_26' title="bbox 1823 937 3384 1013">
    <p class='ocr_par' dir='ltr' id='par_1_26' title="bbox 1823 937 3384 1013">
     <span class='ocr_line' id='line_1_26' title="bbox 1823 937 3384 1013; baseline -0.004 -14"><span class='ocrx_word' id='word_1_173' title='bbox 1823 943 2063 1013; x_wconf 84' lang='lat' dir='ltr'><strong>scriptus</strong></span> <span class='ocrx_word' id='word_1_174' title='bbox 2087 951 2140 998; x_wconf 93' lang='lat' dir='ltr'><strong>et</strong></span> <span class='ocrx_word' id='word_1_175' title='bbox 2167 941 2508 997; x_wconf 89' lang='lat' dir='ltr'><strong>terminatus.</strong></span> <span class='ocrx_word' id='word_1_176' title='bbox 2537 937 2691 993; x_wconf 87' lang='lat' dir='ltr'><strong>Nunc</strong></span> <span class='ocrx_word' id='word_1_177' title='bbox 2720 949 2896 994; x_wconf 82' lang='lat' dir='ltr'><strong>autem</strong></span> <span class='ocrx_word' id='word_1_178' title='bbox 2923 955 3044 995; x_wconf 89' lang='lat' dir='ltr'><strong>cum</strong></span> <span class='ocrx_word' id='word_1_179' title='bbox 3072 939 3183 994; x_wconf 83' lang='lat' dir='ltr'><strong>fere</strong></span> <span class='ocrx_word' id='word_1_180' title='bbox 3202 939 3384 993; x_wconf 89' lang='lat' dir='ltr'><strong>omnia</strong></span> 
     </span>
    </p>
   </div>
   <div class='ocr_carea' id='block_1_27' title="bbox 1820 1029 3384 1103">
    <p class='ocr_par' dir='ltr' id='par_1_27' title="bbox 1820 1029 3384 1103">
     <span class='ocr_line' id='line_1_27' title="bbox 1820 1029 3384 1103; baseline -0.001 -17"><span class='ocrx_word' id='word_1_181' title='bbox 1820 1048 1942 1103; x_wconf 71' lang='lat' dir='ltr'><strong>quae</strong></span> <span class='ocrx_word' id='word_1_182' title='bbox 1967 1032 2229 1088; x_wconf 82' lang='lat' dir='ltr'><strong>fabricata</strong></span> <span class='ocrx_word' id='word_1_183' title='bbox 2252 1039 2410 1093; x_wconf 91' lang='lat' dir='ltr'><strong>sunt,</strong></span> <span class='ocrx_word' id='word_1_184' title='bbox 2438 1030 2578 1083; x_wconf 90' lang='lat' dir='ltr'><strong>mala</strong></span> <span class='ocrx_word' id='word_1_185' title='bbox 2604 1045 2723 1085; x_wconf 89' lang='lat' dir='ltr'><strong>esse</strong></span> <span class='ocrx_word' id='word_1_186' title='bbox 2744 1031 2926 1084; x_wconf 85' lang='lat' dir='ltr'><strong>dicant</strong></span> <span class='ocrx_word' id='word_1_187' title='bbox 2952 1069 2967 1094; x_wconf 94' lang='lat'><strong>,</strong></span> <span class='ocrx_word' id='word_1_188' title='bbox 2994 1029 3384 1099; x_wconf 82' lang='lat' dir='ltr'><strong>blasphemiam</strong></span> 
     </span>
    </p>
   </div>
   <div class='ocr_carea' id='block_1_28' title="bbox 1820 1121 3385 1191">
    <p class='ocr_par' dir='ltr' id='par_1_28' title="bbox 1820 1121 3385 1191">
     <span class='ocr_line' id='line_1_28' title="bbox 1820 1121 3385 1191; baseline -0.002 -13"><span class='ocrx_word' id='word_1_189' title='bbox 1820 1125 1878 1178; x_wconf 89' lang='lat' dir='ltr'><strong>in</strong></span> <span class='ocrx_word' id='word_1_190' title='bbox 1906 1123 2074 1179; x_wconf 89' lang='lat' dir='ltr'><strong>Deum</strong></span> <span class='ocrx_word' id='word_1_191' title='bbox 2103 1124 2159 1178; x_wconf 89' lang='lat' dir='ltr'><strong>in</strong></span> <span class='ocrx_word' id='word_1_192' title='bbox 2186 1122 2453 1177; x_wconf 85' lang='lat' dir='ltr'><strong>inﬁnitum</strong></span> <span class='ocrx_word' id='word_1_193' title='bbox 2483 1132 2783 1185; x_wconf 75' lang='lat' dir='ltr'><strong>auxerunt,</strong></span> <span class='ocrx_word' id='word_1_194' title='bbox 2825 1131 2879 1177; x_wconf 88' lang='lat' dir='ltr'><strong>et</strong></span> <span class='ocrx_word' id='word_1_195' title='bbox 2922 1121 3229 1191; x_wconf 88' lang='lat' dir='ltr'><strong>producunt</strong></span> <span class='ocrx_word' id='word_1_196' title='bbox 3266 1131 3385 1175; x_wconf 81' lang='lat' dir='ltr'><strong>tan-</strong></span> 
     </span>
    </p>
   </div>
   <div class='ocr_carea' id='block_1_29' title="bbox 1820 1214 3385 1290">
    <p class='ocr_par' dir='ltr' id='par_1_29' title="bbox 1820 1214 3385 1290">
     <span class='ocr_line' id='line_1_29' title="bbox 1820 1214 3385 1290; baseline -0.004 -16"><span class='ocrx_word' id='word_1_197' title='bbox 1820 1234 1983 1290; x_wconf 87' lang='lat' dir='ltr'><strong>quam</strong></span> <span class='ocrx_word' id='word_1_198' title='bbox 2028 1226 2177 1273; x_wconf 87' lang='lat' dir='ltr'><strong>certa</strong></span> <span class='ocrx_word' id='word_1_199' title='bbox 2216 1224 2270 1272; x_wconf 92' lang='lat' dir='ltr'><strong>et</strong></span> <span class='ocrx_word' id='word_1_200' title='bbox 2307 1216 2517 1271; x_wconf 87' lang='lat' dir='ltr'><strong>ratione</strong></span> <span class='ocrx_word' id='word_1_201' title='bbox 2559 1229 2623 1269; x_wconf 90' lang='lat' dir='ltr'><strong>ac</strong></span> <span class='ocrx_word' id='word_1_202' title='bbox 2660 1214 2868 1284; x_wconf 91' lang='lat' dir='ltr'><strong>judicio</strong></span> <span class='ocrx_word' id='word_1_203' title='bbox 2899 1214 3125 1283; x_wconf 89' lang='lat' dir='ltr'><strong>probata</strong></span> <span class='ocrx_word' id='word_1_204' title='bbox 3149 1255 3163 1277; x_wconf 93' lang='lat'><strong>,</strong></span> <span class='ocrx_word' id='word_1_205' title='bbox 3194 1228 3385 1268; x_wconf 84' lang='lat' dir='ltr'><strong>omnes</strong></span> 
     </span>
    </p>
   </div>
   <div class='ocr_carea' id='block_1_30' title="bbox 1822 1303 3385 1376">
    <p class='ocr_par' dir='ltr' id='par_1_30' title="bbox 1822 1303 3385 1376">
     <span class='ocr_line' id='line_1_30' title="bbox 1822 1303 3385 1376; baseline -0.003 -11"><span class='ocrx_word' id='word_1_206' title='bbox 1822 1311 2028 1367; x_wconf 85' lang='lat' dir='ltr'><strong>bestias</strong></span> <span class='ocrx_word' id='word_1_207' title='bbox 2057 1318 2111 1365; x_wconf 91' lang='lat' dir='ltr'><strong>et</strong></span> <span class='ocrx_word' id='word_1_208' title='bbox 2140 1308 2313 1373; x_wconf 76' lang='lat' dir='ltr'><strong>feras,</strong></span> <span class='ocrx_word' id='word_1_209' title='bbox 2346 1322 2455 1362; x_wconf 91' lang='lat' dir='ltr'><strong>non</strong></span> <span class='ocrx_word' id='word_1_210' title='bbox 2486 1315 2738 1376; x_wconf 88' lang='lat' dir='ltr'><strong>putantes</strong></span> <span class='ocrx_word' id='word_1_211' title='bbox 2783 1313 3037 1376; x_wconf 83' lang='lat' dir='ltr'><strong>oportere</strong></span> <span class='ocrx_word' id='word_1_212' title='bbox 3076 1303 3218 1359; x_wconf 85' lang='lat' dir='ltr'><strong>facta</strong></span> <span class='ocrx_word' id='word_1_213' title='bbox 3264 1318 3385 1360; x_wconf 85' lang='lat' dir='ltr'><strong>esse</strong></span> 
     </span>
    </p>
   </div>
   <div class='ocr_carea' id='block_1_31' title="bbox 1821 1396 3380 1466">
    <p class='ocr_par' dir='ltr' id='par_1_31' title="bbox 1821 1396 3380 1466">
     <span class='ocr_line' id='line_1_31' title="bbox 1821 1396 3380 1466; baseline -0.006 -9"><span class='ocrx_word' id='word_1_214' title='bbox 1821 1403 1936 1457; x_wconf 74' lang='lat' dir='ltr'><strong>hrec</strong></span> <span class='ocrx_word' id='word_1_215' title='bbox 1965 1418 1996 1456; x_wconf 90' lang='lat' dir='ltr'><strong>a</strong></span> <span class='ocrx_word' id='word_1_216' title='bbox 2025 1402 2202 1465; x_wconf 88' lang='lat' dir='ltr'><strong>bono,</strong></span> <span class='ocrx_word' id='word_1_217' title='bbox 2235 1415 2344 1455; x_wconf 91' lang='lat' dir='ltr'><strong>non</strong></span> <span class='ocrx_word' id='word_1_218' title='bbox 2376 1400 2549 1456; x_wconf 92' lang='lat' dir='ltr'><strong>solum</strong></span> <span class='ocrx_word' id='word_1_219' title='bbox 2592 1413 2782 1454; x_wconf 91' lang='lat' dir='ltr'><strong>eorum</strong></span> <span class='ocrx_word' id='word_1_220' title='bbox 2828 1396 3082 1466; x_wconf 89' lang='lat' dir='ltr'><strong>opinione</strong></span> <span class='ocrx_word' id='word_1_221' title='bbox 3126 1396 3341 1450; x_wconf 85' lang='lat' dir='ltr'><strong>inutilia</strong></span> <span class='ocrx_word' id='word_1_222' title='bbox 3365 1435 3380 1457; x_wconf 89' lang='lat'><strong>,</strong></span> 
     </span>
    </p>
   </div>
   <div class='ocr_carea' id='block_1_32' title="bbox 1828 1487 3384 1555">
    <p class='ocr_par' dir='ltr' id='par_1_32' title="bbox 1828 1487 3384 1555">
     <span class='ocr_line' id='line_1_32' title="bbox 1828 1487 3384 1555; baseline -0.004 -6"><span class='ocrx_word' id='word_1_223' title='bbox 1828 1494 1923 1550; x_wconf 89' lang='lat' dir='ltr'><strong>sed</strong></span> <span class='ocrx_word' id='word_1_224' title='bbox 1950 1492 2265 1548; x_wconf 87' lang='lat' dir='ltr'><strong>hominibus</strong></span> <span class='ocrx_word' id='word_1_225' title='bbox 2296 1490 2705 1547; x_wconf 86' lang='lat' dir='ltr'><strong>nocentissima.</strong></span> <span class='ocrx_word' id='word_1_226' title='bbox 2730 1488 2990 1555; x_wconf 84' lang='lat' dir='ltr'><strong>Quamvis</strong></span> <span class='ocrx_word' id='word_1_227' title='bbox 3020 1487 3384 1543; x_wconf 87' lang='lat' dir='ltr'><strong>demonstrari</strong></span> 
     </span>
    </p>
   </div>
   <div class='ocr_carea' id='block_1_33' title="bbox 1820 1579 3384 1655">
    <p class='ocr_par' dir='ltr' id='par_1_33' title="bbox 1820 1579 3384 1655">
     <span class='ocr_line' id='line_1_33' title="bbox 1820 1579 3384 1655; baseline -0.004 -17"><span class='ocrx_word' id='word_1_228' title='bbox 1820 1583 2031 1655; x_wconf 86' lang='lat' dir='ltr'><strong>possint</strong></span> <span class='ocrx_word' id='word_1_229' title='bbox 2058 1582 2278 1637; x_wconf 87' lang='lat' dir='ltr'><strong>utiliora</strong></span> <span class='ocrx_word' id='word_1_230' title='bbox 2306 1587 2360 1638; x_wconf 89' lang='lat' dir='ltr'><strong>et</strong></span> <span class='ocrx_word' id='word_1_231' title='bbox 2387 1579 2756 1636; x_wconf 88' lang='lat' dir='ltr'><strong>commodiora</strong></span> <span class='ocrx_word' id='word_1_232' title='bbox 2792 1593 2914 1632; x_wconf 93' lang='lat' dir='ltr'><strong>esse</strong></span> <span class='ocrx_word' id='word_1_233' title='bbox 2956 1591 3137 1647; x_wconf 82' lang='lat' dir='ltr'><strong>quam.</strong></span> <span class='ocrx_word' id='word_1_234' title='bbox 3161 1592 3222 1632; x_wconf 88' lang='lat' dir='ltr'><strong>ea</strong></span> <span class='ocrx_word' id='word_1_235' title='bbox 3263 1591 3384 1647; x_wconf 61' lang='lat' dir='ltr'><strong>quae</strong></span> 
     </span>
    </p>
   </div>
   <div class='ocr_carea' id='block_1_34' title="bbox 1820 1669 3385 1749">
    <p class='ocr_par' dir='ltr' id='par_1_34' title="bbox 1820 1669 3385 1749">
     <span class='ocr_line' id='line_1_34' title="bbox 1820 1669 3385 1749; baseline -0.003 -21"><span class='ocrx_word' id='word_1_236' title='bbox 1820 1689 1947 1729; x_wconf 82' lang='lat' dir='ltr'><strong>vere</strong></span> <span class='ocrx_word' id='word_1_237' title='bbox 1971 1671 2283 1727; x_wconf 89' lang='lat' dir='ltr'><strong>hominibus</strong></span> <span class='ocrx_word' id='word_1_238' title='bbox 2306 1672 2612 1726; x_wconf 88' lang='lat' dir='ltr'><strong>conducere</strong></span> <span class='ocrx_word' id='word_1_239' title='bbox 2637 1669 2925 1723; x_wconf 89' lang='lat' dir='ltr'><strong>videantur</strong></span> <span class='ocrx_word' id='word_1_240' title='bbox 2949 1686 2963 1733; x_wconf 90' lang='lat'><strong>;</strong></span> <span class='ocrx_word' id='word_1_241' title='bbox 2994 1683 3058 1749; x_wconf 77' lang='lat' dir='ltr'><strong>ac</strong></span> <span class='ocrx_word' id='word_1_242' title='bbox 3080 1669 3251 1722; x_wconf 90' lang='lat' dir='ltr'><strong>multa</strong></span> <span class='ocrx_word' id='word_1_243' title='bbox 3273 1671 3385 1739; x_wconf 88' lang='lat' dir='ltr'><strong>qui-</strong></span> 
     </span>
    </p>
   </div>
   <div class='ocr_carea' id='block_1_35' title="bbox 1745 1760 3383 1831">
    <p class='ocr_par' dir='ltr' id='par_1_35' title="bbox 1745 1760 3383 1831">
     <span class='ocr_line' id='line_1_35' title="bbox 1745 1760 3383 1831; baseline -0.002 -12"><span class='ocrx_word' id='word_1_244' title='bbox 1745 1764 1787 1818; x_wconf 90' lang='lat' dir='ltr'><strong>B</strong></span> <span class='ocrx_word' id='word_1_245' title='bbox 1817 1771 1936 1819; x_wconf 87' lang='lat' dir='ltr'><strong>dem</strong></span> <span class='ocrx_word' id='word_1_246' title='bbox 1967 1765 2068 1819; x_wconf 88' lang='lat' dir='ltr'><strong>alia</strong></span> <span class='ocrx_word' id='word_1_247' title='bbox 2100 1772 2429 1819; x_wconf 90' lang='lat' dir='ltr'><strong>connectunt</strong></span> <span class='ocrx_word' id='word_1_248' title='bbox 2459 1761 2525 1817; x_wconf 84' lang='lat' dir='ltr'><strong>ad</strong></span> <span class='ocrx_word' id='word_1_249' title='bbox 2557 1760 2961 1816; x_wconf 87' lang='lat' dir='ltr'><strong>accusationem</strong></span> <span class='ocrx_word' id='word_1_250' title='bbox 2991 1775 3173 1815; x_wconf 90' lang='lat' dir='ltr'><strong>rerum</strong></span> <span class='ocrx_word' id='word_1_251' title='bbox 3203 1766 3257 1814; x_wconf 92' lang='lat' dir='ltr'><strong>et</strong></span> <span class='ocrx_word' id='word_1_252' title='bbox 3283 1777 3383 1831; x_wconf 87' lang='lat' dir='ltr'><strong>gu—</strong></span> 
     </span>
    </p>
   </div>
   <div class='ocr_carea' id='block_1_36' title="bbox 1822 1853 2457 1909">
    <p class='ocr_par' dir='ltr' id='par_1_36' title="bbox 1822 1853 2457 1909">
     <span class='ocr_line' id='line_1_36' title="bbox 1822 1853 2457 1909; baseline -0.003 0"><span class='ocrx_word' id='word_1_253' title='bbox 1822 1853 2161 1909; x_wconf 88' lang='lat' dir='ltr'><strong>bernationis</strong></span> <span class='ocrx_word' id='word_1_254' title='bbox 2194 1853 2457 1908; x_wconf 88' lang='lat' dir='ltr'><strong>universi.</strong></span> 
     </span>
    </p>
   </div>
   <div class='ocr_carea' id='block_1_37' title="bbox 1312 1958 2253 2035">
    <p class='ocr_par' dir='ltr' id='par_1_37' title="bbox 1312 1958 2253 2035">
     <span class='ocr_line' id='line_1_37' title="bbox 1312 1958 2253 2035; baseline 0.007 -22"><span class='ocrx_word' id='word_1_255' title='bbox 1312 1958 1441 2014; x_wconf 71' lang='lat' dir='ltr'><strong>Car.</strong></span> <span class='ocrx_word' id='word_1_256' title='bbox 1486 1959 1575 2018; x_wconf 76' lang='lat' dir='ltr'><strong>IV.</strong></span> <span class='ocrx_word' id='word_1_257' title='bbox 1618 1961 1895 2021; x_wconf 76' lang='lat' dir='ltr'><strong>Methodus</strong></span> <span class='ocrx_word' id='word_1_258' title='bbox 1926 1966 2253 2035; x_wconf 83' lang='lat' dir='ltr'><strong>disputandi.</strong></span> 
     </span>
    </p>
   </div>
   <div class='ocr_carea' id='block_1_38' title="bbox 240 2048 1726 2127">
    <p class='ocr_par' dir='ltr' id='par_1_38' title="bbox 240 2048 1726 2127">
     <span class='ocr_line' id='line_1_38' title="bbox 240 2048 1726 2127; baseline 0.002 -21"><span class='ocrx_word' id='word_1_259' title='bbox 240 2052 299 2106; x_wconf 88' lang='grc' dir='ltr'>Ὀ</span> <span class='ocrx_word' id='word_1_260' title='bbox 335 2052 394 2105; x_wconf 87' lang='grc' dir='ltr'>δὲ</span> <span class='ocrx_word' id='word_1_261' title='bbox 443 2051 600 2121; x_wconf 80' lang='grc' dir='ltr'>λόγος</span> <span class='ocrx_word' id='word_1_262' title='bbox 650 2048 800 2106; x_wconf 77' lang='grc' dir='ltr'>οὐδὲν</span> <span class='ocrx_word' id='word_1_263' title='bbox 843 2050 1226 2107; x_wconf 87' lang='grc' dir='ltr'>ἀναπόδεικτον</span> <span class='ocrx_word' id='word_1_264' title='bbox 1257 2053 1364 2106; x_wconf 84' lang='grc' dir='ltr'>τῶν</span> <span class='ocrx_word' id='word_1_265' title='bbox 1404 2070 1465 2106; x_wconf 89' lang='grc' dir='ltr'><strong>τε</strong></span> <span class='ocrx_word' id='word_1_266' title='bbox 1503 2055 1726 2127; x_wconf 76' lang='grc' dir='ltr'>εἰρημέ-</span> 
     </span>
    </p>
   </div>
   <div class='ocr_carea' id='block_1_39' title="bbox 150 2142 1729 2216">
    <p class='ocr_par' dir='ltr' id='par_1_39' title="bbox 150 2142 1729 2216">
     <span class='ocr_line' id='line_1_39' title="bbox 150 2142 1729 2216; baseline 0.001 -18"><span class='ocrx_word' id='word_1_267' title='bbox 150 2160 264 2198; x_wconf 82' lang='grc' dir='ltr'><strong>νων</strong></span> <span class='ocrx_word' id='word_1_268' title='bbox 310 2142 405 2199; x_wconf 77' lang='grc' dir='ltr'>καὶ</span> <span class='ocrx_word' id='word_1_269' title='bbox 451 2143 834 2215; x_wconf 81' lang='grc' dir='ltr'>ῥηθησομένων</span> <span class='ocrx_word' id='word_1_270' title='bbox 874 2143 1187 2198; x_wconf 82' lang='grc' dir='ltr'>καταλιπεῖν</span> <span class='ocrx_word' id='word_1_271' title='bbox 1236 2144 1586 2216; x_wconf 83' lang='grc' dir='ltr'>πειράσεται·</span> <span class='ocrx_word' id='word_1_272' title='bbox 1634 2146 1729 2201; x_wconf 89' lang='grc' dir='ltr'><strong>δύο</strong></span> 
     </span>
    </p>
   </div>
   <div class='ocr_carea' id='block_1_40' title="bbox 153 2231 1729 2308">
    <p class='ocr_par' dir='ltr' id='par_1_40' title="bbox 153 2231 1729 2308">
     <span class='ocr_line' id='line_1_40' title="bbox 153 2231 1729 2308; baseline 0.003 -20"><span class='ocrx_word' id='word_1_273' title='bbox 153 2235 266 2307; x_wconf 84' lang='grc' dir='ltr'>γὰρ</span> <span class='ocrx_word' id='word_1_274' title='bbox 298 2236 552 2291; x_wconf 75' lang='grc' dir='ltr'>ἐναντίων</span> <span class='ocrx_word' id='word_1_275' title='bbox 582 2235 793 2305; x_wconf 83' lang='grc' dir='ltr'>φύσεων</span> <span class='ocrx_word' id='word_1_276' title='bbox 835 2238 1031 2308; x_wconf 81' lang='grc' dir='ltr'>κρᾶσιν</span> <span class='ocrx_word' id='word_1_277' title='bbox 1073 2238 1131 2291; x_wconf 85' lang='grc' dir='ltr'><strong>ἐν</strong></span> <span class='ocrx_word' id='word_1_278' title='bbox 1161 2238 1273 2300; x_wconf 88' lang='grc' dir='ltr'>τοῖς</span> <span class='ocrx_word' id='word_1_279' title='bbox 1312 2231 1430 2290; x_wconf 84' lang='grc' dir='ltr'>οῦσι</span> <span class='ocrx_word' id='word_1_280' title='bbox 1466 2238 1729 2306; x_wconf 78' lang='grc' dir='ltr'>φανταζό-</span> 
     </span>
    </p>
   </div>
   <div class='ocr_carea' id='block_1_41' title="bbox 157 2326 1727 2400">
    <p class='ocr_par' dir='ltr' id='par_1_41' title="bbox 157 2326 1727 2400">
     <span class='ocr_line' id='line_1_41' title="bbox 157 2326 1727 2400; baseline 0.004 -21"><span class='ocrx_word' id='word_1_281' title='bbox 157 2343 334 2400; x_wconf 88' lang='grc' dir='ltr'>μενοι,</span> <span class='ocrx_word' id='word_1_282' title='bbox 354 2327 664 2398; x_wconf 88' lang='grc' dir='ltr'>διανέμουσι</span> <span class='ocrx_word' id='word_1_283' title='bbox 704 2326 926 2392; x_wconf 84' lang='grc' dir='ltr'>ταύταις</span> <span class='ocrx_word' id='word_1_284' title='bbox 964 2326 1035 2381; x_wconf 91' lang='grc' dir='ltr'>τὰ</span> <span class='ocrx_word' id='word_1_285' title='bbox 1084 2327 1211 2381; x_wconf 76' lang='grc' dir='ltr'>ὄντα</span> <span class='ocrx_word' id='word_1_286' title='bbox 1256 2328 1396 2382; x_wconf 87' lang='grc' dir='ltr'><strong>κατά</strong></span> <span class='ocrx_word' id='word_1_287' title='bbox 1436 2329 1497 2383; x_wconf 72' lang='grc' dir='ltr'>τὸ</span> <span class='ocrx_word' id='word_1_288' title='bbox 1541 2328 1727 2391; x_wconf 81' lang='grc' dir='ltr'>δοκοῦν</span> 
     </span>
    </p>
   </div>
   <div class='ocr_carea' id='block_1_42' title="bbox 155 2418 1723 2495">
    <p class='ocr_par' dir='ltr' id='par_1_42' title="bbox 155 2418 1723 2495">
     <span class='ocr_line' id='line_1_42' title="bbox 155 2418 1723 2495; baseline 0.001 -20"><span class='ocrx_word' id='word_1_289' title='bbox 155 2419 363 2482; x_wconf 73' lang='grc' dir='ltr'>αὐτοῖς.</span> <span class='ocrx_word' id='word_1_290' title='bbox 398 2419 590 2484; x_wconf 86' lang='grc' dir='ltr'>Πόθεν,</span> <span class='ocrx_word' id='word_1_291' title='bbox 617 2420 883 2489; x_wconf 85' lang='grc' dir='ltr'>λέγοντες,</span> <span class='ocrx_word' id='word_1_292' title='bbox 913 2418 983 2473; x_wconf 84' lang='grc' dir='ltr'><strong>τά</strong></span> <span class='ocrx_word' id='word_1_293' title='bbox 1010 2419 1240 2484; x_wconf 84' lang='grc' dir='ltr'>κακά,εί</span> <span class='ocrx_word' id='word_1_294' title='bbox 1270 2421 1343 2495; x_wconf 85' lang='grc' dir='ltr'>μὴ</span> <span class='ocrx_word' id='word_1_295' title='bbox 1369 2421 1431 2475; x_wconf 77' lang='grc' dir='ltr'><strong>ἐκ</strong></span> <span class='ocrx_word' id='word_1_296' title='bbox 1457 2440 1600 2485; x_wconf 89' lang='grc' dir='ltr'>τινος</span> <span class='ocrx_word' id='word_1_297' title='bbox 1625 2424 1723 2495; x_wconf 89' lang='grc' dir='ltr'>ἀρ-</span> 
     </span>
    </p>
   </div>
   <div class='ocr_carea' id='block_1_43' title="bbox 155 2509 1717 2585">
    <p class='ocr_par' dir='ltr' id='par_1_43' title="bbox 155 2509 1717 2585">
     <span class='ocr_line' id='line_1_43' title="bbox 155 2509 1717 2585; baseline -0.015 1"><span class='ocrx_word' id='word_1_298' title='bbox 155 2510 261 2585; x_wconf 68' lang='grc' dir='ltr'><strong>Χῆς</strong></span> <span class='ocrx_word' id='word_1_299' title='bbox 287 2510 380 2564; x_wconf 56' lang='grc' dir='ltr'><strong>καὶ</strong></span> <span class='ocrx_word' id='word_1_300' title='bbox 410 2509 582 2564; x_wconf 69' lang='grc' dir='ltr'>ταῦτα</span> <span class='ocrx_word' id='word_1_301' title='bbox 607 2510 890 2583; x_wconf 80' lang='grc' dir='ltr'>τυγχάνει;</span> <span class='ocrx_word' id='word_1_302' title='bbox 917 2512 979 2564; x_wconf 54' lang='lat' dir='ltr'><strong>Ei</strong></span> <span class='ocrx_word' id='word_1_303' title='bbox 1011 2510 1066 2565; x_wconf 84' lang='grc' dir='ltr'><strong>δέ</strong></span> <span class='ocrx_word' id='word_1_304' title='bbox 1092 2529 1175 2575; x_wconf 82' lang='grc' dir='ltr'><strong>τις</strong></span> <span class='ocrx_word' id='word_1_305' title='bbox 1204 2512 1516 2585; x_wconf 76' lang='grc' dir='ltr'>ἐρωτήσειεο</span> <span class='ocrx_word' id='word_1_306' title='bbox 1553 2515 1717 2582; x_wconf 84' lang='grc' dir='ltr'>Ποῖα;</span> 
     </span>
    </p>
   </div>
   <div class='ocr_carea' id='block_1_44' title="bbox 157 2601 1723 2679">
    <p class='ocr_par' dir='ltr' id='par_1_44' title="bbox 157 2601 1723 2679">
     <span class='ocr_line' id='line_1_44' title="bbox 157 2601 1723 2679; baseline 0.003 -23"><span class='ocrx_word' id='word_1_307' title='bbox 157 2601 463 2673; x_wconf 84' lang='grc' dir='ltr'>συνείρουσι</span> <span class='ocrx_word' id='word_1_308' title='bbox 498 2602 567 2656; x_wconf 85' lang='grc' dir='ltr'>τὰ</span> <span class='ocrx_word' id='word_1_309' title='bbox 605 2603 714 2657; x_wconf 84' lang='grc' dir='ltr'>τῶν</span> <span class='ocrx_word' id='word_1_310' title='bbox 763 2604 1062 2678; x_wconf 83' lang='grc' dir='ltr'>ἀνθρώπων</span> <span class='ocrx_word' id='word_1_311' title='bbox 1105 2607 1473 2679; x_wconf 78' lang='grc' dir='ltr'>ἁμαρτήματα</span> <span class='ocrx_word' id='word_1_312' title='bbox 1519 2608 1612 2662; x_wconf 72' lang='grc' dir='ltr'><strong>καὶ</strong></span> <span class='ocrx_word' id='word_1_313' title='bbox 1654 2607 1723 2661; x_wconf 79' lang='grc' dir='ltr'><strong>τά</strong></span> 
     </span>
    </p>
   </div>
   <div class='ocr_carea' id='block_1_45' title="bbox 153 2692 1724 2771">
    <p class='ocr_par' dir='ltr' id='par_1_45' title="bbox 153 2692 1724 2771">
     <span class='ocr_line' id='line_1_45' title="bbox 153 2692 1724 2771; baseline 0.002 -22"><span class='ocrx_word' id='word_1_314' title='bbox 153 2692 250 2749; x_wconf 81' lang='grc' dir='ltr'><strong>τοῦ</strong></span> <span class='ocrx_word' id='word_1_315' title='bbox 275 2692 410 2748; x_wconf 79' lang='grc' dir='ltr'>θεοῦ</span> <span class='ocrx_word' id='word_1_316' title='bbox 442 2694 913 2768; x_wconf 85' lang='grc' dir='ltr'>δημιουργήματα,</span> <span class='ocrx_word' id='word_1_317' title='bbox 934 2697 1027 2751; x_wconf 78' lang='grc' dir='ltr'><strong>καὶ</strong></span> <span class='ocrx_word' id='word_1_318' title='bbox 1054 2698 1223 2770; x_wconf 79' lang='grc' dir='ltr'>αὐτὴν</span> <span class='ocrx_word' id='word_1_319' title='bbox 1245 2698 1371 2770; x_wconf 82' lang='grc' dir='ltr'>ὅλην</span> <span class='ocrx_word' id='word_1_320' title='bbox 1405 2699 1503 2771; x_wconf 79' lang='grc' dir='ltr'>τὴν</span> <span class='ocrx_word' id='word_1_321' title='bbox 1528 2698 1724 2752; x_wconf 87' lang='grc' dir='ltr'>πάνσο-</span> 
     </span>
    </p>
   </div>
   <div class='ocr_carea' id='block_1_46' title="bbox 156 2788 1729 2858">
    <p class='ocr_par' dir='ltr' id='par_1_46' title="bbox 156 2788 1729 2858">
     <span class='ocr_line' id='line_1_46' title="bbox 156 2788 1729 2858; baseline 0.003 -20"><span class='ocrx_word' id='word_1_322' title='bbox 156 2802 256 2854; x_wconf 73' lang='grc' dir='ltr'><strong>φον</strong></span> <span class='ocrx_word' id='word_1_323' title='bbox 288 2788 594 2858; x_wconf 83' lang='grc' dir='ltr'>οίκονομίαν</span> <span class='ocrx_word' id='word_1_324' title='bbox 628 2790 937 2855; x_wconf 76' lang='grc' dir='ltr'>κακίζουσιν</span> <span class='ocrx_word' id='word_1_325' title='bbox 958 2808 970 2820; x_wconf 89' lang='grc'>·</span> <span class='ocrx_word' id='word_1_326' title='bbox 1011 2790 1086 2854; x_wconf 89' lang='grc' dir='ltr'>ὡς</span> <span class='ocrx_word' id='word_1_327' title='bbox 1129 2790 1182 2842; x_wconf 81' lang='grc' dir='ltr'><strong>εἴ</strong></span> <span class='ocrx_word' id='word_1_328' title='bbox 1211 2807 1295 2855; x_wconf 89' lang='grc' dir='ltr'><strong>τις</strong></span> <span class='ocrx_word' id='word_1_329' title='bbox 1333 2790 1520 2857; x_wconf 81' lang='grc' dir='ltr'>δείξειε</span> <span class='ocrx_word' id='word_1_330' title='bbox 1554 2791 1729 2845; x_wconf 89' lang='grc' dir='ltr'>πάντα</span> 
     </span>
    </p>
   </div>
   <div class='ocr_carea' id='block_1_47' title="bbox 157 2875 1727 2951">
    <p class='ocr_par' dir='ltr' id='par_1_47' title="bbox 157 2875 1727 2951">
     <span class='ocr_line' id='line_1_47' title="bbox 157 2875 1727 2951; baseline 0.004 -21"><span class='ocrx_word' id='word_1_331' title='bbox 157 2875 338 2939; x_wconf 82' lang='grc' dir='ltr'>καλῶς</span> <span class='ocrx_word' id='word_1_332' title='bbox 374 2879 468 2931; x_wconf 80' lang='grc' dir='ltr'>καὶ</span> <span class='ocrx_word' id='word_1_333' title='bbox 507 2879 815 2948; x_wconf 86' lang='grc' dir='ltr'>ἀναγκαίως</span> <span class='ocrx_word' id='word_1_334' title='bbox 853 2881 1130 2950; x_wconf 84' lang='grc' dir='ltr'>γεγονέναι</span> <span class='ocrx_word' id='word_1_335' title='bbox 1177 2882 1271 2935; x_wconf 63' lang='grc' dir='ltr'><strong>καὶ⁹</strong></span> <span class='ocrx_word' id='word_1_336' title='bbox 1312 2882 1608 2951; x_wconf 82' lang='grc' dir='ltr'>γίγνεσθαι,</span> <span class='ocrx_word' id='word_1_337' title='bbox 1649 2884 1727 2937; x_wconf 87' lang='grc' dir='ltr'>οί-</span> 
     </span>
    </p>
   </div>
   <div class='ocr_carea' id='block_1_48' title="bbox 156 2969 1728 3046">
    <p class='ocr_par' dir='ltr' id='par_1_48' title="bbox 156 2969 1728 3046">
     <span class='ocr_line' id='line_1_48' title="bbox 156 2969 1728 3046; baseline 0.007 -27"><span class='ocrx_word' id='word_1_338' title='bbox 156 2984 310 3037; x_wconf 86' lang='grc' dir='ltr'>χεται</span> <span class='ocrx_word' id='word_1_339' title='bbox 340 2969 521 3033; x_wconf 80' lang='grc' dir='ltr'>αὐτοῖς</span> <span class='ocrx_word' id='word_1_340' title='bbox 548 2970 606 3039; x_wconf 79' lang='grc' dir='ltr'>ἐξ</span> <span class='ocrx_word' id='word_1_341' title='bbox 632 2970 871 3043; x_wconf 84' lang='grc' dir='ltr'>ἀνάγκης</span> <span class='ocrx_word' id='word_1_342' title='bbox 914 2972 942 3024; x_wconf 91' lang='grc' dir='ltr'><strong>ὁ</strong></span> <span class='ocrx_word' id='word_1_343' title='bbox 985 2973 1110 3044; x_wconf 76' lang='grc' dir='ltr'>περὶ</span> <span class='ocrx_word' id='word_1_344' title='bbox 1148 2973 1246 3044; x_wconf 85' lang='grc' dir='ltr'><strong>τῆς</strong></span> <span class='ocrx_word' id='word_1_345' title='bbox 1281 2974 1526 3038; x_wconf 78' lang='grc' dir='ltr'>ἐναντίας</span> <span class='ocrx_word' id='word_1_346' title='bbox 1555 2976 1728 3046; x_wconf 84' lang='grc' dir='ltr'>ἀρχῆς</span> 
     </span>
    </p>
   </div>
   <div class='ocr_carea' id='block_1_49' title="bbox 157 3057 1728 3135">
    <p class='ocr_par' dir='ltr' id='par_1_49' title="bbox 157 3057 1728 3135">
     <span class='ocr_line' id='line_1_49' title="bbox 157 3057 1728 3135; baseline 0.005 -25"><span class='ocrx_word' id='word_1_347' title='bbox 157 3057 334 3128; x_wconf 85' lang='grc' dir='ltr'>λόγος.</span> <span class='ocrx_word' id='word_1_348' title='bbox 366 3060 457 3131; x_wconf 83' lang='grc' dir='ltr'><strong>Μὴ</strong></span> <span class='ocrx_word' id='word_1_349' title='bbox 482 3060 587 3133; x_wconf 83' lang='grc' dir='ltr'>γὰρ</span> <span class='ocrx_word' id='word_1_350' title='bbox 614 3061 902 3127; x_wconf 82' lang='grc' dir='ltr'>συνιέντες,</span> <span class='ocrx_word' id='word_1_351' title='bbox 936 3064 1081 3127; x_wconf 86' lang='grc' dir='ltr'>ὅπως</span> <span class='ocrx_word' id='word_1_352' title='bbox 1118 3063 1227 3135; x_wconf 73' lang='grc' dir='ltr'>ἔχει</span> <span class='ocrx_word' id='word_1_353' title='bbox 1255 3064 1322 3118; x_wconf 89' lang='grc' dir='ltr'><strong>τά</strong></span> <span class='ocrx_word' id='word_1_354' title='bbox 1365 3066 1533 3130; x_wconf 88' lang='grc' dir='ltr'>κάτω,</span> <span class='ocrx_word' id='word_1_355' title='bbox 1564 3065 1728 3118; x_wconf 83' lang='grc' dir='ltr'>ἐπλά-</span> 
     </span>
    </p>
   </div>
   <div class='ocr_carea' id='block_1_50' title="bbox 158 3150 1725 3226">
    <p class='ocr_par' dir='ltr' id='par_1_50' title="bbox 158 3150 1725 3226">
     <span class='ocr_line' id='line_1_50' title="bbox 158 3150 1725 3226; baseline 0.005 -25"><span class='ocrx_word' id='word_1_356' title='bbox 158 3165 321 3203; x_wconf 88' lang='grc' dir='ltr'>σαντο</span> <span class='ocrx_word' id='word_1_357' title='bbox 353 3152 479 3221; x_wconf 61' lang='grc' dir='ltr'><strong>περί¹</strong></span> <span class='ocrx_word' id='word_1_358' title='bbox 509 3150 576 3205; x_wconf 90' lang='grc' dir='ltr'><strong>τά</strong></span> <span class='ocrx_word' id='word_1_359' title='bbox 612 3151 755 3205; x_wconf 85' lang='grc' dir='ltr'>άνω·</span> <span class='ocrx_word' id='word_1_360' title='bbox 795 3153 928 3225; x_wconf 79' lang='grc' dir='ltr'>μηδὲ</span> <span class='ocrx_word' id='word_1_361' title='bbox 962 3153 1350 3218; x_wconf 80' lang='grc' dir='ltr'>καταλαϐόντες</span> <span class='ocrx_word' id='word_1_362' title='bbox 1376 3155 1496 3210; x_wconf 91' lang='grc' dir='ltr'>τίνα</span> <span class='ocrx_word' id='word_1_363' title='bbox 1526 3156 1725 3226; x_wconf 84' lang='grc' dir='ltr'>τρόπον</span> 
     </span>
    </p>
   </div>
   <div class='ocr_carea' id='block_1_51' title="bbox 156 3238 1730 3317">
    <p class='ocr_par' dir='ltr' id='par_1_51' title="bbox 156 3238 1730 3317">
     <span class='ocr_line' id='line_1_51' title="bbox 156 3238 1730 3317; baseline 0.003 -25"><span class='ocrx_word' id='word_1_364' title='bbox 156 3238 423 3294; x_wconf 82' lang='grc' dir='ltr'>διάκειται</span> <span class='ocrx_word' id='word_1_365' title='bbox 450 3241 517 3296; x_wconf 81' lang='grc' dir='ltr'>τὰ</span> <span class='ocrx_word' id='word_1_366' title='bbox 543 3240 812 3314; x_wconf 82' lang='grc' dir='ltr'>ὁρώμενα,</span> <span class='ocrx_word' id='word_1_367' title='bbox 842 3245 1284 3317; x_wconf 73' lang='grc' dir='ltr'>ἐσυκοφάντησαν</span> <span class='ocrx_word' id='word_1_368' title='bbox 1316 3244 1376 3297; x_wconf 83' lang='grc' dir='ltr'><strong>τὸ</strong></span> <span class='ocrx_word' id='word_1_369' title='bbox 1417 3243 1491 3317; x_wconf 84' lang='grc' dir='ltr'>μὴ</span> <span class='ocrx_word' id='word_1_370' title='bbox 1519 3243 1730 3316; x_wconf 85' lang='grc' dir='ltr'>ὁρώμε-</span> 
     </span>
    </p>
   </div>
   <div class='ocr_carea' id='block_1_52' title="bbox 157 3324 1726 3407">
    <p class='ocr_par' dir='ltr' id='par_1_52' title="bbox 157 3324 1726 3407">
     <span class='ocr_line' id='line_1_52' title="bbox 157 3324 1726 3407; baseline 0.004 -23"><span class='ocrx_word' id='word_1_371' title='bbox 157 3347 284 3384; x_wconf 89' lang='grc' dir='ltr'>νον·</span> <span class='ocrx_word' id='word_1_372' title='bbox 334 3333 428 3386; x_wconf 74' lang='grc' dir='ltr'>καὶ</span> <span class='ocrx_word' id='word_1_373' title='bbox 473 3324 674 3402; x_wconf 79' lang='grc' dir='ltr'>γνῶναι</span> <span class='ocrx_word' id='word_1_374' title='bbox 721 3335 1120 3401; x_wconf 83' lang='grc' dir='ltr'>σπουδάσαντες</span> <span class='ocrx_word' id='word_1_375' title='bbox 1167 3335 1254 3392; x_wconf 83' lang='grc' dir='ltr'>διὰ</span> <span class='ocrx_word' id='word_1_376' title='bbox 1293 3336 1354 3389; x_wconf 84' lang='grc' dir='ltr'>τὸ</span> <span class='ocrx_word' id='word_1_377' title='bbox 1400 3336 1475 3407; x_wconf 85' lang='grc' dir='ltr'>μὴ</span> <span class='ocrx_word' id='word_1_378' title='bbox 1506 3335 1726 3404; x_wconf 82' lang='grc' dir='ltr'>γνῶναι,</span> 
     </span>
    </p>
   </div>
   <div class='ocr_carea' id='block_1_53' title="bbox 157 3423 1730 3499">
    <p class='ocr_par' dir='ltr' id='par_1_53' title="bbox 157 3423 1730 3499">
     <span class='ocr_line' id='line_1_53' title="bbox 157 3423 1730 3499; baseline 0.003 -22"><span class='ocrx_word' id='word_1_379' title='bbox 157 3423 353 3497; x_wconf 83' lang='grc' dir='ltr'>ἀγνοίᾳ</span> <span class='ocrx_word' id='word_1_380' title='bbox 387 3423 589 3496; x_wconf 81' lang='grc' dir='ltr'>μείζονι</span> <span class='ocrx_word' id='word_1_381' title='bbox 626 3427 951 3498; x_wconf 84' lang='grc' dir='ltr'>περιέπεσον</span> <span class='ocrx_word' id='word_1_382' title='bbox 976 3444 991 3458; x_wconf 80' lang='grc' dir='ltr'><strong>ο</strong></span> <span class='ocrx_word' id='word_1_383' title='bbox 1035 3427 1110 3492; x_wconf 84' lang='grc' dir='ltr'>ὡς</span> <span class='ocrx_word' id='word_1_384' title='bbox 1150 3426 1259 3498; x_wconf 82' lang='grc' dir='ltr'><strong>γὰρ</strong></span> <span class='ocrx_word' id='word_1_385' title='bbox 1301 3428 1358 3479; x_wconf 79' lang='grc' dir='ltr'><strong>ἐν</strong></span> <span class='ocrx_word' id='word_1_386' title='bbox 1410 3427 1588 3480; x_wconf 84' lang='grc' dir='ltr'>σκότει</span> <span class='ocrx_word' id='word_1_387' title='bbox 1629 3427 1730 3499; x_wconf 80' lang='grc' dir='ltr'><strong>τὴν</strong></span> 
     </span>
    </p>
   </div>
   <div class='ocr_carea' id='block_1_54' title="bbox 158 3517 1730 3591">
    <p class='ocr_par' dir='ltr' id='par_1_54' title="bbox 158 3517 1730 3591">
     <span class='ocr_line' id='line_1_54' title="bbox 158 3517 1730 3591; baseline 0.002 -21"><span class='ocrx_word' id='word_1_388' title='bbox 158 3517 430 3588; x_wconf 75' lang='grc' dir='ltr'>περὶτῶν</span> <span class='ocrx_word' id='word_1_389' title='bbox 480 3519 815 3590; x_wconf 82' lang='grc' dir='ltr'>φαινομένων</span> <span class='ocrx_word' id='word_1_390' title='bbox 872 3519 1074 3575; x_wconf 78' lang='grc' dir='ltr'>ἔννοιαν</span> <span class='ocrx_word' id='word_1_391' title='bbox 1119 3517 1423 3591; x_wconf 82' lang='grc' dir='ltr'>ζητοῦντες,</span> <span class='ocrx_word' id='word_1_392' title='bbox 1468 3520 1528 3573; x_wconf 82' lang='grc' dir='ltr'><strong>οὐ</strong></span> <span class='ocrx_word' id='word_1_393' title='bbox 1572 3520 1730 3591; x_wconf 90' lang='grc' dir='ltr'>μόνον</span> 
     </span>
    </p>
   </div>
   <div class='ocr_carea' id='block_1_55' title="bbox 156 3601 1728 3683">
    <p class='ocr_par' dir='ltr' id='par_1_55' title="bbox 156 3601 1728 3683">
     <span class='ocr_line' id='line_1_55' title="bbox 156 3601 1728 3683; baseline 0.001 -21"><span class='ocrx_word' id='word_1_394' title='bbox 156 3609 258 3678; x_wconf 77' lang='grc' dir='ltr'><strong>οὐχ</strong></span> <span class='ocrx_word' id='word_1_395' title='bbox 288 3601 463 3680; x_wconf 74' lang='grc' dir='ltr'>εὗρον,</span> <span class='ocrx_word' id='word_1_396' title='bbox 492 3610 520 3663; x_wconf 87' lang='grc' dir='ltr'><strong>ὃ</strong></span> <span class='ocrx_word' id='word_1_397' title='bbox 541 3609 721 3681; x_wconf 77' lang='grc' dir='ltr'>ζητεῖν</span> <span class='ocrx_word' id='word_1_398' title='bbox 747 3610 981 3677; x_wconf 87' lang='grc' dir='ltr'>ἐδόκουν,</span> <span class='ocrx_word' id='word_1_399' title='bbox 1013 3610 1147 3666; x_wconf 81' lang='grc' dir='ltr'><strong>ἀλλά</strong></span> <span class='ocrx_word' id='word_1_400' title='bbox 1180 3610 1274 3665; x_wconf 71' lang='grc' dir='ltr'>καὶ</span> <span class='ocrx_word' id='word_1_401' title='bbox 1311 3610 1489 3683; x_wconf 72' lang='grc' dir='ltr'>μεῖζον</span> <span class='ocrx_word' id='word_1_402' title='bbox 1522 3613 1728 3676; x_wconf 75' lang='grc' dir='ltr'>ἑαυτοῖς</span> 
     </span>
    </p>
   </div>
   <div class='ocr_carea' id='block_1_56' title="bbox 157 3699 1729 3776">
    <p class='ocr_par' dir='ltr' id='par_1_56' title="bbox 157 3699 1729 3776">
     <span class='ocr_line' id='line_1_56' title="bbox 157 3699 1729 3776; baseline 0.003 -23"><span class='ocrx_word' id='word_1_403' title='bbox 157 3699 220 3753; x_wconf 83' lang='grc' dir='ltr'><strong>τὸ</strong></span> <span class='ocrx_word' id='word_1_404' title='bbox 255 3699 440 3765; x_wconf 85' lang='grc' dir='ltr'>σκότος</span> <span class='ocrx_word' id='word_1_405' title='bbox 462 3701 561 3773; x_wconf 84' lang='grc' dir='ltr'><strong>τῆς</strong></span> <span class='ocrx_word' id='word_1_406' title='bbox 589 3702 807 3771; x_wconf 86' lang='grc' dir='ltr'>ἀγνοίας</span> <span class='ocrx_word' id='word_1_407' title='bbox 835 3705 1213 3776; x_wconf 85' lang='grc' dir='ltr'>πεποιήκασιν.</span> <span class='ocrx_word' id='word_1_408' title='bbox 1244 3705 1433 3775; x_wconf 81' lang='grc' dir='ltr'>Ἡμεῖς</span> <span class='ocrx_word' id='word_1_409' title='bbox 1468 3704 1543 3771; x_wconf 86' lang='grc' dir='ltr'><strong>δὲ,</strong></span> <span class='ocrx_word' id='word_1_410' title='bbox 1580 3703 1729 3776; x_wconf 84' lang='grc' dir='ltr'>πρῶ-</span> 
     </span>
    </p>
   </div>
   <div class='ocr_carea' id='block_1_57' title="bbox 156 3792 1729 3867">
    <p class='ocr_par' dir='ltr' id='par_1_57' title="bbox 156 3792 1729 3867">
     <span class='ocr_line' id='line_1_57' title="bbox 156 3792 1729 3867; baseline 0.004 -25"><span class='ocrx_word' id='word_1_411' title='bbox 156 3807 252 3844; x_wconf 87' lang='grc' dir='ltr'><strong>τον</strong></span> <span class='ocrx_word' id='word_1_412' title='bbox 299 3792 426 3863; x_wconf 78' lang='grc' dir='ltr'>περὶ</span> <span class='ocrx_word' id='word_1_413' title='bbox 450 3792 557 3845; x_wconf 83' lang='grc' dir='ltr'><strong>τῶν</strong></span> <span class='ocrx_word' id='word_1_414' title='bbox 607 3792 698 3849; x_wconf 89' lang='grc' dir='ltr'><strong>δύο</strong></span> <span class='ocrx_word' id='word_1_415' title='bbox 747 3793 1000 3848; x_wconf 85' lang='grc' dir='ltr'>ἐναντίων</span> <span class='ocrx_word' id='word_1_416' title='bbox 1053 3795 1234 3867; x_wconf 82' lang='grc' dir='ltr'>ἀρχῶν</span> <span class='ocrx_word' id='word_1_417' title='bbox 1275 3795 1341 3858; x_wconf 75' lang='grc' dir='ltr'>ἃς</span> <span class='ocrx_word' id='word_1_418' title='bbox 1390 3796 1729 3851; x_wconf 84' lang='grc' dir='ltr'>ὑποτίθενται</span> 
     </span>
    </p>
   </div>
   <div class='ocr_carea' id='block_1_58' title="bbox 157 3882 1730 3959">
    <p class='ocr_par' dir='ltr' id='par_1_58' title="bbox 157 3882 1730 3959">
     <span class='ocr_line' id='line_1_58' title="bbox 157 3882 1730 3959; baseline 0.003 -23"><span class='ocrx_word' id='word_1_419' title='bbox 157 3882 520 3948; x_wconf 72' lang='grc' dir='ltr'>διαλαϐόντες,</span> <span class='ocrx_word' id='word_1_420' title='bbox 552 3884 722 3948; x_wconf 70' lang='grc' dir='ltr'>οὕτως</span> <span class='ocrx_word' id='word_1_421' title='bbox 749 3885 951 3956; x_wconf 75' lang='grc' dir='ltr'>ἥξομεν</span> <span class='ocrx_word' id='word_1_422' title='bbox 991 3888 1125 3957; x_wconf 82' lang='grc' dir='ltr'>πρὸς</span> <span class='ocrx_word' id='word_1_423' title='bbox 1165 3888 1263 3959; x_wconf 83' lang='grc' dir='ltr'>τὴν</span> <span class='ocrx_word' id='word_1_424' title='bbox 1292 3887 1428 3959; x_wconf 84' lang='grc' dir='ltr'>ὑπὲρ</span> <span class='ocrx_word' id='word_1_425' title='bbox 1461 3887 1565 3940; x_wconf 80' lang='grc' dir='ltr'>τῶν</span> <span class='ocrx_word' id='word_1_426' title='bbox 1596 3887 1730 3940; x_wconf 80' lang='grc' dir='ltr'>ὅλων</span> 
     </span>
    </p>
   </div>
   <div class='ocr_carea' id='block_1_59' title="bbox 160 3972 1721 4045">
    <p class='ocr_par' dir='ltr' id='par_1_59' title="bbox 160 3972 1721 4045">
     <span class='ocr_line' id='line_1_59' title="bbox 160 3972 1721 4045; baseline -0.002 -15"><span class='ocrx_word' id='word_1_427' title='bbox 160 3972 448 4039; x_wconf 80' lang='grc' dir='ltr'>ἀπόδειξιν,</span> <span class='ocrx_word' id='word_1_428' title='bbox 478 3974 554 4039; x_wconf 84' lang='grc' dir='ltr'><strong>ὡς</strong></span> <span class='ocrx_word' id='word_1_429' title='bbox 573 3973 750 4027; x_wconf 85' lang='grc' dir='ltr'>καλῶν</span> <span class='ocrx_word' id='word_1_430' title='bbox 776 3976 869 4028; x_wconf 76' lang='grc' dir='ltr'><strong>καὶ</strong></span> <span class='ocrx_word' id='word_1_431' title='bbox 909 3976 1217 4045; x_wconf 85' lang='grc' dir='ltr'>ἀναγκαίων</span> <span class='ocrx_word' id='word_1_432' title='bbox 1242 3976 1408 4029; x_wconf 80' lang='grc' dir='ltr'>ὄντων</span> <span class='ocrx_word' id='word_1_433' title='bbox 1448 3975 1721 4040; x_wconf 82' lang='grc' dir='ltr'>ἁπάντων,</span> 
     </span>
    </p>
   </div>
   <div class='ocr_carea' id='block_1_60' title="bbox 161 4063 1726 4139">
    <p class='ocr_par' dir='ltr' id='par_1_60' title="bbox 161 4063 1726 4139">
     <span class='ocr_line' id='line_1_60' title="bbox 161 4063 1726 4139; baseline 0.001 -18"><span class='ocrx_word' id='word_1_434' title='bbox 161 4067 257 4121; x_wconf 77' lang='grc' dir='ltr'><strong>καὶ</strong></span> <span class='ocrx_word' id='word_1_435' title='bbox 280 4066 518 4133; x_wconf 79' lang='grc' dir='ltr'>ἐκείνων,</span> <span class='ocrx_word' id='word_1_436' title='bbox 536 4067 610 4130; x_wconf 85' lang='grc' dir='ltr'><strong>ὡς</strong></span> <span class='ocrx_word' id='word_1_437' title='bbox 642 4066 927 4139; x_wconf 81' lang='grc' dir='ltr'>προλαϐὼν</span> <span class='ocrx_word' id='word_1_438' title='bbox 957 4068 1111 4139; x_wconf 69' lang='grc' dir='ltr'>ἔφην,</span> <span class='ocrx_word' id='word_1_439' title='bbox 1140 4069 1371 4139; x_wconf 83' lang='grc' dir='ltr'>μάλιστα</span> <span class='ocrx_word' id='word_1_440' title='bbox 1394 4068 1515 4122; x_wconf 83' lang='grc' dir='ltr'>καθ’</span> <span class='ocrx_word' id='word_1_441' title='bbox 1547 4063 1726 4139; x_wconf 82' lang='grc' dir='ltr'>ὧνπερ</span> 
     </span>
    </p>
   </div>
   <div class='ocr_carea' id='block_1_61' title="bbox 160 4155 1729 4234">
    <p class='ocr_par' dir='ltr' id='par_1_61' title="bbox 160 4155 1729 4234">
     <span class='ocr_line' id='line_1_61' title="bbox 160 4155 1729 4234; baseline 0.004 -26"><span class='ocrx_word' id='word_1_442' title='bbox 160 4155 418 4227; x_wconf 83' lang='grc' dir='ltr'>πλείστην</span> <span class='ocrx_word' id='word_1_443' title='bbox 459 4158 800 4231; x_wconf 80' lang='grc' dir='ltr'>καταδρομὴν</span> <span class='ocrx_word' id='word_1_444' title='bbox 834 4160 1131 4224; x_wconf 88' lang='grc' dir='ltr'>ποιοῦνται,</span> <span class='ocrx_word' id='word_1_445' title='bbox 1173 4163 1247 4226; x_wconf 87' lang='grc' dir='ltr'><strong>ὡς</strong></span> <span class='ocrx_word' id='word_1_446' title='bbox 1289 4161 1729 4234; x_wconf 84' lang='grc' dir='ltr'>ὁμολογουμένων</span> 
     </span>
    </p>
   </div>
   <div class='ocr_carea' id='block_1_62' title="bbox 162 4248 1729 4325">
    <p class='ocr_par' dir='ltr' id='par_1_62' title="bbox 162 4248 1729 4325">
     <span class='ocr_line' id='line_1_62' title="bbox 162 4248 1729 4325; baseline 0.003 -25"><span class='ocrx_word' id='word_1_447' title='bbox 162 4248 375 4302; x_wconf 77' lang='grc' dir='ltr'>κακῶν·</span> <span class='ocrx_word' id='word_1_448' title='bbox 413 4248 579 4303; x_wconf 75' lang='grc' dir='ltr'>ἔτιδὲ</span> <span class='ocrx_word' id='word_1_449' title='bbox 628 4253 721 4304; x_wconf 73' lang='grc' dir='ltr'><strong>καὶ</strong></span> <span class='ocrx_word' id='word_1_450' title='bbox 767 4252 867 4322; x_wconf 82' lang='grc' dir='ltr'>τῆς</span> <span class='ocrx_word' id='word_1_451' title='bbox 921 4252 1028 4305; x_wconf 84' lang='grc' dir='ltr'>τῶν</span> <span class='ocrx_word' id='word_1_452' title='bbox 1077 4253 1211 4307; x_wconf 82' lang='grc' dir='ltr'>ὅλων</span> <span class='ocrx_word' id='word_1_453' title='bbox 1251 4253 1585 4325; x_wconf 85' lang='grc' dir='ltr'>διοικήσεως,</span> <span class='ocrx_word' id='word_1_454' title='bbox 1636 4252 1729 4306; x_wconf 79' lang='grc' dir='ltr'><strong>καὶ</strong></span> 
     </span>
    </p>
   </div>
   <div class='ocr_carea' id='block_1_63' title="bbox 161 4336 1725 4417">
    <p class='ocr_par' dir='ltr' id='par_1_63' title="bbox 161 4336 1725 4417">
     <span class='ocr_line' id='line_1_63' title="bbox 161 4336 1725 4417; baseline 0 -20"><span class='ocrx_word' id='word_1_455' title='bbox 161 4341 229 4397; x_wconf 78' lang='grc' dir='ltr'>δι’</span> <span class='ocrx_word' id='word_1_456' title='bbox 268 4336 341 4396; x_wconf 83' lang='grc' dir='ltr'>ὧν</span> <span class='ocrx_word' id='word_1_457' title='bbox 391 4343 614 4414; x_wconf 85' lang='grc' dir='ltr'>πικρίαν</span> <span class='ocrx_word' id='word_1_458' title='bbox 661 4344 827 4417; x_wconf 82' lang='grc' dir='ltr'>αὐτῆς</span> <span class='ocrx_word' id='word_1_459' title='bbox 866 4344 1192 4415; x_wconf 78' lang='grc' dir='ltr'>ἀγνωμόνως</span> <span class='ocrx_word' id='word_1_460' title='bbox 1242 4342 1725 4417; x_wconf 78' lang='grc' dir='ltr'>καταψηφίζονται,</span> 
     </span>
    </p>
   </div>
   <div class='ocr_carea' id='block_1_64' title="bbox 1899 2052 3386 2128">
    <p class='ocr_par' dir='ltr' id='par_1_64' title="bbox 1899 2052 3386 2128">
     <span class='ocr_line' id='line_1_64' title="bbox 1899 2052 3386 2128; baseline -0.003 -16"><span class='ocrx_word' id='word_1_461' title='bbox 1899 2058 2126 2114; x_wconf 89' lang='lat' dir='ltr'><strong>Dabitur</strong></span> <span class='ocrx_word' id='word_1_462' title='bbox 2159 2073 2287 2114; x_wconf 90' lang='lat' dir='ltr'><strong>vero</strong></span> <span class='ocrx_word' id='word_1_463' title='bbox 2314 2071 2497 2128; x_wconf 86' lang='lat' dir='ltr'><strong>opera.</strong></span> <span class='ocrx_word' id='word_1_464' title='bbox 2536 2064 2593 2111; x_wconf 92' lang='lat' dir='ltr'><strong>ut</strong></span> <span class='ocrx_word' id='word_1_465' title='bbox 2628 2054 2766 2111; x_wconf 87' lang='lat' dir='ltr'><strong>nihil</strong></span> <span class='ocrx_word' id='word_1_466' title='bbox 2803 2063 2914 2110; x_wconf 86' lang='lat' dir='ltr'><strong>tam</strong></span> <span class='ocrx_word' id='word_1_467' title='bbox 2941 2069 3130 2110; x_wconf 90' lang='lat' dir='ltr'><strong>eorum</strong></span> <span class='ocrx_word' id='word_1_468' title='bbox 3154 2067 3273 2124; x_wconf 62' lang='lat' dir='ltr'><strong>quae</strong></span> <span class='ocrx_word' id='word_1_469' title='bbox 3301 2052 3386 2108; x_wconf 90' lang='lat' dir='ltr'><strong>di-</strong></span> 
     </span>
    </p>
   </div>
   <div class='ocr_carea' id='block_1_65' title="bbox 1829 2146 3387 2223">
    <p class='ocr_par' dir='ltr' id='par_1_65' title="bbox 1829 2146 3387 2223">
     <span class='ocr_line' id='line_1_65' title="bbox 1829 2146 3387 2223; baseline -0.008 -15"><span class='ocrx_word' id='word_1_470' title='bbox 1829 2160 1936 2220; x_wconf 90' lang='lat' dir='ltr'><strong>cta,</strong></span> <span class='ocrx_word' id='word_1_471' title='bbox 1975 2167 2138 2223; x_wconf 90' lang='lat' dir='ltr'><strong>quam</strong></span> <span class='ocrx_word' id='word_1_472' title='bbox 2176 2165 2296 2222; x_wconf 72' lang='lat' dir='ltr'><strong>quae</strong></span> <span class='ocrx_word' id='word_1_473' title='bbox 2328 2149 2559 2205; x_wconf 88' lang='lat' dir='ltr'><strong>dicenda</strong></span> <span class='ocrx_word' id='word_1_474' title='bbox 2615 2156 2785 2210; x_wconf 77' lang='lat' dir='ltr'><strong>sunt,</strong></span> <span class='ocrx_word' id='word_1_475' title='bbox 2827 2146 3124 2216; x_wconf 84' lang='lat' dir='ltr'><strong>disputatio</strong></span> <span class='ocrx_word' id='word_1_476' title='bbox 3156 2160 3265 2199; x_wconf 89' lang='lat' dir='ltr'><strong>non</strong></span> <span class='ocrx_word' id='word_1_477' title='bbox 3300 2158 3387 2197; x_wconf 87' lang='lat' dir='ltr'><strong>ra-</strong></span> 
     </span>
    </p>
   </div>
   <div class='ocr_carea' id='block_1_66' title="bbox 1830 2232 3380 2308">
    <p class='ocr_par' dir='ltr' id='par_1_66' title="bbox 1830 2232 3380 2308">
     <span class='ocr_line' id='line_1_66' title="bbox 1830 2232 3380 2308; baseline -0.007 -11"><span class='ocrx_word' id='word_1_478' title='bbox 1830 2243 1978 2298; x_wconf 89' lang='lat' dir='ltr'><strong>tione</strong></span> <span class='ocrx_word' id='word_1_479' title='bbox 2023 2242 2341 2296; x_wconf 85' lang='lat' dir='ltr'><strong>conclusum</strong></span> <span class='ocrx_word' id='word_1_480' title='bbox 2393 2239 2701 2308; x_wconf 86' lang='lat' dir='ltr'><strong>relinquat:</strong></span> <span class='ocrx_word' id='word_1_481' title='bbox 2736 2235 2949 2306; x_wconf 85' lang='lat' dir='ltr'><strong>ﬁngunt</strong></span> <span class='ocrx_word' id='word_1_482' title='bbox 2983 2236 3127 2289; x_wconf 88' lang='lat' dir='ltr'><strong>enim</strong></span> <span class='ocrx_word' id='word_1_483' title='bbox 3173 2232 3380 2304; x_wconf 84' lang='lat' dir='ltr'><strong>cogita-</strong></span> 
     </span>
    </p>
   </div>
   <div class='ocr_carea' id='block_1_67' title="bbox 1827 2324 3387 2389">
    <p class='ocr_par' dir='ltr' id='par_1_67' title="bbox 1827 2324 3387 2389">
     <span class='ocr_line' id='line_1_67' title="bbox 1827 2324 3387 2389; baseline -0.006 -3"><span class='ocrx_word' id='word_1_484' title='bbox 1827 2334 1973 2389; x_wconf 87' lang='lat' dir='ltr'><strong>tione</strong></span> <span class='ocrx_word' id='word_1_485' title='bbox 2021 2332 2251 2388; x_wconf 89' lang='lat' dir='ltr'><strong>duarum</strong></span> <span class='ocrx_word' id='word_1_486' title='bbox 2298 2340 2616 2384; x_wconf 85' lang='lat' dir='ltr'><strong>naturarum</strong></span> <span class='ocrx_word' id='word_1_487' title='bbox 2649 2328 3046 2383; x_wconf 90' lang='lat' dir='ltr'><strong>contrariarum</strong></span> <span class='ocrx_word' id='word_1_488' title='bbox 3103 2324 3387 2379; x_wconf 90' lang='lat' dir='ltr'><strong>admistio-</strong></span> 
     </span>
    </p>
   </div>
   <div class='ocr_carea' id='block_1_68' title="bbox 1828 2416 3382 2491">
    <p class='ocr_par' dir='ltr' id='par_1_68' title="bbox 1828 2416 3382 2491">
     <span class='ocr_line' id='line_1_68' title="bbox 1828 2416 3382 2491; baseline -0.006 -11"><span class='ocrx_word' id='word_1_489' title='bbox 1828 2440 1974 2491; x_wconf 89' lang='lat' dir='ltr'><strong>nem,</strong></span> <span class='ocrx_word' id='word_1_490' title='bbox 1997 2432 2051 2481; x_wconf 90' lang='lat' dir='ltr'><strong>et</strong></span> <span class='ocrx_word' id='word_1_491' title='bbox 2073 2423 2179 2488; x_wconf 91' lang='lat' dir='ltr'><strong>his,</strong></span> <span class='ocrx_word' id='word_1_492' title='bbox 2210 2429 2269 2478; x_wconf 93' lang='lat' dir='ltr'><strong>ut</strong></span> <span class='ocrx_word' id='word_1_493' title='bbox 2295 2422 2375 2478; x_wconf 89' lang='lat' dir='ltr'><strong>eis</strong></span> <span class='ocrx_word' id='word_1_494' title='bbox 2405 2424 2637 2491; x_wconf 83' lang='lat' dir='ltr'><strong>videtur,</strong></span> <span class='ocrx_word' id='word_1_495' title='bbox 2669 2438 2758 2478; x_wconf 88' lang='lat' dir='ltr'><strong>res</strong></span> <span class='ocrx_word' id='word_1_496' title='bbox 2806 2434 2994 2476; x_wconf 90' lang='lat' dir='ltr'><strong>omnes</strong></span> <span class='ocrx_word' id='word_1_497' title='bbox 3027 2416 3382 2473; x_wconf 86' lang='lat' dir='ltr'><strong>distribuunt.</strong></span> 
     </span>
    </p>
   </div>
   <div class='ocr_carea' id='block_1_69' title="bbox 1827 2508 3385 2587">
    <p class='ocr_par' dir='ltr' id='par_1_69' title="bbox 1827 2508 3385 2587">
     <span class='ocr_line' id='line_1_69' title="bbox 1827 2508 3385 2587; baseline -0.007 -14"><span class='ocrx_word' id='word_1_498' title='bbox 1827 2516 2129 2583; x_wconf 89' lang='lat' dir='ltr'><strong>Undenam,</strong></span> <span class='ocrx_word' id='word_1_499' title='bbox 2153 2516 2425 2587; x_wconf 91' lang='lat' dir='ltr'><strong>inquiunt,</strong></span> <span class='ocrx_word' id='word_1_500' title='bbox 2462 2515 2638 2579; x_wconf 90' lang='lat' dir='ltr'><strong>mala,</strong></span> <span class='ocrx_word' id='word_1_501' title='bbox 2685 2515 2729 2569; x_wconf 93' lang='lat' dir='ltr'><strong>si</strong></span> <span class='ocrx_word' id='word_1_502' title='bbox 2777 2514 2891 2568; x_wconf 78' lang='lat' dir='ltr'><strong>haec</strong></span> <span class='ocrx_word' id='word_1_503' title='bbox 2943 2526 3049 2566; x_wconf 92' lang='lat' dir='ltr'><strong>non</strong></span> <span class='ocrx_word' id='word_1_504' title='bbox 3098 2524 3164 2564; x_wconf 82' lang='lat' dir='ltr'><strong>ex</strong></span> <span class='ocrx_word' id='word_1_505' title='bbox 3206 2508 3385 2578; x_wconf 89' lang='lat' dir='ltr'><strong>aliquo</strong></span> 
     </span>
    </p>
   </div>
   <div class='ocr_carea' id='block_1_70' title="bbox 1827 2600 3387 2680">
    <p class='ocr_par' dir='ltr' id='par_1_70' title="bbox 1827 2600 3387 2680">
     <span class='ocr_line' id='line_1_70' title="bbox 1827 2600 3387 2680; baseline -0.007 -17"><span class='ocrx_word' id='word_1_506' title='bbox 1827 2608 2094 2680; x_wconf 88' lang='lat' dir='ltr'><strong>principio</strong></span> <span class='ocrx_word' id='word_1_507' title='bbox 2123 2608 2282 2665; x_wconf 89' lang='lat' dir='ltr'><strong>sunt?</strong></span> <span class='ocrx_word' id='word_1_508' title='bbox 2339 2606 2395 2661; x_wconf 91' lang='lat' dir='ltr'><strong>Si</strong></span> <span class='ocrx_word' id='word_1_509' title='bbox 2439 2607 2562 2677; x_wconf 89' lang='lat' dir='ltr'><strong>quis</strong></span> <span class='ocrx_word' id='word_1_510' title='bbox 2597 2620 2726 2660; x_wconf 87' lang='lat' dir='ltr'><strong>vero</strong></span> <span class='ocrx_word' id='word_1_511' title='bbox 2771 2610 3152 2673; x_wconf 88' lang='lat' dir='ltr'><strong>percontetur,</strong></span> <span class='ocrx_word' id='word_1_512' title='bbox 3204 2600 3387 2670; x_wconf 79' lang='lat' dir='ltr'><strong>qualia</strong></span> 
     </span>
    </p>
   </div>
   <div class='ocr_carea' id='block_1_71' title="bbox 1828 2691 3386 2771">
    <p class='ocr_par' dir='ltr' id='par_1_71' title="bbox 1828 2691 3386 2771">
     <span class='ocr_line' id='line_1_71' title="bbox 1828 2691 3386 2771; baseline -0.008 -16"><span class='ocrx_word' id='word_1_513' title='bbox 1828 2707 2051 2771; x_wconf 87' lang='lat' dir='ltr'><strong>peccata</strong></span> <span class='ocrx_word' id='word_1_514' title='bbox 2081 2700 2134 2754; x_wconf 90' lang='lat' dir='ltr'><strong>in</strong></span> <span class='ocrx_word' id='word_1_515' title='bbox 2184 2699 2433 2755; x_wconf 88' lang='lat' dir='ltr'><strong>homines</strong></span> <span class='ocrx_word' id='word_1_516' title='bbox 2478 2695 2781 2751; x_wconf 82' lang='lat' dir='ltr'><strong>confertis?</strong></span> <span class='ocrx_word' id='word_1_517' title='bbox 2824 2694 3169 2763; x_wconf 84' lang='lat' dir='ltr'><strong>Quaecunque</strong></span> <span class='ocrx_word' id='word_1_518' title='bbox 3217 2691 3386 2746; x_wconf 83' lang='lat' dir='ltr'><strong>fabri-</strong></span> 
     </span>
    </p>
   </div>
   <div class='ocr_carea' id='block_1_72' title="bbox 1828 2782 3388 2858">
    <p class='ocr_par' dir='ltr' id='par_1_72' title="bbox 1828 2782 3388 2858">
     <span class='ocr_line' id='line_1_72' title="bbox 1828 2782 3388 2858; baseline -0.006 -13"><span class='ocrx_word' id='word_1_519' title='bbox 1828 2799 1982 2847; x_wconf 89' lang='lat' dir='ltr'><strong>catus</strong></span> <span class='ocrx_word' id='word_1_520' title='bbox 2009 2799 2092 2845; x_wconf 80' lang='lat' dir='ltr'><strong>est</strong></span> <span class='ocrx_word' id='word_1_521' title='bbox 2122 2790 2284 2852; x_wconf 83' lang='lat' dir='ltr'><strong>Deus,</strong></span> <span class='ocrx_word' id='word_1_522' title='bbox 2314 2799 2368 2843; x_wconf 89' lang='lat' dir='ltr'><strong>et</strong></span> <span class='ocrx_word' id='word_1_523' title='bbox 2411 2796 2575 2843; x_wconf 87' lang='lat' dir='ltr'><strong>totam</strong></span> <span class='ocrx_word' id='word_1_524' title='bbox 2607 2788 2781 2858; x_wconf 87' lang='lat' dir='ltr'><strong>ipsam</strong></span> <span class='ocrx_word' id='word_1_525' title='bbox 2810 2802 2991 2855; x_wconf 76' lang='lat' dir='ltr'><strong>rerum</strong></span> <span class='ocrx_word' id='word_1_526' title='bbox 3047 2782 3388 2854; x_wconf 86' lang='lat' dir='ltr'><strong>sapientissi-</strong></span> 
     </span>
    </p>
   </div>
   <div class='ocr_carea' id='block_1_73' title="bbox 1828 2875 3387 2953">
    <p class='ocr_par' dir='ltr' id='par_1_73' title="bbox 1828 2875 3387 2953">
     <span class='ocr_line' id='line_1_73' title="bbox 1828 2875 3387 2953; baseline -0.006 -15"><span class='ocrx_word' id='word_1_527' title='bbox 1828 2899 1974 2938; x_wconf 90' lang='lat' dir='ltr'><strong>mam</strong></span> <span class='ocrx_word' id='word_1_528' title='bbox 2034 2882 2485 2953; x_wconf 87' lang='lat' dir='ltr'><strong>compositionem</strong></span> <span class='ocrx_word' id='word_1_529' title='bbox 2546 2895 2610 2935; x_wconf 90' lang='lat' dir='ltr'><strong>ac</strong></span> <span class='ocrx_word' id='word_1_530' title='bbox 2672 2878 3115 2950; x_wconf 77' lang='lat' dir='ltr'><strong>gubernationem</strong></span> <span class='ocrx_word' id='word_1_531' title='bbox 3173 2875 3387 2943; x_wconf 83' lang='lat' dir='ltr'><strong>vitupe—</strong></span> 
     </span>
    </p>
   </div>
   <div class='ocr_carea' id='block_1_74' title="bbox 1825 2966 3390 3045">
    <p class='ocr_par' dir='ltr' id='par_1_74' title="bbox 1825 2966 3390 3045">
     <span class='ocr_line' id='line_1_74' title="bbox 1825 2966 3390 3045; baseline -0.008 -15"><span class='ocrx_word' id='word_1_532' title='bbox 1825 2983 1986 3031; x_wconf 90' lang='lat' dir='ltr'><strong>rant:</strong></span> <span class='ocrx_word' id='word_1_533' title='bbox 2025 2984 2082 3031; x_wconf 93' lang='lat' dir='ltr'><strong>ut</strong></span> <span class='ocrx_word' id='word_1_534' title='bbox 2123 2975 2234 3045; x_wconf 87' lang='lat' dir='ltr'><strong>jam</strong></span> <span class='ocrx_word' id='word_1_535' title='bbox 2296 2975 2343 3029; x_wconf 91' lang='lat' dir='ltr'><strong>si</strong></span> <span class='ocrx_word' id='word_1_536' title='bbox 2379 2973 2502 3043; x_wconf 89' lang='lat' dir='ltr'><strong>quis</strong></span> <span class='ocrx_word' id='word_1_537' title='bbox 2547 2971 2887 3026; x_wconf 86' lang='lat' dir='ltr'><strong>demonstret</strong></span> <span class='ocrx_word' id='word_1_538' title='bbox 2931 2969 3113 3024; x_wconf 87' lang='lat' dir='ltr'><strong>omnia</strong></span> <span class='ocrx_word' id='word_1_539' title='bbox 3166 2966 3304 3021; x_wconf 87' lang='lat' dir='ltr'><strong>bene</strong></span> <span class='ocrx_word' id='word_1_540' title='bbox 3335 2972 3390 3017; x_wconf 88' lang='lat' dir='ltr'><strong>ct</strong></span> 
     </span>
    </p>
   </div>
   <div class='ocr_carea' id='block_1_75' title="bbox 1828 3057 3389 3126">
    <p class='ocr_par' dir='ltr' id='par_1_75' title="bbox 1828 3057 3389 3126">
     <span class='ocr_line' id='line_1_75' title="bbox 1828 3057 3389 3126; baseline -0.008 -4"><span class='ocrx_word' id='word_1_541' title='bbox 1828 3069 2141 3125; x_wconf 72' lang='lat' dir='ltr'><strong>necessario</strong></span> <span class='ocrx_word' id='word_1_542' title='bbox 2172 3065 2313 3121; x_wconf 81' lang='lat' dir='ltr'><strong>facta</strong></span> <span class='ocrx_word' id='word_1_543' title='bbox 2338 3080 2461 3121; x_wconf 90' lang='lat' dir='ltr'><strong>esse</strong></span> <span class='ocrx_word' id='word_1_544' title='bbox 2491 3070 2544 3118; x_wconf 90' lang='lat' dir='ltr'><strong>et</strong></span> <span class='ocrx_word' id='word_1_545' title='bbox 2579 3063 2695 3117; x_wconf 84' lang='lat' dir='ltr'><strong>ﬁeri</strong></span> <span class='ocrx_word' id='word_1_546' title='bbox 2719 3103 2734 3126; x_wconf 92' lang='lat'><strong>,</strong></span> <span class='ocrx_word' id='word_1_547' title='bbox 2786 3075 3008 3117; x_wconf 88' lang='lat' dir='ltr'><strong>necesse</strong></span> <span class='ocrx_word' id='word_1_548' title='bbox 3054 3067 3137 3115; x_wconf 90' lang='lat' dir='ltr'><strong>est</strong></span> <span class='ocrx_word' id='word_1_549' title='bbox 3176 3057 3389 3113; x_wconf 82' lang='lat' dir='ltr'><strong>excidat</strong></span> 
     </span>
    </p>
   </div>
   <div class='ocr_carea' id='block_1_76' title="bbox 1827 3150 3389 3224">
    <p class='ocr_par' dir='ltr' id='par_1_76' title="bbox 1827 3150 3389 3224">
     <span class='ocr_line' id='line_1_76' title="bbox 1827 3150 3389 3224; baseline -0.01 -9"><span class='ocrx_word' id='word_1_550' title='bbox 1827 3162 1905 3215; x_wconf 91' lang='lat' dir='ltr'><strong>eis</strong></span> <span class='ocrx_word' id='word_1_551' title='bbox 1931 3168 1985 3214; x_wconf 91' lang='lat' dir='ltr'><strong>et</strong></span> <span class='ocrx_word' id='word_1_552' title='bbox 2006 3159 2182 3214; x_wconf 89' lang='lat' dir='ltr'><strong>avolet</strong></span> <span class='ocrx_word' id='word_1_553' title='bbox 2202 3157 2343 3212; x_wconf 87' lang='lat' dir='ltr'><strong>ratio</strong></span> <span class='ocrx_word' id='word_1_554' title='bbox 2375 3154 2635 3210; x_wconf 87' lang='lat' dir='ltr'><strong>contrarii</strong></span> <span class='ocrx_word' id='word_1_555' title='bbox 2681 3153 2958 3224; x_wconf 89' lang='lat' dir='ltr'><strong>principii.</strong></span> <span class='ocrx_word' id='word_1_556' title='bbox 2982 3152 3117 3207; x_wconf 85' lang='lat' dir='ltr'><strong>Cum</strong></span> <span class='ocrx_word' id='word_1_557' title='bbox 3148 3150 3291 3205; x_wconf 86' lang='lat' dir='ltr'><strong>enim</strong></span> <span class='ocrx_word' id='word_1_558' title='bbox 3327 3162 3389 3213; x_wconf 86' lang='lat' dir='ltr'><strong>ea</strong></span> 
     </span>
    </p>
   </div>
   <div class='ocr_carea' id='block_1_77' title="bbox 1826 3240 3391 3323">
    <p class='ocr_par' dir='ltr' id='par_1_77' title="bbox 1826 3240 3391 3323">
     <span class='ocr_line' id='line_1_77' title="bbox 1826 3240 3391 3323; baseline -0.01 -15"><span class='ocrx_word' id='word_1_559' title='bbox 1826 3267 1947 3323; x_wconf 65' lang='lat' dir='ltr'><strong>qum</strong></span> <span class='ocrx_word' id='word_1_560' title='bbox 1999 3250 2140 3305; x_wconf 77' lang='lat' dir='ltr'><strong>infra</strong></span> <span class='ocrx_word' id='word_1_561' title='bbox 2182 3258 2331 3311; x_wconf 87' lang='lat' dir='ltr'><strong>sunt,</strong></span> <span class='ocrx_word' id='word_1_562' title='bbox 2378 3262 2487 3302; x_wconf 90' lang='lat' dir='ltr'><strong>non</strong></span> <span class='ocrx_word' id='word_1_563' title='bbox 2524 3245 2941 3308; x_wconf 77' lang='lat' dir='ltr'><strong>intellexissent,</strong></span> <span class='ocrx_word' id='word_1_564' title='bbox 2969 3241 3241 3314; x_wconf 88' lang='lat' dir='ltr'><strong>quomodo</strong></span> <span class='ocrx_word' id='word_1_565' title='bbox 3294 3240 3391 3294; x_wconf 81' lang='lat' dir='ltr'><strong>ba-</strong></span> 
     </span>
    </p>
   </div>
   <div class='ocr_carea' id='block_1_78' title="bbox 1826 3336 3392 3414">
    <p class='ocr_par' dir='ltr' id='par_1_78' title="bbox 1826 3336 3392 3414">
     <span class='ocr_line' id='line_1_78' title="bbox 1826 3336 3392 3414; baseline -0.009 -13"><span class='ocrx_word' id='word_1_566' title='bbox 1826 3348 1992 3402; x_wconf 88' lang='lat' dir='ltr'><strong>beant</strong></span> <span class='ocrx_word' id='word_1_567' title='bbox 2017 3345 2084 3401; x_wconf 92' lang='lat' dir='ltr'><strong>de</strong></span> <span class='ocrx_word' id='word_1_568' title='bbox 2111 3344 2179 3398; x_wconf 89' lang='lat' dir='ltr'><strong>iis</strong></span> <span class='ocrx_word' id='word_1_569' title='bbox 2202 3357 2322 3414; x_wconf 61' lang='lat' dir='ltr'><strong>quia</strong></span> <span class='ocrx_word' id='word_1_570' title='bbox 2342 3348 2470 3398; x_wconf 88' lang='lat' dir='ltr'><strong>sunt</strong></span> <span class='ocrx_word' id='word_1_571' title='bbox 2499 3354 2684 3411; x_wconf 88' lang='lat' dir='ltr'><strong>supra,</strong></span> <span class='ocrx_word' id='word_1_572' title='bbox 2710 3347 2838 3394; x_wconf 91' lang='lat' dir='ltr'><strong>sunt</strong></span> <span class='ocrx_word' id='word_1_573' title='bbox 2868 3336 3184 3398; x_wconf 89' lang='lat' dir='ltr'><strong>commenti.</strong></span> <span class='ocrx_word' id='word_1_574' title='bbox 3214 3348 3392 3404; x_wconf 88' lang='lat' dir='ltr'><strong>neque</strong></span> 
     </span>
    </p>
   </div>
   <div class='ocr_carea' id='block_1_79' title="bbox 1828 3427 3391 3509">
    <p class='ocr_par' dir='ltr' id='par_1_79' title="bbox 1828 3427 3391 3509">
     <span class='ocr_line' id='line_1_79' title="bbox 1828 3427 3391 3509; baseline -0.009 -16"><span class='ocrx_word' id='word_1_575' title='bbox 1828 3436 2199 3509; x_wconf 88' lang='lat' dir='ltr'><strong>percepissent</strong></span> <span class='ocrx_word' id='word_1_576' title='bbox 2228 3434 2498 3505; x_wconf 90' lang='lat' dir='ltr'><strong>quomodo</strong></span> <span class='ocrx_word' id='word_1_577' title='bbox 2530 3450 2592 3489; x_wconf 90' lang='lat' dir='ltr'><strong>ea</strong></span> <span class='ocrx_word' id='word_1_578' title='bbox 2637 3448 2757 3504; x_wconf 63' lang='lat' dir='ltr'><strong>quae</strong></span> <span class='ocrx_word' id='word_1_579' title='bbox 2785 3430 3036 3485; x_wconf 87' lang='lat' dir='ltr'><strong>videntur</strong></span> <span class='ocrx_word' id='word_1_580' title='bbox 3058 3470 3073 3495; x_wconf 96' lang='lat'><strong>,</strong></span> <span class='ocrx_word' id='word_1_581' title='bbox 3127 3427 3391 3496; x_wconf 86' lang='lat' dir='ltr'><strong>disposita</strong></span> 
     </span>
    </p>
   </div>
   <div class='ocr_carea' id='block_1_80' title="bbox 1827 3522 3390 3598">
    <p class='ocr_par' dir='ltr' id='par_1_80' title="bbox 1827 3522 3390 3598">
     <span class='ocr_line' id='line_1_80' title="bbox 1827 3522 3390 3598; baseline -0.007 -16"><span class='ocrx_word' id='word_1_582' title='bbox 1827 3529 1958 3592; x_wconf 90' lang='lat' dir='ltr'><strong>sint,</strong></span> <span class='ocrx_word' id='word_1_583' title='bbox 1982 3528 2036 3582; x_wconf 91' lang='lat' dir='ltr'><strong>id</strong></span> <span class='ocrx_word' id='word_1_584' title='bbox 2067 3527 2211 3598; x_wconf 92' lang='lat' dir='ltr'><strong>quod</strong></span> <span class='ocrx_word' id='word_1_585' title='bbox 2241 3542 2351 3581; x_wconf 88' lang='lat' dir='ltr'><strong>non</strong></span> <span class='ocrx_word' id='word_1_586' title='bbox 2372 3526 2604 3590; x_wconf 89' lang='lat' dir='ltr'><strong>videtur,</strong></span> <span class='ocrx_word' id='word_1_587' title='bbox 2633 3522 2950 3580; x_wconf 90' lang='lat' dir='ltr'><strong>calumniati</strong></span> <span class='ocrx_word' id='word_1_588' title='bbox 2982 3526 3149 3586; x_wconf 89' lang='lat' dir='ltr'><strong>sunt;</strong></span> <span class='ocrx_word' id='word_1_589' title='bbox 3184 3526 3390 3575; x_wconf 78' lang='lat' dir='ltr'><strong>etcum</strong></span> 
     </span>
    </p>
   </div>
   <div class='ocr_carea' id='block_1_81' title="bbox 1828 3609 3394 3686">
    <p class='ocr_par' dir='ltr' id='par_1_81' title="bbox 1828 3609 3394 3686">
     <span class='ocr_line' id='line_1_81' title="bbox 1828 3609 3394 3686; baseline -0.009 -11"><span class='ocrx_word' id='word_1_590' title='bbox 1828 3619 2047 3675; x_wconf 80' lang='lat' dir='ltr'><strong>studere</strong></span> <span class='ocrx_word' id='word_1_591' title='bbox 2067 3618 2401 3682; x_wconf 85' lang='lat' dir='ltr'><strong>viderentur,</strong></span> <span class='ocrx_word' id='word_1_592' title='bbox 2425 3624 2485 3671; x_wconf 91' lang='lat' dir='ltr'><strong>ut</strong></span> <span class='ocrx_word' id='word_1_593' title='bbox 2507 3621 2930 3686; x_wconf 85' lang='lat' dir='ltr'><strong>cognoscerent,</strong></span> <span class='ocrx_word' id='word_1_594' title='bbox 2983 3609 3110 3680; x_wconf 89' lang='lat' dir='ltr'><strong>quia</strong></span> <span class='ocrx_word' id='word_1_595' title='bbox 3159 3624 3269 3662; x_wconf 89' lang='lat' dir='ltr'><strong>non</strong></span> <span class='ocrx_word' id='word_1_596' title='bbox 3300 3624 3394 3662; x_wconf 58' lang='lat' dir='ltr'><strong>co-</strong></span> 
     </span>
    </p>
   </div>
   <div class='ocr_carea' id='block_1_82' title="bbox 1826 3700 3390 3785">
    <p class='ocr_par' dir='ltr' id='par_1_82' title="bbox 1826 3700 3390 3785">
     <span class='ocr_line' id='line_1_82' title="bbox 1826 3700 3390 3785; baseline -0.007 -19"><span class='ocrx_word' id='word_1_597' title='bbox 1826 3717 2158 3785; x_wconf 77' lang='lat' dir='ltr'><strong>gnevenmt,</strong></span> <span class='ocrx_word' id='word_1_598' title='bbox 2217 3710 2277 3769; x_wconf 83' lang='lat' dir='ltr'><strong>in</strong></span> <span class='ocrx_word' id='word_1_599' title='bbox 2316 3709 2574 3782; x_wconf 61' lang='lat' dir='ltr'><strong>maiorem</strong></span> <span class='ocrx_word' id='word_1_600' title='bbox 2634 3704 3001 3779; x_wconf 71' lang='lat' dir='ltr'><strong>ignorantiam</strong></span> <span class='ocrx_word' id='word_1_601' title='bbox 3041 3700 3390 3758; x_wconf 80' lang='lat' dir='ltr'><strong>inciderunt:</strong></span> 
     </span>
    </p>
   </div>
   <div class='ocr_carea' id='block_1_83' title="bbox 1827 3794 3394 3872">
    <p class='ocr_par' dir='ltr' id='par_1_83' title="bbox 1827 3794 3394 3872">
     <span class='ocr_line' id='line_1_83' title="bbox 1827 3794 3394 3872; baseline -0.008 -13"><span class='ocrx_word' id='word_1_602' title='bbox 1827 3804 2028 3859; x_wconf 88' lang='lat' dir='ltr'><strong>etenim</strong></span> <span class='ocrx_word' id='word_1_603' title='bbox 2051 3804 2218 3859; x_wconf 86' lang='lat' dir='ltr'><strong>veluti</strong></span> <span class='ocrx_word' id='word_1_604' title='bbox 2250 3804 2305 3857; x_wconf 91' lang='lat' dir='ltr'><strong>in</strong></span> <span class='ocrx_word' id='word_1_605' title='bbox 2328 3803 2566 3858; x_wconf 89' lang='lat' dir='ltr'><strong>tenebris</strong></span> <span class='ocrx_word' id='word_1_606' title='bbox 2596 3805 2920 3872; x_wconf 69' lang='lat' dir='ltr'><strong>quaarereut,</strong></span> <span class='ocrx_word' id='word_1_607' title='bbox 2947 3811 3066 3866; x_wconf 75' lang='lat' dir='ltr'><strong>qua:</strong></span> <span class='ocrx_word' id='word_1_608' title='bbox 3095 3795 3161 3849; x_wconf 91' lang='lat' dir='ltr'><strong>de</strong></span> <span class='ocrx_word' id='word_1_609' title='bbox 3183 3794 3249 3848; x_wconf 90' lang='lat' dir='ltr'><strong>iis</strong></span> <span class='ocrx_word' id='word_1_610' title='bbox 3274 3808 3394 3863; x_wconf 75' lang='lat' dir='ltr'><strong>qua:</strong></span> 
     </span>
    </p>
   </div>
   <div class='ocr_carea' id='block_1_84' title="bbox 1829 3885 3390 3965">
    <p class='ocr_par' dir='ltr' id='par_1_84' title="bbox 1829 3885 3390 3965">
     <span class='ocr_line' id='line_1_84' title="bbox 1829 3885 3390 3965; baseline -0.009 -18"><span class='ocrx_word' id='word_1_611' title='bbox 1829 3902 2113 3965; x_wconf 88' lang='lat' dir='ltr'><strong>apparent,</strong></span> <span class='ocrx_word' id='word_1_612' title='bbox 2141 3892 2488 3964; x_wconf 81' lang='lat' dir='ltr'><strong>ignorabant,</strong></span> <span class='ocrx_word' id='word_1_613' title='bbox 2533 3906 2644 3945; x_wconf 89' lang='lat' dir='ltr'><strong>non</strong></span> <span class='ocrx_word' id='word_1_614' title='bbox 2680 3889 2856 3945; x_wconf 85' lang='lat' dir='ltr'><strong>solum</strong></span> <span class='ocrx_word' id='word_1_615' title='bbox 2886 3901 2996 3941; x_wconf 90' lang='lat' dir='ltr'><strong>non</strong></span> <span class='ocrx_word' id='word_1_616' title='bbox 3029 3885 3390 3944; x_wconf 80' lang='lat' dir='ltr'><strong>invenerunt,</strong></span> 
     </span>
    </p>
   </div>
   <div class='ocr_carea' id='block_1_85' title="bbox 1830 3974 3393 4057">
    <p class='ocr_par' dir='ltr' id='par_1_85' title="bbox 1830 3974 3393 4057">
     <span class='ocr_line' id='line_1_85' title="bbox 1830 3974 3393 4057; baseline -0.007 -17"><span class='ocrx_word' id='word_1_617' title='bbox 1830 3984 1976 4057; x_wconf 91' lang='lat' dir='ltr'><strong>quod</strong></span> <span class='ocrx_word' id='word_1_618' title='bbox 2010 4000 2254 4056; x_wconf 88' lang='lat' dir='ltr'><strong>quaerere</strong></span> <span class='ocrx_word' id='word_1_619' title='bbox 2306 3984 2671 4048; x_wconf 89' lang='lat' dir='ltr'><strong>videbantur;</strong></span> <span class='ocrx_word' id='word_1_620' title='bbox 2736 3980 2867 4051; x_wconf 88' lang='lat' dir='ltr'><strong>quin</strong></span> <span class='ocrx_word' id='word_1_621' title='bbox 2926 3977 3108 4048; x_wconf 90' lang='lat' dir='ltr'><strong>potius</strong></span> <span class='ocrx_word' id='word_1_622' title='bbox 3156 3974 3393 4043; x_wconf 84' lang='lat' dir='ltr'><strong>majores</strong></span> 
     </span>
    </p>
   </div>
   <div class='ocr_carea' id='block_1_86' title="bbox 1830 4068 3396 4150">
    <p class='ocr_par' dir='ltr' id='par_1_86' title="bbox 1830 4068 3396 4150">
     <span class='ocr_line' id='line_1_86' title="bbox 1830 4068 3396 4150; baseline -0.008 -17"><span class='ocrx_word' id='word_1_623' title='bbox 1830 4079 2152 4150; x_wconf 85' lang='lat' dir='ltr'><strong>ignorantiae</strong></span> <span class='ocrx_word' id='word_1_624' title='bbox 2185 4076 2436 4132; x_wconf 87' lang='lat' dir='ltr'><strong>tenebras</strong></span> <span class='ocrx_word' id='word_1_625' title='bbox 2480 4074 2584 4130; x_wconf 84' lang='lat' dir='ltr'><strong>sibi</strong></span> <span class='ocrx_word' id='word_1_626' title='bbox 2616 4072 2945 4128; x_wconf 81' lang='lat' dir='ltr'><strong>otl‘uderunt.</strong></span> <span class='ocrx_word' id='word_1_627' title='bbox 2994 4068 3104 4125; x_wconf 90' lang='lat' dir='ltr'><strong>Nos</strong></span> <span class='ocrx_word' id='word_1_628' title='bbox 3131 4083 3260 4123; x_wconf 87' lang='lat' dir='ltr'><strong>vero</strong></span> <span class='ocrx_word' id='word_1_629' title='bbox 3289 4068 3396 4139; x_wconf 86' lang='lat' dir='ltr'><strong>pri-</strong></span> 
     </span>
    </p>
   </div>
   <div class='ocr_carea' id='block_1_87' title="bbox 1832 4162 3393 4237">
    <p class='ocr_par' dir='ltr' id='par_1_87' title="bbox 1832 4162 3393 4237">
     <span class='ocr_line' id='line_1_87' title="bbox 1832 4162 3393 4237; baseline -0.008 -14"><span class='ocrx_word' id='word_1_630' title='bbox 1832 4184 1924 4224; x_wconf 89' lang='lat' dir='ltr'><strong>mo</strong></span> <span class='ocrx_word' id='word_1_631' title='bbox 1950 4168 2017 4223; x_wconf 91' lang='lat' dir='ltr'><strong>de</strong></span> <span class='ocrx_word' id='word_1_632' title='bbox 2046 4168 2261 4223; x_wconf 90' lang='lat' dir='ltr'><strong>duobus</strong></span> <span class='ocrx_word' id='word_1_633' title='bbox 2311 4165 2595 4237; x_wconf 89' lang='lat' dir='ltr'><strong>principiis</strong></span> <span class='ocrx_word' id='word_1_634' title='bbox 2635 4162 2958 4225; x_wconf 88' lang='lat' dir='ltr'><strong>contrariis,</strong></span> <span class='ocrx_word' id='word_1_635' title='bbox 2995 4174 3116 4231; x_wconf 83' lang='lat' dir='ltr'><strong>quae</strong></span> <span class='ocrx_word' id='word_1_636' title='bbox 3165 4166 3393 4229; x_wconf 89' lang='lat' dir='ltr'><strong>ponunt,</strong></span> 
     </span>
    </p>
   </div>
   <div class='ocr_carea' id='block_1_88' title="bbox 1830 4252 3426 4327">
    <p class='ocr_par' dir='ltr' id='par_1_88' title="bbox 1830 4252 3426 4327">
     <span class='ocr_line' id='line_1_88' title="bbox 1830 4252 3426 4327; baseline -0.007 -12"><span class='ocrx_word' id='word_1_637' title='bbox 1830 4260 2182 4327; x_wconf 86' lang='lat' dir='ltr'><strong>disserentes,</strong></span> <span class='ocrx_word' id='word_1_638' title='bbox 2225 4260 2292 4315; x_wconf 92' lang='lat' dir='ltr'><strong>ad</strong></span> <span class='ocrx_word' id='word_1_639' title='bbox 2338 4260 2743 4315; x_wconf 87' lang='lat' dir='ltr'><strong>conclusionem</strong></span> <span class='ocrx_word' id='word_1_640' title='bbox 2801 4254 3285 4327; x_wconf 86' lang='lat' dir='ltr'><strong>argumentationis</strong></span> <span class='ocrx_word' id='word_1_641' title='bbox 3330 4252 3426 4315; x_wconf 25' lang='lat' dir='ltr'><strong>de,</strong></span> 
     </span>
    </p>
   </div>
   <div class='ocr_carea' id='block_1_89' title="bbox 1832 4348 3398 4407">
    <p class='ocr_par' dir='ltr' id='par_1_89' title="bbox 1832 4348 3398 4407">
     <span class='ocr_line' id='line_1_89' title="bbox 1832 4348 3398 4407; baseline -0.006 -3"><span class='ocrx_word' id='word_1_642' title='bbox 1832 4351 2089 4406; x_wconf 89' lang='lat' dir='ltr'><strong>universo</strong></span> <span class='ocrx_word' id='word_1_643' title='bbox 2117 4351 2437 4407; x_wconf 84' lang='lat' dir='ltr'><strong>veniemus:</strong></span> <span class='ocrx_word' id='word_1_644' title='bbox 2474 4362 2596 4406; x_wconf 87' lang='lat' dir='ltr'><strong>esse</strong></span> <span class='ocrx_word' id='word_1_645' title='bbox 2639 4349 2847 4405; x_wconf 89' lang='lat' dir='ltr'><strong>scilicet</strong></span> <span class='ocrx_word' id='word_1_646' title='bbox 2875 4348 3018 4402; x_wconf 90' lang='lat' dir='ltr'><strong>bona</strong></span> <span class='ocrx_word' id='word_1_647' title='bbox 3055 4353 3110 4399; x_wconf 92' lang='lat' dir='ltr'><strong>et</strong></span> <span class='ocrx_word' id='word_1_648' title='bbox 3145 4357 3398 4398; x_wconf 88' lang='lat' dir='ltr'><strong>necessa-</strong></span> 
     </span>
    </p>
   </div>
   <div class='ocr_carea' id='block_1_90' title="bbox 161 4433 1724 4517">
    <p class='ocr_par' dir='ltr' id='par_1_90' title="bbox 161 4433 1724 4507">
     <span class='ocr_line' id='line_1_90' title="bbox 161 4433 1724 4507; baseline 0.001 -21"><span class='ocrx_word' id='word_1_649' title='bbox 161 4433 232 4486; x_wconf 75' lang='grc' dir='ltr'><strong>τά</strong></span> <span class='ocrx_word' id='word_1_650' title='bbox 280 4435 672 4507; x_wconf 85' lang='grc' dir='ltr'>ἀναγκαιότερα</span> <span class='ocrx_word' id='word_1_651' title='bbox 719 4433 1124 4506; x_wconf 81' lang='grc' dir='ltr'>οἰκονομούσης,</span> <span class='ocrx_word' id='word_1_652' title='bbox 1185 4437 1245 4490; x_wconf 81' lang='grc' dir='ltr'><strong>οὐ</strong></span> <span class='ocrx_word' id='word_1_653' title='bbox 1305 4437 1409 4507; x_wconf 84' lang='grc' dir='ltr'>μὴν</span> <span class='ocrx_word' id='word_1_654' title='bbox 1453 4435 1588 4490; x_wconf 82' lang='grc' dir='ltr'>ἀλλὰ</span> <span class='ocrx_word' id='word_1_655' title='bbox 1633 4435 1724 4489; x_wconf 66' lang='grc' dir='ltr'>καὶ</span> 
     </span>
    </p>
   </div>
   <div class='ocr_carea' id='block_1_91' title="bbox 1829 4433 3397 4517">
    <p class='ocr_par' dir='ltr' id='par_1_91' title="bbox 1830 4433 3397 4509">
     <span class='ocr_line' id='line_1_91' title="bbox 1830 4433 3397 4509; baseline -0.006 -13"><span class='ocrx_word' id='word_1_656' title='bbox 1830 4441 1912 4497; x_wconf 89' lang='lat' dir='ltr'><strong>ria</strong></span> <span class='ocrx_word' id='word_1_657' title='bbox 1941 4442 2143 4506; x_wconf 91' lang='lat' dir='ltr'><strong>omnia,</strong></span> <span class='ocrx_word' id='word_1_658' title='bbox 2172 4451 2227 4498; x_wconf 90' lang='lat' dir='ltr'><strong>et</strong></span> <span class='ocrx_word' id='word_1_659' title='bbox 2263 4442 2354 4495; x_wconf 89' lang='lat' dir='ltr'><strong>illa</strong></span> <span class='ocrx_word' id='word_1_660' title='bbox 2384 4441 2640 4502; x_wconf 74' lang='lat' dir='ltr'><strong>maxime,</strong></span> <span class='ocrx_word' id='word_1_661' title='bbox 2669 4448 2730 4494; x_wconf 93' lang='lat' dir='ltr'><strong>ut</strong></span> <span class='ocrx_word' id='word_1_662' title='bbox 2756 4437 3008 4509; x_wconf 88' lang='lat' dir='ltr'><strong>superius</strong></span> <span class='ocrx_word' id='word_1_663' title='bbox 3039 4435 3172 4497; x_wconf 84' lang='lat' dir='ltr'><strong>dixi,</strong></span> <span class='ocrx_word' id='word_1_664' title='bbox 3199 4433 3254 4487; x_wconf 92' lang='lat' dir='ltr'><strong>in</strong></span> <span class='ocrx_word' id='word_1_665' title='bbox 3277 4447 3397 4502; x_wconf 81' lang='lat' dir='ltr'><strong>quae</strong></span> 
     </span>
    </p>
   </div>
   <div class='ocr_carea' id='block_1_92' title="bbox 162 4523 1724 4606">
    <p class='ocr_par' dir='ltr' id='par_1_92' title="bbox 162 4523 1724 4599">
     <span class='ocr_line' id='line_1_92' title="bbox 162 4523 1724 4599; baseline 0.002 -22"><span class='ocrx_word' id='word_1_666' title='bbox 162 4523 291 4595; x_wconf 73' lang='grc' dir='ltr'>περὶ</span> <span class='ocrx_word' id='word_1_667' title='bbox 320 4524 425 4579; x_wconf 84' lang='grc' dir='ltr'>τῶν</span> <span class='ocrx_word' id='word_1_668' title='bbox 458 4524 607 4596; x_wconf 76' lang='grc' dir='ltr'>παρὰ</span> <span class='ocrx_word' id='word_1_669' title='bbox 634 4526 938 4599; x_wconf 80' lang='grc' dir='ltr'>ἀνθρώποις</span> <span class='ocrx_word' id='word_1_670' title='bbox 982 4526 1351 4598; x_wconf 82' lang='grc' dir='ltr'>ἀδικημάτων,</span> <span class='ocrx_word' id='word_1_671' title='bbox 1388 4527 1462 4590; x_wconf 84' lang='grc' dir='ltr'><strong>ὡς</strong></span> <span class='ocrx_word' id='word_1_672' title='bbox 1496 4527 1615 4580; x_wconf 76' lang='grc' dir='ltr'>οὐδὲ</span> <span class='ocrx_word' id='word_1_673' title='bbox 1642 4526 1724 4580; x_wconf 86' lang='grc' dir='ltr'>διὰ</span> 
     </span>
    </p>
   </div>
   <div class='ocr_carea' id='block_1_93' title="bbox 1829 4523 3397 4606">
    <p class='ocr_par' dir='ltr' id='par_1_93' title="bbox 1832 4525 3397 4606">
     <span class='ocr_line' id='line_1_93' title="bbox 1832 4525 3397 4606; baseline -0.01 -17"><span class='ocrx_word' id='word_1_674' title='bbox 1832 4537 2127 4590; x_wconf 78' lang='lat' dir='ltr'><strong>maximum</strong></span> <span class='ocrx_word' id='word_1_675' title='bbox 2156 4534 2416 4606; x_wconf 89' lang='lat' dir='ltr'><strong>impetum</strong></span> <span class='ocrx_word' id='word_1_676' title='bbox 2447 4542 2502 4588; x_wconf 89' lang='lat' dir='ltr'><strong>et</strong></span> <span class='ocrx_word' id='word_1_677' title='bbox 2522 4534 2804 4588; x_wconf 90' lang='lat' dir='ltr'><strong>incursum</strong></span> <span class='ocrx_word' id='word_1_678' title='bbox 2831 4530 3058 4594; x_wconf 80' lang='lat' dir='ltr'><strong>faciunt,</strong></span> <span class='ocrx_word' id='word_1_679' title='bbox 3089 4525 3248 4597; x_wconf 88' lang='lat' dir='ltr'><strong>quasi</strong></span> <span class='ocrx_word' id='word_1_680' title='bbox 3278 4539 3397 4577; x_wconf 92' lang='lat' dir='ltr'><strong>om-</strong></span> 
     </span>
    </p>
   </div>
   <div class='ocr_carea' id='block_1_94' title="bbox 160 4613 1724 4692">
    <p class='ocr_par' dir='ltr' id='par_1_94' title="bbox 160 4613 1724 4691">
     <span class='ocr_line' id='line_1_94' title="bbox 160 4613 1724 4691; baseline 0.001 -22"><span class='ocrx_word' id='word_1_681' title='bbox 160 4613 331 4669; x_wconf 89' lang='grc' dir='ltr'>ταῦτα</span> <span class='ocrx_word' id='word_1_682' title='bbox 367 4617 607 4689; x_wconf 80' lang='grc' dir='ltr'>προσῆκε</span> <span class='ocrx_word' id='word_1_683' title='bbox 654 4618 850 4683; x_wconf 87' lang='grc' dir='ltr'>κακίας</span> <span class='ocrx_word' id='word_1_684' title='bbox 888 4618 1059 4691; x_wconf 84' lang='grc' dir='ltr'>ἀρχὴν</span> <span class='ocrx_word' id='word_1_685' title='bbox 1110 4616 1248 4671; x_wconf 82' lang='grc' dir='ltr'>κατὰ</span> <span class='ocrx_word' id='word_1_686' title='bbox 1296 4616 1429 4672; x_wconf 85' lang='grc' dir='ltr'>Θεοῦ</span> <span class='ocrx_word' id='word_1_687' title='bbox 1469 4617 1724 4687; x_wconf 73' lang='grc' dir='ltr'>φαντάζεε</span> 
     </span>
    </p>
   </div>
   <div class='ocr_carea' id='block_1_95' title="bbox 1829 4613 3394 4692">
    <p class='ocr_par' dir='ltr' id='par_1_95' title="bbox 1830 4613 3394 4692">
     <span class='ocr_line' id='line_1_95' title="bbox 1830 4613 3394 4692; baseline -0.011 -11"><span class='ocrx_word' id='word_1_688' title='bbox 1830 4628 1981 4681; x_wconf 85' lang='lat' dir='ltr'><strong>nium</strong></span> <span class='ocrx_word' id='word_1_689' title='bbox 2015 4641 2277 4682; x_wconf 90' lang='lat' dir='ltr'><strong>concessu</strong></span> <span class='ocrx_word' id='word_1_690' title='bbox 2310 4626 2450 4680; x_wconf 91' lang='lat' dir='ltr'><strong>mala</strong></span> <span class='ocrx_word' id='word_1_691' title='bbox 2484 4625 2619 4691; x_wconf 80' lang='lat' dir='ltr'><strong>sint;</strong></span> <span class='ocrx_word' id='word_1_692' title='bbox 2652 4631 2907 4692; x_wconf 79' lang='lat' dir='ltr'><strong>praetcrea</strong></span> <span class='ocrx_word' id='word_1_693' title='bbox 2943 4620 3105 4674; x_wconf 85' lang='lat' dir='ltr'><strong>etiam</strong></span> <span class='ocrx_word' id='word_1_694' title='bbox 3152 4613 3394 4669; x_wconf 89' lang='lat' dir='ltr'><strong>omnium</strong></span> 
     </span>
    </p>
   </div>
   <div class='ocr_carea' id='block_1_96' title="bbox 164 4702 1724 4786">
    <p class='ocr_par' dir='ltr' id='par_1_96' title="bbox 164 4706 1724 4782">
     <span class='ocr_line' id='line_1_96' title="bbox 164 4706 1724 4782; baseline 0.004 -23"><span class='ocrx_word' id='word_1_695' title='bbox 164 4706 316 4760; x_wconf 73' lang='grc' dir='ltr'>σθαιο</span> <span class='ocrx_word' id='word_1_696' title='bbox 350 4708 686 4781; x_wconf 86' lang='grc' dir='ltr'>δειχθήσεται</span> <span class='ocrx_word' id='word_1_697' title='bbox 718 4710 825 4782; x_wconf 83' lang='grc' dir='ltr'>γὰρ</span> <span class='ocrx_word' id='word_1_698' title='bbox 856 4710 931 4773; x_wconf 83' lang='grc' dir='ltr'>ὡς</span> <span class='ocrx_word' id='word_1_699' title='bbox 959 4712 1054 4764; x_wconf 71' lang='grc' dir='ltr'><strong>καὶ</strong></span> <span class='ocrx_word' id='word_1_700' title='bbox 1101 4709 1273 4764; x_wconf 89' lang='grc' dir='ltr'>ταῦτα</span> <span class='ocrx_word' id='word_1_701' title='bbox 1311 4709 1405 4764; x_wconf 85' lang='grc' dir='ltr'><strong>τοῦ</strong></span> <span class='ocrx_word' id='word_1_702' title='bbox 1442 4713 1724 4782; x_wconf 87' lang='grc' dir='ltr'>πεποιηκό-</span> 
     </span>
    </p>
   </div>
   <div class='ocr_carea' id='block_1_97' title="bbox 1829 4702 3398 4786">
    <p class='ocr_par' dir='ltr' id='par_1_97' title="bbox 1830 4702 3398 4786">
     <span class='ocr_line' id='line_1_97' title="bbox 1830 4702 3398 4786; baseline -0.01 -16"><span class='ocrx_word' id='word_1_703' title='bbox 1830 4733 2012 4772; x_wconf 88' lang='lat' dir='ltr'><strong>rerum</strong></span> <span class='ocrx_word' id='word_1_704' title='bbox 2048 4718 2518 4786; x_wconf 80' lang='lat' dir='ltr'><strong>gubernationem,</strong></span> <span class='ocrx_word' id='word_1_705' title='bbox 2555 4725 2716 4784; x_wconf 89' lang='lat' dir='ltr'><strong>atque</strong></span> <span class='ocrx_word' id='word_1_706' title='bbox 2757 4713 2848 4767; x_wconf 90' lang='lat' dir='ltr'><strong>illa</strong></span> <span class='ocrx_word' id='word_1_707' title='bbox 2886 4711 2942 4764; x_wconf 90' lang='lat' dir='ltr'><strong>in</strong></span> <span class='ocrx_word' id='word_1_708' title='bbox 2965 4709 3165 4778; x_wconf 90' lang='lat' dir='ltr'><strong>quibus</strong></span> <span class='ocrx_word' id='word_1_709' title='bbox 3189 4702 3398 4761; x_wconf 82' lang='lat' dir='ltr'><strong>severi-</strong></span> 
     </span>
    </p>
   </div>
   <div class='ocr_carea' id='block_1_98' title="bbox 161 4795 1724 4877">
    <p class='ocr_par' dir='ltr' id='par_1_98' title="bbox 161 4799 1724 4875">
     <span class='ocr_line' id='line_1_98' title="bbox 161 4799 1724 4875; baseline 0.004 -25"><span class='ocrx_word' id='word_1_710' title='bbox 161 4815 253 4862; x_wconf 88' lang='grc' dir='ltr'><strong>τος</strong></span> <span class='ocrx_word' id='word_1_711' title='bbox 290 4799 435 4871; x_wconf 80' lang='grc' dir='ltr'>ἡμᾶς</span> <span class='ocrx_word' id='word_1_712' title='bbox 474 4801 723 4871; x_wconf 75' lang='grc' dir='ltr'>ἐμφαίνει</span> <span class='ocrx_word' id='word_1_713' title='bbox 770 4802 868 4875; x_wconf 80' lang='grc' dir='ltr'><strong>τὴν</strong></span> <span class='ocrx_word' id='word_1_714' title='bbox 916 4801 1256 4872; x_wconf 77' lang='grc' dir='ltr'>ἀγαθότηταο</span> <span class='ocrx_word' id='word_1_715' title='bbox 1301 4803 1393 4856; x_wconf 83' lang='grc' dir='ltr'><strong>καὶ</strong></span> <span class='ocrx_word' id='word_1_716' title='bbox 1439 4802 1562 4856; x_wconf 77' lang='grc' dir='ltr'>οὔτε</span> <span class='ocrx_word' id='word_1_717' title='bbox 1590 4804 1724 4858; x_wconf 79' lang='grc' dir='ltr'>κατὰ</span> 
     </span>
    </p>
   </div>
   <div class='ocr_carea' id='block_1_99' title="bbox 1829 4795 3396 4877">
    <p class='ocr_par' dir='ltr' id='par_1_99' title="bbox 1830 4795 3396 4877">
     <span class='ocr_line' id='line_1_99' title="bbox 1830 4795 3396 4877; baseline -0.008 -17"><span class='ocrx_word' id='word_1_718' title='bbox 1830 4814 1998 4863; x_wconf 88' lang='lat' dir='ltr'><strong>tatem</strong></span> <span class='ocrx_word' id='word_1_719' title='bbox 2033 4807 2418 4877; x_wconf 82' lang='lat' dir='ltr'><strong>providentiae,</strong></span> <span class='ocrx_word' id='word_1_720' title='bbox 2474 4821 2620 4874; x_wconf 86' lang='lat' dir='ltr'><strong>qua.</strong></span> <span class='ocrx_word' id='word_1_721' title='bbox 2681 4819 2801 4874; x_wconf 82' lang='lat' dir='ltr'><strong>quae</strong></span> <span class='ocrx_word' id='word_1_722' title='bbox 2852 4800 3027 4869; x_wconf 87' lang='lat' dir='ltr'><strong>magis</strong></span> <span class='ocrx_word' id='word_1_723' title='bbox 3086 4795 3396 4852; x_wconf 87' lang='lat' dir='ltr'><strong>necessaria</strong></span> 
     </span>
    </p>
   </div>
   <div class='ocr_carea' id='block_1_100' title="bbox 164 4886 1724 4967">
    <p class='ocr_par' dir='ltr' id='par_1_100' title="bbox 164 4888 1724 4963">
     <span class='ocr_line' id='line_1_100' title="bbox 164 4888 1724 4963; baseline 0.003 -22"><span class='ocrx_word' id='word_1_724' title='bbox 164 4888 412 4961; x_wconf 83' lang='grc' dir='ltr'>βούλησιν</span> <span class='ocrx_word' id='word_1_725' title='bbox 457 4890 620 4944; x_wconf 78' lang='grc' dir='ltr'>αὐτοῦ</span> <span class='ocrx_word' id='word_1_726' title='bbox 670 4892 803 4963; x_wconf 82' lang='grc' dir='ltr'>πρὸς</span> <span class='ocrx_word' id='word_1_727' title='bbox 848 4890 1147 4962; x_wconf 81' lang='grc' dir='ltr'>ἀνθρώπων</span> <span class='ocrx_word' id='word_1_728' title='bbox 1190 4893 1451 4960; x_wconf 80' lang='grc' dir='ltr'>γίγνεται,</span> <span class='ocrx_word' id='word_1_729' title='bbox 1497 4890 1617 4944; x_wconf 72' lang='grc' dir='ltr'>οὗτε</span> <span class='ocrx_word' id='word_1_730' title='bbox 1663 4891 1724 4946; x_wconf 76' lang='grc' dir='ltr'><strong>ἐκ</strong></span> 
     </span>
    </p>
   </div>
   <div class='ocr_carea' id='block_1_101' title="bbox 1829 4886 3392 4967">
    <p class='ocr_par' dir='ltr' id='par_1_101' title="bbox 1834 4886 3392 4967">
     <span class='ocr_line' id='line_1_101' title="bbox 1834 4886 3392 4967; baseline -0.008 -17"><span class='ocrx_word' id='word_1_731' title='bbox 1834 4905 1984 4959; x_wconf 87' lang='lat' dir='ltr'><strong>sunt,</strong></span> <span class='ocrx_word' id='word_1_732' title='bbox 2019 4909 2402 4967; x_wconf 88' lang='lat' dir='ltr'><strong>procurantur,</strong></span> <span class='ocrx_word' id='word_1_733' title='bbox 2434 4896 2778 4966; x_wconf 89' lang='lat' dir='ltr'><strong>improbant;</strong></span> <span class='ocrx_word' id='word_1_734' title='bbox 2819 4902 2872 4946; x_wconf 91' lang='lat' dir='ltr'><strong>et</strong></span> <span class='ocrx_word' id='word_1_735' title='bbox 2918 4907 3024 4945; x_wconf 90' lang='lat' dir='ltr'><strong>non</strong></span> <span class='ocrx_word' id='word_1_736' title='bbox 3056 4888 3232 4943; x_wconf 87' lang='lat' dir='ltr'><strong>solum</strong></span> <span class='ocrx_word' id='word_1_737' title='bbox 3256 4886 3392 4949; x_wconf 83' lang='lat' dir='ltr'><strong>haec,</strong></span> 
     </span>
    </p>
   </div>
   <div class='ocr_carea' id='block_1_102' title="bbox 159 4978 1724 5058">
    <p class='ocr_par' dir='ltr' id='par_1_102' title="bbox 159 4982 1391 5056">
     <span class='ocr_line' id='line_1_102' title="bbox 159 4982 1391 5056; baseline 0.004 -23"><span class='ocrx_word' id='word_1_738' title='bbox 159 4997 304 5044; x_wconf 90' lang='grc' dir='ltr'>τινος</span> <span class='ocrx_word' id='word_1_739' title='bbox 334 4982 510 5046; x_wconf 83' lang='grc' dir='ltr'>αἰτίας</span> <span class='ocrx_word' id='word_1_740' title='bbox 546 4983 772 5055; x_wconf 75' lang='grc' dir='ltr'>ῆάρχῆς</span> <span class='ocrx_word' id='word_1_741' title='bbox 804 4983 925 5037; x_wconf 90' lang='grc' dir='ltr'>καθ’</span> <span class='ocrx_word' id='word_1_742' title='bbox 963 4984 1119 5056; x_wconf 81' lang='grc' dir='ltr'>ἡμῶν</span> <span class='ocrx_word' id='word_1_743' title='bbox 1150 4984 1391 5056; x_wconf 71' lang='grc' dir='ltr'>φέρεται.</span> 
     </span>
    </p>
   </div>
   <div class='ocr_carea' id='block_1_103' title="bbox 1829 4978 3396 5058">
    <p class='ocr_par' dir='ltr' id='par_1_103' title="bbox 1830 4978 3396 5058">
     <span class='ocr_line' id='line_1_103' title="bbox 1830 4978 3396 5058; baseline -0.01 -15"><span class='ocrx_word' id='word_1_744' title='bbox 1830 4988 1926 5045; x_wconf 88' lang='lat' dir='ltr'><strong>sed</strong></span> <span class='ocrx_word' id='word_1_745' title='bbox 1943 4990 2009 5045; x_wconf 88' lang='lat' dir='ltr'><strong>de</strong></span> <span class='ocrx_word' id='word_1_746' title='bbox 2027 4991 2094 5044; x_wconf 90' lang='lat' dir='ltr'><strong>iis</strong></span> <span class='ocrx_word' id='word_1_747' title='bbox 2115 4990 2276 5044; x_wconf 87' lang='lat' dir='ltr'><strong>etiam</strong></span> <span class='ocrx_word' id='word_1_748' title='bbox 2290 5004 2409 5058; x_wconf 70' lang='lat' dir='ltr'><strong>qua:</strong></span> <span class='ocrx_word' id='word_1_749' title='bbox 2430 4988 2571 5058; x_wconf 88' lang='lat' dir='ltr'><strong>apud</strong></span> <span class='ocrx_word' id='word_1_750' title='bbox 2605 4986 2853 5047; x_wconf 87' lang='lat' dir='ltr'><strong>homines</strong></span> <span class='ocrx_word' id='word_1_751' title='bbox 2880 4982 3081 5051; x_wconf 89' lang='lat' dir='ltr'><strong>injuste</strong></span> <span class='ocrx_word' id='word_1_752' title='bbox 3111 4978 3269 5041; x_wconf 83' lang='lat' dir='ltr'><strong>ﬁunt,</strong></span> <span class='ocrx_word' id='word_1_753' title='bbox 3301 4991 3396 5029; x_wconf 89' lang='lat' dir='ltr'><strong>ue-</strong></span> 
     </span>
    </p>
   </div>
   <div class='ocr_carea' id='block_1_104' title="bbox 163 5072 3394 5155">
    <p class='ocr_par' dir='ltr' id='par_1_104' title="bbox 163 5072 3394 5155">
     <span class='ocr_line' id='line_1_104' title="bbox 163 5072 3394 5155; baseline -0.002 -27"><span class='ocrx_word' id='word_1_754' title='bbox 163 5090 271 5143; x_wconf 92' lang='lat' dir='ltr'><strong>que</strong></span> <span class='ocrx_word' id='word_1_755' title='bbox 295 5077 653 5155; x_wconf 79' lang='lat' dir='ltr'><strong>propterth</strong></span> <span class='ocrx_word' id='word_1_756' title='bbox 680 5077 1002 5148; x_wconf 85' lang='lat' dir='ltr'><strong>principium</strong></span> <span class='ocrx_word' id='word_1_757' title='bbox 1029 5078 1154 5131; x_wconf 92' lang='lat' dir='ltr'><strong>mali</strong></span> <span class='ocrx_word' id='word_1_758' title='bbox 1186 5086 1373 5134; x_wconf 88' lang='lat' dir='ltr'><strong>contra</strong></span> <span class='ocrx_word' id='word_1_759' title='bbox 1402 5077 1569 5133; x_wconf 89' lang='lat' dir='ltr'><strong>Deum</strong></span> <span class='ocrx_word' id='word_1_760' title='bbox 1608 5087 1860 5149; x_wconf 90' lang='lat' dir='ltr'><strong>oportere</strong></span> <span class='ocrx_word' id='word_1_761' title='bbox 1897 5084 2136 5155; x_wconf 87' lang='lat' dir='ltr'><strong>cogitare</strong></span> <span class='ocrx_word' id='word_1_762' title='bbox 2163 5102 2175 5137; x_wconf 90' lang='lat'>:</span> <span class='ocrx_word' id='word_1_763' title='bbox 2211 5083 2529 5137; x_wconf 88' lang='lat' dir='ltr'><strong>docebimus</strong></span> <span class='ocrx_word' id='word_1_764' title='bbox 2556 5081 2699 5135; x_wconf 87' lang='lat' dir='ltr'><strong>enim</strong></span> <span class='ocrx_word' id='word_1_765' title='bbox 2750 5079 2864 5134; x_wconf 86' lang='lat' dir='ltr'><strong>haec</strong></span> <span class='ocrx_word' id='word_1_766' title='bbox 2894 5078 3054 5132; x_wconf 89' lang='lat' dir='ltr'><strong>etiam</strong></span> <span class='ocrx_word' id='word_1_767' title='bbox 3098 5072 3394 5129; x_wconf 88' lang='lat' dir='ltr'><strong>bonitatem</strong></span> 
     </span>
    </p>
   </div>
   <div class='ocr_carea' id='block_1_105' title="bbox 165 5154 3395 5242">
    <p class='ocr_par' dir='ltr' id='par_1_105' title="bbox 165 5154 3395 5242">
     <span class='ocr_line' id='line_1_105' title="bbox 165 5154 3395 5242; baseline -0.001 -25"><span class='ocrx_word' id='word_1_768' title='bbox 165 5165 260 5220; x_wconf 91' lang='lat' dir='ltr'><strong>Dei</strong></span> <span class='ocrx_word' id='word_1_769' title='bbox 297 5167 388 5238; x_wconf 94' lang='lat' dir='ltr'><strong>qui</strong></span> <span class='ocrx_word' id='word_1_770' title='bbox 418 5154 527 5224; x_wconf 31' lang='lat' dir='ltr'><strong>nos.</strong></span> <span class='ocrx_word' id='word_1_771' title='bbox 553 5168 706 5235; x_wconf 83' lang='lat' dir='ltr'><strong>fecit,</strong></span> <span class='ocrx_word' id='word_1_772' title='bbox 746 5169 1055 5236; x_wconf 88' lang='lat' dir='ltr'><strong>declarare;</strong></span> <span class='ocrx_word' id='word_1_773' title='bbox 1106 5180 1158 5224; x_wconf 90' lang='lat' dir='ltr'><strong>et</strong></span> <span class='ocrx_word' id='word_1_774' title='bbox 1191 5186 1364 5242; x_wconf 91' lang='lat' dir='ltr'><strong>neque</strong></span> <span class='ocrx_word' id='word_1_775' title='bbox 1393 5171 1462 5225; x_wconf 90' lang='lat' dir='ltr'><strong>ab</strong></span> <span class='ocrx_word' id='word_1_776' title='bbox 1486 5170 1796 5229; x_wconf 89' lang='lat' dir='ltr'><strong>hominibus</strong></span> <span class='ocrx_word' id='word_1_777' title='bbox 1835 5174 1949 5230; x_wconf 76' lang='lat' dir='ltr'><strong>ﬁeri</strong></span> <span class='ocrx_word' id='word_1_778' title='bbox 1976 5154 2274 5232; x_wconf 70' lang='lat' dir='ltr'><strong>secundum</strong></span> <span class='ocrx_word' id='word_1_779' title='bbox 2325 5176 2660 5230; x_wconf 80' lang='lat' dir='ltr'><strong>voluntatem</strong></span> <span class='ocrx_word' id='word_1_780' title='bbox 2699 5171 2833 5237; x_wconf 87' lang='lat' dir='ltr'><strong>Dei,</strong></span> <span class='ocrx_word' id='word_1_781' title='bbox 2879 5185 2978 5225; x_wconf 90' lang='lat' dir='ltr'><strong>nec</strong></span> <span class='ocrx_word' id='word_1_782' title='bbox 3011 5184 3079 5224; x_wconf 78' lang='lat' dir='ltr'><strong>ex</strong></span> <span class='ocrx_word' id='word_1_783' title='bbox 3126 5163 3395 5238; x_wconf 89' lang='lat' dir='ltr'><strong>principio</strong></span> 
     </span>
    </p>
   </div>
   <div class='ocr_carea' id='block_1_106' title="bbox 164 5261 1122 5331">
    <p class='ocr_par' dir='ltr' id='par_1_106' title="bbox 164 5261 1122 5331">
     <span class='ocr_line' id='line_1_106' title="bbox 164 5261 1122 5331; baseline 0.006 -19"><span class='ocrx_word' id='word_1_784' title='bbox 164 5261 420 5331; x_wconf 88' lang='lat' dir='ltr'><strong>quopiam</strong></span> <span class='ocrx_word' id='word_1_785' title='bbox 450 5263 729 5318; x_wconf 86' lang='lat' dir='ltr'><strong>contrario</strong></span> <span class='ocrx_word' id='word_1_786' title='bbox 756 5264 811 5318; x_wconf 90' lang='lat' dir='ltr'><strong>in</strong></span> <span class='ocrx_word' id='word_1_787' title='bbox 843 5278 944 5318; x_wconf 88' lang='lat' dir='ltr'><strong>nos</strong></span> <span class='ocrx_word' id='word_1_788' title='bbox 971 5262 1122 5319; x_wconf 83' lang='lat' dir='ltr'><strong>ferri.</strong></span> 
     </span>
    </p>
   </div>
   <div class='ocr_carea' id='block_1_107' title="bbox 1248 5352 2313 5425">
    <p class='ocr_par' dir='ltr' id='par_1_107' title="bbox 1248 5352 2313 5425">
     <span class='ocr_line' id='line_1_107' title="bbox 1248 5352 2313 5425; baseline -0.003 -16"><span class='ocrx_word' id='word_1_789' title='bbox 1248 5355 1375 5409; x_wconf 64' lang='lat' dir='ltr'><strong>Car.</strong></span> <span class='ocrx_word' id='word_1_790' title='bbox 1416 5352 1480 5408; x_wconf 70' lang='grc' dir='ltr'>ν.</span> <span class='ocrx_word' id='word_1_791' title='bbox 1512 5356 1593 5409; x_wconf 75' lang='lat' dir='ltr'><strong>An</strong></span> <span class='ocrx_word' id='word_1_792' title='bbox 1624 5356 1725 5409; x_wconf 83' lang='lat' dir='ltr'><strong>duo</strong></span> <span class='ocrx_word' id='word_1_793' title='bbox 1763 5354 2020 5425; x_wconf 79' lang='lat' dir='ltr'><strong>principia</strong></span> <span class='ocrx_word' id='word_1_794' title='bbox 2054 5353 2313 5422; x_wconf 77' lang='lat' dir='ltr'><strong>opposita.</strong></span> 
     </span>
    </p>
   </div>
   <div class='ocr_carea' id='block_1_108' title="bbox 231 5472 1727 5547">
    <p class='ocr_par' dir='ltr' id='par_1_108' title="bbox 231 5472 1727 5547">
     <span class='ocr_line' id='line_1_108' title="bbox 231 5472 1727 5547; baseline 0.001 -22"><span class='ocrx_word' id='word_1_795' title='bbox 231 5472 528 5541; x_wconf 88' lang='grc' dir='ltr'>Τοιγαροῦν</span> <span class='ocrx_word' id='word_1_796' title='bbox 572 5473 755 5527; x_wconf 69' lang='grc' dir='ltr'>λοιπὸν</span> <span class='ocrx_word' id='word_1_797' title='bbox 806 5476 898 5528; x_wconf 80' lang='grc' dir='ltr'>ἐπὶ</span> <span class='ocrx_word' id='word_1_798' title='bbox 943 5475 1039 5547; x_wconf 79' lang='grc' dir='ltr'>τὴν</span> <span class='ocrx_word' id='word_1_799' title='bbox 1089 5476 1259 5547; x_wconf 84' lang='grc' dir='ltr'>ἀρχὴν</span> <span class='ocrx_word' id='word_1_800' title='bbox 1303 5475 1400 5546; x_wconf 76' lang='grc' dir='ltr'>τῆς</span> <span class='ocrx_word' id='word_1_801' title='bbox 1454 5474 1727 5545; x_wconf 79' lang='grc' dir='ltr'>μυθώδους</span> 
     </span>
    </p>
   </div>
   <div class='ocr_carea' id='block_1_109' title="bbox 162 5561 1728 5641">
    <p class='ocr_par' dir='ltr' id='par_1_109' title="bbox 162 5561 1728 5641">
     <span class='ocr_line' id='line_1_109' title="bbox 162 5561 1728 5641; baseline 0.004 -23"><span class='ocrx_word' id='word_1_802' title='bbox 162 5561 412 5626; x_wconf 68' lang='grc' dir='ltr'>ἀσεϐείας</span> <span class='ocrx_word' id='word_1_803' title='bbox 448 5563 624 5617; x_wconf 79' lang='grc' dir='ltr'>αὐτῶν</span> <span class='ocrx_word' id='word_1_804' title='bbox 666 5565 926 5637; x_wconf 77' lang='grc' dir='ltr'>ἔλθωμεν,</span> <span class='ocrx_word' id='word_1_805' title='bbox 978 5566 1348 5634; x_wconf 76' lang='grc' dir='ltr'>ἐξετάζοντες,</span> <span class='ocrx_word' id='word_1_806' title='bbox 1397 5571 1444 5622; x_wconf 78' lang='grc' dir='ltr'><strong>εί</strong></span> <span class='ocrx_word' id='word_1_807' title='bbox 1496 5570 1728 5641; x_wconf 78' lang='grc' dir='ltr'>παραδέ-</span> 
     </span>
    </p>
   </div>
   <div class='ocr_carea' id='block_1_110' title="bbox 235 5674 867 5746">
    <p class='ocr_par' dir='ltr' id='par_1_110' title="bbox 235 5674 867 5746">
     <span class='ocr_line' id='line_1_110' title="bbox 235 5674 867 5746; baseline 0.005 -16"><span class='ocrx_word' id='word_1_808' title='bbox 235 5675 309 5746; x_wconf 73' lang='grc'><strong>(2)</strong></span> <span class='ocrx_word' id='word_1_809' title='bbox 336 5674 502 5745; x_wconf 86' lang='lat' dir='ltr'><strong>Editi,</strong></span> <span class='ocrx_word' id='word_1_810' title='bbox 531 5677 672 5734; x_wconf 73' lang='grc' dir='ltr'>εὖτε.</span> <span class='ocrx_word' id='word_1_811' title='bbox 707 5677 867 5734; x_wconf 81' lang='grc' dir='ltr'>Εοιτ.</span> 
     </span>
    </p>
   </div>
   <div class='ocr_carea' id='block_1_111' title="bbox 1902 5465 3399 5546">
    <p class='ocr_par' dir='ltr' id='par_1_111' title="bbox 1902 5465 3399 5546">
     <span class='ocr_line' id='line_1_111' title="bbox 1902 5465 3399 5546; baseline -0.005 -17"><span class='ocrx_word' id='word_1_812' title='bbox 1902 5475 2072 5546; x_wconf 81' lang='lat' dir='ltr'><strong>igitur</strong></span> <span class='ocrx_word' id='word_1_813' title='bbox 2119 5473 2496 5546; x_wconf 73' lang='lat' dir='ltr'><strong>aggrediamur</strong></span> <span class='ocrx_word' id='word_1_814' title='bbox 2529 5471 2785 5540; x_wconf 85' lang='lat' dir='ltr'><strong>deinceps</strong></span> <span class='ocrx_word' id='word_1_815' title='bbox 2824 5468 2888 5523; x_wconf 89' lang='lat' dir='ltr'><strong>ad</strong></span> <span class='ocrx_word' id='word_1_816' title='bbox 2932 5466 3255 5537; x_wconf 87' lang='lat' dir='ltr'><strong>principium</strong></span> <span class='ocrx_word' id='word_1_817' title='bbox 3293 5465 3399 5521; x_wconf 57' lang='lat' dir='ltr'><strong>ima</strong></span> 
     </span>
    </p>
   </div>
   <div class='ocr_carea' id='block_1_112' title="bbox 1821 5561 3397 5637">
    <p class='ocr_par' dir='ltr' id='par_1_112' title="bbox 1821 5561 3397 5637">
     <span class='ocr_line' id='line_1_112' title="bbox 1821 5561 3397 5637; baseline -0.007 -16"><span class='ocrx_word' id='word_1_818' title='bbox 1821 5566 2049 5637; x_wconf 86' lang='lat' dir='ltr'><strong>pietatis</strong></span> <span class='ocrx_word' id='word_1_819' title='bbox 2079 5566 2295 5623; x_wconf 89' lang='lat' dir='ltr'><strong>illorum</strong></span> <span class='ocrx_word' id='word_1_820' title='bbox 2316 5564 2696 5622; x_wconf 67' lang='lat' dir='ltr'><strong>commentitize</strong></span> <span class='ocrx_word' id='word_1_821' title='bbox 2718 5602 2731 5629; x_wconf 89' lang='lat'><strong>,</strong></span> <span class='ocrx_word' id='word_1_822' title='bbox 2787 5561 3126 5632; x_wconf 87' lang='lat' dir='ltr'><strong>inquirentes</strong></span> <span class='ocrx_word' id='word_1_823' title='bbox 3149 5601 3163 5626; x_wconf 88' lang='lat'><strong>,</strong></span> <span class='ocrx_word' id='word_1_824' title='bbox 3216 5563 3397 5615; x_wconf 85' lang='lat' dir='ltr'><strong>utrum</strong></span> 
     </span>
    </p>
   </div>
  </div>
