3782 6166
407 271 543 336 1075

1533 267 1674 325 TITI
1715 265 2149 326 BOSTRENSIS
2181 264 2493 322 EPlSCOPI

3514 249 3652 305 1076

406 399 659 457 notiones
690 394 964 450 naturales
991 397 1104 451 duo
1149 393 1427 460 contraria
1469 391 1739 462 principia
1792 407 1979 446 rerum
2010 400 2056 458 Α
2085 409 2180 462 χον

2165 407 2268 445 οται
2318 388 2448 456 γοῦν
2489 387 2544 440 αἱ
2577 382 2718 438 κατὰ
2748 380 2906 452 φύσιν
2935 379 3130 432 ἔννοιαι
3151 373 3244 429 δύο
3273 371 3374 444 (2‘)
3407 371 3652 431 ἐναντίας

407 491 736 546 admittant:
764 489 811 544 si
864 489 1008 543 enim
1054 502 1122 541 ne
1169 485 1568 540 consentientia
1610 483 1829 552 quidem
1885 483 1982 538 ad-

406 584 652 648 mittunt,
684 582 857 635 multo
889 583 1072 634 minus
1120 579 1441 648 pugnantia.
1499 575 1759 629 Scribens
1812 574 1980 644 igitur

407 674 499 730 ille
532 675 652 746 ipse:
680 673 870 730 [urens
896 673 1226 728 Manichacus
1251 712 1266 734 ,
1321 670 1521 738 ubique
1561 667 1790 736 incipit:
1847 664 1982 718 Erat

408 766 552 822 Deus
608 779 660 822 et
693 769 952 833 materia,
1007 767 1215 828 lumen,
1262 773 1312 818 et
1358 761 1613 823 tenebraz,
1671 759 1864 817 bonum
1931 767 1981 812 et

407 861 709 922 malum,in
748 861 987 913 omnibus
1040 874 1241 912 summe
1285 855 1593 913 contraria;
1637 863 1694 906 ut
1737 853 1791 906 in
1831 851 1980 905 nulla

406 965 468 1003 re
497 951 724 1005 alterum
750 965 873 1003 cum
909 950 1079 1004 altero
1108 947 1548 1003 communionem
1580 953 1634 996 et
1661 941 1979 996 societatem

406 1041 653 1103 haberet,
685 1042 845 1096 ambo
878 1041 1119 1112 ingenita
1159 1049 1213 1094 et
1246 1038 1515 1094 viventia:
1554 1037 1718 1107 igitur
1746 1040 1839 1088 aut
1866 1033 1980 1088 dis-

402 1134 633 1204 jungent
664 1149 761 1198 se;
793 1142 888 1188 aut
913 1133 958 1189 si
993 1133 1194 1188 fuerint
1221 1131 1413 1191 simul,
1460 1128 1633 1181 amica
1667 1134 1720 1181 et
1774 1139 1980 1194 nequa-

405 1239 569 1297 quam
618 1225 894 1279 contraria
948 1240 1072 1280 esse
1122 1224 1426 1294 apparebit.
1481 1224 1549 1276 At
1596 1230 1746 1292 patet
1796 1221 1980 1275 dicere

403 1330 551 1379 eum,
588 1316 838 1385 sejuncta
873 1331 994 1372 esse
1032 1315 1168 1370 haec.
1205 1313 1376 1386 Igitur
1404 1322 1700 1384 utrumque
1731 1327 1856 1367 cum
1900 1311 1979 1365 al-

405 1414 524 1460 tero
557 1406 768 1462 ﬁnitum
796 1413 851 1460 et
875 1406 1228 1463 terminatum
1252 1405 1357 1460 erit
1391 1403 1694 1461 secundum
1719 1403 1980 1460 substan-

403 1497 560 1556 tiam.
590 1505 645 1552 et
676 1504 934 1551 neutrum
981 1496 1515 1567 incircumscriptum
1571 1504 1626 1549 et
1662 1494 1933 1549 inﬁnitum
1962 1512 1976 1546 :

404 1586 860 1643 circumscribere
913 1594 1094 1644 autem
1156 1586 1326 1643 Deum
1379 1589 1679 1643 secundum
1726 1587 1980 1642 substan-

405 1678 579 1740 tiam,
621 1686 675 1732 et
710 1693 816 1732 non
850 1694 1015 1735 nosse
1071 1687 1126 1735 et
1173 1679 1419 1735 conﬁteri
1473 1679 1748 1734 inﬁnitum
1812 1693 1936 1734 esse
1961 1719 1978 1743 ,

2083 460 2259 552 αρχὰς
2304 478 2412 531 τῶν
2451 477 2651 529 ὄντων·
2691 475 2739 526 εἰ
2771 471 2880 542 γὰρ
2924 469 3056 540 μηδὲ
3115 461 3516 535 συμφωνούσας
3571 460 3654 511 δέ·

2085 574 2253 637 ξαιντ’
2271 571 2348 641 ('5)
2366 569 2452 630 ἂν,
2472 563 2626 638 ἦπού
2646 581 2708 632 γε
2733 560 3058 634 μαχομένας.
3078 557 3304 628 Γράφων
3322 553 3506 606 τοίνυν
3522 553 3654 641 ἐκεῖ-

2081 680 2170 725 νος
2192 640 2371 725 αὐτὸς,
2401 660 2430 712 ό
2454 654 2810 727 χαλεπώτατα
2846 650 3055 722 μανεὶς,
3091 646 3317 716 ἄρχεται
3347 640 3650 710 πανταχοῦ·

2080 749 2194 808 Ἦν
2224 752 2386 816 Θεὸς,
2441 748 2542 801 καὶ
2588 746 2706 812 ὕλη
2731 761 2744 774 ο
2803 741 2948 812 φῶς,
2979 739 3076 793 καὶ
3117 737 3366 801 σκότος’
3405 733 3653 802 ἀγαθὸν.

2080 847 2179 900 καὶ
2234 844 2454 898 κακῶν
2505 842 2576 894 ἐν
2628 838 2753 904 τοῖς
2798 834 2986 891 πᾶσιν
3022 832 3212 900 ἄκρως
3253 828 3541 888 ἐναντία,
3586 828 3655 888 ὡς

2081 934 2224 990 κατὰ
2261 933 2424 1006 μηδὲν
2461 928 2828 983 ἐπικοινωνεῖν
2863 923 3087 994 θάτερον
3114 918 3343 990 θατέρῳ,

2079 1045 2139 1080 τε
2171 1005 2269 1080 καὶ
2284 1026 2460 1090 ζῶντα
2487 1023 2680 1092 ἄμφω·
2724 1016 2918 1070 οὐκοῦν
2943 1013 2976 1084 ἢ
3003 1013 3223 1085 χωρίσει
3259 1027 3323 1078 γε
3350 1007 3534 1061 ταῦτα
3569 1005 3656 1057 ἀπ’

2082 1117 2355 1189 ἀλλήλων,
2402 1115 2436 1186 ἢ
2485 1115 2582 1167 σὺν
2627 1109 2872 1180 ἀλλήλοις
2917 1107 3046 1160 δντα
3099 1103 3226 1172 φίλα
3267 1101 3362 1154 καὶ
3407 1097 3660 1166 οὐδαμῶς

2081 1210 2300 1264 ἐναντία
2332 1207 2651 1277 φανήσεται.
2697 1201 2854 1254 Ἀλλὰ
2875 1199 3051 1269 δῆλον,
3067 1198 3148 1251 ὅτι
3172 1195 3339 1265 χωρὶς
3367 1193 3469 1245 ἀπ’
3498 1190 3663 1258 ἁλλὴο

2082 1303 2189 1356 λων
2229 1301 2324 1354 καὶ
2372 1298 2532 1360 αὐτὸς
2575 1293 2747 1348 ταῦτα
2789 1291 2926 1345 εἷναί
2975 1305 3166 1360 φησιν·
3195 1286 3281 1357 ἄρ’
3315 1281 3410 1338 οὖν
3450 1299 3664 1353 συμπε-

2081 1392 2422 1466 περασμένον
2448 1390 2706 1459 ἑκάτερον
2741 1385 2950 1456 θατέρῳ
2988 1382 3085 1452 τὴν
3117 1379 3301 1433 οὐσίαν
3345 1377 3537 1439 ἔσται,
3568 1375 3667 1428 καὶ

2079 1485 2364 1556 οὐδέτερον
2393 1480 2773 1552 ἀπεριόριστον
2792 1495 2805 1508 ·
2857 1472 3184 1548 περιορίζειν
3229 1471 3292 1553 δὲΔ
3324 1471 3448 1524 κατ’
3475 1468 3666 1522 οὐσίαν

2083 1579 2176 1632 τὸν
2205 1578 2359 1642 Θεὸν,
2405 1576 2498 1628 καὶ
2543 1573 2618 1646 μὴ
2665 1571 2968 1642 ἀπέραντον
3003 1565 3197 1621 εἰδέναι
3238 1580 3297 1616 τε
3345 1562 3444 1616 καὶ
3479 1561 3670 1630 ὁμολο-

2084 1672 2223 1739 γεῖν,
2256 1669 2373 1731 πῶς
2403 1668 2464 1720 οὑ
2495 1665 2612 1719 λίαν
2641 1662 2868 1726 ἀσεϐές;
2902 1659 3064 1713 ὁπότε
3091 1657 3152 1710 οὐ
3209 1656 3369 1726 μόνον
3413 1652 3667 1723 περιορί-

407 1771 681 1841 quomodo
711 1786 821 1826 non
851 1779 938 1827 est
979 1770 1273 1826 admodum
1315 1771 1577 1845 impium?
1630 1769 1986 1841 Quandoqui-
2015 1778 2060 1835 Β
2089 1764 2180 1827 ζεσ

2165 1762 2274 1815 ςθαι
2327 1757 2466 1824 δόξει
2511 1755 2610 1826 τὴν
2654 1753 2840 1807 οὐσίαν
2877 1751 2971 1804 καὶ
3021 1742 3481 1842 περιγράφεσθαι,
3534 1742 3676 1795 ἀλλὰ

407 1863 533 1918 dem
569 1878 675 1917 non
708 1865 882 1919 solum
907 1863 1290 1918 circumscribi
1330 1871 1385 1919 et
1413 1863 1697 1919 terminari
1729 1862 1958 1918 substan

407 1955 482 2011 tia
517 1953 608 2010 Dei
638 1955 929 2021 videbitur,
969 1955 1063 2012 sed
1097 1971 1125 2008 a
1158 1955 1322 2020 malo,
1351 1963 1412 2009 ut
1444 1955 1538 2010 ille
1569 1955 1664 2017 ait,
1695 1953 1800 2008 hoc
1840 1952 1986 2008 acci-

408 2060 556 2114 pere.
590 2044 746 2112 Quod
775 2047 992 2116 quidem
1024 2057 1177 2103 extra
1211 2061 1535 2103 communes
1565 2046 1820 2101 notiones
1859 2053 1945 2102 est
1967 2087 1982 2112 ,

407 2146 530 2199 quia:
552 2132 717 2187 menti
748 2143 1065 2210 suggerunt,
1101 2145 1159 2190 ut
1193 2151 1317 2191 eum
1349 2136 1550 2205 ubique
1587 2149 1711 2191 esse
1749 2142 1982 2201 noscat,

407 2231 462 2276 et
491 2231 684 2278 natura
717 2225 1258 2296 incomprehensum.

2089 1855 2182 1908 καὶ
2230 1849 2367 1922 πρὸς
2397 1848 2496 1918 τῆς
2535 1845 2754 1907 κακίας,
2799 1841 2874 1905 ὡς
2917 1838 3123 1901 ἐκεῖνός
3167 1851 3317 1906 φησι,
3357 1832 3526 1886 τοῦτο
3563 1833 3665 1884 πά-

2081 1960 2255 2020 ρχειν.
2275 1943 2453 2011 Ὅπερ
2480 1936 2691 2009 πρῶτον
2732 1933 2830 2005 μὲν
2874 1930 2983 1984 τῶν
3021 1928 3210 1982 κοινῶν
3236 1924 3460 2020 ἐννοιῶν
3488 1923 3669 1984 ὲκτὺς,

2080 2013 2292 2098 ἆῖτινες
2321 2029 2710 2086 ὑποϐάλλουσιν
2742 2026 2904 2080 αὑτὸν
2955 2022 3238 2093 γινώσκειν
3273 2013 3415 2071 εἶναι
3443 2033 3510 2069 τε
3538 2032 3672 2068 παν-

2087 2126 2279 2198 ταχοῦ,
2310 2125 2405 2179 καὶ
2432 2120 2799 2194 ἀπερίληπτον
2826 2116 3088 2188 ὑπάρχειν
3113 2111 3208 2184 τὴν
3236 2109 3421 2180 φύσιν.

1285 2347 1414 2404 Car.
1459 2347 1553 2404 Vl.
1579 2348 1722 2403 Deus
1743 2347 2030 2403 secundum
2059 2343 2262 2413 placita
2291 2335 2629 2392 lanichaica
2653 2331 2868 2402 ﬁnitus.‘

480 2436 749 2495 Praeterea
775 2441 962 2505 etiam,
995 2443 1042 2497 si
1074 2441 1188 2496 haec
1211 2442 1524 2497 necessario
1550 2457 1581 2496 a
1603 2456 1663 2498 se
1689 2440 1981 2507 dissident,

407 2546 516 2588 non
546 2533 724 2587 solum
750 2531 918 2599 Deus,
949 2534 1204 2603 Opinione
1226 2533 1374 2591 illius
1407 2534 1620 2601 insana,
1639 2542 1848 2587 natura
1874 2531 1983 2587 cir-

405 2615 756 2696 cumscripte
798 2641 922 2682 esse
975 2625 1286 2690 videbitur,
1343 2626 1440 2682 sed
1493 2625 1550 2679 in
1599 2624 1814 2695 privato
1859 2623 1984 2678 loco

406 2732 551 2781 esse,
581 2724 636 2772 et
663 2717 905 2773 residere
933 2733 1100 2788 prope
1128 2717 1492 2773 contrarium.
1527 2717 1660 2785 Qua;
1679 2716 1829 2772 enim
1863 2731 1895 2770 a
1924 2730 1984 2771 se

407 2814 599 2861 mutuo
623 2808 1178 2878 arcentur,'propriis
1215 2818 1268 2863 et
1304 2806 1536 2878 privatis
1580 2807 1718 2862 locis
1745 2806 1984 2862 circum—

409 2898 680 2954 scribunt.
706 2897 1044 2955 Excutienda
1065 2900 1232 2970 igitur
1251 2906 1381 2955 sunt
1413 2899 1550 2963 haec.
1584 2899 1632 2954 si
1661 2898 1825 2955 ambo
1852 2912 1988 2953 con-

409 2992 580 3046 traria
623 3000 885 3062 tanquam
944 2993 1185 3063 ingenita
1233 2992 1546 3063 antiquiora
1595 2992 1732 3047 locis
1784 2997 1982 3054 erant,

2162 2434 2282 2487 Ἔτι
2322 2431 2418 2502 μὲν
2447 2430 2498 2481 εἰ
2543 2425 2716 2480 ταῦτα
2750 2422 3029 2492 διέστηκεν
3067 2413 3376 2486 ἀναγκαίως
3397 2412 3668 2486 ἀλλήλων,

2087 2528 2148 2582 οὐ
2179 2526 2340 2598 μόνον
2378 2519 2515 2574 Θεοῦ
2565 2518 2708 2574 κατὰ
2742 2515 2842 2588 τὴν
2884 2513 3092 2568 ἐκείνου
3134 2509 3328 2582 μανίαν
3377 2507 3526 2572 δόξει
3575 2507 3673 2579 τὴν

2088 2619 2251 2689 φύσιν
2283 2610 2710 2686 περιορίζεσθαι,
2741 2605 2878 2664 ἀλλὰ
2913 2605 3007 2659 καὶ
3047 2604 3106 2656 ἐν
3143 2602 3255 2672 ίδίῳ
3289 2600 3440 2669 τόπῳ
3469 2602 3672 2672 τυγχά-

2091 2731 2222 2775 νειν,
2257 2709 2350 2764 καὶ
2395 2704 2723 2775 καταμένειν
2765 2695 3159 2771 παραπλησίως
3195 2692 3273 2764 τῷ
3300 2692 3553 2763 ἐναντίῳ.
3592 2692 3674 2744 Τὰ

2091 2805 2200 2876 γὰρ
2243 2803 2332 2856 ὑπ’
2377 2798 2621 2868 ἀλλήλων
2672 2791 2984 2866 εἰργόμενα,
3030 2789 3213 2851 τόποις
3271 2785 3422 2848 ἰδίοις
3468 2785 3674 2855 δηλαδὴ

2092 2875 2508 2967 περιγράφεται.
2541 2890 2725 2941 Ἔστιν
2751 2880 2842 2938 οὖν
2872 2880 3207 2948 ἐξεταστέον,
3233 2882 3282 2932 εί
3310 2877 3410 2948 μὲν
3435 2875 3674 2967 «9356:5-

2091 2962 2361 3063 τεραῖτῶν
2391 2986 2572 3039 τόπων
2612 2982 2779 3053 ἄμφω
2821 2975 2894 3030 τὰ
2940 2973 3154 3029 ἐναντία
3191 2969 3266 3033 ὡς
3302 2969 3580 3063 ῖὰγένητα,
3608 2962 3676 3037 ἦν

409 3082 706 3153 aliquando
740 3061 938 3140 rursus
971 3061 1126 3153 prius
1156 3092 1317 3138 erant
1343 3061 1710 3138 communiter
1735 3097 1766 3135 a
1807 3096 1989 3153 pugna
2016 3081 2059 3139 C
2091 3061 2180 3139 ὅτε

2205 3081 2366 3135 πάλιν
2400 3076 2662 3149 πρότερον
2698 3069 2956 3142 ἐτύγχανε
2987 3067 3139 3137 κοινῇ
3164 3063 3263 3132 τῆς
3296 3061 3677 3153 ἐναντιότητος

410 3173 555 3227 inter
607 3187 667 3227 se
713 3171 904 3227 libera.
969 3171 1066 3228 Sin
1122 3187 1255 3228 vero
1310 3171 1610 3241 disiunctio.
1669 3171 1989 3230 substantia:

409 3265 698 3335 utriusque
745 3264 908 3322 simul
937 3281 1003 3321 ex
1034 3266 1338 3321 aeternitate
1389 3263 1512 3330 fuit,
1545 3263 1825 3335 antiquior
1868 3270 1988 3318 erat

407 3359 566 3416 locus
600 3358 927 3414 substantia:
950 3359 1257 3431 utriusque,
1291 3359 1376 3416 vel
1413 3357 1576 3415 simul
1602 3372 1727 3414 cum
1761 3355 1872 3411 illis
1901 3355 1988 3409 in-

407 3449 648 3518 genitus.
685 3449 742 3503 Si
769 3457 955 3505 autem
995 3451 1294 3521 antiquior,
1317 3457 1379 3505 ut
1417 3451 1528 3520 jam
1565 3449 1728 3504 ambo
1773 3449 1992 3504 videan-

407 3549 502 3593 tur
530 3541 820 3611 utriusque
850 3541 955 3595 loci
983 3542 1332 3613 propagines,
1368 3556 1480 3596 non
1507 3547 1636 3597 sunt
1675 3539 1791 3594 haec
1818 3530 1992 3612 'inge-

407 3632 547 3695 nita,
567 3648 668 3687 nec
689 3642 892 3691 aeterna
919 3653 932 3688 :
967 3633 1114 3704 quod
1137 3634 1359 3703 quidem
1393 3633 1532 3688 locis
1564 3648 1632 3688 ex
1657 3631 1857 3702 quibus
1876 3630 1992 3686 hazc

408 3725 761 3789 exstiterunt,
797 3726 1071 3780 videbitur
1104 3726 1306 3782 inesse.
1352 3723 1410 3780 Si
1450 3739 1582 3780 vero
1608 3725 1763 3780 locus
1813 3731 1898 3780 est
1926 3721 1996 3777 si-

410 3815 526 3869 mul
556 3831 686 3871 cum
715 3817 825 3872 illis
866 3817 1140 3888 ingenitus
1161 3857 1176 3880 ,
1211 3825 1372 3873 erant
1421 3817 1576 3888 plura
1610 3815 1886 3888 ingenita,
1937 3823 1992 3872 et

409 3921 522 3965 non
551 3908 663 3976 jam
724 3909 833 3963 duo
863 3929 875 3964 :
930 3925 1157 3970 necesse
1199 3911 1345 3965 enim
1376 3918 1481 3975 est,
1515 3918 1576 3964 ut
1607 3910 1712 3964 alia
1761 3912 1872 3965 sint
1899 3909 1992 3963 illa

411 3997 534 4052 loca
562 4007 758 4068 praeter
786 3999 899 4055 haec
927 4015 1048 4070 qua:
1075 4000 1134 4059 in
1174 3999 1290 4055 illis
1327 4009 1477 4066 sunt,
1514 4002 1633 4056 sine
1662 4000 1862 4070 quibus
1891 4014 1992 4055 nec

410 4104 536 4146 esse
565 4099 816 4161 possunt.
1798 4108 1800 4111 -

2091 3171 2508 3247 ἀπηλλαγμένα.
2545 3169 2610 3221 Ει
2640 3166 2699 3220 δὲ
2733 3160 2996 3224 συνατδιος
3036 3155 3294 3228 ἑκατέρου
3314 3153 3435 3247 ,τῆς
3457 3152 3676 3247 eff-sia;

2090 3243 2422 3336 όχωρισμὸς
2445 3302 2458 3324 ,
2504 3254 2927 3330 προγενέστερος
2975 3248 3231 3318 ἐκατέρου
3277 3245 3377 3314 τῆς
3417 3243 3615 3336 οὐσίας
3649 3243 3676 3295 ό

2089 3335 2272 3420 τόπος,
2309 3355 2341 3425 ἢ
2374 3351 2781 3420 συναγέννητος.
2835 3342 2972 3397 Ἀλλ’
3023 3343 3070 3394 εἰ
3098 3339 3195 3411 μὲν
3225 3335 3673 3408 προγενέστερκ,

2092 3449 2168 3512 ὡς
2193 3447 2455 3516 ἑκατέρου
2498 3442 2661 3496 τόπου
2694 3439 2979 3510 βλάστημα
3008 3434 3182 3488 δοκεῖν
3213 3425 3352 3483 εἶναι
3384 3429 3672 3500 ἑκάτερον,

2091 3539 2204 3598 οὔτ’
2236 3538 2506 3608 ἀγέννητα
2533 3533 2724 3597 ταῦτα,
2756 3529 2880 3584 οὔτε
2923 3527 3094 3582 ἀΐδια·
3122 3525 3258 3594 ὅπερ
3282 3521 3554 3592 ὑπάρχειν
3588 3521 3674 3572 66-

2095 3630 2174 3698 ξει
2217 3633 2329 3693 τοῖς
2377 3628 2559 3689 τόποις
2621 3622 2682 3691 ὲξ
2729 3617 2806 3677 ὧν
2850 3619 3054 3675 ταῦτα·
3095 3617 3144 3669 εί
3198 3615 3255 3670 δὲ
3311 3613 3675 3684 συναγένητος

2093 3723 2270 3788 ἔσται,
2299 3721 2486 3784 πλείω,
2514 3719 2609 3772 καὶ
2633 3717 2815 3772 οὐκέτι
2839 3714 2931 3768 δύο
2958 3714 3025 3767 τὰ
3048 3711 3303 3780 ἀγένητα·
3326 3708 3544 3774 ἀνάγκη
3568 3706 3675 3774 γὰρ

2095 3813 2259 3885 ἕτερα
2313 3810 2600 3880 τυγχάνειν
2653 3809 2836 3861 ἐκεῖνα
2888 3803 3038 3874 παρὰ
3088 3799 3281 3862 ταῦτα,
3330 3799 3387 3851 ὲν
3431 3791 3518 3860 οἷς
3560 3798 3674 3852 ἐστι

2095 3905 2288 3971 ταῦτα,
2320 3894 2396 3961 ὦν
2429 3900 2559 3956 ἄνευ
2589 3899 2708 3960 οὐδὲ
2738 3893 2876 3953 εἶναι
2908 3895 3210 3966 δυνήσεται.

1279 4183 1410 4240 CAP.
1443 4180 1554 4238 γυ.
1585 4181 1832 4252 Spatium
1861 4183 1999 4237 inter
2024 4182 2130 4236 duo
2169 4178 2435 4250 principia
2473 4175 2736 4247 quodnam
2760 4175 2792 4228 1’

482 4277 564 4331 Ad
591 4277 706 4330 haec
736 4277 1068 4346 poscendum
1098 4284 1183 4334 est
1222 4279 1290 4332 ab
1336 4277 1458 4338 istis
1485 4277 1890 4343 intermedium,
1931 4286 1986 4333 et
2019 4305 2064 4361 ι)
2163 4279 2180 4330 1

2165 4277 2307 4349 Πρὸς
2341 4276 2400 4329 δὲ
2423 4274 2634 4336 τούτοις
2668 4271 2760 4324 καὶ
2805 4266 3052 4340 μεθόριον
3081 4260 3407 4361 ἀμφοτέρων
3437 4257 3674 4361 amat??-

411 4371 661 4440 utrisque
719 4369 1097 4438 intcrjectum,
1157 4369 1302 4440 quod
1351 4370 1579 4425 alterius
1626 4384 1750 4423 cum
1813 4369 1988 4424 altero

410 4462 860 4518 communitatem
886 4468 1069 4519 arceat
1095 4470 1149 4516 et
1173 4461 1479 4530 prohibeat,
1509 4477 1577 4519 ne
1599 4460 1800 4520 ﬁnibus
1847 4460 1988 4516 inter

411 4569 473 4611 se
505 4553 812 4617 commista,
843 4566 1037 4608 rursus
1059 4553 1342 4622 rationem
1390 4567 1454 4606 ac
1489 4559 1741 4606 naturam
1771 4560 1987 4606 contra-

410 4645 620 4700 riorum
653 4644 864 4702 tollant.
912 4645 1054 4712 Quid
1079 4645 1247 4716 igitur
1281 4644 1387 4699 erit
1439 4643 1606 4709 istud,
1644 4643 1791 4714 quod
1826 4642 1986 4703 ambo

411 4737 505 4797 illa
527 4736 892 4802 disterminet,
924 4744 978 4793 et
1025 4736 1384 4807 iutersepiat?
1439 4751 1577 4806 opus
1631 4737 1774 4790 enim
1824 4735 1988 4790 habet

410 4826 556 4898 apud
578 4827 714 4882 istos
733 4825 1019 4896 cujusdam
1048 4826 1196 4882 tertii
1235 4833 1604 4884 commentum
1636 4824 1852 4880 fabulae.
1901 4824 1984 4882 An

411 4918 610 4975 dicturi
634 4924 763 4973 sunt
787 4917 966 4980 nobis,
993 4931 1117 4972 esse
1145 4931 1363 4976 murum
1401 4916 1811 4971 adamantinum
1830 4956 1844 4979 ,
1893 4922 1988 4974 aut

411 5010 557 5066 aliud
579 5009 707 5080 quid
739 5008 1010 5064 delirum?
1040 5006 1340 5078 Cujusnam
1361 5006 1857 5079 vero.providentia
1883 5006 1988 5061 hoc

410 5101 676 5172 quidquid
707 5102 801 5168 sit,
835 5101 1194 5169 interseptum
1237 5114 1361 5156 esse
1399 5097 1625 5154 dicent?
1659 5098 1988 5167 utricunque

409 5195 556 5249 enim
597 5193 1000 5249 contrariorum
1045 5191 1149 5245 hoc
1185 5191 1468 5262 assignare
1501 5189 1674 5244 velint
1722 5200 1981 5260 tanquam

411 5297 596 5357 postea
649 5287 995 5349 immissum,
1045 5301 1156 5340 non
1213 5283 1487 5353 reperient
1537 5283 1739 5338 exitum
1783 5283 1840 5337 in
1879 5281 1984 5336 hac

410 5393 602 5446 causa,
632 5396 808 5450 neque
864 5395 924 5434 se
962 5378 1090 5432 hinc
1129 5376 1440 5446 expedient.
1496 5373 1772 5430 Revocata
1834 5375 1982 5430 enim

486 5536 586 5600 θ’)
617 5538 751 5591 Δύο.
786 5535 845 5590 ln
871 5535 994 5591 cod.
1033 5549 1136 5588 ms.
1169 5541 1287 5588 erat
1306 5533 1407 5595 διό,
1430 5533 1582 5586 nullo
1607 5532 1764 5602 plane
1790 5547 1990 5597 sensu;

416 5607 646 5675 ideoque
677 5607 808 5660 illud
836 5607 1097 5660 omiserat
1120 5603 1458 5668 Turrianus;
1486 5603 1832 5675 reposuimus
1861 5603 1985 5667 660;

416 5677 524 5736 duo
558 5673 754 5749 quippe
788 5676 1040 5730 tuebatur
1079 5675 1344 5746 principia
1382 5675 1582 5729 Manes.
1617 5673 1775 5727 BASN.

2089 4347 2233 4434 τέον,
2271 4369 2504 4438 διεῖργον
2535 4365 2628 4420 καὶ
2661 4358 2956 4414 διακωλῦον
2996 4354 3242 4425 ἑκατέρῳ
3272 4351 3373 4421 τὴν
3405 4349 3547 4419 πρὸς
3563 4347 3675 4438 ea-

2089 4475 2248 4530 τερον
2290 4455 2593 4518 κοινωνίαν,
2633 4453 2718 4505 ἵνα
2768 4451 2862 4522 μὴ,
2901 4447 2988 4501 διὰ
3030 4444 3136 4498 τῶν
3185 4441 3472 4513 τερμάτων
3523 4434 3672 4499 αὖθις

2090 4529 2339 4621 ἀλλήλοις
2382 4543 2851 4616 καταμιγνύμενα,
2897 4539 2987 4592 τὸν
3029 4538 3127 4608 τῆς
3153 4533 3534 4600 ἐναντιότητος
3564 4529 3672 4621 Bur-

2092 4620 2290 4714 φθείρῃ
2326 4641 2504 4708 λόγον.
2556 4639 2620 4690 Τί
2673 4636 2851 4690 τοίνυν
2889 4632 3040 4685 ἔσται
3082 4629 3141 4682 τὸ
3191 4625 3526 4696 διαφράττον
3584 4620 3674 4714 καὶ

2091 4712 2325 4804 διεῖργον
2353 4733 2518 4800 ἄμφω
2541 4748 2555 4795 ;
2598 4728 2780 4800 τρίτου
2815 4725 2922 4794 γάρ
2944 4738 3088 4783 τινος
3125 4719 3243 4772 κατ’
3267 4716 3460 4770 οὐσίαν
3485 4712 3673 4804 χρείαν

2088 4801 2210 4900 ἔχειν
2251 4823 2382 4894 παρ’
2425 4821 2606 4883 αὐτοῖς
2652 4818 2752 4888 τῆς
2802 4811 3120 4887 μυθολογίας
3161 4808 3223 4860 τὺ
3277 4805 3530 4900 πλάσμα.
3551 4801 3673 4873 Ἆρ’

2085 4897 2181 4970 οὖν
2206 4915 2267 4967 τὸ
2294 4913 2648 4984 ἀδαμάντινον
2695 4911 2869 4977 τεῖχος
2897 4903 3109 4972 ἐροῦσιν
3136 4901 3287 4971 ἡμῖν,
3317 4899 3350 4969 ἡ
3389 4915 3444 4949 τι
3465 4897 3670 4965 ἕτερον,

2087 5003 2492 5076 παραπαίοντες
2522 5017 2537 5066 ;
2575 4998 2653 5070 Τῇ
2690 4997 2832 5059 τίνος
2861 4994 2918 5046 δὲ
2950 4990 3174 5064 προνοίᾳ
3206 4986 3349 5041 τοῦθ’
3375 4987 3406 5038 ὃ
3426 4985 3671 5054 ποτ-εστ)

2089 5096 2320 5166 φήσουσι
2355 5088 2786 5164 παρεγκεῖσθαι;
2829 5083 3101 5154 Ὀποτέρῳ
3131 5079 3240 5152 γὰρ
3276 5077 3386 5131 τῶν
3417 5076 3673 5129 ἐναντίων

2093 5185 2400 5257 βουληθεῖεν
2429 5183 2705 5238 ἀναθεῖναι
2730 5179 2904 5241 τοῦτο,
2937 5176 3012 5239 ὡς
3035 5171 3261 5242 ὕστερόν
3304 5185 3437 5220 ποτε
3465 5183 3672 5236 παρεμ-

2091 5279 2307 5352 ϐληθὲν,
2344 5278 2548 5350 ἄπορος
2570 5277 2756 5336 αὐτοῖς
2782 5273 2815 5342 ἠ
2853 5268 3105 5329 ὑπόθεσις
3131 5262 3508 5352 εὑρεθήσεται.
3533 5258 3671 5328 Πρὸς

2091 5351 2201 5445 γὰρ
2229 5373 2290 5427 τὸ
2322 5370 2673 5442 ἀρχαιότερον
2719 5362 2926 5426 ἀναϐὰς
2962 5363 2990 5413 ὁ
3034 5359 3191 5426 λόγος
3230 5351 3387 5416 αὖθις
3436 5352 3672 5423 φωράσω

2175 5529 2252 5599 (3)
2274 5528 2457 5598 Vulg.,
2480 5524 2728 5599 sesama
2756 5521 2916 5577 Eun.
2948 5591 2960 5599 _
3065 5585 3146 5599 η.
3200 5585 3212 5596 ν

2169 5578 2270 5670 ίέί)
2295 5578 2687 5663 'fd'r’iégeém
2708 5578 2856 5657 ποτε,
2883 5591 2963 5646 νει
3001 5585 3165 5651 τοῦθ’,
3196 5585 3226 5637 δ
3259 5583 3312 5636 τί
3339 5598 3493 5636 πτδτε·
3523 5578 3666 5632 Εωτί
