3782 6166
140 313 284 371 1077

1198 306 1568 372 ADVERSUS
1605 311 2026 375 MANICHA‘IOS
2063 311 2190 369 LIB.
2235 311 2276 366 Ι.

3247 308 3379 362 1'078

137 431 214 485 τὰ
241 429 453 484 ἐναντία
485 429 729 500 ἀλλήλων
772 429 1069 501 ἀχώριστα,
1097 431 1171 493 ὼς
1202 430 1452 502 οὐδαμῶς
1481 431 1709 485 ἐναντία.

1824 429 2170 484 ascendendo
2203 427 2270 486 ad
2306 425 2586 497 antiquius
2631 423 2928 496 disputatio
2967 437 3160 479 rursus
3190 423 3382 493 depre—
3410 485 3424 498 ἢ

139 525 208 577 Εἰ
229 524 284 576 δὲ
306 522 596 594 μηδετέρου
616 523 840 594 προνοίᾳ
859 523 919 575 τὸ
934 523 1200 595 μεθόριον,
1215 524 1244 576 ὃ
1262 523 1528 594 δηλοῦσιν,
1549 525 1716 595 ὑπάρ-

140 615 231 680 ξαι
259 615 332 686 φή
341 631 430 666 σου
439 631 539 679 σιν,
557 614 644 667 ἓτε
651 632 740 686 ρον
761 614 1051 686 ἀγέννητον
1070 616 1448 685 ἐπεισάγοντες
1465 617 1524 682 ἐξ
1548 617 1714 686 ἀνάγ-

138 723 246 777 κης
285 703 634 775 ὁμολογοῦσι,
690 706 984 779 μηδετέρου
1030 707 1139 760 τῶν
1186 708 1438 762 ἐναντίων
1493 710 1591 780 τῆς
1627 711 1715 761 οὺ-

139 799 267 861 σίας
318 797 574 868 μετέχον,
622 798 710 852 ἵνα
755 798 832 870 τῷ
895 799 1069 871 πάντη
1125 799 1458 854 διαλλάττειν
1508 799 1716 874 χωρίζῃ

137 888 314 942 ταῦτα
335 905 349 918 °
389 885 482 942 κὰὶ
503 888 885 961 εὑρεθήσονται
911 890 1064 961 ὄχλον
1089 893 1393 963 ἀγεννήτων
1422 891 1714 962 τιθέμενοι,

135 979 236 1032 δύο
263 979 531 1051 φήσαντες
564 974 718 1034 εἶναι.

211 1271 296 1326 Τὰ
323 1271 580 1343 ἀγένητα,
619 1271 681 1326 τὸ
711 1272 892 1344 μέντοι
919 1271 1152 1343 διεῖργον
1179 1271 1272 1326 καὶ
1308 1271 1574 1344 μεθόριον,
1607 1271 1715 1324 εῐτε

136 1363 206 1436 δὴ
239 1366 434 1434 τεῖχος,
462 1365 569 1417 εἴτε
603 1364 674 1434 γῆ
705 1364 904 1428 ἄοικος,
936 1363 1047 1417 εἴτε
1083 1364 1176 1417 καὶ
1210 1364 1346 1436 ὅπερ
1372 1363 1438 1417 ἂν
1476 1363 1675 1418 θέλοιεν
1698 1379 1714 1396 ο

138 1455 246 1509 ποῦ
277 1456 374 1526 μὲν
406 1451 494 1527 ἆρ’
522 1455 632 1526 ἔχει
683 1455 780 1527 τὴν
824 1455 1005 1527 ἕδραν,
1054 1455 1158 1508 ποῦ
1206 1455 1263 1508 δὲ
1293 1456 1392 1527 τὴν
1435 1457 1714 1528 κορυφήν;

151 1549 316 1602 Ἀλλά
356 1549 536 1620 δῆλον,
558 1548 633 1612 ὡς
681 1547 832 1602 κάτω
876 1549 974 1620 μὲν
1023 1547 1120 1621 τὴν
1150 1548 1339 1626 ἐδραν’
1378 1547 1481 1601 ποῦ
1623 1549 1719 1601 καὶ

137 1643 349 1709 πόσον;
383 1644 528 1696 Ἀνω
553 1642 610 1696 δέ
656 1641 753 1714 τὴν
791 1643 1066 1714 κορυφήν·
1099 1642 1202 1695 ποῦ
1251 1643 1346 1695 καὶ
1385 1641 1476 1696 ἐπὶ
1511 1641 1674 1696 πόσον
1702 1659 1716 1708 ;

1817 523 2016 593 hendet
2037 515 2331 576 contraria
2364 521 2507 574 inter
2554 532 2614 575 se
2642 525 2914 585 separata,
2945 524 3204 585 tanquam
3231 515 3382 569 nullo

1816 613 1978 668 modo
2001 613 2292 668 contraria.
2329 609 2426 666 Sin
2473 625 2604 665 vero
2645 609 2894 663 neutrius
2925 605 3264 682 providentia
3298 605 3385 659 in-

1815 715 2130 776 terseptum,
2152 706 2297 776 quod
2330 703 2631 768 declarant,
2674 718 2795 758 esse
2835 702 3098 766 dixerint,
3130 712 3384 754 necessa-

1815 799 1900 853 rio
1930 799 2166 854 fatentur
2191 797 2538 853 introducere
2566 811 2626 851 se
2657 795 2859 866 aliquid
2884 794 3206 864 ingenitum,
3237 787 3383 861 quod

1815 891 2068 947 neutrius
2101 889 2460 946 substantiam
2513 888 2834 959 participet,
2888 893 2950 939 ut
2982 885 3204 940 omnino
3248 883 3383 938 diri-

1815 983 2016 1040 mendo
2050 991 2265 1054 separet
2302 983 2449 1048 hac;
2481 991 2644 1052 atque
2676 981 2751 1035 ita
2785 980 2896 1044 fiet,
2933 988 2991 1034 ut
3041 977 3383 1048 reperiantur

1815 1075 2034 1130 turbam
2061 1075 2424 1146 ingenitorum
2462 1089 2690 1144 ponere,
2729 1073 2820 1143 qui
2846 1073 2955 1127 duo
2985 1071 3224 1142 ingenita
3261 1085 3383 1126 esse

1815 1169 2088 1226 dixerunt.

1887 1282 2139 1337 Attamen
2169 1281 2274 1336 hoc
2310 1281 2454 1352 quod
2502 1281 2879 1343 disterminat,
2918 1286 2972 1334 et
3024 1279 3382 1346 interseptum

1815 1383 1917 1438 est,
1951 1374 2065 1429 sive
2085 1389 2276 1428 murus
2304 1381 2421 1437 est,
2469 1373 2584 1429 sive
2615 1380 2761 1428 terra
2795 1372 2913 1428 sine
2941 1369 3226 1434 domibus,
3266 1368 3382 1423 sive

1816 1466 1962 1521 aliud
2012 1466 2290 1537 quodlibet
2332 1485 2345 1521 :
2404 1465 2646 1536 nunquid
2701 1465 2897 1520 alicubi
2951 1461 3168 1532 quidem
3219 1461 3384 1515 habet

1815 1559 2013 1624 basim,
2035 1558 2236 1614 alicubi
2265 1572 2398 1614 vero
2431 1559 2687 1613 culmen?
2713 1558 2877 1627 Atqui
2904 1555 3248 1626 perspicuum
3274 1561 3381 1616 est,

1815 1651 1958 1705 infra
1990 1651 2208 1722 quidem
2242 1650 2442 1706 habere
2480 1650 2653 1706 basim
2681 1669 2693 1703 :
2732 1649 2827 1706 sed
2856 1649 2972 1713 ubi,
3008 1655 3062 1703 et
3089 1647 3383 1718 quantam?

137 1735 217 1787 Τὸ
259 1734 366 1806 γὰρ
411 1733 522 1788 ἀνω
575 1735 667 1787 καὶ
704 1733 854 1787 κάτω
899 1733 1260 1805 δημιουργίας
1305 1732 1563 1804 ὀνόματα,
1610 1732 1709 1803 πρὸ

1821 1742 1996 1814 Supra
2031 1758 2161 1798 vero
2191 1742 2427 1808 culmen,
2457 1742 2549 1797 Sed
2582 1741 2714 1806 ubi,
2774 1750 2827 1797 et
2857 1740 3152 1812 quantum?
3207 1737 3381 1808 Supra

136 1825 536 1898 δημιουργίας’
563 1825 643 1878 δεῖ
673 1826 854 1897 μέντοι
895 1827 989 1880 καὶ
1030 1826 1322 1897 βαθύτερον
1362 1826 1455 1879 καὶ
1513 1825 1714 1895 ὑψηλὸ-

135 1935 299 1991 τερον
320 1915 539 1974 εἶναιτὸ
574 1918 820 1990 μεθόριον
846 1917 946 1988 τῆς
971 1917 1076 1972 τῶν
1107 1919 1485 1989 χωριζομένων
1505 1918 1710 1982 οὐσίας·

138 2011 228 2064 ἵνα
275 2011 350 2083 μὴ
392 2010 636 2066 κάτωθεν
682 2011 715 2081 ἢ
761 2010 964 2064 ἀνωθεν
1009 2010 1278 2080 ἐλλείψαν,
1323 2011 1554 2082 πάροδον
1604 2014 1716 2075 τοῖς

139 2101 402 2165 ἐναντίοις
426 2102 684 2174 παράσχῃ
724 2102 858 2173 πρὸς
891 2101 1112 2173 ἄλληλα.
1143 2103 1204 2155 El
1224 2101 1280 2155 δὲ
1314 2104 1441 2174 σκιᾷ
1463 2104 1557 2157 καὶ
1582 2103 1715 2175 ήλίῳ

139 2193 540 2264 παραδάλλοιεν
571 2193 600 2247 ὃ
625 2192 848 2247 καλοῦσι
891 2192 1157 2264 μεθόριον,
1189 2193 1460 2264 οἰήσονται
1494 2195 1611 2265 μὲν,
1641 2193 1716 2257 ὡς

137 2286 295 2338 οὐδὲν
326 2287 664 2340 ἐπικοινωνεί
708 2284 784 2355 τῷ
821 2283 954 2356 ήλίῳ
995 2287 1029 2355 ή
1069 2284 1212 2346 σκιὰ,
1252 2283 1714 2356 διελεγχθήσονται

137 2377 194 2432 δὲ
241 2378 492 2448 χαλεπῶς
537 2378 674 2449 πρὸς
718 2376 813 2430 τοῦ
863 2377 1139 2441 Μάνεντος
1183 2377 1553 2448 ἠπατημένοιο
1588 2376 1716 2430 σκιά

138 2471 249 2547 γὰρ
286 2471 435 2544 ἡλίου
482 2470 734 2542 κοινωνίᾳ
777 2471 871 2525 καὶ
912 2469 978 2523 δι’
1039 2468 1158 2522 ὅλου
1207 2467 1481 2539 παρουσίᾳ
1521 2468 1714 2537 γένοιτ’

139 2563 225 2627 ἂν,
261 2563 428 2632 ὅγκου
461 2563 604 2626 τινὸς
629 2563 910 2634 ἀνέχοντος
937 2563 994 2614 ἐν
1027 2560 1177 2632 μέσῳ
1207 2559 1301 2614 καί⁸
1330 2559 1466 2630 πρὸς
1495 2558 1716 2630 θάτερον

141 2657 310 2728 μέρος
332 2656 501 2728 αὐτὴν
529 2656 988 2728 παραπέμποντος
1007 2670 1021 2684 ο
1067 2655 1162 2708 καὶ
1205 2652 1331 2704 σκιά
1357 2651 1444 2722 εἴη
1469 2649 1536 2703 ἂν
1564 2650 1715 2704 οὐδὲν

136 2750 347 2823 ἕτερον,
381 2750 415 2822 ή
445 2751 740 2821 τεκμήριον
764 2748 960 2818 φωτὸς,
991 2745 1082 2800 διά
1111 2761 1256 2807 τινος
1285 2741 1715 2815 παρεγκειμένου

1813 1835 1957 1890 enim
1985 1843 2039 1890 et
2065 1833 2206 1889 infra
2231 1833 2453 1889 nomina
2478 1834 2856 1890 fabricationis
2885 1831 3107 1896 mundi,
3147 1838 3273 1885 ante
3301 1830 3379 1884 fa-

1814 1927 2170 1984 bricationem
2206 1935 2334 1982 sunt
2363 1927 2510 1999 apud
2555 1930 2692 1983 istos
2724 1946 2736 1981 :
2783 1924 2942 1996 atqni-
2961 1930 3174 1994 oportet
3216 1924 3384 1979 etiam

1815 2018 2170 2088 interseptum
2195 2017 2526 2088 profundius
2555 2025 2608 2073 et
2640 2017 2803 2072 altius
2833 2031 2956 2072 esse
2983 2029 3145 2084 quam
3170 2028 3233 2070 ea
3260 2027 3380 2082 qua:

1813 2110 2302 2178 disterminantur;
2333 2125 2402 2166 ne
2431 2110 2477 2166 si
2527 2109 2658 2181 quid
2707 2125 2772 2164 ex
2810 2114 2964 2179 parte
2998 2105 3241 2162 inferiori
3287 2111 3381 2158 aut

1815 2204 2100 2273 superiore
2137 2201 2384 2267 deﬁciat,
2435 2200 2640 2256 aditum
2690 2201 2978 2257 contrariis
3015 2198 3278 2268 praebeat,
3319 2203 3381 2248 ut

1815 2295 1978 2350 simul
2002 2295 2132 2350 sint.
2167 2292 2224 2348 Si
2248 2305 2428 2350 autem
2457 2309 2580 2349 cum
2611 2292 2807 2348 umbra
2841 2300 2896 2356 et
2926 2292 3039 2347 sole
3063 2296 3381 2359 comparent

1815 2387 1970 2451 illud,
1985 2387 2130 2458 quod
2143 2387 2494 2457 interseptum
2508 2393 2721 2450 vocant,
2737 2384 3003 2456 putabunt
3014 2381 3229 2453 quidem
3246 2379 3380 2434 nihil

1816 2479 2016 2536 habere
2044 2494 2335 2536 commune
2373 2478 2619 2535 umbram
2666 2491 2790 2532 cum
2840 2476 2990 2542 sole;
3024 2474 3379 2530 convincetur

1814 2579 2022 2638 tamen,
2081 2571 2341 2642 deceptos
2370 2586 2494 2628 esse
2553 2585 2648 2626 eos
2695 2570 2927 2640 turpiter
2968 2582 2999 2621 a
3037 2565 3376 2621 Manichaee:

1815 2665 2008 2720 umbra
2038 2665 2183 2721 enim
2229 2665 2615 2721 communione
2659 2663 2792 2720 solis
2828 2671 2891 2717 et
2933 2661 3220 2732 praesentia
3263 2658 3376 2714 ﬁeri

1817 2755 1954 2811 solet
1982 2755 2121 2811 mole
2148 2755 2384 2826 quadam
2427 2755 2767 2825 interposita,
2789 2752 3380 2824 quaecommunionem

139 2840 393 2911 σώματος
421 2839 846 2912 ἐμποδιζομένου
864 2857 879 2870 ·
907 2839 1029 2892 ἐπεί
1056 2855 1136 2891 τοι
1161 2836 1337 2906 φωτὸς
1365 2837 1422 2889 ἐν
1454 2837 1609 2890 νυκτὶ
1641 2837 1709 2909 μή

1818 2857 1870 2906 ει
1898 2849 2242 2920 praesentiam
2276 2849 2408 2904 solis
2455 2849 2523 2904 ad
2575 2849 2799 2903 alteram
2851 2855 3062 2918 partem
3097 2844 3382 2900 transmit-

137 2931 428 3003 παρόντος,
482 2931 590 2984 οὐδ’
626 2928 690 2983 ἂν
741 2927 871 2983 σκιά
920 2928 1118 3001 μερικὴ
1168 2930 1393 2998 γένοιτο.
1439 2931 1558 3003 Ἆρ’
1599 2927 1709 2995 οὖν,

1818 2941 1914 3006 tit;
1947 2939 2192 3010 nihilque
2236 2939 2385 2993 aliud
2421 2939 2617 2994 umbra
2654 2946 2761 3003 est,
2784 2953 2949 3008 quam
3006 2935 3268 2991 indicium
3299 2936 3384 2989 luo

134 3024 240 3096 ὅπη
277 3021 426 3086 σκιὰ,
469 3023 586 3077 ἐκεῖ
639 3021 791 3091 φῶςο
841 3020 910 3075 τά
953 3019 1062 3092 γὰρ
1109 3021 1365 3075 ἐπέκεινα
1399 3021 1499 3092 τῆς
1533 3025 1709 3090 σκιᾶς,

1818 3032 1980 3088 minis
2018 3046 2250 3102 corpore
2273 3032 2526 3101 quopiam
2567 3016 2858 3099 interjecto
2885 3027 3169 3099 impediti:
3221 3034 3384 3085 nocte

139 3117 280 3184 φωτὶ
321 3114 765 3184 καταλάμπεταιο
811 3111 950 3185 πλὴν
981 3115 1030 3166 εί
1060 3115 1133 3184 μή
1161 3130 1225 3183 γε
1251 3113 1313 3167 τὺ
1345 3112 1565 3178 σκιάζον
1591 3114 1709 3185 ὕψει

1819 3126 1987 3187 enim,
2020 3138 2145 3178 cum
2178 3137 2286 3178 non
2313 3123 2467 3179 adest
2501 3123 2704 3189 lumen,
2734 3136 2834 3178 nec
2865 3136 2994 3191 pars
3026 3121 3232 3182 umbrae
3261 3134 3382 3174 esse

136 3210 197 3262 τὸ
225 3209 461 3278 φωτίζον
493 3206 810 3279 παμπληθεὶ⁹
861 3205 1211 3276 ὑπερϐαίνει·
1259 3205 1362 3260 κᾶν
1405 3205 1480 3278 μή
1525 3207 1586 3261 τὸ
1627 3224 1709 3276 γε·

1818 3218 2016 3279 potest.
2051 3208 2151 3264 Ubi
2183 3209 2345 3280 igitur
2375 3210 2566 3265 umbra
2600 3220 2703 3274 est,
2731 3210 2805 3265 ibi
2840 3211 3056 3274 lumen;
3089 3224 3210 3278 quae
3237 3209 3384 3264 enim

137 3303 408 3356 λοιότατον
446 3303 622 3371 τεῖχος
666 3299 743 3370 τῷ
793 3298 1086 3371 παραλόγῳ
1129 3298 1291 3370 τεθῇ,
1332 3299 1446 3369 φῶς
1477 3301 1534 3354 ἐν
1579 3301 1709 3370 φωτὶ

1818 3302 1960 3356 ultra
1990 3301 2239 3358 umbram
2283 3310 2431 3369 sunt,
2462 3303 2665 3358 lumine
2695 3303 2986 3367 collucent,
3022 3310 3384 3372 praeterquam

137 3393 464 3465 διαιτωμένη
487 3392 785 3464 φανήσετςιι
813 3393 848 3462 ή
892 3390 1080 3444 κακία.
1115 3389 1237 3454 Πῶς
1272 3390 1381 3462 γὰρ
1413 3391 1478 3446 ἂν
1509 3392 1709 3462 γένοιτο

1818 3408 1944 3448 cum
1977 3395 2029 3449 id
2055 3394 2198 3465 quod
2229 3395 2474 3450 umbram
2529 3395 2694 3460 facit,
2748 3395 2916 3450 multa
2947 3394 3234 3449 altitudine
3293 3410 3385 3449 su-

140 3487 289 3553 σκιά,
317 3487 411 3540 τοῦ
430 3485 606 3555 φωτὸς
644 3485 709 3538 δι’
733 3484 856 3538 ὅλου
892 3483 1035 3538 κατά
1062 3483 1163 3553 τῆς
1195 3482 1327 3554 ὕλης
1359 3483 1530 3548 ὄντος,
1561 3487 1608 3538 εί
1640 3486 1709 3558 μή

1818 3492 1973 3554 perat
2000 3485 2056 3546 id
2083 3485 2228 3556 quod
2259 3486 2572 3552 illuminat;
2603 3494 2657 3542 et
2687 3487 2888 3540 malum
2936 3487 2990 3540 in
3031 3485 3236 3540 lumine
3280 3484 3381 3538 ha-

138 3600 190 3635 τι
223 3583 287 3635 ἐν
327 3580 478 3652 μέσῳ
507 3597 570 3648 γε
608 3579 810 3649 ἀνέχοι,
854 3577 948 3631 καὶ
991 3576 1277 3632 ἀποκλεῖω
1307 3576 1376 3630 δι’
1407 3577 1529 3631 ὅλου
1575 3581 1709 3631 ποιοί

1818 3575 1994 3634 bitans
2028 3577 2209 3632 lumen
2240 3593 2362 3634 esse
2386 3578 2686 3649 apparebit,
2719 3579 2827 3636 nisi
2883 3591 3098 3631 murum
3149 3576 3383 3631 maxime

139 3673 352 3744 αὑτήν;
415 3665 476 3724 οὗ
532 3671 606 3742 μὴ
659 3670 736 3740 (4)
792 3665 1225 3739 παρεγκειμένου
1252 3706 1267 3731 ,
1329 3668 1424 3721 καὶ
1468 3667 1709 3721 πλεῖστον

1818 3669 2106 3723 ridiculum
2137 3671 2374 3740 positum
2406 3671 2625 3726 habent.
2678 3669 2965 3737 Quomodo
2993 3670 3138 3724 enim
3190 3669 3383 3723 umbra

139 3765 260 3817 ὅσον
289 3762 588 3833 ἀνέχοντος,
613 3760 790 3818 κοινὸν
830 3759 1014 3824 ἀϊδίως
1053 3758 1203 3812 ἔσται
1232 3759 1326 3812 καὶ
1347 3761 1416 3832 τῇ
1465 3760 1632 3831 κακίᾳ
1657 3759 1709 3813 τὸ

1818 3776 1936 3818 esse
1974 3765 2175 3832 poterit
2223 3762 2428 3827 lumine
2478 3764 2758 3824 materiam
2809 3778 2876 3822 ex
2902 3761 3049 3816 omni
3082 3767 3237 3831 parte
3265 3761 3381 3816 col-

141 3855 277 3924 φῶς.
1816 3852 2106 3921 lustrante,
2141 3854 2248 3910 nisi
2283 3855 2414 3925 quid
2459 3856 2514 3912 in
2554 3855 2731 3910 medio
2773 3854 3080 3925 prohibeat,
3114 3863 3169 3909 et
3200 3854 3382 3908 lumen

139 3947 366 4002 omnino
440 3947 509 4002 ab
551 3962 616 4002 ea
681 3946 978 4004 excludens
1022 3948 1272 4002 umbram
1326 3943 1558 4001 efficiat?
1604 3943 1662 3998 In
1703 3945 1909 4012 lumine
1970 3963 2080 4003 non
2125 3948 2397 4006 videbitur
2444 3950 2692 4020 posuisse
2735 3964 2834 4019 pro
2911 3963 3068 4004 mure
3120 3947 3382 4014 ridiculo;

138 4043 286 4112 quod
324 4043 708 4112 interpositum
740 4042 926 4101 sinon
988 4043 1082 4108 sit,
1137 4049 1191 4098 et
1245 4057 1408 4112 quam
1443 4040 1679 4095 maxime
1737 4039 2121 4110 disterminet,
2182 4052 2439 4115 perpetua
2501 4044 2605 4106 erit
2653 4043 3019 4101 communitas
3071 4043 3216 4098 malo
3261 4055 3384 4097 cum

139 4138 366 4194 lumine.

207 4253 374 4322 Αὖθις
416 4257 478 4316 τὸ
525 4258 892 4332 μεσημϐρινὸν
936 4260 1096 4332 μέρος
1138 4263 1204 4332 τῇ
1254 4261 1420 4334 κακίᾳ
1462 4263 1709 4328 διδόντες,

1895 4261 2146 4325 Rursus,
2189 4257 2547 4314 meridianam
2579 4265 2791 4329 partem
2840 4259 2986 4314 malo
3042 4259 3382 4324 tribuentes,

138 4349 210 4413 ὡς
240 4350 376 4422 ὅναρ
399 4352 498 4420 τῆς
528 4350 884 4421 δημιουργίας
932 4349 1290 4424 διαγράφουσι
1308 4371 1321 4383 ο
1357 4352 1459 4407 ποῦ
1508 4353 1617 4425 γὰρ
1646 4350 1709 4426 ἦν

1821 4354 2094 4410 somnium
2130 4351 2353 4406 fabricae
2384 4350 2746 4406 describunt:
2781 4349 2876 4404 ubi
2919 4351 3062 4405 enim
3097 4358 3216 4404 erat
3265 4365 3383 4404 me-

140 4433 454 4521 μεσίημδρία
501 4441 609 4513 πρὸ
651 4441 1031 4516 μεσημϐρίας;
1075 4444 1419 4517 Ἀτιμότερος
1458 4446 1515 4500 δέ
1552 4448 1709 4512 τόπος

1819 4447 1987 4504 ridies
2017 4455 2142 4501 ante
2175 4445 2497 4500 meridiem?
2545 4444 2722 4500 Locus
2758 4451 2937 4499 autem
2975 4443 3033 4498 in
3078 4443 3266 4497 mundi
3303 4441 3386 4496 fa-

137 4534 294 4600 ἅλλος
325 4535 484 4590 ἄλλου
518 4535 616 4604 τῆς
652 4535 1010 4606 δημιουργίας
1031 4537 1130 4590 οὐκ
1161 4535 1227 4590 ἂν
1250 4538 1486 4606 γένοιτο·
1523 4541 1584 4593 τὸ
1609 4541 1709 4613 γάρ

1820 4539 1970 4595 brica
1999 4537 2140 4593 alius
2168 4537 2276 4594 alio
2303 4536 2680 4592 inhonoratior
2704 4551 2812 4591 non
2845 4543 3022 4606 potest
3050 4549 3210 4590 esse:
3238 4534 3382 4605 quod

138 4625 412 4704 εὐώνυμον
433 4625 628 4699 ὁρῶντι
657 4626 793 4697 πρὸς
828 4623 999 4686 δύσιν,
1025 4625 1194 4692 δεξιὸν
1221 4622 1376 4691 αὖθις
1407 4629 1709 4700 εὑρίσκεται

1820 4632 1966 4687 enim
1999 4630 2066 4686 ad
2105 4632 2291 4686 laevam
2321 4637 2406 4685 est
2437 4629 2491 4683 in
2515 4643 2772 4684 occasum
2815 4627 3122 4699 aspicienti,
3149 4627 3214 4682 ad
3245 4628 3381 4682 dex-

137 4719 270 4788 πρὸς
321 4715 584 4779 ἀνατολὰς
638 4716 817 4770 ἰδόντι.
863 4715 1021 4769 Ἀλλά
1079 4715 1303 4788 πλείστη
1353 4718 1512 4790 μὲνὴ
1560 4720 1713 4774 τοῦδε

135 4809 225 4864 τοῦ
260 4809 594 4884 βαρὸαρικοῦ
622 4808 887 4880 δόγματος
915 4809 1114 4862 ἀτοπία
1135 4826 1147 4838 ο
1179 4809 1271 4861 δύο
1300 4809 1408 4881 γὰρ
1443 4794 1578 4875 ὅλως
1610 4813 1714 4884 όιρ⁴

137 4903 246 4973 χαὶ,
276 4902 392 4966 πῶς
421 4901 488 4956 ἂν
525 4898 656 4967 εἷεν,
683 4901 716 4972 ή
751 4901 998 4980 κληθεῖεν
1028 4901 1221 4974 ἀρχαί;
1259 4902 1399 4975 ἀρχὴ
1426 4903 1534 4974 γάρ
1562 4906 1712 4957 ἐστιν

135 4995 246 5064 ἦτε
271 4993 380 5050 τῶν
407 4994 545 5048 ὅλων
564 4993 834 5065 πρεσϐυτέ
845 5011 910 5066 ρα
946 4992 1039 5047 καὶ
1069 4994 1176 5046 τῶν
1199 4993 1458 5048 ἁπάντων
1483 4995 1708 5065 κρατοῦ-

136 5101 232 5139 σαο
267 5079 343 5141 ὧν
375 5085 652 5158 οὐδέτερον
684 5087 972 5159 ὑπάρξειεν
1003 5087 1070 5140 ἂν
1099 5087 1382 5159 οὐδετέρῳ.
1430 5087 1706 5159 Σύγχρονα

137 5174 242 5246 γάρ
296 5177 462 5252 ἄμφω
503 5178 597 5231 καὶ
634 5178 1018 5248 συναγέννητα,
1058 5177 1187 5232 ὅντα
1222 5177 1312 5231 τὸν
1368 5177 1461 5231 τοῦ
1514 5195 1707 5249 προτε-

142 5269 314 5337 ρεύειν
338 5269 586 5341 ἀλλήλοις
620 5269 919 5341 διαφθείρει
948 5271 1122 5338 λόγον.
1167 5269 1324 5323 Ἀλλά
1352 5271 1444 5323 καὶ
1477 5271 1575 5341 τῆς
1604 5272 1704 5343 άρ-

137 5361 291 5430 χικῆς
339 5358 580 5426 ἐξουσίας
626 5360 687 5413 οὐ
743 5359 903 5430 μόνον
956 5360 1199 5431 ἀλλήλων
1252 5362 1325 5424 ὡς
1378 5361 1590 5415 ἐναντία
1642 5380 1705 5431 γε

136 5449 302 5506 ταῦτα
354 5450 684 5528 ἐξῃρημένα,
731 5450 866 5504 ἀλλά
909 5452 1002 5504 καὶ
1046 5451 1202 5521 φύσει
1246 5453 1547 5523 μαχόμενα,
1587 5452 1705 5515 πῶς

141 5539 202 5593 ἂν
223 5542 363 5615 ἔχειν
390 5545 564 5598 διόλου
595 5545 654 5598 τὸ
689 5545 874 5623 ἄρχειν
907 5545 1226 5617 νομισθείη;
1260 5547 1320 5599 Εἰ
1362 5548 1540 5601 τοίνυν
1574 5546 1706 5617 μηδ-

1814 4730 1958 4778 tram
1991 4737 2184 4778 rursus
2206 4733 2288 4777 est
2313 4720 2600 4792 aspicienti
2642 4722 2698 4774 in
2740 4719 3028 4776 orientem.
3062 4717 3259 4773 Verum
3287 4719 3385 4773 ab-

1817 4815 2202 4870 surdissimum
2229 4822 2312 4869 est
2346 4814 2449 4867 hoc
2480 4811 2826 4866 barbaricum
2855 4810 3085 4882 dogma;
3109 4809 3217 4865 duo
3236 4811 3382 4865 enim

1816 4918 2042 4975 prorsus
2079 4902 2344 4972 principia
2377 4899 2648 4972 quomodo
2682 4898 2949 4968 principia
2979 4899 3128 4964 sint,
3161 4907 3254 4951 aut
3287 4911 3382 4966 ap-

1813 4996 2122 5068 pellentur?
2152 4994 2418 5066 siquidem
2453 4993 2782 5063 principium
2816 5000 2920 5055 est,
2953 4990 3096 5060 quod
3130 4988 3384 5044 omnibus

1811 5096 1896 5143 est
1919 5087 2218 5157 antiquius,
2247 5095 2300 5140 et
2325 5086 2568 5140 omnium
2621 5090 2764 5138 tenet
2802 5083 3167 5152 principatum
3200 5089 3255 5136 et
3281 5079 3383 5132 im-

1812 5181 2063 5251 perium;
2106 5194 2340 5249 quorum
2393 5190 2644 5234 neutrum
2681 5177 2735 5230 in
2767 5183 2962 5232 neutro
2995 5174 3226 5228 duorum
3260 5187 3382 5228 esse

1814 5281 2012 5344 potest.
2048 5272 2182 5328 Esse
2223 5274 2368 5328 enim
2401 5273 2564 5328 ambo
2615 5271 2858 5341 ejusdem
2893 5269 3158 5339 temporis
3190 5274 3244 5322 et
3289 5282 3386 5321 co-

1811 5373 1994 5435 gnata,
2027 5365 2290 5420 rationem
2320 5380 2508 5420 eorum
2554 5365 2696 5419 inter
2729 5380 2786 5420 se
2815 5363 3157 5433 principatus
3191 5370 3244 5414 et
3287 5375 3383 5412 ex-

1813 5454 2078 5510 cellentia:
2105 5454 2264 5509 tollit.
2303 5453 2416 5508 lmo
2444 5468 2564 5525 quae
2605 5469 2713 5508 non
2769 5453 2943 5508 solum
2997 5464 3026 5502 a
3075 5447 3381 5519 principatu

1815 5544 2104 5616 potestatis
2147 5549 2287 5603 inter
2335 5561 2394 5604 se
2426 5547 2592 5603 libera
2630 5551 2792 5610 sunt,
2845 5549 3030 5613 utpote
3063 5539 3338 5597 contraria
3365 5579 3379 5603 ,

208 5723 284 5791 (4)
314 5723 393 5782 Οὗ
417 5727 522 5795 μή.
555 5726 749 5782 υυοδδο
783 5728 870 5784 hic
920 5729 1119 5798 aliquid
1173 5727 1384 5784 videtur
1421 5746 1481 5785 ex
1529 5728 1839 5799 interprete.
