3782 6166
392 332 540 388 4079,

1554 323 1692 380 τιτι
1731 321 2165 380 nosramsns
2194 280 2518 378 apiscom'

3490 308 3646 365 ’1880

390 450 490 505 sed.
541 456 734 504 natura
788 452 1064 518 pugnant;
1117 443 1393 516 quomodo
1447 442 1676 514 cogitari
1731 451 1998 513 possunt‘

2119 445 2236 514 ‘épt?
2283 440 2484 495 τούτων
2539 435 2872 499 διαονάλνζζεταιέ¹
2911 433 3009 504 τῆς
3053 429 3224 501 ἀρχῆς
3256 431 3284 482 ὁ
3321 420 3499 494 λόγος,
3537 428 3650 486 ταὶς

392 541 592 596 habere
622 535 849 594 omnino
867 536 1273 609 principatum?
1305 535 1513 602 Quodsi
1537 536 1676 589 ratio
1695 536 1968 606 principa-

391 638 484 684 tus
516 636 772 684 neutrum
833 628 1031 682 horum
1081 626 1358 682 incolume
1411 635 1597 681 servat
1619 665 1641 689 ,,
1690 625 1979 685 quomodo,

392 720 658 790 principia
697 717 1084 775 vocabuntur?

2073 536 2138 589 ἂν
2165 535 2330 606 ἀρχαὶ⁸
2362 531 2606 602 κληθεῖεν

1331 829 1462 887 Car.
1509 831 1642 885 Vili.
1681 831 1836 885 Ratio
1869 832 1974 887 duo
1999 829 2261 901 principia
2289 842 2390 880 non
2417 825 2669 878 admittit.

467 953 751 1022 Quomodo
795 955 1040 1007 rationes
1078 951 1359 1006 naturales
1397 949 1707 1014 admittent,
1760 957 1820 1003 ut
1859 949 1972 1006 sint

395 1051 504 1105 duo
541 1049 840 1104 secundum
890 1045 1258 1101 substantiam
1305 1044 1606 1109 contraria,
1655 1043 1749 1098 ubi
1792 1041 1971 1112 primo

395 1141 616 1212 quidem
654 1154 854 1193 nomen
885 1137 1207 1193 substantia!
1242 1149 1532 1190 commune
1560 1142 1648 1189 est
1679 1134 1927 1204 utrisque
1947 1133 1981 1184 2-

323 1221 358 1242 ’“
395 1233 638 1287 Primum
666 1232 855 1304 igitur,
889 1239 1165 1302 quatenus
1194 1241 1487 1299 utrumque
1524 1227 1834 1283 substantia
1863 1234 1970 1292 est,

395 1324 752 1394 perspicuum
797 1332 901 1385 est,
951 1323 1249 1377 convenire
1277 1321 1421 1374 inter
1467 1335 1548 1381 se,
1605 1326 1662 1373 et
1705 1335 1814 1373 non
1850 1333 1972 1374 esse

394 1414 695 1468 contraria.
745 1413 952 1468 Deinde
999 1413 1159 1466 ambo
1205 1419 1333 1466 sunt
1380 1409 1660 1472 animalia,
1709 1418 1971 1479 praeterea

396 1505 681 1576 aequaliter
706 1505 968 1574 ingenita.
999 1503 1241 1570 Quorum
1272 1510 1453 1555 autem
1485 1501 1674 1557 eadem
1720 1512 1847 1556 sunt
1873 1516 1974 1555 no-

397 1599 571 1662 mina,
611 1604 668 1653 et
696 1598 884 1652 eadem
924 1595 1242 1665 descriptio,
1283 1595 1477 1648 horum
1506 1593 1811 1648 substantia
1839 1607 1978 1661 quo-

399 1688 565 1743 modo
589 1689 868 1742 contraria
901 1696 996 1742 aut
1029 1701 1280 1758 pugnans
1305 1700 1427 1740 esse
1450 1685 1666 1756 potest?
1696 1682 1975 1753 Siquidem

2143 946 2268 1010 Πῶς
2304 945 2347 998 δ’
2398 943 2464 997 ἂν
2489 944 2537 994 οἱ
2603 937 2822 1008 φυσικοὶ
2865 934 3116 1005 λογισμοῖ
3159 929 3550 1002 παραδέξαιντ⁹
3591 928 3654 981 ἂν

2073 1039 2338 1109 ὑπάρχειν
2393 1035 2608 1089 ἐναντία
2633 1033 2725 1086 δύο
2770 1031 2886 1084 κατ’
2932 1027 3148 1090 οὐσίαν,
3172 1025 3305 1078 ὅπου
3335 1040 3401 1091 γε
3437 1021 3657 1092 πρῶτον

2077 1131 2176 1202 μὲν
2209 1130 2270 1183 τὸ
2311 1129 2410 1197 τῆς
2437 1125 2624 1188 οὐσίας
2679 1121 3008 1192 ἀμφοτέροις
3036 1118 3202 1186 ὄνομα
3249 1115 3462 1175 κοινόνς
3505 1112 3658 1165 Καθό

2073 1219 2253 1271 τοίνυν
2284 1217 2496 1288 πρῶτον
2522 1216 2781 1284 ἑκάτερον
2805 1211 2985 1272 οὑσία,
3021 1208 3196 1278 δῆλον,
3215 1206 3290 1268 ὼς
3320 1202 3659 1275 ὁμονοοῦντα

2076 1311 2172 1366 καλ⁸
2202 1311 2302 1364 οὐκ
2330 1309 2576 1363 ἐναντίω
2601 1306 2791 1359 ἔπειτα
2827 1303 2943 1369 ζῶα
2970 1303 3159 1371 ἄμφωο
3192 1299 3326 1369 πρὸς
3360 1297 3420 1349 δὲ
3447 1296 3666 1356 τούτοις

2077 1405 2272 1473 ἐπίσης
2300 1402 2586 1472 άγέννητα.
2623 1392 2721 1452 Ὦν
2750 1399 2806 1450 δέ
2836 1395 2906 1448 τά
2939 1392 3077 1447 αὑτὰ
3100 1393 3357 1462 ὀνόματα,
3393 1390 3492 1441 καὶ
3521 1387 3665 1457 αὑτὴ

2079 1494 2395 1566 ὑπογραφὴ,
2433 1491 2636 1545 τούτων
2680 1487 2798 1550 πῶς
2825 1488 2858 1557 ὴ
2885 1485 3045 1538 οὐσία
3080 1483 3360 1555 μαχομένη
3383 1481 3483 1533 καὶ
3505 1482 3668 1532 ἐναν-

2075 1590 2204 1653 τία;
2245 1587 2489 1652 καίτοιγε
2519 1584 2587 1636 τά
2618 1581 2858 1650 ὀνόματα
2888 1578 2996 1631 τῶν
3044 1574 3379 1648 πραγμάτων
3405 1573 3529 1625 ἐστὶ
3565 1590 3663 1642 οτη-

2086 1659 2344 1753 μαντικά·
2372 1674 2792 1746 κατηγορεῖ-γὰρ
2813 1671 3042 1724 ἑκάστου
3067 1667 3128 1720 τὸ
3153 1666 3205 1719 τί
3229 1669 3374 1719 ἐστιν
3398 1663 3662 1724 ἕκαστον,

402 1781 625 1834 nomina
679 1796 768 1836 res
815 1780 1127 1850 signiﬁcant
1157 1779 1398 1834 :dicitur
1444 1780 1590 1834 enim
1625 1777 1693 1832 de
1733 1789 1982 1845 unoquo-

2119 1791 2158 1836 μς
2210 1771 2476 1841 ἐνδέχεται
2496 1785 2508 1798 ·
2541 1767 2876 1837 γνωρίζομεν
2921 1764 3118 1824 τοίνυν,
3175 1760 3250 1822 ὡς
3280 1758 3516 1826 δύναμις
3550 1758 3671 1817 τοῖς

403 1887 510 1942 que
535 1871 681 1938 quod
719 1871 1147 1942 unumquodque
1174 1877 1278 1932 est,
1316 1877 1376 1922 ut
1407 1884 1530 1924 esse
1560 1874 1760 1937 potest.
1794 1863 1979 1934 Itaque

403 1959 793 2030 cognoscimus
845 1960 955 2013 vim
1008 1959 1292 2012 nominum
1335 1973 1458 2012 esse
1511 1972 1622 2010 res.
1679 1953 1982 2022 Utrumque

404 2053 576 2123 igitur
594 2067 785 2108 eorum
823 2067 945 2122 quae
970 2050 1306 2105 Manichacus
1335 2049 1612 2104 contraria
1644 2054 1818 2118 putat,
1853 2045 1984 2102 sub-

406 2144 614 2200 stantia
639 2145 828 2198 vivens
859 2151 910 2197 et
944 2141 1184 2212 ingenita
1230 2141 1576 2205 nominatur;
1610 2136 1984 2191 manifestum-

405 2252 513 2307 que
545 2243 650 2298 est,
680 2250 803 2290 cum
833 2235 956 2289 talis
983 2248 1137 2288 error
1166 2232 1492 2302 principium
1521 2230 1686 2284 ducat
1717 2246 1745 2282 a
1788 2227 1986 2282 barba-

407 2331 505 2393 ris,
537 2344 659 2385 esse
685 2328 849 2382 etiam
883 2326 1027 2397 apud
1056 2340 1152 2380 eos
1179 2326 1449 2380 sublatam
1478 2323 1849 2378 communium
1884 2334 1982 2373 no-

406 2421 620 2474 tionum
684 2419 1134 2474 consecutionem
1169 2435 1184 2472 ;
1215 2417 1428 2486 integra
1475 2415 1622 2469 enim
1677 2421 1841 2482 atque
1895 2426 1980 2466 ea—

407 2513 532 2566 dem
577 2518 664 2566 est
698 2511 987 2580 utriusque
1025 2525 1090 2563 ex
1131 2523 1286 2577 :equo
1335 2507 1652 2575 descriptio,
1705 2520 1826 2574 quae
1873 2516 1982 2556 non

410 2603 572 2657 modo
593 2618 809 2658 omnem
843 2601 1247 2656 contrariorum
1289 2600 1657 2669 suspicionem
1687 2597 1858 2667 ejicit,
1892 2593 1988 2649 sed

410 2709 588 2763 neque
618 2693 984 2748 differentiam
1027 2695 1191 2747 ullam
1225 2694 1280 2746 in
1311 2693 1378 2746 iis
1409 2706 1529 2761 quae
1553 2689 1837 2744 nominant
1867 2702 1992 2742 esse

411 2787 699 2856 permittit.

2079 1867 2306 1936 ὀνόμασι
2332 1862 2400 1916 τὰ
2443 1860 2758 1932 πράγματα.
2799 1857 2920 1928 ’Ἆρ’
2954 1851 3044 1909 οὖν
3078 1852 3334 1923 ἑκάτερον
3367 1849 3478 1902 τῶν
3507 1848 3671 1919 παρὰ

2079 1959 2158 2028 τῷ
2188 1957 2426 2012 Μάνεντι
2451 1952 2815 2024 νομιζομένων
2845 1948 3102 2002 ἐναντίων
3128 1944 3280 1999 οὐσία
3304 1941 3458 2006 ζῶσά
3475 1958 3536 1993 τε
3569 1939 3668 1992 καὶ

2083 2050 2372 2119 ἀγέννητος
2403 2045 2760 2116 ὀνομάζεται·
2785 2041 3024 2110 εὔδηλον,
3061 2039 3134 2102 ὡς
3156 2039 3219 2090 ἐκ
3242 2033 3536 2105 βαρϐάρων
3565 2032 3668 2099 τὴν

2083 2144 2256 2216 ἀρχὴν
2300 2143 2400 2211 τῆς
2456 2138 2712 2208 τοιαύτης
2764 2135 3032 2204 λαϐούσης
3081 2130 3307 2198 πλάνης,
3337 2125 3678 2194 διέφθαρται-

2247 2235 2429 2295 αὑτοῖς
2464 2229 2572 2282 τῶν
2604 2227 2796 2282 κοινῶν
2851 2223 3069 2277 ἐννοιῶν
3101 2223 3134 2292 ἡ
3179 2217 3504 2272 ἀκολουθία·
3551 2213 3671 2267 ὁλό-

2087 2302 2285 2396 κληρος
2338 2321 2447 2392 γὰρ
2479 2320 2574 2374 καὶ
2623 2319 2656 2388 ὴ
2698 2315 2834 2385 αὑτὴ
2876 2313 3072 2381 ἐπίσης
3114 2308 3370 2378 τυγχάνει
3401 2302 3671 2396 ﬁatﬁat?

2085 2392 2399 2486 ὑπογραφὴ,
2429 2410 2488 2463 οὐ
2522 2408 2679 2480 μόνον
2709 2404 3076 2472 ἐναντιότητος
3104 2401 3279 2453 πᾶσαν
3310 2394 3552 2463 ὑποψίαν
3584 2392 3670 2454 ἐξ·

2085 2483 2362 2578 ορίζουσα,
2425 2501 2685 2557 άλλόῠτε
2731 2495 2992 2565 διαφοράν
3045 2509 3166 2546 τινα
3211 2485 3577 2559 συγχωροῦσα
3612 2483 3670 2534 ἐν

2089 2603 2207 2663 τοῖς
2236 2594 2653 2668 ὀνομαζομένοις
2677 2589 2964 2661 ὑπάρχειν.

1021 2905 1151 2960 Cu.
1188 2903 1280 2957 lx.
1325 2903 1722 2972 Principiorum
1748 2902 2032 2972 qualitates
2054 2898 2355 2952 contrarian
2399 2893 2462 2948 In
2494 2893 2596 2946 Deo
2625 2889 2773 2944 nulla
2800 2885 3054 2958 qualitas.

487 3016 654 3072 Aiunt
695 3026 877 3073 autem
915 3017 1203 3072 Manichaei
1247 3017 1470 3072 asseclae
1508 3017 1611 3070 hoc
1635 3013 1856 3087 quidem
1896 3014 1990 3068 bo-

2162 3012 2299 3064 Φασὶ
2325 3008 2381 3060 δὲ
2402 3008 2460 3059 τὸ
2487 3006 2582 3076 μὲν
2605 3001 2827 3069 ἀγαθὸν,
2858 2999 2918 3050 τὸ
2951 2997 3006 3048 δέ
3037 2991 3226 3054 κακὸν,
3245 2987 3349 3048 τὰς
3384 2983 3670 3076 ποιότητας

417 3127 573 3174 num,
616 3111 752 3165 illud
799 3126 929 3166 vero
978 3111 1534 3183 malum;qualitates
1570 3075 1828 3164 videlicet
1866 3115 1992 3162 ante

2119 3103 2255 3156 υἱονεὶ
2283 3100 2387 3172 πρὸ
2537 3093 2722 3155 οὑσίας
2755 3086 3208 3158 ἐκλαμϐάνοντες,
3243 3080 3292 3132 οἱ
3327 3076 3409 3147 τῷ
3441 3075 3670 3128 Μάνεντι

419 3202 789 3260 substantiam
823 3203 1197 3275 intelligentes
1223 3223 1236 3259 :
1261 3203 1544 3258 nominata
1570 3202 1714 3256 enim
1737 3200 1990 3257 similiter

420 3297 478 3350 in
517 3305 752 3368 utroque
782 3297 1091 3352 substantia
1125 3295 1275 3366 (sunt
1306 3296 1451 3350 enim
1485 3294 1645 3348 ambo
1684 3292 1989 3347 substantia

419 3388 608 3443 vivens
657 3395 713 3443 et
767 3387 1034 3460 ingenita)
1100 3401 1505 3459 supervacanea
1565 3393 1680 3452 est;
1735 3381 1992 3454 deinceps

421 3488 552 3535 sunt
574 3481 742 3535 veluti
773 3481 1071 3550 qualitates
1105 3480 1396 3534 contrariae
1421 3497 1433 3532 :
1460 3477 1564 3532 etsi
1591 3478 1734 3532 enim
1764 3491 1873 3529 non
1899 3477 1994 3530 de-

423 3580 512 3628 cet
539 3573 823 3629 nominare
855 3575 910 3629 in
949 3573 1060 3628 Deo
1087 3573 1429 3644 qualitatem,
1472 3586 1594 3625 esse
1630 3579 1807 3623 tamen
1843 3568 1994 3639 prius

423 3664 826 3734 quodammodo
880 3671 965 3720 est
1022 3664 1373 3734 cogitatione,
1422 3677 1586 3733 quam
1643 3661 1802 3713 talem
1842 3674 1992 3724 esse;

425 3755 735 3811 substantia
778 3764 960 3811 autem
1014 3756 1376 3826 signiﬁcatur,
1439 3769 1563 3808 cum
1622 3752 1822 3806 dicitur
1869 3751 1996 3805 sub-

426 3849 629 3903 stantia
672 3849 862 3904 vivens
896 3859 950 3903 et
994 3848 1258 3919 ingenita.
1307 3846 1677 3916 Praeterquam
1725 3846 1771 3900 si
1813 3844 1997 3898 dicant

427 3943 648 4011 propria
672 3942 920 3996 accidere
957 3941 1222 3996 ambobus
1259 3941 1558 4008 contraria,
1593 3939 1736 4010 quod
1767 3947 1849 3994 est
1875 3952 1995 3991 om-

429 4033 580 4086 nium
627 4034 1036 4097 stultissimum,
1091 4034 1335 4104 ingenito
1380 4032 1525 4088 enim
1574 4033 1711 4085 nihil
1767 4029 1993 4095 accidit;

429 4123 519 4176 cui
541 4124 687 4178 enim
723 4140 832 4178 non
866 4125 1078 4179 accidat
1107 4140 1251 4188 esse,
1283 4124 1414 4178 huic
1453 4138 1630 4192 neque
1666 4123 1850 4177 taliter
1878 4136 1998 4175 esse

429 4207 710 4263 acciderit.
743 4209 897 4274 Quod
931 4224 1043 4263 non
1071 4217 1176 4276 est,
1200 4223 1309 4263 non
1340 4209 1562 4264 accidit.

499 4299 806 4367 Qualitates
843 4301 1008 4371 igitur
1051 4301 1360 4355 contrarias
1398 4300 1528 4354 licet
1558 4301 1613 4353 in
1653 4298 1818 4353 rebus
1849 4298 1999 4352 inve-

429 4392 571 4459 nire,
602 4392 942 4449 substantias
975 4409 1105 4448 vero
1133 4407 1480 4464 nequaquam
1510 4411 1522 4445 :
1563 4390 1744 4444 album
1770 4389 1914 4445 enim
1947 4397 2000 4443 et

427 4486 647 4556 nigrum
675 4487 950 4542 contraria
975 4495 1122 4550 sunt,
1145 4495 1437 4556 utrumque
1467 4486 1522 4538 in
1555 4499 1781 4554 corpore
1810 4482 1999 4537 eadem

429 4578 770 4644 substantia;
813 4587 940 4633 sunt
971 4587 1149 4634 autem
1191 4579 1321 4632 talia
1363 4579 1561 4647 partim
1611 4575 1882 4630 contraria
1917 4573 2004 4628 in-

431 4679 514 4726 ter
539 4687 620 4735 se,
653 4671 851 4742 partim
879 4687 990 4726 non
1019 4671 1321 4728 contraria.
1354 4669 1594 4724 Primum
1617 4681 1850 4736 namque
1873 4666 2003 4721 sub-

433 4770 518 4818 ter
561 4778 731 4818 unum
771 4779 942 4834 genus
996 4770 1162 4832 sunt;
1199 4771 1431 4832 utraque
1481 4759 1630 4816 enim
1664 4765 1792 4814 sunt
1828 4759 2000 4812 color.

433 4855 643 4912 Deinde
681 4857 786 4913 etsi
819 4857 1099 4912 contraria
1142 4870 1267 4910 esse
1313 4853 1590 4916 videntur,
1625 4859 1807 4904 tamen
1846 4862 2004 4918 aspe-

436 4956 585 5003 ctum
607 4949 759 5003 varie
777 4948 1071 5010 delectant,
1105 4954 1359 5000 neutrum
1393 4945 1538 4999 enim
1568 4943 1785 4996 illorum
1819 4940 2007 4993 immo-

435 5041 718 5096 deratione
744 5040 891 5093 hunc
921 5037 1165 5091 oﬂ‘endit.
1194 5037 1306 5090 lmo
1335 5035 1498 5090 etiam
1530 5033 1705 5087 virtus
1731 5040 1785 5086 et
1814 5030 2004 5084 vitium

437 5133 494 5184 in
521 5131 741 5195 anima;
777 5138 941 5199 atque
972 5128 1088 5182 haec
1110 5125 1329 5197 quidem
1363 5123 1661 5189 contraria,
1695 5137 1803 5176 non
1830 5121 2006 5176 solum

441 5224 496 5275 in
526 5222 714 5278 eadem
750 5221 1083 5283 substantia,
1132 5217 1231 5274 sed
1261 5220 1318 5272 in
1348 5231 1458 5270 uno
1492 5229 1689 5286 genere
1721 5212 2009 5289 nominan-

440 5321 566 5368 tur:
598 5322 893 5380 utrumque
924 5313 1071 5366 enim
1103 5319 1189 5366 est
1216 5310 1458 5367 habitus.
1487 5322 1606 5378 quae
1631 5313 1891 5375 tanquam
1922 5317 2008 5355 ac-

443 5403 674 5460 cidentia
725 5406 912 5459 insunt
957 5405 1010 5458 in
1053 5405 1234 5458 anima
1277 5417 1306 5455 a
1339 5417 1446 5471 qua
1503 5403 1695 5454 abesse
1740 5402 2004 5467 possunt;

442 5497 620 5549 anima
652 5496 709 5550 in
738 5511 844 5564 qua
889 5497 1000 5550 haec
1043 5504 1192 5557 sunt,
1228 5496 1362 5550 alias
1402 5494 1558 5547 aliter
1581 5490 1769 5546 alTecta
1818 5497 1872 5542 et
1899 5486 2010 5541 dis-

2031 4444 2078 4502 D

2100 3167 2514 3266 συντρέχοντες·
2553 3187 2655 3256 τῆς
2691 3184 2798 3254 γὰρ
2836 3179 3021 3242 οὐσίας
3063 3174 3265 3266 ομοίως
3290 3167 3671 3266 ἐφ’-ἐκατέρου

2097 3259 2500 3353 ὀνομαζομένης
2558 3275 2748 3348 (οὐσία
2796 3270 2904 3341 γὰρ
2952 3265 3102 3330 ζῶσά
3131 3281 3190 3316 τε
3235 3261 3346 3353 ’καὶ
3381 3259 3670 3353 ἀγεννητος

2099 3375 2318 3446 ἄμφω),
2343 3369 2568 3442 περιττὴ
2603 3365 2785 3418 λοιπὸν
2815 3361 2914 3431 τῆς
2939 3356 3098 3411 οἱονεὶ
3129 3351 3413 3421 ποιότητος
3448 3350 3483 3417 ἡ
3531 3349 3672 3398 ἐναν-

2098 3438 2286 3535 τιότης
2301 3438 2427 3535 (4⁶);
2450 3462 2498 3514 ei
2527 3458 2636 3529 γάρ
2658 3455 2750 3509 καὶ
2782 3453 2855 3525 μὴ
2886 3449 3113 3522 ἁρμόζει
3148 3445 3240 3498 ἐπὶ
3258 3441 3398 3535 Θεοὺ
3419 3438 3674 3535 ποιότητα

2099 3525 2402 3628 ὀνομάζειν,
2453 3525 2677 3615 ἀλλάνγε
2714 3547 2781 3616 τῇ
2829 3543 3005 3612 ἐννοίᾳ
3054 3539 3254 3608 τρόπον
3289 3534 3416 3586 τινὰ
3453 3531 3515 3584 τὸ
3544 3525 3673 3580 εἶναι

2100 3650 2193 3703 τοῦ
2217 3645 2416 3701 τοιόνδε
2446 3640 2583 3696 εἶναι
2625 3635 2970 3709 πρπερεὺει·
2992 3631 3054 3685 τὸ
3094 3629 3149 3682 δέ
3177 3624 3314 3680 εἶναι
3355 3622 3673 3692 σημαίνεται

2100 3740 2200 3808 τῷ,
2259 3736 2416 3790 οὑσία
2462 3732 2611 3797 ζῶσά
2665 3745 2724 3781 τε
2787 3727 2880 3779 καὶ
2936 3723 3249 3791 άγέννητος.
3306 3715 3464 3785 Πλὴν
3514 3714 3572 3808 εί
3608 3710 3676 3780 μὴ

2103 3806 2207 3886 ἴδια
2249 3831 2403 3900 φαῖεν
2447 3821 2812 3893 ἐπιωμδῆναι
2843 3818 2912 3871 τά
2945 3814 3158 3868 ἐναντία
3200 3810 3518 3879 ἑκατέροις,
3549 3806 3675 3900 ὅπερ

2103 3927 2218 3980 ἐστὶ
2262 3895 2510 3976 νπάντων
2572 3913 2922 3984 ἀνοητότερον
2951 3926 2968 3941 ο
3026 3905 3303 3974 άγεννήτῳ
3361 3901 3473 3970 γάρ
3534 3895 3673 3950 οῦδὲν

2104 4014 2515 4087 ἐπισυμόαίνει·
2691 4007 2801 4078 γὰρ
2865 4003 2926 4056 τὸ
2997 3996 3134 4054 εῖναι
3202 3995 3278 4067 μὴ
3351 3988 3669 4087 ἐπισυνέβη.

2103 4109 2276 4178 τούτῳ
2325 4105 2444 4159 οὑδὲ
2482 4104 2541 4158 τὸ
2593 4098 2816 4154 τοιῶσδε
2855 4091 3012 4147 εἶναι.
3073 4094 3137 4143 Ὃ
3175 4089 3250 4159 μὴ
3284 4087 3396 4156 εἴη,
3431 4085 3539 4136 οὑκ
3571 4083 3674 4133 ἐτι-

2107 4219 2169 4256 συ
2178 4201 2410 4272 μϐαίνει.
2684 4279 2688 4280 7
2733 4262 2747 4280 ‘

2174 4290 2478 4364 Ποιοτήτων
2509 4288 2607 4360 μὲν
2631 4262 3100 4348 οὖν’ἐναντιότητά
3122 4274 3270 4364 ἐστιν
3302 4269 3365 4321 ἐν
3394 4269 3513 4329 τοῖς
3541 4259 3672 4316 οὖσιν

2105 4385 2306 4455 εὑρεῖν,
2332 4353 2522 4444 οὐσίας
2557 4379 2614 4432 δὲ
2663 4371 2931 4446 οὑδαμοῦ’
2975 4368 3166 4422 λευκὸν
3181 4353 3302 4434 ’γὰρ

2105 4445 2363 4537 ἐναντίως
2391 4473 2534 4544 ἔχει’
2585 4445 2843 4540 ἑκάτερον
2877 4464 2932 4517 δὲ
2972 4465 3029 4515 ἐν
3065 4458 3279 4528 σώματι
3306 4456 3378 4524 τῇ
3411 4448 3579 4504 αὑτοῦ
3609 4445 3671 4544 (ξί)

2103 4569 2298 4638 οὐσία·
2367 4539 2481 4636 ἔχει
2543 4563 2724 4636 μέντοι
2786 4557 2946 4620 αὑτὰ,
3000 4552 3077 4624 πὴ
3124 4548 3223 4622 μὲν
3260 4545 3531 4638 ἐναντίως

2105 4629 2329 4733 ἄλληλα,
2472 4629 2660 4709 δὲνοὺκ
2701 4649 2976 4712 ἐναντίως.
3021 4643 3243 4715 Πρῶτον
3275 4639 3395 4733 Δμὲν
3441 4635 3564 4733 γάρ.
3601 4629 3676 4733 6;"

2107 4753 2164 4806 ἓν
2209 4723 2363 4821 γένος
2422 4723 2560 4810 ἐστὶ,
2589 4743 2785 4816 χρῶμα
2805 4741 2913 4810 γὰρ
2960 4735 3222 4804 ἑκάτερα·
3260 4730 3483 4790 ἔπειτα,
3516 4727 3566 4778 εί
3598 4723 3673 4777 καὶ

2109 4845 2328 4899 ἐναντία
2357 4837 2498 4895 εἶναι
2523 4839 2688 4900 δοκεῖ,
2727 4834 2864 4888 ἀλλά
2891 4849 2953 4901 γε
2984 4832 3050 4900 τῇ
3083 4827 3202 4897 ὄψει
3228 4821 3504 4885 ποικίλως
3533 4831 3673 4890 προς·

2107 4937 2230 5006 άγει
2261 4936 2358 5006 τὴν
2382 4933 2679 4988 ἀπόλαυσιν
2702 4946 2715 4958 ο
2742 4926 3019 4994 οὐδέτερον
3046 4921 3155 4990 γάρ
3195 4917 3384 4970 αὑτοῖν
3409 4915 3478 4982 τῇ
3518 4913 3674 5006 act-up:

2111 4997 2329 5100 μετρίᾳ,
2351 5025 2511 5077 λυπεῖ
2566 5021 2768 5089 ταύτην
2789 5035 2802 5048 ο
2831 5015 2964 5071 ἀλλὰ
3008 5013 3102 5067 καὶ
3135 5010 3236 5080 ἤδη
3280 5005 3453 5100 άρετή
3474 5021 3558 5100 ,τε
3588 4997 3670 5100 ’καὶ

2110 5120 2275 5175 κακία
2301 5121 2358 5172 ἐν
2390 5118 2557 5187 ψυχῇ,
2587 5115 2663 5177 ὡς
2691 5110 2908 5165 ἐναντία
2949 5107 3046 5178 μὲν
3078 5102 3173 5157 καὶ
3205 5097 3403 5157 ταῦτα,
3432 5095 3497 5148 οὑ
3535 5095 3669 5165 μόνον

2109 5214 2167 5266 δέ
2199 5213 2256 5264 ἐν
2276 5213 2340 5281 τῇ
2365 5210 2502 5278 αὑτῇ
2520 5205 2698 5275 οὐσίᾳ,
2734 5202 2870 5257 ἀλλὰ
2909 5201 3002 5255 καὶ⁹
3039 5198 3097 5250 ἐν
3124 5195 3204 5249 ἐνὶ
3235 5191 3386 5281 γένει
3414 5199 3668 5281 πῗροσαγον

2116 5280 2363 5374 ρεύεται·
2395 5299 2508 5364 ’ἐξις
2547 5296 2655 5367 γὰρ
2711 5295 2949 5365 ἑκάτερα
2970 5332 2983 5355 ,
3011 5289 3166 5342 ἅτινα
3203 5285 3299 5338 καὶ
3328 5280 3408 5342 ὡς
3448 5280 3669 5374 ἐπισυμ-

2113 5365 2366 5446 δαίνοντα
2403 5388 2548 5458 ψυχῇ
2587 5365 2913 5453 ἐνυπάρχειο
2969 5378 3088 5432 ὅθεν
3123 5376 3218 5427 καὶ
3257 5365 3671 5458 άτυοσυμβιίνειν

2111 5483 2380 5553 ἐνδέχεται
2711 5470 3025 5532 ἐπιταῦτα,
3061 5467 3246 5522 ἄλλοτε
3286 5460 3462 5521 ἄλλως
3495 5456 3671 5508 διακει-

518 5646 1041 5721 ζέξ),,,Περιττὴ...τή
1069 5651 1268 5721 erat/2.
1297 5649 1600 5721 Basnagius
1633 5646 1712 5702 sic
1747 5643 1959 5700 reddit:
1992 5674 1998 5694 .

2119 5656 2388 5697 ert'ncanm
2413 5646 2490 5691 est
2514 5633 2888 5695 contrarietas,
2910 5643 3021 5698 qum
3047 5625 3176 5693 ipsis
3204 5623 3334 5675 inest
3351 5626 3409 5670 ut
3434 5613 3664 5683 quatitu-

514 5712 593 5784 ιιλ
620 5715 804 5777 Forte,
841 5722 905 5787 τῇ
938 5712 1094 5792 αὐτῇ..
1137 5720 1290 5775 Emt-
