3782 6166
91 331 241 390 ἐοει

1176 308 1550 376 ADVERSUS
1590 305 2009 369 MAMCHA'ZOS
2041 304 2166 364 LIB.
2208 303 2253 358 Ι.

3204 281 3354 338 I082;

94 460 302 531 μένης·
335 455 408 521 ὼς
449 448 589 509 εἶναι
641 452 819 525 δῆλον,
852 450 928 515 ὡς
976 450 1006 504 ὁ
1043 447 1141 519 μὲν
1185 445 1316 518 περὶ
1349 443 1451 515 τῆς
1478 440 1667 503 οὐσίας
1694 447 1741 506 Α
1767 451 1821 508 pt

1855 434 1946 490 tita
1982 451 1996 486 :
2040 438 2104 486 ut
2128 430 2365 499 liqueat,
2396 420 2544 478 aliud
2577 433 2699 474 esse
2737 415 2805 471 de
2832 409 3139 469 substantia
3169 390 3359 478 loqui,

1912 527 1921 531 -
1968 525 1980 531 -
2038 525 2072 531 -.
2368 517 2383 531 .
2439 523 2479 531 ,λ
2659 508 2903 531 ,μη-ω,

89 551 256 621 λόγος
303 546 627 619 ἀφώρισται,
659 546 688 598 ὁ
715 545 772 598 δὲ
818 543 945 614 περὶ
981 540 1088 593 τῶν
1134 538 1307 610 ταύτῃ
1340 531 1665 604 ὲπισυμϐαι·

92 643 298 696 νόντων
323 639 511 711 ἕτερος
542 637 819 707 τυγχάνει.

167 733 365 788 Καίτοι
405 731 469 785 τδ
507 731 608 802 μὲν
647 728 839 782 λευκόν
874 743 935 781 τε
962 726 1056 780 καὶ
1092 723 1258 796 μέλαν
1295 719 1440 773 ἔστιν
1463 718 1549 770 ὅτε
1578 713 1672 768 καὶ

94 827 176 891 ὼς
206 824 484 897 ἀχώριστα
529 822 824 894 ἐνυπάρχει
850 821 962 883 τοῖς
1010 820 1068 871 ὲν
1101 810 1182 897 οἷς
1213 817 1361 868 ἐστι’
1391 810 1484 865 καὶ
1526 809 1675 879 ὅμως

94 919 280 982 οὐδεὶς
322 892 542 970 πώποτε
580 915 690 969 ἀπὸ
709 892 929 969 τούτων
955 894 1237 981 ὠνόμακεν
1265 906 1468 969 ἐκεῖνα,
1508 903 1566 955 ὲν
1597 892 1678 961 οἷς

97 1011 223 1067 ἑστι
282 1006 483 1062 ταῦτα·
524 1004 698 1068 οὐδεὶς
753 1002 885 1073 γὰρ,
936 999 1168 1070 θελήσας
1225 995 1366 1069 γάλα
1402 990 1677 1063 σημῆναι,

99 1101 228 1172 οὐχὶ
254 1100 453 1172 μᾶλλον
486 1098 592 1171 πρὸ
619 1095 715 1152 τοῦ
740 1096 882 1150 κατὰ
906 1091 1001 1148 τοῦ
1031 1092 1202 1154 εἴδους
1229 1089 1329 1159 τῆς
1361 1084 1547 1148 οὐσίας
1568 1082 1685 1135 ὀνό-

107 1209 281 1265 ματος
308 1190 558 1261 κειμένου
599 1187 976 1258 κατεχρήσατο
1007 1183 1069 1236 τὸ
1093 1182 1194 1252 τῆς
1217 1178 1562 1246 λευκότητος,
1597 1173 1707 1226 ἵνα.

107 1284 186 1359 μὴ
216 1281 330 1336 ἀνθ’
362 1282 481 1344 ἑνὸς
538 1278 708 1333 πολλὰ
755 1276 1041 1349 σημαίνειν
1080 1272 1229 1344 δόξῃ,
1257 1265 1337 1333 οἷς
1364 1268 1683 1340 πρόσεστιν

105 1356 250 1431 ἀλλὰ
279 1373 383 1446 μὴν
403 1374 499 1426 καὶ
531 1371 741 1443 κόρακα
766 1369 829 1423 οὐ
854 1367 933 1440 τῷ
954 1366 1140 1440 μέλανι
1168 1361 1525 1434 σημαίνομεν,
1555 1355 1689 1411 ἀλλὰ

104 1465 189 1537 τῷ
211 1444 306 1520 τοῦ
346 1444 488 1530 ζώου
530 1460 741 1517 καὶτοῦ
780 1458 951 1523 εἴδους
997 1457 1246 1527 ὀνόματι.
1273 1446 1442 1507 Αὖται
1471 1451 1568 1522 μὲν
1597 1444 1693 1502 οὖν

106 1558 210 1615 καὶ
264 1554 514 1611 τοιαῦται
568 1552 862 1625 ἀχώριστοι
914 1547 1227 1619 ποιότητες·
1282 1542 1450 1615 ἀρετὴ
1505 1541 1562 1594 δὲ
1599 1540 1694 1595 καὶ

108 1650 283 1705 κακία
303 1652 360 1703 ὲν
378 1648 521 1719 ψυχῇ
540 1646 646 1700 τῶν
668 1642 1062 1715 ὲπισυμϐαινου
1071 1640 1179 1692 σῶν
1191 1636 1492 1706 ποιοτήτων
1513 1632 1650 1684 εἰσίν
1676 1646 1690 1659 ·

110 1745 191 1809 ὡς
231 1741 431 1814 μᾶλλον
463 1734 761 1812 προσήκειν
796 1732 1059 1807 μηδαμῶς
1087 1729 1195 1784 ἀπὸ
1245 1725 1447 1781 τούτων
1480 1722 1576 1794 τὴν
1602 1721 1694 1774 οὐ-

115 1810 244 1885 σίαν
279 1830 388 1884 δεῖν
427 1810 522 1883 tofi
550 1810 838 1898 ἀνθρώπου
872 1817 1313 1894 κατηγορεῖσθαι,
1341 1816 1451 1870 δεῖν
1482 1813 1541 1867 δὲ
1573 1810 1701 1865 ταύ-

113 1940 219 1994 την
256 1922 402 1986 ἰδίως
428 1917 810 1992 σημαίνεσθαι.
845 1915 1030 1976 Οὐδεὶς
1058 1910 1188 1982 γοῦν
1216 1909 1299 1974 τὸ,
1337 1906 1390 1961 τί
1434 1907 1579 1959 ἔστιν
1603 1902 1696 1957 άν-

119 2013 362 2086 θρωπος,
414 2013 478 2064 ὲκ
514 2010 614 2079 τῆς
654 2007 879 2078 ἐνούσης
922 2003 998 2075 τῷ
1029 2019 1136 2056 τινι
1173 2000 1371 2063 κακίας
1404 1998 1695 2068 ἐσήμανεν,

118 2085 259 2163 ἀλλὰ
290 2104 504 2175 πρῶτον
526 2103 621 2169 τῆς
645 2099 833 2161 οὐσίας
878 2096 939 2149 τὸ
960 2092 1096 2158 εἶδος
1129 2091 1326 2153 εἰπὼν,
1350 2085 1468 2142 εἶτα
1492 2086 1588 2140 καὶ
1613 2086 1696 2148 τὸ,

120 2196 227 2260 τίς,
255 2191 588 2265 προσειπὼν,
617 2189 842 2258 ὕστερον
867 2185 1162 2255 κατηγορεῖ
1183 2182 1281 2253 τὴν
1304 2179 1584 2248 ποιότητα.

195 2274 503 2356 Ποιοτήτων
546 2283 643 2354 μὲν
701 2276 813 2344 οὖν,
853 2279 883 2332 δ
912 2274 1199 2348 προλαϐὼν
1228 2269 1401 2338 εἶπον,
1437 2269 1585 2340 εὖροι
1619 2282 1702 2331 τις

125 2380 192 2434 ἂν
222 2381 280 2432 ὲν
311 2379 425 2439 τοῖς
463 2369 861 2443 ὑποϐεϐηκόσιν
899 2367 1250 2438 ἐναντιότητα
1277 2363 1384 2416 τῶν
1411 2361 1510 2432 μὲν
1536 2375 1704 2430 χωρι-

128 2470 294 2533 στῶν,
316 2468 424 2522 τῶν
447 2467 503 2521 δὲ
549 2465 643 2520 καὶ
679 2462 996 2534 ἁχωρίστων
1027 2477 1040 2488 ·
1078 2458 1170 2511 ἐπὶ
1190 2457 1248 2510 δὲ
1275 2452 1367 2509 τοῦ
1398 2451 1533 2507 Θεοῦ
1558 2452 1708 2503 πᾶσα

131 2563 229 2635 μὲν
255 2560 476 2629 ποιότης
498 2554 840 2624 ὲκὸἐὸληται,
875 2549 1058 2621 ἐπειδή
1085 2564 1147 2617 γε
1168 2545 1317 2600 οὐδὲν
1336 2537 1411 2596 ὧν
1440 2541 1707 2604 καλεῖται,

127 2633 318 2726 ἕτερον
348 2650 475 2721 παρ’
510 2649 670 2702 αὐτόν
691 2662 703 2674 ·
728 2641 932 2707 ἁπλοῦς
965 2642 1074 2713 γὰρ
1094 2640 1190 2694 καὶ
1209 2633 1501 2697 ἀσύνθετός
1528 2635 1675 2686 ἐστιν
1693 2648 1708 2662 ο

128 2748 280 2818 ὅμως
324 2744 381 2797 δὲ
430 2744 496 2814 τῇ
524 2736 773 2811 ὲννοίᾳ,δ
810 2733 1171 2809 προλαϐόντες
1218 2728 1465 2798 εἴπομεν,
1519 2737 1713 2795 προτε-

136 2838 282 2914 ρεύει
307 2837 365 2890 τὺ
394 2833 530 2890 εἶναι
566 2831 660 2887 τοῦ
688 2829 885 2886 τοιόνδε
919 2823 1079 2881 εἶναι.

1778 527 1924 582 aliud
1951 525 2017 580 de
2038 525 2111 580 iis
2140 536 2261 592 quae
2300 514 2623 575 substantia:
2655 508 2929 565 accidunt.

1847 703 2009 772 Atqui
2041 701 2100 755 ﬁt
2127 695 2444 769 aliquando,
2483 700 2547 747 ut
2575 691 2756 745 album
2791 686 3010 758 quidem
3044 689 3100 739 et
3130 681 3351 752 nigrum

1781 792 1976 848 abesse
2013 804 2122 843 non
2162 787 2377 858 possint
2407 783 2475 837 ab
2514 782 2583 837 iis
2614 782 2668 834 in
2698 778 2899 849 quibus
2939 775 3160 838 insunt;
3191 785 3369 826 nemo.

1781 896 1965 941 tamen
2008 882 2079 938 ab
2106 881 2193 935 his
2219 892 2462 949 unquam
2495 866 2587 930 illa
2617 874 2670 928 in
2703 870 2906 943 quibus
2938 869 3053 922 haec
3072 872 3222 928 sunt,
3251 878 3367 918 no-.

1785 975 2017 1033 minavit
2047 992 2061 1028 :
2092 972 2278 1027 nullus
2321 969 2465 1025 etiim
2514 980 2637 1020 cum
2664 963 2838 1019 voluit
2879 957 3186 1031 signiﬁcare
3232 954 3352 1020 lac,

1789 1069 1977 1141 potius
2006 1064 2229 1120 nomine
2266 1062 2375 1116 albi
2411 1056 2633 1124 abususj
2651 1062 2735 1111 est
2765 1067 2928 1124 quam
2963 1065 3097 1105 usus
3137 1046 3373 1102 nomine

1785 1130 2111 1219 substantiae
2142 1154 2397 1226 imposito
2426 1148 2659 1221 speciei;
2704 1160 2772 1200 ne
2805 1158 2906 1215 pro
2948 1130 3065 1196 uno.
3086 1138 3253 1193 multa
3281 1135 3361 1190 si—

1785 1252 2050 1324 gniﬁcare
2093 1245 2366 1307 videatur,
2391 1241 2592 1313 quibus
2627 1238 2771 1293 inest
2808 1234 2967 1288 albus
3010 1229 3163 1284 color
3189 1246 3202 1282 :
3227 1226 3375 1296 quin.

1791 1343 1957 1398 etiam
2000 1351 2227 1393 corvum
2268 1348 2379 1389 non
2410 1312 2760 1386 declaramus
2801 1321 3022 1378 nomine
3058 1316 3223 1387 nigri,
3264 1312 3362 1369 sed

1790 1426 2015 1482 nomine
2047 1423 2164 1477 avis
2211 1429 2265 1476 et
2312 1416 2536 1490 speciei.
2584 1412 2678 1468 Hae
2719 1411 2886 1483 igitur
2938 1415 2994 1464 et
3049 1402 3365 1476 hujusmodi

1793 1516 2091 1588 qualitates
2143 1509 2537 1581 iuseparabiles
2570 1503 2937 1561 sunt:virtus
2988 1504 3167 1552 autem
3205 1502 3260 1550 et
3293 1494 3381 1548 vi-.

1791 1610 1929 1664 tium
1963 1608 2018 1662 iu
2049 1605 2232 1661 anima
2261 1619 2327 1659 ex
2368 1598 2723 1674 qualitatibus
2744 1609 2867 1666 qua:
2899 1589 3173 1650 accidunt,
3204 1594 3365 1653 sunt;

1797 1708 1859 1755 ut
1890 1698 2068 1770 magis
2095 1695 2409 1759 conveniat,
2450 1701 2509 1747 ut
2537 1689 2761 1745 minime
2785 1686 3033 1741 videatur
3061 1678 3383 1737 substantia.

1729 1811 1772 1867 Β
1800 1791 2038 1848 hominis
2070 1789 2137 1844 ab
2167 1789 2253 1843 his
2287 1783 2588 1847 nominari;
2637 1779 2733 1836 sed
2786 1783 3039 1849 Oportere
3079 1773 3220 1827 hanc
3244 1785 3375 1841 pro-

1789 1889 1908 1960 prie
1948 1885 2281 1957 signiﬁcare.
2310 1880 2480 1936 Nemo
2502 1878 2668 1946 igitur
2702 1873 2832 1945 quid
2862 1879 2947 1927 est
2978 1870 3163 1930 homo,
3197 1882 3264 1921 ex
3288 1865 3379 1919 vi-.

1793 1957 1871 2037 tio
1917 1978 2063 2051 quod
2113 1978 2274 2033 alicui
2330 1976 2514 2037 inest,
2575 1957 2999 2040 significaverit;
3059 1962 3153 2018 sed
3197 1961 3391 2032 primo.

1796 2050 2035 2144 speciem
2067 2066 2391 2125 substantiae
2418 2061 2642 2127 dixerit,
2674 2057 2873 2114 deinde
2900 2053 3025 2125 quis
3064 2052 3139 2107 sit
3164 2050 3385 2121 adjicit,

1799 2172 1985 2239 postea
2021 2161 2343 2233 qualitatem
2377 2157 2430 2210 in
2467 2169 2532 2209 eo
2560 2151 2715 2208 dicit.

1871 2232 2176 2325 Qualitates
2215 2252 2385 2322 igitur
2432 2243 2745 2307 contrariae,
2786 2242 2929 2296 sicut
2967 2244 3092 2291 ante
3136 2233 3274 2297 dixi,
3320 2232 3389 2287 in.

1801 2351 1871 2406 iis
1903 2364 2026 2420 quae
2057 2344 2334 2407 accidunt,
2367 2337 2594 2410 reperiri
2643 2340 2876 2406 possunt
2918 2329 3116 2401 partim
3159 2325 3379 2396 quidem

1804 2440 2162 2513 separabiles,
2196 2434 2390 2507 partim
2414 2446 2545 2486 vero
2585 2444 2690 2483 non
2723 2429 2813 2481 :in
2847 2423 2960 2479 Deo
2986 2429 3167 2476 autem
3200 2417 3382 2473 omnis

1805 2510 2044 2603 qualitas
2066 2527 2239 2596 ejecta
2264 2532 2383 2591 est;
2414 2515 2857 2593 quandoquidem
2890 2510 3027 2566 nihil
3049 2522 3239 2565 eorum
3263 2518 3397 2575 quas

1807 2596 1877 2677 de
1918 2635 1983 2676 eo
2012 2619 2296 2681 dicuntur,
2340 2610 2488 2666 aliud
2541 2616 2624 2663 est
2655 2612 2855 2677 praeter
2892 2602 3110 2672 ipsum;
3152 2596 3385 2667 simplex

1813 2715 1959 2771 enim
2009 2722 2094 2768 est
2134 2718 2190 2766 et
2219 2703 2637 2776 compositionis
2677 2712 2907 2769 expers:
2933 2692 3264 2764 cogitatione
3310 2698 3401 2742 ta-.

1817 2821 1961 2870 men,
1992 2812 2053 2858 ut
2085 2799 2344 2873 superius
2373 2796 2582 2851 dictum
2614 2799 2720 2852 est,
2755 2788 2911 2860 prius
2945 2794 3031 2841 est
3062 2798 3187 2840 esse
3224 2795 3389 2852 quam

1815 2895 1976 2950 talem
2002 2907 2148 2949 esse.

998 3000 1126 3055 ΟΑΡ.
1167 2997 1235 3052 Χ.
1278 2993 1395 3049 Duo
1430 2991 1661 3064 ingenita
1690 3002 1795 3042 non
1823 2992 2045 3056 possunt
2068 2996 2181 3037 esse
2210 2976 2483 3033 contraria

204 3131 298 3188 Διό
335 3144 535 3201 φαμεν,
586 3123 967 3184 ἀναλαϐόντες,
1009 3118 1105 3182 ὡς,
1137 3118 1185 3169 εἰ
1226 3113 1460 3184 ἑκάτερα
1489 3108 1525 3164 ἂ
1553 3123 1717 3178 φησιν
1745 3112 1790 3171 ε

1892 3098 2254 3175 Quamobrem
2290 3108 2486 3149 rursus
2532 3090 2789 3154 dicimus,
2844 3085 2890 3140 si
2930 3092 3162 3152 utraque
3205 3092 3394 3134 eorum

1970 3191 2014 3201 “·
2098 3192 2109 3201 ·
2150 3190 2163 3201 -
2433 3183 2593 3201 -μ--με-
2645 3195 2757 3201 η--
2808 3176 2932 3201 .I:.-:.
2984 3171 3288 3201 -..ιωθηηιιη
3315 3170 3399 3201 ..ι-

139 3223 278 3282 εῖναι
311 3198 549 3285 ἐναντία,
594 3218 751 3272 οὐσία
776 3214 928 3282 ζῶσά
968 3229 1027 3266 τε
1068 3209 1164 3263 καὶ
1189 3206 1481 3276 ἁγέννητος
1510 3200 1591 3271 (οὐ
1610 3198 1720 3268 γὰρ

139 3316 470 3393 ἀρνηθεῖεν)’
490 3314 525 3385 ἢ
555 3313 729 3383 ἄμφω,
746 3304 947 3377 ἀγαθὰ,
965 3303 1053 3357 ἴνα
1086 3298 1284 3372 μᾶλλον
1308 3294 1445 3366 πρὸς
1468 3290 1528 3343 τὸ
1550 3289 1720 3357 εὔφη-

145 3381 241 3489 μον
264 3381 622 3475 εὐσεδώςτδιά
645 3406 705 3460 τὸ
735 3404 902 3466 ὅντως
944 3397 1003 3454 ὃν
1032 3393 1234 3462 ἀγαθὸν
1266 3393 1361 3444 καὶ
1391 3381 1721 3444 τούναντίον,

142 3473 334 3578 ἑφασιν
350 3473 708 3575 (5⁸),ἓλκηται
720 3497 781 3550 τὸ
801 3490 1060 3564 μηδαμῶς
1078 3488 1136 3542 ὃν
1151 3487 1231 3558 (οὐ
1248 3483 1357 3555 γὰρ
1371 3473 1723 3548 ἀντιστρέφο-

148 3569 293 3671 μεν),
319 3569 367 3667 ἢ⁷
385 3569 554 3668 ἄμφω
576 3569 755 3647 κακά·
781 3589 841 3642 τὸ
871 3586 980 3657 γὰρ
1018 3581 1310 3651 ἀγέννητον
1340 3574 1555 3671 πάντως
1585 3569 1724 3636 ἀγα-

147 3659 261 3749 θόνί
515 3688 813 3757 ἀγέννητος
834 3682 864 3734 ὁ
892 3679 1023 3741 Θεὸς
1055 3674 1339 3755 ὑπάρχων,
1370 3660 1478 3737 ἆρα
1503 3660 1635 3715 αὐτὸ
1664 3659 1727 3757 τὸ

151 3788 224 3860 μὴ
255 3750 583 3856 γεννηθῆναι
624 3750 715 3841 ὡς.
739 3774 907 3860 κακὸν
956 3769 1103 3841 ἔχεις
1153 3750 1437 3832 Οὐδαμῶς,
1474 3753 1613 3856 ,ἀλλ’
1642 3750 1728 3860 ⁸ὡς

148 3840 353 3948 ἒηῖαὸδν
381 3840 605 3944 δηλαδή.
657 3840 753 3929 Τίς
786 3859 877 3918 οὖν
907 3863 941 3933 ή
980 3840 1380 3924 ἀποκλήρωσις,
1409 3846 1552 3899 τοῦτ’
1597 3840 1729 3895 αὐτὸ

151 3936 385 4043 πρᾶγμά
412 3936 473 4018 τε
528 3936 619 4017 καὶ
667 3959 857 4028 ὄνομα,
891 3951 1043 4024 παρὰ
1078 3948 1175 4021 μὲν
1203 3942 1280 4015 τῷ
1321 3939 1438 4011 Θεῷ
1471 3936 1633 3992 καλόν
1668 3951 1730 3987 τε

151 4028 244 4117 καὶ
279 4028 490 4126 ’ἀγαθὸν
538 4049 699 4115 εἶναι,
734 4047 886 4123 παρὰ
914 4046 971 4099 δὲ
993 4045 1060 4114 τῇ
1111 4039 1302 4108 κακίᾳ,
1326 4035 1401 4097 ὥς
1436 4028 1732 4102 φασι,τού-

152 4117 365 4209 ναντίον
398 4148 598 4212 κακόν;
625 4117 829 4205 Γενεδίς⁷
855 4138 952 4213 μὲν
977 4135 1085 4207 γὰρ
1107 4128 1357 4204 εὑρεθείη
1381 4126 1446 4179 ἂν
1479 4117 1729 4190 διαφορὰ,

154 4245 386 4316 διαφορὰ
431 4240 614 4313 μέντοι
655 4236 750 4290 καὶ
788 4211 887 4288 οὐκ
944 4215 1637 4294 ἐναντιότης-ἀγεννησίας
1676 4211 1733 4264 δὲ

155 4340 315 4393 ποίαν
330 4352 413 4398 τις
432 4333 497 4386 ἂν
508 4322 952 4402 εὖροιδιαφορὰν,
974 4315 1012 4391 ἦ
1032 4316 1133 4371 πού
1150 4331 1214 4383 γε
1231 4309 1598 4379 ἐναντιότητος
1617 4301 1736 4356 Διό-

155 4446 260 4502 περ
285 4425 635 4483 παντάπασιν
664 4417 944 4478 άδύνατονς
966 4410 1258 4480 ἀγέννητον
1279 4401 1556 4473 ἀγεννήτῳ
1585 4398 1736 4449 ὲναν-

1820 3208 1941 3266 quae
1970 3190 2299 3246 Manichteus
2325 3183 2603 3241 contraria
2638 3195 2763 3236 esse
2803 3176 2957 3239 dicit,
2984 3171 3291 3229 substantia
3315 3170 3400 3223 vi-

1820 3302 1955 3343 vens
2001 3295 2056 3341 et
2108 3282 2348 3353 ingenita
2386 3285 2552 3343 sunt;
2602 3288 2714 3329 non
2755 3271 2902 3327 enim
2960 3267 3260 3338 negabunt,
3313 3261 3400 3316 vel

1823 3379 1984 3433 ambo
2017 3375 2160 3430 bona
2193 3381 2251 3427 ut
2282 3370 2456 3441 magis
2481 3367 2547 3422 ad
2578 3366 2633 3421 id
2657 3363 2803 3436 quod
2833 3362 2972 3416 bene
2996 3361 3192 3431 pieque
3217 3362 3407 3419 sonat,

1824 3474 2045 3541 propter
2077 3478 2204 3519 vere
2228 3462 2460 3522 bonum,
2494 3457 2674 3527 ipsum
2704 3450 3067 3515 contrarium,
3111 3444 3259 3517 quod
3298 3443 3401 3496 mi-

1824 3559 1973 3613 nime
1997 3562 2101 3619 est,
2141 3553 2431 3617 trahatur;
2467 3563 2575 3602 non
2603 3545 2747 3600 enim
2778 3542 3044 3607 dicemus,
3073 3539 3157 3594 vel
3184 3546 3398 3595 contra,

1826 3650 1871 3707 si
1908 3648 2069 3703 ambo
2115 3645 2295 3699 mala:
2325 3640 2472 3712 quod
2516 3637 2664 3694 enim
2694 3636 2995 3708 ingenitum
3029 3637 3133 3694 est,
3177 3627 3413 3683 omnino

1828 3741 2033 3795 bonum
2084 3743 2189 3791 est.
2235 3732 2514 3788 Continuo
2567 3729 2733 3800 igitur
2777 3725 2922 3781 Deus
2968 3737 3095 3777 cum
3126 3720 3409 3791 ingenitus

1828 3833 1923 3896 sit,
1965 3840 2311 3901 nequaquam
2364 3823 2528 3877 habet
2578 3820 2684 3875 hoc
2723 3818 2902 3888 ipsum
2955 3828 3066 3868 non
3098 3810 3401 3882 ingenitum

1829 3936 1954 3979 esse
1992 3927 2251 3989 tauquam
2296 3914 2525 3978 malum,
2560 3910 2657 3966 sed
2690 3918 2949 3977 tanquam
2996 3905 3198 3959 bonum
3234 3908 3403 3957 certe.

1831 4018 1964 4083 Quae
1983 4013 2150 4085 igitur
2177 4008 2393 4066 sortitio
2424 4007 2529 4063 ista
2555 4004 2799 4060 eamdem
2834 4016 2946 4056 rem
2969 4007 3023 4055 et
3043 4013 3241 4054 nomen
3262 3995 3413 4066 apud

1833 4108 2005 4164 Deum
2028 4104 2247 4176 quidem
2268 4100 2557 4173 pulchram
2581 4106 2636 4154 et
2654 4099 2855 4154 bonam
2880 4108 3002 4149 esse
3027 4110 3042 4160 ;
3066 4098 3255 4145 contra
3279 4095 3413 4145 vero

1834 4202 2032 4255 malam
2078 4196 2222 4269 apud
2252 4194 2481 4257 malum,
2531 4199 2593 4247 ut
2642 4190 2732 4245 isti
2765 4187 2952 4242 aiunt?
2980 4186 3034 4239 in
3064 4183 3414 4254 generatione

1836 4292 2056 4364 quidem
2108 4287 2346 4345 inveniri
2393 4291 2559 4355 queat
2603 4280 2931 4341 diﬂ'erentia,
2986 4274 3289 4331 differentia
3328 4280 3413 4327 ta-

1836 4401 1984 4449 men,
2022 4390 2077 4439 et
2109 4398 2221 4438 non
2269 4377 2630 4436 contrarium.
2667 4373 2727 4429 In
2767 4388 2834 4429 eo
2866 4386 2995 4426 vero
3028 4366 3175 4439 quod
3209 4372 3294 4421 est
3324 4364 3413 4417 in-

157 4451 260 4502 περ
285 4451 635 4483 πανταπυιυιν
664 4451 944 4478 υιυυνυιυυν,
966 4451 1252 4480 νημαι--.
1281 4451 1399 4473 ...υ
1422 4451 1430 4453 -
1450 4451 1475 4471 ε,
1528 4451 1539 4469 ,

157 4518 269 4571 τίον
322 4511 489 4567 εἶναι’
544 4511 593 4562 εί
640 4505 748 4577 γάρ
779 4521 832 4556 τι
864 4501 971 4573 εἴη,
1000 4496 1149 4552 οὐδὲν
1180 4492 1288 4547 τῶν
1326 4489 1505 4546 αὐτῶν
1532 4483 1734 4556 ὀφείλει
1766 4477 1808 4531 D

1855 4476 2080 4547 genitum
2120 4487 2264 4532 esse,
2315 4468 2443 4539 quid
2476 4473 2657 4538 potest
2704 4476 2829 4519 esse
2879 4459 3157 4520 dilferens,
3210 4451 3420 4508 nedum.

2068 4567 2080 4577 ·
2197 4565 2221 4577 ι-
2251 4563 2289 4577 ι*
2436 4560 2608 4577 κιημ
2657 4554 2872 4577 Α-...ε-ι.
2903 4550 3017 4577 0..-:
3062 4563 3167 4577 mm
3212 4550 3386 4577 ..Λιοαι

157 4608 281 4664 οὔτε
342 4601 503 4669 εἶναι,
545 4599 668 4654 οὔτε
702 4587 1199 4668 προσαγορεύεσθαι
1243 4583 1311 4655 τῷ

158 4690 580 4768 ἀκοινώνητονῇ
613 4693 725 4754 τοῖς
756 4689 890 4742 πᾶσι
914 4683 1049 4756 πρὸς
1080 4681 1142 4734 τὸ
1178 4676 1436 4732 ἐναντίον.

1842 4667 1903 4715 ut
1936 4659 2238 4730 ingenitum
2261 4654 2505 4725 ingenito
2536 4646 2870 4706 contrarium
2904 4642 3007 4708 sit;
3033 4641 3080 4695 si
3109 4634 3241 4710 quid
3268 4634 3424 4691 enim

162 4730 407 4756 Βυωινωνι
439 4730 519 4749 νυν
550 4730 561 4747 ι
624 4730 723 4754 Ivv‘
762 4730 890 4742 ..ν---
921 4730 954 4739 .-
995 4730 1047 4746 ν,
1093 4730 1137 4734 --
1186 4730 1253 4732 ,η

162 4795 254 4857 sit,
331 4730 779 4846 nullumdeorum
827 4730 988 4834 debet
1053 4789 1153 4828 nec
1226 4783 1351 4826 esse
1404 4778 1506 4820 nec
1553 4754 1813 4832 appellari
1853 4752 2215 4814 contrarium,
2262 4754 2322 4803 ut
2363 4748 2420 4800 in
2465 4740 2722 4798 omnibus
2764 4736 2931 4793 rebus
2977 4733 3125 4791 nulla
3174 4730 3246 4787 sit
3290 4742 3421 4783 cum

161 4881 445 4940 contrario
475 4874 843 4933 communitas
872 4886 938 4925 ac
971 4866 1229 4923 societas.

228 4979 295 5033 Εἰ
320 4975 430 5047 γὰρ
468 4973 542 5046 μὴ
591 4970 676 5042 εῐη
715 4968 894 5037 πάντη
919 4960 1180 5025 ἐναντίον,
1203 4956 1337 5012 καθὸ
1368 4949 1736 5013 ἐπικοινωνεῖ,

162 5070 264 5125 οὐκ
306 5041 580 5122 ἐναντίον·
647 5041 890 5115 ἐναντίον
932 5056 1115 5128 μέντοι
1157 5051 1218 5105 τὸ
1253 5049 1327 5122 μὴ
1364 5046 1424 5101 ’ὸν
1467 5042 1569 5115 τῷῃ
1589 5041 1701 5095 δντι
1721 5057 1735 5071 ·

167 5166 307 5235 τάχα
330 5162 388 5216 δὲ
406 5158 528 5215 οὐδὲ
558 5154 717 5212 τοῦτο
756 5152 856 5225 (6)*
892 5151 953 5204 οὐ
986 5148 1095 5219 γὰρ
1122 5142 1468 5215 διαμάχεται.
1501 5137 1576 5190 Τὸ
1598 5134 1655 5190 δὲ
1681 5133 1742 5188 ὃν

168 5228 268 5327 οτιῖῖ
291 5254 407 5308 δντι
456 5252 557 5305 οὐκ
614 5246 876 5303 ἐναντίον.
908 5242 975 5297 Εἰ
999 5240 1057 5294 δὲ
1085 5238 1146 5293 τὸ
1177 5237 1236 5291 ὃν
1281 5232 1360 5303 τῷ
1382 5232 1495 5285 ὄντι
1528 5228 1744 5289 πάντως

167 5314 449 5417 ὁμόλογον,
476 5340 536 5396 ἓν
568 5340 629 5394 τὸ
661 5338 754 5393 καὶ
772 5336 930 5408 μόνον
961 5328 1173 5401 ἀληθῶς
1203 5327 1261 5381 ὃν
1280 5364 1295 5391 ,
1330 5326 1441 5386 τοῖς
1474 5320 1606 5377 πᾶσι
1649 5314 1744 5371 τοῦ

171 5435 308 5495 εἶναι
326 5439 513 5509 ἄρχον.

250 5724 351 5872 μοι
378 5724 562 5788 Forte,
590 5722 622 5775 δ
648 5736 835 5792 φασιν.
864 5694 1051 5772 κυνί

275 5796 329 5868 ϐ)
367 5794 527 5867 Τάχα
561 5792 650 5861 δὲ,
683 5810 737 5847 κ.
784 5807 836 5844 τ.
874 5788 923 5842 λ.
958 5788 1051 5844 Sm

275 5776 737 5868 θίῗᾶχῖδὲξκ.
784 5807 836 5844 τ.
874 5788 923 5842 λ.
958 5788 1093 5844 Sunt
1127 5784 1266 5840 enim
1307 5783 1362 5837 in
1416 5779 1518 5837 Deo
1565 5776 1749 5843 simul,

1918 4933 1974 4989 Si
2011 4931 2154 4987 enim
2183 4941 2294 4982 non
2327 4924 2399 4980 sit
2427 4922 2652 4977 omnino
2680 4915 3039 4977 contrarium,
3064 4919 3334 4984 quatenus
3366 4912 3421 4969 ei

1853 5025 2223 5084 communitas
2255 5034 2379 5073 cum
2424 5016 2597 5070 altero
2640 5020 2745 5078 est,
2777 5026 2885 5064 non
2923 5016 3007 5063 est
3037 5006 3373 5061 contrarium
3402 5025 3429 5064 ;

1849 5116 2127 5176 contraria
2174 5123 2358 5168 tamen
2399 5115 2528 5165 sunt
2560 5120 2690 5161 esse
2730 5110 2785 5158 et
2824 5116 2934 5157 non
2969 5096 3111 5153 esse.
3162 5095 3425 5151 Fortasse

1852 5224 1981 5264 vero
2010 5220 2114 5262 nec
2155 5204 2273 5258 haec
2319 5197 2600 5256 contraria
2639 5204 2788 5259 sunt,
2820 5207 2932 5247 non
2976 5190 3121 5243 enim
3154 5195 3423 5257 pugnant.

1855 5298 2015 5367 Quod
2037 5311 2168 5352 vero
2194 5303 2297 5358 est,
2340 5307 2451 5347 non
2483 5298 2569 5345 est
2592 5283 2932 5344 contrarium
2967 5280 3018 5336 ei
3053 5278 3201 5350 quod
3235 5285 3340 5333 est.
3364 5276 3423 5330 Si

1852 5400 2037 5448 autem
2077 5385 2353 5460 quomodo
2382 5390 2467 5439 est
2499 5382 2716 5452 penitus
2743 5391 2868 5432 cum
2896 5388 2962 5430 eo
2992 5370 3139 5443 quod
3177 5377 3263 5426 est
3290 5385 3427 5425 con-e

1858 5485 2021 5549 venit,
2054 5494 2223 5537 unum
2247 5486 2302 5534 et
2333 5477 2533 5539 solum,
2568 5471 2715 5544 quod
2744 5484 2872 5526 vere
2901 5474 3007 5534 est,
3038 5464 3295 5523 omnibus
3321 5464 3429 5522 erit

1857 5577 2184 5651 principium
2224 5580 2283 5627 ut
2316 5573 2446 5626 sint.

1859 5723 1876 5751 ε
1919 5704 2008 5772 qui
2035 5707 2187 5755 vocat
2214 5714 2277 5772 εᾳ
2297 5708 2548 5772 quatqu
2561 5698 2705 5754 sunt,
2736 5697 2988 5772 tutique?!
3009 5701 3072 5739 ea
3093 5696 3209 5751 qum
3237 5684 3377 5742 sunt,
3402 5692 3430 5727 t-

1862 5757 2007 5830 siéut
2040 5757 2338 5844 Apostolus
2372 5764 2449 5819 ait
2481 5760 2656 5835 (Rom.
2695 5776 2770 5828 iv,
2797 5757 2908 5829 l7).
2942 5757 3216 5812 Camsws.
