3782 6166
365 213 516 281 1085

1525 221 1660 276 TITI
1701 217 2139 276 BOSTRENSIS
2177 218 2495 276 EPI‘SCOPI‘

3515 225 3664 283 108$

723 360 854 417 CAP.
895 357 986 416 XI.
1033 360 1268 417 Nomina
1301 363 1571 416 contraria
1602 361 1806 416 duobus
1834 358 2108 429 principiis
2141 357 2342 418 danda.
2374 361 2716 416 Perturbatio
2743 364 2798 418 in
2829 365 2980 419 rebus
3003 373 3080 418 est
3109 363 3257 418 ordo.

446 482 614 542 Aiunt
663 496 927 556 praeterea
960 488 1126 541 etiam
1162 487 1266 558 ipsi
1309 497 1561 558 oportere
1600 488 1784 542 omnia
1826 500 1950 556 qua:
1976 491 2028 546 Α
2122 499 2132 528 ι

2122 487 2260 540 Φασὶ
2293 487 2348 540 δὲ
2389 487 2484 540 καὶ
2526 486 2680 539 αὐτοὶ
2729 484 2925 556 χρῆναι
2962 483 3139 537 πάντα
3177 481 3247 534 τά
3299 480 3542 532 ἐναντία
3578 480 3660 549 τῷ

375 586 507 634 sunt
535 577 646 634 Deo
674 581 952 633 contraria
975 581 1248 650 appellare
1278 581 1567 637 materiam
1597 601 1610 636 :
1643 581 1794 635 verbi
1827 596 1952 652 gra-

377 673 478 736 tia,
508 673 554 726 si
592 671 759 725 Deum
791 673 1128 740 appellemus
1170 671 1376 732 lumen,
1413 672 1751 728 contrarium
1789 686 1952 726 voce-

379 778 505 821 mus
555 764 837 825 tenebras;
881 762 926 815 si
971 763 1198 828 bonum,
1238 763 1372 818 illud
1410 764 1634 818 malum.
1679 763 1738 820 Si
1770 771 1961 821 tamen

381 855 784 925 appellaremus
830 851 996 906 Deum
1047 853 1218 922 ipsam
1267 853 1414 907 illam
1465 855 1771 919 veritatem,
1807 861 1956 924 patet

379 946 688 1004 vocandum
727 963 850 1002 esse
883 946 1222 1000 contrarium
1270 946 1638 1002 mendacium.
1668 946 1822 1014 Quod
1861 962 1957 1001 au-

380 1051 493 1099 tem
532 1055 659 1095 vere
689 1047 795 1104 est,
831 1047 890 1094 ut
913 1040 1121 1109 opinati
1172 1047 1324 1102 sunt,
1352 1039 1627 1110 quomodo
1666 1041 1772 1094 erit
1806 1055 1958 1094 men-

380 1133 639 1190 dacium?
672 1131 819 1202 quod
847 1133 994 1186 enim
1021 1139 1127 1195 est,
1161 1133 1206 1187 si
1248 1132 1464 1186 dicatur
1489 1147 1599 1186 non
1631 1148 1774 1195 esse,
1809 1149 1958 1186 men-

381 1223 598 1279 dacium
625 1221 815 1279 fuerit.
855 1221 1013 1288 Quod
1058 1237 1189 1277 vero
1237 1238 1364 1277 vere
1401 1231 1509 1286 est,
1553 1224 1700 1294 quod
1744 1224 1874 1279 facit
1901 1232 1962 1283 ut

379 1327 569 1368 verum
603 1312 676 1368 sit
709 1327 833 1368 esse
873 1313 1102 1382 aliquid,
1144 1328 1425 1382 nunquam
1458 1316 1561 1369 erit
1591 1315 1958 1369 mendacium.

381 1402 438 1459 Si
469 1405 613 1461 enim
645 1404 793 1460 dicat
833 1420 977 1467 esse,
1023 1421 1211 1461 verum
1239 1404 1410 1472 dicit;
1436 1407 1482 1463 si
1515 1423 1645 1462 vero
1676 1424 1786 1463 non
1814 1409 1962 1463 dicat

376 1513 518 1561 esse,
559 1505 620 1551 ut
652 1513 761 1552 non
784 1498 932 1552 dicat
961 1513 1174 1561 verum,
1207 1514 1384 1570 neque
1421 1500 1566 1556 dicet
1596 1518 1707 1556 non
1729 1517 1872 1566 esse,
1902 1509 1964 1558 ut

376 1590 699 1647 mentiatur.
737 1589 894 1657 Quod
929 1590 977 1646 si
1007 1589 1153 1646 dicat
1181 1606 1294 1650 non
1323 1608 1479 1658 esse,
1513 1594 1736 1650 notione
1764 1595 1964 1650 menti-

377 1690 503 1747 tur;
529 1699 634 1737 non
657 1690 743 1738 est
763 1683 930 1754 igitur
956 1682 1135 1754 ipsum
1161 1685 1530 1750 mendacium,
1549 1702 1674 1742 vere
1691 1688 1836 1743 enim
1855 1695 1962 1748 est.

449 1773 656 1830 Deinde
701 1773 750 1830 si
790 1785 993 1829 vocant
1047 1775 1141 1830 isti
1193 1775 1400 1831 bonum
1458 1777 1965 1845 immortalitatem,

378 1866 582 1925 malum
623 1866 896 1922 vocabunt
929 1866 1213 1922 interitum
1260 1883 1274 1918 :
1323 1877 1378 1923 at
1415 1869 1576 1939 cujus
1614 1870 1722 1925 erit
1767 1871 1962 1927 interi-

379 1964 492 2023 tus,
541 1958 659 2028 ipse
701 1959 1008 2017 interitus?
1057 1959 1187 2016 boni
1228 1960 1377 2015 enim
1427 1977 1535 2016 non
1586 1963 1836 2034 poterit:
1875 1965 1970 2021 sin.

378 2050 486 2104 erit
519 2051 605 2106 sui
639 2050 814 2121 ipsius
843 2051 1122 2119 interitus,
1173 2052 1364 2107 multis
1393 2055 1608 2111 saeculis
1643 2069 1672 2109 a
1702 2070 1762 2112 se
1794 2056 1967 2112 inter-

381 2139 501 2203 ivit,
530 2147 585 2195 et
609 2139 813 2198 frustra
835 2156 898 2197 ac
920 2157 1058 2198 vane
1073 2158 1197 2199 eum
1228 2159 1348 2200 esse
1377 2146 1708 2216 cogitatione
1727 2148 1962 2221 tingunt.

379 2231 668 2300 Quomodo
703 2240 884 2289 autem
932 2236 1039 2291 erit
1073 2236 1372 2295 interitus?
1409 2239 1558 2298 aliud
1591 2255 1830 2314 namque
1861 2246 1967 2300 tol-

381 2324 446 2382 l-it
475 2326 753 2391 interitus,
784 2342 894 2382 non
922 2328 1163 2399 seipsum
1191 2347 1206 2396 ;
1235 2330 1321 2386 sin
1343 2347 1474 2387 vero
1497 2335 1761 2405 seipsum,
1791 2353 1970 2409 neque

383 2415 658 2488 principio
697 2418 1003 2475 subsistere
1055 2421 1231 2491 potuit
1265 2437 1280 2474 :
1313 2424 1588 2482 videbitur
1614 2429 1760 2484 enim
1793 2432 1970 2501 magis

382 2525 446 2566 se
485 2509 606 2582 ipse
644 2511 961 2568 interimere
993 2529 1159 2585 quam
1202 2531 1326 2573 esse
1358 2536 1374 2586 ;
1406 2518 1663 2577 interitus
1689 2523 1834 2576 enim
1865 2523 1970 2576 im—

381 2603 633 2659 mortalis
660 2618 774 2658 non
816 2613 997 2674 potest
1029 2609 1333 2664 secundum
1361 2625 1685 2668 communes
1715 2614 1970 2670 notiones

383 2694 642 2764 cogitari.
675 2693 830 2761 Quod
857 2705 1040 2752 autem
1071 2706 1157 2754 est
1187 2699 1519 2771 ingenitum,
1549 2707 1866 2761 necessario
1888 2715 1972 2763 est

385 2785 456 2841 ab
495 2785 722 2841 interitu
771 2786 1007 2843 liberum
1051 2799 1106 2846 et
1147 2801 1436 2857 aeternum,
1475 2793 1620 2850 unde
1659 2805 1713 2852 et
1754 2797 1977 2854 immor-

385 2878 496 2934 tale
535 2894 548 2930 :
583 2893 751 2949 supra
790 2881 1020 2937 mortale
1049 2884 1197 2938 enim
1231 2892 1316 2940 est
1348 2886 1495 2956 quod
1531 2887 1832 2959 ingenitum
1866 2900 1970 2948 est.

387 2969 449 3027 Si
494 2977 676 3025 autem
727 2971 831 3026 hoc
879 2973 1043 3051 habet
1094 2975 1353 3042 materia,
1392 2986 1454 3034 ut
1497 2995 1782 3051 nunquam
1829 2983 1972 3039 facta

387 3062 576 3126 fuerit,
615 3064 764 3133 quod
813 3049 1114 3136 majus'est
1148 3085 1162 3134 ;
1209 3070 1489 3139 quomodo
1537 3049 1650 3128 non
1685 3074 1791 3131 hoc
1822 3077 1973 3146 quod

2052 579 2172 650 Θεῷ
2206 579 2304 651 τὴν
2339 579 2469 650 ὕλην
2501 575 3030 652 προσαγορεύεσθαι·
3058 570 3189 640 οἷον,
3231 574 3326 627 ἐὰν
3380 572 3660 642 καλῶμε·

2052 674 2146 726 τὸν
2182 673 2315 726 Θεὸν
2366 672 2500 742 φῶς,
2546 670 2608 722 τὸ
2658 670 2896 723 ἐναντίον
2939 669 3159 730 σκότος’
3189 666 3282 719 ἐὰν
3310 665 3370 718 δὲ
3409 665 3657 731 ἀγαθὸν,

2055 770 2233 822 ἐκεῖνο
2289 765 2488 820 κακόν·
2531 765 2626 816 ὲάν
2668 763 2848 836 μέντοι
2892 761 3210 831 καλέσωμεν
3241 761 3330 812 τὸν
3377 758 3528 810 Θεὸν
3556 760 3658 810 αὐ-

2055 860 2396 930 τοαλήθειαν,
2426 857 2667 928 δηλονότι
2689 855 2750 908 τὸ
2777 853 3015 914 ἐναντίον
3045 852 3238 923 ψεῦδος
3270 850 3622 921 κεκλήσεται
3641 866 3655 878 ’

2054 955 2118 1008 τὸ
2147 953 2204 1006 δὲ
2233 951 2446 1022 ἀληθῶς
2474 949 2554 1015 ὃν,
2580 950 2655 1016 ὼς
2681 947 3029 1018 ὑπειλήφασι,
3067 945 3181 1007 πῶς
3210 945 3275 998 ἂν
3301 944 3390 1014 εἴη
3410 942 3656 1012 ψεῦδκ;

2056 1048 2120 1104 τὸ
2156 1047 2256 1118 μὲν
2278 1047 2387 1118 γὰρ
2417 1045 2492 1116 μὴ
2520 1043 2600 1108 ὃν,
2632 1044 2680 1095 εί
2707 1041 2916 1110 λέγοιτο
2970 1036 3128 1101 εἶναι,
3162 1037 3358 1108 ψεῦδος
3406 1037 3617 1107 amatr,
3642 1053 3656 1063 '

2058 1141 2119 1194 τὸ
2141 1141 2197 1194 δὲ
2253 1139 2332 1201 ὃν,
2381 1139 2475 1194 καὶ
2511 1134 2727 1207 ἀληθῶς
2764 1134 2845 1198 ὃν,
2891 1132 3038 1202 αὐτῷ
3070 1132 3148 1202 τῷ
3182 1126 3318 1184 εἶναι
3348 1128 3659 1200 ἀληθεῦον,

2059 1235 2158 1288 οὐκ
2188 1232 2254 1287 ἂν
2276 1233 2360 1303 εἴη
2389 1228 2581 1300 ψεῦδος
2599 1245 2613 1258 ο
2637 1229 2686 1280 εί
2717 1227 2825 1298 γὰρ
2857 1222 2995 1285 εἶναι
3035 1225 3179 1292 λέγει
3204 1241 3309 1288 τις,
3343 1221 3623 1292 ἀληθεύει
3641 1237 3659 1251 ·

2060 1328 2187 1386 εἰδὲ
2221 1325 2295 1396 μὴ
2315 1323 2482 1392 λέγει,
2509 1322 2590 1375 δτι
2611 1319 2778 1385 ἔστιν,
2815 1321 2903 1372 ἵνα
2936 1317 3010 1388 μὴ
3045 1315 3337 1388 ἀληθεύσῃ,
3372 1313 3498 1367 ἀλλ’
3531 1312 3661 1366 οὐδὲ

2060 1415 2141 1469 ὅτι
2163 1414 2262 1468 οὐκ
2281 1413 2426 1466 ἐστιν
2456 1410 2598 1468 εἴποι
2622 1411 2708 1473 ἂν,
2745 1409 2830 1462 ἵνα
2857 1407 3144 1478 ψεύσηταιο
3164 1405 3264 1460 κᾶν
3289 1406 3428 1458 εῐπω
3445 1404 3658 1475 (ϐ’)δὲ,

2061 1509 2144 1562 ὅτι
2163 1507 2265 1560 οὐκ
2287 1505 2421 1569 ἔστι,
2455 1505 2522 1574 τῇ
2560 1501 2772 1570 ἐπινοίᾳ.
2803 1498 3078 1571 ψεύδεται.
3103 1495 3308 1558 Οὐκοῦν
3335 1495 3478 1550 αὐτὸ
3514 1494 3658 1564 ψεῦ-

2060 1601 2151 1664 δος
2171 1617 2182 1629 ·
2205 1599 2264 1653 ὃν
2287 1599 2396 1669 γάρ
2418 1599 2568 1651 ἐστιν
2587 1593 2805 1666 άληθῶς

2139 1784 2372 1838 Ἔπειτα
2426 1779 2476 1833 εί
2542 1776 2757 1832 καλοῖεν
2826 1771 3061 1842 τάγαθὸν
3118 1765 3456 1839 ἀφθαρσίαν,
3524 1763 3662 1834 φθο-

2068 1880 2168 1952 ράν
2223 1875 2550 1947 όνομάσουσι
2613 1871 2675 1924 τὸ
2722 1867 2914 1923 κακόν.
2967 1865 3121 1927 Τίνος
3151 1863 3195 1916 δ’
3223 1860 3288 1914 ἂν
3317 1858 3407 1930 εἰη
3471 1855 3660 1929 φθορὰ

2063 1979 2097 2048 ἢ
2124 1973 2326 2045 φθορά;
2361 1968 2454 2023 τοῦ
2493 1967 2591 2039 μὲν
2608 1964 2716 2036 γὰρ
2745 1959 2950 2032 ἀγαθοῦ
2983 1957 3237 2012 ἀδύνατον
3255 1971 3270 1986 ο
3298 1954 3348 2005 εί
3376 1952 3421 2004 δ’
3446 1951 3660 2048 ἑαυτῆς

2065 2044 2150 2141 εἴη
2177 2065 2373 2138 φθορὰ,
2403 2065 2460 2116 ὲν
2494 2058 2707 2122 πολλοῖς
2732 2059 2845 2120 τοῖς
2875 2052 3035 2108 αίῶσι
3060 2049 3383 2141 διέφθαρκεν

2065 2135 2160 2219 καί.
2190 2135 2370 2232 μάτην
2417 2153 2585 2224 αὐτὴν
2622 2146 2760 2204 εἶναι
2815 2145 3176 2217 φαντάζονται
3201 2183 3213 2194 .
3238 2139 3368 2232 ,Πῶς
3395 2135 3657 2232 δῗᾰν-εἴη

2068 2230 2277 2325 φθοράς
2319 2248 2534 2307 πάντως
2565 2243 2642 2314 (7)
2680 2241 2788 2314 γὰρ
2829 2237 3013 2306 ἕτερόν
3041 2253 3095 2288 τι
3123 2231 3352 2325 φθείρει,
3388 2230 3506 2325 οὐχ-
3533 2230 3660 2325 est).

2066 2319 2192 2418 τήνῖ
2225 2341 2353 2395 εἰδὲ
2391 2338 2611 2406 ἑαυτὴν,
2637 2333 2742 2392 οὐδ’
2777 2331 2842 2386 ἂν
2867 2329 2965 2400 τὴν
2993 2327 3166 2418 ἀρχὴν
3425 2338 3439 2351 .
3479 2319 3657 2418 ὀῗθήῗ

2071 2409 2219 2490 σεται
2247 2432 2356 2502 γὰρ
2386 2426 2581 2498 ἑαυτὴν
2614 2422 2907 2494 φθείρουσα
2943 2417 3141 2490 μᾶλλον
3178 2415 3213 2486 ἢ
3255 2409 3425 2467 οὖσιν
3450 2501 3457 2502 7
3480 2409 3658 2480 φθορά

2069 2529 2177 2601 γὰρ
2225 2526 2501 2597 ἄφθαρτος
2560 2517 2840 2575 ἀδύνατον,
2871 2506 3277 2601 κατάῌγεᾼτάς
3316 2501 3660 2601 ἐπι-

2071 2589 2219 2682 νοίας
2251 2589 2620 2683 ἐπινοηθῆναι.
2658 2603 2968 2674 Ἀφθαρτον
3005 2599 3061 2652 δὲ
3095 2597 3310 2657 πάντως
3336 2593 3400 2645 τὸ
3423 2589 3658 2683 ἀγέννηῖ

2071 2728 2162 2766 τον
2197 2681 2293 2762 καὶ¹
2325 2681 2514 2767 ἀΐδιον,
2555 2701 2677 2754 ὅθεν
2720 2697 2814 2754 καὶ
2849 2693 3143 2749 ἀθάνατονο
3195 2685 3384 2747 ἐπάνω
3423 2684 3540 2754 γὰρ
3569 2681 3658 2734 τοῦ

2073 2803 2352 2874 ἀφθάρτου
2382 2797 2442 2851 τὸ
2474 2794 2755 2865 ἀγένητον.
2790 2789 2855 2843 ΕΞ
2884 2787 2940 2840 δὲ
2961 2785 3022 2838 τὸ
3054 2783 3127 2855 μὴ
3151 2779 3408 2874 γενέσθαι
3438 2774 3659 2874 πώποτε

2075 2869 2310 2969 ὑπάργει
2343 2895 2412 2964 τῇ
2443 2890 2543 2960 ὕλῃ
2573 2887 2756 2959 μεῖζον
2787 2882 2869 2950 δν,
2905 2879 3024 2942 πῶς
3051 2876 3170 2947 οὐχὶ
3204 2870 3402 2969 fab-rb
3437 2869 3660 2969 έλαττσν

2075 2957 2646 3062 αὑτῆπροσυπάρξει,
2673 2977 2741 3030 ’cb
2773 2975 2848 3047 μὴ
2880 2971 3180 3062 φθαρῆναι-ς
3207 2967 3271 3020 Εἰ
3298 2963 3357 3017 δὲ
3369 2957 3658 3062 ⁸ρ.ὴ·‹,ιιθείῖ

2079 3049 2230 3156 ρετάι
2257 3049 2332 3143 ως
2366 3049 2557 3137 ἀΐδιος,
2587 3070 2694 3126 οὐδ’
2727 3066 2793 3121 ἂν
2824 3064 3026 3133 ἑαυτῆς
3055 3058 3292 3138 ὑπάρχει
3324 3049 3531 3124 φθορά,
3571 3050 3662 3102 καὶ

387 3151 570 3211 minus
611 3159 717 3218 est,
750 3168 860 3209 non
892 3156 943 3210 ei
976 3156 1142 3225 inest,
1186 3174 1471 3230 nunquam
1528 3163 1739 3218 scilicet
1783 3166 1970 3226 interi-
1996 3176 2038 3232 C

2102 3179 2172 3231 ὑκ
2197 3175 2262 3228 ἂν
2295 3171 2382 3239 εἴη
2410 3167 2566 3221 οὐσία
2592 3162 2818 3234 φθορᾶς.

386 3259 502 3307 tum
549 3251 800 3323 cepisse?
834 3250 893 3306 Si
940 3257 1122 3306 autem
1166 3267 1279 3306 non
1317 3254 1464 3324 capit
1507 3255 1792 3313 interitum
1839 3271 2103 3340 tanquam
2162 3276 2390 3324 aeterna,
2456 3271 2636 3328 neque
2688 3252 2774 3310 sui
2807 3247 2984 3321 ipsius
3013 3254 3100 3306 est.
3127 3243 3410 3306 interitus,
3443 3249 3499 3296 et
3554 3251 3655 3290 non

385 3345 493 3406 erit
517 3345 826 3402 substantia
861 3343 1036 3415 ipsius
1062 3344 1340 3402 interitus.

460 3437 568 3494 Sed
613 3436 709 3509 qui
747 3453 814 3493 ex
860 3437 1048 3492 schola
1091 3435 1376 3493 Manichaai
1421 3440 1652 3510 profecti
1692 3457 1838 3512 sunt,
1867 3448 1971 3502 hu-

388 3530 631 3602 iusmodi
698 3529 1103 3600 disputationes
1143 3545 1268 3584 cum
1331 3532 1584 3592 audiunt,
1654 3537 1831 3602 unde,
1878 3542 1969 3595 in-

389 3624 620 3694 quiunt,
653 3638 721 3680 ea
751 3622 961 3678 ordinis
999 3622 1342 3693 perturbatio
1384 3639 1506 3693 quae
1555 3625 1608 3680 in
1645 3628 1810 3685 rebus
1851 3646 1971 3687 cer-

392 3716 581 3773 nitur?
625 3715 694 3769 At
738 3729 882 3784 saepe
934 3714 1142 3768 dictum
1190 3720 1293 3780 est,
1339 3725 1561 3786 propter
1605 3718 1970 3790 ignorantiam

393 3804 593 3859 divina:
637 3803 1054 3874 gubernationis
1101 3813 1156 3859 et
1209 3805 1487 3875 quomodo
1539 3823 1630 3864 res
1689 3810 1974 3882 dispositae

395 3897 542 3963 sint,
580 3895 770 3950 falsam
805 3905 861 3951 et
910 3895 1132 3966 impiam
1179 3897 1547 3968 cognitionem
1599 3902 1702 3958 sibi
1749 3919 1974 3975 compa-

395 4003 588 4054 rasse,
645 3994 872 4058 propter
922 3988 1196 4044 inscitiam
1260 4005 1450 4045 eorum
1508 4008 1629 4063 quae
1686 3997 1828 4051 scire
1869 3997 1974 4052 sibi

395 4079 747 4143 videbantur,
792 4094 913 4149 qua:
950 4079 1130 4150 pejus,
1167 4096 1330 4151 quam
1372 4083 1416 4137 si
1453 4083 1821 4155 iguorassent,
1868 4089 1977 4144 scir

396 4180 634 4239 verunt;
677 4180 732 4227 et
771 4170 917 4242 quod
946 4172 1133 4226 verius
1169 4180 1273 4240 est,
1309 4174 1539 4239 amisso,
1573 4179 1718 4248 quod
1768 4195 1980 4250 quaere-

398 4267 561 4330 bant,
593 4263 749 4335 prius
785 4278 952 4335 quam
989 4273 1298 4334 quaererent
1334 4284 1348 4320 :
1381 4266 1681 4337 diSputatio
1715 4287 1846 4326 vero
1873 4288 1976 4326 no-

2179 3444 2323 3496 Οταν
2368 3435 2550 3507 μέντοι
2598 3427 2854 3486 τοιούτων
2900 3421 3138 3478 ἀκούωσι
3182 3420 3360 3487 λόγων
3389 3419 3443 3470 οἱ
3475 3419 3540 3470 ὲκ
3569 3416 3653 3470 τοῦ

2077 3532 2356 3591 Μάνεντος
2401 3523 2731 3596 ὁρμώμενοι,
2766 3516 3118 3593 ἀποροῦντες,
3151 3511 3324 3566 Πόθεν
3354 3507 3472 3574 οὖν,
3510 3511 3648 3580 φασὶ,

2077 3624 2146 3682 τὰ
2176 3621 2355 3684 κακά;
2405 3616 2569 3672 πόθεν
2595 3613 2671 3677 δὲ,
2706 3611 2975 3679 λέγουσιν,
3000 3609 3035 3678 ἠ
3070 3608 3129 3659 ὲν
3175 3607 3288 3668 τοῖς
3343 3604 3649 3675 πράγμασιν

2081 3710 2456 3787 ἐμφαινομένη
2497 3703 2721 3769 ἀταξίας
2769 3700 2929 3758 Ἀλλά
2969 3698 3226 3762 πολλάκις
3274 3697 3376 3768 μὲν
3431 3698 3647 3767 εῐρηται,

2080 3808 2162 3864 ὅτι
2197 3806 2266 3859 δι’
2293 3804 2516 3872 ἀγνοιαν
2548 3799 2647 3868 τῆς
2695 3794 2805 3848 τῶν
2854 3791 3197 3866 πραγμάτων
3241 3789 3540 3853 διαθέσεως
3567 3787 3650 3840 καὶ

2079 3902 2177 3972 τῆς
2227 3898 2379 3960 θείας
2423 3895 2762 3964 διοικήσεως,
2803 3888 3003 3958 γνῶσιν
3031 3883 3384 3954 ὲσφαλμένην
3413 3880 3508 3934 καὶ
3536 3878 3648 3972 βλά-

2085 3963 2301 4062 σφτιμον
2358 3987 2570 4047 ἑαυτοῖς
2625 3976 3146 4054 ἐπραγματεύσαντο
3194 3973 3262 4026 δι’
3310 3972 3533 4040 ἄγνοιαν
3585 3963 3649 4062 ὧν

2084 4060 2290 4153 γνῶναι
2321 4079 2505 4146 ἔδοξαν
2523 4095 2536 4107 ο
2567 4076 2602 4129 ὃ.
2629 4076 2809 4146 χεῖρον
2838 4071 3105 4140 ἔγνωσαν,
3134 4069 3166 4137 ἢ
3205 4065 3474 4135 ἠγνόουν
3503 4062 3590 4117 καὶ
3625 4060 3649 4112 ὃ

2085 4177 2331 4248 ἐζήτουν,
2371 4169 2736 4241 ἀληθέστερον
2769 4163 3129 4223 ἀπολέσαντες
3168 4159 3202 4229 ῆ
3239 4157 3376 4229 πρὶν
3403 4155 3645 4227 ζητῆσαι·

2084 4270 2113 4321 ὁ
2149 4266 2206 4321 δὲ
2237 4266 2394 4334 λόγος
2426 4260 2565 4316 κατὰ
2598 4259 2786 4330 καιρὸν
2819 4257 2917 4331 μὲν
2958 4254 3052 4309 καὶ
3080 4252 3176 4324 τὴν
3210 4251 3345 4321 παρ’
3374 4248 3557 4310 uinci;
3580 4261 3648 4298 vo-

397 4365 512 4413 stra
539 4373 663 4412 cum
696 4363 912 4428 tempus
948 4355 1074 4420 erit,
1100 4371 1264 4426 quam
1291 4366 1486 4427 putant
1510 4361 1976 4430 perturbationem
2011 4399 2058 4458 υ
2089 4377 2128 4430 μ

2102 4357 2386 4429 ιιζομένην
2433 4354 2545 4408 τῶν
2593 4352 2932 4426 πραγμάτων
2989 4345 3235 4412 ἀταξίαν,
3263 4340 3537 4458 εὐταξίαν.
3568 4339 3651 4458 τίὲν

397 4448 611 4505 ordinis
678 4463 902 4516 rerum,
968 4447 1176 4503 bonum
1262 4447 1509 4505 ordinem
1582 4466 1705 4508 esse
1768 4467 1800 4507 a
1868 4430 2132 4510 Deoudu

2102 4451 2344 4510 ἱνωτάτω
2377 4443 2513 4506 Θεοῦ
2543 4445 2895 4516 παρέχοντος,
2926 4438 3224 4504 ἀποδείξει·
3264 4435 3363 4488 καὶ
3407 4434 3484 4487 τά
3515 4430 3649 4498 λεγό-

398 4539 672 4598 altissimo
727 4537 1165 4610 proﬁciscentem
1187 4577 1203 4603 ,
1259 4538 1511 4595 conﬁciet
1553 4549 1608 4595 et
1644 4543 1934 4599 concludet
1967 4560 1982 4606 ;

397 4639 458 4688 et
497 4647 619 4704 quae
669 4631 772 4703 ipsi
822 4631 1014 4688 dicunt
1062 4631 1229 4697 mala,
1262 4632 1370 4690 alia
1409 4631 1633 4702 quidem
1664 4634 1720 4689 in
1769 4635 1986 4692 actione

401 4732 615 4778 tantum
659 4723 859 4793 posita,
899 4723 1008 4777 alia
1055 4738 1188 4778 vero
1235 4723 1541 4778 secundum
1590 4724 1983 4791 substantiam,

403 4815 630 4874 minime
663 4815 805 4870 mala
835 4829 958 4870 esse
985 4814 1229 4872 docebit.

2089 4561 2225 4616 μενα
2263 4543 2402 4614 πρὸς
2445 4538 2625 4593 αὐτῶν
2658 4536 2804 4592 κακά
2832 4534 2901 4588 τὰ
2933 4532 3032 4604 μὲν
3063 4531 3139 4594 ὡς
3180 4527 3535 4600 πραττόμενα

2085 4615 2194 4694 νον’
2228 4635 2298 4689 τά
2323 4633 2380 4688 δὲ
2417 4633 2538 4696 κατ’
2566 4630 2753 4684 οὐσίαν
2802 4624 3003 4699 ἥκιστά
3036 4639 3101 4692 γε
3128 4621 3279 4686 ὄντα,
3313 4618 3467 4672 κακὰ
3490 4615 3651 4682 δείξει.

1302 4909 1434 4966 (ἶριν.
1476 4909 1590 4965 XII.
1627 4911 1706 4968 De
1750 4915 1981 4970 materia
2020 4909 2148 4983 quid
2191 4909 2425 4964 sentiant
2455 4903 2760 4961 Manichwi.

477 5035 629 5099 Erat,
674 5023 852 5105 inquit
889 5031 1244 5099 Manichaeus,
1296 5041 1533 5104 tempus.
1579 5050 1703 5088 cum
1752 5035 1980 5091 materia

406 5131 528 5190 sine
566 5129 760 5188 ordine
805 5126 1126 5194 ferebatur;
1169 5133 1224 5182 et
1265 5127 1582 5196 generabat,
1613 5135 1667 5182 et
1699 5127 1983 5183 crescebat

482 5262 594 5342 (6‘)"
609 5270 801 5342 Forte,
827 5269 985 5342 sing.
1001 5268 1136 5323 Emr
1235 5337 1247 5342 _
1389 5337 1399 5342 _
1526 5337 1548 5342 _
1843 5322 1854 5335 ,

483 5337 569 5412 (7)
591 5341 725 5408 Πῶς
753 5339 806 5393 δ’
835 5337 914 5396 ἂν
931 5337 1028 5412 εἴη
1061 5337 1287 5412 φθορά;
1319 5337 1492 5412 πάντ.
1526 5337 1706 5412 Locus
1734 5337 1984 5412 mutilus,

413 5406 784 5466 restituendus
823 5406 1411 5482 proind’e‘egiiisquze
1457 5409 1619 5482 habet
1673 5406 1986 5482 Stephanus

409 5483 684 5547 Gobarus,
713 5483 804 5551 qui
825 5477 955 5535 Ἰκιξο
982 5480 1100 5551 ipsa
1125 5478 1573 5551 TitiiBostrensis
1597 5480 1770 5551 verba,
1788 5477 1988 5551 recitat

414 5551 558 5622 apud
593 5547 844 5605 Photium
876 5547 1128 5622 Bibliotft.
1155 5550 1277 5622 cod.
1311 5563 1554 5622 ccxxx",
1588 5548 1870 5622 pagn89‘},
1895 5547 1986 5622 ubi

415 5618 498 5676 sic
531 5621 796 5685 legimus:
835 5621 958 5683 Πῶς
991 5622 1038 5673 δ’
1066 5621 1131 5672 ἂν
1161 5619 1240 5686 εἴη
1283 5618 1457 5688 φθορά
1486 5619 1682 5688 ἑαυτῆς
1712 5619 1744 5687 ἡ
1777 5618 1986 5687 φθοράς

420 5693 536 5756 Quo
559 5699 731 5743 autem
757 5690 909 5742 modo
927 5690 1193 5757 corruptio
1213 5689 1367 5758 fuerit
1386 5689 1468 5742 sui
1493 5689 1659 5758 ipsius
1686 5690 1990 5757 corruptio?

2157 5026 2268 5084 Ἦν
2295 5029 2405 5102 γάρ
2439 5044 2594 5090 ποτε,
2617 5024 2800 5096 φησὶν,
2835 5021 2924 5075 ὅτε
2951 5022 2983 5091 ἡ
3020 5017 3118 5089 ὕλη
3145 5017 3376 5086 ἡτάκτει
3400 5015 3497 5070 καὶ
3517 5015 3649 5084 ἐγέν-

2090 5141 2179 5190 να,
2217 5122 2312 5176 καὶ
2342 5119 2626 5192 ηὐξάνετο,
2651 5117 2744 5170 καὶ
2777 5113 2999 5168 διετέλει
3028 5109 3226 5172 πολλὰς
3255 5107 3652 5178 προὸαλλομένη

2097 5262 2220 5318 Mox
2245 5278 2309 5316 es
2339 5258 2527 5332 eodem
2556 5253 2936 5332 Stepliano‘sic
2964 5247 3248 5332 legendum
3284 5245 3432 5332 apud
3458 5245 3648 5332 Titum:

2093 5316 2302 5404 Φθοράν
2335 5331 2444 5404 γὰρ
2475 5316 2751 5404 ἄφθαρτον
2791 5316 3050 5404 ἀδύνατον
3081 5319 3222 5401 κατά
3259 5334 3323 5386 γε
3351 5316 3468 5404 1&4‘
3486 5316 3649 5404 κοινὰς

2096 5391 2304 5465 ὲννόίας
2335 5391 2685 5469 ἐπινοηθῆναί
2718 5413 2865 5469 ποτε.
2901 5391 3050 5446 Fieri
3073 5391 3346 5469 enim_non
3380 5396 3564 5454 potest,
3585 5391 3650 5466 in:

2097 5461 2918 5541 corrup’tibilcm'corrguptionent
2970 5461 3234 5541 communi
3277 5469 3440 5541 sensu
3483 5461 3649 5525 percipi

2099 5529 2392 5611 aliquando
2435 5529 2766 5611 posse.7_ﬂaec
2810 5535 3072 5611 debemus
3111 5529 3481 5611 Vyfsselingio
3518 5544 3566 5581 γ.
3605 5545 3643 5579 ι’.

2102 5601 2201 5668 [ξίν]
2229 5615 2363 5683 sing.
2402 5601 2671 5664 ιίνυιιαῡξι.
2703 5623 2820 5677 cap.
2853 5604 2944 5668 κιο,
2979 5619 3101 5674 pag.
3133 5601 3253 5656 168.
