3782 6166
79 180 255 259 ωἐἷδ

1179 205 1560 266 ADVERSUS.
1591 206 2018 268 MANtthos
2049 190 2187 271 LIB;
2217 187 2286 270 ti“

3222 219 3361 279 l086

72 313 364 382 δυνάμεις
383 329 396 342 ’
432 313 726 383 αὐξηθεῖσα
770 316 947 372 τοίνυν
973 317 1227 386 ἀνήγετο,
1251 320 1351 372 οὐκ
1394 320 1564 373 εἰδυῖα
1595 320 1688 373 τοῦ
1721 337 1765 394 Α
1795 339 1850 378 ac

1815 339 1859 378 ac
1917 327 2116 381 multas
2166 333 2466 398 potestates
2527 327 2914 402 producebat;
2972 337 3133 386 aucta
3198 334 3364 403 igitur

75 404 314 474 ἀγαθοῦ
346 405 445 477 τὴν
479 406 732 478 ὓπαρξιν.
759 409 847 472 Ὠς
879 409 936 462 δὲ
958 409 1049 461 ἐπὶ
1074 409 1234 463 πλέον
1264 411 1556 481 ἀναχθείσα
1578 407 1686 465 εἶδε

73 500 201 570 τὴν
243 499 345 569 γῆν
369 515 428 552 τε
461 501 556 553 καὶ
591 501 652 554 τὸ
675 500 790 568 φῶς
813 501 909 554 τοῦ
935 501 1164 570 ἀγαθοῦ,
1197 501 1450 572 ἐπιϐῆναι
1472 505 1584 565 τοῖς
1611 503 1686 574 μὴ

79 593 264 656 ἰδίοις
287 595 572 665 ἐπιχειρεῖο
590 597 618 647 ό
646 594 702 646 δέ
727 594 1168 665 ἀγαθός’δύναμιν
1196 595 1513 649 ἀποστέλλει
1535 597 1681 664 τινὰ,

76 680 118 756 ᾖ
161 684 272 738 καὶ
319 684 489 756 ὄνομα
529 684 590 738 τὸ
635 686 790 752 δόξαν
827 686 975 756 αὐτῷ
1019 685 1312 758 ἐπιτίθησι,
1351 688 1688 756 φυλάξουσαν

81 776 204 845 μὲν
254 775 413 846 δῆθεν
439 778 566 840 τοὺς
603 778 781 850 ὅρους,
808 777 875 832 τὸ
902 779 946 831 δ’
979 779 1177 853 ἀληθὲς
1203 779 1391 852 δέλεαρ
1427 782 1689 853 ἐσομένην

79 868 180 930 εἰς
219 867 477 922 ἀκούσιον
499 872 564 940 τῇ
591 869 692 943 ὕλῃ
711 871 1090 942 σωφρονισμόν
1115 889 1129 902 ο
1160 871 1189 924 δ
1229 873 1294 944 δὴ
1340 875 1434 926 καὶ
1475 873 1686 942 γέγονε.

77 959 428 1030 Θεασαμένη
487 960 596 1032 γὰρ
644 964 677 1034 ὴ
726 961 824 1032 ὕλη
878 962 975 1034 τὴν
1013 965 1408 1019 ἀποσταλεῖσαν
1459 966 1688 1038 δύναμιν

82 1051 440 1124 προσεκίσση
449 1068 505 1104 σε
526 1053 644 1122 μὲν,
657 1053 730 1118 ὡς
745 1055 800 1107 δὲ
815 1055 915 1127 (Τ)⁴
927 1057 1233 1128 ἐρασθεῖσα’
1253 1059 1398 1128 ὁρμὴ
1412 1059 1467 1111 δὲ
1485 1059 1688 1112 πλείονι

81 1139 349 1194 λαϐοῦσα
392 1143 595 1215 ταύτην
647 1146 906 1199 κατέπιε’
946 1149 1040 1202 καὶ
1097 1149 1252 1221 ἐδέθη
1301 1153 1496 1224 τρόπον
1545 1152 1687 1217 τινὰ,

83 1232 298 1304 ὥσπερ
325 1233 532 1306 θηρίον.
563 1237 876 1309 Κέχρηνται
911 1241 1018 1313 γὰρ
1047 1245 1142 1296 καὶ
1177 1243 1309 1314 τῷδε
1329 1244 1406 1315 τῷ
1435 1245 1688 1314 ὑποδείγ-

88 1342 262 1394 ματι,
312 1325 389 1388 ὼς
445 1327 512 1380 δι’
562 1328 776 1400 ἐπῳδῆς
811 1330 913 1401 τῆς
966 1333 1364 1406 ἀποσταλείσης
1408 1335 1691 1408 δυνάμεως

85 1417 421 1489 ἐκοιμίσθη.
459 1418 653 1486 Γέγονε
701 1421 879 1476 τοίνυν
925 1423 1070 1494 μίξις
1115 1427 1208 1479 καὶ
1255 1428 1450 1497 κρᾶσις
1478 1427 1686 1489 τοῦτον,

85 1508 266 1580 φησὶ,
302 1507 392 1562 τὸν
419 1513 619 1582 τρόπον
647 1514 748 1584 τῆς
777 1531 836 1566 τε
871 1517 1275 1588 καταποθείσης
1296 1517 1576 1589 δυνάμεως
1595 1519 1688 1572 τοῦ

89 1599 320 1668 ἀγαθοῦ
382 1602 476 1656 καὶ
522 1603 620 1674 τῆς
673 1605 1049 1678 καταπιούσης
1094 1607 1255 1680 ὓληςε
1301 1610 1396 1664 καὶ
1430 1609 1604 1674 οὕτως
1631 1610 1690 1678 ἐξ

87 1691 313 1761 ἀμφοῖν
340 1692 750 1766 ἐδημιουργήθη
783 1697 903 1750 τόδε
937 1700 1067 1758 πᾶν,
1099 1700 1205 1753 ὑπὸ
1233 1700 1326 1754 τοῦ
1359 1701 1565 1770 ἀγαθοῦ
1597 1703 1691 1774 δη-
1721 1685 1763 1739 Β

91 1782 268 1855 λαδή·
319 1784 380 1837 οὐ
406 1783 516 1856 γὰρ
550 1785 617 1840 ἂν
650 1788 982 1859 προύνόησεν
1022 1791 1054 1860 ἡ
1100 1791 1266 1846 κακία
1295 1793 1502 1864 κόσμου
1540 1795 1690 1864 γενέ-

95 1891 272 1938 σεως.
305 1876 582 1932 Ἐντεῦθεν
611 1879 668 1932 δέ
701 1898 830 1950 φασι
862 1881 932 1936 τά
961 1883 1061 1954 μὲν
1091 1884 1294 1952 ἀγαθά,
1332 1885 1400 1942 τὰ
1424 1885 1482 1939 δὲ
1520 1890 1687 1953 κακὰ,

94 1967 205 2037 τῆς
235 1969 486 2040 κράσεως
517 1972 733 2043 ἐκείνης
775 1975 870 2028 καὶ
902 1975 1005 2046 τῆς
1034 1977 1251 2030 συνόδου
1284 1980 1396 2032 τοῖν
1432 1975 1576 2032 δυοῖν
1603 1979 1689 2034 διὰ

93 2061 204 2130 τῆς
239 2061 613 2136 ἐναντιότητος
651 2065 761 2119 τῶν
802 2067 928 2139 τῇδε
972 2070 1310 2141 πραγμάτων
1359 2071 1692 2144 ἐμφαινομέ-

97 2169 227 2224 νης.

1791 417 2122 472 evehebatur
2173 419 2426 476 nesciens
2465 421 2826 476 substantiam
2873 421 3022 480 boni.
3065 422 3361 496 Postquam

1789 525 1922 564 vero
1963 510 2139 580 magis
2177 517 2362 565 evecta
2392 513 2542 566 novit
2565 523 2764 570 terram
2799 524 2854 570 et
2882 517 3064 572 lumen
3096 518 3244 580 boni,
3277 519 3365 572 ni~

1792 602 2007 656 tebatur
2053 603 2352 659 ascendere
2388 604 2456 659 ad
2489 621 2551 661 ea
2586 623 2708 677 quae
2747 624 2856 662 non
2891 616 3047 664 erant
3091 611 3310 681 propria
3343 630 3358 665 :

1791 692 1976 750 Bonus
2011 709 2142 750 vero
2190 702 2512 766 potestatem
2559 698 2850 768 quamdam
2887 701 3075 765 mittit,
3125 704 3213 757 cui
3256 718 3360 756 no-

1789 801 1914 840 men
1952 786 2097 855 quod
2129 787 2178 841 ei
2207 787 2382 842 visum
2407 799 2511 854 est,
2543 789 2794 861 imponit,
2825 793 3222 849 custodituram
3251 794 3362 850 sci-
3429 827 3432 829 λ

1792 879 1920 934 licet
1942 879 2280 949 praescripta,
2308 895 2368 935 re
2402 892 2585 935 autem
2612 898 2740 938 vera
2776 882 3014 938 futuram
3045 885 3164 955 ipsi?
3191 893 3362 940 mate-

1797 973 1894 1026 riae
1927 972 2238 1027 illecebram
2275 979 2330 1027 et
2376 973 2792 1030 invitamentum
2834 975 2900 1030 ad
2931 976 3373 1031 moderationem.

1790 1061 1917 1131 ejus
1967 1075 1998 1114 a
2046 1061 2328 1116 voluntate
2378 1060 2631 1115 alienam.
2684 1061 2836 1127 Quod
2887 1061 3105 1131 quidem
3156 1062 3373 1119 factum.

1790 1162 1875 1208 est
1914 1169 1926 1204 :
1960 1168 2087 1208 cum
2129 1153 2275 1208 enim
2323 1152 2553 1209 vidisset
2600 1155 2823 1210 materia
2868 1162 3195 1225 potestatem
3229 1155 3362 1210 mis-

1791 1261 1910 1302 sam
1950 1247 2110 1318 quasi
2155 1246 2435 1310 adamans,
2479 1247 2791 1318 concupivit
2835 1247 3051 1317 quidem
3091 1262 3232 1313 eam,
3265 1247 3374 1302 sed,

1793 1338 2104 1394 ardentiore
2132 1338 2372 1410 appetitu
2406 1337 2731 1407 prehensam
2777 1339 3082 1402 absorbuit,
3125 1347 3180 1394 et
3219 1354 3360 1409 quo-

1792 1423 1916 1478 dam
1951 1425 2115 1480 modo
2174 1432 2433 1495 tanquam
2486 1424 2665 1480 bellua
2704 1425 2869 1497 ligata
2900 1434 3005 1482 est.
3056 1426 3152 1482 Usi
3182 1433 3360 1482 autem

1793 1525 1922 1570 sunt
1967 1515 2073 1571 hoc
2129 1517 2417 1588 exemplo,
2463 1525 2720 1587 tanquam
2781 1519 3033 1574 cantione
3077 1519 3364 1590 potestatis

1794 1607 1976 1662 missa:
2001 1606 2237 1677 sopitam
2268 1623 2412 1663 esse.
2444 1605 2612 1663 Facta
2649 1609 2819 1680 igitur
2841 1617 2947 1676 est,
2973 1609 3150 1676 aiunt,
3176 1609 3364 1664 mistio

1794 1705 1850 1753 et
1877 1699 2200 1769 temperatio
2237 1698 2305 1753 ad
2346 1700 2493 1754 hunc
2528 1701 2790 1768 modum;
2822 1701 3187 1772 absorptaque
3206 1710 3362 1771 pote-

1792 1797 1933 1846 state
1964 1790 2114 1856 boni,
2158 1797 2214 1846 et
2264 1791 2493 1844 materia
2542 1792 2870 1848 absorbente
2906 1792 2986 1847 sic
3026 1807 3094 1847 ex
3135 1799 3375 1862 utraque-

1793 1880 2124 1936 fabricatum
2161 1896 2286 1937 esse
2337 1881 2678 1949 universum,
2709 1898 2738 1936 a
2773 1883 2919 1938 bono
2961 1882 3217 1944 scilicet;
3254 1899 3373 1937 non.

1791 1973 1939 2029 enim
1991 1973 2198 2028 malum
2245 1974 2485 2044 providit
2533 1980 2716 2028 ortum
2762 1974 2975 2029 mundi.
3022 1973 3162 2029 Hinc
3211 1975 3368 2029 aiunt
3442 2041 3443 2044 η

1794 2067 1904 2121 alia
1932 2067 2154 2137 quidem
2197 2066 2341 2122 bona
2384 2082 2543 2132 esse,
2590 2067 2697 2121 alia
2723 2083 2854 2124 vero
2891 2068 3052 2134 mala,
3099 2066 3242 2122 facta
3269 2068 3366 2122 mia

1795 2158 1978 2215 stione
2012 2159 2107 2213 illa
2130 2165 2186 2213 et
2211 2157 2442 2212 duorum
2468 2159 2612 2213 coitu
2647 2172 2744 2229 per
2763 2159 2872 2213 vim
2909 2159 3239 2215 contrariam
3277 2174 3369 2215 re-

1789 2267 1936 2316 rum,
1961 2265 2083 2320 quae
2102 2250 2194 2304 hic
2223 2257 2371 2307 sunt.

499 2339 631 2396 CAP.
664 2340 802 2396 Xlll.
839 2343 1030 2398 Anima
1063 2362 1096 2397 α
1123 2343 1255 2398 bona
1293 2345 1574 2416 principio,
1607 2363 1641 2400 a
1676 2343 1818 2400 malo
1845 2351 2022 2398 autem
2046 2357 2257 2410 corpus,
2289 2341 2574 2397 secundum
2614 2339 2956 2396 Hanichwos.

187 2431 469 2504 Ὀρίςεται
499 2434 555 2487 δὲ
579 2434 755 2507 ψυχὴν
784 2436 884 2506 μὲν
923 2437 1146 2492 ἃπασαν
1175 2435 1312 2492 εἶναι
1342 2421 1442 2511 τῆς
1471 2439 1688 2512 μερίδος

101 2521 202 2577 τοῦ
235 2525 464 2593 ἀγαθοῦ,
497 2526 658 2598 σῶμα
691 2529 750 2581 δὲ
785 2529 878 2582 καὶ
910 2529 1008 2600 τὴν
1051 2529 1250 2602 σάρκα,
1284 2532 1384 2603 τῆς
1427 2530 1580 2604 ὕλης,
1611 2531 1688 2603 πὴ

104 2615 211 2685 μὲν
248 2617 585 2688 κατέχουσαν
607 2620 683 2684 ὡς
716 2623 774 2673 ἐν
801 2622 994 2694 εἱρκτῇ
1014 2621 1112 2694 τὴν
1143 2622 1343 2694 ψυχὴν,
1375 2623 1451 2696 πὴ
1475 2623 1532 2678 δὲ
1553 2641 1687 2678 κατ-

101 2705 378 2776 εχομένην
417 2706 493 2771 ὠς
535 2707 722 2780 θηρίον
758 2711 894 2782 πρὸς
917 2711 1018 2782 τῆς
1048 2712 1283 2784 ἐπῳδῆς.
1313 2712 1468 2767 Οῦτω
1497 2714 1594 2785 μέν
1625 2712 1690 2784 δὴ

104 2799 476 2870 σοφισάμενος
514 2801 614 2873 τὴν
655 2801 788 2874 ὕλην
828 2803 858 2856 ὁ
888 2805 1094 2874 ἀγαθὸς
1151 2807 1376 2878 κόσμου,
1413 2807 1568 2878 φησὶ,
1598 2807 1690 2876 γέ-

1864 2435 2116 2491 Decernit
2143 2441 2325 2490 autem
2371 2449 2586 2490 omnem
2619 2433 2838 2504 quidem
2877 2435 3112 2489 animam
3144 2450 3266 2491 esse
3297 2451 3363 2489 ex

1794 2539 1947 2601 parte
1973 2528 2103 2584 boni
2142 2545 2158 2595 ;
2187 2541 2389 2598 corpus
2415 2541 2547 2582 vero
2579 2533 2634 2581 et
2659 2541 2882 2581 carnem
2914 2541 2979 2581 ex
3009 2532 3163 2596 parte
3186 2533 3364 2582 mate-

1794 2617 1892 2675 rize
1933 2637 1947 2672 :
1983 2623 2039 2672 et
2074 2616 2188 2685 jam
2219 2614 2439 2686 quidem
2474 2629 2678 2686 corpus
2716 2616 2954 2669 animam
2997 2622 3260 2686 tanquam
3305 2617 3364 2671 in

1795 2725 2019 2765 carcere
2062 2708 2350 2776 detinere;
2389 2709 2505 2776 jam
2531 2723 2663 2764 vero
2710 2709 2947 2762 animam
2979 2708 3210 2765 detineri
3243 2719 3366 2764 tan-

1797 2817 1958 2871 quam
1983 2800 2220 2856 belluam
2249 2815 2280 2853 a
2307 2799 2582 2854 cautione.
2612 2797 2704 2854 Sic
2728 2799 2906 2854 bonus
2929 2813 3052 2854 cum
3081 2800 3364 2854 materiam

103 2908 232 2960 γονε
264 2892 624 2965 δημιουργός·
663 2895 764 2948 οὐκ
806 2895 1175 2968 ἀντιποιηθείς
1217 2916 1280 2968 γε
1315 2897 1406 2952 τοῦ
1431 2899 1692 2971 δημιουρ-
1716 2921 1762 2980 ε
1796 2891 1850 2946 dt

1815 2889 2123 2960 lecepisset,
2163 2887 2376 2953 mundi,
2425 2887 2624 2959 inquit,
2674 2885 2856 2943 factus
2891 2895 2976 2943 est
3022 2885 3362 2944 fabricator:

101 2982 279 3053 γῆσαι
329 2983 491 3037 αὐτὸν
531 2983 868 3054 (ἀνθίσταται
900 2987 1009 3060 γὰρ
1051 2989 1243 3062 αὐτῷ),
1280 2989 1414 3045 ἀλλά
1459 2989 1546 3043 διὰ
1592 2990 1692 3060 τὴν

103 3073 484 3130 ἐπανάστασιν
511 3076 612 3147 τῆς
639 3077 860 3142 κακίας,
898 3080 966 3150 ἢν
1019 3083 1364 3154 σωφρονῆσαι
1407 3081 1652 3154 διενοήθη
1674 3100 1686 3111 ·

103 3166 166 3219 οὐ
215 3167 404 3239 μέντοι
451 3168 642 3237 γέγονε
679 3169 903 3224 δυνατὸν
939 3170 1141 3236 ἐξελεῖν
1189 3175 1288 3244 τῆς
1344 3174 1543 3239 κακίας
1581 3174 1690 3227 τῶν

105 3260 454 3331 φαινομένων
497 3261 838 3334 πραγμάτων
880 3263 971 3317 τὸν
1015 3264 1114 3329 ἱὸν,
1139 3265 1366 3319 ἔπεσθαι
1409 3264 1466 3318 δὲ
1507 3264 1691 3318 τοῦτον

104 3351 461 3423 δεικνύμενον
503 3357 567 3408 ἐκ
599 3356 698 3426 τῆς
734 3356 960 3421 ἀταξίας
1002 3358 1094 3410 καὶ
1124 3357 1244 3427 τῆς,
1269 3357 1344 3420 ὡς
1371 3356 1688 3428 ὑπείληφεν,

107 3443 432 3516 ἀνισότητος
456 3447 564 3500 τῶν
595 3449 715 3502 καθ’
734 3451 905 3521 ἡμᾶς,
933 3449 1122 3504 τοῦτον
1151 3451 1250 3520 μὲν
1277 3449 1544 3514 πλουτεῖν,
1567 3447 1692 3503 τοῦ·

106 3551 199 3588 τον
251 3537 315 3591 δέ
352 3538 628 3593 πένεσθαιο
671 3542 764 3595 καὶ
792 3543 886 3596 τὸν
920 3542 1017 3612 μὲν
1061 3541 1312 3607 εὐδοξεῖν,
1347 3540 1440 3594 τὸν
1469 3541 1528 3595 δέ
1569 3542 1692 3596 ἀδο-

110 3625 220 3690 ξεῖν
240 3645 254 3657 ·
289 3628 388 3683 καὶ
417 3630 521 3684 ὅσα
545 3631 790 3688 τοιαῦτα.
820 3634 894 3686 Τό
927 3651 985 3687 τε
1013 3633 1076 3704 δὴ
1105 3631 1535 3704 σπουδαζόμενόν
1575 3636 1692 3688 ἐστι

108 3721 186 3792 τῷ
217 3723 414 3794 ἀγαθῷ
445 3725 544 3796 τὴν
585 3723 778 3796 ψυχὴν
804 3725 1166 3797 ἐλευθερῶσαι
1203 3725 1302 3796 τῆς
1334 3725 1564 3790 κακίας·
1599 3726 1694 3779 καὶ

109 3814 318 3886 ταύτην
367 3815 630 3887 ἀντλῆσαι
663 3818 866 3890 τρόπον
893 3818 1016 3874 τινὰ
1043 3820 1106 3871 ἐκ
1125 3819 1223 3889 τῆς
1249 3816 1380 3888 ὕλης
1397 3833 1412 3847 ·
1447 3815 1606 3871 τοῦτο
1636 3817 1693 3870 δὲ

111 3905 397 3973 γίγνεσθαι
425 3905 513 3960 διὰ
544 3907 644 3977 τῆς
674 3909 899 3980 σελήνης
928 3908 1296 3980 αὐξανομένης
1311 3925 1367 3960 τε
1389 3907 1483 3961 καὶ
1508 3925 1692 3978 μειου-

116 3997 307 4068 μένης,
334 3999 411 4062 ὡς
440 4001 572 4071 ὁρᾷν
605 3999 868 4070 δοκοῦμεν
901 4003 1062 4072 ἡμεῖς
1081 4018 1094 4030 ·
1124 4002 1186 4054 τὸ
1210 4001 1319 4071 γὰρ
1341 4001 1556 4072 ἀληθὲς,
1591 4019 1694 4072 φη-

117 4089 220 4155 σὶν,
252 4089 446 4159 ὑδρίας
477 4091 680 4161 τρόπον
712 4091 850 4158 αὐτὴ
898 4091 1247 4163 πληρουμένη
1267 4131 1282 4154 ,
1329 4093 1395 4145 ἐκ
1433 4091 1530 4162 τῆς
1566 4108 1694 4144 κατ-

112 4181 386 4252 ἐχομένης
413 4181 600 4245 οὐσίας
629 4185 709 4246 εἰς
736 4181 799 4236 τὺ
829 4183 1088 4254 ὁμογενὲς
1111 4181 1312 4252 ἀγαθὸν
1333 4181 1612 4236 κενοῦταυ
1642 4184 1691 4235 εί

116 4270 222 4341 γὰρ
252 4271 350 4324 καὶ
374 4270 450 4343 μὴ
493 4272 703 4336 τούτοις
737 4290 800 4342 γε
826 4275 938 4337 τοῖς
966 4274 1224 4346 ῥήμασιν,
1256 4273 1393 4328 ἀλλά
1425 4290 1488 4342 γε
1518 4273 1689 4328 ταῦτα
1721 4297 1764 4353 υ

119 4359 366 4429 βούλεται
390 4363 590 4431 λέγειν,
610 4364 753 4435 ἆπερ
775 4365 1273 4436 εὐσχημονέστερον
1294 4365 1435 4419 πάνυ
1460 4382 1523 4433 γε
1551 4365 1690 4436 πρὸς

118 4450 272 4519 ἡμῶν
322 4453 566 4524 εἴρηταιο
619 4453 872 4512 πλεῖστον
924 4453 1033 4526 γὰρ
1091 4456 1215 4508 ὅσον
1266 4456 1393 4526 παρ’
1445 4455 1592 4526 αὐτῷ
1630 4456 1689 4508 τὸ

116 4540 403 4598 ἀλλόκοτον
430 4545 490 4598 ἐν
517 4547 583 4615 τῇ
619 4545 864 4618 διηγήσει
887 4547 982 4600 καὶ
1005 4547 1067 4600 τὸ
1095 4547 1376 4602 ἀπίθανον.

1791 2995 1905 3035 non
1956 2980 2178 3050 quidem
2233 2977 2379 3049 quod
2436 2980 2614 3049 ipsum
2663 2978 2923 3034 fabricari
2973 2979 3363 3043 desiderasset,

1791 3073 2000 3128 resistit
2041 3071 2186 3127 enim
2233 3072 2306 3133 ei,
2351 3070 2448 3126 sed
2504 3080 2726 3141 propter
2777 3072 3099 3127 seditionem
3141 3087 3172 3126 a
3223 3074 3368 3126 malo

1791 3163 2108 3227 excitatam,
2125 3176 2289 3231 quam
2315 3161 2589 3232 corrigere
2609 3171 2663 3216 et
2688 3162 2956 3217 moderari
2989 3165 3320 3234 cogitaverat
3349 3181 3364 3229 ;

1793 3272 1904 3311 non
1949 3264 2132 3311 tamen
2181 3254 2298 3310 ﬁeri
2334 3255 2605 3324 potuisse,
2636 3261 2695 3307 ut
2728 3269 2995 3309 venenum
3044 3257 3176 3310 mali
3218 3257 3364 3326 quod

1792 3357 1878 3404 est
1928 3349 1986 3403 in
2034 3348 2199 3403 rebus
2244 3360 2383 3416 quas
2418 3344 2690 3411 videmus,
2744 3343 3168 3411 extraheretur;
3209 3347 3364 3416 sequi

1791 3456 1924 3497 vero
1944 3440 2074 3504 hoc,
2108 3445 2167 3493 ut
2198 3438 2404 3509 opinati
2435 3443 2584 3501 sunt,
2619 3451 2686 3491 ex
2712 3437 3122 3506 perturbatione
3154 3437 3366 3491 ordinis

1792 3539 1847 3588 et
1888 3545 1957 3588 ex
2009 3530 2378 3601 inaequalitate
2425 3543 2607 3584 rerum
2643 3534 2957 3583 nostrarum
3012 3534 3174 3598 atque
3219 3529 3364 3582 hunc

1792 3623 2015 3695 quidem
2056 3622 2279 3677 divitem
2317 3636 2460 3685 esse,
2495 3620 2651 3674 illum
2686 3635 2813 3674 vero
2841 3634 3136 3690 pauperem
3164 3637 3180 3687 ;
3213 3619 3361 3675 hunc

1792 3717 2118 3788 gloriosum,
2176 3714 2331 3769 illum
2386 3713 2776 3768 inhonoratum
2833 3721 2886 3767 et
2935 3711 3248 3782 inglorium,
3311 3720 3366 3767 et

1791 3823 2136 3881 quaecunque
2188 3806 2317 3861 talia
2371 3811 2517 3860 sunt.
2579 3803 2832 3858 Studium
2887 3818 3020 3858 vero
3061 3803 3188 3860 boni
3243 3820 3366 3859 esse

1793 3903 2025 3958 liberare
2055 3900 2292 3955 animam
2329 3913 2358 3951 a
2393 3898 2559 3964 malo,
2588 3905 2643 3953 et
2663 3897 2804 3951 hanc
2833 3896 3070 3967 quodam
3105 3896 3268 3951 modo
3297 3912 3363 3953 ex

1792 3994 2019 4050 materia
2048 3989 2340 4049 exhaurire
2398 4006 2413 4044 :
2474 3989 2579 4044 hoc
2647 3998 2831 4044 autem
2877 3987 2995 4044 ﬁeri
3033 4003 3132 4058 per
3179 3989 3364 4044 lunam

1793 4092 2130 4140 crescentem
2173 4089 2228 4136 et
2274 4080 2709 4142 decrescentem,
2759 4085 2820 4133 ut
2854 4093 2956 4134 nos
2986 4077 3178 4134 videre
3213 4079 3367 4134 vide-

1793 4191 1920 4229 mur
1950 4190 1964 4226 :
1999 4190 2059 4229 re
2092 4189 2219 4229 vera
2250 4171 2419 4236 enim,
2453 4171 2650 4242 inquit,
2682 4171 2800 4240 ipsa
2831 4171 2885 4225 in
2915 4171 3134 4227 modum
3163 4171 3367 4243 hydrize

1793 4267 2012 4338 impleta
2033 4309 2048 4330 ,
2084 4281 2152 4324 ex
2189 4263 2496 4322 substantia
2529 4262 2710 4318 infusa
2743 4263 2800 4317 in
2833 4263 3041 4319 bonum
3073 4272 3366 4335 cognatum

1794 4359 2111 4416 exinanitur
2151 4373 2167 4411 :
2203 4357 2306 4413 etsi
2338 4355 2486 4412 enim
2531 4371 2640 4411 non
2686 4355 2772 4411 bis
2804 4357 3009 4420 verbis,
3041 4356 3157 4410 haec
3184 4362 3367 4409 tamen

1794 4455 1910 4508 vult
1963 4453 2169 4515 dicere,
2220 4466 2342 4522 quae
2395 4450 2568 4504 multo
2621 4449 2906 4506 honestius
2955 4465 2985 4503 a
3017 4448 3177 4504 nobis
3214 4447 3368 4502 dicta

1797 4553 1928 4602 sunt
1953 4565 1968 4609 ;
1997 4545 2293 4616 plurimum
2327 4543 2475 4599 enim
2518 4542 2743 4599 absurdi
2774 4549 2829 4597 et
2859 4539 3178 4596 incredibile
3201 4538 3367 4595 estin

1796 4639 1917 4707 ejus
1939 4636 2271 4694 narratione.

1007 4731 1140 4788 CAP.
1180 4730 1319 4786 XIV.
1361 4731 1440 4787 De
1463 4741 1606 4786 terra
1635 4742 1685 4787 et
1715 4731 1974 4802 imbribus
2001 4731 2231 4788 Manetis
2270 4733 2465 4801 opinio.

193 4822 333 4876 Ὀσα
383 4823 484 4893 μὲν
525 4816 620 4877 οὖν
666 4823 830 4896 ἕτερα
873 4825 1044 4897 γραὸς
1091 4826 1248 4897 δίκην
1292 4826 1580 4897 μυθολογεῖ
1606 4826 1701 4880 καὶ

124 4914 344 4985 γράφει,
373 4919 440 4986 τῇ
463 4915 650 4988 Σύρων
698 4919 849 4988 φωνῇ
883 4917 1184 4988 χρώμενος,
1227 4917 1375 4980 ὅπως
1422 4917 1520 4988 μὲν
1563 4917 1700 4988 ὴγῆ

129 5003 467 5072 βαστάζεται,
501 5008 592 5062 τὸν
617 5010 897 5080 ποιητικὸν
928 5010 1002 5082 μὴ
1031 5009 1313 5079 διαφυγὼν
1350 5009 1700 5080 μῦθονσὸπως

124 5094 178 5148 δὲ
225 5098 571 5153 συνίστανται
616 5101 665 5153 οί
717 5100 935 5173 ὄμϐροι,
962 5102 1038 5165 ὡς
1072 5101 1293 5173 ἱδρῶτες
1318 5103 1424 5155 εἰσι
1458 5102 1566 5155 τῶν
1599 5103 1701 5172 ἀρ-

128 5188 324 5255 χόντων
350 5191 452 5261 τῆς
481 5191 613 5263 ὕλης
632 5209 645 5222 ·
679 5193 850 5247 ταῦτα
889 5194 982 5247 καὶ
1015 5193 1086 5246 τά
1118 5193 1360 5258 τοιαῦτα,
1391 5193 1500 5248 τῶν
1531 5193 1697 5247 αὐτοῦ

129 5280 513 5353 παλαισμάτων
539 5285 1069 5357 παρεμπορεύματα,
1085 5287 1337 5359 περιττὸν
1364 5285 1432 5344 ἂν
1457 5287 1541 5359 εἴη
1569 5304 1702 5359 προ-

131 5372 308 5445 φέρειν
343 5377 422 5440 είς
472 5375 714 5447 ἔλεγχον.
762 5378 882 5449 Χρὴ
921 5379 977 5431 δὲ
1007 5377 1045 5439 ἀ
1086 5379 1214 5450 περὶ
1258 5379 1488 5434 ἑκάστω
1517 5396 1700 5451 παρα-

132 5465 298 5520 παίων
321 5468 544 5539 γράφει,
578 5468 865 5540 γνώρισμα
893 5473 1006 5534 τοῖς
1046 5473 1234 5536 πᾶσιν,
1276 5471 1480 5541 ἥκιστά
1510 5487 1573 5539 γε
1603 5471 1700 5524 ἀν-

132 5552 340 5621 έχεσθαι
364 5560 498 5630 πρὸς
518 5561 822 5632 ἀπέραντον
841 5563 1104 5634 φλυαρίαν
1128 5563 1218 5616 τὸν
1237 5562 1391 5632 λόγον
1419 5565 1698 5619 ἐκτείνεινο

120 5696 124 5718 ,
199 5647 291 5719 (7')
324 5651 463 5723 Lege
483 5651 567 5722 δή.
598 5653 754 5707 Eutr.

1873 4824 2227 4900 Quaecunque
2276 4825 2446 4895 igitur
2482 4824 2589 4878 alia
2625 4822 2844 4878 aniliter
2893 4827 2948 4876 et
2995 4816 3370 4875 commentitie

1797 4917 2046 4988 loquitur
2075 4926 2132 4973 et
2171 4916 2387 4979 scribit,
2437 4930 2690 4971 sermone
2732 4913 2960 4986 Syriaco
3004 4917 3187 4971 utens,
3234 4923 3370 4978 quo-

1797 5009 1962 5066 modo
2013 5015 2162 5065 terra
2228 5009 2569 5074 sustinetur,
2627 5022 2736 5061 non
2793 5003 3044 5060 devitans
3100 4999 3368 5073 poeticam

1797 5101 2040 5156 fabulam
2077 5118 2092 5168 ;
2136 5099 2412 5172 quomodo
2460 5099 2666 5155 imbres
2699 5099 2857 5161 liunt,
2893 5103 2948 5151 et
2981 5095 3211 5150 sudores
3245 5107 3372 5148 esse

1798 5193 2134 5266 principium
2187 5193 2428 5248 materia:
2480 5212 2492 5246 :
2544 5192 2657 5246 hazc
2692 5199 2747 5245 et
2789 5190 2893 5244 alia
2943 5185 3213 5259 ejusmodi
3251 5200 3372 5255 quae

1797 5293 1998 5357 praeter
2039 5285 2318 5355 negotium
2370 5285 2457 5339 sui
2507 5283 2824 5338 certaminis
2855 5290 3074 5335 tractat.
3110 5292 3372 5347 superva-

1798 5395 1964 5435 cuum
1987 5386 2137 5435 esset
2167 5379 2236 5434 ad
2264 5376 2662 5434 coniutandum
2685 5377 2954 5447 proferre.
2991 5371 3216 5444 Oportet
3251 5385 3374 5440 qua)

1799 5470 1867 5526 de
1905 5471 2138 5541 singulis
2179 5469 2352 5525 delire
2391 5467 2606 5533 scribit,
2642 5483 2762 5538 qum
2787 5466 3041 5522 omnibus
3070 5471 3194 5518 nota
3220 5468 3369 5522 sunt,

1801 5581 1908 5621 non
1945 5565 2054 5636 pati
2087 5572 2148 5619 ut
2177 5565 2377 5620 librum
2410 5562 2638 5619 inﬁnitis
2671 5562 2831 5633 nugis
2865 5561 3092 5615 dilatcnt
3123 5576 3137 5623 ;
3173 5557 3374 5628 quippe
