3782 6166
467 288 606 345 i087

1593 289 1735 345 rm
1772 288 2200 347 BOS‘I'RENSIS
2235 288 2541 347 EPISCOPi
2624 250 2629 257 ’

3565 248 3707 349 ωεέ

379 448 382 451 .
465 419 589 457 cum
620 401 758 460 satis
784 402 859 459 sit
889 402 1177 461 confutato
1202 404 1383 475 capite
1413 405 1644 462 insania:
1672 407 1793 477 ejus
1821 407 2016 476 reliqua

2135 422 2211 479 ως
2251 404 2451 477 ἀρκοῦν
2497 405 2629 460 αὐτὸ
2689 405 2750 459 τὸ
2812 407 3104 476 κεφάλαιον
3156 406 3319 462 αὐτοῦ
3360 408 3462 479 τῆς
3487 386 3701 480 ’ἀλόγου

464 501 816 550 contemnere
864 515 878 550 :
912 505 968 552 et
1004 497 1049 553 si
1082 511 1191 551 non
1230 498 1591 568 contingeret,
1625 508 1678 552 ut
1716 498 2032 553 necessario

464 583 580 642 hac
610 598 778 640 causa
830 600 1133 641 sermonem
1161 585 1229 641 de
1262 586 1609 642 Providentia
1640 587 2032 656 complectere-

467 683 577 740 tur,
620 689 735 747 quo
779 676 1157 733 demonstrare
1193 683 1410 747 oportet
1434 677 1620 731 omnia
1649 692 1771 732 esse
1797 677 1933 731 bene
1965 690 2031 731 ac

467 768 650 824 divine
678 768 953 834 ordinata,
982 776 1035 825 et
1066 768 1393 827 ineffabilem
1425 768 1518 824 Dei
1539 768 1862 839 sapientiam
1891 783 2033 838 prae-

465 860 684 929 dicare;
716 862 1003 917 ridiculum
1042 867 1190 916 esset
1221 861 1305 916 vel
1341 861 1519 931 aliqua
1550 861 1741 915 saltem
1783 858 2031 914 confuta-

466 951 632 1015 tione,
669 968 787 1023 quae
816 953 1092 1023 proposita
1122 961 1270 1015 sunt,
1302 952 1464 1021 digna
1497 967 1618 1008 esse
1651 959 1882 1023 putare;
1911 966 2032 1021 quae

465 1043 681 1113 quidem
718 1052 869 1098 extra
918 1058 1235 1099 communes
1266 1045 1514 1099 notiones
1549 1050 1807 1113 congesta
1839 1049 2032 1112 sponte

465 1147 564 1190 sua
598 1136 740 1206 apud
769 1150 864 1193 eos
902 1135 997 1207 qui
1030 1143 1262 1191 mentem
1295 1137 1495 1192 habent
1515 1143 1905 1207 coarguuntur.

2140 497 2334 567 μανίας
2363 496 2737 565 διελέγξαντας
2781 498 2889 552 τῶν
2922 497 3095 553 ἀλλων
3124 503 3503 572 καταφρονεῖν⁶
3538 505 3635 556 καὶ
3656 506 3697 556 εἰ

2137 589 2210 660 μή
2239 606 2303 657 γε
2328 590 2417 641 τὸν
2451 590 2577 660 περὶ
2608 590 2867 661 Προνοίας
2900 591 3056 660 λόγον
3093 592 3369 647 συνεδαινε
3406 595 3575 666 τήνδε
3610 597 3699 667 τὴν

2134 679 2388 733 ὑπόθεσιν
2426 681 2736 750 ἀναγκαίως
2783 682 3223 754 περιλαμϐάνειν,
3243 685 3313 738 δι’
3345 680 3407 740 οὗ
3435 690 3699 758 προσήκει

2134 771 2326 838 δεῖξαι,
2363 772 2439 837 ὡς
2488 774 2701 830 ἄπαντα
2741 769 2799 829 εὖ
2846 793 2905 831 τε
2949 777 3045 830 καὶ
3080 776 3249 859 θείως.
3262 780 3581 850 τεταγμένα
3609 782 3699 850 τὴν

2135 862 2372 939 ἄρρητον
2395 863 2488 919 τοῦ
2517 865 2650 918 Θεοῦ
2686 866 2874 937 σοφίαν
2900 868 3157 940 κηρύττει
3176 887 3190 901 ’
3224 870 3394 939 γέλως
3425 871 3492 925 ἀν
3521 868 3594 944 ἧν
3616 875 3697 925 ἀν-

2132 957 2433 1027 τιρρήσεως
2480 954 2610 1025 γοῦν
2652 973 2794 1020 τινος
2835 958 3016 1024 ἀξιοῦν
3046 959 3115 1013 τά
3145 962 3507 1033 προτεθέντα,
3538 964 3699 1035 imp,

2134 1045 2288 1109 ἐκτὸς
2310 1046 2420 1100 τῶν
2457 1048 2649 1101 κοινῶν
2679 1049 2894 1104 ἐννοιῶν
2942 1056 3435 1126 συμπεφορημένα,
3465 1056 3703 1127 αὐτόμα-

2133 1151 2226 1188 τον
2256 1135 2371 1207 ἔχει
2401 1138 2552 1209 παρά
2583 1156 2646 1208 γε
2676 1142 2786 1204 τοῖς
2819 1142 3070 1215 ἐχέφροσι
3095 1144 3186 1197 τὸν
3210 1145 3432 1217 ἔλεγχον

943 1248 1077 1305 CAP.
1117 1247 1232 1303 XV.
1297 1247 1569 1305 Sententia
1596 1248 1660 1305 de
1686 1250 1909 1303 materia
1932 1246 2215 1316 refutatur.
2243 1249 2327 1304 Au
2356 1250 2523 1308 Satan
2551 1257 2621 1308 sit
2644 1255 2871 1312 deterior
2906 1277 3062 1331 quam
3089 1262 3209 1329 fuit.

535 1364 684 1421 Satis
712 1372 893 1421 autem
926 1375 1067 1431 erat,
1100 1376 1386 1437 postquam
1421 1382 1532 1422 non
1575 1367 1757 1421 minus
1796 1366 2027 1421 deumn-

465 1465 700 1513 stratum
739 1467 825 1513 est
857 1471 1198 1528 nequaquam
1243 1459 1353 1513 duo
1399 1459 1666 1528 principia
1707 1472 1853 1521 esse,
1890 1471 2028 1526 prte-

463 1545 653 1600 serlim
709 1528 1006 1609 contraria,
1061 1546 1129 1600 de
1181 1546 1398 1601 homine
1444 1546 1557 1617 jam
1603 1554 1657 1601 et
1703 1547 1771 1601 de
1821 1547 2028 1616 reliqua

463 1633 676 1689 fabrica
735 1634 1009 1691 disserere
1062 1652 1076 1687 :

462 1725 895 1791 consideremus,
920 1728 1193 1796 quomodo
1219 1729 1495 1799 proposita
1516 1728 1851 1785 incredibilia
1875 1736 2024 1783 sunt.

464 1812 784 1878 Ferebatur,
830 1815 1029 1885 inquit,
1086 1817 1380 1887 aliquando
1431 1818 1659 1873 materia
1715 1819 2029 1889 perturbato

463 1905 677 1961 ordine.
709 1904 827 1972 Qua
857 1907 1067 1964 ordinis
1094 1909 1536 1978 perturbatione?
1564 1924 1631 1963 an
1666 1925 1850 1964 secum
1873 1908 2028 1965 sola?

463 2009 534 2049 an
582 2003 773 2052 contra
818 1997 1093 2068 aliquem?
1128 1999 1305 2054 omnis
1333 1999 1478 2053 enim
1508 2000 1772 2070 injustitia
1805 2015 1913 2056 non
1943 2007 2029 2056 est

464 2087 554 2140 sui
598 2087 914 2155 injustitia;
969 2088 1064 2145 sed
1123 2090 1295 2145 altero
1337 2090 1562 2161 indiget,
1611 2090 1668 2146 in
1710 2106 1871 2161 quem
1916 2092 2024 2146 ﬁat.

460 2176 560 2231 Cui
587 2178 753 2247 igitur
779 2194 893 2234 non
922 2187 1040 2235 erat
1068 2181 1431 2239 communitas
1450 2198 1575 2236 cum
1607 2183 1752 2251 alio;
1783 2183 1836 2237 in
1864 2198 2025 2253 quem

461 2268 779 2336 perturbato
823 2269 1014 2326 ordine
1063 2271 1382 2327 ferebatur?
1408 2281 1502 2329 aut
1531 2289 1651 2344 quae
1684 2274 1823 2328 ratio
1852 2275 2035 2345 ipsius

460 2358 923 2427 perturbationis?

531 2448 841 2507 Generahat
862 2451 1081 2522 quidem
1112 2454 1347 2523 primum
1374 2455 1616 2526 nequitia
1651 2456 2029 2527 progrediens,

456 2546 513 2593 et
562 2543 848 2600 crescebat
899 2563 911 2597 :
967 2545 1134 2615 igitur
1186 2545 1429 2617 ingenita
1473 2549 1788 2618 generabat.
1825 2560 1879 2604 et
1914 2565 2024 2605 non

456 2631 563 2685 erit
608 2632 764 2689 locus
807 2634 1044 2697 dicendi,
1092 2644 1351 2692 aeternam
1400 2639 1608 2709 aliquid
1634 2639 1758 2693 novi
1786 2640 1964 2695 moliri
2005 2657 2019 2695 :

457 2731 552 2779 aut
612 2726 758 2781 enim
815 2735 1009 2781 natura
1065 2730 1340 2794 molietur,
1392 2739 1555 2801 atque
1602 2733 1677 2785 ita
1742 2748 2020 2802 nunquam

458 2813 751 2871 intermisit
794 2830 977 2871 rerum
1020 2833 1283 2875 novarum
1329 2820 1662 2875 molitionem
1711 2841 1724 2876 :
1771 2823 1819 2878 si
1861 2823 2025 2878 modo

458 2904 733 2973 appellare
798 2915 1013 2977 Oportet
1080 2924 1346 2964 novarum
1404 2927 1586 2966 rerum
1644 2914 2015 2978 molitionem,

457 3005 651 3049 contra
694 2975 857 3067 quam
895 3000 1168 3069 negotium
1218 3017 1247 3054 a
1290 3001 1398 3056 Deo
1441 3012 1751 3073 susceptum
1797 3007 2019 3065 minimc
2046 2975 2087 3032 ϐ

458 3081 784 3153 principium
807 3086 1073 3153 temporis
1100 3086 1333 3152 habeat;
1364 3097 1457 3142 aut
1489 3090 1535 3145 si
1568 3090 1670 3145 hoc
1690 3091 2021 3161 cogitatione

457 3179 620 3227 utens
663 3172 811 3238 facit,
863 3176 1126 3229 rationem
1179 3176 1342 3232 habet
1382 3189 1438 3234 et
1477 3181 1843 3250 cognitionem
1896 3202 1909 3238 :
1965 3191 2021 3238 et

455 3278 647 3319 eversa
698 3275 783 3319 est
824 3279 989 3321 causa
1043 3268 1300 3340 nequitiae
1339 3270 1549 3327 ratione
1588 3274 1845 3329 carentis.
1894 3274 2020 3330 Sive

455 3354 625 3424 igitur
680 3356 1100 3414 ratiocinatione
1155 3366 1351 3424 utens,
1410 3361 1524 3418 sive
1587 3371 1738 3419 motu
1787 3365 2017 3421 rationis

454 3455 676 3515 experte
725 3449 1047 3504 seditionem
1094 3453 1281 3515 movit,
1335 3467 1456 3523 qua:
1506 3454 1648 3510 ratio
1683 3457 1906 3525 patitur,
1960 3465 2020 3513 ut

454 3536 682 3594 inﬁnitis
718 3540 933 3595 saeculis
977 3541 1202 3597 dimissa
1233 3542 1304 3598 sit
1337 3543 1649 3611 hujusmodi
1695 3545 2017 3602 seditionem

455 3629 710 3683 movere?
733 3645 799 3685 ex
828 3646 941 3700 quo
969 3631 1114 3685 enim
1147 3632 1280 3687 dicit
1319 3633 1617 3689 cohibitam
1659 3643 1713 3691 et
1754 3645 2017 3692 retentam

450 3734 593 3785 esse,
620 3731 878 3791 punctum
918 3725 1179 3794 temporis
1209 3725 1430 3783 ﬂuxisse
1462 3728 1781 3798 reperietur,
1814 3730 1860 3785 si
1892 3744 2018 3784 cum

452 3809 683 3869 inﬁnitis
709 3813 924 3868 siccatis
954 3815 1245 3883 praeteritis
1277 3825 1643 3887 comparetur.
1678 3815 1834 3883 Quod
1873 3818 2017 3872 enim

454 3897 645 3969 incipit
670 3909 724 3955 et
752 3903 1030 3968 terminat,
1064 3905 1278 3961 ﬁnitum
1302 3899 1385 3963 est
1411 3924 1425 3973 ;
1456 3909 1548 3977 qui
1583 3914 1762 3963 autem
1788 3919 1917 3965 sunt
1951 3926 2018 3969 et

451 3997 566 4044 toto
600 3991 795 4051 inﬁniti
821 3996 1009 4049 aeterni
1045 4006 1174 4052 sunt
1200 4006 1254 4052 et
1277 3999 1522 4068 ingeniti.

520 4082 809 4149 Prmterea,
853 4088 899 4141 si
931 4089 1346 4145 ratiocinatione
1395 4099 1553 4147 utens
1590 4092 1657 4146 ad
1694 4091 2014 4148 seditionem

450 4175 884 4245 depravabatur;
920 4181 1194 4250 quomodo
1245 4197 1355 4237 non
1406 4186 1590 4253 potius
1630 4187 1908 4256 aggressio
1937 4187 2013 4241 rei

450 4282 572 4337 qua:
610 4268 724 4322 ﬁeri
762 4284 872 4326 non
916 4280 1151 4341 poterat,
1192 4274 1498 4345 interrupta
1540 4284 1593 4331 et
1635 4277 1873 4333 rescissa
1900 4278 2016 4334 est?

448 4366 709 4430 tanquam
735 4377 843 4416 non
864 4373 1050 4433 posset
1071 4372 1262 4420 contra
1290 4366 1609 4435 sapientiam
1634 4367 1894 4423 invictam
1928 4369 2013 4422 in-

447 4452 755 4509 cursionem
780 4453 996 4511 facere?
1028 4456 1170 4512 unde
1199 4457 1398 4512 factum
1426 4467 1529 4522 est,
1551 4467 1608 4513 ut
1645 4469 1917 4524 caverent,
1946 4475 2014 4515 ne

446 4543 496 4596 ei
539 4544 806 4599 rationem
849 4534 1310 4618 et'cognitionem
1344 4548 1688 4614 tribuerent,
1738 4556 1799 4605 ut
1832 4552 2010 4606 locum

446 4633 673 4692 haberet
720 4647 1091 4694 commentum
1131 4641 1419 4699 seditionis
1452 4651 1644 4697 contra
1692 4642 1856 4698 Deum
1900 4663 1914 4699 :
1958 4653 2011 4698 et

446 4731 758 4784 necessario
807 4731 876 4786 ab
927 4733 1235 4804 ignorantia
1286 4745 1341 4793 et
1400 4745 1596 4792 natura
1636 4753 1747 4792 non
1784 4738 2008 4793 ratioci-

446 4829 611 4878 nante
667 4830 863 4889 tracta,
927 4841 1037 4881 non
1095 4830 1435 4899 exspectabit
1499 4830 1711 4886 inﬁnita
1785 4830 2004 4892 saecula,

446 4908 575 4964 dum
636 4927 696 4967 se
744 4922 921 4969 armat
977 4924 1035 4971 et
1086 4933 1144 4973 se
1189 4921 1429 4975 exercitu
1482 4922 1642 4992 sepit,
1700 4929 1759 4975 ut
1807 4920 1898 4975 ﬁat
1940 4920 2007 4974 ad

445 5002 727 5058 audaciam
797 5010 1115 5075 promptior.
1191 5009 1248 5064 Si
1308 5013 1451 5066 enim
1517 5012 1790 5082 c0piosior
1847 5012 2007 5071 ﬁebat

445 5092 514 5150 iis
550 5111 690 5164 quos
731 5099 1025 5166 generabat
1050 5138 1066 5163 ,
1108 5116 1451 5172 nequaquam
1490 5113 1665 5160 tamen
1711 5106 2006 5174 appetitum

446 5190 655 5239 natura:
712 5187 965 5257 augebat,
1032 5204 1209 5261 neque
1268 5205 1451 5249 motus
1520 5195 1789 5250 naturalis
1845 5194 2007 5264 quid-

445 5289 607 5342 quam
658 5280 929 5346 appetitus
981 5283 1326 5347 assumebat,
1382 5300 1557 5355 neque
1609 5284 1898 5341 accidisset
1954 5286 2003 5340 ei

447 5367 680 5432 primum
728 5370 948 5439 quidem
990 5387 1305 5445 augescere,
1344 5386 1504 5448 atque
1558 5378 1631 5432 ita
1680 5378 2003 5433 seditionem

447 5469 661 5515 ntovere
685 5476 701 5525 ;
734 5461 837 5515 hoc
864 5464 1007 5517 enim
1032 5474 1239 5522 naturae
1258 5470 1475 5525 «ratione
1513 5470 1714 5527 utentis
1752 5478 1856 5537 est,
1883 5485 2002 5541 quae

445 5555 508 5594 ex
530 5551 804 5617 proposito
829 5554 1075 5624 nequiter
1103 5556 1231 5628 agit.

518 5636 589 5704 (ἵ)
621 5637 799 5707 Forte,
828 5645 1056 5712 ἐδέξατο.
1094 5648 1247 5706 Eon.

2207 1369 2405 1457 ’.Ηρκει
2431 1372 2511 1431 δὲ.
2542 1374 2640 1428 οὐκ
2669 1374 2884 1432 ἔλαττον
2919 1378 3215 1446 δείξαντας,
3244 1383 3319 1449 ὡς
3345 1385 3608 1457 οὐδαμῶς
3642 1388 3704 1442 ἂν

2133 1451 2430 1524 ὑπάρξαιεν
2458 1460 2622 1530 ἀρχαὶ
2652 1462 2764 1527 δύο,
2790 1466 2884 1518 καὶ
2906 1466 3136 1537 μάλιστα
3162 1473 3419 1542 ἐναντίαι,
3578 1482 3703 1552 πρε

2131 1560 2190 1598 τε
2223 1546 2508 1621 ἀνθρώπου
2537 1554 2630 1606 καὶ
2662 1555 2759 1626 τῆς
2788 1557 2953 1629 ἀλλης
2995 1560 3351 1635 δημιουργίας
3382 1546 3699 1624 διαλαϐεῖν·

1132 1636 1267 1690 nihil
1323 1644 1506 1692 tamen
1559 1637 1834 1708 prohibet,
1893 1638 2016 1707 quin

2126 1638 2275 1707 ὅμως
2305 1640 2364 1692 δὲ
2392 1642 2454 1694 τὸ
2486 1644 2689 1699 κωλῦον
2717 1648 2865 1702 οὐδὲν
2896 1651 2990 1704 καὶ
3016 1653 3124 1706 τῶν
3163 1657 3537 1727 προτεθέντων
3575 1663 3703 1716 ἰδεῖν

2131 1727 2193 1780 τὸ
2216 1730 2495 1790 ἀπίθανον.
2530 1735 2779 1797 Ἠτάκτει
2809 1739 2935 1811 γὰρ,
2963 1744 3197 1816 (patrimi)
3226 1746 3321 1817 ὕλη
3348 1750 3504 1803 ποτέ.
3533 1754 3703 1806 Ποίαν

2128 1819 2387 1889 ἀταξίαν;
2430 1820 2540 1897 ἆρά
2575 1845 2638 1896 γε
2682 1829 2803 1884 καθ’
2846 1832 3043 1905 ἑαυτὴν
3087 1830 3301 1909 οῦσα,ἢ
3344 1841 3491 1895 κατά
3517 1860 3699 1909 τινοςς

2128 1911 2309 1969 ἀδικία
2350 1916 2459 1989 γὰρ
2498 1920 2701 1986 ἀπασα,
2746 1924 2944 1995 ἑαυτῆς
2992 1930 3091 1983 οὐκ
3132 1929 3199 1984 ἂν
3236 1933 3450 2000 γένοιτο
3490 1936 3697 1999 ἀδικία,

2126 2003 2295 2059 δεῖται
2323 2007 2380 2061 δὲ
2405 2010 2591 2080 ἐτέρου
2633 2013 2796 2079 τινὸς,
2830 2017 2951 2070 καθ’
2985 2014 3045 2074 οὗ
3076 2022 3268 2090 γένοιτ’
3292 2025 3377 2078 ἀν.
3413 2026 3480 2079 Ἦ
3516 2029 3700 2082 τοίνυν

2127 2096 2297 2167 ἑτέρῳ
2328 2102 2434 2154 τινὶ
2468 2102 2542 2173 μὴ
2573 2105 3014 2164 ὲπικοινωνοῦσα.
3038 2115 3175 2169 κατά
3200 2115 3342 2180 τίνος
3360 2118 3632 2188 ἠτάκτειξ
3659 2122 3697 2192 ἢ

2124 2188 2209 2251 τίς
2237 2190 2264 2241 ὁ
2291 2190 2445 2260 λόγος
2470 2194 2570 2265 τῆς
2594 2196 2817 2265 ἀταξίας
2840 2202 3038 2273 αὐτῆς;

2207 2465 2430 2535 Ἐγέννα
2487 2471 2585 2539 μὲν
2651 2473 2862 2544 πρῶτον
2923 2478 3185 2549 προϊοῦσα
3257 2481 3353 2532 καὶ
3405 2482 3699 2553 ηὐξιὶηιιετοι

2124 2553 2288 2622 φησίν
2308 2572 2320 2585 ·
2352 2557 2544 2611 οὐκοῦν
2576 2559 2759 2626 ἀϊδίως
2791 2563 3013 2634 ἢάΐδιος
3051 2569 3291 2635 ὲγένννα,
3319 2574 3353 2642 ἡ
3388 2573 3693 2644 ἀγέννητος

2122 2644 2333 2737 έγέννα,
2369 2649 2462 2701 καὶ
2498 2650 2678 2723 χώραν
2720 2655 2817 2726 οὐχ
2850 2657 2958 2723 ἕξει
3002 2660 3061 2712 τὸ
3108 2668 3454 2735 καινοτομεῖν
3492 2685 3547 2720 τι
3596 2670 3688 2737 τὴν

2121 2733 2311 2789 ἀΐδιον’
2346 2737 2379 2808 ἦ
2425 2740 2531 2811 γὰρ
2569 2741 2724 2811 φύσει
2751 2750 3149 2820 καινοτομήσει,
3178 2753 3269 2806 καὶ
3299 2733 3563 2811 οὐδέποτε
3594 2733 3686 2827 cii;

2122 2828 2465 2917 καινοτομίας
2506 2834 2807 2890 ἐπέπαυτο·
2839 2840 2888 2890 εί
2930 2840 2992 2908 δὴ
3032 2841 3186 2896 τοῦτο
3226 2850 3583 2917 καινοτομίαν
3612 2850 3689 2903 δεῖ

2122 2916 2321 2981 καλεῖν,
2352 2920 2428 2984 ὡς
2462 2925 2724 2996 μηδαμῶς
2768 2932 3020 3002 χρονικὴν
3056 2935 3228 3006 ἀρχὴν
3260 2935 3407 3007 ἔχειν
3432 2916 3534 3009 τὴν
3574 2943 3684 2994 κατ’

2119 3009 2288 3101 αὐτῆς
2328 3012 2421 3065 τοῦ
2453 3015 2658 3083 ἀγαθοῦ
2698 3023 3110 3095 μεταχείρησιν,
3162 3028 3194 3098 ἢ
3235 3026 3488 3101 λογισμῷ
3534 3032 3687 3086 τοῦτο

2119 3100 2430 3194 πράττουσα
2458 3104 2611 3175 λόγον
2637 3108 2749 3180 ἔχει
2780 3114 2872 3166 καὶ
2901 3114 3098 3182 γνῶσιν
3117 3134 3131 3147 ·
3161 3118 3257 3170 καὶ
3280 3100 3685 3194 ἀνατέτραπται

2115 3192 2216 3263 τῆς
2256 3194 2451 3264 ἀλόγου
2499 3200 2694 3265 κακίας
2735 3205 2767 3274 ἡ
2803 3206 3074 3271 ὑπόθεσις.
3103 3209 3228 3263 Εἴτε
3276 3208 3373 3265 οὖν
3418 3192 3680 3286 λογισμῷ,

2116 3286 2225 3341 εἴτε
2258 3291 2350 3343 καὶ
2380 3290 2645 3364 ἀλογίστῳ
2670 3299 2811 3369 φορᾷ
2835 3300 3173 3366 ἐπανίστατο,
3207 3303 3293 3367 τίς
3318 3305 3348 3356 ὁ
3372 3304 3535 3373 λόγος
3565 3308 3683 3370 τοὺς

2118 3378 2451 3449 ἀπεράντους
2473 3382 2675 3449 αἰῶνας
2700 3388 2903 3458 ταύτην
2923 3394 3173 3463 παρεῖναι
3209 3396 3348 3464 πρὸς
3377 3399 3483 3469 τὴν
3506 3398 3682 3452 τοιαύ-

2116 3483 2214 3536 την
2242 3469 2642 3541 ὲπανάστασιν;
2672 3477 2764 3545 ἀφ’
2784 3472 2845 3530 οῦ
2876 3480 2978 3551 γάρ
3003 3482 3374 3552 κατεσχῆσθαί
3396 3504 3563 3557 φησιν
3587 3488 3681 3541 αὐ-

2115 3557 2213 3631 τὴν
2272 3562 2374 3626 ἕως
2420 3563 2534 3629 νῦν,
2584 3571 2780 3639 στιγμῇ
2816 3571 3005 3641 χρόνου
3028 3572 3221 3641 γένοιτ’
3251 3574 3340 3639 ἂν,
3369 3579 3419 3629 εἰ
3446 3579 3679 3648 παραϐά-

2116 3650 2258 3740 λοιτο
2299 3658 2409 3718 τοῖς
2454 3658 2823 3727 προλαϐοῦσιν”
2844 3664 3090 3736 ἀπείροις
3122 3665 3314 3719 αἰῶσι·
3348 3669 3409 3722 τὸ
3456 3671 3553 3740 μὲν
3581 3670 3679 3739 γὰρ

2116 3738 2280 3810 ἄρχον
2308 3746 2401 3797 καὶ
2428 3747 2664 3801 τελειοῦν
2700 3750 3051 3823 πεπείρασται·
3100 3758 3150 3809 oi.
3176 3755 3235 3808 δὲ
3267 3738 3553 3823 παντελῶς
3578 3761 3683 3813 ἀπ·-

2118 3832 2333 3904 ἐραντοι
2362 3838 2523 3893 ἁϊδιοί
2551 3859 2608 3895 τε
2630 3846 2723 3897 καὶ
2751 3846 3051 3916 ἀγέννητοι.

2190 4119 2419 4174 Ἔπειτα
2441 4124 2487 4175 εἰ
2502 4121 2745 4194 λογισμῷ
2772 4126 3063 4181 ὲκακύνετο
3082 4129 3217 4200 πρὸς
3249 4130 3354 4201 τὴν
3381 4134 3680 4189 ἐπανάστα-

2119 4223 2222 4273 σιν,
2242 4209 2358 4273 πῶς
2385 4211 2506 4282 οὐχὶ
2538 4214 2631 4266 καὶ
2675 4213 2916 4286 λογισμῷ
2946 4216 3167 4288 διεκόπη
3203 4220 3266 4273 τὸ
3297 4222 3564 4279 ἀδύνατον
3584 4228 3678 4296 τῆς

2043 4328 2088 4382 D
2116 4305 2541 4377 ἐπιχειρήσεως;
2566 4307 2641 4371 ὡς
2665 4308 2761 4379 οὐχ
2777 4303 2887 4363 οἷόν
2910 4326 2970 4363 τε
2993 4309 3052 4364 ὃν
3075 4311 3401 4384 ἐπιδραμεῖν
3432 4318 3676 4390 ἀηττήτῳ

2117 4398 2310 4469 copia;
2338 4396 2460 4451 ὅθεν
2486 4399 2792 4469 πεφεύγασι
2817 4402 3233 4473 προσομολογεῖν
3257 4406 3399 4478 αὐτῇ
3425 4408 3675 4481 λογισμόν

2112 4506 2173 4543 τε
2213 4491 2308 4545 καὶ
2337 4489 2555 4558 γνῶσιν,
2588 4490 2663 4554 ὡς
2693 4492 2759 4545 ἂν
2785 4492 2967 4565 χώραν
2997 4494 3108 4566 ἔχοι
3136 4497 3236 4566 τῆς
3258 4499 3676 4565 ἐπαναστάσεως

2111 4581 2212 4651 τῆς
2260 4581 2401 4635 κατὰ
2457 4582 2591 4636 Θεοῦ
2638 4584 2699 4638 τὸ
2749 4584 3003 4656 ’πλάσμα⁶
3058 4587 3152 4641 καὶ
3202 4589 3523 4660 ἐπάναγκες
3579 4593 3674 4646 ὑπὸ

2111 4671 2333 4739 ἀγνοίας
2366 4672 2460 4725 καὶ
2486 4673 2768 4743 ἀλογίστου
2804 4678 3014 4746 φύσεως
3040 4678 3302 4752 ἑλκομένη
3335 4682 3441 4736 οὐκ
3476 4683 3674 4749 ἐκδέξε-

2109 4780 2198 4821 ται
2221 4763 2479 4836 ἀπείρους
2512 4768 2605 4820 καὶ
2629 4768 3037 4841 ἀποπεράντους
3073 4769 3274 4836 αἰῶνας
3294 4774 3503 4847 ἑαυτὴν
3526 4776 3671 4830 exli-

2109 4855 2273 4921 ζουσα
2312 4858 2406 4911 καὶ
2442 4857 2665 4930 δυνάμει
2698 4860 3114 4932 περιϐάλλουσα,
3141 4864 3217 4927 ὡς
3247 4865 3509 4933 γενέσθαι
3548 4868 3671 4938 πρὸς

2107 4948 2206 5019 τὴν
2266 4949 2467 5021 τόλμαν
2517 4955 2955 5026 προχειροτέραν.
2988 4956 3051 5009 Ei
3089 4955 3198 5027 γὰρ
3237 4956 3303 5025 δὴ
3352 4957 3451 5011 καὶ
3480 4960 3672 5013 πλείων

2107 5041 2350 5110 ἐγίγνετο
2377 5037 2458 5105 οἷς
2490 5044 2701 5111 ἐγέννα,
2742 5045 2854 5100 ἀλλ’
2889 5044 3010 5100 οὔτε
3038 5062 3101 5115 γε
3131 5047 3230 5117 τὴν
3256 5049 3437 5120 ὁρμὴν
3463 5050 3566 5122 τῆς
3588 5050 3671 5121 φύ-

2108 5152 2245 5199 σεως
2263 5137 2543 5207 ηὐξάνετο,
2566 5137 2685 5190 οὐδὲ
2713 5137 3119 5210 προσελάμᾶινέ
3140 5156 3191 5192 τι
3208 5141 3420 5212 ταύτης
3435 5144 3503 5196 τὺ
3522 5161 3670 5207 φυσι-

2106 5228 2201 5280 κὸν
2229 5228 2350 5300 κίνη
2359 5246 2452 5300 μα’
2471 5231 2578 5284 οὐδ’
2597 5229 2664 5284 ἂν
2684 5231 2917 5296 ὲδείξατο
2929 5230 3004 5302 (8)
3024 5230 3240 5302 πρῶτόν
3259 5248 3324 5301 γε
3346 5234 3665 5305 αὐξηθῆναι,

2105 5319 2201 5373 καὶ
2242 5320 2414 5386 οὕτως
2454 5323 2841 5394 ὲπαναστῆναιο
2867 5323 3022 5378 τοῦτο
3047 5323 3157 5395 γάρ
3182 5322 3413 5397 λογικῆς
3462 5326 3665 5395 φύσεως

2105 5410 2356 5481 προθέσει
2380 5414 2829 5485 πονηρευομένης.
