3782 6166
131 224 168 279 1
185 222 315 282 089
1227 218 1593 287 ADVERSUS
1637 222 1686 285 Μ

1847 220 2061 287 HEOS
2091 220 2225 287 LIB.
2263 222 2307 288 ἰ.
3293 226 3430 296 1090

240 340 369 404 Πῶς
391 340 446 394 δέ
473 341 568 395 κατι
590 340 817 413 αὔξησις
838 344 936 413 τῆς
969 343 1166 408 κακίας
1192 346 1388 414 γένοιτ’
1422 346 1488 401 ἂν
1515 348 1548 418 ἢ
1577 365 1693 429 πρᾳ

1918 347 2203 413 Quomodo
2236 357 2418 405 autem
2453 350 2638 422 augeri
2667 358 2885 421 poterat
2930 352 3177 423 nequitia
3209 354 3284 424 (id
3316 364 3426 421 est,

130 433 314 505 θήκῃ
355 434 461 488 τῶν
496 435 813 507 προϐολῶνς
855 438 919 490 Ei
962 437 1070 509 γὰρ
1105 433 1184 502 οἷς
1236 441 1400 510 γεννᾷ
1442 440 1693 494 τελειοῦτξ

1853 440 2108 513 Satanas)
2148 441 2465 498 accessione
2514 443 2758 500 sobolis?
2804 446 2851 501 si
2883 445 3027 501 enim
3071 447 3140 501 iis
3171 462 3311 516 quos
3346 449 3430 519 gi-

125 522 251 586 ei;
290 525 509 604 κακίαν,
529 527 722 597 ἀτελὴς
750 523 819 600 ἦν
853 530 885 599 ἡ
917 529 1104 595 κακία,
1131 532 1226 585 καὶ
1263 533 1363 586 οὐκ
1386 528 1454 604 ἦν
1487 536 1544 587 ἐν
1575 535 1693 605 ἀκρ‹

1851 535 2071 601 gnebat,
2102 534 2169 587 ad
2197 535 2497 605 nequitiam
2520 536 2822 607 perﬁcitur,
2846 536 3164 609 imperfecta
3187 548 3306 594 erat
3328 556 3427 597 ne-

124 627 293 683 τητι
322 616 520 680 κακίας
541 633 554 647 ο
587 619 635 670 εί
679 619 736 671 δὲ
764 619 947 672 τελεία
981 622 1074 674 καὶ
1111 622 1276 692 ἄκρα,
1312 624 1454 676 κατά
1479 624 1571 678 τὸν
1614 624 1693 678 [bu

1849 625 2043 695 quitia,
2077 634 2130 680 et
2160 641 2267 680 non
2299 635 2419 680 erat
2458 627 2515 680 in
2545 643 2762 682 summo
2784 635 2838 683 et
2864 626 3084 698 fastigio
3126 631 3422 699 nequitiae:

127 703 347 775 λόγον,
377 707 617 781 ἐκάτερα
644 711 921 777 τάναντία,
963 712 1217 784 οὐδαμῶς
1237 715 1562 781 αὐξάνεσθαι
1602 716 1693 782 δόξ

1850 717 1936 772 sin
1969 733 2097 774 vero
2134 728 2252 774 erat
2284 718 2528 789 perfecta
2573 728 2629 774 et
2678 734 2892 773 summa
2918 720 3218 775 secundum
3254 722 3428 775 ratio-

120 800 175 867 δὴ
227 798 403 853 κακία
446 799 533 853 διά
560 801 668 856 τῶν
711 803 1162 874 προῦολῶν,.οὑδέ
1206 805 1623 880 θαρσαλεωτέρα
1649 827 1693 880 γι

1847 824 1972 863 nem
2003 811 2302 881 propriam,
2333 825 2528 865 rursus
2560 810 2785 866 minime
2813 810 3088 887 videbitur
3116 812 3303 882 augeri
3337 828 3427 866 ne-

128 892 410 963 νήσεται,
436 893 628 967 λογικὴ
658 897 733 966 μὴ
757 892 913 963 οὖσα,
941 898 1062 951 ούδέ
1094 899 1231 971 πρὸς
1261 900 1582 972 ἐπικουρίαν
1610 902 1693 955 ἐαι

1847 901 2015 970 quitia
2053 917 2151 973 per
2193 902 2638 972 propagationem
2678 911 3080 974 generatorum,
3122 920 3299 975 neque
3334 905 3425 960 ﬁet

123 985 264 1054 τῆς
308 987 723 1059 παραλήψεται·
775 989 914 1055 δόξει
956 992 1065 1065 γὰρ
1119 993 1225 1063 πρὸ
1273 993 1372 1064 τῆς
1419 994 1693 1048 τεκνώσεα

1847 992 2101 1048 audacior
2114 1002 2166 1048 et
2183 995 2567 1065 prmﬁdentior.
2594 1012 2717 1050 cum
2731 1011 2840 1051 non
2861 997 2934 1052 sit
2960 998 3232 1069 particeps
3253 1000 3424 1055 ratio-

128 1078 363 1150 ἀτελὴς
401 1081 677 1149 γεγονέναι
723 1083 781 1136 οὐ
828 1084 987 1155 μόνον
1041 1086 1178 1156 πρὸς
1215 1086 1413 1140 κακίαν
1456 1088 1489 1156 ή
1529 1086 1693 1140 κακία

1847 1087 1961 1154 nis;
2011 1100 2110 1142 nec
2147 1087 2216 1141 ad
2248 1087 2508 1143 auxilium
2540 1104 2700 1143 suum
2730 1090 3006 1146 adhibebit
3027 1105 3168 1161 quos
3197 1092 3418 1161 genuit;

123 1170 298 1223 ἀλλὰ
345 1172 438 1224 καὶ
484 1172 620 1244 πρὸς
676 1176 829 1245 ἰσχὺν
873 1177 966 1229 καὶ
1011 1175 1201 1249 ῥώμην
1280 1178 1417 1249 ὅπερ
1458 1177 1693 1248 ἀλλότριι

1847 1179 2047 1250 alioqui
2087 1179 2356 1236 videbitur
2402 1188 2689 1251 antequam
2718 1193 3065 1252 procrearet,
3102 1184 3418 1255 imperfecta

125 1264 480 1338 ἀγεννήτου.

1847 1269 2018 1327 fuisse
2066 1287 2174 1327 non
2229 1273 2405 1327 solum
2449 1274 2690 1343 nequitia
2731 1274 2801 1329 ad
2841 1276 3162 1345 nequitiam,
3210 1275 3307 1331 sed
3349 1275 3418 1331 ad

1842 1364 1986 1419 vires
2027 1370 2080 1418 et
2106 1364 2308 1432 robur;
2340 1364 2484 1436 quod
2512 1365 2748 1419 alienum
2780 1374 2867 1423 est
2894 1369 2964 1423 ab
3005 1369 3268 1440 ingenito.

824 1469 954 1526 CAP.
996 1469 1136 1526 XVI.
1168 1470 1371 1527 Seditio
1410 1473 1547 1526 inter
1572 1483 1725 1528 natos
1757 1474 1890 1528 mali
1928 1474 2195 1543 principii.
2230 1474 2507 1541 Quomodo
2533 1475 2744 1532 sedata.

224 1559 335 1613 Τὸν
373 1559 427 1613 δὲ
476 1560 672 1631 τρόπον
722 1562 822 1633 τῆς
873 1564 1294 1628 ἐπαναστάσεως
1341 1564 1693 1636 εἰσηγούμενο

1908 1565 2222 1637 Explanans
2249 1574 2433 1622 autem
2462 1568 2684 1625 modum
2715 1567 3002 1624 seditionis
3031 1569 3197 1640 hujus
3233 1570 3410 1637 factae,

130 1652 384 1723 ταύτης,
431 1655 595 1725 φησίν
613 1671 628 1685 ο
664 1655 936 1709 Ἤλαυνον
961 1658 1054 1709 καὶ
1082 1657 1372 1728 κατήσθιον
1400 1660 1447 1711 οἱ
1474 1657 1533 1723 ἐξ
1564 1659 1693 1729 αὐτῆ

1847 1657 1959 1724 Qui,
2005 1659 2204 1729 inquit,
2253 1674 2320 1714 ex
2361 1674 2424 1714 ea
2465 1660 2579 1713 nati
2615 1667 2774 1723 sunt,
2824 1676 2884 1716 se
2929 1670 3119 1717 mutuo
3164 1664 3415 1719 insectati

122 1745 435 1816 ἀλλήλοις,
466 1746 614 1801 δεινά
643 1750 737 1801 καὶ
763 1749 975 1820 χαλεπά
995 1750 1355 1815 διατιθέντεςο
1388 1753 1483 1806 καὶ
1515 1753 1577 1806 οὐ
1603 1753 1734 1824 πρό-

130 1846 211 1890 ice.
225 1854 320 1909 ρον
342 1840 650 1893 ἐπαύσαντο
682 1841 930 1912 ἀλλήλοις
953 1843 1392 1913 ἐπανιστάμενοι,
1429 1844 1566 1915 αὐτῇ
1591 1843 1733 1907 λέξει

136 1932 315 2003 φησὶ,
350 1933 544 2004 μέχρις
585 1928 646 1987 οῦ
677 1933 737 1987 τὸ
779 1932 894 2004 φῶς
930 1935 1027 2004 ὀψέ
1072 1954 1202 1989 ποτε
1237 1935 1527 2007 ἐφώρασαν
1549 1955 1560 1966 ·
1606 1937 1733 1991 διω-

130 2023 380 2094 κόμενοι
405 2023 513 2095 γὰρ
560 2025 654 2077 ἀπ’
692 2025 958 2097 ἀλλήλων,
995 2025 1316 2095 ἀγνοοῦντες
1349 2029 1466 2098 μὲν,
1495 2030 1645 2100 ὅμως
1674 2029 1733 2082 δὲ

135 2114 525 2187 τετολμήκασι
555 2117 648 2170 καὶ
680 2116 841 2189 μέχρι
861 2117 955 2170 τοῦ
989 2118 1169 2188 φωτὸς
1200 2119 1521 2188 ἀναχθῆναι.
1542 2120 1654 2173 Καὶ
1680 2119 1732 2173 τί

133 2207 213 2279 δὴ
246 2206 453 2260 τούτων
490 2206 895 2279 ἀπιθανώτερον
925 2208 957 2279 ἢ
983 2208 1416 2280 μυθωδέστερονς
1453 2211 1578 2274 τοὺς
1605 2209 1732 2281 μίαν

128 2302 255 2369 μὲν
302 2299 776 2371 ἐπιγραφομένους
810 2300 1053 2372 μητέρα,
1088 2301 1378 2372 συγγενείᾳ
1419 2301 1476 2354 δὲ
1519 2301 1731 2371 φύσεως

134 2393 491 2464 ἡνωμένους,
517 2391 767 2463 ἀλλήλοις
794 2392 1118 2463 ἐπιφύεσθαι
1148 2395 1348 2464 μάτην,
1368 2394 1463 2446 καὶ
1490 2392 1731 2465 ἀλλήλων

137 2483 219 2537 ’τά
245 2484 383 2555 μέλη
415 2484 742 2549 κατεσθίειν,
761 2486 853 2538 καὶ
877 2485 1143 2556 μηδέποτε
1169 2486 1355 2558 λήγειν
1376 2484 1534 2540 τοῦτο
1561 2485 1731 2558 δρῶν⁹

134 2592 285 2641 τας;
329 2577 504 2647 Ὅπερ
531 2579 578 2630 εί
606 2577 699 2629 καὶ
723 2576 921 2649 ἀληθὲς
959 2572 1046 2648 ἦν,
1083 2577 1289 2648 βέλτιον
1308 2574 1376 2647 ἦν
1409 2578 1605 2641 αὐτοὺς
1639 2578 1729 2647 ὑφ’

138 2669 365 2722 ἑαυτῶν
390 2670 776 2724 ἀναλίσκεσθαι
794 2687 808 2700 ο
835 2672 930 2724 καὶ
972 2672 1149 2741 μάτην
1170 2672 1197 2724 ὁ
1243 2672 1469 2742 ἀνόητος
1501 2669 1729 2737 ἀταξίαν

135 2763 312 2816 καλεί
335 2763 396 2816 τὸ
417 2763 694 2835 συμφέρον
714 2780 727 2794 ’
758 2762 963 2834 ταύτης
989 2762 1098 2834 γὰρ
1131 2754 1361 2834 μάλιστα
1398 2763 1497 2834 τῆς
1529 2762 1726 2825 κακίας

128 2854 397 2927 ὁρίζεται
421 2853 518 2925 τὴν
546 2854 652 2926 πρὸ
681 2854 885 2925 κόσμου
918 2853 1147 2921 ἀταξίαν
1165 2872 1176 2883 ·
1207 2853 1272 2925 ἢν
1303 2853 1494 2925 ῶσπερ
1529 2853 1728 2908 λυπού-

142 2963 318 3017 μενος
344 2947 442 3015 τῆς
468 2946 597 3018 ὕλης
626 2947 796 3011 οὕτως
824 2947 1098 3017 ὀνομάζει,
1124 2948 1206 3001 ὅτι
1238 2945 1312 3017 μὴ
1342 2947 1725 3017 προσηκόντως

136 3040 240 3108 ὑφ’
263 3039 467 3109 ἑαυτῆς
494 3040 814 3111 ἀνηλίσκετο
830 3052 843 3070 ⁸
878 3040 972 3093 καὶ
992 3039 1182 3112 ὥσπερ
1207 3057 1291 3102 τις
1323 3037 1475 3108 φίλος
1498 3037 1723 3109 ταύτης,

138 3130 436 3202 ἀδημονῶν
472 3132 555 3200 ἐφ’
592 3126 673 3196 οἷς
709 3132 907 3203 ἐαυτὴν
935 3131 1330 3194 κατέϐλαπτεν,
1370 3129 1597 3195 ἀταξίαν
1631 3146 1729 3183 κα-

128 3216 231 3276 ’λεῖ
248 3240 262 3253 ·
289 3223 329 3277 ἃ.
354 3218 737 3295 συμφερόντως
766 3223 886 3277 καθ’
907 3224 1104 3293 ἑαυτῆς
1127 3221 1256 3292 ἐδρα
1273 3241 1288 3253 ·
1320 3220 1440 3274 δέον
1472 3219 1726 3284 εὐταξίαν

137 3315 248 3387 τὴν
278 3315 541 3369 ἀνωτάτω
556 3316 878 3378 καλέσαι,τὸ
905 3314 1219 3387 φθείρεσθαί
1240 3330 1306 3383 γε
1335 3312 1424 3383 ὑφ’
1440 3311 1636 3366 ἐαυτοῦ
1666 3313 1727 3366 τὸ

136 3408 338 3462 κακόν.
358 3408 418 3461 'O
447 3408 523 3461 δὲ.
556 3408 869 3474 Ἠτάκτουν,
888 3410 1039 3479 φησι,
1064 3408 1159 3462 καὶ
1181 3406 1401 3479 ἠδίκουν
1430 3405 1692 3478 ἀλλήλους
1709 3422 1724 3437 ο

139 3498 210 3550 τὸ
242 3497 362 3567 φῶς
383 3496 439 3551 δέ
481 3497 677 3561 ἰδόντες
706 3500 1035 3552 ἐπαύσαντο.

1837 1763 1964 1806 sunt
2002 1761 2056 1806 et
2096 1752 2519 1816 devoraverunt,
2559 1751 2697 1806 dura
2730 1758 2784 1807 et
2840 1752 3027 1822 gravia
3081 1754 3274 1823 passi;
3317 1769 3413 1810 nc-

1834 1857 1941 1912 que
1993 1841 2145 1912 prius
2209 1841 2540 1897 destiterunt
2591 1844 2646 1896 in
2692 1858 2752 1898 se
2799 1844 2949 1914 ipsos
2995 1844 3201 1900 moveri
3247 1862 3412 1916 quam

1834 1935 2019 1990 lumen
2058 1950 2182 1989 sero
2210 1934 2429 1990 tandem
2471 1933 2757 2001 viderent;
2801 1936 2888 1991 his
2924 1936 3069 1991 enim
3094 1937 3277 1991 verbis
3305 1938 3414 1992 uti-

1833 2033 1959 2092 tur;
2009 2040 2040 2079 a
2076 2042 2135 2081 se
2178 2026 2324 2081 enim
2371 2025 2475 2097 ipsi
2521 2027 2777 2098 exagitati
2824 2043 2950 2082 eum
2987 2029 3188 2100 alioqui
3238 2031 3415 2087 nesci-

1832 2128 1974 2182 rent,
2001 2119 2071 2172 ita
2108 2127 2289 2174 tamen
2319 2121 2436 2175 ausi
2465 2129 2594 2176 sunt
2623 2136 2795 2191 usque
2822 2123 2890 2176 ad
2915 2122 3095 2177 lumen
3127 2123 3410 2180 accedere.

1832 2207 2037 2279 Ecquid
2086 2208 2170 2264 his
2215 2208 2594 2266 incredibilius
2640 2218 2695 2266 et
2745 2212 2922 2281 magis
2967 2213 3410 2268 commentitium

1830 2315 1925 2354 eos
1956 2301 2047 2370 qui
2080 2315 2242 2353 unam
2281 2308 2511 2355 matrem
2550 2301 2652 2357 sibi
2695 2304 2978 2358 ascribunt
3006 2311 3061 2360 et
3104 2303 3406 2369 vindicant,

1831 2400 1885 2446 et
1918 2394 2245 2461 cognatione
2290 2401 2500 2447 natura:
2522 2393 2698 2463 juncti
2735 2405 2884 2457 sunt,
2917 2397 2972 2450 in
3012 2412 3072 2452 se
3104 2398 3252 2467 ipsos
3292 2397 3411 2452 fru-

1831 2491 1945 2538 stra
1975 2483 2254 2549 invadere,
2313 2495 2368 2540 et
2402 2484 2648 2542 vicissim
2691 2487 2936 2542 membra
2967 2504 3067 2543 sua
3116 2489 3407 2556 devorare,

1829 2585 1884 2629 et
1922 2591 2204 2646 nunquam
2248 2575 2305 2630 in
2345 2578 2447 2631 hac
2485 2592 2546 2632 re
2596 2580 2851 2635 cessare?
2883 2578 3040 2645 Quod
3087 2581 3308 2652 quidem
3359 2582 3408 2637 si

1828 2682 2019 2722 verum
2066 2675 2205 2732 erat,
2262 2669 2559 2738 praestabat
2601 2669 2749 2739 ipsos
2778 2686 2906 2727 a.se
2942 2671 3079 2742 ipsis
3113 2673 3361 2728 consumi
3390 2693 3403 2729 ι

1828 2766 1884 2813 et
1930 2759 2165 2815 inaniter
2195 2759 2422 2815 demens
2469 2760 2864 2833 (Manichmus)
2919 2764 3168 2829 ἀταξίαν,
3217 2765 3272 2820 id
3300 2774 3406 2829 est,

1826 2852 2296 2921 perturbationem
2325 2853 2538 2927 ordinis
2571 2864 2731 2909 vocat
2759 2855 2814 2909 in
2837 2870 2922 2919 eo,
2947 2857 3093 2926 quod
3116 2855 3249 2912 utile
3277 2866 3363 2913 est
3389 2881 3402 2913 :

1831 2942 1960 2997 huic
1982 2944 2128 2998 enim
2162 2944 2422 3015 nequitiae
2448 2945 2674 3001 asbribit
2695 2951 2749 2999 et
2771 2946 3015 3017 assignat
3040 2948 3409 3016 perturbatio-

1829 3050 1957 3090 nem
2003 3034 2215 3090 ordinis
2263 3044 2389 3091 ante
2426 3037 2724 3104 mundum;
2768 3051 2930 3108 quam
2965 3037 3045 3092 sic
3071 3047 3251 3104 vocat,
3284 3046 3409 3094 tan-

1831 3142 1997 3198 quam
2028 3128 2230 3193 doleat,
2276 3136 2332 3183 et
2361 3143 2421 3184 se
2474 3128 2735 3185 misereat
2777 3130 3050 3194 materiae,
3098 3131 3246 3201 quod
3294 3146 3439 3186 non-

1832 3220 1987 3291 prius
2012 3234 2131 3285 a.se
2182 3220 2301 3289 ipsa
2332 3220 2543 3276 utiliter
2574 3228 2628 3276 et
2659 3220 3049 3276 convenienter
3077 3232 3406 3293 consumpta

1829 3319 2013 3377 esset;
2042 3317 2098 3366 et
2120 3320 2375 3380 tanquam
2402 3309 2620 3379 quidam
2645 3311 2853 3366 amicus
2882 3310 3043 3380 hujus
3070 3325 3308 3367 maerens
3339 3325 3406 3366 ac

1831 3403 2069 3475 graviter
2096 3402 2308 3468 dolens,
2335 3402 2481 3473 quod
2505 3400 2611 3456 sibi
2641 3403 2942 3466 nocuisset,
2970 3417 3091 3472 quae
3119 3408 3311 3456 contra
3345 3416 3406 3458 se

1832 3497 2043 3551 utiliter
2077 3494 2223 3560 fecit,
2255 3495 2312 3550 in
2353 3496 2423 3550 iis
2461 3494 2926 3565 perturbationem
2970 3496 3178 3551 ordinis
3220 3503 3400 3561 vocat,

142 3605 276 3643 cum
302 3589 523 3644 deberet
547 3592 727 3660 potius
749 3592 1197 3662 compositionem
1222 3590 1432 3646 ordinis
1489 3587 2006 3646 excellentissimam
2054 3602 2270 3659 vocare,
2336 3587 2562 3643 interire
2617 3588 2828 3643 scilicet
2862 3588 3065 3643 malum
3129 3603 3161 3642 a
3195 3588 3401 3658 seipse.

144 3682 245 3737 Ille
275 3689 457 3736 autem
485 3682 581 3746 ait,
630 3681 687 3736 In
734 3684 1046 3753 perturbato
1096 3683 1290 3741 ordine
1357 3690 1535 3748 erant,
1569 3692 1624 3737 et
1652 3682 1758 3737 sibi
1796 3680 1940 3735 inter
1987 3695 2047 3735 se
2078 3680 2389 3747 nocebant;
2433 3679 2547 3734 viso
2584 3686 2765 3734 autem
2797 3680 3002 3735 lumine
3062 3680 3398 3735 desiverunt.

216 3776 431 3831 Οὐκοῦν
466 3777 824 3832 ἐπεϐούλευσε
858 3779 938 3851 τῷ
978 3779 1310 3851 συμφέροντι
1333 3778 1395 3832 τὸ
1428 3777 1567 3848 φῶς,
1604 3777 1722 3847 εἴγε

122 3871 277 3933 ’τοὺς
312 3871 513 3933 κακοὺς
546 3869 790 3939 ἀλλήλων
815 3868 1104 3942 ἐρρύσατο,
1135 3871 1231 3923 καὶ
1271 3869 1459 3941 ὥσπερ
1499 3869 1721 3941 φάρμαά

144 3978 247 4015 κον
292 3960 477 4033 ἰατροῦ
527 3961 861 4032 εὐηργέτησε
906 3961 1031 4025 τοὺς
1077 3960 1384 4024 νοσοῦντας.
1416 3962 1532 4015 Οὐκ
1569 3956 1637 4031 ἦν
1666 3960 1724 4014 δὲ

146 4054 293 4125 πρὸς
338 4052 542 4121 ἀγαθοῦ
574 4052 858 4122 φείσασθαι
887 4051 979 4105 τοῦ
1007 4053 1201 4118 κακοῦ,
1244 4055 1325 4116 εἰς
1357 4053 1419 4106 τὸ
1450 4052 1723 4124 διαμένειν

145 4146 246 4199 καὶ
276 4144 581 4209 σώζεσθαι,
629 4146 723 4198 καὶ
758 4144 832 4216 μὴ
858 4146 947 4214 ὑφ’
984 4140 1179 4198 ἐαυτοῦ
1214 4144 1626 4199 ἀναλίσκεσθαι.
1662 4145 1724 4199 Εἰ

145 4238 261 4310 γὰρ
301 4236 390 4307 ὑφ’
413 4237 606 4291 ἐαυτοῦ
640 4236 984 4292 δαπανᾶσθαι
1002 4236 1161 4292 τοῦτο
1197 4237 1541 4301 διεκώλυσεν,
1571 4238 1722 4292 ἀντι-

1898 3774 2068 3846 igitur
2126 3775 2441 3831 insidiatum
2483 3780 2568 3830 est
2608 3773 2793 3828 lumen
2821 3774 3061 3840 utilitati,
3110 3773 3156 3829 si
3182 3773 3403 3844 quidem

1829 3868 2002 3924 malos
2042 3882 2073 3922 a
2109 3875 2298 3921 mutua
2335 3865 2482 3921 crede
2524 3865 2794 3929 liberavit,
2839 3875 2891 3921 et
2931 3875 3191 3936 tanquam
3222 3865 3402 3920 medi-

1829 3961 1954 4014 cina
1998 3958 2195 4015 medici
2244 3957 2448 4029 profuit
2486 3958 2725 4029 aegrotis.
2772 3956 2842 4010 At
2888 3971 2997 4012 non
3046 3955 3403 4013 conveniebat

1831 4054 1999 4119 bono,
2040 4061 2097 4109 ut
2129 4060 2375 4124 parceret
2415 4052 2579 4116 malo,
2627 4059 2682 4108 et
2714 4052 2915 4108 sineret
2955 4065 3271 4121 permanere
3310 4049 3400 4104 in-

1830 4147 2067 4213 colume,
2095 4157 2147 4201 et
2176 4160 2285 4200 non
2318 4145 2523 4200 sineret
2544 4158 2576 4198 a
2607 4159 2667 4199 se
2695 4144 2812 4215 ipso
2839 4142 3110 4198 consumi.
3144 4140 3201 4197 Si
3230 4140 3398 4205 enim,

1830 4251 1900 4292 ne
1950 4252 1981 4291 a
2022 4226 2081 4293 se
2131 4242 2571 4301 consumeretur,
2604 4235 2709 4290 hoc
2747 4234 3049 4305 prohibuit,
3085 4233 3204 4303 ipse
3237 4232 3400 4302 plane

146 4347 291 4404 κρυς
312 4328 472 4392 αὐτὸς
497 4328 816 4402 διετήρησεν
842 4328 973 4384 αὑτό
995 4344 1009 4359 ”
1044 4330 1139 4384 καὶ
1167 4328 1251 4401 εἴη
1278 4329 1343 4383 ἂν
1366 4328 1693 4401 ἀληθέστερο

1847 4329 2067 4384 tervavit
2096 4330 2296 4400 ipsum,
2327 4335 2582 4398 essetque
2602 4327 2781 4384 verior
2807 4325 3020 4393 ἀταξία,
3045 4324 3098 4380 id
3122 4332 3225 4390 est,
3251 4325 3403 4380 abero

149 4427 315 4481 τοῦτο
347 4426 562 4493 ἀταξία,
594 4426 623 4479 ὅ
657 4441 789 4495 φησι
820 4423 918 4494 τὴν
951 4421 1177 4488 ἀταξίαν
1214 4421 1574 4474 πεπαυκέναι.
1597 4420 1724 4474 "Ore

147 4520 336 4573 τοίνυν
366 4519 500 4589 αὐτῇ
529 4517 669 4582 λέξει
699 4517 862 4587 φησιν
883 4517 917 4586 ἡ
952 4515 1081 4584 παρ’
1116 4514 1296 4576 αὐτοῖς
1331 4511 1511 4583 βίϐλος
1531 4527 1545 4541 ·
1578 4511 1725 4583 Πρὸς

149 4610 418 4682 ἀλλήλους
446 4609 847 4674 στασιάζοντες,
895 4608 1238 4681 ἐπεπόλασαν
1267 4607 1361 4660 καὶ
1407 4606 1568 4679 μέχρι
1612 4604 1723 4658 τῶν

153 4704 444 4778 μεθορίων,
477 4705 572 4758 καὶ
594 4705 657 4757 τὸ
680 4702 794 4773 φῶς
821 4698 982 4764 εἶδον,
1014 4700 1195 4771 θέαμά
1229 4717 1281 4753 τι
1316 4698 1601 4753 κάλλιστον
1627 4697 1723 4752 καὶ

150 4789 596 4869 εὐπρεπέστατον
619 4815 634 4828 ο
669 4798 809 4859 τότε,
859 4795 965 4850 ὑπὸ
1005 4795 1106 4865 τῆς
1150 4797 1208 4847 ἐν
1230 4793 1414 4856 αὐτοῖς
1458 4792 1724 4862 κινήσεως

151 4892 558 4957 ἐνθουσιῶντες,
587 4891 727 4944 κατὰ
773 4889 867 4943 τοῦ
894 4888 1070 4958 φωτὸς
1116 4885 1523 4945 ἐϐουλεύσαντο,
1565 4883 1617 4936 τί
1658 4882 1749 4954 δὴ-

152 4984 480 5054 ποιήσαντες
511 4983 755 5039 δύναιντο
781 4982 847 5037 ἂν
876 4983 1073 5045 αὐτοὺς
1094 4979 1171 5050 τῷ
1208 4977 1481 5051 κρείττονι
1523 4990 1724 5043 συγκε-

158 5080 350 5152 ράσαι;
378 5076 627 5131 Τοῦτοδέ
668 5074 988 5144 λογίσασθαι
1032 5076 1130 5144 οὐχ
1173 5066 1274 5126 οἷοί
1313 5088 1373 5125 τε
1398 5063 1559 5142 ἦσαν,
1606 5067 1724 5122 ἀλλ’

154 5171 419 5242 ἐπιθυμία
446 5171 542 5226 τοῦ
598 5170 903 5242 κρείττονος
955 5170 1085 5222 ἴδιον
1131 5166 1355 5238 θήραμα
1405 5163 1727 5234 νομίσαντες

152 5267 336 5329 αὐτοῖς
365 5265 606 5329 ἔσεσθαι,
646 5262 831 5316 πολλοὶ
863 5261 1015 5325 ὄντες
1057 5257 1578 5330 ἐπεστρατεύσαντο.

1831 4421 1970 4476 ratio
2002 4434 2032 4474 a
2070 4421 2215 4476 bono
2258 4421 2450 4476 ordine
2492 4418 2597 4474 hoc
2629 4417 2774 4488 quod
2814 4418 2912 4478 ait.
2961 4417 3229 4473 sublatam
3277 4432 3401 4473 esse

1830 4511 2291 4581 perturbationem
2320 4510 2550 4566 ordinis.
2593 4507 2684 4564 Sic
2715 4509 2880 4578 igitur
2917 4515 3004 4562 est
3044 4507 3100 4562 in
3135 4506 3277 4562 libro
3302 4508 3399 4578 qui

1830 4603 1974 4673 apud
2014 4603 2164 4674 ipsos
2192 4603 2369 4657 fertur
2395 4621 2409 4657 :
2438 4600 2706 4658 seditione
2736 4598 2881 4655 inter
2926 4600 3077 4669 ipsos
3104 4608 3246 4664 orta,
3279 4615 3401 4670 pro-

1829 4693 2048 4749 dierunt
2094 4708 2270 4764 usque
2316 4692 2386 4747 ad
2425 4690 2756 4757 conﬁnium,
2805 4697 2860 4747 et
2889 4690 3142 4745 viderunt
3190 4690 3396 4756 lumen,

1829 4786 2201 4855 spectaculum
2253 4785 2527 4855 quoddam
2580 4782 3009 4854 pulcherrimum
3054 4790 3110 4838 et
3157 4783 3399 4839 maxime

1830 4879 2089 4933 decorum
2126 4895 2139 4930 :
2182 4883 2312 4929 tunc
2341 4876 2704 4931 commotione
2743 4890 2840 4930 sua
2886 4874 2941 4928 in
2984 4874 3252 4929 insaniam
3292 4874 3397 4928 acti

1830 4970 2281 5026 consultaverunt
2306 4969 2375 5025 de
2400 4969 2601 5023 lumine
2630 4968 2760 5039 quid
2800 4966 3112 5023 faciendum
3140 4975 3307 5029 esset.
3339 4975 3400 5020 ut

1832 5078 1893 5118 se
1918 5076 2042 5116 cum
2080 5076 2146 5116 eo
2182 5060 2333 5132 quod
2371 5060 2720 5130 praestantius
2760 5069 2877 5114 erat
2922 5059 3234 5114 miscerent.
3286 5056 3400 5113 Hoc

1834 5164 2014 5211 autem
2050 5155 2290 5225 cogitare
2337 5169 2445 5208 non
2478 5161 2754 5224 poterant,
2812 5152 2907 5209 sed
2950 5167 3061 5223 prie
3104 5151 3402 5224 cupiditate

1830 5246 2074 5303 melioris
2106 5245 2353 5301 arbitrati
2386 5244 2626 5300 futuram
2669 5259 2793 5300 esse
2821 5244 3098 5314 propriam
3137 5244 3399 5316 praedam,

1830 5353 1954 5393 cum
1991 5337 2145 5393 multi
2173 5344 2378 5403 essent,
2413 5337 2713 5392 exercitum
2753 5335 3052 5391 instruunt.

1170 5462 1299 5519 Car.
1336 5460 1497 5515 XVII.
1530 5457 1861 5514 Desiderium
1884 5454 2113 5510 hominis
2148 5460 2359 5509 bonum.

226 5563 492 5620 Δανθάνει
523 5564 580 5618 δέ
607 5567 720 5629 τοῖς
755 5563 857 5635 τῆς
875 5562 1076 5626 κακίας
1099 5561 1235 5624 υίοῖς
1258 5558 1327 5613 τὰ
1355 5557 1570 5612 πάντων
1592 5553 1724 5609 κάλ-

157 5654 312 5713 iuet:
359 5657 784 5732 προμαρτυρῶν.
836 5657 896 5712 Et
927 5655 1036 5733 γάρ
1082 5653 1141 5709 τὸ
1181 5651 1463 5708 κάλλιστον
1507 5647 1600 5702 καὶ
1634 5646 1721 5702 εὐ·-

1899 5550 2255 5614 Μαηίοιιεουε,
2298 5562 2420 5620 quae
2462 5553 2594 5603 sunt
2638 5547 2884 5602 omnium
2926 5545 3296 5618 pulcherrima
3346 5551 3402 5600 et

1830 5642 2150 5715 bellissima,
2201 5641 2327 5700 (iliis
2371 5640 2629 5717 nequitia:
2666 5640 2977 5699 testimonio
3015 5653 3118 5698 suo
3149 5637 3402 5696 nesciens
