  <div class='ocr_page' id='page_1' title='image "/cluster/home/n/w/nwhite01/storage/ocr_20150623/18/nnc1.0046978550/563.png"; bbox 0 0 3782 6166; ppageno 0'>
   <div class='ocr_carea' id='block_1_1' title="bbox 476 276 606 332">
    <p class='ocr_par' dir='ltr' id='par_1_1' title="bbox 476 276 606 332">
     <span class='ocr_line' id='line_1_1' title="bbox 476 276 606 332; baseline -0.023 -1"><span class='ocrx_word' id='word_1_1' title='bbox 476 276 606 332; x_wconf 77' lang='grc'><strong>1091</strong></span> 
     </span>
    </p>
   </div>
   <div class='ocr_carea' id='block_1_2' title="bbox 1605 271 2558 330">
    <p class='ocr_par' dir='ltr' id='par_1_2' title="bbox 1605 271 2558 330">
     <span class='ocr_line' id='line_1_2' title="bbox 1605 271 2558 330; baseline -0.002 0"><span class='ocrx_word' id='word_1_2' title='bbox 1605 273 1746 330; x_wconf 82' lang='lat' dir='ltr'><strong>TITI</strong></span> <span class='ocrx_word' id='word_1_3' title='bbox 1781 272 2210 330; x_wconf 78' lang='lat' dir='ltr'><strong>BOSTRENSIS</strong></span> <span class='ocrx_word' id='word_1_4' title='bbox 2248 271 2558 329; x_wconf 74' lang='lat' dir='ltr'><strong>EPISIZOI‘I</strong></span> 
     </span>
    </p>
   </div>
   <div class='ocr_carea' id='block_1_3' title="bbox 3594 276 3731 332">
    <p class='ocr_par' dir='ltr' id='par_1_3' title="bbox 3594 276 3731 332">
     <span class='ocr_line' id='line_1_3' title="bbox 3594 276 3731 332; baseline 0.015 -2"><span class='ocrx_word' id='word_1_5' title='bbox 3594 276 3731 332; x_wconf 64' lang='lat'><strong>1992</strong></span> 
     </span>
    </p>
   </div>
   <div class='ocr_carea' id='block_1_4' title="bbox 470 381 2185 474">
    <p class='ocr_par' dir='ltr' id='par_1_4' title="bbox 470 387 2185 474">
     <span class='ocr_line' id='line_1_4' title="bbox 470 387 2185 474; baseline -0.001 -30"><span class='ocrx_word' id='word_1_6' title='bbox 470 389 686 446; x_wconf 89' lang='lat' dir='ltr'><strong>tribuit.</strong></span> <span class='ocrx_word' id='word_1_7' title='bbox 716 387 926 445; x_wconf 85' lang='lat' dir='ltr'><strong>Etenim</strong></span> <span class='ocrx_word' id='word_1_8' title='bbox 959 390 1005 446; x_wconf 88' lang='lat' dir='ltr'><strong>si</strong></span> <span class='ocrx_word' id='word_1_9' title='bbox 1037 389 1182 461; x_wconf 84' lang='lat' dir='ltr'><strong>quod</strong></span> <span class='ocrx_word' id='word_1_10' title='bbox 1211 400 1295 447; x_wconf 89' lang='lat' dir='ltr'><strong>est</strong></span> <span class='ocrx_word' id='word_1_11' title='bbox 1322 389 1755 460; x_wconf 88' lang='lat' dir='ltr'><strong>pulcherrimum</strong></span> <span class='ocrx_word' id='word_1_12' title='bbox 1789 398 1847 446; x_wconf 90' lang='lat' dir='ltr'><strong>et</strong></span> <span class='ocrx_word' id='word_1_13' title='bbox 1873 389 2050 444; x_wconf 76' lang='lat' dir='ltr'><strong>maxi-</strong></span> <span class='ocrx_word' id='word_1_14' title='bbox 2079 398 2124 453; x_wconf 73' lang='grc' dir='ltr'><strong>Α</strong></span> <span class='ocrx_word' id='word_1_15' title='bbox 2152 406 2185 474; x_wconf 64' lang='grc' dir='ltr'><strong>ιι</strong></span> 
     </span>
    </p>
   </div>
   <div class='ocr_carea' id='block_1_5' title="bbox 2147 381 3726 474">
    <p class='ocr_par' dir='ltr' id='par_1_5' title="bbox 2152 381 3726 474">
     <span class='ocr_line' id='line_1_5' title="bbox 2152 381 3726 474; baseline 0 -32"><span class='ocrx_word' id='word_1_16' title='bbox 2152 389 2528 474; x_wconf 74' lang='grc' dir='ltr'>πρεπέστατον</span> <span class='ocrx_word' id='word_1_17' title='bbox 2581 388 2858 460; x_wconf 76' lang='grc' dir='ltr'>ἐρασμίως</span> <span class='ocrx_word' id='word_1_18' title='bbox 2924 381 3097 456; x_wconf 75' lang='grc' dir='ltr'>εἶδον,</span> <span class='ocrx_word' id='word_1_19' title='bbox 3146 392 3240 444; x_wconf 73' lang='grc' dir='ltr'><strong>καὶ</strong></span> <span class='ocrx_word' id='word_1_20' title='bbox 3289 389 3726 461; x_wconf 69' lang='grc' dir='ltr'><strong>ἐπιθυμήσαντες</strong></span> 
     </span>
    </p>
   </div>
   <div class='ocr_carea' id='block_1_6' title="bbox 469 481 2046 551">
    <p class='ocr_par' dir='ltr' id='par_1_6' title="bbox 469 481 2046 551">
     <span class='ocr_line' id='line_1_6' title="bbox 469 481 2046 551; baseline -0.004 -10"><span class='ocrx_word' id='word_1_21' title='bbox 469 498 564 541; x_wconf 87' lang='lat' dir='ltr'><strong>me</strong></span> <span class='ocrx_word' id='word_1_22' title='bbox 591 485 833 539; x_wconf 90' lang='lat' dir='ltr'><strong>omnium</strong></span> <span class='ocrx_word' id='word_1_23' title='bbox 879 484 1160 550; x_wconf 87' lang='lat' dir='ltr'><strong>decorum,</strong></span> <span class='ocrx_word' id='word_1_24' title='bbox 1203 489 1453 537; x_wconf 78' lang='lat' dir='ltr'><strong>amanter</strong></span> <span class='ocrx_word' id='word_1_25' title='bbox 1485 481 1762 550; x_wconf 89' lang='lat' dir='ltr'><strong>viderunt,</strong></span> <span class='ocrx_word' id='word_1_26' title='bbox 1799 493 1855 536; x_wconf 92' lang='lat' dir='ltr'><strong>et</strong></span> <span class='ocrx_word' id='word_1_27' title='bbox 1886 481 2046 551; x_wconf 89' lang='lat' dir='ltr'><strong>cupi-</strong></span> 
     </span>
    </p>
   </div>
   <div class='ocr_carea' id='block_1_7' title="bbox 465 575 2049 647">
    <p class='ocr_par' dir='ltr' id='par_1_7' title="bbox 465 575 2049 647">
     <span class='ocr_line' id='line_1_7' title="bbox 465 575 2049 647; baseline 0 -15"><span class='ocrx_word' id='word_1_28' title='bbox 465 576 643 634; x_wconf 81' lang='lat' dir='ltr'><strong>ditate</strong></span> <span class='ocrx_word' id='word_1_29' title='bbox 689 577 896 633; x_wconf 85' lang='lat' dir='ltr'><strong>incensi</strong></span> <span class='ocrx_word' id='word_1_30' title='bbox 946 577 1216 647; x_wconf 90' lang='lat' dir='ltr'><strong>pr0priam</strong></span> <span class='ocrx_word' id='word_1_31' title='bbox 1261 575 1498 645; x_wconf 67' lang='lat' dir='ltr'><strong>praedam</strong></span> <span class='ocrx_word' id='word_1_32' title='bbox 1539 591 1662 631; x_wconf 91' lang='lat' dir='ltr'><strong>esse</strong></span> <span class='ocrx_word' id='word_1_33' title='bbox 1702 575 2049 632; x_wconf 80' lang='lat' dir='ltr'><strong>existimave-</strong></span> 
     </span>
    </p>
   </div>
   <div class='ocr_carea' id='block_1_8' title="bbox 470 665 2048 738">
    <p class='ocr_par' dir='ltr' id='par_1_8' title="bbox 470 665 2048 738">
     <span class='ocr_line' id='line_1_8' title="bbox 470 665 2048 738; baseline -0.001 -16"><span class='ocrx_word' id='word_1_34' title='bbox 470 674 624 732; x_wconf 87' lang='lat' dir='ltr'><strong>runt,</strong></span> <span class='ocrx_word' id='word_1_35' title='bbox 664 667 833 738; x_wconf 92' lang='lat' dir='ltr'><strong>liquet</strong></span> <span class='ocrx_word' id='word_1_36' title='bbox 886 675 1034 722; x_wconf 87' lang='lat' dir='ltr'><strong>recte</strong></span> <span class='ocrx_word' id='word_1_37' title='bbox 1083 667 1341 722; x_wconf 83' lang='lat' dir='ltr'><strong>sensisse.</strong></span> <span class='ocrx_word' id='word_1_38' title='bbox 1387 665 1570 732; x_wconf 84' lang='lat' dir='ltr'><strong>Quare</strong></span> <span class='ocrx_word' id='word_1_39' title='bbox 1614 667 1906 724; x_wconf 87' lang='lat' dir='ltr'><strong>consilium</strong></span> <span class='ocrx_word' id='word_1_40' title='bbox 1953 681 2048 721; x_wconf 83' lang='lat' dir='ltr'><strong>ca—</strong></span> 
     </span>
    </p>
   </div>
   <div class='ocr_carea' id='block_1_9' title="bbox 467 759 2048 831">
    <p class='ocr_par' dir='ltr' id='par_1_9' title="bbox 467 759 2048 831">
     <span class='ocr_line' id='line_1_9' title="bbox 467 759 2048 831; baseline 0.003 -19"><span class='ocrx_word' id='word_1_41' title='bbox 467 759 651 829; x_wconf 79' lang='lat' dir='ltr'><strong>piunt,</strong></span> <span class='ocrx_word' id='word_1_42' title='bbox 673 761 764 830; x_wconf 88' lang='lat' dir='ltr'><strong>qui</strong></span> <span class='ocrx_word' id='word_1_43' title='bbox 795 775 903 814; x_wconf 92' lang='lat' dir='ltr'><strong>non</strong></span> <span class='ocrx_word' id='word_1_44' title='bbox 939 767 1067 815; x_wconf 92' lang='lat' dir='ltr'><strong>sunt</strong></span> <span class='ocrx_word' id='word_1_45' title='bbox 1094 760 1325 815; x_wconf 84' lang='lat' dir='ltr'><strong>rationis</strong></span> <span class='ocrx_word' id='word_1_46' title='bbox 1345 759 1662 830; x_wconf 72' lang='lat' dir='ltr'><strong>participes,</strong></span> <span class='ocrx_word' id='word_1_47' title='bbox 1685 760 1958 831; x_wconf 81' lang='lat' dir='ltr'><strong>quomodo</strong></span> <span class='ocrx_word' id='word_1_48' title='bbox 1987 775 2048 816; x_wconf 86' lang='lat' dir='ltr'><strong>se</strong></span> 
     </span>
    </p>
   </div>
   <div class='ocr_carea' id='block_1_10' title="bbox 465 851 2046 922">
    <p class='ocr_par' dir='ltr' id='par_1_10' title="bbox 465 851 2046 922">
     <span class='ocr_line' id='line_1_10' title="bbox 465 851 2046 922; baseline 0.001 -18"><span class='ocrx_word' id='word_1_49' title='bbox 465 851 578 922; x_wconf 77' lang='lat' dir='ltr'><strong>ipsi</strong></span> <span class='ocrx_word' id='word_1_50' title='bbox 608 865 733 906; x_wconf 91' lang='lat' dir='ltr'><strong>cum</strong></span> <span class='ocrx_word' id='word_1_51' title='bbox 769 852 970 918; x_wconf 83' lang='lat' dir='ltr'><strong>lumine</strong></span> <span class='ocrx_word' id='word_1_52' title='bbox 1001 851 1312 918; x_wconf 77' lang='lat' dir='ltr'><strong>misceant;</strong></span> <span class='ocrx_word' id='word_1_53' title='bbox 1361 859 1416 906; x_wconf 86' lang='lat' dir='ltr'><strong>et</strong></span> <span class='ocrx_word' id='word_1_54' title='bbox 1463 853 1794 922; x_wconf 75' lang='lat' dir='ltr'><strong>relinquitur</strong></span> <span class='ocrx_word' id='word_1_55' title='bbox 1818 892 1835 916; x_wconf 93' lang='lat'><strong>,</strong></span> <span class='ocrx_word' id='word_1_56' title='bbox 1875 860 1936 907; x_wconf 79' lang='lat' dir='ltr'><strong>ut</strong></span> <span class='ocrx_word' id='word_1_57' title='bbox 1958 851 2046 906; x_wconf 89' lang='lat' dir='ltr'><strong>in-</strong></span> 
     </span>
    </p>
   </div>
   <div class='ocr_carea' id='block_1_11' title="bbox 467 943 2044 1022">
    <p class='ocr_par' dir='ltr' id='par_1_11' title="bbox 467 943 2044 1022">
     <span class='ocr_line' id='line_1_11' title="bbox 467 943 2044 1022; baseline 0 -26"><span class='ocrx_word' id='word_1_58' title='bbox 467 944 617 998; x_wconf 71' lang='lat' dir='ltr'><strong>vidia</strong></span> <span class='ocrx_word' id='word_1_59' title='bbox 661 953 825 1022; x_wconf 84' lang='lat' dir='ltr'><strong>esset,</strong></span> <span class='ocrx_word' id='word_1_60' title='bbox 874 957 983 997; x_wconf 92' lang='lat' dir='ltr'><strong>non</strong></span> <span class='ocrx_word' id='word_1_61' title='bbox 1025 944 1342 1014; x_wconf 83' lang='lat' dir='ltr'><strong>permittere</strong></span> <span class='ocrx_word' id='word_1_62' title='bbox 1400 943 1524 998; x_wconf 88' lang='lat' dir='ltr'><strong>istis</strong></span> <span class='ocrx_word' id='word_1_63' title='bbox 1565 943 1670 997; x_wconf 93' lang='lat' dir='ltr'><strong>frui</strong></span> <span class='ocrx_word' id='word_1_64' title='bbox 1715 943 1902 998; x_wconf 88' lang='lat' dir='ltr'><strong>bono:</strong></span> <span class='ocrx_word' id='word_1_65' title='bbox 1937 957 2044 996; x_wconf 90' lang='lat' dir='ltr'><strong>non</strong></span> 
     </span>
    </p>
   </div>
   <div class='ocr_carea' id='block_1_12' title="bbox 460 1035 2048 1093">
    <p class='ocr_par' dir='ltr' id='par_1_12' title="bbox 460 1035 2048 1093">
     <span class='ocr_line' id='line_1_12' title="bbox 460 1035 2048 1093; baseline 0.001 -3"><span class='ocrx_word' id='word_1_66' title='bbox 460 1037 616 1093; x_wconf 72' lang='lat' dir='ltr'><strong>enim</strong></span> <span class='ocrx_word' id='word_1_67' title='bbox 657 1046 775 1092; x_wconf 88' lang='lat' dir='ltr'><strong>erat</strong></span> <span class='ocrx_word' id='word_1_68' title='bbox 803 1049 985 1092; x_wconf 82' lang='lat' dir='ltr'><strong>sermo</strong></span> <span class='ocrx_word' id='word_1_69' title='bbox 1015 1035 1299 1092; x_wconf 71' lang='lat' dir='ltr'><strong>Manichtei</strong></span> <span class='ocrx_word' id='word_1_70' title='bbox 1335 1046 1623 1092; x_wconf 82' lang='lat' dir='ltr'><strong>constans.</strong></span> <span class='ocrx_word' id='word_1_71' title='bbox 1657 1035 1717 1092; x_wconf 92' lang='lat' dir='ltr'><strong>Si</strong></span> <span class='ocrx_word' id='word_1_72' title='bbox 1748 1038 1891 1092; x_wconf 92' lang='lat' dir='ltr'><strong>enim</strong></span> <span class='ocrx_word' id='word_1_73' title='bbox 1920 1051 2048 1092; x_wconf 82' lang='lat' dir='ltr'><strong>con-</strong></span> 
     </span>
    </p>
   </div>
   <div class='ocr_carea' id='block_1_13' title="bbox 464 1129 2044 1199">
    <p class='ocr_par' dir='ltr' id='par_1_13' title="bbox 464 1129 2044 1199">
     <span class='ocr_line' id='line_1_13' title="bbox 464 1129 2044 1199; baseline 0.002 -17"><span class='ocrx_word' id='word_1_74' title='bbox 464 1139 557 1182; x_wconf 48' lang='lat' dir='ltr'><strong>‘tra</strong></span> <span class='ocrx_word' id='word_1_75' title='bbox 581 1144 640 1185; x_wconf 91' lang='lat' dir='ltr'><strong>se</strong></span> <span class='ocrx_word' id='word_1_76' title='bbox 673 1129 1040 1193; x_wconf 88' lang='lat' dir='ltr'><strong>insaniebant,</strong></span> <span class='ocrx_word' id='word_1_77' title='bbox 1069 1129 1352 1198; x_wconf 86' lang='lat' dir='ltr'><strong>oportebat</strong></span> <span class='ocrx_word' id='word_1_78' title='bbox 1373 1129 1591 1199; x_wconf 89' lang='lat' dir='ltr'><strong>quidem</strong></span> <span class='ocrx_word' id='word_1_79' title='bbox 1620 1129 1894 1185; x_wconf 89' lang='lat' dir='ltr'><strong>dimittere</strong></span> <span class='ocrx_word' id='word_1_80' title='bbox 1925 1144 2044 1195; x_wconf 86' lang='lat' dir='ltr'><strong>eos,</strong></span> 
     </span>
    </p>
   </div>
   <div class='ocr_carea' id='block_1_14' title="bbox 471 1217 2044 1289">
    <p class='ocr_par' dir='ltr' id='par_1_14' title="bbox 471 1217 2044 1289">
     <span class='ocr_line' id='line_1_14' title="bbox 471 1217 2044 1289; baseline 0.001 -17"><span class='ocrx_word' id='word_1_81' title='bbox 471 1225 532 1272; x_wconf 92' lang='lat' dir='ltr'><strong>ut</strong></span> <span class='ocrx_word' id='word_1_82' title='bbox 564 1233 596 1272; x_wconf 91' lang='lat' dir='ltr'><strong>a</strong></span> <span class='ocrx_word' id='word_1_83' title='bbox 636 1233 697 1274; x_wconf 90' lang='lat' dir='ltr'><strong>se</strong></span> <span class='ocrx_word' id='word_1_84' title='bbox 737 1218 873 1289; x_wconf 87' lang='lat' dir='ltr'><strong>ipsis</strong></span> <span class='ocrx_word' id='word_1_85' title='bbox 905 1218 1214 1274; x_wconf 91' lang='lat' dir='ltr'><strong>interirent.</strong></span> <span class='ocrx_word' id='word_1_86' title='bbox 1269 1217 1328 1272; x_wconf 87' lang='lat' dir='ltr'><strong>Si</strong></span> <span class='ocrx_word' id='word_1_87' title='bbox 1359 1218 1634 1275; x_wconf 88' lang='lat' dir='ltr'><strong>desiderio</strong></span> <span class='ocrx_word' id='word_1_88' title='bbox 1667 1220 1890 1275; x_wconf 89' lang='lat' dir='ltr'><strong>luminis</strong></span> <span class='ocrx_word' id='word_1_89' title='bbox 1919 1228 2044 1274; x_wconf 88' lang='lat' dir='ltr'><strong>tan-</strong></span> 
     </span>
    </p>
   </div>
   <div class='ocr_carea' id='block_1_15' title="bbox 464 1307 2045 1379">
    <p class='ocr_par' dir='ltr' id='par_1_15' title="bbox 464 1307 2045 1379">
     <span class='ocr_line' id='line_1_15' title="bbox 464 1307 2045 1379; baseline 0.003 -18"><span class='ocrx_word' id='word_1_90' title='bbox 464 1322 634 1377; x_wconf 79' lang='lat' dir='ltr'><strong>quam</strong></span> <span class='ocrx_word' id='word_1_91' title='bbox 675 1307 951 1379; x_wconf 76' lang='lat' dir='ltr'><strong>elegantes</strong></span> <span class='ocrx_word' id='word_1_92' title='bbox 980 1308 1326 1375; x_wconf 83' lang='lat' dir='ltr'><strong>tenebantur,</strong></span> <span class='ocrx_word' id='word_1_93' title='bbox 1375 1309 1666 1365; x_wconf 82' lang='lat' dir='ltr'><strong>honestum</strong></span> <span class='ocrx_word' id='word_1_94' title='bbox 1711 1311 1876 1366; x_wconf 89' lang='lat' dir='ltr'><strong>etiam</strong></span> <span class='ocrx_word' id='word_1_95' title='bbox 1925 1320 2045 1366; x_wconf 89' lang='lat' dir='ltr'><strong>erat</strong></span> 
     </span>
    </p>
   </div>
   <div class='ocr_carea' id='block_1_16' title="bbox 466 1397 2047 1465">
    <p class='ocr_par' dir='ltr' id='par_1_16' title="bbox 466 1397 2047 1465">
     <span class='ocr_line' id='line_1_16' title="bbox 466 1397 2047 1465; baseline 0.002 -12"><span class='ocrx_word' id='word_1_96' title='bbox 466 1399 551 1454; x_wconf 89' lang='lat' dir='ltr'><strong>eis</strong></span> <span class='ocrx_word' id='word_1_97' title='bbox 578 1398 901 1465; x_wconf 89' lang='lat' dir='ltr'><strong>concedere,</strong></span> <span class='ocrx_word' id='word_1_98' title='bbox 924 1407 988 1454; x_wconf 88' lang='lat' dir='ltr'><strong>ut</strong></span> <span class='ocrx_word' id='word_1_99' title='bbox 1013 1397 1354 1456; x_wconf 85' lang='lat' dir='ltr'><strong>fruerentur.</strong></span> <span class='ocrx_word' id='word_1_100' title='bbox 1384 1400 1652 1456; x_wconf 89' lang='lat' dir='ltr'><strong>Decorum</strong></span> <span class='ocrx_word' id='word_1_101' title='bbox 1679 1403 1827 1458; x_wconf 92' lang='lat' dir='ltr'><strong>enim</strong></span> <span class='ocrx_word' id='word_1_102' title='bbox 1857 1411 1912 1458; x_wconf 90' lang='lat' dir='ltr'><strong>et</strong></span> <span class='ocrx_word' id='word_1_103' title='bbox 1931 1404 2047 1456; x_wconf 86' lang='lat' dir='ltr'><strong>la&#39;u-</strong></span> 
     </span>
    </p>
   </div>
   <div class='ocr_carea' id='block_1_17' title="bbox 467 1489 2045 1548">
    <p class='ocr_par' dir='ltr' id='par_1_17' title="bbox 467 1489 2045 1548">
     <span class='ocr_line' id='line_1_17' title="bbox 467 1489 2045 1548; baseline 0.001 -4"><span class='ocrx_word' id='word_1_104' title='bbox 467 1489 649 1546; x_wconf 87' lang='lat' dir='ltr'><strong>dabile</strong></span> <span class='ocrx_word' id='word_1_105' title='bbox 681 1490 907 1545; x_wconf 90' lang='lat' dir='ltr'><strong>omnino</strong></span> <span class='ocrx_word' id='word_1_106' title='bbox 953 1497 1038 1546; x_wconf 86' lang='lat' dir='ltr'><strong>est</strong></span> <span class='ocrx_word' id='word_1_107' title='bbox 1072 1491 1370 1545; x_wconf 89' lang='lat' dir='ltr'><strong>secundum</strong></span> <span class='ocrx_word' id='word_1_108' title='bbox 1420 1503 1670 1546; x_wconf 83' lang='lat' dir='ltr'><strong>natur-am</strong></span> <span class='ocrx_word' id='word_1_109' title='bbox 1714 1493 2045 1548; x_wconf 84' lang='lat' dir='ltr'><strong>desiderium</strong></span> 
     </span>
    </p>
   </div>
   <div class='ocr_carea' id='block_1_18' title="bbox 461 1582 2044 1655">
    <p class='ocr_par' dir='ltr' id='par_1_18' title="bbox 461 1582 2044 1655">
     <span class='ocr_line' id='line_1_18' title="bbox 461 1582 2044 1655; baseline -0.001 -17"><span class='ocrx_word' id='word_1_110' title='bbox 461 1583 620 1649; x_wconf 83' lang='lat' dir='ltr'><strong>boni,</strong></span> <span class='ocrx_word' id='word_1_111' title='bbox 658 1598 770 1654; x_wconf 93' lang='lat' dir='ltr'><strong>quo</strong></span> <span class='ocrx_word' id='word_1_112' title='bbox 799 1582 906 1636; x_wconf 89' lang='lat' dir='ltr'><strong>frui</strong></span> <span class='ocrx_word' id='word_1_113' title='bbox 938 1598 1050 1637; x_wconf 89' lang='lat' dir='ltr'><strong>non</strong></span> <span class='ocrx_word' id='word_1_114' title='bbox 1068 1591 1385 1653; x_wconf 85' lang='lat' dir='ltr'><strong>potuerunt,</strong></span> <span class='ocrx_word' id='word_1_115' title='bbox 1418 1583 1563 1638; x_wconf 90' lang='lat' dir='ltr'><strong>sicut</strong></span> <span class='ocrx_word' id='word_1_116' title='bbox 1592 1584 1668 1638; x_wconf 88' lang='lat' dir='ltr'><strong>ait</strong></span> <span class='ocrx_word' id='word_1_117' title='bbox 1691 1584 1785 1654; x_wconf 94' lang='lat' dir='ltr'><strong>qui</strong></span> <span class='ocrx_word' id='word_1_118' title='bbox 1816 1584 2044 1655; x_wconf 88' lang='lat' dir='ltr'><strong>dogma-</strong></span> 
     </span>
    </p>
   </div>
   <div class='ocr_carea' id='block_1_19' title="bbox 458 1673 2048 1746">
    <p class='ocr_par' dir='ltr' id='par_1_19' title="bbox 458 1673 2048 1746">
     <span class='ocr_line' id='line_1_19' title="bbox 458 1673 2048 1746; baseline -0.001 -16"><span class='ocrx_word' id='word_1_119' title='bbox 458 1685 523 1730; x_wconf 80' lang='lat' dir='ltr'><strong>ta</strong></span> <span class='ocrx_word' id='word_1_120' title='bbox 549 1673 833 1730; x_wconf 68' lang='lat' dir='ltr'><strong>Manicbzei</strong></span> <span class='ocrx_word' id='word_1_121' title='bbox 862 1674 1116 1744; x_wconf 83' lang='lat' dir='ltr'><strong>scripsit;</strong></span> <span class='ocrx_word' id='word_1_122' title='bbox 1149 1689 1273 1728; x_wconf 88' lang='lat' dir='ltr'><strong>cum</strong></span> <span class='ocrx_word' id='word_1_123' title='bbox 1304 1675 1503 1745; x_wconf 86' lang='lat' dir='ltr'><strong>alioqui</strong></span> <span class='ocrx_word' id='word_1_124' title='bbox 1532 1675 1926 1740; x_wconf 87' lang='lat' dir='ltr'><strong>desiderarent,</strong></span> <span class='ocrx_word' id='word_1_125' title='bbox 1951 1693 2048 1746; x_wconf 83' lang='lat' dir='ltr'><strong>po-</strong></span> 
     </span>
    </p>
   </div>
   <div class='ocr_carea' id='block_1_20' title="bbox 2149 479 3724 554">
    <p class='ocr_par' dir='ltr' id='par_1_20' title="bbox 2149 479 3724 554">
     <span class='ocr_line' id='line_1_20' title="bbox 2149 479 3724 554; baseline 0 -22"><span class='ocrx_word' id='word_1_126' title='bbox 2149 479 2371 554; x_wconf 86' lang='grc' dir='ltr'>θήραμα</span> <span class='ocrx_word' id='word_1_127' title='bbox 2408 479 2538 534; x_wconf 81' lang='grc' dir='ltr'>ἴδιον</span> <span class='ocrx_word' id='word_1_128' title='bbox 2581 481 2836 552; x_wconf 80' lang='grc' dir='ltr'><strong>ἐνόμισαν</strong></span> <span class='ocrx_word' id='word_1_129' title='bbox 2887 483 3054 546; x_wconf 83' lang='grc' dir='ltr'>αὐτὸ,</span> <span class='ocrx_word' id='word_1_130' title='bbox 3088 481 3281 552; x_wconf 83' lang='grc' dir='ltr'>δῆλον,</span> <span class='ocrx_word' id='word_1_131' title='bbox 3332 481 3411 544; x_wconf 84' lang='grc' dir='ltr'>ὡς</span> <span class='ocrx_word' id='word_1_132' title='bbox 3461 479 3623 550; x_wconf 80' lang='grc' dir='ltr'>ὀρθοί</span> <span class='ocrx_word' id='word_1_133' title='bbox 3665 498 3724 547; x_wconf 77' lang='grc' dir='ltr'><strong>γε</strong></span> 
     </span>
    </p>
   </div>
   <div class='ocr_carea' id='block_1_21' title="bbox 2147 569 3727 646">
    <p class='ocr_par' dir='ltr' id='par_1_21' title="bbox 2147 569 3727 646">
     <span class='ocr_line' id='line_1_21' title="bbox 2147 569 3727 646; baseline 0.001 -20"><span class='ocrx_word' id='word_1_134' title='bbox 2147 569 2287 645; x_wconf 79' lang='grc' dir='ltr'>ἦσαν</span> <span class='ocrx_word' id='word_1_135' title='bbox 2313 574 2412 646; x_wconf 81' lang='grc' dir='ltr'><strong>τὴν</strong></span> <span class='ocrx_word' id='word_1_136' title='bbox 2433 573 2720 645; x_wconf 79' lang='grc' dir='ltr'><strong>ὑπόληψιν.</strong></span> <span class='ocrx_word' id='word_1_137' title='bbox 2760 576 2922 629; x_wconf 85' lang='grc' dir='ltr'><strong>Ὥστε</strong></span> <span class='ocrx_word' id='word_1_138' title='bbox 2969 577 3065 630; x_wconf 74' lang='grc' dir='ltr'>καὶ</span> <span class='ocrx_word' id='word_1_139' title='bbox 3103 575 3448 645; x_wconf 78' lang='grc' dir='ltr'><strong>βουλεύονται</strong></span> <span class='ocrx_word' id='word_1_140' title='bbox 3486 576 3542 627; x_wconf 81' lang='grc' dir='ltr'>οἱ</span> <span class='ocrx_word' id='word_1_141' title='bbox 3575 573 3727 642; x_wconf 68' lang='grc' dir='ltr'>λόγον</span> 
     </span>
    </p>
   </div>
   <div class='ocr_carea' id='block_1_22' title="bbox 2151 665 3725 740">
    <p class='ocr_par' dir='ltr' id='par_1_22' title="bbox 2151 665 3725 740">
     <span class='ocr_line' id='line_1_22' title="bbox 2151 665 3725 740; baseline -0.003 -19"><span class='ocrx_word' id='word_1_142' title='bbox 2151 665 2226 736; x_wconf 79' lang='grc' dir='ltr'>μὴ</span> <span class='ocrx_word' id='word_1_143' title='bbox 2273 665 2619 736; x_wconf 81' lang='grc' dir='ltr'><strong>μετέχοντες,</strong></span> <span class='ocrx_word' id='word_1_144' title='bbox 2668 668 2816 731; x_wconf 82' lang='grc' dir='ltr'>ὅπως</span> <span class='ocrx_word' id='word_1_145' title='bbox 2859 667 2924 721; x_wconf 84' lang='grc' dir='ltr'><strong>ἂν</strong></span> <span class='ocrx_word' id='word_1_146' title='bbox 2968 669 3194 732; x_wconf 75' lang='grc' dir='ltr'>ἑαυτοὺς</span> <span class='ocrx_word' id='word_1_147' title='bbox 3240 668 3611 740; x_wconf 83' lang='grc' dir='ltr'>ἐγκεράσαιεν</span> <span class='ocrx_word' id='word_1_148' title='bbox 3652 669 3725 737; x_wconf 68' lang='grc' dir='ltr'>τῷ</span> 
     </span>
    </p>
   </div>
   <div class='ocr_carea' id='block_1_23' title="bbox 2148 754 3725 830">
    <p class='ocr_par' dir='ltr' id='par_1_23' title="bbox 2148 754 3725 830">
     <span class='ocr_line' id='line_1_23' title="bbox 2148 754 3725 830; baseline 0.002 -23"><span class='ocrx_word' id='word_1_149' title='bbox 2148 755 2316 825; x_wconf 86' lang='grc' dir='ltr'>φωτί·</span> <span class='ocrx_word' id='word_1_150' title='bbox 2354 758 2448 809; x_wconf 80' lang='grc' dir='ltr'>καὶ</span> <span class='ocrx_word' id='word_1_151' title='bbox 2501 756 2697 826; x_wconf 82' lang='grc' dir='ltr'>φθόνου</span> <span class='ocrx_word' id='word_1_152' title='bbox 2733 757 2919 812; x_wconf 81' lang='grc' dir='ltr'>λοιπὸν</span> <span class='ocrx_word' id='word_1_153' title='bbox 2969 754 3036 830; x_wconf 79' lang='grc' dir='ltr'>ἦν</span> <span class='ocrx_word' id='word_1_154' title='bbox 3075 760 3137 812; x_wconf 85' lang='grc' dir='ltr'><strong>τὸ</strong></span> <span class='ocrx_word' id='word_1_155' title='bbox 3169 760 3244 830; x_wconf 84' lang='grc' dir='ltr'>μὴ</span> <span class='ocrx_word' id='word_1_156' title='bbox 3270 762 3488 814; x_wconf 80' lang='grc' dir='ltr'>ἀνεῖναι</span> <span class='ocrx_word' id='word_1_157' title='bbox 3521 758 3725 820; x_wconf 57' lang='lat' dir='ltr'><strong>eodem;</strong></span> 
     </span>
    </p>
   </div>
   <div class='ocr_carea' id='block_1_24' title="bbox 2145 849 3726 928">
    <p class='ocr_par' dir='ltr' id='par_1_24' title="bbox 2145 849 3726 928">
     <span class='ocr_line' id='line_1_24' title="bbox 2145 849 3726 928; baseline 0.002 -24"><span class='ocrx_word' id='word_1_158' title='bbox 2145 850 2239 905; x_wconf 85' lang='grc' dir='ltr'><strong>τοῦ</strong></span> <span class='ocrx_word' id='word_1_159' title='bbox 2281 849 2492 919; x_wconf 81' lang='grc' dir='ltr'><strong>ἀγαθοῦ</strong></span> <span class='ocrx_word' id='word_1_160' title='bbox 2537 852 2637 924; x_wconf 81' lang='grc' dir='ltr'>τὴν</span> <span class='ocrx_word' id='word_1_161' title='bbox 2685 854 3017 909; x_wconf 82' lang='grc' dir='ltr'><strong>ἀπόλαυσιν·</strong></span> <span class='ocrx_word' id='word_1_162' title='bbox 3058 857 3157 926; x_wconf 88' lang='grc' dir='ltr'>ού.χ</span> <span class='ocrx_word' id='word_1_163' title='bbox 3207 857 3407 927; x_wconf 77' lang='grc' dir='ltr'>ἕστηκε</span> <span class='ocrx_word' id='word_1_164' title='bbox 3473 857 3593 928; x_wconf 82' lang='grc' dir='ltr'><strong>γὰρ</strong></span> <span class='ocrx_word' id='word_1_165' title='bbox 3640 855 3726 909; x_wconf 64' lang='grc' dir='ltr'><strong>τοῦ</strong></span> 
     </span>
    </p>
   </div>
   <div class='ocr_carea' id='block_1_25' title="bbox 2146 943 3731 1022">
    <p class='ocr_par' dir='ltr' id='par_1_25' title="bbox 2146 943 3731 1022">
     <span class='ocr_line' id='line_1_25' title="bbox 2146 943 3731 1022; baseline 0.006 -26"><span class='ocrx_word' id='word_1_166' title='bbox 2146 943 2420 1006; x_wconf 72' lang='grc' dir='ltr'>Μάνεντος</span> <span class='ocrx_word' id='word_1_167' title='bbox 2437 945 2465 995; x_wconf 83' lang='grc' dir='ltr'>ὁ</span> <span class='ocrx_word' id='word_1_168' title='bbox 2483 943 2659 1012; x_wconf 88' lang='grc' dir='ltr'>λόγος.</span> <span class='ocrx_word' id='word_1_169' title='bbox 2672 947 2735 999; x_wconf 88' lang='grc' dir='ltr'><strong>Εἰ</strong></span> <span class='ocrx_word' id='word_1_170' title='bbox 2761 947 2869 1018; x_wconf 79' lang='grc' dir='ltr'>γὰρ</span> <span class='ocrx_word' id='word_1_171' title='bbox 2889 949 3008 1012; x_wconf 80' lang='grc' dir='ltr'>κατ’</span> <span class='ocrx_word' id='word_1_172' title='bbox 3033 948 3278 1021; x_wconf 85' lang='grc' dir='ltr'>ἀλλήλων</span> <span class='ocrx_word' id='word_1_173' title='bbox 3292 952 3614 1022; x_wconf 79' lang='grc' dir='ltr'>ἐμαίνοντο,</span> <span class='ocrx_word' id='word_1_174' title='bbox 3643 955 3731 1005; x_wconf 78' lang='grc' dir='ltr'><strong>καί</strong></span> 
     </span>
    </p>
   </div>
   <div class='ocr_carea' id='block_1_26' title="bbox 2145 1035 3726 1115">
    <p class='ocr_par' dir='ltr' id='par_1_26' title="bbox 2145 1035 3726 1115">
     <span class='ocr_line' id='line_1_26' title="bbox 2145 1035 3726 1115; baseline 0.006 -27"><span class='ocrx_word' id='word_1_175' title='bbox 2145 1035 2252 1090; x_wconf 80' lang='grc' dir='ltr'>ἔδει</span> <span class='ocrx_word' id='word_1_176' title='bbox 2276 1053 2339 1105; x_wconf 86' lang='grc' dir='ltr'><strong>γε</strong></span> <span class='ocrx_word' id='word_1_177' title='bbox 2369 1037 2566 1100; x_wconf 72' lang='grc' dir='ltr'>αὐτοὺς</span> <span class='ocrx_word' id='word_1_178' title='bbox 2598 1039 2916 1093; x_wconf 77' lang='grc' dir='ltr'><strong>καταλιπεῖν</strong></span> <span class='ocrx_word' id='word_1_179' title='bbox 2945 1041 3036 1094; x_wconf 75' lang='grc' dir='ltr'>ὑπ’</span> <span class='ocrx_word' id='word_1_180' title='bbox 3074 1040 3320 1113; x_wconf 83' lang='grc' dir='ltr'>ἀλλήλων</span> <span class='ocrx_word' id='word_1_181' title='bbox 3365 1043 3726 1115; x_wconf 70' lang='grc' dir='ltr'><strong>φθείρεσθαι·</strong></span> 
     </span>
    </p>
   </div>
   <div class='ocr_carea' id='block_1_27' title="bbox 2145 1127 3731 1210">
    <p class='ocr_par' dir='ltr' id='par_1_27' title="bbox 2145 1127 3731 1210">
     <span class='ocr_line' id='line_1_27' title="bbox 2145 1127 3731 1210; baseline 0.008 -30"><span class='ocrx_word' id='word_1_182' title='bbox 2145 1129 2194 1180; x_wconf 88' lang='grc' dir='ltr'><strong>εί</strong></span> <span class='ocrx_word' id='word_1_183' title='bbox 2227 1127 2284 1181; x_wconf 82' lang='grc' dir='ltr'><strong>δέ</strong></span> <span class='ocrx_word' id='word_1_184' title='bbox 2338 1129 2693 1202; x_wconf 77' lang='grc' dir='ltr'><strong>ἐπεθύμησαν</strong></span> <span class='ocrx_word' id='word_1_185' title='bbox 2718 1133 2793 1196; x_wconf 84' lang='grc' dir='ltr'><strong>ὡς</strong></span> <span class='ocrx_word' id='word_1_186' title='bbox 2831 1134 3032 1188; x_wconf 83' lang='grc' dir='ltr'>ἀστεῖοι</span> <span class='ocrx_word' id='word_1_187' title='bbox 3056 1134 3150 1188; x_wconf 83' lang='grc' dir='ltr'><strong>τοῦ</strong></span> <span class='ocrx_word' id='word_1_188' title='bbox 3178 1136 3373 1205; x_wconf 84' lang='grc' dir='ltr'>φωτὸς,</span> <span class='ocrx_word' id='word_1_189' title='bbox 3411 1139 3511 1190; x_wconf 77' lang='grc' dir='ltr'>καὶ</span> <span class='ocrx_word' id='word_1_190' title='bbox 3568 1156 3731 1210; x_wconf 60' lang='grc' dir='ltr'>πρισ-</span> 
     </span>
    </p>
   </div>
   <div class='ocr_carea' id='block_1_28' title="bbox 2145 1218 3728 1302">
    <p class='ocr_par' dir='ltr' id='par_1_28' title="bbox 2145 1218 3728 1302">
     <span class='ocr_line' id='line_1_28' title="bbox 2145 1218 3728 1302; baseline 0.006 -26"><span class='ocrx_word' id='word_1_191' title='bbox 2145 1224 2280 1294; x_wconf 77' lang='grc' dir='ltr'>ἧκον</span> <span class='ocrx_word' id='word_1_192' title='bbox 2321 1218 2390 1296; x_wconf 75' lang='grc' dir='ltr'>ἦν</span> <span class='ocrx_word' id='word_1_193' title='bbox 2433 1226 2618 1289; x_wconf 77' lang='grc' dir='ltr'>αὐτοῖς</span> <span class='ocrx_word' id='word_1_194' title='bbox 2665 1227 2958 1299; x_wconf 70' lang='grc' dir='ltr'>ἐπιτρέψαι</span> <span class='ocrx_word' id='word_1_195' title='bbox 3001 1229 3190 1282; x_wconf 82' lang='grc' dir='ltr'>τούτου</span> <span class='ocrx_word' id='word_1_196' title='bbox 3241 1230 3338 1302; x_wconf 78' lang='grc' dir='ltr'>τὴν</span> <span class='ocrx_word' id='word_1_197' title='bbox 3386 1231 3728 1285; x_wconf 71' lang='grc' dir='ltr'>ἀπόλαυσιν·</span> 
     </span>
    </p>
   </div>
   <div class='ocr_carea' id='block_1_29' title="bbox 2145 1316 3729 1395">
    <p class='ocr_par' dir='ltr' id='par_1_29' title="bbox 2145 1316 3729 1395">
     <span class='ocr_line' id='line_1_29' title="bbox 2145 1316 3729 1395; baseline 0.005 -27"><span class='ocrx_word' id='word_1_198' title='bbox 2145 1316 2337 1369; x_wconf 85' lang='grc' dir='ltr'>ἀστεία</span> <span class='ocrx_word' id='word_1_199' title='bbox 2380 1317 2490 1390; x_wconf 87' lang='grc' dir='ltr'>γὰρ</span> <span class='ocrx_word' id='word_1_200' title='bbox 2521 1320 2612 1371; x_wconf 72' lang='grc' dir='ltr'><strong>καὶ</strong></span> <span class='ocrx_word' id='word_1_201' title='bbox 2647 1319 2903 1391; x_wconf 79' lang='grc' dir='ltr'>ἐπαινετὴ</span> <span class='ocrx_word' id='word_1_202' title='bbox 2945 1321 3086 1374; x_wconf 83' lang='grc' dir='ltr'><strong>κατά</strong></span> <span class='ocrx_word' id='word_1_203' title='bbox 3112 1320 3272 1391; x_wconf 81' lang='grc' dir='ltr'>φύσιν</span> <span class='ocrx_word' id='word_1_204' title='bbox 3305 1323 3533 1384; x_wconf 82' lang='grc' dir='ltr'>πάντως</span> <span class='ocrx_word' id='word_1_205' title='bbox 3577 1325 3613 1395; x_wconf 72' lang='grc' dir='ltr'><strong>ἡ</strong></span> <span class='ocrx_word' id='word_1_206' title='bbox 3643 1324 3729 1376; x_wconf 65' lang='grc' dir='ltr'><strong>’τσί</strong></span> 
     </span>
    </p>
   </div>
   <div class='ocr_carea' id='block_1_30' title="bbox 2145 1408 3729 1487">
    <p class='ocr_par' dir='ltr' id='par_1_30' title="bbox 2145 1408 3729 1487">
     <span class='ocr_line' id='line_1_30' title="bbox 2145 1408 3729 1487; baseline 0.005 -25"><span class='ocrx_word' id='word_1_207' title='bbox 2145 1409 2351 1472; x_wconf 81' lang='grc' dir='ltr'>ἀγαθοῦ</span> <span class='ocrx_word' id='word_1_208' title='bbox 2378 1412 2663 1482; x_wconf 86' lang='grc' dir='ltr'>ἐπιθυμία,</span> <span class='ocrx_word' id='word_1_209' title='bbox 2687 1408 2858 1485; x_wconf 77' lang='grc' dir='ltr'>οὗπερ</span> <span class='ocrx_word' id='word_1_210' title='bbox 2885 1415 3181 1468; x_wconf 82' lang='grc' dir='ltr'>ἀπολαύειν</span> <span class='ocrx_word' id='word_1_211' title='bbox 3209 1416 3305 1487; x_wconf 88' lang='grc' dir='ltr'>μὲν</span> <span class='ocrx_word' id='word_1_212' title='bbox 3334 1415 3413 1487; x_wconf 85' lang='grc' dir='ltr'>μὴ</span> <span class='ocrx_word' id='word_1_213' title='bbox 3439 1416 3729 1487; x_wconf 73' lang='grc' dir='ltr'>ἠδύναντο,</span> 
     </span>
    </p>
   </div>
   <div class='ocr_carea' id='block_1_31' title="bbox 2145 1500 3732 1579">
    <p class='ocr_par' dir='ltr' id='par_1_31' title="bbox 2145 1500 3732 1579">
     <span class='ocr_line' id='line_1_31' title="bbox 2145 1500 3732 1579; baseline 0.006 -27"><span class='ocrx_word' id='word_1_214' title='bbox 2145 1500 2222 1564; x_wconf 87' lang='grc' dir='ltr'>ὦς</span> <span class='ocrx_word' id='word_1_215' title='bbox 2260 1519 2324 1570; x_wconf 90' lang='grc' dir='ltr'><strong>γε</strong></span> <span class='ocrx_word' id='word_1_216' title='bbox 2356 1504 2384 1554; x_wconf 86' lang='grc' dir='ltr'><strong>ό</strong></span> <span class='ocrx_word' id='word_1_217' title='bbox 2417 1503 2483 1555; x_wconf 85' lang='grc' dir='ltr'><strong>τά</strong></span> <span class='ocrx_word' id='word_1_218' title='bbox 2516 1503 2608 1556; x_wconf 87' lang='grc' dir='ltr'><strong>τοῦ</strong></span> <span class='ocrx_word' id='word_1_219' title='bbox 2657 1504 2935 1569; x_wconf 82' lang='grc' dir='ltr'>Μάνεντος</span> <span class='ocrx_word' id='word_1_220' title='bbox 2987 1507 3320 1578; x_wconf 84' lang='grc' dir='ltr'>συγγράφων</span> <span class='ocrx_word' id='word_1_221' title='bbox 3367 1508 3546 1579; x_wconf 68' lang='grc' dir='ltr'>φησιν</span> <span class='ocrx_word' id='word_1_222' title='bbox 3571 1549 3588 1572; x_wconf 91' lang='grc'><strong>,</strong></span> <span class='ocrx_word' id='word_1_223' title='bbox 3620 1511 3732 1562; x_wconf 76' lang='grc' dir='ltr'>ἐπι-</span> 
     </span>
    </p>
   </div>
   <div class='ocr_carea' id='block_1_32' title="bbox 2147 1592 3731 1672">
    <p class='ocr_par' dir='ltr' id='par_1_32' title="bbox 2147 1592 3731 1672">
     <span class='ocr_line' id='line_1_32' title="bbox 2147 1592 3731 1672; baseline 0.004 -26"><span class='ocrx_word' id='word_1_224' title='bbox 2147 1592 2464 1664; x_wconf 88' lang='grc' dir='ltr'>θυμοῦντες,</span> <span class='ocrx_word' id='word_1_225' title='bbox 2489 1594 2824 1668; x_wconf 79' lang='grc' dir='ltr'>διαφθείρειν</span> <span class='ocrx_word' id='word_1_226' title='bbox 2852 1597 2908 1651; x_wconf 82' lang='grc' dir='ltr'>δὲ</span> <span class='ocrx_word' id='word_1_227' title='bbox 2947 1598 3046 1670; x_wconf 81' lang='grc' dir='ltr'><strong>οὐχ</strong></span> <span class='ocrx_word' id='word_1_228' title='bbox 3083 1593 3185 1652; x_wconf 77' lang='grc' dir='ltr'>οἷοί</span> <span class='ocrx_word' id='word_1_229' title='bbox 3215 1617 3272 1653; x_wconf 89' lang='grc' dir='ltr'><strong>τε</strong></span> <span class='ocrx_word' id='word_1_230' title='bbox 3296 1595 3441 1672; x_wconf 79' lang='grc' dir='ltr'>ἦσαν</span> <span class='ocrx_word' id='word_1_231' title='bbox 3468 1619 3481 1629; x_wconf 93' lang='grc'><strong>·</strong></span> <span class='ocrx_word' id='word_1_232' title='bbox 3519 1601 3731 1655; x_wconf 72' lang='grc' dir='ltr'>τοιοῦτο</span> 
     </span>
    </p>
   </div>
   <div class='ocr_carea' id='block_1_33' title="bbox 2145 1683 3728 1763">
    <p class='ocr_par' dir='ltr' id='par_1_33' title="bbox 2145 1683 3728 1763">
     <span class='ocr_line' id='line_1_33' title="bbox 2145 1683 3728 1763; baseline 0.004 -27"><span class='ocrx_word' id='word_1_233' title='bbox 2145 1683 2256 1756; x_wconf 84' lang='grc' dir='ltr'><strong>γὰρ</strong></span> <span class='ocrx_word' id='word_1_234' title='bbox 2294 1685 2513 1749; x_wconf 82' lang='grc' dir='ltr'>πάντως</span> <span class='ocrx_word' id='word_1_235' title='bbox 2539 1685 2600 1740; x_wconf 80' lang='grc' dir='ltr'><strong>τὸ</strong></span> <span class='ocrx_word' id='word_1_236' title='bbox 2626 1688 2850 1756; x_wconf 86' lang='grc' dir='ltr'>ἀγαθὸν,</span> <span class='ocrx_word' id='word_1_237' title='bbox 2885 1684 2996 1742; x_wconf 73' lang='grc' dir='ltr'>οἷον</span> <span class='ocrx_word' id='word_1_238' title='bbox 3021 1692 3163 1761; x_wconf 82' lang='grc' dir='ltr'>μήτε</span> <span class='ocrx_word' id='word_1_239' title='bbox 3182 1691 3560 1756; x_wconf 78' lang='grc' dir='ltr'>δαπανᾶσθαι,</span> <span class='ocrx_word' id='word_1_240' title='bbox 3596 1693 3728 1763; x_wconf 77' lang='grc' dir='ltr'>μήτε</span> 
     </span>
    </p>
   </div>
   <div class='ocr_carea' id='block_1_34' title="bbox 467 1759 2185 1856">
    <p class='ocr_par' dir='ltr' id='par_1_34' title="bbox 467 1759 2185 1832">
     <span class='ocr_line' id='line_1_34' title="bbox 467 1759 2185 1832; baseline 0.003 -11"><span class='ocrx_word' id='word_1_241' title='bbox 467 1778 691 1823; x_wconf 90' lang='lat' dir='ltr'><strong>tuerunt</strong></span> <span class='ocrx_word' id='word_1_242' title='bbox 711 1775 893 1822; x_wconf 90' lang='lat' dir='ltr'><strong>tamen</strong></span> <span class='ocrx_word' id='word_1_243' title='bbox 925 1781 983 1824; x_wconf 87' lang='lat' dir='ltr'><strong>se</strong></span> <span class='ocrx_word' id='word_1_244' title='bbox 1011 1769 1279 1823; x_wconf 77' lang='lat' dir='ltr'><strong>coniicere</strong></span> <span class='ocrx_word' id='word_1_245' title='bbox 1307 1778 1362 1822; x_wconf 91' lang='lat' dir='ltr'><strong>et</strong></span> <span class='ocrx_word' id='word_1_246' title='bbox 1392 1767 1675 1824; x_wconf 81' lang='lat' dir='ltr'><strong>destruere</strong></span> <span class='ocrx_word' id='word_1_247' title='bbox 1708 1789 1720 1824; x_wconf 91' lang='lat'><strong>:</strong></span> <span class='ocrx_word' id='word_1_248' title='bbox 1756 1770 1864 1825; x_wconf 87' lang='lat' dir='ltr'><strong>tale</strong></span> <span class='ocrx_word' id='word_1_249' title='bbox 1895 1770 2043 1824; x_wconf 90' lang='lat' dir='ltr'><strong>enim</strong></span> <span class='ocrx_word' id='word_1_250' title='bbox 2077 1759 2118 1814; x_wconf 82' lang='grc' dir='ltr'><strong><em>Β</em></strong></span> <span class='ocrx_word' id='word_1_251' title='bbox 2139 1777 2185 1832; x_wconf 60' lang='lat' dir='ltr'><strong>af</strong></span> 
     </span>
    </p>
   </div>
   <div class='ocr_carea' id='block_1_35' title="bbox 2147 1759 3726 1856">
    <p class='ocr_par' dir='ltr' id='par_1_35' title="bbox 2147 1759 3726 1856">
     <span class='ocr_line' id='line_1_35' title="bbox 2147 1759 3726 1856; baseline 0.003 -24"><span class='ocrx_word' id='word_1_252' title='bbox 2147 1777 2320 1840; x_wconf 76' lang='grc' dir='ltr'>ἄλλως</span> <span class='ocrx_word' id='word_1_253' title='bbox 2355 1778 2802 1834; x_wconf 77' lang='grc' dir='ltr'>ἐπιϐουλεύεσθαι</span> <span class='ocrx_word' id='word_1_254' title='bbox 2846 1783 2982 1854; x_wconf 83' lang='grc' dir='ltr'>πρὸς</span> <span class='ocrx_word' id='word_1_255' title='bbox 3012 1759 3120 1837; x_wconf 69' lang='grc' dir='ltr'><strong>τῶν</strong></span> <span class='ocrx_word' id='word_1_256' title='bbox 3156 1785 3492 1856; x_wconf 85' lang='grc' dir='ltr'>μετεχόντων</span> <span class='ocrx_word' id='word_1_257' title='bbox 3543 1759 3726 1839; x_wconf 50' lang='lat' dir='ltr'><strong>aii-tsi.</strong></span> 
     </span>
    </p>
   </div>
   <div class='ocr_carea' id='block_1_36' title="bbox 467 1860 2043 1932">
    <p class='ocr_par' dir='ltr' id='par_1_36' title="bbox 467 1860 2043 1932">
     <span class='ocr_line' id='line_1_36' title="bbox 467 1860 2043 1932; baseline -0.001 -15"><span class='ocrx_word' id='word_1_258' title='bbox 467 1862 685 1932; x_wconf 89' lang='lat' dir='ltr'><strong>penitus</strong></span> <span class='ocrx_word' id='word_1_259' title='bbox 713 1869 796 1916; x_wconf 90' lang='lat' dir='ltr'><strong>est</strong></span> <span class='ocrx_word' id='word_1_260' title='bbox 825 1860 1051 1924; x_wconf 87' lang='lat' dir='ltr'><strong>bonum,</strong></span> <span class='ocrx_word' id='word_1_261' title='bbox 1087 1869 1144 1913; x_wconf 92' lang='lat' dir='ltr'><strong>ut</strong></span> <span class='ocrx_word' id='word_1_262' title='bbox 1168 1876 1342 1930; x_wconf 90' lang='lat' dir='ltr'><strong>neque</strong></span> <span class='ocrx_word' id='word_1_263' title='bbox 1361 1861 1610 1915; x_wconf 88' lang='lat' dir='ltr'><strong>consumi</strong></span> <span class='ocrx_word' id='word_1_264' title='bbox 1639 1861 1834 1931; x_wconf 87' lang='lat' dir='ltr'><strong>possit,</strong></span> <span class='ocrx_word' id='word_1_265' title='bbox 1866 1877 2043 1932; x_wconf 91' lang='lat' dir='ltr'><strong>neque</strong></span> 
     </span>
    </p>
   </div>
   <div class='ocr_carea' id='block_1_37' title="bbox 467 1951 2038 2022">
    <p class='ocr_par' dir='ltr' id='par_1_37' title="bbox 467 1951 2038 2022">
     <span class='ocr_line' id='line_1_37' title="bbox 467 1951 2038 2022; baseline -0.002 -13"><span class='ocrx_word' id='word_1_266' title='bbox 467 1953 681 2022; x_wconf 87' lang='lat' dir='ltr'><strong>possint</strong></span> <span class='ocrx_word' id='word_1_267' title='bbox 694 1951 930 2008; x_wconf 87' lang='lat' dir='ltr'><strong>insidias</strong></span> <span class='ocrx_word' id='word_1_268' title='bbox 957 1952 1006 2008; x_wconf 93' lang='lat' dir='ltr'><strong>ei</strong></span> <span class='ocrx_word' id='word_1_269' title='bbox 1040 1965 1260 2022; x_wconf 89' lang='lat' dir='ltr'><strong>ponere,</strong></span> <span class='ocrx_word' id='word_1_270' title='bbox 1296 1954 1390 2021; x_wconf 91' lang='lat' dir='ltr'><strong>qui</strong></span> <span class='ocrx_word' id='word_1_271' title='bbox 1421 1951 1539 2020; x_wconf 88' lang='lat' dir='ltr'><strong>ejus</strong></span> <span class='ocrx_word' id='word_1_272' title='bbox 1560 1953 1860 2022; x_wconf 79' lang='lat' dir='ltr'><strong>participes</strong></span> <span class='ocrx_word' id='word_1_273' title='bbox 1890 1961 2038 2007; x_wconf 88' lang='lat' dir='ltr'><strong>sunt.</strong></span> 
     </span>
    </p>
   </div>
   <div class='ocr_carea' id='block_1_38' title="bbox 467 2043 2037 2114">
    <p class='ocr_par' dir='ltr' id='par_1_38' title="bbox 467 2043 2037 2114">
     <span class='ocr_line' id='line_1_38' title="bbox 467 2043 2037 2114; baseline -0.001 -15"><span class='ocrx_word' id='word_1_274' title='bbox 467 2045 752 2111; x_wconf 81' lang='lat' dir='ltr'><strong>Quomodo</strong></span> <span class='ocrx_word' id='word_1_275' title='bbox 798 2052 978 2101; x_wconf 82' lang='lat' dir='ltr'><strong>autem</strong></span> <span class='ocrx_word' id='word_1_276' title='bbox 1008 2059 1196 2098; x_wconf 91' lang='lat' dir='ltr'><strong>omnes</strong></span> <span class='ocrx_word' id='word_1_277' title='bbox 1238 2043 1400 2099; x_wconf 87' lang='lat' dir='ltr'><strong>simul</strong></span> <span class='ocrx_word' id='word_1_278' title='bbox 1441 2045 1494 2097; x_wconf 88' lang='lat' dir='ltr'><strong>in</strong></span> <span class='ocrx_word' id='word_1_279' title='bbox 1534 2043 1780 2097; x_wconf 80' lang='lat' dir='ltr'><strong>militiam</strong></span> <span class='ocrx_word' id='word_1_280' title='bbox 1812 2044 2037 2114; x_wconf 79' lang='lat' dir='ltr'><strong>profecti</strong></span> 
     </span>
    </p>
   </div>
   <div class='ocr_carea' id='block_1_39' title="bbox 466 2131 2038 2205">
    <p class='ocr_par' dir='ltr' id='par_1_39' title="bbox 466 2131 2038 2205">
     <span class='ocr_line' id='line_1_39' title="bbox 466 2131 2038 2205; baseline -0.003 -15"><span class='ocrx_word' id='word_1_281' title='bbox 466 2143 617 2198; x_wconf 84' lang='lat' dir='ltr'><strong>sunt,</strong></span> <span class='ocrx_word' id='word_1_282' title='bbox 659 2134 752 2204; x_wconf 90' lang='lat' dir='ltr'><strong>qui</strong></span> <span class='ocrx_word' id='word_1_283' title='bbox 795 2149 906 2188; x_wconf 92' lang='lat' dir='ltr'><strong>non</strong></span> <span class='ocrx_word' id='word_1_284' title='bbox 936 2141 1330 2205; x_wconf 80' lang='lat' dir='ltr'><strong>cognoverant,</strong></span> <span class='ocrx_word' id='word_1_285' title='bbox 1379 2133 1504 2203; x_wconf 91' lang='lat' dir='ltr'><strong>quis</strong></span> <span class='ocrx_word' id='word_1_286' title='bbox 1541 2133 1820 2188; x_wconf 88' lang='lat' dir='ltr'><strong>resisteret</strong></span> <span class='ocrx_word' id='word_1_287' title='bbox 1848 2141 1902 2186; x_wconf 86' lang='lat' dir='ltr'><strong>et</strong></span> <span class='ocrx_word' id='word_1_288' title='bbox 1939 2131 2038 2186; x_wconf 92' lang='lat' dir='ltr'><strong>ad-</strong></span> 
     </span>
    </p>
   </div>
   <div class='ocr_carea' id='block_1_40' title="bbox 465 2224 2041 2290">
    <p class='ocr_par' dir='ltr' id='par_1_40' title="bbox 465 2224 2041 2290">
     <span class='ocr_line' id='line_1_40' title="bbox 465 2224 2041 2290; baseline -0.001 -11"><span class='ocrx_word' id='word_1_289' title='bbox 465 2227 817 2284; x_wconf 78' lang='lat' dir='ltr'><strong>versaretur?</strong></span> <span class='ocrx_word' id='word_1_290' title='bbox 846 2225 940 2280; x_wconf 92' lang='lat' dir='ltr'><strong>Sic</strong></span> <span class='ocrx_word' id='word_1_291' title='bbox 967 2226 1116 2280; x_wconf 90' lang='lat' dir='ltr'><strong>enim</strong></span> <span class='ocrx_word' id='word_1_292' title='bbox 1143 2234 1226 2281; x_wconf 87' lang='lat' dir='ltr'><strong>est</strong></span> <span class='ocrx_word' id='word_1_293' title='bbox 1269 2226 1323 2280; x_wconf 86' lang='lat' dir='ltr'><strong>in</strong></span> <span class='ocrx_word' id='word_1_294' title='bbox 1354 2225 1519 2290; x_wconf 85' lang='lat' dir='ltr'><strong>libro,</strong></span> <span class='ocrx_word' id='word_1_295' title='bbox 1549 2226 1696 2280; x_wconf 85' lang='lat' dir='ltr'><strong>unde</strong></span> <span class='ocrx_word' id='word_1_296' title='bbox 1721 2226 1831 2280; x_wconf 85' lang='lat' dir='ltr'><strong>ista</strong></span> <span class='ocrx_word' id='word_1_297' title='bbox 1870 2224 2041 2279; x_wconf 83' lang='lat' dir='ltr'><strong>Mani-</strong></span> 
     </span>
    </p>
   </div>
   <div class='ocr_carea' id='block_1_41' title="bbox 466 2317 2041 2389">
    <p class='ocr_par' dir='ltr' id='par_1_41' title="bbox 466 2317 2041 2389">
     <span class='ocr_line' id='line_1_41' title="bbox 466 2317 2041 2389; baseline -0.003 -15"><span class='ocrx_word' id='word_1_298' title='bbox 466 2319 601 2374; x_wconf 62' lang='lat' dir='ltr'><strong>chaei</strong></span> <span class='ocrx_word' id='word_1_299' title='bbox 627 2319 1002 2389; x_wconf 88' lang='lat' dir='ltr'><strong>apposuimus,</strong></span> <span class='ocrx_word' id='word_1_300' title='bbox 1031 2317 1178 2389; x_wconf 90' lang='lat' dir='ltr'><strong>quod</strong></span> <span class='ocrx_word' id='word_1_301' title='bbox 1210 2333 1387 2388; x_wconf 86' lang='lat' dir='ltr'><strong>neque</strong></span> <span class='ocrx_word' id='word_1_302' title='bbox 1417 2317 1585 2372; x_wconf 91' lang='lat' dir='ltr'><strong>Deum</strong></span> <span class='ocrx_word' id='word_1_303' title='bbox 1626 2319 1680 2372; x_wconf 91' lang='lat' dir='ltr'><strong>in</strong></span> <span class='ocrx_word' id='word_1_304' title='bbox 1712 2317 1916 2372; x_wconf 89' lang='lat' dir='ltr'><strong>lumine</strong></span> <span class='ocrx_word' id='word_1_305' title='bbox 1944 2317 2041 2370; x_wconf 89' lang='lat' dir='ltr'><strong>ha-</strong></span> 
     </span>
    </p>
   </div>
   <div class='ocr_carea' id='block_1_42' title="bbox 467 2409 2040 2481">
    <p class='ocr_par' dir='ltr' id='par_1_42' title="bbox 467 2409 2040 2481">
     <span class='ocr_line' id='line_1_42' title="bbox 467 2409 2040 2481; baseline -0.001 -15"><span class='ocrx_word' id='word_1_306' title='bbox 467 2413 642 2467; x_wconf 84' lang='lat' dir='ltr'><strong>bitare</strong></span> <span class='ocrx_word' id='word_1_307' title='bbox 685 2413 954 2474; x_wconf 83' lang='lat' dir='ltr'><strong>sciebant,</strong></span> <span class='ocrx_word' id='word_1_308' title='bbox 993 2426 1170 2481; x_wconf 89' lang='lat' dir='ltr'><strong>neque</strong></span> <span class='ocrx_word' id='word_1_309' title='bbox 1198 2425 1257 2466; x_wconf 90' lang='lat' dir='ltr'><strong>se</strong></span> <span class='ocrx_word' id='word_1_310' title='bbox 1290 2425 1532 2480; x_wconf 89' lang='lat' dir='ltr'><strong>unquam</strong></span> <span class='ocrx_word' id='word_1_311' title='bbox 1564 2409 1786 2478; x_wconf 82' lang='lat' dir='ltr'><strong>impune</strong></span> <span class='ocrx_word' id='word_1_312' title='bbox 1807 2410 2040 2474; x_wconf 88' lang='lat' dir='ltr'><strong>laturos,</strong></span> 
     </span>
    </p>
   </div>
   <div class='ocr_carea' id='block_1_43' title="bbox 468 2502 1697 2560">
    <p class='ocr_par' dir='ltr' id='par_1_43' title="bbox 468 2502 1697 2560">
     <span class='ocr_line' id='line_1_43' title="bbox 468 2502 1697 2560; baseline -0.002 -2"><span class='ocrx_word' id='word_1_313' title='bbox 468 2507 512 2558; x_wconf 95' lang='lat' dir='ltr'><strong>si</strong></span> <span class='ocrx_word' id='word_1_314' title='bbox 545 2506 600 2559; x_wconf 93' lang='lat' dir='ltr'><strong>in</strong></span> <span class='ocrx_word' id='word_1_315' title='bbox 635 2503 728 2560; x_wconf 90' lang='lat' dir='ltr'><strong>Dei</strong></span> <span class='ocrx_word' id='word_1_316' title='bbox 755 2503 1094 2559; x_wconf 87' lang='lat' dir='ltr'><strong>domicilium</strong></span> <span class='ocrx_word' id='word_1_317' title='bbox 1120 2502 1380 2558; x_wconf 84' lang='lat' dir='ltr'><strong>invadere</strong></span> <span class='ocrx_word' id='word_1_318' title='bbox 1407 2502 1697 2558; x_wconf 85' lang='lat' dir='ltr'><strong>auderent.</strong></span> 
     </span>
    </p>
   </div>
   <div class='ocr_carea' id='block_1_44' title="bbox 2159 1868 3729 1947">
    <p class='ocr_par' dir='ltr' id='par_1_44' title="bbox 2159 1868 3729 1947">
     <span class='ocr_line' id='line_1_44' title="bbox 2159 1868 3729 1947; baseline 0.009 -41"><span class='ocrx_word' id='word_1_319' title='bbox 2159 1868 2632 1941; x_wconf 78' lang='grc' dir='ltr'>Ἐπεστράτευσαν</span> <span class='ocrx_word' id='word_1_320' title='bbox 2661 1871 2718 1924; x_wconf 87' lang='grc' dir='ltr'><strong>δέ</strong></span> <span class='ocrx_word' id='word_1_321' title='bbox 2766 1873 2900 1944; x_wconf 87' lang='grc' dir='ltr'>ὁμοῦ</span> <span class='ocrx_word' id='word_1_322' title='bbox 2941 1874 3143 1938; x_wconf 82' lang='grc' dir='ltr'>πάντες</span> <span class='ocrx_word' id='word_1_323' title='bbox 3187 1876 3306 1928; x_wconf 85' lang='grc' dir='ltr'>τίνα</span> <span class='ocrx_word' id='word_1_324' title='bbox 3356 1875 3569 1947; x_wconf 77' lang='grc' dir='ltr'>τρόπον</span> <span class='ocrx_word' id='word_1_325' title='bbox 3594 1916 3612 1941; x_wconf 80' lang='lat'><strong>,</strong></span> <span class='ocrx_word' id='word_1_326' title='bbox 3661 1878 3729 1945; x_wconf 53' lang='grc' dir='ltr'>μὴ</span> 
     </span>
    </p>
   </div>
   <div class='ocr_carea' id='block_1_45' title="bbox 2144 1962 3726 2040">
    <p class='ocr_par' dir='ltr' id='par_1_45' title="bbox 2144 1962 3726 2040">
     <span class='ocr_line' id='line_1_45' title="bbox 2144 1962 3726 2040; baseline 0.004 -27"><span class='ocrx_word' id='word_1_327' title='bbox 2144 1962 2345 2024; x_wconf 73' lang='grc' dir='ltr'>εἰδότες</span> <span class='ocrx_word' id='word_1_328' title='bbox 2366 1962 2457 2014; x_wconf 85' lang='grc' dir='ltr'><strong>τὸν</strong></span> <span class='ocrx_word' id='word_1_329' title='bbox 2481 1963 2870 2034; x_wconf 84' lang='grc' dir='ltr'>ἀνθιστάμενον</span> <span class='ocrx_word' id='word_1_330' title='bbox 2891 1984 2906 2032; x_wconf 89' lang='grc'><strong>;</strong></span> <span class='ocrx_word' id='word_1_331' title='bbox 2935 1969 3071 2038; x_wconf 80' lang='grc' dir='ltr'>Φησὶ</span> <span class='ocrx_word' id='word_1_332' title='bbox 3093 1968 3201 2039; x_wconf 84' lang='grc' dir='ltr'>γὰρ</span> <span class='ocrx_word' id='word_1_333' title='bbox 3226 1968 3353 2022; x_wconf 72' lang='grc' dir='ltr'>αὐτὸ</span> <span class='ocrx_word' id='word_1_334' title='bbox 3378 1969 3444 2022; x_wconf 80' lang='grc' dir='ltr'><strong>τὸ</strong></span> <span class='ocrx_word' id='word_1_335' title='bbox 3465 1971 3726 2040; x_wconf 73' lang='grc' dir='ltr'>γράμμα,</span> 
     </span>
    </p>
   </div>
   <div class='ocr_carea' id='block_1_46' title="bbox 2139 2046 3728 2130">
    <p class='ocr_par' dir='ltr' id='par_1_46' title="bbox 2139 2046 3728 2130">
     <span class='ocr_line' id='line_1_46' title="bbox 2139 2046 3728 2130; baseline 0.005 -26"><span class='ocrx_word' id='word_1_336' title='bbox 2139 2052 2235 2120; x_wconf 83' lang='grc' dir='ltr'><strong>ἀφ’</strong></span> <span class='ocrx_word' id='word_1_337' title='bbox 2267 2046 2328 2106; x_wconf 78' lang='grc' dir='ltr'><strong>οὗ</strong></span> <span class='ocrx_word' id='word_1_338' title='bbox 2354 2051 2422 2105; x_wconf 87' lang='grc' dir='ltr'>τὰ</span> <span class='ocrx_word' id='word_1_339' title='bbox 2450 2053 2602 2124; x_wconf 87' lang='grc' dir='ltr'><strong>παρά</strong></span> <span class='ocrx_word' id='word_1_340' title='bbox 2638 2056 2730 2108; x_wconf 89' lang='grc' dir='ltr'><strong>τοῦ</strong></span> <span class='ocrx_word' id='word_1_341' title='bbox 2749 2057 3024 2122; x_wconf 85' lang='grc' dir='ltr'>Μάνεντος</span> <span class='ocrx_word' id='word_1_342' title='bbox 3054 2059 3470 2130; x_wconf 79' lang='grc' dir='ltr'>παρεθήκαμεν,</span> <span class='ocrx_word' id='word_1_343' title='bbox 3504 2061 3589 2123; x_wconf 81' lang='grc' dir='ltr'>ὡς</span> <span class='ocrx_word' id='word_1_344' title='bbox 3624 2061 3728 2112; x_wconf 51' lang='lat' dir='ltr'><strong>ob?</strong></span> 
     </span>
    </p>
   </div>
   <div class='ocr_carea' id='block_1_47' title="bbox 2136 2146 3728 2224">
    <p class='ocr_par' dir='ltr' id='par_1_47' title="bbox 2136 2146 3728 2224">
     <span class='ocr_line' id='line_1_47' title="bbox 2136 2146 3728 2224; baseline 0.004 -24"><span class='ocrx_word' id='word_1_345' title='bbox 2136 2146 2364 2210; x_wconf 74' lang='grc' dir='ltr'>ὅτιθεὸς</span> <span class='ocrx_word' id='word_1_346' title='bbox 2389 2149 2446 2201; x_wconf 90' lang='grc' dir='ltr'><strong>ἐν</strong></span> <span class='ocrx_word' id='word_1_347' title='bbox 2473 2149 2613 2216; x_wconf 74' lang='grc' dir='ltr'>φωτὶ</span> <span class='ocrx_word' id='word_1_348' title='bbox 2641 2149 2860 2221; x_wconf 83' lang='grc' dir='ltr'>διῃτᾶτο</span> <span class='ocrx_word' id='word_1_349' title='bbox 2896 2155 3211 2220; x_wconf 80' lang='grc' dir='ltr'>ἐγίνωσκον,</span> <span class='ocrx_word' id='word_1_350' title='bbox 3243 2153 3351 2206; x_wconf 82' lang='grc' dir='ltr'>οὐδ’</span> <span class='ocrx_word' id='word_1_351' title='bbox 3379 2155 3492 2216; x_wconf 78' lang='grc' dir='ltr'>ὅτι,</span> <span class='ocrx_word' id='word_1_352' title='bbox 3527 2155 3728 2224; x_wconf 74' lang='grc' dir='ltr'>τολμή-</span> 
     </span>
    </p>
   </div>
   <div class='ocr_carea' id='block_1_48' title="bbox 2139 2237 3725 2316">
    <p class='ocr_par' dir='ltr' id='par_1_48' title="bbox 2139 2237 3725 2316">
     <span class='ocr_line' id='line_1_48' title="bbox 2139 2237 3725 2316; baseline 0.004 -25"><span class='ocrx_word' id='word_1_353' title='bbox 2139 2257 2330 2303; x_wconf 85' lang='grc' dir='ltr'>σαντες</span> <span class='ocrx_word' id='word_1_354' title='bbox 2355 2237 2495 2292; x_wconf 88' lang='grc' dir='ltr'><strong>κατά</strong></span> <span class='ocrx_word' id='word_1_355' title='bbox 2525 2239 2618 2293; x_wconf 85' lang='grc' dir='ltr'><strong>τοῦ</strong></span> <span class='ocrx_word' id='word_1_356' title='bbox 2659 2244 2974 2314; x_wconf 74' lang='grc' dir='ltr'>οἰκητηρίοι.</span> <span class='ocrx_word' id='word_1_357' title='bbox 3016 2245 3110 2298; x_wconf 92' lang='grc' dir='ltr'><strong>τοῦ</strong></span> <span class='ocrx_word' id='word_1_358' title='bbox 3138 2243 3272 2298; x_wconf 80' lang='grc' dir='ltr'>Θεοῦ</span> <span class='ocrx_word' id='word_1_359' title='bbox 3293 2284 3308 2309; x_wconf 92' lang='grc'><strong>,</strong></span> <span class='ocrx_word' id='word_1_360' title='bbox 3343 2246 3452 2298; x_wconf 75' lang='grc' dir='ltr'><strong>οὐκ</strong></span> <span class='ocrx_word' id='word_1_361' title='bbox 3500 2245 3725 2316; x_wconf 66' lang='grc' dir='ltr'>ἔμελλον</span> 
     </span>
    </p>
   </div>
   <div class='ocr_carea' id='block_1_49' title="bbox 2119 2334 2884 2407">
    <p class='ocr_par' dir='ltr' id='par_1_49' title="bbox 2119 2334 2884 2407">
     <span class='ocr_line' id='line_1_49' title="bbox 2119 2334 2884 2407; baseline 0.003 -19"><span class='ocrx_word' id='word_1_362' title='bbox 2119 2334 2307 2389; x_wconf 85' lang='grc' dir='ltr'>’ἀθῶοί</span> <span class='ocrx_word' id='word_1_363' title='bbox 2334 2353 2464 2390; x_wconf 87' lang='grc' dir='ltr'>ποτε</span> <span class='ocrx_word' id='word_1_364' title='bbox 2487 2335 2884 2407; x_wconf 69' lang='grc' dir='ltr'>ἀπαλλαγῆναι,</span> 
     </span>
    </p>
   </div>
   <div class='ocr_carea' id='block_1_50' title="bbox 1381 2612 2804 2685">
    <p class='ocr_par' dir='ltr' id='par_1_50' title="bbox 1381 2612 2804 2685">
     <span class='ocr_line' id='line_1_50' title="bbox 1381 2612 2804 2685; baseline -0.001 -15"><span class='ocrx_word' id='word_1_365' title='bbox 1381 2613 1514 2670; x_wconf 72' lang='lat' dir='ltr'><strong>CAP.</strong></span> <span class='ocrx_word' id='word_1_366' title='bbox 1555 2613 1740 2668; x_wconf 82' lang='lat' dir='ltr'><strong>XVIII.</strong></span> <span class='ocrx_word' id='word_1_367' title='bbox 1777 2613 2093 2685; x_wconf 79' lang='lat' dir='ltr'><strong>Ignorantia</strong></span> <span class='ocrx_word' id='word_1_368' title='bbox 2119 2612 2460 2668; x_wconf 69' lang='lat' dir='ltr'><strong>Manichaica</strong></span> <span class='ocrx_word' id='word_1_369' title='bbox 2483 2613 2804 2684; x_wconf 71' lang='lat' dir='ltr'><strong>exagitatur.</strong></span> 
     </span>
    </p>
   </div>
   <div class='ocr_carea' id='block_1_51' title="bbox 540 2731 2034 2805">
    <p class='ocr_par' dir='ltr' id='par_1_51' title="bbox 540 2731 2034 2805">
     <span class='ocr_line' id='line_1_51' title="bbox 540 2731 2034 2805; baseline -0.001 -16"><span class='ocrx_word' id='word_1_370' title='bbox 540 2733 598 2789; x_wconf 91' lang='lat' dir='ltr'><strong>Si</strong></span> <span class='ocrx_word' id='word_1_371' title='bbox 625 2733 792 2805; x_wconf 86' lang='lat' dir='ltr'><strong>igitur</strong></span> <span class='ocrx_word' id='word_1_372' title='bbox 821 2748 928 2787; x_wconf 90' lang='lat' dir='ltr'><strong>non</strong></span> <span class='ocrx_word' id='word_1_373' title='bbox 965 2739 1343 2803; x_wconf 69' lang='lat' dir='ltr'><strong>“cogn0verunt</strong></span> <span class='ocrx_word' id='word_1_374' title='bbox 1397 2731 1731 2786; x_wconf 86' lang='lat' dir='ltr'><strong>contrarium</strong></span> <span class='ocrx_word' id='word_1_375' title='bbox 1765 2731 1909 2802; x_wconf 94' lang='lat' dir='ltr'><strong>quod</strong></span> <span class='ocrx_word' id='word_1_376' title='bbox 1937 2731 2034 2787; x_wconf 82' lang='lat' dir='ltr'><strong>ob-</strong></span> 
     </span>
    </p>
   </div>
   <div class='ocr_carea' id='block_1_52' title="bbox 457 2824 2036 2895">
    <p class='ocr_par' dir='ltr' id='par_1_52' title="bbox 457 2824 2036 2895">
     <span class='ocr_line' id='line_1_52' title="bbox 457 2824 2036 2895; baseline -0.002 -13"><span class='ocrx_word' id='word_1_377' title='bbox 457 2827 646 2882; x_wconf 75' lang='lat' dir='ltr'><strong>stabat</strong></span> <span class='ocrx_word' id='word_1_378' title='bbox 685 2826 786 2893; x_wconf 92' lang='lat' dir='ltr'><strong>eis,</strong></span> <span class='ocrx_word' id='word_1_379' title='bbox 828 2824 1066 2880; x_wconf 90' lang='lat' dir='ltr'><strong>alienum</strong></span> <span class='ocrx_word' id='word_1_380' title='bbox 1115 2830 1199 2879; x_wconf 90' lang='lat' dir='ltr'><strong>est</strong></span> <span class='ocrx_word' id='word_1_381' title='bbox 1239 2836 1467 2895; x_wconf 82' lang='lat' dir='ltr'><strong>prorsus</strong></span> <span class='ocrx_word' id='word_1_382' title='bbox 1495 2837 1525 2876; x_wconf 90' lang='lat' dir='ltr'><strong>a</strong></span> <span class='ocrx_word' id='word_1_383' title='bbox 1561 2824 1775 2876; x_wconf 89' lang='lat' dir='ltr'><strong>ratione</strong></span> <span class='ocrx_word' id='word_1_384' title='bbox 1803 2824 2036 2880; x_wconf 91' lang='lat' dir='ltr'><strong>educere</strong></span> 
     </span>
    </p>
   </div>
   <div class='ocr_carea' id='block_1_53' title="bbox 457 2913 2036 2986">
    <p class='ocr_par' dir='ltr' id='par_1_53' title="bbox 457 2913 2036 2986">
     <span class='ocr_line' id='line_1_53' title="bbox 457 2913 2036 2986; baseline -0.001 -14"><span class='ocrx_word' id='word_1_385' title='bbox 457 2918 770 2973; x_wconf 77' lang='lat' dir='ltr'><strong>exercitum</strong></span> <span class='ocrx_word' id='word_1_386' title='bbox 819 2924 1012 2972; x_wconf 89' lang='lat' dir='ltr'><strong>contra</strong></span> <span class='ocrx_word' id='word_1_387' title='bbox 1048 2929 1144 2971; x_wconf 86' lang='lat' dir='ltr'><strong>eos</strong></span> <span class='ocrx_word' id='word_1_388' title='bbox 1202 2929 1236 2969; x_wconf 87' lang='lat' dir='ltr'><strong>a</strong></span> <span class='ocrx_word' id='word_1_389' title='bbox 1276 2913 1478 2986; x_wconf 88' lang='lat' dir='ltr'><strong>quibus</strong></span> <span class='ocrx_word' id='word_1_390' title='bbox 1506 2930 1567 2970; x_wconf 90' lang='lat' dir='ltr'><strong>se</strong></span> <span class='ocrx_word' id='word_1_391' title='bbox 1605 2915 1795 2986; x_wconf 91' lang='lat' dir='ltr'><strong>repelli</strong></span> <span class='ocrx_word' id='word_1_392' title='bbox 1824 2916 2036 2972; x_wconf 88' lang='lat' dir='ltr'><strong>nescie-</strong></span> 
     </span>
    </p>
   </div>
   <div class='ocr_carea' id='block_1_54' title="bbox 463 3007 2036 3080">
    <p class='ocr_par' dir='ltr' id='par_1_54' title="bbox 463 3007 2036 3080">
     <span class='ocr_line' id='line_1_54' title="bbox 463 3007 2036 3080; baseline 0.001 -16"><span class='ocrx_word' id='word_1_393' title='bbox 463 3010 629 3064; x_wconf 83' lang='lat' dir='ltr'><strong>bant:</strong></span> <span class='ocrx_word' id='word_1_394' title='bbox 654 3019 754 3080; x_wconf 88' lang='lat' dir='ltr'><strong>par</strong></span> <span class='ocrx_word' id='word_1_395' title='bbox 772 3009 920 3064; x_wconf 85' lang='lat' dir='ltr'><strong>enim</strong></span> <span class='ocrx_word' id='word_1_396' title='bbox 951 3017 1070 3065; x_wconf 81' lang='lat' dir='ltr'><strong>erat.</strong></span> <span class='ocrx_word' id='word_1_397' title='bbox 1093 3007 1296 3063; x_wconf 87' lang='lat' dir='ltr'><strong>armari</strong></span> <span class='ocrx_word' id='word_1_398' title='bbox 1321 3023 1438 3074; x_wconf 90' lang='lat' dir='ltr'><strong>eos,</strong></span> <span class='ocrx_word' id='word_1_399' title='bbox 1473 3016 1531 3063; x_wconf 90' lang='lat' dir='ltr'><strong>ut</strong></span> <span class='ocrx_word' id='word_1_400' title='bbox 1567 3007 1723 3063; x_wconf 88' lang='lat' dir='ltr'><strong>aiunt</strong></span> <span class='ocrx_word' id='word_1_401' title='bbox 1750 3009 1877 3080; x_wconf 87' lang='lat' dir='ltr'><strong>ipsi,</strong></span> <span class='ocrx_word' id='word_1_402' title='bbox 1910 3008 2036 3078; x_wconf 90' lang='lat' dir='ltr'><strong>igne</strong></span> 
     </span>
    </p>
   </div>
   <div class='ocr_carea' id='block_1_55' title="bbox 456 3098 2035 3172">
    <p class='ocr_par' dir='ltr' id='par_1_55' title="bbox 456 3098 2035 3172">
     <span class='ocr_line' id='line_1_55' title="bbox 456 3098 2035 3172; baseline 0.001 -19"><span class='ocrx_word' id='word_1_403' title='bbox 456 3108 519 3153; x_wconf 85' lang='lat' dir='ltr'><strong>&#39;et</strong></span> <span class='ocrx_word' id='word_1_404' title='bbox 567 3100 830 3172; x_wconf 76' lang='lat' dir='ltr'><strong>tenebris,</strong></span> <span class='ocrx_word' id='word_1_405' title='bbox 882 3100 931 3155; x_wconf 91' lang='lat' dir='ltr'><strong>si</strong></span> <span class='ocrx_word' id='word_1_406' title='bbox 978 3098 1358 3171; x_wconf 65' lang='lat' dir='ltr'><strong>praevidissent</strong></span> <span class='ocrx_word' id='word_1_407' title='bbox 1388 3115 1447 3156; x_wconf 89' lang='lat' dir='ltr'><strong>se</strong></span> <span class='ocrx_word' id='word_1_408' title='bbox 1477 3099 1545 3154; x_wconf 90' lang='lat' dir='ltr'><strong>ab</strong></span> <span class='ocrx_word' id='word_1_409' title='bbox 1599 3099 1793 3156; x_wconf 85' lang='lat' dir='ltr'><strong>alienis</strong></span> <span class='ocrx_word' id='word_1_410' title='bbox 1839 3101 2035 3155; x_wconf 84' lang='lat' dir='ltr'><strong>arceri.</strong></span> 
     </span>
    </p>
   </div>
   <div class='ocr_carea' id='block_1_56' title="bbox 467 3189 2038 3260">
    <p class='ocr_par' dir='ltr' id='par_1_56' title="bbox 467 3189 2038 3260">
     <span class='ocr_line' id='line_1_56' title="bbox 467 3189 2038 3260; baseline 0 -16"><span class='ocrx_word' id='word_1_411' title='bbox 467 3189 576 3245; x_wconf 83' lang='lat' dir='ltr'><strong>Sed</strong></span> <span class='ocrx_word' id='word_1_412' title='bbox 623 3190 752 3260; x_wconf 89' lang='lat' dir='ltr'><strong>quia</strong></span> <span class='ocrx_word' id='word_1_413' title='bbox 789 3191 1013 3246; x_wconf 92' lang='lat' dir='ltr'><strong>omnino</strong></span> <span class='ocrx_word' id='word_1_414' title='bbox 1055 3189 1399 3260; x_wconf 70' lang='lat' dir='ltr'><strong>ignorabant,</strong></span> <span class='ocrx_word' id='word_1_415' title='bbox 1457 3203 1566 3244; x_wconf 83' lang='lat' dir='ltr'><strong>non</strong></span> <span class='ocrx_word' id='word_1_416' title='bbox 1597 3190 1772 3246; x_wconf 90' lang='lat' dir='ltr'><strong>solum</strong></span> <span class='ocrx_word' id='word_1_417' title='bbox 1803 3206 1912 3246; x_wconf 92' lang='lat' dir='ltr'><strong>non</strong></span> <span class='ocrx_word' id='word_1_418' title='bbox 1954 3199 2038 3248; x_wconf 90' lang='lat' dir='ltr'><strong>est</strong></span> 
     </span>
    </p>
   </div>
   <div class='ocr_carea' id='block_1_57' title="bbox 457 3279 2038 3351">
    <p class='ocr_par' dir='ltr' id='par_1_57' title="bbox 457 3279 2038 3351">
     <span class='ocr_line' id='line_1_57' title="bbox 457 3279 2038 3351; baseline 0.001 -16"><span class='ocrx_word' id='word_1_419' title='bbox 457 3279 747 3346; x_wconf 83' lang='lat' dir='ltr'><strong>credibile,</strong></span> <span class='ocrx_word' id='word_1_420' title='bbox 780 3280 875 3335; x_wconf 88' lang='lat' dir='ltr'><strong>sed</strong></span> <span class='ocrx_word' id='word_1_421' title='bbox 908 3281 1071 3351; x_wconf 90' lang='lat' dir='ltr'><strong>plane</strong></span> <span class='ocrx_word' id='word_1_422' title='bbox 1104 3280 1204 3336; x_wconf 91' lang='lat' dir='ltr'><strong>sibi</strong></span> <span class='ocrx_word' id='word_1_423' title='bbox 1250 3295 1580 3351; x_wconf 78' lang='lat' dir='ltr'><strong>repugnans,</strong></span> <span class='ocrx_word' id='word_1_424' title='bbox 1617 3293 1949 3336; x_wconf 81' lang='lat' dir='ltr'><strong>armaturam</strong></span> <span class='ocrx_word' id='word_1_425' title='bbox 1983 3290 2038 3338; x_wconf 86' lang='lat' dir='ltr'><strong>et</strong></span> 
     </span>
    </p>
   </div>
   <div class='ocr_carea' id='block_1_58' title="bbox 461 3373 2039 3446">
    <p class='ocr_par' dir='ltr' id='par_1_58' title="bbox 461 3373 2039 3446">
     <span class='ocr_line' id='line_1_58' title="bbox 461 3373 2039 3446; baseline 0.001 -17"><span class='ocrx_word' id='word_1_426' title='bbox 461 3375 761 3430; x_wconf 82' lang='lat' dir='ltr'><strong>exercitum</strong></span> <span class='ocrx_word' id='word_1_427' title='bbox 805 3375 1138 3440; x_wconf 88' lang='lat' dir='ltr'><strong>describere,</strong></span> <span class='ocrx_word' id='word_1_428' title='bbox 1190 3390 1315 3429; x_wconf 90' lang='lat' dir='ltr'><strong>cum</strong></span> <span class='ocrx_word' id='word_1_429' title='bbox 1357 3375 1540 3430; x_wconf 89' lang='lat' dir='ltr'><strong>nullus</strong></span> <span class='ocrx_word' id='word_1_430' title='bbox 1582 3373 1799 3443; x_wconf 90' lang='lat' dir='ltr'><strong>penitus</strong></span> <span class='ocrx_word' id='word_1_431' title='bbox 1847 3390 2039 3446; x_wconf 85' lang='lat' dir='ltr'><strong>exspe-</strong></span> 
     </span>
    </p>
   </div>
   <div class='ocr_carea' id='block_1_59' title="bbox 465 3464 2036 3523">
    <p class='ocr_par' dir='ltr' id='par_1_59' title="bbox 465 3464 2036 3523">
     <span class='ocr_line' id='line_1_59' title="bbox 465 3464 2036 3523; baseline 0.001 -3"><span class='ocrx_word' id='word_1_432' title='bbox 465 3474 714 3523; x_wconf 89' lang='lat' dir='ltr'><strong>ctaretur</strong></span> <span class='ocrx_word' id='word_1_433' title='bbox 763 3465 831 3521; x_wconf 91' lang='lat' dir='ltr'><strong>ad</strong></span> <span class='ocrx_word' id='word_1_434' title='bbox 896 3465 1264 3522; x_wconf 77' lang='lat' dir='ltr'><strong>resistendum</strong></span> <span class='ocrx_word' id='word_1_435' title='bbox 1332 3464 1642 3521; x_wconf 82' lang='lat' dir='ltr'><strong>adfuturus.</strong></span> <span class='ocrx_word' id='word_1_436' title='bbox 1683 3464 1803 3520; x_wconf 87' lang='lat' dir='ltr'><strong>Non</strong></span> <span class='ocrx_word' id='word_1_437' title='bbox 1855 3467 2036 3522; x_wconf 85' lang='lat' dir='ltr'><strong>minus</strong></span> 
     </span>
    </p>
   </div>
   <div class='ocr_carea' id='block_1_60' title="bbox 452 3555 2037 3626">
    <p class='ocr_par' dir='ltr' id='par_1_60' title="bbox 452 3555 2037 3626">
     <span class='ocr_line' id='line_1_60' title="bbox 452 3555 2037 3626; baseline 0.002 -16"><span class='ocrx_word' id='word_1_438' title='bbox 452 3556 797 3611; x_wconf 87' lang='lat' dir='ltr'><strong>&#39;contrarium</strong></span> <span class='ocrx_word' id='word_1_439' title='bbox 819 3563 906 3611; x_wconf 79' lang='lat' dir='ltr'><strong>est</strong></span> <span class='ocrx_word' id='word_1_440' title='bbox 925 3555 1258 3619; x_wconf 87' lang='lat' dir='ltr'><strong>dicere,tum</strong></span> <span class='ocrx_word' id='word_1_441' title='bbox 1281 3555 1630 3626; x_wconf 86' lang='lat' dir='ltr'><strong>cupiditatem</strong></span> <span class='ocrx_word' id='word_1_442' title='bbox 1666 3556 1889 3613; x_wconf 89' lang='lat' dir='ltr'><strong>luminis</strong></span> <span class='ocrx_word' id='word_1_443' title='bbox 1913 3557 2037 3613; x_wconf 90' lang='lat' dir='ltr'><strong>illos</strong></span> 
     </span>
    </p>
   </div>
   <div class='ocr_carea' id='block_1_61' title="bbox 458 3647 2031 3718">
    <p class='ocr_par' dir='ltr' id='par_1_61' title="bbox 458 3647 2031 3718">
     <span class='ocr_line' id='line_1_61' title="bbox 458 3647 2031 3718; baseline 0.002 -17"><span class='ocrx_word' id='word_1_444' title='bbox 458 3647 743 3713; x_wconf 85' lang='lat' dir='ltr'><strong>habuisse,</strong></span> <span class='ocrx_word' id='word_1_445' title='bbox 773 3658 888 3702; x_wconf 90' lang='lat' dir='ltr'><strong>tum</strong></span> <span class='ocrx_word' id='word_1_446' title='bbox 911 3655 1174 3718; x_wconf 88' lang='lat' dir='ltr'><strong>apparatu</strong></span> <span class='ocrx_word' id='word_1_447' title='bbox 1214 3647 1410 3702; x_wconf 87' lang='lat' dir='ltr'><strong>bellico</strong></span> <span class='ocrx_word' id='word_1_448' title='bbox 1439 3663 1570 3704; x_wconf 90' lang='lat' dir='ltr'><strong>usos</strong></span> <span class='ocrx_word' id='word_1_449' title='bbox 1605 3663 1728 3704; x_wconf 90' lang='lat' dir='ltr'><strong>esse</strong></span> <span class='ocrx_word' id='word_1_450' title='bbox 1751 3648 2031 3704; x_wconf 80' lang='lat' dir='ltr'><strong>conﬁteri:</strong></span> 
     </span>
    </p>
   </div>
   <div class='ocr_carea' id='block_1_62' title="bbox 456 3739 2038 3798">
    <p class='ocr_par' dir='ltr' id='par_1_62' title="bbox 456 3739 2038 3798">
     <span class='ocr_line' id='line_1_62' title="bbox 456 3739 2038 3798; baseline 0.001 -4"><span class='ocrx_word' id='word_1_451' title='bbox 456 3741 629 3795; x_wconf 83' lang='lat' dir='ltr'><strong>armis</strong></span> <span class='ocrx_word' id='word_1_452' title='bbox 673 3740 818 3795; x_wconf 89' lang='lat' dir='ltr'><strong>enim</strong></span> <span class='ocrx_word' id='word_1_453' title='bbox 853 3740 1063 3796; x_wconf 88' lang='lat' dir='ltr'><strong>bellicis</strong></span> <span class='ocrx_word' id='word_1_454' title='bbox 1118 3739 1297 3795; x_wconf 89' lang='lat' dir='ltr'><strong>omnis</strong></span> <span class='ocrx_word' id='word_1_455' title='bbox 1323 3739 1501 3796; x_wconf 86' lang='lat' dir='ltr'><strong>hostis</strong></span> <span class='ocrx_word' id='word_1_456' title='bbox 1535 3751 1725 3795; x_wconf 92' lang='lat' dir='ltr'><strong>contra</strong></span> <span class='ocrx_word' id='word_1_457' title='bbox 1778 3741 2038 3798; x_wconf 87' lang='lat' dir='ltr'><strong>adversa-</strong></span> 
     </span>
    </p>
   </div>
   <div class='ocr_carea' id='block_1_63' title="bbox 459 3832 2036 3906">
    <p class='ocr_par' dir='ltr' id='par_1_63' title="bbox 459 3832 2036 3906">
     <span class='ocr_line' id='line_1_63' title="bbox 459 3832 2036 3906; baseline 0.002 -20"><span class='ocrx_word' id='word_1_458' title='bbox 459 3833 603 3887; x_wconf 80' lang='lat' dir='ltr'><strong>rium</strong></span> <span class='ocrx_word' id='word_1_459' title='bbox 647 3847 708 3887; x_wconf 90' lang='lat' dir='ltr'><strong>se</strong></span> <span class='ocrx_word' id='word_1_460' title='bbox 741 3832 875 3902; x_wconf 83' lang='lat' dir='ltr'><strong>tegit</strong></span> <span class='ocrx_word' id='word_1_461' title='bbox 915 3840 968 3888; x_wconf 92' lang='lat' dir='ltr'><strong>et</strong></span> <span class='ocrx_word' id='word_1_462' title='bbox 1001 3833 1203 3898; x_wconf 88' lang='lat' dir='ltr'><strong>munit;</strong></span> <span class='ocrx_word' id='word_1_463' title='bbox 1232 3848 1340 3887; x_wconf 90' lang='lat' dir='ltr'><strong>non</strong></span> <span class='ocrx_word' id='word_1_464' title='bbox 1377 3843 1565 3888; x_wconf 84' lang='lat' dir='ltr'><strong>contra</strong></span> <span class='ocrx_word' id='word_1_465' title='bbox 1595 3833 1671 3897; x_wconf 84' lang='lat' dir='ltr'><strong>id,</strong></span> <span class='ocrx_word' id='word_1_466' title='bbox 1707 3834 1854 3904; x_wconf 89' lang='lat' dir='ltr'><strong>quod</strong></span> <span class='ocrx_word' id='word_1_467' title='bbox 1887 3835 2036 3906; x_wconf 88' lang='lat' dir='ltr'><strong>cupit</strong></span> 
     </span>
    </p>
   </div>
   <div class='ocr_carea' id='block_1_64' title="bbox 455 3923 2036 3994">
    <p class='ocr_par' dir='ltr' id='par_1_64' title="bbox 455 3923 2036 3994">
     <span class='ocr_line' id='line_1_64' title="bbox 455 3923 2036 3994; baseline 0.001 -16"><span class='ocrx_word' id='word_1_468' title='bbox 455 3937 580 3980; x_wconf 84' lang='lat' dir='ltr'><strong>esse</strong></span> <span class='ocrx_word' id='word_1_469' title='bbox 608 3925 889 3994; x_wconf 67' lang='lat' dir='ltr'><strong>praemium</strong></span> <span class='ocrx_word' id='word_1_470' title='bbox 931 3925 1267 3980; x_wconf 88' lang='lat' dir='ltr'><strong>certaminis.</strong></span> <span class='ocrx_word' id='word_1_471' title='bbox 1303 3923 1361 3978; x_wconf 93' lang='lat' dir='ltr'><strong>Si</strong></span> <span class='ocrx_word' id='word_1_472' title='bbox 1396 3939 1525 3994; x_wconf 87' lang='lat' dir='ltr'><strong>ergo</strong></span> <span class='ocrx_word' id='word_1_473' title='bbox 1555 3939 1664 3980; x_wconf 89' lang='lat' dir='ltr'><strong>non</strong></span> <span class='ocrx_word' id='word_1_474' title='bbox 1701 3933 1819 3980; x_wconf 88' lang='lat' dir='ltr'><strong>erat</strong></span> <span class='ocrx_word' id='word_1_475' title='bbox 1845 3925 2036 3980; x_wconf 85' lang='lat' dir='ltr'><strong>adver-</strong></span> 
     </span>
    </p>
   </div>
   <div class='ocr_carea' id='block_1_65' title="bbox 454 4016 2034 4089">
    <p class='ocr_par' dir='ltr' id='par_1_65' title="bbox 454 4016 2034 4089">
     <span class='ocr_line' id='line_1_65' title="bbox 454 4016 2034 4089; baseline 0.002 -18"><span class='ocrx_word' id='word_1_476' title='bbox 454 4016 676 4080; x_wconf 79' lang='lat' dir='ltr'><strong>sarius,</strong></span> <span class='ocrx_word' id='word_1_477' title='bbox 729 4026 999 4086; x_wconf 83' lang='lat' dir='ltr'><strong>quatenus</strong></span> <span class='ocrx_word' id='word_1_478' title='bbox 1037 4017 1144 4087; x_wconf 89' lang='lat' dir='ltr'><strong>ipsi</strong></span> <span class='ocrx_word' id='word_1_479' title='bbox 1192 4017 1555 4088; x_wconf 79' lang='lat' dir='ltr'><strong>ignorabant,</strong></span> <span class='ocrx_word' id='word_1_480' title='bbox 1610 4019 1886 4089; x_wconf 87' lang='lat' dir='ltr'><strong>quomodo</strong></span> <span class='ocrx_word' id='word_1_481' title='bbox 1924 4035 2034 4074; x_wconf 92' lang='lat' dir='ltr'><strong>non</strong></span> 
     </span>
    </p>
   </div>
   <div class='ocr_carea' id='block_1_66' title="bbox 454 4109 2036 4181">
    <p class='ocr_par' dir='ltr' id='par_1_66' title="bbox 454 4109 2036 4181">
     <span class='ocr_line' id='line_1_66' title="bbox 454 4109 2036 4181; baseline 0.001 -17"><span class='ocrx_word' id='word_1_482' title='bbox 454 4117 588 4164; x_wconf 87' lang='lat' dir='ltr'><strong>sunt</strong></span> <span class='ocrx_word' id='word_1_483' title='bbox 614 4109 908 4174; x_wconf 86' lang='lat' dir='ltr'><strong>contraria,</strong></span> <span class='ocrx_word' id='word_1_484' title='bbox 934 4122 1134 4178; x_wconf 87' lang='lat' dir='ltr'><strong>cupere</strong></span> <span class='ocrx_word' id='word_1_485' title='bbox 1163 4120 1217 4166; x_wconf 91' lang='lat' dir='ltr'><strong>et</strong></span> <span class='ocrx_word' id='word_1_486' title='bbox 1244 4110 1602 4181; x_wconf 83' lang='lat' dir='ltr'><strong>belligerare?</strong></span> <span class='ocrx_word' id='word_1_487' title='bbox 1631 4110 1914 4177; x_wconf 87' lang='lat' dir='ltr'><strong>Quomodo</strong></span> <span class='ocrx_word' id='word_1_488' title='bbox 1943 4127 2036 4166; x_wconf 88' lang='lat' dir='ltr'><strong>au-</strong></span> 
     </span>
    </p>
   </div>
   <div class='ocr_carea' id='block_1_67' title="bbox 455 4202 2034 4276">
    <p class='ocr_par' dir='ltr' id='par_1_67' title="bbox 455 4202 2034 4276">
     <span class='ocr_line' id='line_1_67' title="bbox 455 4202 2034 4276; baseline 0.001 -17"><span class='ocrx_word' id='word_1_489' title='bbox 455 4211 566 4259; x_wconf 90' lang='lat' dir='ltr'><strong>tem</strong></span> <span class='ocrx_word' id='word_1_490' title='bbox 597 4202 731 4256; x_wconf 91' lang='lat' dir='ltr'><strong>illud</strong></span> <span class='ocrx_word' id='word_1_491' title='bbox 756 4204 917 4257; x_wconf 87' lang='lat' dir='ltr'><strong>etiam</strong></span> <span class='ocrx_word' id='word_1_492' title='bbox 946 4219 1054 4256; x_wconf 91' lang='lat' dir='ltr'><strong>non</strong></span> <span class='ocrx_word' id='word_1_493' title='bbox 1077 4209 1162 4258; x_wconf 87' lang='lat' dir='ltr'><strong>est</strong></span> <span class='ocrx_word' id='word_1_494' title='bbox 1211 4218 1539 4274; x_wconf 86' lang='lat' dir='ltr'><strong>magnopere</strong></span> <span class='ocrx_word' id='word_1_495' title='bbox 1565 4219 1899 4276; x_wconf 87' lang='lat' dir='ltr'><strong>repugnans,</strong></span> <span class='ocrx_word' id='word_1_496' title='bbox 1939 4220 2034 4260; x_wconf 88' lang='lat' dir='ltr'><strong>eos</strong></span> 
     </span>
    </p>
   </div>
   <div class='ocr_carea' id='block_1_68' title="bbox 457 4293 2030 4367">
    <p class='ocr_par' dir='ltr' id='par_1_68' title="bbox 457 4293 2030 4367">
     <span class='ocr_line' id='line_1_68' title="bbox 457 4293 2030 4367; baseline 0.003 -19"><span class='ocrx_word' id='word_1_497' title='bbox 457 4295 553 4364; x_wconf 91' lang='lat' dir='ltr'><strong>qui</strong></span> <span class='ocrx_word' id='word_1_498' title='bbox 585 4293 643 4348; x_wconf 90' lang='lat' dir='ltr'><strong>in</strong></span> <span class='ocrx_word' id='word_1_499' title='bbox 673 4294 741 4349; x_wconf 91' lang='lat' dir='ltr'><strong>iis</strong></span> <span class='ocrx_word' id='word_1_500' title='bbox 784 4309 905 4364; x_wconf 80' lang='lat' dir='ltr'><strong>qua:</strong></span> <span class='ocrx_word' id='word_1_501' title='bbox 951 4293 1252 4349; x_wconf 85' lang='lat' dir='ltr'><strong>secundum</strong></span> <span class='ocrx_word' id='word_1_502' title='bbox 1281 4301 1536 4349; x_wconf 90' lang='lat' dir='ltr'><strong>naturam</strong></span> <span class='ocrx_word' id='word_1_503' title='bbox 1571 4304 1702 4352; x_wconf 89' lang='lat' dir='ltr'><strong>sunt</strong></span> <span class='ocrx_word' id='word_1_504' title='bbox 1748 4312 2030 4367; x_wconf 91' lang='lat' dir='ltr'><strong>nunquam</strong></span> 
     </span>
    </p>
   </div>
   <div class='ocr_carea' id='block_1_69' title="bbox 2210 2721 3720 2803">
    <p class='ocr_par' dir='ltr' id='par_1_69' title="bbox 2210 2721 3720 2803">
     <span class='ocr_line' id='line_1_69' title="bbox 2210 2721 3720 2803; baseline 0.001 -19"><span class='ocrx_word' id='word_1_505' title='bbox 2210 2732 2274 2784; x_wconf 88' lang='grc' dir='ltr'>Εί</span> <span class='ocrx_word' id='word_1_506' title='bbox 2311 2731 2489 2785; x_wconf 81' lang='grc' dir='ltr'>τοίνυν</span> <span class='ocrx_word' id='word_1_507' title='bbox 2525 2731 2600 2802; x_wconf 82' lang='grc' dir='ltr'>μὴ</span> <span class='ocrx_word' id='word_1_508' title='bbox 2629 2731 2827 2803; x_wconf 71' lang='grc' dir='ltr'>ᾔδεσαν</span> <span class='ocrx_word' id='word_1_509' title='bbox 2860 2721 2921 2784; x_wconf 73' lang='grc' dir='ltr'>τὺ</span> <span class='ocrx_word' id='word_1_510' title='bbox 2962 2728 3170 2784; x_wconf 84' lang='grc' dir='ltr'>κωλῦον</span> <span class='ocrx_word' id='word_1_511' title='bbox 3219 2729 3492 2796; x_wconf 71' lang='grc' dir='ltr'>ἐναντίον,</span> <span class='ocrx_word' id='word_1_512' title='bbox 3533 2732 3720 2799; x_wconf 47' lang='lat' dir='ltr'><strong>ﬂava?</strong></span> 
     </span>
    </p>
   </div>
   <div class='ocr_carea' id='block_1_70' title="bbox 2141 2819 3717 2896">
    <p class='ocr_par' dir='ltr' id='par_1_70' title="bbox 2141 2819 3717 2896">
     <span class='ocr_line' id='line_1_70' title="bbox 2141 2819 3717 2896; baseline 0.001 -21"><span class='ocrx_word' id='word_1_513' title='bbox 2141 2823 2316 2894; x_wconf 84' lang='grc' dir='ltr'>πάντη</span> <span class='ocrx_word' id='word_1_514' title='bbox 2350 2823 2410 2875; x_wconf 82' lang='grc' dir='ltr'><strong>τὸ</strong></span> <span class='ocrx_word' id='word_1_515' title='bbox 2447 2823 2881 2894; x_wconf 87' lang='grc' dir='ltr'>ἐπιστρατεύειν,</span> <span class='ocrx_word' id='word_1_516' title='bbox 2913 2822 2997 2892; x_wconf 87' lang='grc' dir='ltr'><strong>ἐφ’</strong></span> <span class='ocrx_word' id='word_1_517' title='bbox 3031 2819 3111 2887; x_wconf 74' lang='grc' dir='ltr'>οἷς</span> <span class='ocrx_word' id='word_1_518' title='bbox 3141 2825 3241 2877; x_wconf 83' lang='grc' dir='ltr'><strong>οὐκ</strong></span> <span class='ocrx_word' id='word_1_519' title='bbox 3265 2824 3471 2896; x_wconf 80' lang='grc' dir='ltr'>ᾔδεσαν</span> <span class='ocrx_word' id='word_1_520' title='bbox 3515 2825 3717 2878; x_wconf 77' lang='grc' dir='ltr'>κωλυό-</span> 
     </span>
    </p>
   </div>
   <div class='ocr_carea' id='block_1_71' title="bbox 2140 2909 3715 2986">
    <p class='ocr_par' dir='ltr' id='par_1_71' title="bbox 2140 2909 3715 2986">
     <span class='ocr_line' id='line_1_71' title="bbox 2140 2909 3715 2986; baseline -0.002 -18"><span class='ocrx_word' id='word_1_521' title='bbox 2140 2931 2294 2985; x_wconf 77' lang='grc' dir='ltr'>μενοι</span> <span class='ocrx_word' id='word_1_522' title='bbox 2315 2931 2330 2945; x_wconf 71' lang='grc' dir='ltr'>υ</span> <span class='ocrx_word' id='word_1_523' title='bbox 2362 2912 2678 2978; x_wconf 78' lang='grc' dir='ltr'>ὁπλίζεσθαι</span> <span class='ocrx_word' id='word_1_524' title='bbox 2710 2913 2819 2986; x_wconf 84' lang='grc' dir='ltr'>γὰρ</span> <span class='ocrx_word' id='word_1_525' title='bbox 2859 2913 3004 2977; x_wconf 73' lang='grc' dir='ltr'>εἰκὸς</span> <span class='ocrx_word' id='word_1_526' title='bbox 3035 2909 3104 2985; x_wconf 81' lang='grc' dir='ltr'>ἧν</span> <span class='ocrx_word' id='word_1_527' title='bbox 3159 2914 3392 2980; x_wconf 75' lang='grc' dir='ltr'>αὐτοὺς,</span> <span class='ocrx_word' id='word_1_528' title='bbox 3429 2913 3510 2978; x_wconf 84' lang='grc' dir='ltr'><strong>ῶς</strong></span> <span class='ocrx_word' id='word_1_529' title='bbox 3557 2931 3715 2984; x_wconf 77' lang='grc' dir='ltr'>φησι,</span> 
     </span>
    </p>
   </div>
   <div class='ocr_carea' id='block_1_72' title="bbox 2141 3005 3714 3078">
    <p class='ocr_par' dir='ltr' id='par_1_72' title="bbox 2141 3005 3714 3078">
     <span class='ocr_line' id='line_1_72' title="bbox 2141 3005 3714 3078; baseline -0.002 -17"><span class='ocrx_word' id='word_1_530' title='bbox 2141 3005 2277 3077; x_wconf 82' lang='grc' dir='ltr'>πυρὶ</span> <span class='ocrx_word' id='word_1_531' title='bbox 2310 3005 2404 3060; x_wconf 77' lang='grc' dir='ltr'><strong>καὶ</strong></span> <span class='ocrx_word' id='word_1_532' title='bbox 2439 3005 2634 3077; x_wconf 66' lang='grc' dir='ltr'>σκότῳ,</span> <span class='ocrx_word' id='word_1_533' title='bbox 2658 3006 2707 3059; x_wconf 79' lang='grc' dir='ltr'><strong>εί</strong></span> <span class='ocrx_word' id='word_1_534' title='bbox 2728 3006 3031 3078; x_wconf 79' lang='grc' dir='ltr'>προῄδεσαν</span> <span class='ocrx_word' id='word_1_535' title='bbox 3066 3009 3173 3059; x_wconf 86' lang='grc' dir='ltr'><strong>τῶν</strong></span> <span class='ocrx_word' id='word_1_536' title='bbox 3203 3007 3513 3078; x_wconf 83' lang='grc' dir='ltr'>ἀλλοτρίων</span> <span class='ocrx_word' id='word_1_537' title='bbox 3545 3008 3714 3078; x_wconf 58' lang='grc' dir='ltr'>εἰργόέ</span> 
     </span>
    </p>
   </div>
   <div class='ocr_carea' id='block_1_73' title="bbox 2142 3098 3712 3169">
    <p class='ocr_par' dir='ltr' id='par_1_73' title="bbox 2142 3098 3712 3169">
     <span class='ocr_line' id='line_1_73' title="bbox 2142 3098 3712 3169; baseline 0.004 -18"><span class='ocrx_word' id='word_1_538' title='bbox 2142 3114 2314 3167; x_wconf 83' lang='grc' dir='ltr'>μενοι.</span> <span class='ocrx_word' id='word_1_539' title='bbox 2362 3098 2517 3151; x_wconf 79' lang='grc' dir='ltr'>Ἐπεὶ</span> <span class='ocrx_word' id='word_1_540' title='bbox 2556 3099 2614 3151; x_wconf 89' lang='grc' dir='ltr'>δὲ</span> <span class='ocrx_word' id='word_1_541' title='bbox 2658 3098 2935 3162; x_wconf 82' lang='grc' dir='ltr'>παντελῶς</span> <span class='ocrx_word' id='word_1_542' title='bbox 2977 3101 3202 3169; x_wconf 73' lang='grc' dir='ltr'>ἠγνόουν</span> <span class='ocrx_word' id='word_1_543' title='bbox 3221 3141 3236 3164; x_wconf 90' lang='grc'><strong>,</strong></span> <span class='ocrx_word' id='word_1_544' title='bbox 3284 3099 3388 3154; x_wconf 78' lang='grc' dir='ltr'><strong>ούκ</strong></span> <span class='ocrx_word' id='word_1_545' title='bbox 3454 3101 3712 3157; x_wconf 52' lang='lat' dir='ltr'><strong>dabam</strong></span> 
     </span>
    </p>
   </div>
   <div class='ocr_carea' id='block_1_74' title="bbox 2141 3188 3712 3262">
    <p class='ocr_par' dir='ltr' id='par_1_74' title="bbox 2141 3188 3712 3262">
     <span class='ocr_line' id='line_1_74' title="bbox 2141 3188 3712 3262; baseline 0.003 -21"><span class='ocrx_word' id='word_1_546' title='bbox 2141 3188 2321 3258; x_wconf 78' lang='grc' dir='ltr'>μόνον,</span> <span class='ocrx_word' id='word_1_547' title='bbox 2355 3189 2493 3242; x_wconf 88' lang='grc' dir='ltr'><strong>ἀλλὰ</strong></span> <span class='ocrx_word' id='word_1_548' title='bbox 2521 3190 2616 3242; x_wconf 75' lang='grc' dir='ltr'>καὶ</span> <span class='ocrx_word' id='word_1_549' title='bbox 2643 3189 2828 3259; x_wconf 85' lang='grc' dir='ltr'>σαφῶς</span> <span class='ocrx_word' id='word_1_550' title='bbox 2863 3191 3170 3262; x_wconf 81' lang='grc' dir='ltr'>μαχομένου</span> <span class='ocrx_word' id='word_1_551' title='bbox 3194 3191 3379 3260; x_wconf 78' lang='grc' dir='ltr'>λόγου,</span> <span class='ocrx_word' id='word_1_552' title='bbox 3416 3193 3635 3246; x_wconf 76' lang='grc' dir='ltr'>ὅπλισίν</span> <span class='ocrx_word' id='word_1_553' title='bbox 3662 3211 3712 3245; x_wconf 62' lang='grc' dir='ltr'><strong>π</strong></span> 
     </span>
    </p>
   </div>
   <div class='ocr_carea' id='block_1_75' title="bbox 2139 3281 3714 3355">
    <p class='ocr_par' dir='ltr' id='par_1_75' title="bbox 2139 3281 3714 3355">
     <span class='ocr_line' id='line_1_75' title="bbox 2139 3281 3714 3355; baseline 0.003 -21"><span class='ocrx_word' id='word_1_554' title='bbox 2139 3283 2234 3335; x_wconf 78' lang='grc' dir='ltr'><strong>καὶ</strong></span> <span class='ocrx_word' id='word_1_555' title='bbox 2272 3281 2531 3354; x_wconf 79' lang='grc' dir='ltr'>στρατιὰν</span> <span class='ocrx_word' id='word_1_556' title='bbox 2583 3283 2923 3352; x_wconf 82' lang='grc' dir='ltr'>διαγράφειν,</span> <span class='ocrx_word' id='word_1_557' title='bbox 2971 3284 3112 3337; x_wconf 77' lang='grc' dir='ltr'>κατὰ</span> <span class='ocrx_word' id='word_1_558' title='bbox 3162 3285 3392 3355; x_wconf 77' lang='grc' dir='ltr'>μηδενὸς</span> <span class='ocrx_word' id='word_1_559' title='bbox 3440 3288 3714 3347; x_wconf 62' lang='grc' dir='ltr'>παντεώ</span> 
     </span>
    </p>
   </div>
   <div class='ocr_carea' id='block_1_76' title="bbox 2138 3371 3711 3448">
    <p class='ocr_par' dir='ltr' id='par_1_76' title="bbox 2138 3371 3711 3448">
     <span class='ocr_line' id='line_1_76' title="bbox 2138 3371 3711 3448; baseline 0.001 -20"><span class='ocrx_word' id='word_1_560' title='bbox 2138 3373 2509 3428; x_wconf 80' lang='grc' dir='ltr'>ἐναντιοῦσθαι</span> <span class='ocrx_word' id='word_1_561' title='bbox 2542 3375 3015 3446; x_wconf 83' lang='grc' dir='ltr'>προσδοκωμένου.</span> <span class='ocrx_word' id='word_1_562' title='bbox 3044 3376 3154 3446; x_wconf 85' lang='grc' dir='ltr'><strong>Οὐχ</strong></span> <span class='ocrx_word' id='word_1_563' title='bbox 3180 3371 3345 3448; x_wconf 84' lang='grc' dir='ltr'>ἦττον</span> <span class='ocrx_word' id='word_1_564' title='bbox 3383 3376 3445 3429; x_wconf 85' lang='grc' dir='ltr'>δὲ</span> <span class='ocrx_word' id='word_1_565' title='bbox 3479 3381 3711 3432; x_wconf 76' lang='grc' dir='ltr'>ἐναντξεν</span> 
     </span>
    </p>
   </div>
   <div class='ocr_carea' id='block_1_77' title="bbox 2136 3464 3709 3538">
    <p class='ocr_par' dir='ltr' id='par_1_77' title="bbox 2136 3464 3709 3538">
     <span class='ocr_line' id='line_1_77' title="bbox 2136 3464 3709 3538; baseline 0.001 -20"><span class='ocrx_word' id='word_1_566' title='bbox 2136 3466 2230 3519; x_wconf 79' lang='grc' dir='ltr'><strong>καὶ</strong></span> <span class='ocrx_word' id='word_1_567' title='bbox 2260 3465 2323 3518; x_wconf 84' lang='grc' dir='ltr'>τὸ</span> <span class='ocrx_word' id='word_1_568' title='bbox 2354 3464 2430 3537; x_wconf 80' lang='grc' dir='ltr'>πὴ</span> <span class='ocrx_word' id='word_1_569' title='bbox 2480 3465 2581 3536; x_wconf 81' lang='grc' dir='ltr'>,μὲν</span> <span class='ocrx_word' id='word_1_570' title='bbox 2612 3464 2907 3536; x_wconf 74' lang='grc' dir='ltr'>ἐπιθυμίαν</span> <span class='ocrx_word' id='word_1_571' title='bbox 2940 3466 3075 3538; x_wconf 81' lang='grc' dir='ltr'>πρὸς</span> <span class='ocrx_word' id='word_1_572' title='bbox 3118 3467 3178 3520; x_wconf 82' lang='grc' dir='ltr'><strong>τὸ</strong></span> <span class='ocrx_word' id='word_1_573' title='bbox 3207 3467 3325 3536; x_wconf 84' lang='grc' dir='ltr'>φῶς</span> <span class='ocrx_word' id='word_1_574' title='bbox 3355 3469 3709 3537; x_wconf 52' lang='grc' dir='ltr'>ἐκείνοιςθτε-</span> 
     </span>
    </p>
   </div>
   <div class='ocr_carea' id='block_1_78' title="bbox 2135 3553 3710 3627">
    <p class='ocr_par' dir='ltr' id='par_1_78' title="bbox 2135 3553 3710 3627">
     <span class='ocr_line' id='line_1_78' title="bbox 2135 3553 3710 3627; baseline -0.002 -17"><span class='ocrx_word' id='word_1_575' title='bbox 2135 3553 2324 3610; x_wconf 86' lang='grc' dir='ltr'>νέσθαι</span> <span class='ocrx_word' id='word_1_576' title='bbox 2361 3556 2558 3624; x_wconf 82' lang='grc' dir='ltr'>λέγειν,</span> <span class='ocrx_word' id='word_1_577' title='bbox 2583 3553 2660 3625; x_wconf 80' lang='grc' dir='ltr'>πὴ</span> <span class='ocrx_word' id='word_1_578' title='bbox 2695 3554 2753 3608; x_wconf 85' lang='grc' dir='ltr'>δὲ</span> <span class='ocrx_word' id='word_1_579' title='bbox 2795 3556 3116 3626; x_wconf 73' lang='grc' dir='ltr'>παρασκευῇ</span> <span class='ocrx_word' id='word_1_580' title='bbox 3157 3555 3434 3627; x_wconf 84' lang='grc' dir='ltr'>πολεμικῇ</span> <span class='ocrx_word' id='word_1_581' title='bbox 3470 3562 3590 3610; x_wconf 77' lang='grc' dir='ltr'>κατ’</span> <span class='ocrx_word' id='word_1_582' title='bbox 3624 3558 3710 3609; x_wconf 80' lang='grc' dir='ltr'>αύ-</span> 
     </span>
    </p>
   </div>
   <div class='ocr_carea' id='block_1_79' title="bbox 2135 3647 3710 3720">
    <p class='ocr_par' dir='ltr' id='par_1_79' title="bbox 2135 3647 3710 3720">
     <span class='ocr_line' id='line_1_79' title="bbox 2135 3647 3710 3720; baseline 0.001 -18"><span class='ocrx_word' id='word_1_583' title='bbox 2135 3647 2230 3702; x_wconf 89' lang='grc' dir='ltr'><strong>τοῦ</strong></span> <span class='ocrx_word' id='word_1_584' title='bbox 2258 3649 2557 3719; x_wconf 86' lang='grc' dir='ltr'>κεχρῆσθαι</span> <span class='ocrx_word' id='word_1_585' title='bbox 2586 3647 2812 3712; x_wconf 89' lang='grc' dir='ltr'>τούτους</span> <span class='ocrx_word' id='word_1_586' title='bbox 2835 3649 3114 3719; x_wconf 85' lang='grc' dir='ltr'>ὁμολογεῖν</span> <span class='ocrx_word' id='word_1_587' title='bbox 3133 3666 3148 3680; x_wconf 91' lang='grc'><strong>·</strong></span> <span class='ocrx_word' id='word_1_588' title='bbox 3169 3648 3338 3702; x_wconf 85' lang='grc' dir='ltr'>ὅπλον</span> <span class='ocrx_word' id='word_1_589' title='bbox 3358 3648 3477 3720; x_wconf 78' lang='grc' dir='ltr'><strong>γὰρ</strong></span> <span class='ocrx_word' id='word_1_590' title='bbox 3501 3651 3710 3710; x_wconf 78' lang='grc' dir='ltr'>πάντως</span> 
     </span>
    </p>
   </div>
   <div class='ocr_carea' id='block_1_80' title="bbox 2136 3739 3710 3812">
    <p class='ocr_par' dir='ltr' id='par_1_80' title="bbox 2136 3739 3710 3812">
     <span class='ocr_line' id='line_1_80' title="bbox 2136 3739 3710 3812; baseline 0 -18"><span class='ocrx_word' id='word_1_591' title='bbox 2136 3741 2431 3811; x_wconf 81' lang='grc' dir='ltr'>πολεμικὸν</span> <span class='ocrx_word' id='word_1_592' title='bbox 2457 3739 2596 3794; x_wconf 84' lang='grc' dir='ltr'>κατὰ</span> <span class='ocrx_word' id='word_1_593' title='bbox 2618 3740 2712 3793; x_wconf 88' lang='grc' dir='ltr'><strong>τοῦ</strong></span> <span class='ocrx_word' id='word_1_594' title='bbox 2745 3740 3135 3812; x_wconf 83' lang='grc' dir='ltr'>ἀνθισταμένου</span> <span class='ocrx_word' id='word_1_595' title='bbox 3165 3740 3535 3812; x_wconf 75' lang='grc' dir='ltr'>προϐάλλεται</span> <span class='ocrx_word' id='word_1_596' title='bbox 3563 3741 3710 3794; x_wconf 65' lang='grc' dir='ltr'>πολέ-</span> 
     </span>
    </p>
   </div>
   <div class='ocr_carea' id='block_1_81' title="bbox 2137 3826 3707 3906">
    <p class='ocr_par' dir='ltr' id='par_1_81' title="bbox 2137 3826 3707 3906">
     <span class='ocr_line' id='line_1_81' title="bbox 2137 3826 3707 3906; baseline -0.002 -18"><span class='ocrx_word' id='word_1_597' title='bbox 2137 3851 2259 3906; x_wconf 89' lang='grc' dir='ltr'>μιος</span> <span class='ocrx_word' id='word_1_598' title='bbox 2287 3833 2452 3900; x_wconf 68' lang='grc' dir='ltr'>ἅπας,</span> <span class='ocrx_word' id='word_1_599' title='bbox 2495 3835 2557 3887; x_wconf 86' lang='grc' dir='ltr'><strong>ού</strong></span> <span class='ocrx_word' id='word_1_600' title='bbox 2596 3833 2717 3888; x_wconf 82' lang='grc' dir='ltr'>καθ’</span> <span class='ocrx_word' id='word_1_601' title='bbox 2743 3826 2805 3886; x_wconf 76' lang='grc' dir='ltr'>οὗ</span> <span class='ocrx_word' id='word_1_602' title='bbox 2842 3833 2957 3904; x_wconf 78' lang='grc' dir='ltr'>ἔχει</span> <span class='ocrx_word' id='word_1_603' title='bbox 2991 3833 3088 3904; x_wconf 79' lang='grc' dir='ltr'>τὴν</span> <span class='ocrx_word' id='word_1_604' title='bbox 3133 3832 3436 3904; x_wconf 88' lang='grc' dir='ltr'>ἐπιθυμίαν</span> <span class='ocrx_word' id='word_1_605' title='bbox 3457 3834 3707 3888; x_wconf 73' lang='grc' dir='ltr'>ἐπάθλου.</span> 
     </span>
    </p>
   </div>
   <div class='ocr_carea' id='block_1_82' title="bbox 2135 3923 3710 3999">
    <p class='ocr_par' dir='ltr' id='par_1_82' title="bbox 2135 3923 3710 3999">
     <span class='ocr_line' id='line_1_82' title="bbox 2135 3923 3710 3999; baseline -0.001 -17"><span class='ocrx_word' id='word_1_606' title='bbox 2135 3929 2199 3982; x_wconf 76' lang='grc' dir='ltr'><strong>Εἰ</strong></span> <span class='ocrx_word' id='word_1_607' title='bbox 2235 3927 2412 3980; x_wconf 87' lang='grc' dir='ltr'>τοίνυν</span> <span class='ocrx_word' id='word_1_608' title='bbox 2446 3927 2520 3999; x_wconf 82' lang='grc' dir='ltr'>μὴ</span> <span class='ocrx_word' id='word_1_609' title='bbox 2539 3923 2607 3999; x_wconf 80' lang='grc' dir='ltr'>ἦν</span> <span class='ocrx_word' id='word_1_610' title='bbox 2648 3927 2788 3981; x_wconf 88' lang='grc' dir='ltr'><strong>κατά</strong></span> <span class='ocrx_word' id='word_1_611' title='bbox 2813 3927 2912 3998; x_wconf 82' lang='grc' dir='ltr'><strong>τὴν</strong></span> <span class='ocrx_word' id='word_1_612' title='bbox 2947 3927 3124 3983; x_wconf 80' lang='grc' dir='ltr'>αὐτῶν</span> <span class='ocrx_word' id='word_1_613' title='bbox 3156 3927 3380 3995; x_wconf 77' lang='grc' dir='ltr'>ἄγνοιαν</span> <span class='ocrx_word' id='word_1_614' title='bbox 3405 3929 3437 3981; x_wconf 83' lang='grc' dir='ltr'><em>ὁ</em></span> <span class='ocrx_word' id='word_1_615' title='bbox 3465 3928 3710 3983; x_wconf 70' lang='grc' dir='ltr'>ἀνθιστά-</span> 
     </span>
    </p>
   </div>
   <div class='ocr_carea' id='block_1_83' title="bbox 2135 4019 3706 4091">
    <p class='ocr_par' dir='ltr' id='par_1_83' title="bbox 2135 4019 3706 4091">
     <span class='ocr_line' id='line_1_83' title="bbox 2135 4019 3706 4091; baseline -0.001 -19"><span class='ocrx_word' id='word_1_616' title='bbox 2135 4036 2318 4090; x_wconf 83' lang='grc' dir='ltr'>μενος,</span> <span class='ocrx_word' id='word_1_617' title='bbox 2342 4020 2458 4083; x_wconf 88' lang='grc' dir='ltr'><strong>πῶς</strong></span> <span class='ocrx_word' id='word_1_618' title='bbox 2489 4021 2588 4073; x_wconf 81' lang='grc' dir='ltr'><strong>οὐκ</strong></span> <span class='ocrx_word' id='word_1_619' title='bbox 2619 4020 2856 4074; x_wconf 86' lang='grc' dir='ltr'>ἐναντίον</span> <span class='ocrx_word' id='word_1_620' title='bbox 2888 4019 2950 4072; x_wconf 81' lang='grc' dir='ltr'><strong>τὸ</strong></span> <span class='ocrx_word' id='word_1_621' title='bbox 2991 4019 3275 4090; x_wconf 87' lang='grc' dir='ltr'>ἐπιθυμεῖν</span> <span class='ocrx_word' id='word_1_622' title='bbox 3301 4019 3387 4091; x_wconf 85' lang='grc' dir='ltr'>τῷ</span> <span class='ocrx_word' id='word_1_623' title='bbox 3413 4021 3706 4091; x_wconf 75' lang='grc' dir='ltr'>πολεμεῖνς</span> 
     </span>
    </p>
   </div>
   <div class='ocr_carea' id='block_1_84' title="bbox 2133 4109 3710 4183">
    <p class='ocr_par' dir='ltr' id='par_1_84' title="bbox 2133 4109 3710 4183">
     <span class='ocr_line' id='line_1_84' title="bbox 2133 4109 3710 4183; baseline 0.001 -21"><span class='ocrx_word' id='word_1_624' title='bbox 2133 4109 2259 4174; x_wconf 86' lang='grc' dir='ltr'><strong>Πῶς</strong></span> <span class='ocrx_word' id='word_1_625' title='bbox 2286 4110 2342 4162; x_wconf 82' lang='grc' dir='ltr'>δὲ</span> <span class='ocrx_word' id='word_1_626' title='bbox 2371 4111 2491 4180; x_wconf 74' lang='grc' dir='ltr'>ούχὶ</span> <span class='ocrx_word' id='word_1_627' title='bbox 2526 4110 2645 4164; x_wconf 88' lang='grc' dir='ltr'>λίαν</span> <span class='ocrx_word' id='word_1_628' title='bbox 2679 4111 2900 4164; x_wconf 76' lang='grc' dir='ltr'>κάκεῖνο</span> <span class='ocrx_word' id='word_1_629' title='bbox 2946 4110 3270 4181; x_wconf 87' lang='grc' dir='ltr'>μαχόμενον,</span> <span class='ocrx_word' id='word_1_630' title='bbox 3299 4112 3419 4180; x_wconf 86' lang='grc' dir='ltr'>είγε</span> <span class='ocrx_word' id='word_1_631' title='bbox 3454 4115 3508 4164; x_wconf 78' lang='lat' dir='ltr'><strong>oi</strong></span> <span class='ocrx_word' id='word_1_632' title='bbox 3554 4113 3710 4183; x_wconf 75' lang='grc' dir='ltr'>μηδέ-</span> 
     </span>
    </p>
   </div>
   <div class='ocr_carea' id='block_1_85' title="bbox 2133 4201 3707 4275">
    <p class='ocr_par' dir='ltr' id='par_1_85' title="bbox 2133 4201 3707 4275">
     <span class='ocr_line' id='line_1_85' title="bbox 2133 4201 3707 4275; baseline 0.002 -22"><span class='ocrx_word' id='word_1_633' title='bbox 2133 4217 2264 4253; x_wconf 86' lang='grc' dir='ltr'>ποτε</span> <span class='ocrx_word' id='word_1_634' title='bbox 2299 4201 2760 4272; x_wconf 82' lang='grc' dir='ltr'>συμφωνήσαντες</span> <span class='ocrx_word' id='word_1_635' title='bbox 2812 4203 2870 4255; x_wconf 91' lang='grc' dir='ltr'><strong>ἐν</strong></span> <span class='ocrx_word' id='word_1_636' title='bbox 2901 4204 3013 4265; x_wconf 88' lang='grc' dir='ltr'>τοῖς</span> <span class='ocrx_word' id='word_1_637' title='bbox 3057 4201 3200 4255; x_wconf 87' lang='grc' dir='ltr'><strong>κατά</strong></span> <span class='ocrx_word' id='word_1_638' title='bbox 3241 4202 3408 4273; x_wconf 83' lang='grc' dir='ltr'>φύσιν</span> <span class='ocrx_word' id='word_1_639' title='bbox 3463 4205 3707 4275; x_wconf 77' lang='grc' dir='ltr'>ἀλλήλοις</span> 
     </span>
    </p>
   </div>
   <div class='ocr_carea' id='block_1_86' title="bbox 2135 4292 3704 4366">
    <p class='ocr_par' dir='ltr' id='par_1_86' title="bbox 2135 4292 3704 4366">
     <span class='ocr_line' id='line_1_86' title="bbox 2135 4292 3704 4366; baseline 0.003 -23"><span class='ocrx_word' id='word_1_640' title='bbox 2135 4292 2458 4358; x_wconf 88' lang='grc' dir='ltr'>συνέπνεον;</span> <span class='ocrx_word' id='word_1_641' title='bbox 2497 4292 2663 4362; x_wconf 87' lang='grc' dir='ltr'>Ὀμοῦ</span> <span class='ocrx_word' id='word_1_642' title='bbox 2693 4293 2821 4364; x_wconf 87' lang='grc' dir='ltr'>γὰρ,</span> <span class='ocrx_word' id='word_1_643' title='bbox 2852 4295 3006 4365; x_wconf 70' lang='grc' dir='ltr'>φησι,</span> <span class='ocrx_word' id='word_1_644' title='bbox 3046 4295 3189 4349; x_wconf 82' lang='grc' dir='ltr'>κατὰ</span> <span class='ocrx_word' id='word_1_645' title='bbox 3213 4295 3308 4348; x_wconf 90' lang='grc' dir='ltr'><strong>τοῦ</strong></span> <span class='ocrx_word' id='word_1_646' title='bbox 3349 4297 3539 4366; x_wconf 73' lang='grc' dir='ltr'>φωτὸς</span> <span class='ocrx_word' id='word_1_647' title='bbox 3561 4297 3704 4350; x_wconf 68' lang='grc' dir='ltr'>ἐϐου-</span> 
     </span>
    </p>
   </div>
   <div class='ocr_carea' id='block_1_87' title="bbox 453 4381 2185 4459">
    <p class='ocr_par' dir='ltr' id='par_1_87' title="bbox 453 4381 2185 4457">
     <span class='ocr_line' id='line_1_87' title="bbox 453 4381 2185 4457; baseline -0.002 -20"><span class='ocrx_word' id='word_1_648' title='bbox 453 4382 760 4438; x_wconf 77' lang='lat' dir='ltr'><strong>-concordes</strong></span> <span class='ocrx_word' id='word_1_649' title='bbox 788 4382 1028 4447; x_wconf 88' lang='lat' dir='ltr'><strong>fuerunt,</strong></span> <span class='ocrx_word' id='word_1_650' title='bbox 1077 4383 1222 4438; x_wconf 89' lang='lat' dir='ltr'><strong>inter</strong></span> <span class='ocrx_word' id='word_1_651' title='bbox 1265 4398 1324 4438; x_wconf 87' lang='lat' dir='ltr'><strong>se</strong></span> <span class='ocrx_word' id='word_1_652' title='bbox 1365 4384 1434 4438; x_wconf 89' lang='lat' dir='ltr'><strong>ad</strong></span> <span class='ocrx_word' id='word_1_653' title='bbox 1468 4384 1780 4440; x_wconf 90' lang='lat' dir='ltr'><strong>bellandum</strong></span> <span class='ocrx_word' id='word_1_654' title='bbox 1813 4387 2035 4457; x_wconf 84' lang='lat' dir='ltr'><strong>conspi-</strong></span> <span class='ocrx_word' id='word_1_655' title='bbox 2067 4400 2110 4457; x_wconf 78' lang='grc' dir='ltr'>υ</span> <span class='ocrx_word' id='word_1_656' title='bbox 2137 4381 2185 4435; x_wconf 88' lang='grc' dir='ltr'>λε</span> 
     </span>
    </p>
   </div>
   <div class='ocr_carea' id='block_1_88' title="bbox 2147 4381 3704 4459">
    <p class='ocr_par' dir='ltr' id='par_1_88' title="bbox 2147 4382 3704 4459">
     <span class='ocr_line' id='line_1_88' title="bbox 2147 4382 3704 4459; baseline 0.003 -25"><span class='ocrx_word' id='word_1_657' title='bbox 2147 4382 2412 4440; x_wconf 74' lang='grc' dir='ltr'>λεύσαντο.</span> <span class='ocrx_word' id='word_1_658' title='bbox 2454 4386 2515 4438; x_wconf 87' lang='grc' dir='ltr'>Οί</span> <span class='ocrx_word' id='word_1_659' title='bbox 2555 4385 2661 4456; x_wconf 83' lang='grc' dir='ltr'>γὰρ</span> <span class='ocrx_word' id='word_1_660' title='bbox 2694 4384 2762 4438; x_wconf 84' lang='grc' dir='ltr'>τὰ</span> <span class='ocrx_word' id='word_1_661' title='bbox 2795 4385 3039 4457; x_wconf 85' lang='grc' dir='ltr'>ἀλλήλων</span> <span class='ocrx_word' id='word_1_662' title='bbox 3071 4386 3205 4458; x_wconf 86' lang='grc' dir='ltr'>μέλη</span> <span class='ocrx_word' id='word_1_663' title='bbox 3236 4389 3592 4459; x_wconf 82' lang='grc' dir='ltr'>τρεφόμενοι,</span> <span class='ocrx_word' id='word_1_664' title='bbox 3625 4391 3704 4442; x_wconf 73' lang='grc' dir='ltr'><strong>καὶ</strong></span> 
     </span>
    </p>
   </div>
   <div class='ocr_carea' id='block_1_89' title="bbox 456 4465 2032 4544">
    <p class='ocr_par' dir='ltr' id='par_1_89' title="bbox 456 4465 2032 4544">
     <span class='ocr_line' id='line_1_89' title="bbox 456 4465 2032 4544; baseline 0.003 -17"><span class='ocrx_word' id='word_1_665' title='bbox 456 4475 648 4530; x_wconf 81' lang='lat' dir='ltr'><strong>rasse‘t</strong></span> <span class='ocrx_word' id='word_1_666' title='bbox 682 4473 878 4539; x_wconf 91' lang='lat' dir='ltr'><strong>Simul,</strong></span> <span class='ocrx_word' id='word_1_667' title='bbox 921 4473 1130 4544; x_wconf 89' lang='lat' dir='ltr'><strong>inquit,</strong></span> <span class='ocrx_word' id='word_1_668' title='bbox 1157 4483 1349 4530; x_wconf 84' lang='lat' dir='ltr'><strong>contra</strong></span> <span class='ocrx_word' id='word_1_669' title='bbox 1384 4476 1568 4529; x_wconf 92' lang='lat' dir='ltr'><strong>lumen</strong></span> <span class='ocrx_word' id='word_1_670' title='bbox 1600 4465 1891 4530; x_wconf 75' lang='lat' dir='ltr'><strong>censilium</strong></span> <span class='ocrx_word' id='word_1_671' title='bbox 1941 4492 2032 4532; x_wconf 90' lang='lat' dir='ltr'><strong>ce-</strong></span> 
     </span>
    </p>
   </div>
   <div class='ocr_carea' id='block_1_90' title="bbox 455 4563 2030 4635">
    <p class='ocr_par' dir='ltr' id='par_1_90' title="bbox 455 4563 2030 4635">
     <span class='ocr_line' id='line_1_90' title="bbox 455 4563 2030 4635; baseline 0.003 -19"><span class='ocrx_word' id='word_1_672' title='bbox 455 4572 676 4635; x_wconf 83' lang='lat' dir='ltr'><strong>perunt.</strong></span> <span class='ocrx_word' id='word_1_673' title='bbox 731 4563 833 4631; x_wconf 86' lang='lat' dir='ltr'><strong>Qui</strong></span> <span class='ocrx_word' id='word_1_674' title='bbox 873 4564 1019 4620; x_wconf 92' lang='lat' dir='ltr'><strong>enim</strong></span> <span class='ocrx_word' id='word_1_675' title='bbox 1061 4564 1322 4620; x_wconf 86' lang='lat' dir='ltr'><strong>membris</strong></span> <span class='ocrx_word' id='word_1_676' title='bbox 1365 4564 1481 4620; x_wconf 89' lang='lat' dir='ltr'><strong>suis</strong></span> <span class='ocrx_word' id='word_1_677' title='bbox 1512 4565 1654 4620; x_wconf 89' lang='lat' dir='ltr'><strong>inter</strong></span> <span class='ocrx_word' id='word_1_678' title='bbox 1700 4581 1760 4620; x_wconf 91' lang='lat' dir='ltr'><strong>se</strong></span> <span class='ocrx_word' id='word_1_679' title='bbox 1787 4567 2030 4622; x_wconf 75' lang='lat' dir='ltr'><strong>vicissim</strong></span> 
     </span>
    </p>
   </div>
   <div class='ocr_carea' id='block_1_91' title="bbox 455 4656 2032 4727">
    <p class='ocr_par' dir='ltr' id='par_1_91' title="bbox 455 4656 2032 4727">
     <span class='ocr_line' id='line_1_91' title="bbox 455 4656 2032 4727; baseline 0.002 -18"><span class='ocrx_word' id='word_1_680' title='bbox 455 4657 839 4725; x_wconf 86' lang='lat' dir='ltr'><strong>pascebantur,</strong></span> <span class='ocrx_word' id='word_1_681' title='bbox 872 4665 926 4711; x_wconf 92' lang='lat' dir='ltr'><strong>et</strong></span> <span class='ocrx_word' id='word_1_682' title='bbox 949 4670 1164 4725; x_wconf 89' lang='lat' dir='ltr'><strong>semper</strong></span> <span class='ocrx_word' id='word_1_683' title='bbox 1192 4656 1341 4710; x_wconf 91' lang='lat' dir='ltr'><strong>nulla</strong></span> <span class='ocrx_word' id='word_1_684' title='bbox 1357 4670 1598 4727; x_wconf 89' lang='lat' dir='ltr'><strong>unquam</strong></span> <span class='ocrx_word' id='word_1_685' title='bbox 1628 4657 2032 4712; x_wconf 89' lang='lat' dir='ltr'><strong>intermissione</strong></span> 
     </span>
    </p>
   </div>
   <div class='ocr_carea' id='block_1_92' title="bbox 2139 4475 3702 4552">
    <p class='ocr_par' dir='ltr' id='par_1_92' title="bbox 2139 4475 3702 4552">
     <span class='ocr_line' id='line_1_92' title="bbox 2139 4475 3702 4552; baseline 0.005 -24"><span class='ocrx_word' id='word_1_686' title='bbox 2139 4475 2407 4546; x_wconf 89' lang='grc' dir='ltr'>μηδέποτε</span> <span class='ocrx_word' id='word_1_687' title='bbox 2427 4478 2528 4547; x_wconf 82' lang='grc' dir='ltr'><strong>τῆς</strong></span> <span class='ocrx_word' id='word_1_688' title='bbox 2557 4480 2676 4531; x_wconf 79' lang='grc' dir='ltr'>κατ’</span> <span class='ocrx_word' id='word_1_689' title='bbox 2699 4479 2942 4550; x_wconf 84' lang='grc' dir='ltr'>ἀλλήλων</span> <span class='ocrx_word' id='word_1_690' title='bbox 2967 4480 3164 4552; x_wconf 87' lang='grc' dir='ltr'>μανίας</span> <span class='ocrx_word' id='word_1_691' title='bbox 3189 4481 3565 4552; x_wconf 77' lang='grc' dir='ltr'>παυσάμενοι,</span> <span class='ocrx_word' id='word_1_692' title='bbox 3602 4482 3702 4544; x_wconf 68' lang='grc' dir='ltr'>πιῖις</span> 
     </span>
    </p>
   </div>
   <div class='ocr_carea' id='block_1_93' title="bbox 2135 4567 3702 4647">
    <p class='ocr_par' dir='ltr' id='par_1_93' title="bbox 2135 4567 3702 4647">
     <span class='ocr_line' id='line_1_93' title="bbox 2135 4567 3702 4647; baseline 0.004 -28"><span class='ocrx_word' id='word_1_693' title='bbox 2135 4567 2194 4620; x_wconf 90' lang='grc' dir='ltr'><strong>ἐν</strong></span> <span class='ocrx_word' id='word_1_694' title='bbox 2229 4570 2342 4631; x_wconf 88' lang='grc' dir='ltr'>τοῖς</span> <span class='ocrx_word' id='word_1_695' title='bbox 2390 4568 2540 4638; x_wconf 89' lang='grc' dir='ltr'><strong>παρά</strong></span> <span class='ocrx_word' id='word_1_696' title='bbox 2595 4569 2754 4638; x_wconf 83' lang='grc' dir='ltr'>φύσιν</span> <span class='ocrx_word' id='word_1_697' title='bbox 2790 4573 2869 4634; x_wconf 75' lang='grc' dir='ltr'><strong>εἰς</strong></span> <span class='ocrx_word' id='word_1_698' title='bbox 2899 4571 3191 4642; x_wconf 82' lang='grc' dir='ltr'>ἐπιθυμίαν</span> <span class='ocrx_word' id='word_1_699' title='bbox 3232 4573 3352 4642; x_wconf 75' lang='grc' dir='ltr'>ἅμα</span> <span class='ocrx_word' id='word_1_700' title='bbox 3401 4575 3504 4628; x_wconf 81' lang='grc' dir='ltr'><strong>καὶ</strong></span> <span class='ocrx_word' id='word_1_701' title='bbox 3549 4575 3702 4647; x_wconf 73' lang='grc' dir='ltr'>ὀργὴν</span> 
     </span>
    </p>
   </div>
   <div class='ocr_carea' id='block_1_94' title="bbox 2135 4659 3200 4733">
    <p class='ocr_par' dir='ltr' id='par_1_94' title="bbox 2135 4659 3200 4733">
     <span class='ocr_line' id='line_1_94' title="bbox 2135 4659 3200 4733; baseline 0.004 -21"><span class='ocrx_word' id='word_1_702' title='bbox 2135 4659 2279 4712; x_wconf 84' lang='grc' dir='ltr'>κατὰ</span> <span class='ocrx_word' id='word_1_703' title='bbox 2309 4659 2402 4712; x_wconf 86' lang='grc' dir='ltr'><strong>τοῦ</strong></span> <span class='ocrx_word' id='word_1_704' title='bbox 2437 4660 2742 4730; x_wconf 89' lang='grc' dir='ltr'>κρείττονος</span> <span class='ocrx_word' id='word_1_705' title='bbox 2779 4661 3200 4733; x_wconf 83' lang='grc' dir='ltr'>συνεφώνησαν;</span> 
     </span>
    </p>
   </div>
   <div class='ocr_carea' id='block_1_95' title="bbox 449 4747 3702 4827">
    <p class='ocr_par' dir='ltr' id='par_1_95' title="bbox 449 4747 3702 4827">
     <span class='ocr_line' id='line_1_95' title="bbox 449 4747 3702 4827; baseline 0.005 -27"><span class='ocrx_word' id='word_1_706' title='bbox 449 4747 603 4801; x_wconf 78' lang='lat' dir='ltr'><strong>facta</strong></span> <span class='ocrx_word' id='word_1_707' title='bbox 633 4755 824 4802; x_wconf 87' lang='lat' dir='ltr'><strong>contra</strong></span> <span class='ocrx_word' id='word_1_708' title='bbox 863 4762 923 4804; x_wconf 90' lang='lat' dir='ltr'><strong>se</strong></span> <span class='ocrx_word' id='word_1_709' title='bbox 960 4749 1327 4814; x_wconf 81' lang='lat' dir='ltr'><strong>insaniebant,</strong></span> <span class='ocrx_word' id='word_1_710' title='bbox 1382 4750 1656 4818; x_wconf 91' lang='lat' dir='ltr'><strong>quomodo</strong></span> <span class='ocrx_word' id='word_1_711' title='bbox 1690 4750 1746 4803; x_wconf 91' lang='lat' dir='ltr'><strong>in</strong></span> <span class='ocrx_word' id='word_1_712' title='bbox 1789 4749 1858 4804; x_wconf 88' lang='lat' dir='ltr'><strong>iis</strong></span> <span class='ocrx_word' id='word_1_713' title='bbox 1901 4764 2022 4820; x_wconf 66' lang='lat' dir='ltr'><strong>quae</strong></span> <span class='ocrx_word' id='word_1_714' title='bbox 2059 4761 2256 4819; x_wconf 70' lang='lat' dir='ltr'><strong>praeter</strong></span> <span class='ocrx_word' id='word_1_715' title='bbox 2285 4761 2538 4807; x_wconf 89' lang='lat' dir='ltr'><strong>naturam</strong></span> <span class='ocrx_word' id='word_1_716' title='bbox 2579 4763 2730 4818; x_wconf 88' lang='lat' dir='ltr'><strong>sunt,</strong></span> <span class='ocrx_word' id='word_1_717' title='bbox 2766 4753 2834 4808; x_wconf 90' lang='lat' dir='ltr'><strong>ad</strong></span> <span class='ocrx_word' id='word_1_718' title='bbox 2868 4754 3172 4810; x_wconf 89' lang='lat' dir='ltr'><strong>habendam</strong></span> <span class='ocrx_word' id='word_1_719' title='bbox 3233 4757 3602 4827; x_wconf 85' lang='lat' dir='ltr'><strong>cupiditatem</strong></span> <span class='ocrx_word' id='word_1_720' title='bbox 3659 4771 3702 4816; x_wconf 76' lang='lat' dir='ltr'><strong>et</strong></span> 
     </span>
    </p>
   </div>
   <div class='ocr_carea' id='block_1_96' title="bbox 454 4838 2168 4897">
    <p class='ocr_par' dir='ltr' id='par_1_96' title="bbox 454 4838 2168 4897">
     <span class='ocr_line' id='line_1_96' title="bbox 454 4838 2168 4897; baseline 0.002 -4"><span class='ocrx_word' id='word_1_721' title='bbox 454 4838 522 4893; x_wconf 89' lang='lat' dir='ltr'><strong>ad</strong></span> <span class='ocrx_word' id='word_1_722' title='bbox 554 4838 973 4894; x_wconf 87' lang='lat' dir='ltr'><strong>commotionem</strong></span> <span class='ocrx_word' id='word_1_723' title='bbox 1019 4839 1112 4894; x_wconf 72' lang='lat' dir='ltr'><strong>irre</strong></span> <span class='ocrx_word' id='word_1_724' title='bbox 1154 4848 1345 4894; x_wconf 90' lang='lat' dir='ltr'><strong>contra</strong></span> <span class='ocrx_word' id='word_1_725' title='bbox 1395 4840 1564 4897; x_wconf 91' lang='lat' dir='ltr'><strong>Deum</strong></span> <span class='ocrx_word' id='word_1_726' title='bbox 1589 4842 1894 4896; x_wconf 85' lang='lat' dir='ltr'><strong>concordes</strong></span> <span class='ocrx_word' id='word_1_727' title='bbox 1942 4843 2168 4897; x_wconf 90' lang='lat' dir='ltr'><strong>fuerunt</strong></span> 
     </span>
    </p>
   </div>
   <div class='ocr_carea' id='block_1_97' title="bbox 527 4926 2046 5005">
    <p class='ocr_par' dir='ltr' id='par_1_97' title="bbox 527 4926 2046 5005">
     <span class='ocr_line' id='line_1_97' title="bbox 527 4926 2046 5005; baseline 0.002 -19"><span class='ocrx_word' id='word_1_728' title='bbox 527 4926 586 4986; x_wconf 91' lang='lat' dir='ltr'><strong>Si</strong></span> <span class='ocrx_word' id='word_1_729' title='bbox 614 4946 743 4987; x_wconf 88' lang='lat' dir='ltr'><strong>vero</strong></span> <span class='ocrx_word' id='word_1_730' title='bbox 784 4932 926 5002; x_wconf 84' lang='lat' dir='ltr'><strong>juvit</strong></span> <span class='ocrx_word' id='word_1_731' title='bbox 951 4940 1231 5002; x_wconf 79' lang='lat' dir='ltr'><strong>spectasse</strong></span> <span class='ocrx_word' id='word_1_732' title='bbox 1278 4935 1484 5000; x_wconf 92' lang='lat' dir='ltr'><strong>lumen,</strong></span> <span class='ocrx_word' id='word_1_733' title='bbox 1520 4950 1704 4990; x_wconf 91' lang='lat' dir='ltr'><strong>nonne</strong></span> <span class='ocrx_word' id='word_1_734' title='bbox 1736 4937 2046 5005; x_wconf 66' lang='lat' dir='ltr'><strong>oportebat-</strong></span> 
     </span>
    </p>
   </div>
   <div class='ocr_carea' id='block_1_98' title="bbox 454 5023 2021 5094">
    <p class='ocr_par' dir='ltr' id='par_1_98' title="bbox 454 5023 2021 5094">
     <span class='ocr_line' id='line_1_98' title="bbox 454 5023 2021 5094; baseline 0.001 -14"><span class='ocrx_word' id='word_1_735' title='bbox 454 5024 582 5080; x_wconf 88' lang='lat' dir='ltr'><strong>duci</strong></span> <span class='ocrx_word' id='word_1_736' title='bbox 609 5040 705 5081; x_wconf 91' lang='lat' dir='ltr'><strong>eos</strong></span> <span class='ocrx_word' id='word_1_737' title='bbox 735 5040 764 5078; x_wconf 91' lang='lat' dir='ltr'><strong>a</strong></span> <span class='ocrx_word' id='word_1_738' title='bbox 804 5023 915 5081; x_wconf 92' lang='lat' dir='ltr'><strong>Deo</strong></span> <span class='ocrx_word' id='word_1_739' title='bbox 957 5025 1026 5080; x_wconf 89' lang='lat' dir='ltr'><strong>ad</strong></span> <span class='ocrx_word' id='word_1_740' title='bbox 1073 5025 1367 5094; x_wconf 87' lang='lat' dir='ltr'><strong>perfectam</strong></span> <span class='ocrx_word' id='word_1_741' title='bbox 1395 5036 1608 5082; x_wconf 87' lang='lat' dir='ltr'><strong>naturae</strong></span> <span class='ocrx_word' id='word_1_742' title='bbox 1639 5029 2021 5094; x_wconf 87' lang='lat' dir='ltr'><strong>mutationem,</strong></span> 
     </span>
    </p>
   </div>
   <div class='ocr_carea' id='block_1_99' title="bbox 455 5118 2022 5190">
    <p class='ocr_par' dir='ltr' id='par_1_99' title="bbox 455 5118 2022 5190">
     <span class='ocr_line' id='line_1_99' title="bbox 455 5118 2022 5190; baseline 0.003 -20"><span class='ocrx_word' id='word_1_743' title='bbox 455 5118 694 5172; x_wconf 87' lang='lat' dir='ltr'><strong>adhibita</strong></span> <span class='ocrx_word' id='word_1_744' title='bbox 750 5118 857 5174; x_wconf 91' lang='lat' dir='ltr'><strong>illis</strong></span> <span class='ocrx_word' id='word_1_745' title='bbox 907 5119 1188 5173; x_wconf 90' lang='lat' dir='ltr'><strong>curatione</strong></span> <span class='ocrx_word' id='word_1_746' title='bbox 1237 5118 1304 5172; x_wconf 88' lang='lat' dir='ltr'><strong>ad</strong></span> <span class='ocrx_word' id='word_1_747' title='bbox 1344 5118 1634 5174; x_wconf 87' lang='lat' dir='ltr'><strong>fruendum</strong></span> <span class='ocrx_word' id='word_1_748' title='bbox 1683 5121 1801 5190; x_wconf 89' lang='lat' dir='ltr'><strong>ipso</strong></span> <span class='ocrx_word' id='word_1_749' title='bbox 1858 5121 2022 5184; x_wconf 91' lang='lat' dir='ltr'><strong>bono,</strong></span> 
     </span>
    </p>
   </div>
   <div class='ocr_carea' id='block_1_100' title="bbox 453 5209 2024 5282">
    <p class='ocr_par' dir='ltr' id='par_1_100' title="bbox 453 5209 2024 5282">
     <span class='ocr_line' id='line_1_100' title="bbox 453 5209 2024 5282; baseline 0.002 -19"><span class='ocrx_word' id='word_1_750' title='bbox 453 5210 559 5264; x_wconf 84' lang='lat' dir='ltr'><strong>hoc</strong></span> <span class='ocrx_word' id='word_1_751' title='bbox 597 5218 713 5272; x_wconf 89' lang='lat' dir='ltr'><strong>est,</strong></span> <span class='ocrx_word' id='word_1_752' title='bbox 761 5209 872 5265; x_wconf 90' lang='lat' dir='ltr'><strong>Deo</strong></span> <span class='ocrx_word' id='word_1_753' title='bbox 927 5210 1200 5280; x_wconf 78' lang='lat' dir='ltr'><strong>perfecte?</strong></span> <span class='ocrx_word' id='word_1_754' title='bbox 1242 5211 1524 5278; x_wconf 90' lang='lat' dir='ltr'><strong>Quomodo</strong></span> <span class='ocrx_word' id='word_1_755' title='bbox 1560 5212 1699 5281; x_wconf 89' lang='lat' dir='ltr'><strong>juvit</strong></span> <span class='ocrx_word' id='word_1_756' title='bbox 1743 5220 2024 5282; x_wconf 85' lang='lat' dir='ltr'><strong>spectacu-</strong></span> 
     </span>
    </p>
   </div>
   <div class='ocr_carea' id='block_1_101' title="bbox 452 5301 2028 5372">
    <p class='ocr_par' dir='ltr' id='par_1_101' title="bbox 452 5301 2028 5372">
     <span class='ocr_line' id='line_1_101' title="bbox 452 5301 2028 5372; baseline 0.001 -16"><span class='ocrx_word' id='word_1_757' title='bbox 452 5301 564 5356; x_wconf 93' lang='lat' dir='ltr'><strong>lum</strong></span> <span class='ocrx_word' id='word_1_758' title='bbox 591 5301 814 5356; x_wconf 88' lang='lat' dir='ltr'><strong>luminis</strong></span> <span class='ocrx_word' id='word_1_759' title='bbox 843 5302 944 5356; x_wconf 89' lang='lat' dir='ltr'><strong>visi</strong></span> <span class='ocrx_word' id='word_1_760' title='bbox 973 5302 1244 5372; x_wconf 82' lang='lat' dir='ltr'><strong>profectos</strong></span> <span class='ocrx_word' id='word_1_761' title='bbox 1274 5304 1338 5362; x_wconf 89' lang='lat' dir='ltr'><strong>ad</strong></span> <span class='ocrx_word' id='word_1_762' title='bbox 1373 5303 1680 5358; x_wconf 91' lang='lat' dir='ltr'><strong>bellandum</strong></span> <span class='ocrx_word' id='word_1_763' title='bbox 1706 5318 1828 5358; x_wconf 91' lang='lat' dir='ltr'><strong>cum</strong></span> <span class='ocrx_word' id='word_1_764' title='bbox 1869 5320 2028 5360; x_wconf 87' lang='lat' dir='ltr'><strong>exer-</strong></span> 
     </span>
    </p>
   </div>
   <div class='ocr_carea' id='block_1_102' title="bbox 448 5393 2024 5465">
    <p class='ocr_par' dir='ltr' id='par_1_102' title="bbox 448 5393 2024 5465">
     <span class='ocr_line' id='line_1_102' title="bbox 448 5393 2024 5465; baseline 0.003 -19"><span class='ocrx_word' id='word_1_765' title='bbox 448 5393 604 5462; x_wconf 86' lang='lat' dir='ltr'><strong>citu;</strong></span> <span class='ocrx_word' id='word_1_766' title='bbox 640 5393 838 5463; x_wconf 89' lang='lat' dir='ltr'><strong>quibus</strong></span> <span class='ocrx_word' id='word_1_767' title='bbox 868 5393 969 5448; x_wconf 91' lang='lat' dir='ltr'><strong>hoc</strong></span> <span class='ocrx_word' id='word_1_768' title='bbox 1006 5394 1184 5463; x_wconf 89' lang='lat' dir='ltr'><strong>ipsum</strong></span> <span class='ocrx_word' id='word_1_769' title='bbox 1230 5395 1410 5449; x_wconf 90' lang='lat' dir='ltr'><strong>lumen</strong></span> <span class='ocrx_word' id='word_1_770' title='bbox 1450 5410 1558 5450; x_wconf 91' lang='lat' dir='ltr'><strong>non</strong></span> <span class='ocrx_word' id='word_1_771' title='bbox 1606 5396 1853 5465; x_wconf 88' lang='lat' dir='ltr'><strong>permisit</strong></span> <span class='ocrx_word' id='word_1_772' title='bbox 1890 5411 2024 5450; x_wconf 92' lang='lat' dir='ltr'><strong>con-</strong></span> 
     </span>
    </p>
   </div>
   <div class='ocr_carea' id='block_1_103' title="bbox 451 5483 2022 5557">
    <p class='ocr_par' dir='ltr' id='par_1_103' title="bbox 451 5483 2022 5557">
     <span class='ocr_line' id='line_1_103' title="bbox 451 5483 2022 5557; baseline 0.002 -20"><span class='ocrx_word' id='word_1_773' title='bbox 451 5493 535 5537; x_wconf 87' lang='lat' dir='ltr'><strong>tra</strong></span> <span class='ocrx_word' id='word_1_774' title='bbox 590 5484 800 5553; x_wconf 91' lang='lat' dir='ltr'><strong>seipsos</strong></span> <span class='ocrx_word' id='word_1_775' title='bbox 832 5483 1070 5540; x_wconf 90' lang='lat' dir='ltr'><strong>furorem</strong></span> <span class='ocrx_word' id='word_1_776' title='bbox 1124 5485 1359 5555; x_wconf 87' lang='lat' dir='ltr'><strong>amplius</strong></span> <span class='ocrx_word' id='word_1_777' title='bbox 1397 5501 1673 5551; x_wconf 78' lang='lat' dir='ltr'><strong>exercere,</strong></span> <span class='ocrx_word' id='word_1_778' title='bbox 1705 5495 1764 5541; x_wconf 91' lang='lat' dir='ltr'><strong>ut</strong></span> <span class='ocrx_word' id='word_1_779' title='bbox 1804 5487 2022 5557; x_wconf 90' lang='lat' dir='ltr'><strong>quidem</strong></span> 
     </span>
    </p>
   </div>
   <div class='ocr_carea' id='block_1_104' title="bbox 449 5577 2024 5650">
    <p class='ocr_par' dir='ltr' id='par_1_104' title="bbox 449 5577 2024 5650">
     <span class='ocr_line' id='line_1_104' title="bbox 449 5577 2024 5650; baseline 0.004 -24"><span class='ocrx_word' id='word_1_780' title='bbox 449 5588 708 5629; x_wconf 77' lang='lat' dir='ltr'><strong>exercere</strong></span> <span class='ocrx_word' id='word_1_781' title='bbox 751 5577 1074 5644; x_wconf 86' lang='lat' dir='ltr'><strong>oportebat;</strong></span> <span class='ocrx_word' id='word_1_782' title='bbox 1123 5587 1316 5632; x_wconf 89' lang='lat' dir='ltr'><strong>contra</strong></span> <span class='ocrx_word' id='word_1_783' title='bbox 1354 5593 1414 5633; x_wconf 90' lang='lat' dir='ltr'><strong>se</strong></span> <span class='ocrx_word' id='word_1_784' title='bbox 1440 5595 1570 5634; x_wconf 91' lang='lat' dir='ltr'><strong>vero</strong></span> <span class='ocrx_word' id='word_1_785' title='bbox 1618 5579 1794 5649; x_wconf 92' lang='lat' dir='ltr'><strong>ipsum</strong></span> <span class='ocrx_word' id='word_1_786' title='bbox 1827 5589 2024 5650; x_wconf 85' lang='lat' dir='ltr'><strong>praeter</strong></span> 
     </span>
    </p>
   </div>
   <div class='ocr_carea' id='block_1_105' title="bbox 448 5665 2018 5742">
    <p class='ocr_par' dir='ltr' id='par_1_105' title="bbox 448 5665 2018 5742">
     <span class='ocr_line' id='line_1_105' title="bbox 448 5665 2018 5742; baseline 0.008 -27"><span class='ocrx_word' id='word_1_787' title='bbox 448 5677 615 5732; x_wconf 86' lang='lat' dir='ltr'><strong>quam</strong></span> <span class='ocrx_word' id='word_1_788' title='bbox 655 5665 958 5733; x_wconf 75' lang='lat' dir='ltr'><strong>oportebat,</strong></span> <span class='ocrx_word' id='word_1_789' title='bbox 1011 5669 1294 5736; x_wconf 88' lang='lat' dir='ltr'><strong>permisit?</strong></span> <span class='ocrx_word' id='word_1_790' title='bbox 1345 5667 1547 5725; x_wconf 80' lang='lat' dir='ltr'><strong>Verum</strong></span> <span class='ocrx_word' id='word_1_791' title='bbox 1584 5671 1637 5726; x_wconf 90' lang='lat' dir='ltr'><strong>in</strong></span> <span class='ocrx_word' id='word_1_792' title='bbox 1684 5671 1771 5727; x_wconf 76' lang='lat' dir='ltr'><strong>IIIS</strong></span> <span class='ocrx_word' id='word_1_793' title='bbox 1800 5672 2018 5742; x_wconf 89' lang='lat' dir='ltr'><strong>quidem</strong></span> 
     </span>
    </p>
   </div>
   <div class='ocr_carea' id='block_1_106' title="bbox 2202 4937 3701 5012">
    <p class='ocr_par' dir='ltr' id='par_1_106' title="bbox 2202 4937 3701 5012">
     <span class='ocr_line' id='line_1_106' title="bbox 2202 4937 3701 5012; baseline 0.004 -22"><span class='ocrx_word' id='word_1_794' title='bbox 2202 4939 2265 4991; x_wconf 84' lang='grc' dir='ltr'><strong>Εὶ</strong></span> <span class='ocrx_word' id='word_1_795' title='bbox 2297 4938 2354 4990; x_wconf 84' lang='grc' dir='ltr'>δὲ</span> <span class='ocrx_word' id='word_1_796' title='bbox 2393 4937 2601 5009; x_wconf 73' lang='grc' dir='ltr'>ὤνησεν</span> <span class='ocrx_word' id='word_1_797' title='bbox 2645 4942 2840 5003; x_wconf 79' lang='grc' dir='ltr'>αὐτοὺς</span> <span class='ocrx_word' id='word_1_798' title='bbox 2875 4942 2907 5011; x_wconf 77' lang='grc' dir='ltr'><strong>ἡ</strong></span> <span class='ocrx_word' id='word_1_799' title='bbox 2963 4940 3062 4994; x_wconf 89' lang='grc' dir='ltr'><strong>θέα</strong></span> <span class='ocrx_word' id='word_1_800' title='bbox 3097 4941 3189 4994; x_wconf 85' lang='grc' dir='ltr'><strong>τοῦ</strong></span> <span class='ocrx_word' id='word_1_801' title='bbox 3221 4944 3426 5012; x_wconf 79' lang='grc' dir='ltr'>φωτὸς,</span> <span class='ocrx_word' id='word_1_802' title='bbox 3461 4947 3584 5010; x_wconf 83' lang='grc' dir='ltr'><strong>πῶς</strong></span> <span class='ocrx_word' id='word_1_803' title='bbox 3620 4949 3701 5000; x_wconf 63' lang='grc' dir='ltr'>οὐκ</span> 
     </span>
    </p>
   </div>
   <div class='ocr_carea' id='block_1_107' title="bbox 2130 5029 3700 5107">
    <p class='ocr_par' dir='ltr' id='par_1_107' title="bbox 2130 5029 3700 5107">
     <span class='ocr_line' id='line_1_107' title="bbox 2130 5029 3700 5107; baseline 0.004 -25"><span class='ocrx_word' id='word_1_804' title='bbox 2130 5029 2237 5084; x_wconf 77' lang='grc' dir='ltr'>ἔδει</span> <span class='ocrx_word' id='word_1_805' title='bbox 2263 5047 2326 5099; x_wconf 90' lang='grc' dir='ltr'><strong>γε</strong></span> <span class='ocrx_word' id='word_1_806' title='bbox 2352 5030 2486 5101; x_wconf 85' lang='grc' dir='ltr'>πρὸς</span> <span class='ocrx_word' id='word_1_807' title='bbox 2510 5030 2714 5098; x_wconf 84' lang='grc' dir='ltr'>ἀγαθοῦ</span> <span class='ocrx_word' id='word_1_808' title='bbox 2741 5032 2876 5103; x_wconf 83' lang='grc' dir='ltr'>πρὸς</span> <span class='ocrx_word' id='word_1_809' title='bbox 2891 5032 3100 5086; x_wconf 84' lang='grc' dir='ltr'>τελείαν</span> <span class='ocrx_word' id='word_1_810' title='bbox 3136 5034 3334 5098; x_wconf 81' lang='grc' dir='ltr'>αὐτοὺς</span> <span class='ocrx_word' id='word_1_811' title='bbox 3364 5037 3470 5107; x_wconf 81' lang='grc' dir='ltr'>τῆς</span> <span class='ocrx_word' id='word_1_812' title='bbox 3505 5039 3700 5106; x_wconf 66' lang='grc' dir='ltr'>φύσεως</span> 
     </span>
    </p>
   </div>
   <div class='ocr_carea' id='block_1_108' title="bbox 2135 5122 3700 5197">
    <p class='ocr_par' dir='ltr' id='par_1_108' title="bbox 2135 5122 3700 5197">
     <span class='ocr_line' id='line_1_108' title="bbox 2135 5122 3700 5197; baseline 0.003 -23"><span class='ocrx_word' id='word_1_813' title='bbox 2135 5122 2432 5193; x_wconf 80' lang='grc' dir='ltr'>μεταϐολὴν</span> <span class='ocrx_word' id='word_1_814' title='bbox 2467 5122 2910 5194; x_wconf 81' lang='grc' dir='ltr'>ξεναγωγηθῆναι</span> <span class='ocrx_word' id='word_1_815' title='bbox 2930 5128 2995 5195; x_wconf 78' lang='grc' dir='ltr'>τῇ</span> <span class='ocrx_word' id='word_1_816' title='bbox 3030 5126 3298 5196; x_wconf 81' lang='grc' dir='ltr'>ἐπιτροπῇ</span> <span class='ocrx_word' id='word_1_817' title='bbox 3333 5129 3438 5197; x_wconf 80' lang='grc' dir='ltr'>τῆς</span> <span class='ocrx_word' id='word_1_818' title='bbox 3469 5127 3700 5187; x_wconf 72' lang='grc' dir='ltr'>ἐντελοῦς</span> 
     </span>
    </p>
   </div>
   <div class='ocr_carea' id='block_1_109' title="bbox 2129 5214 3699 5293">
    <p class='ocr_par' dir='ltr' id='par_1_109' title="bbox 2129 5214 3699 5293">
     <span class='ocr_line' id='line_1_109' title="bbox 2129 5214 3699 5293; baseline 0.005 -27"><span class='ocrx_word' id='word_1_819' title='bbox 2129 5214 2224 5266; x_wconf 86' lang='grc' dir='ltr'><strong>τοῦ</strong></span> <span class='ocrx_word' id='word_1_820' title='bbox 2261 5216 2568 5285; x_wconf 83' lang='grc' dir='ltr'>κρείττονος</span> <span class='ocrx_word' id='word_1_821' title='bbox 2611 5215 2995 5283; x_wconf 84' lang='grc' dir='ltr'>ἁπολαύσεως;</span> <span class='ocrx_word' id='word_1_822' title='bbox 3047 5217 3173 5282; x_wconf 88' lang='grc' dir='ltr'>Πῶς</span> <span class='ocrx_word' id='word_1_823' title='bbox 3202 5219 3260 5271; x_wconf 83' lang='grc' dir='ltr'>δὲ</span> <span class='ocrx_word' id='word_1_824' title='bbox 3304 5219 3525 5291; x_wconf 74' lang='grc' dir='ltr'>ὤνησεν</span> <span class='ocrx_word' id='word_1_825' title='bbox 3559 5225 3592 5293; x_wconf 86' lang='grc' dir='ltr'>ή</span> <span class='ocrx_word' id='word_1_826' title='bbox 3620 5221 3699 5274; x_wconf 66' lang='grc' dir='ltr'><strong>θέα</strong></span> 
     </span>
    </p>
   </div>
   <div class='ocr_carea' id='block_1_110' title="bbox 2129 5304 3697 5382">
    <p class='ocr_par' dir='ltr' id='par_1_110' title="bbox 2129 5304 3697 5382">
     <span class='ocr_line' id='line_1_110' title="bbox 2129 5304 3697 5382; baseline 0.005 -26"><span class='ocrx_word' id='word_1_827' title='bbox 2129 5305 2223 5356; x_wconf 86' lang='grc' dir='ltr'><strong>τοῦ</strong></span> <span class='ocrx_word' id='word_1_828' title='bbox 2259 5305 2516 5373; x_wconf 84' lang='grc' dir='ltr'>φανέντος</span> <span class='ocrx_word' id='word_1_829' title='bbox 2541 5304 2716 5374; x_wconf 84' lang='grc' dir='ltr'>φωτὸς</span> <span class='ocrx_word' id='word_1_830' title='bbox 2747 5306 3254 5377; x_wconf 86' lang='grc' dir='ltr'>στρατευσαμένους</span> <span class='ocrx_word' id='word_1_831' title='bbox 3277 5349 3290 5370; x_wconf 85' lang='grc'><strong>,</strong></span> <span class='ocrx_word' id='word_1_832' title='bbox 3329 5305 3416 5373; x_wconf 80' lang='grc' dir='ltr'>οἷς</span> <span class='ocrx_word' id='word_1_833' title='bbox 3457 5312 3562 5382; x_wconf 79' lang='grc' dir='ltr'>τὴν</span> <span class='ocrx_word' id='word_1_834' title='bbox 3610 5327 3697 5382; x_wconf 76' lang='grc' dir='ltr'>μα-</span> 
     </span>
    </p>
   </div>
   <div class='ocr_carea' id='block_1_111' title="bbox 2129 5395 3697 5470">
    <p class='ocr_par' dir='ltr' id='par_1_111' title="bbox 2129 5395 3697 5470">
     <span class='ocr_line' id='line_1_111' title="bbox 2129 5395 3697 5470; baseline 0.003 -22"><span class='ocrx_word' id='word_1_835' title='bbox 2129 5395 2246 5448; x_wconf 87' lang='grc' dir='ltr'>νίαν</span> <span class='ocrx_word' id='word_1_836' title='bbox 2270 5396 2452 5448; x_wconf 86' lang='grc' dir='ltr'>ούκέτι</span> <span class='ocrx_word' id='word_1_837' title='bbox 2481 5399 2599 5449; x_wconf 82' lang='grc' dir='ltr'>κατ’</span> <span class='ocrx_word' id='word_1_838' title='bbox 2630 5397 2872 5468; x_wconf 85' lang='grc' dir='ltr'>ἀλλήλων</span> <span class='ocrx_word' id='word_1_839' title='bbox 2889 5398 3116 5462; x_wconf 87' lang='grc' dir='ltr'>δεόντως</span> <span class='ocrx_word' id='word_1_840' title='bbox 3140 5401 3385 5470; x_wconf 82' lang='grc' dir='ltr'>ἐνεργεῖν</span> <span class='ocrx_word' id='word_1_841' title='bbox 3406 5403 3572 5456; x_wconf 87' lang='grc' dir='ltr'>τοῦτο</span> <span class='ocrx_word' id='word_1_842' title='bbox 3598 5420 3697 5455; x_wconf 79' lang='grc' dir='ltr'>συν-</span> 
     </span>
    </p>
   </div>
   <div class='ocr_carea' id='block_1_112' title="bbox 2127 5488 3691 5569">
    <p class='ocr_par' dir='ltr' id='par_1_112' title="bbox 2127 5488 3691 5569">
     <span class='ocr_line' id='line_1_112' title="bbox 2127 5488 3691 5569; baseline 0.003 -29"><span class='ocrx_word' id='word_1_843' title='bbox 2127 5488 2408 5561; x_wconf 80' lang='grc' dir='ltr'>εχώρησε,</span> <span class='ocrx_word' id='word_1_844' title='bbox 2456 5491 2577 5542; x_wconf 80' lang='grc' dir='ltr'>καθ’</span> <span class='ocrx_word' id='word_1_845' title='bbox 2624 5490 2816 5544; x_wconf 83' lang='grc' dir='ltr'>ἑαυτοῦ</span> <span class='ocrx_word' id='word_1_846' title='bbox 2854 5491 2911 5544; x_wconf 83' lang='grc' dir='ltr'>δὲ</span> <span class='ocrx_word' id='word_1_847' title='bbox 2955 5491 3106 5563; x_wconf 85' lang='grc' dir='ltr'><strong>παρά</strong></span> <span class='ocrx_word' id='word_1_848' title='bbox 3164 5493 3225 5546; x_wconf 76' lang='grc' dir='ltr'>τὺ</span> <span class='ocrx_word' id='word_1_849' title='bbox 3272 5493 3397 5548; x_wconf 88' lang='grc' dir='ltr'>δέον</span> <span class='ocrx_word' id='word_1_850' title='bbox 3447 5497 3691 5569; x_wconf 62' lang='grc' dir='ltr'>ἔτρεψε-νς</span> 
     </span>
    </p>
   </div>
   <div class='ocr_carea' id='block_1_113' title="bbox 2141 5580 3691 5658">
    <p class='ocr_par' dir='ltr' id='par_1_113' title="bbox 2141 5580 3691 5658">
     <span class='ocr_line' id='line_1_113' title="bbox 2141 5580 3691 5658; baseline 0.005 -26"><span class='ocrx_word' id='word_1_851' title='bbox 2141 5580 2300 5633; x_wconf 85' lang='grc' dir='ltr'>Ἀλλά</span> <span class='ocrx_word' id='word_1_852' title='bbox 2331 5581 2464 5633; x_wconf 78' lang='grc' dir='ltr'>πολὺ</span> <span class='ocrx_word' id='word_1_853' title='bbox 2503 5581 2602 5651; x_wconf 81' lang='grc' dir='ltr'><strong>μὲν</strong></span> <span class='ocrx_word' id='word_1_854' title='bbox 2636 5584 2694 5635; x_wconf 90' lang='grc' dir='ltr'><strong>ἐν</strong></span> <span class='ocrx_word' id='word_1_855' title='bbox 2717 5582 2926 5647; x_wconf 88' lang='grc' dir='ltr'>τούτοις</span> <span class='ocrx_word' id='word_1_856' title='bbox 2954 5585 3064 5646; x_wconf 87' lang='grc' dir='ltr'>τοῖς</span> <span class='ocrx_word' id='word_1_857' title='bbox 3098 5581 3381 5654; x_wconf 86' lang='grc' dir='ltr'>πλάσμασι</span> <span class='ocrx_word' id='word_1_858' title='bbox 3421 5587 3486 5638; x_wconf 83' lang='grc' dir='ltr'><strong>τὸ</strong></span> <span class='ocrx_word' id='word_1_859' title='bbox 3530 5586 3691 5658; x_wconf 77' lang='grc' dir='ltr'>ληρῶο</span> 
     </span>
    </p>
   </div>
   <div class='ocr_carea' id='block_1_114' title="bbox 2126 5671 3689 5756">
    <p class='ocr_par' dir='ltr' id='par_1_114' title="bbox 2126 5671 3689 5756">
     <span class='ocr_line' id='line_1_114' title="bbox 2126 5671 3689 5756; baseline 0.002 -32"><span class='ocrx_word' id='word_1_860' title='bbox 2126 5671 2214 5737; x_wconf 87' lang='grc' dir='ltr'><strong>δες</strong></span> <span class='ocrx_word' id='word_1_861' title='bbox 2236 5692 2248 5704; x_wconf 91' lang='grc'><strong>·</strong></span> <span class='ocrx_word' id='word_1_862' title='bbox 2284 5673 2458 5728; x_wconf 84' lang='grc' dir='ltr'>ταῦτα</span> <span class='ocrx_word' id='word_1_863' title='bbox 2492 5675 2548 5728; x_wconf 81' lang='grc' dir='ltr'>δὲ</span> <span class='ocrx_word' id='word_1_864' title='bbox 2578 5676 2670 5730; x_wconf 77' lang='grc' dir='ltr'><strong>καὶ</strong></span> <span class='ocrx_word' id='word_1_865' title='bbox 2699 5675 2880 5744; x_wconf 65' lang='grc' dir='ltr'>ἄλλως,</span> <span class='ocrx_word' id='word_1_866' title='bbox 2910 5676 3271 5748; x_wconf 88' lang='grc' dir='ltr'>ἀσύγγνωστα</span> <span class='ocrx_word' id='word_1_867' title='bbox 3299 5677 3569 5756; x_wconf 73' lang='grc' dir='ltr'>δειχθείη,</span> <span class='ocrx_word' id='word_1_868' title='bbox 3602 5677 3689 5747; x_wconf 57' lang='lat' dir='ltr'><strong>rip</strong></span> 
     </span>
    </p>
   </div>
  </div>
