3782 6166
94 198 271 258 1095
1240 197 1610 258 ADVERSUS
1643 202 1674 257 Η

1848 201 2068 262 ἱΗᾸΞΟΞ
2107 198 2236 258 UB.
2284 198 2324 261 ly.
3255 207 3394 264 1094

93 312 228 383 γὰρ
287 305 620 384 ὀνομάζουσι
657 313 751 368 τοῦ
781 307 986 384 ἀγαθοῦ
1008 333 1021 346 ο
1065 316 1221 370 ποίαν
1259 317 1318 370 δὲ
1351 317 1555 388 ταύτην
1597 335 1672 388 πρ

1848 321 2132 376 ammentis
2194 319 2426 374 multum
2478 319 2822 377 deliramenti
2881 331 2997 386 est,
3061 337 3182 392 quae
3233 323 3392 377 aliter

93 403 217 473 τῆς
261 404 671 477 δημιουργίας;
727 405 1104 479 Προλαμϐάνει
1135 408 1198 480 δὴ
1237 410 1369 480 παρ’
1413 409 1597 471 αὐτοῖς
1637 425 1674 460 τι

1848 411 1977 466 tiam
2008 406 2408 473 convincimus,
2466 425 2578 466 non
2622 423 2787 482 posse
2814 415 3114 469 condonari
3149 433 3162 468 :
3207 413 3389 468 nomi-

93 494 373 565 ὀνόματα
422 496 529 551 τῶν
580 497 922 568 πραγμάτων
970 498 1070 569 τὴν
1135 499 1376 567 γένεσινο
1419 499 1546 570 πρὶν
1597 498 1670 568 γὰ

1848 511 1946 558 ant
1972 504 2117 559 enim
2152 509 2352 564 terram
2383 503 2511 558 boni
2545 503 2566 576 (
2591 503 2646 559 id
2668 513 2771 572 est,
2807 501 2899 561 Dei
2928 506 2984 575 ;)
3015 505 3228 576 qualem
3260 519 3392 561 vero

93 585 467 659 ὁμολογῆσαι
521 588 614 643 τὸν
665 589 800 644 Θεὸν
850 590 1208 661 πεποιηκέναι
1231 630 1248 656 ,
1302 589 1450 659 λέγει
1505 584 1646 642 εἶναι

1848 603 2016 652 erra’m
2060 603 2185 650 ante
2230 594 2421 650 mundi
2472 597 2848 652 creationem?
2897 595 3055 668 Apud
3088 612 3183 652 eos
3239 596 3392 652 scili-

97 678 498 749 χαλεπώτατα
523 681 713 753 μανεὶς
735 683 796 736 τὸ
822 684 1048 755 μηδέπω
1066 683 1451 755 γεγενημένον.
1475 677 1554 754 Γῆ
1574 682 1703 753 γὰρ,

102 772 160 823 εί
204 773 320 843 μὲν
351 775 591 843 ἐγένετο,
621 770 688 846 ἧν
707 792 721 805 ·
751 777 799 828 εί
829 776 884 828 δὲ
919 775 994 848 μὴ
1021 770 1286 847 γενομένη
1317 771 1548 846 ὑπῆρχε,
1576 789 1705 828 συν-

93 865 397 937 -αγένητος
422 861 491 938 ἦν
513 866 592 938 τῷ
617 866 755 938 Θεῷδ
784 867 892 938 Γῆς
923 867 980 920 δέ
1002 868 1123 921 τίνα
1143 865 1330 940 χρείαν
1359 865 1473 937 ἔχει
1501 868 1530 920 ό
1549 863 1701 930 Θεὸς,

103 961 186 1030 γῇ
219 959 306 1030 μὴ
330 960 702 1031 κεχρημένος;
733 961 1122 1030 Ἀναλογίστως
1141 960 1244 1033 γῆν
1263 958 1399 1012 Θεοῦ
1424 958 1701 1045 όνομάζει,

1810 689 1901 743 cet
1942 695 2124 742 ortum
2164 694 2349 742 rerum
2383 687 2686 757 anticipant
2726 690 2948 743 nomina
2982 708 2996 744 :
3032 688 3188 760 prius
3238 687 3387 743 enim

1807 794 1974 850 quam
2007 778 2281 834 fateantur
2322 789 2538 835 ereasse
2566 777 2735 836 Deum
2764 780 3047 847 mundum,
3095 780 3172 835 ait
3199 779 3391 835 absur-

1807 869 2069 928 dissimus
2121 870 2484 938 Manichaeus,
2534 887 2658 929 esse
2718 873 2866 944 quod
2894 873 3139 928 nondum
3182 871 3388 928 factum

1805 970 1946 1017 erat.
1995 959 2168 1016 Terra
2210 975 2468 1032 namque,
2513 963 2561 1019 si
2605 963 2826 1034 quidem
2875 964 3074 1030 fuerat,
3106 973 3224 1021 erat
3255 984 3269 1020 :
3300 964 3389 1019 sin

105 1052 252 1121 πρὶν
282 1051 491 1123 ταύτην
524 1054 698 1107 εἰπεῖν
741 1054 1056 1123 γεγονέναι·
1083 1053 1203 1107 οὐδὲ
1234 1053 1343 1122 γάρ
1391 1043 1501 1106 οἶόν
1529 1069 1589 1106 τε

1848 1069 1939 1109 ero
1967 1068 2076 1107 non
2111 1059 2232 1108 erat
2258 1051 2423 1117 facta,
2454 1063 2574 1109 erat
2599 1056 2761 1110 simul
2811 1069 2938 1111 cum
2978 1054 3090 1111 Deo
3121 1056 3383 1128 ingenita.

107 1144 229 1215 πρὸ
259 1144 626 1219 δημιουργίας
659 1147 996 1218 μαρτυρῆσαι
1027 1145 1200 1219 ταύτῃ
1233 1145 1295 1198 τὸ
1323 1137 1596 1214 γενέσθαι.

1809 1141 1948 1210 Quid
1981 1155 2110 1198 vero
2139 1158 2276 1212 opus
2302 1151 2422 1198 erat
2454 1143 2564 1200 Deo
2590 1152 2738 1200 terra
2759 1186 2774 1210 ,
2807 1161 2917 1216 qua
2945 1161 3056 1200 non
3083 1145 3185 1202 fuit
3212 1146 3387 1202 usus?

110 1235 234 1291 Sed
290 1238 383 1292 hic
425 1239 747 1308 insipienter
792 1247 994 1294 terram
1035 1239 1128 1294 Dei
1176 1248 1354 1305 vocat,
1404 1247 1699 1310 antequam
1737 1237 1886 1294 dicat
1916 1238 2118 1293 factam
2153 1253 2275 1294 esse
2313 1257 2327 1292 :
2364 1251 2466 1294 nec
2525 1239 2673 1293 enim
2725 1249 2852 1296 ante
2906 1244 3240 1298 creationem
3287 1254 3386 1312 po-

101 1336 269 1382 terat
296 1329 676 1386 testimonium
705 1331 811 1386 dici
846 1332 912 1386 de
942 1339 1089 1386 terra
1120 1331 1288 1386 facta.

918 1445 1050 1500 CAP.
1094 1444 1236 1498 XIX.
1271 1444 1477 1500 Malum
1508 1441 1825 1515 principium
1856 1436 2029 1492 videre
2053 1436 2231 1490 lumen
2273 1453 2378 1492 non
2417 1439 2607 1506 potuit.

191 1563 436 1618 Ἔπειτα
483 1562 618 1616 Θεοῦ
669 1561 768 1634 μὲν
816 1561 931 1616 ἐστι
979 1561 1095 1633 φῶς
1132 1562 1388 1634 αἰσθητὸν
1435 1561 1698 1634 δημιούρ-

1875 1554 2080 1610 Deinde
2135 1568 2166 1607 a
2211 1553 2322 1608 Deo
2367 1553 2588 1624 quidem
2646 1563 2890 1610 creatum
2953 1567 3037 1614 est
3092 1559 3273 1616 lumen
3321 1564 3380 1621 in

107 1673 302 1726 γημα,
348 1655 511 1720 αὐτὸς
547 1655 604 1708 δὲ
641 1654 758 1725 φῶς
793 1655 859 1710 ἂν
892 1657 978 1726 εἴη
1017 1654 1226 1726 νοητὸν,
1257 1653 1358 1708 οὐκ
1401 1652 1656 1723 αἰσθητόν

1848 1655 2082 1716 spectum
2124 1645 2362 1712 cadens;
2416 1645 2533 1714 ipse
2554 1653 2733 1700 autem
2770 1645 2912 1703 Deus
2955 1652 3136 1706 lumen
3165 1661 3251 1708 est
3289 1655 3378 1710 in-

107 1744 277 1802 Εἷδεν
308 1744 401 1802 οὖν
423 1751 458 1821 ὴ
482 1748 669 1813 κακία,
704 1749 859 1820 φησι,
889 1748 949 1800 τὸ
981 1745 1096 1817 φῶς
1120 1746 1215 1800 τοῦ
1247 1744 1474 1815 ἀγαθοῦ.
1505 1745 1569 1798 Ei
1597 1744 1696 1816 μὲν

107 1841 176 1894 τὸ
210 1840 473 1912 αἰσθητὸν
527 1843 662 1910 φῶς,
696 1839 850 1893 οὔπω
902 1839 1128 1910 κόσμος,
1172 1836 1298 1891 οὔτε
1341 1837 1557 1907 γένεσις
1611 1836 1698 1890 κό-

111 1941 261 2003 σμου
289 1949 304 1963 ·
363 1931 480 1996 πῶς
508 1927 615 1985 εἶδε
657 1931 716 1985 τὸ
745 1931 968 2003 μηδέπω
1015 1929 1414 2001 γεγενημένονς
1457 1927 1552 1982 τοῦ
1589 1929 1697 2000 γὰρ

111 1997 464 2096 κεχρημένου
500 2025 664 2096 μήπω
696 1997 1051 2094 τυγχάνοντος
1088 1997 1399 2094 ανθρώπου,
1429 2020 1536 2074 τίνι
1565 1997 1700 2094 χρή.-

113 2133 280 2187 σιμον
321 2112 392 2187 ἦν
430 2115 491 2168 τὸ
529 2113 679 2184 φῶς-ς
729 2115 962 2185 συγγενῆ
1004 2113 1112 2186 γὰρ
1159 2112 1237 2184 τῷ
1280 2114 1604 2186 κεχρημένῳ
1629 2113 1699 2168 τὰ

109 2209 369 2282 χρήσιμα
388 2225 401 2237 ·
430 2207 492 2260 οὐ
519 2206 628 2279 γὰρ
655 2205 720 2278 δὴ
752 2204 871 2276 Θεῷ
899 2207 1167 2277 χρήσιμον
1197 2201 1266 2276 ἦν
1289 2204 1698 2277 ἀπηλλαγμένῳ

110 2301 302 2370 πάσης
326 2299 592 2372 αἰσθητῆς
625 2298 934 2369 μετουσίας.
980 2299 1043 2350 Εἰ
1092 2297 1149 2351 δὲ
1199 2297 1360 2351 αὑτὸν
1415 2298 1504 2352 τὸν
1538 2297 1695 2364 Θεὸν,

110 2392 290 2463 ὅσπερ
323 2393 441 2446 ἐστὶ
473 2391 658 2463 νοερὸν
691 2391 827 2461 φῶς,
873 2391 1090 2453 πάντως
1135 2390 1442 2461 ὁμοιώματι
1485 2389 1699 2460 φύσεως

111 2479 222 2536 εἶδε
256 2485 317 2537 τὸ
351 2485 556 2556 ὅμοιον.
599 2485 838 2555 Ἀνάγκη
863 2482 1038 2537 τοίνυν
1081 2481 1334 2554 αἰσθητὸν
1383 2481 1498 2550 φῶς
1530 2482 1698 2564 αὐτὴν

107 2571 422 2649 ἑωρακέναι
437 2584 456 2608 ’⁸
499 2577 754 2650 αίσθητὺν
784 2577 842 2630 δέ
873 2575 979 2646 πρὸ
1023 2573 1132 2628 τῶν
1161 2573 1456 2646 αἰσθητῶν,
1489 2575 1584 2629 τοῦ
1627 2574 1700 2629 τίκ

109 2684 206 2732 νος
244 2668 405 2742 χάριν
449 2670 685 2744 ὑπῆρχε.
728 2667 852 2733 Πῶς
884 2669 942 2722 δὲ
986 2668 1134 2739 ὅμως
1172 2666 1362 2730 σκότος
1403 2668 1507 2738 ὁρᾷ
1546 2667 1694 2736 φῶς;

110 2762 181 2817 El
219 2762 326 2834 γὰρ
369 2761 629 2817 ἐθεάσατο
668 2760 806 2832 φῶς,
850 2760 951 2814 οὐκ
989 2758 1057 2814 ἂν
1099 2758 1188 2829 εἴη
1231 2758 1451 2822 σκότος·
1497 2758 1698 2831 πολλὴν

112 2854 226 2926 γὰρ
249 2854 361 2926 ἔχει
392 2854 489 2928 τὴν
518 2854 801 2910 κοινωνίαν
823 2855 856 2925 ἠ
889 2852 1140 2924 αἴσθησις
1171 2851 1308 2923 πρὸς
1331 2851 1394 2905 τὸ
1419 2851 1695 2923 αίσθητόν.

112 2946 320 3017 Φυσικὴ
349 2945 457 3019 γὰρ
489 2947 524 3017 ἡ
553 2944 777 3017 ἐπιϐολὴ
800 2944 868 2997 δι’
886 2943 1182 3015 ὁμοιότητα
1220 2944 1321 3015 τῆς
1348 2943 1524 3014 ὅψεως
1560 2943 1698 3017 πρὸς

1798 1737 2077 1810 telligibile
2111 1753 2221 1792 non
2249 1737 2528 1794 sensibile.
2562 1735 2710 1791 Vidit
2733 1738 2917 1809 igitur,
2946 1739 3142 1812 inquit,
3189 1748 3381 1817 nequi.

1795 1831 1874 1884 tia
1903 1829 2088 1883 lumen
2121 1828 2322 1882 summi
2354 1829 2502 1884 boni.
2542 1827 2601 1883 Si
2623 1831 2831 1896 lumen,
2883 1833 3030 1903 quod
3055 1833 3113 1889 in
3151 1851 3377 1894 sensum

1796 1920 1963 1984 cadit,
1990 1920 2234 1974 nondum
2257 1930 2374 1975 erat
2403 1921 2661 1987 mundus,
2693 1938 2796 1979 nec
2823 1934 2978 1982 ortus
2999 1930 3211 1992 mundi.
3236 1945 3376 2000 quo-

1798 2012 1962 2068 modo
1993 2012 2159 2083 igitur
2188 2011 2323 2068 vidit
2359 2013 2508 2083 quod
2543 2015 2790 2070 nondum
2831 2015 3036 2074 factum
3073 2023 3233 2076 erat?
3282 2023 3374 2080 cui

1797 2103 1944 2158 enim
1986 2104 2183 2159 fuisset
2227 2105 2373 2171 usui,
2413 2105 2656 2161 nondum
2710 2107 2928 2166 homine
2973 2113 3069 2181 qui
3103 2122 3376 2181 uteretur;

1798 2194 2018 2250 creato?
2050 2196 2206 2250 utilia
2235 2197 2380 2252 enim
2413 2199 2588 2254 utenti
2619 2211 2849 2271 cognata
2887 2212 3014 2258 sunt
3040 2225 3055 2262 :
3084 2221 3192 2262 non
3226 2210 3376 2264 enim

1799 2288 1912 2344 Deo
1950 2289 2045 2360 qui
2074 2288 2142 2343 ab
2181 2289 2331 2344 omni
2365 2292 2787 2362 participatione
2825 2297 3016 2352 sensili
3069 2299 3209 2354 liber
3246 2308 3372 2366 est,

1799 2381 1931 2438 utile
1946 2389 2083 2438 erat.
2115 2379 2170 2436 Si
2202 2391 2381 2437 autem
2435 2383 2615 2454 ipsum
2650 2384 2842 2452 Deum,
2880 2388 3029 2458 quod
3061 2397 3148 2446 est
3189 2391 3374 2448 lumen

1798 2474 2163 2545 intelligibile,
2195 2476 2419 2530 omnino
2457 2475 2595 2530 vidit
2638 2477 3001 2536 similitudine
3046 2490 3258 2537 natura:
3295 2486 3378 2538 si-

1799 2566 1953 2632 mile;
1986 2581 2214 2626 necesse
2250 2567 2417 2638 igitur
2455 2577 2576 2624 erat
2619 2575 2680 2624 ut
2714 2570 2834 2640 ipsa
2874 2571 3057 2628 lumen
3107 2575 3374 2630 sensibile

1797 2657 2064 2727 vidiSSet;
2123 2659 2384 2715 sensibile
2425 2668 2608 2716 autem
2658 2677 2922 2733 quorsum
2972 2662 3188 2730 fuisset,
3226 2665 3374 2721 etin

1795 2765 1962 2822 quem
2000 2766 2162 2806 usum
2195 2759 2323 2806 ante
2376 2753 2658 2809 sensibilia
2709 2757 2932 2811 creata?
2979 2755 3195 2830 Alioqui
3233 2775 3375 2832 quo-

1797 2842 1961 2898 modo
1983 2843 2219 2899 tenebrae
2239 2843 2424 2898 vident
2447 2844 2671 2901 lumen?
2722 2844 2780 2900 Si
2825 2847 2973 2903 enim
3004 2849 3257 2906 viderunt
3288 2852 3374 2908 lu-

1800 2948 1947 3000 men,
1977 2934 2228 2991 diabolus
2253 2951 2361 2990 non
2387 2944 2506 2991 erat
2526 2937 2802 3007 tenebrae;
2834 2955 3085 3012 magnam
3115 2943 3260 2998 enim
3288 2960 3376 3001 so-

112 3037 177 3090 τὸ
210 3017 530 3108 φαινόμενον
549 3054 563 3068 ’
599 3037 795 3091 αὐτίκα
817 3036 1194 3107 ἀναμάσσεται
1228 3035 1346 3106 ἅμα
1370 3035 1560 3089 τούτου
1600 3036 1674 3090 τὸγ

1848 3032 2047 3080 etatem
2069 3034 2125 3082 et
2144 3027 2591 3097 conjunctionem
2621 3030 2786 3087 habet
2826 3047 3023 3090 sensus
3063 3051 3188 3090 cum
3239 3053 3371 3094 sen-

113 3129 437 3202 χαρακτῆρα
460 3130 548 3184 διὰ
588 3129 685 3200 τὴν
711 3129 932 3200 ἔννομον
973 3128 1072 3199 τῆς
1111 3127 1326 3198 φύσεως
1364 3128 1649 3182 κοινωνίαν
1671 3145 1684 3158 ·

117 3221 275 3293 σῶμα
303 3222 401 3293 μὲν
439 3221 548 3293 γὰρ
591 3221 753 3293 σῶμα
783 3223 882 3294 ὁρᾷ
901 3241 916 3252 ’
947 3221 1130 3292 ὅμοιον
1168 3219 1225 3273 δὲ
1251 3219 1330 3290 τῷ
1357 3218 1528 3291 ὁμοίῳ
1571 3220 1692 3272 ἐπι-

110 3311 324 3376 ϐάλλει,
360 3313 456 3366 καὶ
482 3313 583 3367 οὐκ
618 3312 796 3366 ἐνεστι
837 3312 900 3364 τὸ
943 3315 1191 3384 κρεῖττον
1230 3311 1326 3366 καὶ
1352 3310 1689 3382 ἁναϐεϐηκὺς

115 3407 182 3475 τῇ
218 3403 396 3474 φύσει,
431 3403 671 3473 καίτοιγε
710 3404 812 3457 οὐκ
843 3405 1101 3468 ἐναντίως
1134 3402 1258 3474 ἔχον
1293 3401 1417 3474 (8⁸),
1447 3400 1584 3474 πλὴν
1606 3402 1687 3454 ὅτι

112 3503 181 3562 ’γε
230 3494 514 3567 ἀσώματον
559 3496 638 3568 τῷ
685 3495 1078 3568 ὑποϐεϐηκότι,
1130 3495 1226 3551 άτε
1278 3494 1344 3566 δὴ
1394 3493 1689 3565 σωματικῷ

119 3586 334 3650 πάντως
364 3588 462 3658 οὐχ
481 3589 672 3660 ὁρατόν
691 3604 704 3619 ·
737 3589 845 3660 ἄρα
868 3605 932 3657 γε
959 3588 1020 3643 τὸ
1045 3588 1288 3643 ἐναντίον
1319 3586 1399 3658 τῷ
1439 3586 1684 3657 ἐναντίῳ,

117 3677 232 3747 είγε
257 3679 422 3744 ἐστὶν,
447 3680 712 3751 ἀόρατονο
756 3681 950 3741 οὐκοῦν
987 3681 1223 3751 συγγενὶ
1263 3681 1359 3736 καὶ
1403 3679 1551 3751 φίλα,
1593 3679 1686 3732 καὶ

106 3767 360 3840 οὐδαμῶς
388 3771 624 3826 ἐναντία.

1793 3117 1962 3174 sibili.
1985 3116 2263 3175 Naturalis
2303 3121 2450 3174 enim
2493 3123 2778 3192 conjectus
2815 3126 3102 3182 oculorum
3147 3138 3374 3200 propter

1791 3209 2213 3266 similitudinem
2244 3218 2501 3282 aspectus
2529 3229 2654 3269 cum
2680 3230 2741 3270 re
2771 3230 2892 3285 qua:
2921 3216 3156 3284 videtur,
3183 3222 3370 3276 statim

1795 3303 2050 3373 exprimit
2083 3301 2313 3375 ﬁguram
2365 3303 2488 3375 ejus
2528 3314 2752 3377 propter
2805 3309 3104 3380 legitimam
3158 3319 3371 3369 natura:

1793 3399 2271 3464 communionem;
2323 3413 2527 3468 corpus
2557 3401 2701 3454 enim
2735 3414 2937 3470 corpus
2966 3402 3128 3458 videt.
3178 3401 3370 3461 Simile

1793 3490 1851 3544 in
1887 3491 2065 3546 simile
2093 3489 2328 3545 intendit
2355 3490 2560 3558 aciem;
2593 3507 2771 3563 neque
2801 3502 3036 3564 possunt
3077 3496 3226 3551 oculi
3264 3511 3367 3552 na-

1793 3589 1927 3635 turae
1967 3579 2245 3635 inferioris
2274 3580 2421 3649 quod
2450 3587 2647 3636 natura
2687 3583 3038 3652 praestantius
3092 3591 3148 3640 et
3179 3585 3365 3642 excel-

1790 3674 1992 3731 lentius
2026 3681 2112 3730 est
2137 3672 2341 3741 videre,
2396 3672 2596 3730 nedum
2633 3675 2781 3748 quod
2815 3685 3025 3732 naturae
3073 3678 3366 3733 contrariae

1786 3775 1890 3824 est.
1907 3766 1965 3822 Si
1993 3775 2197 3830 autem,
2218 3765 2364 3836 quod
2377 3773 2460 3822 est
2481 3776 2690 3822 natura:
2719 3767 3145 3838 excellentioris,
3162 3770 3365 3842 quippe

119 3876 241 3918 cum
268 3879 376 3920 non
409 3865 482 3921 sit
501 3865 858 3932 contrarium,
894 3873 1254 3937 praeterquam
1314 3865 1722 3936 incorporeum,
1762 3862 1830 3917 ab
1861 3861 2126 3916 inferiore
2155 3867 2346 3931 utpote
2377 3874 2645 3931 corporeo
2675 3859 2899 3917 omnino
2935 3876 3046 3917 non
3069 3871 3251 3934 patest
3278 3861 3364 3917 vi-

120 3953 265 4023 deri;
298 3970 428 4012 sane
471 3958 808 4013 contrarium
857 3973 889 4013 a
935 3959 1239 4023 contrario,
1271 3957 1319 4014 si
1372 3956 1536 4013 modo
1582 3965 1688 4022 est,
1728 3953 1905 4010 videri
1972 3968 2083 4008 non
2137 3960 2340 4026 potest.
2388 3951 2530 4008 Sunt
2576 3951 2743 4025 igitur
2813 3953 2920 4009 ista
2972 3969 3094 4026 quae
3152 3954 3364 4011 scilicet

115 4058 182 4099 se
227 4043 428 4111 vident,
476 4055 709 4117 cognata
768 4056 822 4101 et
861 4047 1037 4102 amica
1074 4056 1128 4102 et
1175 4061 1524 4118 nequaquam
1566 4046 1866 4102 contraria.

491 4159 619 4216 CAP.
659 4159 779 4216 XX.
820 4159 1053 4216 Materia
1081 4177 1146 4216 ea:
1173 4160 1386 4218 Manete
1416 4161 1693 4218 ascendere
1727 4168 1972 4215 conatur.
1999 4156 2243 4216 Materiae
2269 4177 2419 4215 amor
2436 4175 2564 4233 erga
2595 4160 2825 4218 sobolem
2851 4161 2972 4219 Dei.

201 4275 352 4329 Ἀλλά
393 4275 596 4348 πλῆρες
643 4277 865 4350 ὀλέθρου
914 4278 1189 4351 βαρϐάρου
1230 4280 1292 4334 τὸ
1323 4281 1549 4352 πλάσμα
1577 4279 1672 4352 (9)’

1852 4277 1960 4333 Sed
1995 4278 2215 4348 plenum
2251 4285 2338 4335 est
2373 4286 2746 4335 commentum
2782 4280 3020 4337 barbara
3065 4283 3308 4352 pernicie
3337 4303 3353 4338 :

117 4369 248 4440 φησὶ
276 4370 399 4438 γάρ⁹
435 4369 511 4422 Οὐ
549 4369 707 4439 μόνον
736 4366 872 4423 εἶδεν
904 4371 937 4442 ἡ
969 4369 1092 4440 ὕλη,
1127 4371 1263 4425 ἀλλὰ
1294 4371 1390 4424 καὶ
1421 4371 1679 4442 ἐπιϐῆναι

123 4458 437 4520 ἐϐουλεύετο,
478 4458 666 4531 ὥσπερ
710 4461 830 4516 τινὰ
871 4463 1103 4536 σπουδὴν
1150 4463 1432 4534 τιθέμενος
1474 4464 1680 4536 ταύτην

121 4551 198 4612 εἰς
222 4550 483 4615 ἀπόδειξιν
515 4551 616 4621 τῆς
657 4553 792 4622 πρὸς
824 4553 884 4606 τὸ
912 4556 1027 4624 φῶς
1060 4556 1343 4620 κοινωνίας
1362 4573 1375 4586 '
1410 4556 1550 4627 τάχα
1585 4557 1680 4610 καὶ

127 4640 450 4711 μετέγνωσαν
478 4642 526 4694 οί
561 4641 619 4706 ἐξ
651 4643 843 4714 αὐτῆς,
880 4645 960 4698 ὅτι
985 4647 1042 4699 ἐν
1068 4639 1324 4710 ἀπλέτοις
1360 4646 1522 4700 αίῶσι
1568 4651 1680 4711 τοῖς

126 4731 466 4800 προλαϐοῦσιν
503 4733 787 4806 ἀπείρατοι
830 4737 1168 4806 ἐγεγόνεισαν
1209 4737 1302 4791 τοῦ
1340 4739 1535 4807 φωτός.
1568 4739 1680 4793 Καὶ

125 4825 238 4878 τίνα
263 4825 452 4896 τρόπον
482 4827 672 4891 σκότος
707 4831 1076 4899 μεταποιεῖται
1118 4830 1324 4899 φωτός;
1353 4830 1385 4902 ἢ
1412 4830 1555 4895 τίνος
1582 4831 1680 4902 χά-

125 4934 208 4989 ριν
235 4916 470 4969 ἐπελθεῖν
510 4918 684 4990 τούτῳ
731 4937 794 4988 γε
839 4921 1119 4991 βούλεται;
1164 4918 1310 4993 Ἀρά
1361 4939 1425 4991 γε
1465 4916 1554 4977 ἵνα
1578 4923 1678 4995 τὴν

125 5009 271 5077 φύσιν
299 5009 683 5081 μεταϐάληται,
721 5015 814 5064 καὶ
842 5012 1064 5085 γένηται
1105 5013 1259 5082 φῶς;
1364 5013 1451 5067 ἵνα
1492 5008 1680 5087 γράφῃ

127 5100 216 5169 (9')
245 5101 373 5168 φωτὶ
405 5102 651 5155 ἐναντίαν
690 5105 790 5174 τῆς
819 5096 1032 5170 φῦσεως
1059 5105 1296 5176 τροφήν;
1339 5104 1478 5157 Ἀλλ’
1513 5103 1678 5174 ἀγνο-

125 5191 266 5256 οὖσα,
291 5192 538 5263 ἐπιϐῆναι
565 5193 743 5265 ἤθελε·
765 5194 960 5258 καίτοι,
995 5196 1043 5247 εί
1069 5195 1166 5265 μὲν
1194 5195 1358 5263 ἔγνω⁷
1385 5194 1539 5264 λόγον
1561 5190 1677 5268 εἶχε

125 5284 182 5336 τὸ
208 5284 627 5357 μεταποιηθῆναι
647 5303 661 5317 ·
691 5282 856 5340 οὖσαν
889 5287 946 5341 δὲ
977 5287 1136 5356 φύσει
1169 5288 1369 5343 κακίαν
1401 5291 1496 5343 καὶ
1523 5289 1679 5358 ἀγνο-

192 5417 281 5488 (8⁴)
316 5419 516 5489 Ἕχον.
569 5417 700 5476 Post
741 5419 882 5476 hanc
931 5437 1120 5478 vocem
1164 5422 1357 5480 deesse
1406 5422 1463 5477 in
1515 5429 1676 5477 .textu

128 5489 369 5544 nonnulla
403 5489 683 5546 videntur.

195 5560 261 5627 l9)
300 5560 479 5625 Ἀλλὰ
503 5563 605 5614 πλ.
639 5579 692 5614 κ.
711 5579 760 5613 τ.
781 5558 1005 5616 λ.Ηυηο
1031 5561 1209 5615 Iccium
1239 5562 1312 5617 ita
1343 5559 1520 5617 reddit
1542 5564 1675 5617 Bas-

131 5632 334 5703 nagius:
360 5630 587 5718 Barbari
616 5633 919 5702 ﬁgmentum
939 5634 1168 5701 pernicie
1201 5635 1408 5701 plenum
1424 5641 1521 5688 est.
1544 5633 1669 5687 Bar-

1781 4367 1858 4421 ait
1889 4368 2056 4433 enim,
2107 4383 2217 4422 non
2263 4369 2441 4424 solum
2482 4368 2621 4423 vidit
2682 4371 2930 4435 materia,
2977 4371 3073 4426 sed
3119 4372 3357 4428 decrevit

1779 4461 2073 4516 ascendere
2107 4468 2366 4531 tanquam
2396 4460 2642 4516 studium
2683 4461 2957 4531 quoddam
2997 4462 3266 4518 adhibens
3288 4463 3357 4518 ad

1778 4551 2269 4610 demonstrandum
2298 4553 2502 4608 habere
2537 4569 2598 4609 se
2615 4554 3052 4610 communionem
3087 4561 3140 4610 et
3183 4557 3358 4612 socie-

1776 4652 1946 4701 tatem
1977 4661 2102 4704 cum
2134 4646 2374 4701 lumine:
2412 4645 2645 4702 fortasse
2693 4663 2788 4703 eos
2831 4647 2925 4717 qui
2973 4662 3037 4702 ex
3080 4647 3200 4718 ipsa
3240 4649 3356 4703 nati

1778 4743 1928 4800 Sunt,
1973 4735 2250 4806 pmnituit,
2273 4736 2419 4806 quod
2463 4736 2693 4792 infinitis
2731 4737 2944 4794 saeculis
2977 4739 3355 4807 superioribus

1776 4843 1887 4882 non
1935 4826 2170 4882 fuissent
2214 4827 2422 4897 experti
2461 4827 2643 4883 lumen
2677 4845 2691 4883 :
2721 4835 2776 4883 et
2811 4829 3085 4899 quomodo
3120 4829 3356 4885 tenebrae

1778 4919 2094 4975 adsciscunt
2131 4926 2185 4974 et
2216 4919 2494 4975 vindicant
2543 4920 2645 4976 sibi
2678 4921 2904 4977 lumen?
2937 4930 3029 4976 aut
3065 4938 3350 4993 quorsum,

1777 5019 1832 5067 et
1860 5011 1916 5066 in
1949 5027 2108 5081 quem
2138 5026 2298 5067 usum
2330 5013 2520 5068 volunt
2562 5013 2800 5072 tenebra:
2842 5015 3103 5069 invadere
3131 5014 3354 5069 lumen?

1779 5118 1847 5158 an
1874 5111 1932 5157 ut
1978 5112 2229 5158 naturam
2263 5113 2476 5160 mutent
2503 5111 2556 5163 et
2596 5106 2902 5163 efﬁciantur
2933 5108 3112 5162 lumen
3135 5108 3160 5159 ?
3186 5122 3254 5161 an
3290 5115 3351 5160 ut

1777 5195 2097 5249 nutriantur
2124 5195 2354 5264 lumine,
2385 5196 2647 5253 alimento
2692 5206 2904 5252 naturae
2939 5197 3220 5253 contrario
3241 5200 3352 5254 ‘lAt

1777 5286 2038 5358 ignorans
2077 5285 2252 5342 voluit
2291 5284 2607 5344 ascendere.
2644 5287 2856 5343 Etenim
2894 5288 2941 5344 si
2978 5289 3347 5364 cognovisset,

1776 5419 1942 5544 ἔοι-ηε
1985 5419 2131 5476 enim
2166 5420 2278 5487 ille,
2312 5420 2511 5491 inquit,
2547 5423 2640 5493 qui
2666 5423 2792 5477 talia
2843 5421 3014 5489 finxit,
3044 5432 3130 5480 est
3162 5421 3348 5480 Manes

1821 5505 1966 5544 ersa.

1821 5505 2058 5636 Ἢ
2073 5561 2280 5636 ἵνα-πο.
2302 5560 2385 5636 an
2409 5568 2467 5615 ut
2491 5562 2764 5636 imprimat
2798 5565 3111 5623 alimentum
3137 5572 3348 5623 natura:

1775 5632 1914 5689 lucis
1945 5633 2325 5688 contrarium?
2354 5632 2513 5690 Basn.
