3782 6166
476 278 617 338 10θὲ
1638 263 1778 327 Ti’l‘l
1818 256 2249 324 BOS‘I‘RENSIS
2288 250 2597 317 EPISC‘OPW
3600 240 3747 298 Ἰώ

472 395 617 450 ratio
640 398 920 448 constaret
950 405 1049 445 cur
1099 389 1299 443 mutari
1331 386 1597 442 voluisset
1642 406 1654 440 :
1694 400 1841 441 nunc
1880 394 1965 438 aut

2253 396 2351 442 raw,
2375 374 2654 447 ἀνατροπὴ
2684 369 2953 442 παντελὴς
2976 368 3075 438 τῆς
3098 358 3414 426 ὑποθέσεως
3442 360 3512 414 τὸ
3548 359 3626 429 μὴ
3656 358 3746 410 καὶ

471 499 600 539 cum
634 493 829 538 natura
863 488 933 537 sit
957 480 1201 549 nequitia
1232 488 1285 533 et
1303 480 1584 549 ignorans,
1611 477 1822 547 integra
1851 490 1964 531 evel

1232 488 1285 533 et
1303 480 1584 549 ignorans,
1611 477 1822 547 integra
1851 474 2065 531 eversio
2166 474 2359 542 φυγεῖν
2379 469 2441 523 τὸ
2462 465 2719 522 ἐναντίον.

471 556 641 633 totius
658 576 739 630 rei
768 582 823 631 et
855 589 1037 630 causae
1058 582 1267 629 estnon
1301 570 1487 641 fugere
1505 584 1535 621 a
1566 567 1868 623 contrario.

544 666 702 735 Quod
746 674 929 721 autem
973 664 1149 734 magis
1193 678 1221 716 a
1267 662 1481 716 ratione
1525 673 1781 713 aversum
1836 663 1942 714 est.
1985 657 2033 709 ai

2249 653 2308 706 [δ
2329 652 2386 706 δὲ
2413 649 2478 722 δὴ
2503 646 2685 720 μεῖζον
2705 646 2784 710 είς
2810 642 3054 711 ἀλογίαν,
3088 636 3494 694 ἀποσταλεῖσαν
3525 633 3742 701 binim

477 760 707 817 missam
743 758 916 815 fuisse
938 773 969 812 a
994 758 1142 812 bono
1177 762 1523 827 potestatem,
1570 767 1683 805 non
1719 750 1833 819 jam
1878 750 1970 803 lun

2251 748 2258 798 ἡ
2286 744 2511 815 ἀγαθοῦ,
2544 741 2728 796 οὐκέτι
2769 738 2883 809 φῶς
2912 736 3167 807 αἰσθητόν
3186 751 3200 763 ·
3234 731 3351 785 ἀλλ’
3390 731 3469 793 ὡς
3500 729 3570 783 ἂν
3596 728 3744 795 vim,

477 852 758 916 sensibile,
794 850 890 907 sed
921 818 1313 905 velutdiceret.
1346 844 1592 901 sobolem
1621 818 1734 897 Dei.
1760 838 1911 894 Hanc
1935 854 1964 893 c

2251 835 2435 907 οὸολὴν
2479 832 2574 888 τοῦ
2608 829 2742 886 Θεοῦ
2794 826 3125 898 θεασαμένη,
3179 822 3498 895 προσκισσᾷ
3554 819 3653 889 μὲν
3682 818 3744 877 ὡς

478 944 706 1001 vidisset
736 941 986 1004 materia,
1012 938 1329 1009 concupivit
1349 936 1568 1007 quidem
1586 942 1848 1002 tanquam
1872 947 1971 984 am:

2255 928 2367 992 ὅσα,
2392 925 2541 999 ὁρμᾷ
2568 922 2625 976 δὲ
2664 920 2757 975 καὶ
2798 917 3106 980 καταπίνει,
3134 915 3226 968 καὶ
3251 914 3371 975 ταῖς
3405 909 3573 971 ἰδίαις
3600 908 3748 959 διινὰ-

478 1057 637 1106 eam;
673 1040 936 1109 impetum
971 1051 1101 1092 vero
1139 1036 1195 1090 in
1218 1049 1340 1089 eam
1384 1031 1514 1087 fecit
1554 1039 1609 1087 et
1648 1028 1956 1090 absorbuit,

2252 1037 2296 1073 rt
2317 1016 2559 1087 διανέμει
2584 1031 2596 1044 ·
2691 1012 2747 1066 δὲ
2776 1011 2869 1064 καὶ
2896 1007 3192 1094 θεάσασθαι
3220 1005 3282 1058 τὸ
3313 1005 3382 1056 ὲκ
3405 1002 3515 1073 τῆς
3542 999 3745 1069 quisse;

468 1135 598 1189 suis
626 1093 996 1202 potestatibus
1022 1128 1302 1183 distribuit
1328 1142 1343 1190 ;
1379 1139 1486 1196 qua
1506 1124 1594 1177 via
1632 1122 1748 1177 ﬁeri
1780 1136 1889 1176 non
1920 1136 1961 1190 pl

2255 1113 2260 1161 ἰ
2308 1107 2513 1180 ἀγαθοῦ
2556 1104 2804 1178 πεμφθὲν
2855 1102 3114 1156 ἀδύνατον
3159 1095 3249 1170 ἦν,
3291 1094 3475 1167 ταύτῃ
3536 1093 3748 1145 Bautis

479 1230 586 1287 rat,
616 1229 677 1276 ut
698 1220 907 1276 videret
939 1220 1169 1275 missum
1186 1233 1254 1272 ex
1284 1221 1482 1270 natura
1502 1212 1666 1279 boni;
1701 1213 1822 1274 hoc,
1865 1211 1972 1277 ἰηίιι

2257 1222 2300 1258 τι
2345 1200 2649 1273 γεγονέναι,
2703 1196 2798 1251 καὶ
2848 1195 3136 1246 καταπιεῖν
3190 1189 3368 1243 τοῦτο.
3414 1185 3551 1239 Ἐπὶ
3600 1184 3750 1235 πλέον

479 1311 735 1369 eﬂ‘ectum
795 1316 901 1376 est,
951 1316 1012 1363 ut
1060 1307 1356 1362 absorbere
1406 1310 1593 1374 posset
1636 1272 1890 1356 missum.

2258 1317 2277 1351 ο
2305 1297 2384 1368 τῷ
2421 1294 2570 1365 αὐτῷ
2602 1295 2875 1365 χρήσομαι
2902 1288 3065 1358 λόγῳ,
3096 1286 3190 1351 ώς,
3222 1284 3271 1337 εἰ
3304 1282 3405 1335 καὶ
3439 1280 3611 1351 μόνον
3658 1272 3751 1328 εἶξε

480 1405 630 1461 enim
676 1402 855 1458 adhuc
885 1400 1123 1471 amplius
1151 1397 1341 1454 eodem
1370 1396 1559 1458 verbo,
1608 1394 1869 1463 quoniam
1901 1392 1948 1446 si

2257 1394 2317 1444 ὲκ
2338 1389 2436 1459 τῆς
2459 1387 2644 1448 οὐσίας
2674 1382 2764 1437 τοῦ
2795 1380 2931 1435 Θεοῦ
2956 1375 3418 1453 προϐεϐλημένον,
3454 1371 3655 1441 ἑτέρου
3682 1385 3750 1419 τι·

482 1497 662 1553 solum
715 1495 869 1557 vidit,
924 1460 1070 1564 quod
1094 1507 1161 1547 ex
1204 1489 1511 1545 substantia
1554 1460 1648 1543 Dei
1699 1493 1975 1558 propagati

2259 1482 2375 1535 οὐκ
2390 1481 2454 1534 ἂν
2470 1475 2699 1549 δεόμεθα
2715 1475 2827 1547 (l0)
2844 1472 3001 1543 λόγου
3019 1469 3154 1541 πρὸς
3173 1466 3490 1536 ἀνατροπὴν
3510 1462 3610 1516 τοῦ

470 1595 624 1652 erat,
657 1601 769 1641 non
797 1594 881 1641 est
909 1600 1048 1655 opus
1071 1584 1178 1637 alio
1199 1581 1457 1652 quopiam
1496 1580 1665 1635 verbo
1706 1578 1772 1633 ad
1816 1586 1963 1633 evert

2259 1588 2410 1636 ατος·
2450 1565 2557 1624 εἶδε
2594 1567 2701 1640 γὰρ
2745 1567 2983 1630 πάντως,
3035 1562 3113 1627 ὡς
3147 1559 3311 1631 ὁμοία
3338 1558 3401 1610 τὸ
3432 1557 3649 1627 ὅμοιον.
3694 1549 3752 1604 ’Β

483 1678 616 1733 dum
636 1683 1026 1732 commentum.
1048 1670 1191 1727 Vidit
1225 1672 1370 1727 enim
1409 1670 1639 1725 omnino
1688 1676 1948 1739 tanquam

2257 1683 2282 1739 p
2314 1664 2489 1733 πάντη
2517 1661 2658 1715 κατὰ
2698 1658 2861 1728 φύσιν
2884 1654 3128 1709 ἐναντίον
3165 1653 3261 1706 καὶ
3295 1649 3439 1720 πρὸς
3471 1648 3659 1718 ἄκραν
3680 1646 3750 1696 ὲν-

485 1768 634 1824 milis
657 1767 854 1823 simile.
890 1764 1048 1832 Quod
1068 1764 1215 1820 enim
1245 1771 1329 1818 est
1372 1762 1591 1833 penitus
1633 1735 1935 1816 secundum
1969 1775 1978 1813 1

2257 1735 2462 1827 τιότητα
2495 1750 2827 1822 κεχωρηκὸς,
2859 1746 2970 1801 οὔτ’
3002 1745 3067 1800 ἂν
3110 1744 3206 1797 ἴδοι
3251 1743 3314 1795 τὸ
3346 1739 3629 1799 ἐναντίον,
3657 1735 3750 1787 οὒτ’

486 1869 664 1914 turam
682 1857 1039 1923 contrarium,
1073 1864 1129 1911 et
1171 1869 1383 1909 summe
1403 1852 1765 1913 contrarium,
1788 1865 1978 1919 nunqu

2296 1844 2708 1918 προσεγγίσειεν
2752 1838 2934 1910 αὐτῷ’
2987 1835 3174 1904 ἐπειδὴ
3230 1830 3623 1901 διαφθείρεται
3669 1825 3750 1893 τῆς

480 1948 675 2006 Videre
695 1949 895 2019 poterit
914 1917 1272 2010 contrarium,
1295 1958 1397 1998 nec
1432 1942 1814 2014 pr0pinquabit
1834 1941 1904 2006 ei,
1922 1917 1973 2011 *ιι

2199 1917 2548 2007 ιναντιότητος
2574 1937 2602 1987 ὁ
2633 1933 2790 2001 λόγος
2823 1927 3120 1991 παντελῶς,
3154 1928 3202 1978 εί
3230 1924 3322 1977 καὶ
3357 1922 3531 1993 μόνον
3572 1917 3692 1971 ἴδοι.

476 2042 537 2099 si
568 2041 653 2097 vel
687 2041 865 2096 solum
907 2039 1106 2103 videat,
1131 2038 1271 2092 ratio
1294 2036 1553 2091 contrarii
1582 2050 1810 2104 prorsus
1841 2034 2067 2088 tollitur.

1706 2146 1838 2203 CAP.
1877 2144 2022 2199 XXI.
2056 2145 2200 2201 Deus
2229 2137 2531 2197 invisibilis.

560 2245 675 2302 Hoc
704 2255 883 2301 autem
918 2242 1071 2298 addit
1119 2241 1332 2298 caeteris
1374 2255 1497 2312 quae
1542 2240 1700 2306 dixit,
1755 2238 2048 2294 absurdius

2260 2231 2417 2287 Γοῦτο
2453 2228 2511 2282 δὲ
2550 2222 2873 2296 προστίθησι
2905 2218 3016 2273 τῶν
3048 2215 3360 2288 εἰρημένων
3412 2210 3753 2279 ἀτοπώτερον

487 2350 544 2396 et
581 2354 767 2395 secum
800 2336 1149 2393 vehementer
1164 2301 1413 2407 pugnans
1439 2348 1547 2401 ;ne
1577 2301 1825 2402 opussit,
1850 2338 1909 2384 ut
1929 2329 1980 2383 al

2259 2322 2415 2396 [υρῶς
2439 2317 2617 2389 ἑαυτῷ
2658 2315 2966 2388 μαχόμενος
2987 2328 3004 2344 ο
3034 2312 3120 2364 ἵνα
3153 2307 3344 2407 μηδεὶς
3375 2305 3577 2407 ἕτερος
3605 2301 3752 2407 δῆηῆ

478 2444 682 2488 contra
707 2445 831 2486 eum
860 2428 1025 2484 dicat.
1053 2426 1268 2483 Amavit
1295 2425 1464 2488 enim,
1500 2424 1699 2495 inquit,
1748 2430 1971 2493 potestat

2258 2419 2316 2482 ὸς
2336 2413 2498 2469 αὐτὸν
2530 2412 2722 2465 εἰπεῖν.
2750 2407 2889 2478 Φησὶ
2912 2405 3051 2476 γάρ’
3087 2399 3330 2474 Ἠράσθη
3365 2398 3476 2468 τῆς
3505 2396 3751 2466 φανείσης

489 2526 639 2581 illam
661 2523 835 2578 visam
867 2528 1125 2591 tanquam
1144 2518 1313 2575 oblita
1340 2517 1559 2589 penitus
1576 2487 1790 2571 natura:
1808 2514 1982 2585 propri

2260 2512 2480 2583 ράμεως,
2514 2505 2702 2575 ὥσπερ
2746 2498 3097 2570 ὲπιλησθεῖσα
3142 2491 3425 2554 παντελῶς
3480 2489 3589 2561 τῆς

492 2627 604 2668 non
624 2612 717 2667 illa
746 2574 1166 2682 quidemjoblita
1208 2615 1314 2672 est,
1340 2574 1467 2678 quae
1507 2622 1620 2661 non
1664 2612 1785 2660 erat
1808 2574 1843 2658 ’ς
1878 2574 1973 2659 sed

2258 2574 2393 2664 σεως
2416 2615 2430 2629 ·
2457 2597 2521 2650 οὐ
2555 2593 2655 2665 μὲν
2676 2574 2757 2664 γδὴ
2797 2589 2983 2660 ἐκείνη
3009 2604 3074 2656 γε
3101 2587 3136 2656 ή
3165 2580 3432 2656 μὴ-οὖσα,
3477 2581 3597 2634 ἀλλ’
3628 2574 3749 2633 οἶκτοί

488 2713 623 2763 sunt
687 2702 915 2761 suorum
977 2708 1415 2756 commentorum
1472 2701 1858 2761 immemores;
1923 2694 1981 2748 ai:

2284 2691 2392 2747 τῶν
2435 2689 2579 2743 ίδίων
2610 2683 2943 2755 πλασμάτων
2964 2698 2978 2711 ·
3011 2682 3060 2734 εἰ
3090 2678 3198 2751 γὰρ
3226 2677 3357 2749 πρὶν
3389 2673 3748 2743 ὲπαναστῆνιι

493 2798 667 2860 enim,
695 2799 1017 2866 priusquam
1051 2792 1168 2847 haec
1204 2791 1533 2847 seditionem
1548 2794 1811 2866 moveret,
1841 2801 1950 2842 non
1980 2787 1986 2838 Ι

2253 2786 2383 2856 ύτην
2409 2780 2545 2852 φασὶ
2583 2778 2782 2848 γνῶσιν
2822 2773 2919 2827 τοῦ
2950 2770 3157 2841 ἀγαθοῦ
3195 2771 3267 2842 μὴ
3315 2767 3644 2839 ἐσχηκέναι,
3680 2764 3746 2816 in

496 2889 686 2944 liuisse
713 2886 1085 2958 cognitionem
1116 2881 1284 2948 boni;
1325 2897 1395 2937 ne
1420 2862 1736 2951 cognitione
1791 2878 1921 2933 boni
1975 2893 1989 2931 l

2283 2854 2634 2948 σε’μνώσωσιν
2663 2865 2869 2938 ἀγαθοῦ
2903 2865 3102 2934 γνώσει
3148 2863 3247 2933 τὴν
3292 2861 3428 2931 παρ’
3465 2858 3639 2912 αὐτοῦ
3668 2854 3748 2925 οὐ·

488 2988 682 3035 ‘turam
708 2979 777 3033 ab
813 2979 936 3048 ipso
984 2981 1300 3030 accusatam
1350 2982 1565 3028 ornent.
1607 2970 1800 3027 Nonne
1839 2984 1981 3025 ante!

2251 2965 2718 3038 νδιαὸεὸλημένην
2740 2980 2753 2993 ·
2789 2960 2908 3024 πῶς
2942 2959 3043 3012 οὐκ
3070 2955 3261 3025 ἄλογον
3303 2954 3407 3024 τὴν
3440 2953 3522 3025 μὴ
3543 2953 3744 3023 ἔχουσαν

496 3079 607 3137 cst,
634 3077 829 3142 putare
844 3044 968 3123 eam
1000 3081 1122 3138 quae
1148 3066 1205 3120 in
1232 3080 1293 3121 se
1332 3079 1445 3119 non
1478 3062 1665 3128 habet
1692 3059 1837 3116 unde
1877 3075 1989 3131 cogi

2285 3064 2424 3133 αὐτῇ
2467 3061 2528 3114 τὸ
2579 3058 2798 3120 εἰδέναι,
2833 3056 2916 3108 ὅτι
2960 3052 3077 3106 ἔστι
3120 3047 3378 3118 τάγαθὸν,
3423 3047 3640 3119 ταύτην
3676 3044 3746 3097 xxi.

499 3171 619 3219 seat
636 3139 766 3217 esse
801 3162 1026 3227 bonum,
1060 3157 1306 3231 potuisse
1325 3156 1535 3221 videre,
1589 3161 1646 3210 et
1676 3160 1968 3224 postquam

2251 3158 2313 3209 iv
2331 3152 2645 3225 δυνηθῆναι,
2671 3149 2765 3204 καὶ
2800 3145 3143 3216 θεασαμένην
3168 3139 3518 3231 ἐπιθυμῆσαι
3540 3156 3557 3205 ;
3593 3139 3744 3208 μεῖξον

498 3251 600 3315 dit,
624 3248 1008 3305 desiderasse?
1030 3227 1190 3318 longe
1216 3246 1363 3301 enim
1392 3244 1570 3315 majus
1590 3251 1683 3299 est
1714 3240 1988 3299 substanti

2251 3262 2294 3316 :p
2331 3241 2676 3315 ἀσυγκρίτως
2714 3237 2811 3293 τοῦ
2844 3235 3069 3306 γνῶναι,
3098 3234 3182 3286 ὅτι
3219 3230 3338 3284 ἐστι
3372 3231 3441 3283 τὸ
3472 3227 3744 3284 θεάσασθαι

496 3349 722 3415 aspectu
750 3342 958 3405 videre,
990 3355 1155 3411 quam
1187 3352 1523 3410 cognoscere
1544 3351 1688 3393 esse.
1709 3334 1989 3390 Primum:

2253 3355 2302 3390 ει
2330 3337 2426 3408 τὴν
2449 3334 2658 3389 οὐσίαν.
2705 3331 2917 3386 Αὐτίκα
2957 3329 3056 3399 οὐχ
3096 3328 3257 3397 ἡμεῖς
3289 3324 3480 3395 μόνον,
3517 3321 3746 3376 ἀλλὰκαὶ

491 3412 679 3493 solum
710 3450 834 3501 nos,
867 3433 964 3490 sed
999 3438 1298 3504 potestates
1343 3430 1602 3501 angelicae
1640 3428 1984 3483 excellentior

2252 3447 2292 3482 ιν
2310 3426 2558 3496 ἀγγέλων
2586 3425 2641 3478 αἱ
2677 3422 3066 3491 ἀναϐεὸηκυῖαι
3101 3417 3381 3487 δυνάμεις,
3416 3416 3506 3468 ὃτι
3538 3412 3745 3484 μὲνέστι

502 3544 633 3586 case
674 3526 899 3599 quidem
947 3526 1153 3581 bonum
1199 3522 1606 3595 cognoscimus,
1663 3534 1728 3574 ac
1772 3520 1995 3591 cognitit

2250 3519 2440 3589 γαθὸν,
2473 3514 2834 3586 γινώσκομεν,
2868 3514 2934 3582 τῇ
2965 3509 3164 3580 γνώσει
3200 3507 3298 3561 καὶ
3342 3506 3487 3579 μόνῃ
3514 3505 3654 3577 πρὸς
3672 3504 3743 3571 τὴν

490 3622 619 3678 sola
650 3619 718 3674 ad
740 3620 998 3691 pietatem
1025 3618 1081 3671 in
1105 3616 1276 3672 Deum
1300 3615 1501 3669 alimur
1528 3631 1544 3680 ;
1565 3621 1720 3668 tanto
1750 3626 1885 3668 vero
1904 3627 1983 3667 οιε

2255 3611 2465 3665 σέὸειαν
2507 3604 2850 3679 τρεφόμενοι,
2888 3599 3133 3671 ἀγγέλων
3177 3596 3381 3670 δηλαδὴ
3434 3591 3748 3663 ἀναϐεϐηκό-

506 3714 706 3770 lentius
728 3683 929 3784 angeli,
961 3720 1169 3782 quanto
1203 3717 1400 3764 natura
1445 3713 1577 3762 sunt
1618 3705 1999 3761 excellentiore

2254 3724 2294 3758 ιν
2318 3703 2463 3759 κατά
2485 3701 2587 3773 τὴν
2626 3699 2849 3769 γνῶσιν,
2892 3695 3017 3748 ὅσον
3045 3691 3140 3746 καὶ
3175 3690 3317 3744 κατά
3359 3688 3526 3759 φύσιν
3547 3705 3562 3718 ·
3592 3684 3681 3741 τοῦ
3706 3683 3747 3734 δὲ

498 3803 689 3858 videre
710 3776 892 3857 autem
918 3776 1289 3857 substantiam
1306 3797 1402 3854 Dei
1431 3811 1612 3867 neque
1638 3795 1947 3860 nobis,nec
1978 3795 1991 3849 i

2251 3796 2316 3850 ;bv
2349 3794 2470 3850 κατ’
2494 3791 2682 3847 οὐσίαν
2704 3790 2854 3850 ἰδεῖν,
2879 3784 2991 3839 οὗθ’
3016 3786 3148 3855 ἡμῖν
3178 3780 3290 3836 οὔθ’
3322 3780 3566 3843 ἐκείνοις
3590 3776 3744 3850 μετόν

493 3891 668 3947 licet:
698 3890 968 3961 siquidem
991 3905 1092 3946 nos
1121 3887 1364 3961 quandiu
1401 3900 1606 3959 corpus
1642 3883 1945 3942 secundum

2252 3907 2319 3944 που
2345 3889 2477 3959 ἡμῖν
2503 3886 2612 3941 οὐδ’
2649 3882 2912 3953 ἀγγέλους
2944 3879 3162 3942 αὐτοὺς,
3191 3878 3250 3929 ὲν
3274 3876 3391 3947 ὅσῳ
3421 3874 3488 3928 τὸ
3508 3873 3653 3928 κατὰ
3670 3867 3745 3940 οὐ·

504 3993 684 4037 turam
707 3980 887 4036 induti
914 3994 1132 4048 sumus,
1156 3996 1262 4036 nec
1292 3980 1518 4051 angelos
1545 3977 1696 4048 ipsos
1740 3975 1927 4033 videre
1960 3990 1995 4046 p

1808 3975 1927 4033 iere
1960 3990 2086 4046 POS-
2187 4000 2272 4038 σιν
2290 3977 2658 4055 ’περικείμεθα
2684 3974 2866 4044 σῶμα,
2901 3969 3127 4026 δυνατὸν
3153 3968 3301 4022 ἰδεῖν.

494 4085 720 4125 sumus.

578 4159 928 4217 Manifestum
949 4160 1097 4217 enim
1135 4166 1221 4215 est
1248 4166 1362 4230 etp
1386 4173 1486 4214 anc
1510 4172 1864 4225 concessum,
1894 4155 1986 4228 qui
2011 4155 2071 4211 vi-

2258 4159 2428 4232 Δῆλον
2460 4157 2570 4230 γὰρ
2602 4156 2698 4211 καὶ
2724 4154 2910 4225 σαφῶς
2932 4147 3384 4223 ὁμολογούμενον,
3413 4143 3495 4209 ὡς
3522 4144 3552 4196 ὁ
3575 4142 3635 4195 τὶ
3658 4136 3742 4210 βὶέδ

498 4254 600 4311 det
635 4252 815 4311 simile
836 4251 943 4309 sibi
973 4251 1178 4307 videre.
1225 4250 1285 4307 Si
1310 4251 1434 4321 quis
1473 4265 1603 4305 vero
1633 4250 1909 4306 existimet
1933 4248 1990 4302 fu

2247 4271 2329 4317 ον,
2352 4253 2537 4324 ὅμοιον
2560 4248 2738 4321 ἑαυτῷ
2774 4247 2856 4311 ὃν,
2881 4244 3039 4299 τοῦτο
3073 4240 3277 4313 βλέπει.
3302 4238 3372 4292 Et
3394 4237 3461 4290 δέ
3496 4254 3587 4300 τις
3612 4236 3740 4288 ἀπιξ-

508 4361 635 4402 esse
663 4344 809 4416 quod
853 4344 1131 4412 dicimus;
1181 4342 1431 4399 videmus
1472 4343 1617 4397 enim
1661 4342 1855 4407 solem,
1900 4341 2001 4395 lun;

2250 4348 2389 4411 ὑτως
2431 4344 2643 4416 οἰηθείη
2687 4341 2886 4413 σαθρὸν
2912 4338 3055 4391 εἶναι
3100 4333 3162 4387 τὸ
3210 4330 3380 4406 ῥηθὲν
3408 4328 3739 4402 (ὲμῦλέπομεν

502 4444 568 4494 πει
593 4436 804 4500 stellas,
838 4441 1105 4505 praeterea
1138 4433 1280 4503 apud
1316 4448 1420 4487 nos
1464 4430 1696 4502 lapides,
1745 4446 1960 4495 aurum,

2246 4448 2297 4514 ιρ
2325 4439 2474 4511 ἥλιον
2498 4437 2593 4492 καὶ
2626 4434 2856 4506 σελήνην
2880 4430 2974 4485 καὶ
2991 4427 3245 4501 ἀστέρας,
3268 4423 3354 4477 ἔτι
3386 4421 3501 4494 μὴν
3525 4422 3615 4489 ὑφ’
3637 4416 3739 4489 ἡμᾶς

499 4538 757 4603 gemunt,
805 4526 1041 4597 denique
1087 4539 1238 4579 mare
1285 4524 1464 4594 ipsum
1503 4531 1559 4579 et
1586 4522 1769 4577 omnia
1810 4522 1990 4576 anima

2244 4531 2387 4595 θους,
2418 4528 2617 4603 χρυσόν
2652 4542 2712 4580 τε
2746 4524 2842 4580 καὶ
2878 4522 3135 4596 ἄργυρον,
3169 4518 3265 4572 καὶ
3300 4515 3550 4579 συνόλως
3582 4515 3737 4603 stipiti

508 4636 575 4675 ac
620 4621 774 4676 nullo
810 4626 969 4690 pacto
1007 4617 1094 4675 bis
1138 4617 1349 4674 similes
1388 4631 1616 4682 sumus;
1675 4614 1923 4670 advertat
1962 4615 2001 4669 is.

2244 4622 2469 4677 ilaccav
2498 4621 2592 4675 καὶ
2621 4618 2691 4672 τὰ
2724 4616 2842 4683 ζῶα
2879 4614 3190 4685 σύμπαντα,
3224 4608 3321 4662 καὶ
3350 4607 3415 4659 οὗ
3448 4606 3627 4677 δήπου
3654 4596 3737 4653 wi-

500 4712 654 4785 quod
684 4712 790 4768 etsi
812 4726 1003 4768 eorum
1023 4725 1146 4781 qua:
1177 4710 1640 4773 enumeravimus,
1684 4706 1914 4763 diversae
1960 4722 1993 4775 sq

2245 4732 2300 4780 rt;
2334 4712 2507 4784 ὅμοιοί
2540 4708 2750 4781 ἐσμεν),
2792 4703 3126 4779 μανθανέτω,
3168 4699 3266 4763 ὡς,
3304 4698 3359 4750 εί
3406 4696 3510 4752 καὶ

498 4806 623 4860 cies
646 4803 793 4870 sint;
861 4810 916 4857 at
980 4803 1177 4858 horum
1241 4801 1489 4856 omnium
1545 4814 1722 4871 genus
1774 4813 1991 4868 suprem

2246 4822 2258 4858 t
2286 4782 2403 4873 εἴδη
2434 4800 2544 4855 τῶν
2570 4794 3088 4870 κατηριθμημένων,
3120 4789 3256 4844 ἀλλά
3276 4803 3343 4856 γε
3376 4786 3591 4840 τούτων
3619 4782 3739 4873 ἅτ’-ἐπέ

500 4912 713 4968 corpus
744 4902 848 4951 est.
898 4894 1222 4950 Substantia
1256 4908 1494 4964 namque
1529 4866 1729 4963 partim
1782 4866 1993 4961 inaspet

2246 4910 2299 4947 ον
2327 4866 2664 4961 ἀναϐεσηκὸς
2687 4866 2844 4957 γένος
2868 4885 2929 4939 τὸ
2969 4882 3127 4954 σῶμα
3151 4897 3166 4911 '
3209 4878 3308 4949 τῆς
3344 4878 3464 4946 γὰρ
3503 4874 3680 4934 οὐσίας
3704 4866 3739 4917 τὸ

509 4967 638 5045 bilis
672 4999 775 5051 est.
837 4997 898 5043 ut
945 4989 1300 5058 incorporea;
1348 4986 1549 5058 partim
1607 4985 1983 5056 aspectabilis,

2245 4988 2293 5039 ὲν
2325 4985 2578 5057 ἀόρατον,
2616 4982 2692 5044 ὡς
2720 4978 3035 5050 ἀσώματον,
3069 4974 3131 5027 τὸ
3159 4973 3216 5027 δὲ
3252 4970 3484 5043 ὁρατὸν,
3506 4971 3587 5034 ὼς
3608 4967 3738 5035 σῶμα-

504 5094 734 5149 corpus.
764 5076 949 5132 Prima
996 5077 1160 5148 igitur
1189 5076 1415 5147 partitio
1459 5073 1646 5129 omnia
1682 5074 1797 5129 haec
1830 5081 1997 5144 tanqu

2245 5079 2269 5131 1
2303 5076 2483 5131 τοίνυν
2542 5073 2733 5147 πρώτη
2780 5070 2922 5143 τομὴ
2973 5069 3152 5122 πάντα
3197 5064 3379 5118 ταῦτα
3424 5064 3508 5126 ὡς
3542 5062 3610 5117 ἂν
3636 5058 3738 5129 γένος

504 5187 683 5242 genus
708 5179 926 5241 separat
968 5144 1041 5224 etv
1068 5144 1379 5239 distinguit.
1431 5166 1613 5232 Quare
1644 5181 1847 5237 corpus
1889 5180 1997 5235 cor]

2247 5169 2476 5243 ρορίζει-
2534 5144 2692 5239 σῶμα
2724 5144 2927 5229 τοίνυν,
2983 5161 3143 5233 σῶμα
3201 5158 3432 5230 βλέπει.
3500 5157 3599 5211 καὶ
3655 5144 3740 5243 ’ᾧ

507 5264 659 5320 videt
686 5282 701 5330 ;
739 5271 794 5319 et
819 5275 1092 5335 quatenus
1113 5235 1338 5333 corpus,
1376 5263 1554 5317 simile
1582 5267 1636 5317 et
1682 5235 1975 5332 cognatum

2403 5262 2586 5333 ὅμοιον
2618 5235 2715 5313 οιαὶ
2744 5255 3004 5327 συγγενὲς
3023 5254 3086 5307 τὸ
3117 5251 3260 5323 ὁρῶν
3300 5248 3385 5319 τῷ
3425 5235 3738 5336 ὁρωμένῳ,

506 5356 701 5411 videns
736 5356 876 5421 viso,
918 5355 1169 5426 quamvis
1216 5356 1323 5410 sint
1368 5352 1602 5409 diversae
1647 5352 1842 5408 horum
1879 5366 1999 5423 spec

2245 5326 2290 5404 ri:
2322 5326 2552 5422 διάιέορα
2584 5348 2789 5402 τούτων
2830 5326 2900 5399 τά
2930 5343 3046 5415 εἴδη
3071 5342 3162 5396 διὰ
3189 5341 3253 5395 rb
3286 5338 3539 5394 ποικίλον
3571 5337 3661 5394 aui
3684 5326 3738 5380 κέ-

507 5457 735 5517 propter
759 5448 1080 5504 varietatem
1110 5455 1166 5503 et
1186 5454 1444 5504 ornatum
1478 5444 1750 5501 universi.

1186 5454 1444 5504 ornatum
1478 5444 1750 5501 universi.
2195 5460 2354 5516 σμιον
2386 5441 2466 5513 τῷ
2494 5441 2677 5496 παντί.

578 5537 893 5594 Ridiculum
919 5540 1067 5596 enim
1095 5547 1265 5606 esset,
1295 5539 1341 5594 si
1374 5537 1504 5609 quia
1529 5537 1630 5594 llos
1658 5537 2071 5609 pulcherrimun

2280 5532 2433 5589 Ἐπεί
2451 5550 2533 5588 τοι
2556 5532 2730 5604 γέλως
2760 5530 2827 5586 ἀν
2855 5529 2942 5602 εῐη
2967 5527 3173 5602 χρυσοῦ
3202 5544 3266 5581 τε
3291 5526 3357 5581 τὺ
3377 5523 3567 5591 ἄνθος,
3599 5519 3735 5575 ἐτίθη

579 5650 698 5723 (ω)
726 5651 887 5709 Forte
913 5651 1167 5725 δεοίμεθα
1197 5651 1285 5710 vel
1313 5651 1484 5724 δεώμ.
1517 5650 1679 5708 Εοιτ.
