3782 6166
100 298 241 355 I097

1191 286 1565 346 ADVERSUS
1601 281 2025 341 MANICH£08
2061 281 2187 337 LIB.
2232 279 2269 333 I.

3218 278 3234 332 I
3250 276 3355 334 093

96 433 165 485 γε
200 415 484 470 κάλλιστον
509 416 575 486 τῇ
601 413 721 485 ὕψει
747 414 1015 483 φαίνεται,
1048 432 1142 468 και
1163 412 1391 483 αἱθάλης
1423 412 1484 465 τὸ
1510 412 1660 465 ἀναν-

1831 415 2056 477 ιρεοιιιιιι
2090 405 2276 469 habet,
2306 409 2362 459 et
2398 402 2466 458 ab
2494 416 2631 459 auro
2660 400 2865 468 din‘ert,
2885 408 2941 459 et
2977 400 3124 472 quod
3157 410 3240 455 est
3261 398 3358 452 Ιιιιρ

98 506 210 571 θὲς,
250 505 325 577 μὴ
355 505 635 578 ἑκάτερον,
680 506 818 577 ὅπερ
859 507 955 559 κα)⁸
1002 505 1169 568 ὅντως
1212 505 1351 570 ἐστὶ,
1387 503 1668 558 καλεῖσθαι

95 598 334 672 χρῶμα·
388 598 585 669 χρῶμα
646 598 775 669 γὰρ,
826 599 873 650 εἰ
916 598 1009 650 καὶ
1054 596 1330 668 διάφορον,
1377 595 1669 666 ἑκάτερον⁸

93 692 221 761 ὄψις
251 691 360 763 γάρ
387 692 420 762 ἡ
452 690 591 762 αὐτὴ
628 691 830 762 ὁμοίως
864 691 1109 763 ἐκατέρῳ
1136 692 1401 744 κοινωνεῖ.
1433 689 1589 744 Οὕτω
1611 687 1675 760 δὴ

93 785 275 839 πάντα
302 783 372 837 τὰ
413 782 641 854 σώματα
680 783 871 856 ὁρατὰ,
910 785 957 837 εί
988 784 1082 838 καὶ
1125 782 1356 853 διάφορα
1392 782 1472 854 τῷ
1522 782 1673 848 εἴδει,

95 879 296 946 φάσκει
324 878 450 947 μέν⁸
481 878 531 930 εί
560 877 618 930 δὲ
641 877 869 948 σώματα
889 877 1156 948 σωμάτων
1183 876 1436 948 κρείττω,
1465 875 1528 929 τὸ
1569 893 1672 929 κω-

94 967 224 1021 λῦον
267 968 444 1032 οὐδὲν,
509 967 650 1040 πλήν
709 984 774 1036 γε
828 966 1057 1039 σώματα
1109 968 1286 1022 πάντα
1308 983 1325 999 ο
1376 966 1498 1020 ὅθεν
1551 964 1675 1018 οὐδὲ

94 1058 474 1129 προσκυνητὸν
533 1059 767 1129 μάλιστα
822 1058 900 1129 τῷ
950 1056 1146 1127 ὁρῶντι
1194 1056 1255 1111 τὸ
1321 1056 1537 1126 ὁρατὸν,
1599 1052 1675 1117 ὡς

93 1147 649 1221 καταλαμϐανόμενον
681 1149 817 1219 πρὸς
853 1149 1037 1204 αὐτοῦ.

1773 499 1954 558 ridum
1976 496 2157 557 diﬂert
2185 512 2214 551 a
2248 496 2428 560 viridi,
2464 510 2576 550 non
2620 502 2853 566 uterque
2896 500 3207 555 vocaretur,
3262 488 3355 561 qui

1780 592 1840 647 in
1863 606 1928 646 re
1956 599 2060 656 est,
2100 588 2255 644 color
2290 606 2306 644 :
2344 587 2497 643 color
2526 586 2674 642 enim
2724 592 2807 641 est
2842 591 3095 654 uterque,
3139 581 3358 636 tametsi

1786 683 2037 739 diversus
2069 700 2083 736 :
2112 681 2254 737 idem
2278 679 2423 736 enim
2472 685 2727 750 aspectus
2770 691 2894 733 cum
2947 683 3181 745 utroque
3224 687 3360 727 con-

1777 779 2125 850 junctionem
2159 784 2214 834 et
2238 776 2556 832 societatem
2580 775 2764 830 habet.
2804 770 2897 829 Sic
2925 772 3107 827 omnia
3127 783 3358 840 corpora

1783 879 1912 928 sunt
1941 870 2312 941 aspectabilia.
2338 869 2467 924 licet
2493 866 2807 923 differentes
2823 867 2934 922 sint
2967 863 3198 935 species.
3226 861 3359 917 Esse

1776 964 1959 1010 autem
2004 969 2236 1024 corpora
2277 953 2384 1007 alia
2414 953 2539 1008 aliis
2571 953 2972 1024 praestantiora,
3006 950 3140 1005 nihil
3169 948 3358 1020 prohio

1776 1047 1892 1112 bet,
1922 1047 2057 1117 quin
2103 1047 2288 1102 omnia
2318 1060 2553 1117 corpora
2599 1046 2710 1102 sint
2750 1043 3065 1116 spectabilia
3096 1061 3109 1096 :
3140 1057 3208 1098 ex
3252 1054 3361 1111 quo

1778 1138 1859 1204 tit,
1895 1145 1954 1194 ut
1986 1154 2096 1193 non
2130 1137 2202 1194 sit
2230 1137 2375 1208 quod
2409 1137 2514 1193 sub
2538 1144 2818 1208 aspectum
2858 1135 3006 1190 cadit
3036 1131 3272 1188 maxime
3306 1136 3361 1185 et

1776 1230 2073 1303 praecipue,
2120 1227 2459 1284 adorandum
2494 1229 2563 1283 ab
2592 1244 2657 1285 eo
2679 1228 2773 1300 qui
2805 1225 2943 1283 illud
3000 1224 3196 1290 cernit,
3238 1230 3361 1279 tan-

1778 1337 1943 1394 quam
1967 1322 2036 1378 ab
2065 1321 2186 1393 ipso
2213 1320 2690 1392 comprehensum.

802 1428 931 1485 Car.
973 1426 1137 1484 XXII.
1178 1428 1411 1484 Materia
1442 1430 1605 1485 Deum
1628 1447 1733 1486 non
1770 1430 1919 1487 vidit.
1947 1429 2129 1503 Neque
2154 1431 2328 1486 lumen
2350 1431 2646 1487 absorbuit.

166 1544 235 1599 Εί
264 1543 445 1599 τοίνυν
489 1539 594 1599 εἶδε
634 1543 693 1598 τὸ
720 1547 785 1598 ὲκ
828 1544 927 1616 τῆς
967 1545 1159 1609 οὐσίας
1205 1548 1237 1616 ἡ
1269 1546 1369 1619 ὖλη
1397 1545 1491 1600 τοῦ
1523 1545 1680 1608 Θεοῦ,
1729 1573 1738 1583 -

98 1636 391 1708 συγγενείᾳ
418 1636 647 1709 πλείστῃ
678 1653 738 1688 τε
781 1636 875 1689 καὶ⁵
921 1636 1203 1707 ὁμοιότητι
1237 1637 1375 1707 πρὸς
1415 1638 1515 1706 τὴν
1555 1637 1685 1690 θέαν

1863 1546 1922 1602 Si
1945 1548 2110 1619 igitur
2141 1548 2373 1603 materia
2409 1545 2566 1612 vidit,
2603 1545 2751 1618 quod
2804 1560 2870 1601 ex
2925 1545 3232 1601 substantia
3265 1545 3363 1603 Dei

1789 1648 1932 1703 erat,
1961 1638 2288 1710 cognatione
2322 1652 2517 1709 magna
2562 1645 2617 1693 et
2662 1636 3020 1692 similitudine
3067 1636 3251 1703 ducta,
3291 1636 3363 1693 ad

93 1725 251 1801 ἦλθε,
280 1729 373 1783 καὶ
396 1727 547 1781 οὐδὲν
574 1727 734 1782 πλέον
762 1728 930 1800 ὲχρῆν
956 1727 1092 1800 πρὸς
1120 1728 1211 1782 τὸν
1235 1729 1535 1784 ἀσύστατον
1559 1746 1660 1782 του

1831 1731 2160 1789 )οοιοοιι1ιιιιι
2202 1730 2390 1796 venit,
2436 1746 2539 1786 nec
2569 1730 2806 1801 amplius
2845 1744 2984 1800 opus
3027 1739 3146 1785 erat
3184 1731 3366 1789 dicere

94 1821 213 1873 τονὶ
243 1819 411 1891 μῦθον
444 1821 617 1874 εἰπεῖν
639 1835 654 1849 ο
690 1823 738 1874 εί
769 1821 827 1874 δὲ
871 1822 964 1875 καὶ
997 1819 1313 1892 ἐπεθύμησε
1353 1820 1449 1874 τοῦ
1480 1821 1676 1885 φανέν-

95 1929 209 1975 τος,
245 1912 306 1965 τὺ
354 1912 571 1966 πάντων
613 1912 832 1983 ἄριστον
858 1914 1015 1991 ⁸αὐτῇ
1068 1912 1592 1985 προσεμαρτύρησεν
1649 1914 1678 1966 ὁ

98 2006 354 2076 ἀνόητος·
399 2005 475 2068 ὡς
524 2006 721 2059 κακίαν
784 2007 880 2078 μὲν
912 2006 1082 2078 ὄνομα
1128 2005 1429 2061 τεθεικέναι
1480 2006 1676 2071 δοκεῖν,

98 2095 288 2148 οὐσίαν
315 2094 371 2147 δὲ
411 2094 621 2166 ἀγαθὴν
666 2096 1153 2168 προσομολογῆσαι.
1193 2096 1257 2150 Τί
1288 2096 1396 2169 γὰρ
1429 2098 1510 2160 είς
1541 2096 1679 2151 ἀπό-

97 2184 264 2254 δειξιν
313 2186 717 2257 καλοκαγαθίας
762 2189 944 2259 μεῖζον
994 2188 1087 2243 τοῦ
1128 2170 1460 2261 ἐπιθυμῆσαι
1508 2190 1681 2258 τάγα-

100 2279 233 2344 θοῦ;
278 2280 341 2332 Et
387 2278 443 2332 δέ
484 2296 619 2351 φησι
665 2281 759 2333 καὶ
798 2279 1115 2345 ἐπελάϐετο,
1156 2281 1251 2334 καὶ
1295 2280 1573 2347 κατέπιεν,
1606 2280 1682 2342 ὡς

100 2374 361 2443 ἐγκύμων
410 2371 661 2441 γενέσθαι
708 2373 807 2443 τῆς
854 2372 1102 2435 ἐναντίας
1145 2370 1240 2426 τοῦ
1290 2370 1426 2425 Θεοῦ
1474 2371 1681 2436 οὐσίας,

102 2464 196 2517 καὶ
228 2466 350 2528 ταῖς
395 2464 553 2527 ίδίαις
603 2464 863 2536 δυνάμεσι
906 2464 1208 2535 διένειμεντ·
1253 2464 1299 2517 ὣ
1341 2468 1441 2536 τῆς
1490 2464 1682 2533 ἀλόγου

106 2557 337 2629 μανίαςί
381 2558 481 2611 οὐκ
530 2553 636 2611 εἶδε
680 2559 858 2629 μόνον,
896 2550 1032 2610 ἀλλά
1072 2558 1164 2611 καὶ
1202 2556 1549 2630 ἐπεθύμησε·
1591 2556 1684 2610 καὶ

101 2649 199 2703 οὐκ
244 2648 560 2722 ἐπεθύμησε
608 2642 787 2720 μόνον,
835 2649 970 2703 ἀλλά
1022 2649 1117 2702 καὶ
1164 2648 1390 2703 κατέπιε
1414 2664 1428 2677 ο
1478 2650 1574 2702 καὶ
1623 2648 1685 2702 ού

104 2740 331 2793 κατέπιε
372 2740 551 2810 μόνον,
591 2739 728 2793 ἀλλά
770 2739 866 2793 κα)⁸
895 2739 1134 2809 κατέχει.
1167 2737 1353 2791 Ταῦτα
1387 2738 1565 2793 πάντα
1593 2754 1690 2791 σα-

105 2831 218 2901 φῶς
248 2832 312 2884 οὐ
345 2831 442 2903 τὴν
482 2832 832 2903 ἐναντιότητα
874 2830 972 2901 τῆς
1019 2829 1232 2900 φύσεως
1268 2826 1461 2900 ὁρίζει,
1512 2828 1687 2899 ἄκραν

105 2923 161 2977 δὲ
196 2924 296 2978 καὶ
319 2925 418 2996 τὴν
442 2924 703 2978 ἀνωτάτω
743 2920 1061 2990 συγγένειαν
1086 2921 1288 2991 ἀμφοῖν
1311 2918 1582 2989 ὁμολογεῖ.

174 3190 305 3244 Εἴτε
362 3188 472 3260 γὰρ
527 3188 934 3258 ἀγανακτοῦσα,
985 3190 1123 3261 ὅπερ
1177 3187 1442 3261 λογισμοῦ
1490 3189 1692 3260 δεῖγμα

105 3283 385 3352 τυγχάνει,
418 3280 528 3335 εἴτε
585 3283 680 3336 καὶ
733 3281 1078 3353 ἐπιθυμοῦσα
1126 3282 1356 3336 κατέπιε
1400 3282 1462 3335 τὺ
1502 3282 1689 3352 φανὲν,

107 3376 322 3446 φύσεως
353 3374 610 3447 ἄντικρυς
646 3376 901 3430 κοινωνία
941 3375 1113 3431 ταῦτα
1139 3378 1336 3445 γένοιτ’
1362 3376 1427 3430 ἀν
1448 3392 1461 3405 ·
1496 3376 1545 3428 εἰ
1582 3374 1692 3446 γὰρ

107 3468 292 3538 ἄκρως
325 3467 566 3539 ὑπῆρχεν
600 3469 839 3531 ἐναντία,
884 3468 1149 3539 συνῆλθεν
1191 3467 1441 3538 οὐδαμῶς
1471 3468 1536 3522 ἂν
1566 3468 1695 3522 ὲκά-

110 3576 264 3631 τερα.
298 3559 377 3614 Οὐ
420 3559 627 3613 συνεῖδε
659 3559 715 3613 δὲ
754 3559 891 3630 πρὸς
918 3563 1031 3624 τοῖς
1061 3559 1239 3623 ἄλλοις
1270 3559 1542 3631 βάρϐαρος
1574 3559 1696 3613 οὐδὲ

111 3650 288 3713 τοῦτο,
313 3650 397 3703 ὃτι
419 3654 451 3720 ὴ
485 3650 852 3704 ἀποσταλεῖσα
883 3651 1035 3722 παρά
1077 3651 1171 3704 τοῦ
1198 3650 1334 3704 Θεοῦ
1362 3651 1614 3721 δύναμις,
1646 3653 1695 3703 εἰ

116 3741 210 3813 μὲν
236 3741 529 3813 ἀσώματος
567 3738 656 3815 ἦν,
706 3743 881 3815 τομὴν
926 3743 1181 3814 οὐδεμίαν
1215 3742 1547 3815 παρεδέξατο
1597 3742 1691 3797 ἀν’

112 3833 185 3897 ὡς
219 3834 489 3905 μηδαμῶς
533 3834 1010 3905 καταδιαιρεθῆναι
1058 3832 1319 3888 δύνασθαι
1348 3833 1470 3888 κατ’
1510 3833 1697 3887 οὐσίαν

114 3928 190 3991 είς
227 3925 330 3991 τὰς
376 3926 940 4001 ἐναντίας-δυνάμεις,
975 3927 1112 3998 μήτε
1157 3925 1264 3998 μὴν
1288 3924 1693 3995 καταποθῆναι’

115 4018 173 4072 sb
200 4020 315 4091 γάρ
348 4018 639 4090 ἀσώματον
662 4020 783 4073 τίνα
812 4020 879 4074 ἂν
908 4018 1244 4089 καταποθείη
1263 4018 1497 4090 τρόπον;
1541 4017 1604 4070 Et
1640 4016 1699 4069 δὲ

120 4111 427 4184 σωματικὴ,
460 4114 567 4166 πᾶν
602 4112 759 4185 σῶμα
786 4113 1260 4183 κατατεμνόμενον
1302 4112 1396 4163 καὶ
1428 4125 1701 4180 κατακερ-

122 4206 480 4277 ματιςόμενον
513 4206 816 4277 ἀναιρεῖται
839 4207 1039 4278 τρόπον
1075 4204 1216 4267 τινὰ,
1258 4205 1348 4257 καὶ
1378 4204 1477 4275 ζῇν
1518 4203 1702 4256 οὐκέτι

1776 1832 1971 1881 contra
2004 1824 2144 1881 hanc
2179 1821 2441 1886 fabulam,
2474 1838 2593 1893 qua:
2631 1822 2933 1878 consistere
2978 1837 3090 1877 non
3134 1830 3313 1895 potest
3346 1841 3361 1878 :

1784 1917 1830 1975 si
1859 1930 1989 1973 vero
2010 1917 2175 1971 etiam
2206 1913 2540 1970 desideravit
2563 1914 2707 1984 quod
2737 1913 2894 1978 vidit,
2930 1915 2997 1970 de
3038 1928 3097 1970 re
3122 1914 3365 1972 Omnium

1777 2008 1983 2078 optima
2015 2006 2391 2062 testimonium
2421 2005 2500 2059 illi
2521 2005 2802 2076 perhibuit
2845 2006 3007 2060 Immo
3038 2006 3276 2075 stultus;
3307 2013 3368 2061 ut

1777 2095 2030 2152 videatur
2067 2109 2268 2150 nomen
2327 2093 2546 2165 quidem
2600 2093 2864 2164 nequitiae
2915 2095 3247 2166 imposuisse
3290 2098 3363 2163 ei,

1779 2187 2151 2246 substantiam
2211 2202 2346 2243 vero
2391 2188 2590 2243 bonam
2653 2203 2775 2244 esse
2827 2190 3002 2245 eidem
3057 2197 3371 2249 attestatus;

1782 2281 1927 2348 Quid
1959 2282 2105 2337 enim
2133 2282 2312 2350 majus
2335 2295 2457 2335 esse
2477 2288 2690 2351 poterat
2724 2280 2792 2335 ad
2819 2283 3166 2353 probandum
3208 2285 3369 2340 boni-

1780 2382 1971 2440 tatem,
1993 2390 2155 2445 quam
2203 2373 2546 2430 desiderasse
2580 2374 2815 2429 bonum?
2837 2373 2991 2441 Quod
3014 2384 3193 2431 autem
3234 2376 3371 2432 dicit

1783 2465 2213 2537 apprehendisse
2263 2476 2318 2521 et
2378 2465 2755 2531 absorbuisse,
2809 2474 2871 2520 ut
2930 2467 3236 2523 substantia
3273 2467 3370 2525 Dei

1787 2557 2065 2612 contraria
2098 2565 2359 2628 tanquam
2404 2556 2613 2613 semine
2646 2556 2798 2613 lieret
2825 2559 3070 2629 gravida,
3107 2571 3161 2615 et
3183 2558 3372 2616 distri-

1786 2652 1973 2708 buisse
2002 2650 2118 2707 suis
2148 2652 2512 2722 potestatibus
2548 2670 2562 2707 :
2604 2666 2638 2706 ο
2676 2651 2915 2707 furorem
2956 2651 3217 2708 amentis!
3261 2667 3373 2708 non

1787 2742 1966 2797 solum
1998 2741 2156 2806 vidit,
2193 2743 2288 2799 sed
2327 2741 2700 2810 desideravit;
2742 2750 2798 2799 et
2833 2758 2940 2797 non
2974 2750 3189 2798 tantum
3219 2743 3370 2801 dcsi-

1789 2833 2027 2902 deravit,
2079 2835 2175 2890 sed
2220 2834 2538 2900 absorbuit;
2593 2846 2648 2892 et
2697 2851 2809 2891 non
2855 2837 3031 2891 solum
3067 2836 3373 2904 absorbuit,

1790 2925 1887 2980 sed
1914 2926 2077 2981 etiam
2108 2927 2352 2982 retinuit.
2392 2926 2515 2983 H:ec
2539 2928 2722 2982 omnia
2750 2929 3036 2998 perspicue
3092 2944 3202 2985 non
3241 2945 3379 2986 con-

1791 3016 2018 3071 trariam
2049 3024 2301 3072 naturam
2336 3017 2633 3085 deﬁniunt,
2670 3018 2766 3076 sed
2798 3020 2983 3089 potius
3007 3034 3276 3075 summam
3322 3028 3377 3078 et

1711 3078 1757 3140 (ἶ
1791 3104 2115 3161 altissimam
2148 3106 2515 3179 cognitionem
2550 3109 2836 3181 utriusque
2867 3111 3201 3167 concedunt.

1867 3194 1993 3251 Sive
2014 3196 2161 3252 enim
2192 3213 2550 3263 succensens,
2569 3199 2715 3270 quod
2750 3200 2970 3271 quidem
2997 3202 3376 3259 ratiocinatio-

1792 3282 1885 3338 nis
1916 3282 2187 3339 indicium
2223 3292 2330 3349 est,
2378 3287 2493 3341 sive
2544 3288 2864 3346 desiderans
2910 3291 3192 3348 absorbuit
3229 3293 3379 3363 quod

1794 3376 1956 3443 vidit,
2009 3376 2124 3432 hazc
2153 3378 2316 3448 plane
2359 3379 2427 3434 ad
2462 3385 2906 3439 communitatem
2949 3391 3161 3440 natura:
3207 3385 3380 3457 perti-

1794 3476 1980 3523 neant.
2011 3465 2070 3522 Si
2097 3467 2242 3524 enim
2274 3483 2488 3524 summe
2534 3472 2810 3527 contraria
2853 3472 3116 3542 fuissent,
3169 3489 3379 3546 nequa-

1795 3574 1960 3629 quam
1984 3567 2219 3631 utraque
2249 3561 2510 3617 coissent.
2531 3561 2599 3617 Ut
2622 3564 2730 3617 alia
2758 3566 3027 3634 omittam,
3067 3582 3243 3638 neque
3273 3567 3379 3624 hoc

1798 3652 2064 3708 barbarus
2096 3652 2349 3718 advertit,
2385 3654 2530 3725 quod
2571 3663 2816 3726 potestas
2855 3672 2887 3711 a
2917 3656 3028 3713 Deo
3060 3658 3250 3726 missa,
3297 3658 3378 3715 si-

1797 3744 2016 3814 quidem
2049 3743 2370 3814 incorporea
2415 3758 2555 3812 erat,
2587 3748 2791 3803 nullam
2812 3749 3178 3819 [partitionem
3224 3764 3380 3807 rece-

1798 3835 1991 3905 pisset,
2015 3842 2074 3889 ut
2105 3835 2258 3890 nullo
2286 3837 2448 3892 modo
2483 3846 2670 3909 posset
2716 3838 2885 3894 dividi
2913 3841 3215 3896 secundum
3249 3841 3382 3897 sub-

1800 3926 2058 3981 stantiam
2092 3926 2487 3991 in,eonlrarias
2519 3938 2837 4000 potestates,
2876 3946 2941 3986 ac
2970 3933 3145 3987 multo
3194 3934 3381 3989 minus

1801 4017 2083 4073 absorberi
2111 4038 2124 4072 :
2149 4018 2295 4089 quod
2322 4020 2468 4074 enim
2495 4037 2692 4092 expers
2714 4025 2963 4094 corporis
2988 4034 3095 4093 est,
3141 4042 3382 4097 quonam

1802 4110 1965 4165 modo
2008 4111 2405 4168 absorbeatur?
2452 4112 2509 4169 Si
2559 4131 2691 4170 vero
2733 4132 2997 4188 corporea
3031 4129 3171 4185 erat,
3219 4135 3384 4176 omne

1802 4218 2003 4274 corpus
2024 4211 2235 4259 sectum
2271 4215 2325 4260 et
2354 4206 2408 4260 in
2435 4206 2614 4261 frusta
2646 4208 2904 4278 partitum
2944 4211 3181 4281 quodam
3221 4211 3383 4267 modo

118 4298 341 4353 δύναται
370 4299 468 4371 τὴν
518 4299 652 4353 ίδίαν
691 4297 857 4367 ζωήν.
900 4297 1198 4371 Τοιγαροῦν
1245 4297 1277 4370 ἢ
1316 4290 1660 4369 ἀσώματοςῆ

1831 4297 1945 4351 μοι-η
1972 4303 2029 4351 et
2054 4312 2163 4351 non
2195 4305 2377 4369 potest
2410 4300 2574 4353 vitam
2625 4315 2781 4355 suam
2823 4302 3027 4358 vivere.
3079 4302 3249 4370 Igitur
3297 4305 3385 4359 vel

120 4391 152 4462 ἡ
182 4391 556 4446 ἀποσταλεῖσα
591 4391 741 4461 παρὰ
774 4390 867 4446 τοῦ
898 4390 1104 4460 ἀγαθοῦ
1140 4391 1388 4462 δύναμις,
1427 4388 1521 4442 καὶ
1542 4387 1660 4441 οὐδα

1831 4401 2130 4457 ncorporea
2188 4396 2307 4442 erat
2360 4398 2604 4459 potestas
2644 4406 2674 4444 a
2721 4390 2866 4445 bono
2910 4392 3111 4455 missa,
3137 4399 3193 4447 et
3232 4393 3384 4446 nullo

123 4483 235 4551 μῶς
275 4482 402 4536 οὔτε
446 4483 742 4555 κατεπόθη,
787 4482 910 4538 οὔτε
954 4486 1032 4547 είς
1063 4483 1288 4547 πολλοὺς
1328 4481 1575 4554 διῃρέθη,
1606 4498 1660 4534 κο

1831 4479 1970 4533 nodo
2000 4479 2257 4550 absorpta
2284 4489 2387 4545 est,
2422 4496 2523 4536 nec
2556 4482 2610 4536 in
2646 4483 2846 4538 multos
2866 4481 3044 4538 divisa
3074 4492 3178 4546 est,
3217 4492 3386 4553 atque

119 4574 413 4640 πέπαυται,
439 4576 533 4628 καὶ
567 4574 710 4628 οὕτω
739 4574 1015 4638 παντελῶς
1044 4576 1072 4627 ὀ
1108 4573 1311 4645 μῦθος-⁸
1343 4574 1376 4644 ἢ
1410 4571 1695 4643 σωματική

120 4680 198 4728 τις
218 4658 484 4736 ἐτύγχανε
511 4666 604 4720 καὶ
633 4665 899 4739 ἀνῄρηται
928 4668 1127 4737 πάντη,
1163 4666 1257 4719 καὶ
1290 4666 1532 4719 ἀπόλωλε
1560 4663 1698 4738 πρὸς

120 4757 215 4825 τῆς
260 4757 482 4821 κακίας,
533 4758 670 4830 ὅπερ
708 4760 824 4812 ἐστὶ
875 4750 1253 4830 χαλεπώτερον
1296 4761 1375 4822 είς
1416 4757 1571 4830 ὕϐριν
1602 4756 1696 4810 τοῦ

121 4846 356 4915 ἀγαθοῦ·
408 4849 607 4919 μᾶλλον
651 4850 707 4903 δὲ
740 4850 1101 4923 ίσχυρὼτερον
1138 4854 1219 4914 είς
1257 4849 1565 4921 ἀνασκευὴν
1601 4847 1696 4901 τοῦ

126 4935 295 5006 μύθου
319 4955 334 4970 ο
367 4939 526 5010 σῶμα
554 4941 663 5011 γάρ
685 4942 805 4995 καθ’
840 4941 1001 4995 ἑαυτὸ
1030 4941 1298 5013 διαιρεθὲν
1320 4941 1412 4994 καί
1442 4939 1699 5012 διασκορ-

124 5026 332 5092 πισθὲν,
359 5028 501 5100 (νοῦς
524 5030 633 5102 γάρ
654 5033 715 5085 οὐ
742 5032 1073 5104 διαιρεῖται),
1091 5032 1247 5086 ποίαν
1267 5032 1380 5103 ἔχει
1397 5032 1496 5104 τὴν
1526 5034 1697 5102 ἰσχὺν,

123 5114 259 5173 ὥστε
288 5121 608 5176 ὑποτάττειν
636 5122 736 5194 τὴν
757 5125 973 5187 κακίαν,
1005 5123 1066 5177 τὸ
1094 5123 1363 5196 τοσαύτην
1398 5141 1456 5192 γε
1495 5124 1699 5195 βλάϐην

127 5213 215 5265 καὶ
245 5212 405 5285 ὓϐριν
437 5218 517 5281 είς
541 5217 641 5289 τὴν
683 5218 818 5271 ίδίαν
865 5217 1024 5287 φύσιν
1050 5218 1364 5288 ὑπομεῖναν,
1405 5218 1479 5281 ὡς
1513 5216 1703 5287 ἠφανί-

130 5302 247 5358 σθαι
276 5308 371 5360 καὶ
399 5308 736 5364 ἀπολωλέναι
775 5309 951 5363 δοκεῖν
976 5326 991 5377 ;
1020 5309 1176 5363 τοῦτο
1215 5310 1325 5383 γὰρ
1358 5310 1489 5364 ἴδιον
1525 5309 1705 5381 σώμα-

123 5404 214 5457 τος
252 5398 748 5470 κατατεμνομένου.

1806 4572 1881 4625 ita
1916 4587 1984 4627 ex
2016 4579 2130 4626 toto
2179 4572 2360 4628 fabula
2395 4572 2607 4627 sublata
2641 4582 2727 4629 est
2761 4594 2773 4628 :
2820 4574 2903 4629 vel
2937 4589 3200 4644 corporea
3238 4589 3387 4647 quae-

1806 4662 1930 4717 dam
1967 4672 2210 4734 potestas
2249 4674 2390 4731 erat,
2422 4674 2476 4721 et
2515 4682 2544 4719 a
2579 4666 2821 4737 nequitia
2861 4667 3039 4722 deleta
3079 4674 3166 4722 est
3221 4674 3276 4721 et
3310 4668 3388 4721 in-
3418 4720 3423 4731 ,

1804 4756 2022 4809 teritum
2054 4757 2199 4827 cepit
2225 4774 2240 4824 ;
2271 4756 2417 4827 quod
2443 4767 2526 4812 est
2568 4757 2634 4811 ad
2664 4757 3051 4812 contumeliam
3083 4756 3176 4812 Dei
3207 4757 3384 4811 scele-

1802 4847 2000 4910 ratius,
2023 4847 2155 4917 quin
2184 4849 2367 4918 potius
2396 4847 2464 4901 ad
2482 4848 2820 4903 eversionem
2845 4847 3042 4903 fabula:
3069 4849 3340 4903 valentius
3369 4866 3382 4901 :

1803 4952 2006 5006 corpus
2030 4938 2176 4992 enim
2208 4954 2304 5009 per
2324 4954 2383 4993 se
2406 4938 2637 4993 divisum
2661 4949 2715 4993 et
2734 4939 3057 5009 dissipatum
3075 4954 3141 4992 ac
3168 4938 3386 5008 disper-

1804 5044 1925 5085 sum
1955 5030 2132 5101 (mens
2160 5032 2302 5087 enim
2322 5047 2429 5086 non
2453 5031 2756 5103 dividitur),
2784 5048 2922 5102 quas
2950 5034 3094 5088 vires
3124 5033 3284 5087 habet
3315 5028 3387 5085 ad

1806 5122 2164 5192 subigendam
2194 5124 2515 5194 nequitiam,
2544 5124 2686 5194 quod
2731 5134 2942 5179 tantum
2994 5124 3381 5180 detrimentum

1805 5222 1860 5269 et
1891 5210 2281 5269 contumeliam
2338 5216 2391 5270 in
2441 5225 2692 5271 naturam
2737 5218 3013 5287 propriam
3052 5218 3287 5288 accepit,
3327 5223 3388 5270 ut

1809 5304 2063 5360 videatur
2089 5308 2328 5363 deletum
2359 5324 2484 5365 esse
2512 5317 2566 5365 et
2603 5309 2911 5365 interiisse?
2942 5310 3045 5365 hoc
3076 5310 3222 5366 enim
3262 5323 3390 5366 cor-

1809 5399 1959 5469 poris
1980 5399 2141 5455 divisi
2170 5402 2449 5472 proprium
2484 5412 2588 5460 est.

672 5513 801 5569 Car.
846 5513 1033 5568 XXIII.
1075 5513 1215 5569 Deus
1242 5513 1597 5568 substantiam
1631 5527 1785 5566 suam
1818 5529 1920 5567 non
1953 5514 2119 5572 misit.
2148 5512 2333 5570 Manes
2373 5515 2427 5569 in
2462 5514 2627 5571 Deum
2657 5517 2857 5586 furens.

198 5623 268 5677 Τδ
305 5625 362 5679 δὲ
399 5624 464 5697 δὴ
510 5626 990 5698 παραλογώτερον,
1049 5629 1098 5681 εί
1140 5626 1370 5699 θελήσας
1419 5626 1555 5691 Θεὸς
1604 5627 1707 5698 γῆν

129 5713 399 5781 ἱξελέσθαι
445 5717 546 5787 τῆς
585 5719 802 5783 κακίας,
847 5719 908 5773 τὸ
951 5722 1016 5774 ὲκ
1048 5720 1146 5791 τῆς
1191 5719 1326 5784 ἰδίας
1361 5719 1575 5789 φύσεως
1612 5736 1710 5804 γυτ

285 5812 560 5878 Ρηιιοι..
593 5814 712 5875 Gn.
748 5813 952 5875 XVlIl

1889 5624 2044 5692 Quod
2079 5636 2259 5684 autem
2289 5628 2562 5685 amentius
2598 5643 2702 5697 ess,
2732 5629 2777 5687 si
2802 5644 2925 5686 cum
2958 5628 3221 5685 voluisset
3246 5627 3389 5684 Deus

1826 5724 2025 5777 terram
2052 5720 2263 5792 eripere
2295 5720 2576 5795 nequitiae,
2616 5736 2685 5777 ex
2721 5732 2914 5779 natura
2946 5721 3169 5793 propria
3208 5719 3393 5776 emisit

3036 5814 3115 5877 33
