3838 6158
415 297 437 349 1
448 295 553 353 099

1535 280 1669 339 TITI
1703 279 2137 340 ‘BOSTRENSIS
2177 269 2484 331 EPISCOPI

3497 267 3642 324 H00

414 412 547 470 illud
579 407 782 464 nudum
827 405 894 460 ad
947 404 1330 478 qontuntelialn
1380 409 1432 456 et
1459 398 1738 454 interitum
1793 393 1964 463 ipsius

2087 391 2197 444 ινὸν
2229 388 2538 459 προσήκατο
2553 384 2630 445 είς
2651 381 2805 451 ὕϐριν
2828 378 3084 451 χαλεπὴν,
3119 376 3515 448 καίδιαφθοράν
3539 379 3646 430 αὐ-

407 499 746 564 substantiae,
785 503 866 551 tot
914 495 1129 550 szeculis
1182 505 1462 550 sessurum
1496 494 1550 543 et
1595 485 1964 539 habitaturum

407 596 572 653 simul
611 609 738 648 cum
776 589 1040 660 nequitia,
1072 595 1126 643 et
1153 586 1426 656 particeps
1455 581 1575 650 ejus
1601 578 1868 643 futurum,
1905 590 1968 629 ac

407 704 534 745 cum
557 702 619 743 ea
647 685 852 759 pariter
875 688 1244 752 peccaturum.
1269 674 1424 741 Quod
1450 670 1668 742 quidem
1695 669 1777 722 vel
1808 681 1967 720 unam

409 784 601 839 horam
629 786 724 833 aut
745 783 1004 848 punctum
1036 767 1297 840 temporis
1329 761 1693 820 substantiam
1723 759 1817 813 Dei
1843 773 1966 826 pas-

409 891 528 933 sam
578 887 722 938 esse,
771 879 833 924 ut
872 865 1129 936 nequitiae
1179 860 1424 930 subjecta
1467 861 1637 918 esset,
1673 861 1728 908 et
1765 853 1972 922 pariter

408 984 534 1022 cum
589 979 653 1021 ea
699 960 1041 1031 deliquisset,
1101 967 1316 1009 omnem
1375 947 1666 1003 amentiam
1725 948 1968 1014 superat.

409 1061 624 1128 Quanto
674 1055 866 1111 melius
915 1058 1032 1108 erat
1064 1047 1322 1103 traditam
1372 1057 1496 1098 esse
1533 1047 1759 1101 terram,
1808 1047 1970 1104 quam

409 1149 772 1208 substantiam
805 1145 896 1201 Dei
927 1139 1377 1212 comprehensam
1403 1131 1560 1189 esse?
1603 1129 1659 1184 Si
1686 1127 1831 1183 enim
1860 1139 1969 1178 non

410 1237 608 1296 fuisset
639 1234 862 1291 ferenda
895 1229 1137 1286 incursio
1165 1228 1220 1280 in
1249 1233 1475 1286 terram,
1514 1226 1575 1273 ut
1615 1214 1845 1270 materia
1881 1228 1973 1265 oro

412 1332 594 1386 dinem
645 1326 1028 1398 perturbaret,
1091 1323 1294 1388 quanto
1341 1313 1521 1366 minus
1582 1305 1800 1362 ferenda
1856 1310 1973 1357 erat

413 1428 562 1475 tanta
613 1416 874 1481 servitus,
906 1421 959 1466 et
1004 1417 1213 1463 naturae
1239 1403 1436 1458 divinae
1486 1397 1776 1467 subjectio,
1812 1393 1972 1462 idque

412 1528 524 1568 non
553 1509 620 1565 ad
653 1506 1039 1563 brevissimum
1069 1510 1306 1569 tempus,
1343 1493 1440 1551 sed
1472 1492 1540 1546 ad
1572 1489 1893 1546 universum
1921 1492 1974 1539 et

412 1605 738 1658 immensum
785 1593 1082 1652 saeculum?
1135 1598 1194 1645 ut
1240 1602 1417 1656 neque
1460 1581 1704 1653 nequitia
1748 1590 1976 1650 peccare

412 1695 721 1756 desisteret,
771 1697 825 1745 et
859 1687 1002 1742 Deus
1035 1698 1162 1739 cum
1216 1696 1280 1735 ea
1303 1694 1399 1750 per
1436 1679 1761 1748 potestatem
1804 1685 1872 1725 ex
1918 1682 1977 1722 se

413 1785 648 1856 genitam
678 1787 950 1851 peccaret.

417 1939 421 1944 ,
487 1873 642 1931 Unde
670 1883 1013 1941 consequens
1042 1873 1148 1930 est,
1180 1877 1360 1934 neque
1390 1863 1554 1915 deum
1578 1855 1820 1911 voluisse
1849 1851 1977 1906 mit-

413 1976 530 2021 tere
566 1963 821 2035 nequitiaz
857 1977 925 2016 ex
970 1957 1276 2014 substantia
1322 1967 1422 2010 sua
1455 1951 1694 2022 genitum
1750 1947 1816 2000 ad
1847 1959 1974 2014 pec-

415 2057 650 2113 candum
677 2070 799 2110 cum
823 2068 885 2110 ea
916 2072 929 2107 :
962 2065 1063 2106 nec
1090 2047 1224 2103 illud
1245 2046 1471 2100 missum
1504 2039 1785 2095 inductum
1809 2036 1979 2090 fuisse

416 2158 470 2206 et
497 2150 922 2217 obtemperasse,
956 2151 1016 2196 ut
1041 2139 1109 2194 ad
1137 2147 1346 2191 tantum
1378 2132 1580 2187 malum
1605 2135 1659 2184 et
1688 2128 1830 2181 luem
1853 2138 1978 2193 pro-

417 2243 793 2304 ﬁcisceretur;
830 2245 890 2291 ut
926 2234 1247 2303 impleretur
1272 2226 1482 2284 scilicet
1503 2222 1651 2277 omni
1690 2218 1980 2290 iniquitate

415 2344 470 2392 et
500 2333 788 2404 injustitia,
823 2327 986 2384 simul
1014 2333 1067 2380 et
1101 2323 1401 2393 impietate,
1435 2316 1602 2386 idque
1635 2328 1736 2384 pro
1761 2319 1979 2366 terrena

417 2424 737 2496 liberatione
763 2427 926 2474 terra:
954 2431 1060 2470 non
1087 2414 1198 2483 jam
1235 2421 1367 2466 tunc
1407 2413 1601 2476 captae,
1637 2402 1733 2458 sed
1765 2400 1982 2471 capien-

416 2493 520 2580 dae,
552 2525 810 2584 tanquam
852 2523 959 2562 non
991 2504 1260 2576 potuisset
1288 2500 1433 2555 Deus
1466 2498 1625 2551 aliter
1653 2493 1783 2549 huic
1819 2499 1981 2548 terrae

417 2622 674 2681 pra'esse.
729 2602 866 2657 Vide
915 2611 1080 2670 quam
1135 2595 1296 2665 plane
1347 2590 1623 2645 inﬁrmum
1685 2584 1982 2640 mentiatur

420 2703 594 2757 Deum
623 2693 955 2751 Manichacus
986 2689 1040 2742 in
1075 2687 1242 2741 Deum
1267 2683 1474 2747 furens,
1503 2690 1762 2747 tanquam
1789 2674 1980 2729 defen-

419 2807 513 2848 sor
539 2789 948 2861 possessionum
986 2778 1218 2850 alicujus
1245 2775 1458 2847 pupilli,
1483 2780 1536 2826 et
1567 2771 1726 2840 cujus
1754 2768 1984 2824 inﬁrmi-

419 2891 586 2938 tatem
627 2877 998 2936 necessarium
1037 2879 1123 2928 est
1155 2866 1425 2930 conﬁteri,
1453 2874 1512 2919 ut
1543 2874 1726 2936 partes
1764 2859 1982 2932 patroni

420 2975 658 3046 impleat.
694 2971 765 3026 Ut
797 2969 942 3025 enim
973 2972 1166 3022 contra
1202 2959 1500 3016 defendens
1544 2955 1844 3026 nequitiam
1887 2967 1983 3006 ne-

420 3079 692 3138 quaquam
724 3077 820 3132 per
862 3075 920 3114 se
957 3055 1368 3114 consistentem,
1419 3049 1600 3104 omnia
1632 3046 1849 3117 quidem
1900 3043 1980 3097 fe-

421 3159 566 3215 cisse
595 3161 789 3210 contra
823 3151 991 3206 Deum
1015 3152 1224 3210 narrat,
1259 3143 1606 3204 seditionem,
1637 3139 1897 3207 impetum
1929 3135 1986 3189 in

421 3265 513 3306 res
545 3247 686 3318 ejus,
718 3250 1016 3315 postremo,
1045 3235 1191 3308 quod
1226 3245 1309 3290 est
1349 3233 1594 3288 omnium
1625 3227 1988 3300 ﬂagitiosissi-

422 3355 594 3405 mum,
646 3335 950 3394 obtinuisse
1000 3328 1149 3387 omni
1187 3326 1388 3384 saeculo
1429 3323 1793 3380 substantiam
1845 3319 1985 3388 ejus,

423 3444 653 3502 eamque
687 3427 743 3481 in
781 3424 1020 3480 inﬁnitas
1051 3411 1237 3492 partes
1262 3418 1538 3478 divisisse,
1575 3411 1899 3484 praefocarc,
1934 3417 1988 3463 et

424 3527 483 3580 in
535 3539 594 3578 se
633 3522 751 3591 ipsa
801 3517 1121 3587 reprimere,
1174 3513 1482 3579 habereque
1519 3522 1637 3562 eam
1678 3504 1882 3560 sociam
1932 3502 1987 3555 in

424 3615 574 3671 omni
598 3625 762 3684 prava
789 3609 1003 3662 actione
1032 3611 1086 3658 et
1128 3599 1575 3669 intemperantia;
1609 3595 1776 3649 Deum
1808 3599 1988 3645 autem

425 3723 539 3764 non
568 3705 811 3776 potuisse
841 3702 1022 3755 locum
1052 3711 1211 3752 suum
1238 3695 1348 3748 ullo
1377 3692 1483 3744 alio
1511 3688 1672 3743 modo
1703 3701 1880 3755 neque
1902 3700 1990 3739 va-

425 3802 602 3856 lenter
629 3797 862 3866 eripere,
888 3807 1063 3862 neque
1085 3790 1277 3845 saltem
1301 3799 1492 3839 vacare
1517 3797 1547 3835 a
1569 3786 1814 3850 peccato,
1843 3777 1989 3848 quod

424 3898 678 3947 naturam
717 3887 838 3957 ejus
859 3883 1110 3940 decebat.

498 4068 627 4134 Qua:
669 4063 814 4119 enim
849 4061 902 4116 id
933 4056 1078 4128 quod
1122 4071 1186 4110 ex
1221 4055 1342 4124 ipso
1395 4049 1694 4106 secundum
1731 4047 1990 4102 substan-

426 4159 557 4211 tiam
614 4155 855 4225 genitum
907 4157 1012 4210 est,
1065 4149 1269 4216 pariter
1317 4157 1439 4196 cum
1499 4139 1726 4194 materia
1775 4142 1987 4206 peccat,

423 4249 588 4320 plane
629 4224 686 4298 in
727 4256 849 4297 eum
878 4237 971 4308 qui
1003 4233 1212 4307 genuit,
1253 4229 1580 4286 redundant.
1636 4225 1727 4280 Sic
1771 4224 1990 4278 demum

425 4351 644 4393 omnem
676 4331 972 4403 potentiam
1005 4326 1060 4380 in
1088 4324 1256 4378 Deum
1287 4318 1601 4376 testimonio
1645 4330 1748 4372 suo
1800 4313 1991 4368 tribuit

2002 1739 2050 1798 Β

2065 483 2164 552 τῆς
2199 498 2260 550 γε
2279 480 2378 549 τῆς
2395 477 2598 542 οὐσίας,
2616 473 2864 528 τοσοῦτον
2889 471 3061 525 αίῶνα
3080 467 3440 540 καθεζόμενον
3473 469 3648 538 κακίᾳ

2069 573 2399 642 συνοικῆσον,
2441 569 2533 623 κα.)⁸
2569 566 2788 638 μεθέξον
2845 563 3035 634 αὐτῆς,
3094 562 3191 614 καὶ
3227 560 3648 630 συναμαρτῆσον

2070 667 2236 736 αὐτῇ·
2265 665 2400 733 ὅπερ
2424 662 2550 733 μίαν
2575 660 2704 728 γοῦν
2738 657 2883 728 ὥραν
2908 656 2942 727 ἢ
2967 655 3157 726 χρόνου
3190 653 3423 723 στιγμὴν
3452 651 3649 704 παθεῖν

2067 758 2165 828 τὴν
2209 755 2397 809 οὐσίαν
2442 753 2535 807 τοῦ
2585 749 2750 814 Θεοῦ,
2794 748 2868 812 ὼς
2913 749 3244 816 ὑποταγῆναι
3308 743 3495 814 κακίᾳ,
3551 744 3649 795 καὶ

2068 849 2237 918 ταύτῃ
2260 836 2693 917 συναμαρτῆσαι,
2716 841 2809 894 καὶ
2840 840 3054 893 πάντων
3079 837 3413 906 ἀλογώτερον
3439 835 3507 888 ἂν
3533 836 3647 903 εἰη.

2069 941 2180 994 Καὶ
2210 940 2359 1010 πόσῳ
2408 938 2473 1008 δὴ
2508 936 2712 1008 βέλτιον
2751 929 2820 1003 ἦν
2869 933 2974 1003 γῆν
3017 928 3410 1000 παραδοθῆναι,
3441 926 3536 980 καὶ
3567 926 3650 995 μὴ

2067 1033 2168 1106 τὴν
2216 1031 2405 1084 οὐσίαν
2450 1027 2545 1082 τοῦ
2591 1025 2726 1080 Θεοῦ
2779 1022 3225 1094 καταληφθῆναι;
3276 1021 3342 1073 Et
3391 1018 3502 1090 γὰρ
3545 1019 3652 1071 οὐκ

2072 1125 2267 1196 ἀνεκτὴ
2307 1122 2443 1195 πρὸς
2474 1119 2698 1185 ἀταξίαν
2743 1118 2844 1188 τῆς
2884 1117 3017 1186 ὕλης
3059 1117 3093 1186 ὴ
3121 1115 3260 1168 κατά
3299 1114 3403 1185 γῆς
3435 1111 3654 1182 εφοδος,

2071 1217 2222 1286 πόσῳ
2258 1214 2453 1285 μᾶλλον
2489 1212 2762 1282 ἀφόρητος
2807 1213 2840 1281 ὴ
2877 1207 3110 1279 τοσαύτη
3144 1206 3358 1260 δουλεία
3389 1206 3483 1259 καὶ
3514 1205 3654 1257 ὑπο·

2071 1307 2212 1377 ταγὴ
2236 1307 2333 1375 τῆς
2359 1304 2450 1358 τοῦ
2475 1303 2609 1357 Θεοῦ
2638 1303 2869 1372 φύσεως,
2903 1301 2997 1353 καὶ
3027 1302 3084 1353 οὐ
3122 1300 3255 1371 πρὸς
3280 1300 3340 1352 τὸ
3372 1299 3654 1371 βραχύτα-

2071 1418 2181 1463 τον,
2213 1399 2349 1453 άλλά
2375 1399 2508 1470 πρὸς
2535 1397 2653 1450 ὅλον
2683 1397 2776 1449 καὶ
2801 1395 3028 1450 ἄπλετον
3058 1394 3228 1447 αἰῶνα
3252 1409 3266 1457 ;
3299 1393 3375 1455 ὡς
3417 1392 3516 1459 τὴν
3548 1391 3656 1460 μὲν

2074 1491 2267 1545 κακίαν
2298 1490 2430 1561 (10⁸)
2458 1489 2551 1542 τοῦ
2607 1489 2869 1560 ἁμαρτεῖν
2907 1487 2981 1558 μὴ
3014 1485 3356 1551 πεπαῦσθαι,
3413 1484 3546 1536 Θεὸν
3594 1483 3658 1537 δὲ

2077 1582 2506 1654 συναμαρτάνειν
2535 1581 2694 1645 αὐτῆ,
2730 1579 2819 1634 διὰ
2847 1580 2948 1650 τῆς
2989 1578 3049 1643 ἐξ
3075 1577 3236 1632 αὐτοῦ
3270 1575 3657 1648 προϐεϐλημέ-

2077 1692 2174 1747 νης
2205 1675 2498 1744 δυνάμεως.

2148 1849 2309 1902 Ὅθεν
2355 1849 2520 1912 εἰκὸς,
2550 1847 2672 1901 οὐδὲ
2706 1847 2838 1901 Θεὸν
2880 1847 3016 1919 πρὸς
3057 1848 3120 1903 τὸ
3159 1846 3661 1919 συνεξαμαρτάνειν

2075 1941 2326 2013 ἐθελῆσαι
2361 1941 2570 2012 πέμψαι
2607 1943 2674 2013 τῇ
2707 1941 2875 2013 κακίᾳ
2910 1943 2970 1994 τὸ
3021 1943 3086 1996 ἐκ
3129 1942 3229 2012 τῆς
3261 1943 3450 2005 οὐσίας
3482 1941 3657 1996 αὐτοῦ

2077 2032 2537 2105 προϐεϐλημένον,
2595 2032 2708 2086 οὔτ’
2749 2036 2924 2088 ἐκεῖνο
2964 2035 3256 2105 πεισθῆναί
3304 2052 3384 2100 τε,
3421 2035 3516 2088 καὶ
3551 2035 3660 2087 ὐπ-

2077 2123 2300 2176 ακοῦσαι
2328 2123 2462 2194 πρὸς
2485 2123 2731 2177 τοσοῦτον
2767 2123 2984 2196 ὄλεθρον
3019 2125 3329 2196 ἀφικέσθαι,
3375 2124 3516 2180 ὥστε
3545 2125 3659 2178 πά-

2080 2232 2178 2286 σης
2205 2215 2434 2284 ἀνομίας
2460 2231 2518 2266 τε
2553 2215 2646 2268 καὶ
2675 2215 2904 2278 ἀδικίας,
2935 2215 3050 2287 ἃμα
3087 2217 3181 2269 καὶ
3207 2217 3524 2279 δυσσεϐείας
3557 2219 3660 2286 ἐμ-

2079 2305 2383 2377 πλησθῆναι
2427 2306 2565 2376 ὑπὲρ
2618 2305 2711 2359 τοῦ
2759 2307 2966 2377 γηῖνου,
3015 2308 3112 2378 τὴν
3163 2308 3262 2380 ἤδη
3317 2307 3659 2378 ληφθεῖσαν,

2078 2398 2212 2451 ἀλλὰ
2229 2397 2324 2468 τὴν
2353 2397 2860 2469 καταλαμϐάνεσθαι
2882 2398 3177 2471 μέλλουσαν
3203 2399 3660 2472 ἐλευθερωθῆναι,

2077 2489 2152 2553 ῶς
2171 2490 2268 2560 οὐχ
2294 2484 2404 2543 οἷόν
2427 2507 2487 2542 τε
2517 2489 2577 2542 ὃν
2603 2491 2801 2562 ἑτέρως
2830 2491 3033 2562 ταύτης
3061 2491 3153 2546 τὸν
3176 2490 3306 2544 Θεὸν
3329 2492 3659 2564 προστῆναι.

2083 2582 2223 2652 Ὅρα
2250 2582 2378 2650 ὅσην
2403 2581 2699 2652 ἀδυναμίαν
2752 2582 3142 2652 καταψεύδεται
3182 2582 3273 2635 τοῦ
3301 2582 3436 2636 Θεοῦ
3471 2582 3663 2652 σαφῶς

2081 2675 2109 2726 ό
2139 2673 2277 2726 κατὰ
2309 2672 2402 2725 τοῦ
2436 2672 2568 2726 Θεοῦ
2608 2675 2828 2743 μανείς⁶
2867 2673 3054 2745 ὥσπερ
3098 2674 3391 2746 κτημάτων
3418 2675 3662 2746 ὀρφανοῦ

2083 2784 2223 2828 τινος
2245 2765 2660 2836 προϊστάμενος,
2683 2762 2741 2820 οὗ
2771 2768 2866 2837 τὴν
2890 2766 3168 2820 ἀσθένειαν
3197 2767 3504 2836 ἐπάναγκες
3534 2771 3664 2838 ὀμο-

2084 2858 2330 2929 λογῆσαι,
2357 2858 2442 2910 ἵνα
2476 2859 2544 2911 τά
2587 2859 2684 2928 τῆς
2720 2859 3041 2930 συνηγορίας
3086 2857 3377 2929 πληρωθῇο
3429 2859 3506 2924 ὡς
3550 2860 3662 2932 γάρ

2085 2950 2411 3013 τούναντίον,
2446 2950 2543 3020 τὴν
2591 2949 2840 3021 οὐδαμῶς
2885 2951 3248 3019 ὐφεστηκυῖαν
3295 2951 3491 3003 κακίαν
3529 2969 3664 3023 πρε-

2090 3041 2316 3105 σϐεύων,
2369 3041 2546 3094 πάντα
2602 3043 2699 3111 μὲν
2752 3041 2920 3112 αὐτὴν
2975 3042 3115 3095 κατά
3151 3041 3284 3095 Θεοῦ
3319 3043 3660 3114 δεδρακέναι,

2087 3131 2234 3199 λέγει
2277 3133 2680 3202 ἐπαναστῆναι,
2730 3131 2980 3200 ἐπιϐῆναι
3023 3134 3134 3194 τοῖς
3185 3131 3348 3185 αὐτοῦ
3399 3131 3659 3202 θελῆσαι·

2086 3220 2257 3286 τέλος,
2316 3220 2376 3272 τὸ
2419 3221 2634 3274 πάντων
2673 3220 2813 3274 κατά
2851 3220 2984 3273 Θεοῦ
3021 3221 3415 3292 χαλεπώτερον,
3444 3222 3545 3293 τῆς
3579 3224 3668 3276 οὐ·

2090 3311 2209 3375 σίας
2235 3311 2398 3365 αὐτοῦ
2434 3311 2675 3383 ἐγκρατῆ
2714 3311 3001 3383 σύμπαντα
3037 3313 3127 3367 τὸν
3171 3315 3340 3367 αίῶνα
3386 3315 3662 3383 γενέσθαι,

2087 3405 2180 3457 καὶ
2207 3408 2531 3474 κατατεμεῖν
2560 3404 2782 3475 ταύτην,
2810 3404 2886 3468 ὡς
2913 3406 3013 3458 οὐκ
3039 3405 3328 3476 ἐνδέχεται,
3353 3409 3432 3470 είς
3459 3407 3666 3480 ﬁxam

2086 3497 2367 3566 τμήματα,
2404 3496 2722 3565 ἀποπνίγειν
2775 3513 2835 3548 τε
2886 3496 2980 3550 καὶ
3024 3497 3331 3550 ἀποθλίϐειν
3374 3499 3432 3550 ἐν
3470 3499 3663 3570 ἑαυτῇ,

2088 3589 2182 3642 καὶ
2213 3587 2550 3658 συμμέτοχον
2600 3587 2796 3658 ἑαυτῆς
2845 3587 2901 3640 ἐν
2955 3587 3104 3661 πάσῃ
3162 3589 3511 3660 κακοπραγίᾳ
3567 3592 3669 3643 καὶ

2089 3680 2353 3752 ἀκολασίᾳ
2397 3681 2567 3750 ἔχειν’
2615 3679 2745 3732 Θεὸν
2795 3679 2850 3732 δέ
2894 3679 2968 3751 μὴ
3014 3680 3302 3752 δυνηθῆναι
3377 3682 3516 3751 μήτε
3572 3681 3667 3734 τὸν

2090 3774 2220 3850 ἴδιον
2265 3774 2426 3826 τόπον
2477 3773 2660 3844 ἕτερόν
2699 3790 2818 3825 τινα
2861 3773 3060 3843 τρόπον
3112 3771 3449 3844 δραστηρίως
3489 3773 3669 3840 ἐξελέ-

2092 3865 2237 3926 σθαι,
2271 3863 2408 3933 μήτε
2442 3862 2500 3914 τὸ
2535 3863 2912 3935 ἀναμάρτητον
2953 3862 3081 3931 γοῦν
3131 3863 3306 3933 ἐαυτῷ
3345 3863 3669 3935 πρεπόντως

2089 3956 2155 4025 τῇ
2198 3952 2354 4022 φύσει
2387 3953 2642 4023 τηρῆσαι.
3136 3961 3147 3973 ⁸

2167 4046 2230 4097 "A
2267 4043 2375 4116 γὰρ
2423 4043 2483 4096 τὸ
2527 4043 2584 4108 ἐξ
2627 4042 2790 4096 αὐτοῦ
2847 4043 3280 4115 προϐεϐλημένον
3319 4044 3438 4096 κατ’
3479 4044 3670 4097 οὐσίαν

2091 4139 2156 4207 τῇ
2191 4135 2288 4207 ῦλῃ
2320 4135 2621 4198 συναδικεῖ,
2669 4135 2926 4207 ἄντικρυς
2959 4138 3038 4199 είς
3067 4136 3226 4188 αὐτὸν
3265 4135 3550 4207 ἀνατρέχει
3575 4135 3669 4189 τὸν

2093 4224 2550 4296 προϐεϐλημένον.
2609 4222 2764 4277 Οὐτω
2802 4224 2868 4295 δὴ
2916 4226 3096 4278 πᾶσαν
3147 4224 3460 4277 δυναστείαν
3526 4225 3671 4278 κατά

2093 4317 2226 4371 Θεοῦ
2253 4318 2321 4388 τῇ
2360 4317 2524 4388 κακίᾳ
2573 4317 3027 4390 προσμαρτυρῶν,
3066 4317 3196 4371 Θεὸν
3243 4317 3298 4370 δὲ
3340 4319 3408 4371 τὰ
3450 4318 3671 4372 πάντων

427 4430 708 4500 nequitiac;
758 4423 926 4477 Deum
961 4433 1091 4473 vero
1133 4415 1265 4470 dicit
1309 4425 1530 4483 passum
1576 4423 1697 4464 esse
1742 4405 1982 4460 omnium

2094 4411 2364 4480 ἀνήκεστα
2396 4409 2529 4478 πρὸς
2568 4409 2733 4480 αὐτῆς
2771 4409 3094 4462 πεπονθέναι
3115 4409 3282 4478 λέγει,
3316 4411 3408 4462 καὶ
3453 4410 3670 4481 τολμῶν

427 4495 719 4576 durissima
745 4532 759 4570 :
784 4523 837 4570 et
865 4511 1028 4566 audet
1050 4510 1402 4577 subjungere,
1433 4501 1579 4572 quod
1613 4507 1858 4570 potestas
1891 4495 1989 4550 Dei

427 4613 596 4668 missa
625 4607 823 4680 SOpivit
853 4602 1135 4659 materiam
1162 4607 1421 4667 tanquam
1449 4595 1686 4648 belluam
1710 4589 1988 4652 cautione,

429 4717 538 4753 non
585 4699 759 4754 solum
791 4707 1001 4750 summe
1043 4689 1339 4753 contraria,
1387 4699 1639 4740 sermone
1690 4681 1836 4735 omni
1873 4695 1992 4749 pro-

427 4791 706 4847 babilitate
737 4794 960 4842 carcnte
993 4784 1252 4846 miscens,
1287 4787 1340 4834 et
1365 4793 1485 4849 qua:
1509 4775 1659 4830 nullo
1681 4781 1841 4844 pacto
1870 4785 1993 4826 csse

428 4889 680 4955 possunt,
706 4878 1004 4936 secundum
1021 4885 1271 4930 naturam
1283 4877 1590 4925 cmnmento
1613 4882 1710 4922 suo
1734 4866 1992 4934 largiens,

430 4975 525 5031 sed
560 4980 749 5028 contra
783 4984 945 5040 quam
978 4967 1093 5021 vult
1123 4965 1210 5018 hic
1237 4963 1400 5017 etiam
1430 4960 1724 5014 conﬁciens
1757 4969 1812 5012 et
1856 4971 1991 5010 con—

427 5063 656 5119 cludens
682 5080 694 5114 :
723 5076 787 5115 ex
823 5058 1066 5126 utrisque
1097 5054 1242 5108 enim
1282 5053 1358 5105 ait
1389 5052 1533 5105 hunc
1562 5048 1731 5104 Deum
1767 5045 1992 5100 univer-

429 5155 698 5212 sum’hoc
745 5151 1067 5206 fabricatum
1117 5161 1259 5200 esse.
1314 5143 1524 5215 Corpus
1574 5157 1706 5196 vero
1754 5139 1992 5194 hominis

428 5263 552 5304 esse
586 5245 804 5318 quidem
828 5241 1109 5313 nequitize;
1146 5237 1382 5291 animam
1413 5249 1540 5288 vero
1574 5232 1687 5295 Dei,
1723 5232 1837 5286 sive
1872 5245 1997 5284 cum

432 5343 543 5397 sint
589 5341 750 5394 unius
800 5335 1007 5400 forma,
1074 5335 1189 5389 sive
1243 5346 1369 5384 cum
1417 5329 1529 5399 jam
1584 5342 1651 5380 ex
1701 5324 1995 5379 contrariis

432 5433 767 5503 composita;
796 5444 1029 5501 quorum
1075 5433 1353 5486 neutrum,
1401 5428 1460 5475 ut
1492 5419 1654 5491 paulo
1685 5428 1804 5488 post
1836 5417 2002 5471 doce-

431 5525 648 5589 bimus,
692 5522 994 5578 cousistere
1044 5523 1243 5587 potest.
1316 5513 1532 5583 Corpus
1590 5519 1773 5564 tamen
1820 5509 1994 5564 solum

2095 4502 2308 4569 ἐπάγει,
2340 4501 2422 4552 ὃτι
2449 4499 2510 4571 δὴ
2539 4501 2904 4572 κατεκοίμησε
2945 4500 3040 4572 τὴν
3071 4500 3201 4572 ὓλην
3231 4504 3264 4570 ἡ
3301 4503 3672 4556 ἀποσταλεῖσα

2096 4592 2189 4646 τοῦ
2233 4591 2365 4644 Θεοῦ
2417 4591 2663 4662 δύναμις,
2701 4589 2777 4654 ὡς
2816 4591 2875 4645 τὸ
2922 4592 3106 4665 θηρίον
3153 4595 3355 4664 ἐπῳδῇ,
3400 4595 3462 4646 οὐ
3511 4595 3672 4665 μόνον

2097 4684 2376 4748 ἀπιθάνως
2401 4683 2467 4736 τὰ
2493 4683 2675 4755 ἄκρως
2701 4683 2916 4738 ἐναντία
2950 4684 3025 4755 τῷ
3057 4684 3199 4754 λόγῳ
3227 4684 3449 4755 κιρνῶν,
3484 4685 3580 4737 καὶ
3607 4686 3671 4737 τά

2102 4776 2364 4848 μηδαμῶς
2393 4774 2532 4828 κατά
2573 4775 2731 4844 φύσιν
2769 4775 3088 4847 ἐνδεχόμενα
3121 4775 3200 4846 τῷ
3241 4775 3353 4845 ἰδίῳ
3391 4775 3672 4846 πλάσματι

2100 4868 2474 4938 χαριζόμενος,
2519 4867 2652 4919 ἀλλὰ
2699 4867 2790 4920 καὶ
2839 4869 3140 4921 τούναντίον
3199 4865 3233 4939 ἦ
3276 4868 3548 4937 βούλεται,
3583 4869 3676 4921 καὶ

2100 4957 2330 5010 ἐνταῦθα
2357 4956 2802 5021 κατασκευάζων·
2841 4956 2898 5022 ἐξ
2933 4957 3132 5028 ἀμφοῖν
3180 4957 3278 5028 μὲν
3314 4957 3423 5029 γὰρ
3464 4958 3678 5010 τούτοιν

2102 5050 2235 5120 φησὶ
2264 5049 2391 5102 Θεὸν
2419 5049 2481 5116 δη
2491 5049 2817 5120 μιουργῆσαι
2841 5048 2958 5101 τόδε
2982 5049 3040 5101 τὸ
3066 5051 3171 5102 πᾶν
3189 5066 3201 5079 ’
3249 5048 3342 5100 τοῦ
3382 5049 3437 5102 δὲ
3475 5049 3680 5121 ἀνθρώ-

2102 5157 2202 5192 που
2231 5135 2365 5192 εἶναι
2393 5137 2487 5208 μὲν
2518 5138 2577 5190 τὸ
2608 5137 2768 5207 σῶμα
2790 5139 2886 5207 τῆς
2911 5138 3135 5200 κακίας·
3163 5132 3302 5189 εἶναι
3343 5136 3401 5189 δὲ
3440 5135 3541 5205 τὴν
3578 5138 3679 5204 ψυα

2095 5231 2196 5301 χὴν
2229 5229 2322 5281 τοῦ
2363 5230 2588 5295 ἀγαθοῦ,
2624 5231 2729 5282 εἴτε
2765 5229 3030 5299 μονοειδῆ,
3061 5231 3168 5282 εἴτε
3216 5229 3583 5299 συγκειμένην
3615 5230 3680 5280 ἐκ

2096 5322 2202 5374 τῶν
2235 5323 2488 5374 ἐναντίων
2509 5341 2521 5353 ο
2563 5323 2658 5376 καὶ
2684 5323 2873 5395 ταύτῃ,
2907 5321 2981 5386 ὡς
3009 5321 3262 5391 ἑκάτερον
3292 5321 3486 5391 μικρὸν
3521 5318 3678 5371 ὕστε-

2101 5434 2190 5487 ρον
2226 5414 2491 5486 δείξομεν,
2527 5416 2784 5470 σύστασιν
2823 5414 2942 5467 οὐδὲ
2972 5413 3098 5485 μίαν
3129 5412 3267 5482 ἕχον.
3301 5412 3466 5482 Σῶμα
3499 5411 3676 5480 μέντοι

2099 5508 2218 5561 καθ’
2254 5509 2410 5560 ἑαυτὸ
2439 5509 2588 5562 οὐδὲν
2629 5507 2738 5563 τῶν
2779 5507 2963 5561 κακῶν
2997 5505 3105 5560 οὐδ’
3133 5506 3356 5572 ἐπινοεῖ,
3386 5501 3510 5557 οὐτε
3543 5501 3674 5575 δρᾷ·

507 5677 635 5755 μεθ’)
676 5677 924 5734 Κακίαν.
969 5674 1270 5729 Neauitiam
1309 5679 1467 5728 vocat
1515 5687 1731 5743 semper
1784 5669 1982 5724 Satana

2087 5674 2294 5723 auctor.
2331 5665 2505 5722 Tuan.
