3782 6166
142 335 264 393 “Ci

1189 333 1557 393 ADVERSUS
1597 333 2016 391 MANICHIEOS
2053 333 2183 392 LlB.
2225 333 2265 388 Ι.

3246 329 3384 384 1102

136 451 255 506 οὔτε
281 450 387 522 γὰρ
425 449 660 520 φονεύει,
689 449 810 503 οὔτε
841 449 1103 522 μοιχεύει,
1139 451 1261 506 οὔτε
1284 453 1550 526 λῃστεύει,
1581 454 1702 508 οὔτε

1848 470 1870 508 c
1904 469 1999 524 per
2032 469 2093 510 se
2142 453 2281 509 nihil
2322 452 2453 508 mali
2501 466 2680 523 neque
2720 449 2948 523 cogitat.
2994 463 3174 520 neque
3213 448 3382 516 facit;

137 540 260 595 ἄλλο
303 557 358 593 τι
389 540 494 596 τῶν
519 540 871 612 ἀδικημάτων
905 541 1218 613 ἐργάζεται,
1247 543 1422 614 ψυχῆς
1455 545 1602 614 αὐτῷ
1631 545 1705 616 μὴ

138 633 434 708 παρούσης.

1815 562 1923 601 non
1948 546 2093 602 enim
2128 545 2352 609 occidit,
2384 560 2562 616 neque
2601 544 2964 610 adulteratur,
2999 557 3177 614 neque
3209 541 3383 596 latro-

1811 641 2048 704 cinatur,
2095 655 2196 695 ncc
2245 631 2409 693 aliam
2437 638 2699 710 iniuriam
2731 636 2882 704 facit,
2930 651 3058 692 cum
3092 649 3201 690 non
3233 633 3388 688 adeSt

1812 731 2016 787 anima.

1145 837 1277 894 (ΖΜ).
1319 837 1508 895 XXIV.
1543 837 1731 894 Mistio
1766 846 1960 898 animae
1993 861 2113 899 cum
2147 861 2386 915 corpore.

207 954 397 1008 Καίτοι
425 951 630 1006 τούτων
662 953 759 1005 καὶ
798 951 907 1004 τῶν
933 951 1188 1005 τοιούτων
1227 952 1414 1005 ἕνεκεν
1441 955 1717 1026 ἐπινενόη-

139 1064 225 1101 ται
263 1045 342 1117 τῷ
369 1046 605 1100 Μάνεντι
651 1040 749 1116 τῆς
793 1043 1041 1107 ἐναντίας
1077 1044 1252 1116 ἀρχῆς
1303 1046 1336 1116 η
1384 1045 1712 1110 ὑπόστασις,

142 1140 235 1195 καὶ
260 1139 366 1194 τῶν
393 1139 646 1192 ἐναντίων
687 1139 721 1210 ἡ
765 1139 980 1208 κρᾶσις,
1029 1137 1104 1200 ὡς
1147 1136 1214 1190 ἂν
1254 1137 1314 1192 τὸ
1341 1139 1512 1192 αἴτιον
1539 1139 1715 1192 αὐτῶν

138 1230 406 1305 εὑρεθείη.
457 1231 522 1284 Εί
567 1230 624 1284 δέ
671 1231 705 1301 ἡ
749 1231 944 1302 κρᾶσις
986 1229 1088 1301 τῆς
1130 1229 1308 1301 ψυχῆς
1359 1229 1454 1284 τοῦ
1511 1231 1716 1301 ἀγαθοῦ

140 1325 272 1396 πρὸς
304 1323 370 1377 τὸ
400 1321 559 1394 σῶμα
595 1321 689 1376 τοῦ
731 1321 926 1387 κακοῦ,
969 1321 1076 1376 τῶν
1125 1322 1478 1394 ἀδικημάτων
1509 1322 1718 1395 ἀνθρὼ-

139 1437 258 1485 ποις
315 1419 557 1492 παρέσχε
610 1419 710 1484 τὰς
765 1418 1051 1490 ἀφορμὰς,
1103 1419 1224 1472 καθ’
1276 1419 1438 1473 ἐαυτδ
1490 1418 1598 1492 γὰρ
1655 1419 1716 1472 οὐ

139 1510 447 1582 πλημμελεῖ
491 1509 648 1580 σῶμα
669 1523 687 1542 ⁶
719 1509 927 1580 βέλτιον
971 1505 1040 1581 ἦν
1078 1509 1152 1581 μὴ
1207 1508 1580 1582 συγκραθῆναι
1620 1511 1718 1582 τὴν

140 1604 526 1675 ππλασμένην
559 1603 653 1656 τοῦ
687 1601 894 1671 ἀγαθοῦ
933 1602 1163 1673 δύναμιν
1206 1605 1270 1674 τῇ
1315 1601 1388 1674 μὴ
1435 1602 1571 1676 οὔσῃ
1621 1619 1720 1657 κα-

140 1699 258 1772 κίᾳο
295 1699 356 1752 οῦ
381 1697 498 1774 ’γὰρ
531 1696 595 1750 ἂν
627 1696 735 1748 τῶν
783 1695 924 1748 κατά
953 1694 1270 1768 ἀνθρώπους
1303 1696 1720 1767 ἁμαρτημάτων

1879 958 2045 1027 Atqui
2098 958 2168 1011 ob
2209 959 2350 1012 hanc
2399 973 2623 1014 causam
2669 958 3004 1029 excogitavit
3052 955 3386 1011 Manichacus

1811 1049 2146 1122 hypostasim
2189 1051 2445 1121 principii
2493 1052 2759 1108 contrarii
2794 1060 2848 1106 et
2898 1051 3209 1105 mistionem
3255 1063 3387 1102 con-

1812 1144 2130 1210 trariorum,
2167 1153 2228 1197 ut
2263 1158 2430 1198 causa
2472 1144 2739 1198 malorum
2786 1143 3143 1213 reperiretur.
3196 1139 3303 1195 Sed
3339 1141 3388 1197 si

1815 1233 2074 1291 admistio
2113 1235 2331 1300 anima),
2370 1251 2491 1306 qua:
2525 1235 2620 1292 Dei
2650 1243 2756 1302 est,
2793 1251 2920 1290 cum
2951 1249 3209 1306 corpore,
3243 1233 3390 1303 quod

1816 1327 2042 1394 diaboli,
2073 1344 2270 1386 causas
2305 1339 2361 1384 et
2395 1329 2694 1400 primordia
2731 1329 3056 1400 iniuriarum
3105 1342 3170 1381 ac
3198 1339 3392 1398 pecca-

1815 1429 1994 1476 torum
2017 1421 2334 1478 hominibus
2361 1422 2614 1493 praebuit,
2644 1438 2742 1492 per
2771 1437 2832 1478 se
2857 1429 3038 1478 autem
3073 1434 3184 1476 non
3215 1418 3365 1474 delin
3392 1444 3394 1446 τ

1814 1513 1935 1586 quit
1977 1529 2218 1585 corpus:
2248 1515 2446 1570 melius
2488 1523 2628 1578 erat,
2660 1521 2720 1568 ut
2752 1513 2934 1568 anima
2985 1528 3015 1567 a
3045 1511 3157 1566 Deo
3203 1516 3389 1566 creata

1814 1619 1923 1659 non
1959 1603 2358 1660 admisceretur
2401 1604 2662 1670 nequitiae
2712 1620 2822 1658 non
2870 1603 3107 1658 exstanti
3138 1601 3388 1657 :nullum

1815 1699 1962 1752 enim
1989 1714 2057 1752 ex
2080 1699 2323 1768 peccatis
2353 1713 2476 1777 quae
2509 1699 2758 1753 homines
2784 1696 3158 1760 committunt,
3187 1695 3245 1749 in
3275 1693 3388 1748 vita

138 1791 283 1845 οὐδὲν
312 1787 676 1852 ἐπολιτεύετο,
711 1787 819 1841 οὐδ’
851 1787 916 1841 ἂν
946 1788 1186 1860 ὑπῆρχεν
1224 1788 1382 1852 ὅλως.
1418 1789 1576 1852 Ποῖος
1606 1788 1714 1860 γὰρ

1849 1797 2136 1846 emeretur
2175 1807 2354 1862 neque
2397 1793 2617 1862 penitus
2647 1798 2826 1870 esset.
2855 1789 3011 1855 Quod
3061 1788 3206 1844 enim
3244 1793 3391 1842 esset

139 1879 204 1955 ἦν
234 1885 262 1938 ό
297 1883 476 1953 φόνος,
503 1880 599 1936 τοῦ
631 1881 989 1952 φονευομένου
1037 1881 1111 1952 μὴ
1154 1881 1326 1945 ὄντος,
1363 1880 1474 1950 εἴγε
1517 1879 1589 1951 μὴ
1628 1880 1714 1934 διά

138 1975 232 2044 τῆς
259 1974 368 2029 τῶν
405 1972 664 2028 ἐναντίων
717 1973 988 2044 κράσεως,
1043 1971 1182 2026 κατὰ
1232 1969 1324 2026 τὸν
1375 1970 1714 2041 γελοιότατον

139 2063 308 2133 λόγον,
360 2063 606 2133 ἐγεγόνει
658 2063 901 2133 κόσμος;
949 2061 1079 2115 ποία
1129 2060 1175 2114 δ’
1227 2059 1294 2115 ἂν
1340 2061 1571 2132 μοιχεία,
1617 2060 1712 2114 τοῦ

145 2155 391 2227 σώματος
425 2154 501 2226 μὴ
528 2154 700 2218 ὄντος,
731 2155 866 2225 μήτε
898 2152 1019 2207 καθ’
1051 2151 1212 2206 ἑαυτὸ
1243 2151 1373 2221 γοῦν
1400 2150 1717 2223 ἐπιθυμοῦν-

138 2266 242 2314 τος,
275 2252 324 2303 εί
364 2249 442 2321 μὴ
473 2248 620 2320 ψυχὴ
673 2251 706 2320 ἡ
757 2247 848 2301 τοῦ
895 2247 1102 2316 ἀγαθοῦ
1135 2246 1529 2318 κατεπέμφοη;
1573 2245 1716 2300 δυοῖν

141 2342 243 2414 γὰρ
285 2342 536 2415 θάτερον·
585 2342 618 2414 ἢ
662 2341 754 2395 τοῦ
799 2339 1003 2409 ἀγαθοῦ
1045 2339 1324 2412 οἰκονομίᾳ
1349 2339 1455 2411 χρὴ
1488 2340 1715 2409 φάσκειν

143 2434 407 2488 συνελθεῖν
460 2435 738 2498 τάναντία,
798 2434 886 2486 ἵνα
927 2433 1149 2504 γένηται
1199 2431 1274 2496 ὡς
1329 2431 1466 2503 πρὸς
1511 2431 1714 2500 ἀγαθοῦ

140 2527 356 2598 κόσμος,
381 2526 480 2580 καὶ¹
507 2525 643 2589 ὅλως
670 2524 831 2588 αὐτὸς
868 2524 1040 2588 αἴτιος
1065 2523 1131 2577 ἂν
1168 2522 1256 2594 είη
1283 2521 1392 2576 τῶν
1421 2523 1480 2578 ἐν
1509 2522 1716 2594 ἀνθρώ-

140 2635 256 2688 ποις
285 2619 494 2685 κακῶν,
523 2621 635 2689 είγε
658 2618 799 2673 ἐκὼν
825 2619 892 2688 τῇ
921 2615 1088 2688 κακίᾳ
1132 2616 1544 2687 προσεχρήσατο
1574 2615 1717 2670 κατὰ

140 2713 243 2768 τῶν
271 2713 684 2785 γενησομένων·
732 2711 767 2781 ἢ
812 2710 1037 2781 ἐϐιάσθη
1080 2707 1217 2780 πρὸς
1242 2711 1341 2780 τῆς
1374 2709 1588 2773 κακίας,
1626 2709 1720 2761 καὶ

142 2804 236 2874 ήδη
268 2805 334 2859 τὰ
367 2805 663 2876 νικητήρια
710 2801 851 2857 κατά
893 2801 986 2856 τοῦ
1036 2800 1241 2870 ἀγαθοῦ
1281 2801 1643 2873 ἀπενήνεκται
1684 2801 1716 2872 ἡ

144 2899 302 2953 κακία
315 2944 322 2953 .

1820 1880 2170 1935 homicidium
2208 1881 2425 1936 nemine
2451 1881 2674 1936 occiso?
2708 1879 2763 1933 Si
2795 1895 2891 1950 per
2918 1879 3231 1934 mistionem
3258 1891 3394 1931 con-

1819 1973 2136 2037 trariorum,
2165 1980 2227 2028 ut
2271 1981 2357 2029 est
2390 1974 2442 2028 in
2469 1973 2570 2028 hac
2591 1971 2776 2028 fabula
2811 1972 3067 2036 ridicula,
3105 1985 3215 2024 non
3251 1967 3392 2022 fu‘s-

1819 2072 1903 2119 set
1946 2063 2124 2120 factus
2176 2065 2459 2121 mundus:
2492 2064 2640 2136 quod
2689 2064 3014 2119 adulterium
3075 2069 3222 2118 esset
3282 2075 3393 2114 non

1821 2164 2074 2213 exstante
2103 2172 2356 2227 corpore,
2382 2172 2560 2228 neque
2591 2170 2687 2227 per
2713 2171 2770 2211 se
2801 2155 3250 2225 concupiscente,
3283 2152 3393 2206 nisi

1823 2246 2005 2300 anima
2033 2262 2154 2317 qua:
2179 2245 2274 2301 Dei
2299 2255 2404 2310 cst,
2433 2246 2603 2301 missa
2632 2253 2778 2301 esset
2805 2245 2858 2298 in
2895 2245 3127 2314 corpus?
3159 2244 3390 2298 alterum

1821 2339 1967 2394 enim
2015 2354 2081 2393 ex
2123 2337 2340 2393 duobus
2381 2338 2745 2408 relinquitur:
2782 2347 2875 2393 aut
2911 2338 3202 2393 dicendum
3247 2350 3391 2399 esse,

1820 2430 2219 2502 gubernatione
2254 2430 2349 2486 Dei
2373 2432 2602 2502 provida
2629 2432 2808 2486 coisse
2854 2431 3150 2497 contraria,
3188 2436 3248 2483 ut
3279 2435 3397 2481 tan-

1820 2537 1987 2593 quam
2037 2538 2067 2577 a
2117 2523 2263 2579 bono
2299 2523 2408 2580 Deo
2437 2524 2592 2579 ﬁeret
2643 2523 2905 2589 mundus,
2956 2532 3119 2592 atque
3163 2522 3236 2576 ita
3277 2521 3396 2592 ipse

1819 2617 2045 2672 omnino
2091 2618 2359 2672 malorum
2397 2617 2454 2672 in
2503 2617 2817 2674 hominibus
2861 2623 3054 2671 auctor
3105 2620 3276 2678 esset,
3320 2612 3397 2667 si-

1825 2710 2047 2781 quidem
2085 2710 2276 2766 volens
2319 2726 2455 2766 usus
2507 2718 2592 2765 est
2634 2709 2877 2779 nequitia
2923 2714 3117 2764 contra
3167 2721 3263 2761 eos
3303 2704 3397 2775 qui

1825 2802 1998 2858 futuri
2021 2811 2240 2868 essent;
2294 2810 2389 2857 aut
2417 2803 2472 2856 vi
2508 2811 2758 2857 coactum
2795 2816 2918 2857 esse
2959 2815 2989 2854 a
3035 2798 3302 2870 nequitia,
3344 2803 3401 2850 et

1820 2895 1934 2966 iam
1984 2895 2286 2964 nequitiam
2329 2894 2618 2951 victoriam
2654 2893 2870 2949 devicto
2900 2892 3011 2948 Deo
3061 2898 3396 2962 reportasse.

145 3011 270 3067 Car.
310 3011 482 3067 XXV.
525 3007 759 3063 Materia
802 3015 923 3062 ante
962 3006 1280 3062 creationem
1318 3005 1464 3060 mala
1505 3005 1678 3074 facere
1720 3021 1822 3086 non
1855 3005 2047 3075 potuit.
2088 3003 2162 3060 De
2206 3003 2390 3059 mundi
2427 3004 2691 3059 creatimze
2735 3002 2970 3059 absurda
3015 2998 3245 3058 Manetis
3282 3017 3400 3056 sen-

1667 3084 1850 3130 tentia.

216 3199 367 3262 Ποῖος
398 3195 513 3266 γάρ
557 3188 646 3266 ἦν,
684 3185 838 3256 αὖθις
867 3190 1031 3259 λέγω,
1063 3208 1240 3260 φονος,
1273 3192 1323 3245 εί
1357 3190 1493 3262 μήτε
1521 3189 1719 3262 ἀνθρω-

1901 3187 2008 3243 Sed
2055 3187 2236 3244 dicam
2279 3188 2500 3254 iterum,
2549 3173 2712 3258 q'tiitle
2763 3187 3118 3244 homicidium
3164 3195 3304 3254 erat,
3355 3188 3402 3244 si

150 3306 242 3353 πος
267 3285 354 3360 ἦν,
382 3289 524 3360 μήτε
558 3284 728 3353 ξίφος,
761 3284 899 3355 μήτε
927 3282 1056 3336 ἄλλο
1085 3299 1138 3336 τι
1167 3281 1274 3335 τῶν
1301 3281 1534 3350 φονικῶν
1565 3281 1726 3352 ἐργα-

147 3377 316 3444 λείων,
347 3380 396 3430 εί
451 3375 526 3448 μὴ
569 3373 658 3428 διὰ
692 3374 791 3445 τῆς
842 3372 1059 3426 συνόδου
1109 3372 1218 3426 τῶν
1263 3370 1516 3426 ἐναντίων
1565 3386 1726 3423 κατε-

150 3470 415 3542 σκευάσθη
448 3471 477 3522 ό
503 3468 742 3538 κόσμος;
785 3465 850 3518 Ἦ
878 3464 987 3537 γὰρ
1018 3461 1116 3536 ῦλη
1146 3461 1268 3517 καθ’
1294 3463 1516 3534 ἑαυτὴν,
1546 3464 1594 3514 εί
1633 3461 1727 3515 καὶ

151 3560 277 3632 πρὸς
309 3557 576 3630 ἀλλήλους
621 3557 670 3608 oi
717 3552 777 3618 ἐξ
822 3553 994 3623 αὐτῆς
1046 3550 1388 3617 ἐστασίαζον,
1430 3551 1588 3620 φόνον
1629 3550 1726 3621 μὲν

148 3654 240 3706 οὐκ
262 3652 397 3724 ᾔδει,
433 3651 496 3704 οὐ
543 3649 651 3722 γὰρ
695 3644 809 3720 εἶχε
861 3646 1074 3718 θνητὸν,
1104 3646 1164 3701 ὃν
1201 3645 1448 3716 φονεύει·
1484 3644 1727 3716 μοιχείαν

147 3747 342 3816 ἠγνόει,
390 3745 456 3798 οὐ
493 3743 600 3813 γάρ
631 3742 1023 3813 κατεγγυήσεις
1058 3739 1249 3809 γάμων
1280 3741 1406 3809 παρ’
1427 3739 1563 3809 αὐτῇ
1596 3738 1725 3790 ἐπο-

148 3832 431 3887 λιτεύοντο·
457 3833 518 3885 οὐ
555 3832 660 3902 μὴν
689 3830 797 3884 οὐδ’
829 3831 1266 3898 ἐσυκοφαντεῖτο,
1298 3828 1418 3881 οὐδὲ
1449 3827 1558 3899 γὰρ
1590 3826 1727 3890 ὅλως

149 3924 206 3979 τὸ
246 3928 450 3998 κρίνειν
501 3921 667 3996 εἶχεν,
710 3923 900 3992 ἄλογος
923 3917 1087 3975 οὖσαο
1131 3920 1490 3992 φιλαργυρίας
1524 3919 1581 3972 δὲ
1618 3917 1725 3974 τῶν

152 4019 325 4072 κακῶν
354 4020 459 4090 τῆς
490 4016 645 4090 ῥίζης
683 4018 777 4070 καὶ
807 4015 1129 4085 φιλοδοξίας,
1160 4013 1278 4067 οὐδὲ
1324 4013 1428 4077 ἕως
1455 4029 1726 4084 προσηγο-

154 4105 267 4178 ρίας
300 4107 609 4178 ἐμέμνητο·
639 4107 672 4176 ἡ
709 4105 818 4176 γὰρ
845 4103 1185 4176 φυλαργυρία
1211 4103 1363 4176 παρά
1397 4102 1724 4175 ἀνθρώποις,

149 4199 233 4254 διὰ
253 4200 348 4272 τὴν
373 4199 588 4272 χρείαν,
612 4194 680 4271 ἧς
708 4197 1048 4270 ὴλευθέρωτό
1092 4214 1155 4266 γε
1202 4195 1382 4267 ἐκείνη
1401 4212 1414 4226 ·
1447 4195 1541 4249 καὶ
1573 4197 1604 4263 ὴ
1638 4213 1727 4264 φι-

151 4291 347 4358 λοδοξία
384 4291 650 4363 λογισμοῦ
699 4291 890 4355 πάθος,
931 4284 999 4363 ἦς
1039 4289 1099 4342 οὐ
1136 4292 1403 4360 μετεῖχεν,
1443 4287 1726 4356 ἀλόγιστος

150 4379 293 4438 οὖσα·
319 4383 736 4456 γαστριμαργία
771 4399 828 4436 τε
864 4383 956 4435 καὶ
995 4381 1240 4453 πορνεία,
1283 4380 1379 4434 καὶ
1400 4380 1726 4452 ἀρῤενοφθο-

154 4477 239 4547 ρία
276 4480 404 4550 παρ’
440 4476 576 4548 αὐτῇ
612 4474 796 4549 χώραν
826 4475 928 4528 οὐκ
957 4470 1068 4544 εἶχε
1091 4490 1106 4503 ο
1141 4474 1236 4527 καὶ
1279 4473 1512 4536 συνόλως
1547 4473 1724 4527 πάντα

1826 3295 2004 3350 neque
2034 3280 2198 3336 homo
2229 3287 2371 3349 erat,
2419 3295 2594 3352 neque
2627 3281 2862 3352 gladius,
2895 3295 2998 3337 nec
3039 3280 3187 3336 aliud
3227 3297 3404 3354 genus

1828 3371 1920 3426 teli
1950 3378 2044 3426 aut
2071 3371 2422 3427 instrumenti
2456 3369 2525 3425 ad
2571 3371 2955 3440 occidendum,
2999 3373 3108 3428 nisi
3136 3387 3234 3445 per
3266 3387 3404 3429 con-

1824 3461 2165 3534 iunctionem
2195 3463 2599 3518 contrariorum
2625 3461 2924 3524 aediﬁcatus
2955 3473 3102 3520 esset
3126 3465 3403 3522 mundus?

1827 3555 2053 3612 Materia
2084 3556 2229 3611 enim
2262 3572 2358 3628 per
2385 3572 2444 3613 se
2465 3571 2527 3612 ac
2544 3556 2680 3623 sola,
2714 3571 3026 3628 quanquam
3049 3557 3162 3612 nati
3185 3574 3248 3614 ex
3285 3559 3404 3630 ipsa

1829 3645 2152 3702 seditionem
2192 3648 2251 3701 in
2303 3647 2516 3718 scipsos
2555 3647 2866 3711 movebant,
2895 3643 3250 3702 homicidium
3282 3649 3406 3718 qui-

1827 3739 1951 3794 dem
1983 3738 2302 3810 ignorabat;
2335 3750 2444 3794 non
2471 3739 2614 3794 enim
2649 3739 2883 3794 habebat
2906 3740 3215 3805 mortalem,
3240 3755 3404 3810 quem

1827 3831 2134 3900 occideret;
2185 3828 2511 3886 adulterium
2558 3831 2864 3897 nesciebat,
2899 3832 3027 3902 quia
3072 3832 3408 3901 sponsioncs

1827 3923 2146 3994 nuptiarum
2193 3921 2340 3993 apud
2389 3937 2508 3977 eam
2553 3937 2666 3976 non
2701 3923 3102 3978 versabantur:
3135 3939 3237 3980 nec
3287 3933 3407 3981 erat

1826 4013 2125 4078 calumnia,
2157 4013 2384 4067 omnino
2413 4013 2560 4068 enim
2581 4012 2830 4083 judicare
2854 4029 2962 4069 non
2994 4024 3226 4087 poterat,
3258 4025 3406 4074 esset

1826 4117 1952 4158 cum
1998 4105 2228 4159 rationis
2275 4119 2491 4174 expers.
2529 4102 2815 4175 Cupiditas
2851 4113 3032 4162 autem
3064 4107 3402 4176 divitiarum,

1827 4212 1949 4268 qua
1981 4204 2065 4252 est
2100 4197 2344 4252 omnium
2377 4197 2648 4251 malorum
2681 4198 2861 4262 radix,
2904 4213 2973 4253 ne
3015 4201 3406 4259 nominabatur

1828 4289 2085 4361 quidem;
2120 4288 2394 4360 cupiditas
2440 4289 2586 4343 enim
2619 4288 2934 4343 divitiarum
2967 4289 3109 4359 apud
3155 4291 3405 4349 homines

1826 4391 1912 4441 est
1951 4390 2174 4454 propter
2219 4398 2378 4438 usum
2413 4389 2468 4438 et
2515 4383 2924 4449 necessitatem,
2959 4399 3066 4453 qua
3113 4393 3234 4440 erat
3268 4386 3408 4441 libe-

1828 4482 1947 4527 rata
1996 4472 2247 4528 materia.
2290 4473 2528 4528 Ambitio
2559 4489 2669 4528 non
2712 4475 3073 4543 participabat
3113 4477 3405 4546 perturba-

150 4569 215 4623 τὰ
250 4571 394 4624 κακὰ
433 4569 471 4624 ἃ
519 4567 670 4639 παρά
702 4565 1008 4642 ἀνθρώποις
1045 4565 1430 4636 ἀναφαίνεται,
1476 4564 1719 4636 οὐδαμῶς

1853 4567 2032 4622 ionem
2063 4567 2321 4633 rationis,
2359 4568 2485 4638 quia
2514 4577 2634 4623 erat
2661 4569 2717 4623 in
2756 4572 2985 4624 materia
3022 4573 3271 4628 vacuitas
3315 4588 3406 4626 ra-

152 4655 286 4730 εἷχεν
311 4663 345 4732 ὴ
373 4661 475 4732 ὕλη
500 4659 608 4730 πρὸ
639 4659 864 4728 κόσμου.

1828 4661 1997 4716 tionis
2037 4662 2216 4731 :gula:
2247 4676 2312 4715 ac
2361 4663 2565 4718 ventris
2594 4662 2810 4726 vitium,
2863 4671 2918 4718 et
2962 4662 3273 4728 l‘ornicatio,
3335 4682 3401 4722 ac

155 4755 516 4808 masculorum
549 4750 879 4806 concubitus
911 4749 1054 4820 apud
1082 4764 1202 4804 eam
1233 4749 1416 4803 locum
1459 4764 1570 4804 non
1607 4749 1924 4806 habebant:
1989 4761 2044 4807 et
2090 4762 2150 4807 ut
2219 4756 2534 4809 summatim
2576 4755 2776 4820 dicam,
2825 4756 3010 4810 omnia
3075 4757 3218 4811 mala
3283 4773 3404 4828 quae

153 4842 288 4911 apud
315 4844 570 4898 homines
601 4840 872 4902 feruntur,
921 4847 1046 4893 ante
1079 4839 1343 4893 mundum
1391 4838 1720 4894 aedificatum
1762 4843 1988 4897 minime
2020 4843 2256 4897 habebat
2295 4843 2546 4898 materia.

220 4939 377 4992 Ὥστε
413 4941 514 4994 οὐκ
559 4937 788 5008 ἐπεδέθη
809 4939 874 5008 τῇ
907 4935 1224 5006 συγκράσει,
1253 4934 1390 4988 ἀλλά
1419 4935 1728 4990 τούναντίον

155 5031 288 5086 κατά
307 5032 402 5104 τὴν
431 5032 660 5103 ἀνόητον
690 5029 859 5101 αὐτὴν
891 5027 1166 5092 ὑπόθεσιν,
1197 5026 1384 5098 ὥσπερ
1427 5028 1591 5091 ἵππος
1634 5045 1730 5081 πε-

153 5123 259 5177 δίου
293 5126 590 5197 λαὸομένη,
620 5123 820 5178 διαθὲει
853 5122 988 5196 πρὸς
1032 5122 1130 5193 τὴν
1165 5121 1378 5175 ἀδικίαν
1409 5120 1516 5173 τῶν
1545 5121 1728 5174 κακῶν

157 5218 447 5289 φερομένη·
477 5217 514 5272 ὃ.
536 5218 644 5288 γὰρ
671 5214 931 5288 μηδαμῶς
955 5214 1166 5286 ὑπῆρχε
1195 5214 1301 5285 πρὸ
1330 5213 1534 5284 κόσμου
1560 5213 1726 5280 κακά,

155 5307 340 5371 ταῦτα,
368 5311 459 5378 ἀφ’
485 5302 546 5362 οὗ
576 5308 802 5379 κόσμος,
837 5307 897 5359 ἐν
925 5305 1113 5376 κόσμῳ
1139 5303 1569 5376 ἐμπολιτεύεται.
1605 5303 1723 5357 Κᾶν

154 5398 256 5471 γὰρ
281 5400 396 5474 θείη
421 5420 504 5466 τις
540 5401 682 5455 κατά
722 5399 812 5453 τὸν
853 5399 1063 5453 ἐκείνου
1106 5397 1281 5467 λόγον,
1309 5399 1596 5452 στασιάσαι
1630 5399 1724 5454 καὶ

159 5493 387 5564 μανῆναι
410 5494 530 5548 κατ’
550 5493 793 5564 ἀλλήλων
812 5491 937 5555 τοὺς
958 5491 1056 5561 τῆς
1079 5489 1229 5558 ῦλης,
1254 5492 1348 5543 καὶ
1374 5490 1543 5562 μυρία
1561 5489 1723 5562 ἀλλή-

155 5580 272 5647 λους
295 5585 734 5649 διαθεῖναικακὰ,
759 5583 856 5637 καὶ
885 5582 1026 5637 κατά
1042 5581 1134 5636 τοῦ
1164 5582 1338 5652 φωτὸς
1365 5581 1690 5655 στρατεῦσαι
1707 5597 1723 5616 ο

153 5677 212 5727 οὐ
247 5677 427 5747 μέντοι
467 5679 557 5734 τὸν
603 5678 902 5746 κατάλογον
945 5675 1054 5755 τῶν
1099 5675 1592 5746 κατηριθμημένων
1627 5675 1722 5728 ἀν-

156 5765 434 5838 θρωπίνων
481 5771 661 5827 κακῶν
703 5771 932 5835 ἐκείνοις
980 5769 1216 5842 ὑπάρξαι
1257 5767 1717 5840 φαντασθήσεται·

1898 4941 2084 5008 Itaque
2119 4955 2228 4994 non
2273 4939 2376 4994 fuit
2423 4940 2586 5011 ligata
2634 4942 3037 5010 commistione,
3075 4947 3170 5001 sed
3220 4947 3403 5018 potius

1828 5040 2022 5084 contra
2073 5029 2466 5086 convenienter
2513 5032 2690 5087 eidem
2745 5050 2925 5089 causa:
2981 5039 3204 5104 amenti,
3259 5040 3402 5096 sicut

1825 5139 1999 5194 equus
2030 5138 2280 5194 campum
2314 5131 2531 5189 nactus,
2572 5141 2740 5182 cursu
2769 5128 2941 5182 fertur
2965 5129 3032 5182 ad
3068 5129 3400 5199 iniustitiam

1826 5217 2094 5271 malorum
2133 5217 2414 5272 hominum
2444 5237 2456 5272 :
2485 5234 2605 5288 quae
2656 5219 2800 5274 enim
2835 5230 2994 5275 erant
3040 5231 3168 5278 ante
3210 5226 3401 5280 mundi

1829 5305 2244 5362 fabricationem
2275 5308 2438 5374 mala,
2475 5325 2543 5364 ex
2574 5325 2683 5381 quo
2722 5309 2958 5366 mundus
2981 5321 3084 5378 est,
3117 5314 3171 5368 in
3198 5317 3402 5372 mundo

1828 5409 2139 5454 versantur.
2175 5399 2436 5465 Quamvis
2487 5402 2630 5456 enim
2674 5417 2964 5472 ponamus,
3019 5415 3076 5458 ut
3107 5406 3197 5460 ille
3243 5407 3396 5471 dicit.

1829 5497 1989 5545 natos
2031 5505 2098 5546 ex
2142 5493 2370 5548 materia
2402 5493 2598 5550 fecisse
2645 5495 2991 5563 seditionem,
3031 5505 3084 5550 et
3117 5495 3302 5554 furore
3342 5500 3399 5553 in

1827 5578 2040 5648 seipsos
2070 5578 2239 5635 fuisse
2269 5583 2525 5650 percitos,
2579 5591 2634 5638 et
2684 5584 2912 5642 inlinitis
2943 5588 3103 5642 malis
3135 5604 3194 5644 se
3233 5589 3398 5645 vicis-

1827 5671 1932 5727 sim
1962 5670 2232 5739 aﬂ‘ecisse,
2255 5681 2309 5728 et
2339 5681 2531 5729 contra
2562 5677 2749 5733 lumen
2775 5681 3075 5736 exercitum
3101 5682 3396 5744 eduxisse:

1826 5781 1937 5822 non
1986 5774 2168 5824 tamen
2199 5767 2392 5828 bibens
2433 5785 2498 5826 ea
2532 5771 2672 5828 mala
2704 5789 2827 5845 quae
2861 5775 2916 5831 in
2965 5775 3186 5832 homine
3219 5790 3402 5832 nume-
