3838 6158
399 342 536 400 1105

1529 340 1669 398 TITI
1704 340 2132 399 BOSTRENSIS
2170 341 2481 401 EPISCOPI

3507 336 3652 389 1104

398 461 663 522 rarimus,
687 473 811 515 cum
841 458 950 513 illis
982 456 1154 515 fuisse
1174 459 1506 531 cogitatione
1540 460 1806 531 ﬁngetur;
1839 460 1954 530 quia

2067 459 2252 531 ἐπειδὴ
2292 476 2356 529 γε
2393 459 2512 514 οὐδὲ
2549 457 2819 529 ἐνεδέχετο
2864 455 2933 509 τὰ
2968 451 3280 524 ἀνθρώπινα
3319 447 3465 504 κακά
3514 453 3652 519 πρὶν

397 567 508 607 non
545 558 798 622 poterant
844 551 1081 607 humana
1110 552 1252 606 mala
1298 552 1385 622 agi
1429 552 1750 622 priusquam
1799 553 1962 609 homo

396 650 540 699 esset
573 660 586 696 :
612 650 666 697 et
697 642 790 697 ubi
819 657 943 698 esse
974 650 1154 713 potest
1182 642 1277 713 qui
1306 643 1476 710 dicat,
1511 642 1657 713 quod
1679 644 1842 714 ligata
1866 659 1962 698 ne-

395 732 567 800 quitia
600 733 809 786 frenata
836 741 938 797 est,
964 747 1083 801 qua:
1108 748 1285 802 neque
1309 733 1576 788 malorum
1599 733 1960 788 humanorum

396 826 750 890 meminerat;
798 830 1091 893 postquam
1130 837 1259 879 vero
1289 822 1456 895 ligata
1497 831 1604 891 est,
1641 825 1709 880 de
1746 824 1831 880 bis
1877 841 1964 880 ac-

394 931 420 966 ('
431 925 614 970 usatut

464 1008 607 1075 Quid
644 1016 825 1064 autem
863 1010 1099 1066 nocebat
1140 1009 1285 1066 bono
1329 1009 1443 1065 sola
1489 1023 1674 1066 secum
1713 1007 1960 1064 ordinem

394 1102 721 1167 perturbans
742 1140 756 1165 ,
783 1112 837 1157 et
863 1117 973 1157 non
1005 1103 1214 1159 habens
1249 1103 1336 1157 cui
1371 1102 1837 1173 perturbationem
1871 1117 1961 1155 or-

392 1190 538 1245 dinis
588 1189 856 1246 inferret?
886 1198 1133 1247 evertere
1175 1192 1321 1247 enim
1363 1191 1564 1247 bonum
1609 1192 1758 1245 nullo
1802 1201 1960 1261 pacto

392 1289 623 1351 poterat.
692 1281 749 1337 Si
807 1294 986 1339 autem
1049 1284 1324 1339 nitebatur
1397 1282 1656 1339 invadere
1724 1283 1779 1338 in
1840 1285 1960 1338 loca

391 1374 606 1437 aliena,
654 1374 812 1430 aliter
855 1376 1121 1447 impetum
1166 1377 1288 1445 ejus
1337 1372 1608 1430 amentem
1662 1376 1960 1445 reprimere

389 1466 674 1535 oportebat
706 1484 721 1521 :
752 1482 873 1537 quae
910 1468 1054 1522 enim
1092 1465 1245 1538 prius
1273 1481 1383 1521 non
1419 1468 1680 1534 nocebat,
1710 1470 1958 1525 ordinem

390 1564 583 1612 contra
630 1573 691 1613 se
726 1560 1077 1630 perturbans,
1115 1574 1264 1614 nunc
1308 1558 1527 1629 quidem
1564 1558 1780 1615 videtur
1810 1561 1958 1616 aliud

388 1647 522 1717 quid
563 1649 952 1719 assumpsisse,
999 1650 1054 1702 in
1103 1651 1251 1720 quod
1295 1658 1554 1720 tanquam
1587 1650 1640 1705 in
1693 1650 1959 1707 familiare

389 1747 444 1792 et
471 1739 825 1807 coniunctum
855 1741 1318 1811 perturbationem
1346 1742 1560 1798 ordinis
1589 1744 1956 1797 nocentiorem

2069 552 2350 624 ἄνθρωπον
2370 548 2621 619 γενέσθαι
2639 546 2972 620 πράττεσθαι
2993 561 3006 575 ο
3026 546 3120 597 καὶ
3140 543 3243 597 ποῦ
3276 542 3339 596 ἂν
3367 544 3395 595 ὁ
3419 542 3653 611 φάσκων

2068 645 2177 717 εἴη,
2202 645 2277 708 ὡς
2304 641 2678 715 ἐσωφρονίσθη
2715 639 3006 710 πεδηθεῖσα
3030 639 3063 708 ἠ
3097 636 3285 699 κακία,
3315 637 3512 723 ὴρτρὶν
3545 637 3654 706 μὲν

2070 737 2362 809 πεδηθῆναι
2402 738 2509 790 τῶν
2541 734 2682 789 κατά
2717 730 3265 811 ἀνθριξιπουςλκακῶν
3292 729 3410 783 οὐδὲ
3437 746 3651 800 μεμνη-

2072 808 2229 902 μένη,
2284 831 2422 903 μετὰ
2460 830 2517 884 δὲ
2554 828 2617 882 τὸ
2656 808 2954 897 πεδηθῆναι
2992 808 3084 878 ἐπὶ
3120 823 3330 887 τούτοις
3368 822 3653 877 διαϐαλλο-

2113 922 2208 986 ένη
2228 940 2243 986 ς

2071 940 2208 1063 με’ἶξ
2228 964 2340 1082 γὰρ
2371 1008 2602 1062 ἔϐλαπτε
2631 1007 2888 1078 τάγαθὸν,
2923 1005 3045 1061 καθ’
3080 1004 3277 1075 ἑαυτὴν
3307 1002 3650 1069 ἀτακτοῦνσα,

2066 1103 2161 1156 καὶ
2225 1102 2300 1173 μὴ
2347 1101 2542 1172 ἔχουσα
2666 1100 2764 1172 τὴν
2796 1099 3020 1164 ἀταξίαν
3060 1096 3489 1169 προστρίψηταιξ
3517 1096 3653 1168 τρέ-

2064 1195 2163 1266 ψαι
2195 1194 2292 1265 μὲν
2329 1194 2438 1267 γάρ
2460 1192 2697 1262 τάγαθὸν
2732 1191 2982 1263 οὐδαμῶς
3013 1190 3100 1244 οἵα
3131 1206 3190 1243 τε
3213 1184 3281 1261 ἦν
3304 1204 3317 1217 ·
3358 1190 3405 1241 εί
3436 1188 3493 1241 δὲ
3518 1190 3653 1241 ἐπι-

2065 1290 2267 1342 ϐαίνειν
2296 1289 2569 1360 ἐπεχείρει
2594 1288 2706 1349 τοῖς
2741 1286 2815 1356 μὴ
2846 1285 2993 1347 ἰδίοις
3018 1283 3221 1346 τόποις,
3254 1281 3450 1353 ἑτέρως
3469 1282 3654 1352 αὐτὴν

2064 1379 2232 1452 ἐχρῆν
2278 1379 2586 1432 ἀναστεῖλαι
2628 1378 2726 1449 τῆς
2779 1376 2975 1445 ἀλόγου
3016 1375 3226 1445 φορᾶς·
3279 1374 3311 1444 ἡ
3364 1374 3469 1445 γὰρ
3514 1373 3653 1427 καθ’

2063 1472 2261 1544 ἑαυτῆς
2287 1472 2548 1543 πρότερον
2581 1467 2795 1540 ἀϐλαϐῆ
2840 1467 2937 1539 τὴν
2976 1467 3200 1530 ἀταξίαν
3234 1465 3652 1536 ἐνδεικνυμένη,

2063 1565 2157 1620 νῦν
2200 1583 2264 1634 γε
2309 1564 2457 1617 δοκεῖ
2506 1559 2928 1635 προσειληφέναι
2960 1576 3015 1612 τι
3047 1558 3254 1630 ἕτερον,
3304 1557 3423 1611 καθ’
3450 1554 3520 1643 ,οὗ
3567 1558 3653 1621 ὡς
3754 1607 3761 1619 ἰ

2064 1657 2309 1720 συνόντος
2345 1656 2440 1727 τὴν
2483 1654 2708 1719 ἀταξίαν
2751 1652 3163 1724 βλαϐερωτέραν
3208 1650 3497 1716 ἐνδείξεται
3542 1649 3654 1703 αὖ·

2038 1750 2219 1803 .τίκα’
2253 1751 2345 1803 καὶ
2378 1748 2651 1820 ἄνθρωποι
2690 1746 2812 1799 καθ’
2841 1744 3067 1807 ἑαυτοὺς
3111 1742 3405 1813 κακοῦργοι
3437 1740 3648 1812 βουλὴ-

390 1829 604 1886 elIiciet.
648 1830 922 1887 Continuo
969 1831 1252 1901 dicemus,
1299 1832 1447 1904 quod
1494 1834 1661 1888 etiam
1712 1833 1954 1888 homines

2064 1857 2243 1893 σονται
2286 1838 2382 1910 μέν
2425 1855 2479 1891 τι
2515 1837 2685 1892 κακὸν
2728 1836 2881 1908 δρᾷν,
2931 1835 3005 1907 μὴ
3056 1833 3269 1905 ἔχοντες
3315 1833 3372 1886 δὲ
3404 1832 3527 1886 καθ’
3580 1826 3651 1885 οὗ

390 1936 488 1989 per
522 1920 734 1991 seipsos
791 1922 1043 1988 maleﬁci,
1101 1923 1282 1977 volent
1329 1922 1546 1993 quidem
1582 1924 1787 1995 aliquid
1828 1924 1957 1977 mali

392 2010 625 2081 facere;
676 2026 787 2068 non
840 2012 1102 2069 habentes
1153 2023 1332 2069 autem
1391 2015 1445 2068 in
1505 2030 1666 2085 quem
1722 2015 1956 2080 faciant,

389 2104 552 2160 otiosi
606 2105 997 2176 reperiantur;
1058 2120 1118 2163 se
1174 2121 1306 2162 vero
1363 2106 1465 2177 ipsi
1508 2107 1770 2162 benevole
1811 2108 1959 2177 aspi-

390 2197 539 2251 ciant
592 2197 664 2252 ob
715 2197 1065 2253 concordiam
1128 2196 1197 2251 ad
1252 2198 1579 2253 malellcium
1651 2218 1664 2254 :
1729 2200 1957 2276 materia

390 2297 568 2345 autem
604 2304 780 2359 neque
808 2290 1044 2356 volebat,
1066 2305 1175 2345 non
1203 2290 1347 2347 enim
1383 2291 1672 2345 consilium
1707 2292 1955 2362 capiebat

390 2396 515 2437 cum
558 2390 705 2437 esset
746 2396 944 2452 expers
987 2381 1219 2436 rationis
1253 2400 1268 2449 ;
1320 2396 1496 2452 neque
1541 2389 1774 2453 poterat,
1822 2398 1950 2436 cum

388 2481 536 2531 esset
576 2478 692 2531 sola
726 2481 773 2530 et
811 2489 906 2545 per
945 2488 1026 2529 se.
1061 2474 1229 2546 Igitur
1266 2490 1386 2545 quae
1419 2489 1449 2528 a
1479 2473 1775 2531 Manichaeo
1801 2489 1958 2529 voca-

389 2581 479 2625 tur
520 2569 770 2634 materia,
823 2568 1037 2625 videtur
1093 2568 1394 2639 sumpsisse
1442 2568 1557 2624 fere
1601 2585 1632 2624 a
1680 2570 1823 2624 bono
1861 2585 1958 2641 per

388 2662 628 2717 animam
675 2662 944 2717 veriorem
994 2662 1278 2716 materiam
1327 2662 1394 2716 ad
1442 2661 1814 2733 operationem
1864 2677 1960 2716 ne-

387 2755 593 2826 quitiae,
642 2770 806 2825 quam
851 2754 1177 2822 nesciebat;
1225 2754 1588 2808 accusabatur
1635 2754 1777 2808 enim
1827 2763 1955 2808 ante

389 2846 577 2902 mundi
638 2845 904 2903 fabricam
952 2846 1019 2902 de
1075 2847 1486 2917 perturbatione
1535 2846 1746 2904 ordinis
1795 2850 1956 2903 nobis

2058 1932 2331 2004 δράσαιεν,
2389 1931 2551 2002 ἀργοὶ
2595 1930 2659 1983 ἂν
2704 1927 3105 1998 ἀποδειχθείεν·
3166 1925 3426 1997 ἀλλήλους
3474 1924 3518 1977 δ’
3575 1924 3651 1978 ἂν

2060 2025 2218 2078 ἴδοιεν
2259 2023 2515 2087 εὐνοϊκῶς
2564 2022 2852 2093 συμφωνίᾳ
2882 2023 2948 2091 τῇ
2990 2020 3115 2092 περὶ
3145 2020 3206 2075 τὸ
3253 2018 3440 2073 κακόν.
3483 2017 3550 2070 Ἡ
3587 2017 3652 2071 δὲ

2058 2117 2157 2188 ὕλη
2205 2115 2328 2170 οὔτε
2383 2114 2678 2185 ἠϐούλετο·
2728 2114 2849 2167 οὐδὲ
2907 2112 3014 2184 γάρ
3074 2110 3385 2165 ἐϐουλεύετο
3442 2108 3650 2177 ἄλογος

2055 2203 2210 2274 οὖσα,
2240 2206 2364 2260 οὔτε
2394 2205 2635 2272 ἐδύνατο,
2678 2204 2812 2276 μόνη
2846 2205 2941 2258 καὶ
2964 2202 3087 2258 καθ’
3115 2202 3309 2273 ἑαυτὴν
3330 2197 3483 2255 οὖσα.
3510 2201 3649 2272 Ἀρ⁹

2055 2294 2147 2353 οὖν
2180 2300 2212 2370 ἡ
2247 2296 2556 2368 καλουμένη
2606 2295 2757 2367 παρὰ
2795 2294 2887 2348 τοῦ
2937 2294 3211 2356 Μάνεντος
3262 2291 3359 2362 ὕλη
3398 2289 3487 2345 διά
3536 2289 3651 2355 τῆς

2054 2391 2233 2463 ψυχῆς
2280 2389 2412 2461 ύλην
2455 2386 2824 2459 ἀληθεστέραν
2873 2385 3008 2458 πρὸς
3050 2384 3144 2438 τοῦ
3192 2382 3396 2453 ἀγαθοῦ
3456 2382 3649 2436 κινδυ-

2055 2482 2230 2535 νεύειν
2265 2480 2685 2553 προσειληφέναι
2713 2480 2860 2533 δοκεῖ
2893 2479 2975 2541 εἰς
3000 2477 3278 2548 ἐνέργειαν
3311 2475 3529 2539 κακίας,
3573 2476 3648 2546 ῆν

2056 2576 2269 2645 ἠγνόει·
2300 2573 2606 2627 ἐνεκαλεῖτο
2636 2572 2746 2644 γάρ
2777 2569 2882 2643 πρὸ
2916 2570 3120 2640 κόσμου
3162 2566 3409 2633 ἀταξίαν,
3442 2568 3647 2638 ἄδηλον

2058 2670 2189 2739 ἡμῖν
2214 2667 2307 2721 καὶ
2333 2664 2406 2737 μὴ
2431 2659 2781 2736 φαινομένηνῖ
2812 2662 3022 2734 Ἔμαθε
3042 2661 3100 2715 δέ
3124 2662 3365 2734 ἐνεργεῖν
3384 2660 3519 2731 δῆλα
3542 2659 3647 2714 καὶ

2060 2756 2359 2827 φαινόμενα
2391 2754 2538 2808 κακά
2556 2772 2569 2784 ⁸
2597 2753 2889 2823 διύπνησεν
2916 2754 3024 2825 ἀρα
3053 2752 3115 2805 τὸ
3150 2752 3332 2823 θηρίον
3361 2752 3394 2822 ἡ
3428 2750 3644 2821 ἐπῳδὴ,

2061 2849 2154 2902 καὶ
2181 2846 2428 2918 οὐδαμῶς
2455 2846 2574 2900 κατ’
2599 2847 2803 2899 ἐκεῖνον
2829 2843 3119 2920 ἐκοίμησεν

389 2940 593 3009 ignota,
644 2945 699 2992 et
738 2937 961 2991 minime
998 2945 1313 3006 apparente.
1355 2935 1555 2992 Didicit
1620 2944 1800 2991 autem
1852 2936 2067 3006 operari
2139 2934 2425 2991 manifesta
2494 2934 2669 3001 mala,
2713 2942 2769 2988 et
2835 2946 2955 3003 qua:
2985 2938 3339 2988 cernuntur:
3375 2927 3647 2984 excitarit

386 3049 517 3101 ergo
556 3031 788 3087 belluam
819 3031 1021 3095 cantio,
1047 3038 1100 3085 et
1123 3046 1464 3102 nequaquam
1503 3032 1722 3102 sopivit,
1761 3039 1819 3111 ut
1848 3032 1956 3102 Lille
1991 3033 2141 3087 dicit.

461 3123 518 3179 Si
544 3132 726 3179 autem
759 3123 892 3178 dicit
921 3122 1163 3179 noluisse
1205 3121 1375 3178 Deum
1415 3132 1476 3178 ut
1506 3123 1660 3179 fieret
1690 3125 1949 3189 mundus,

2125 3126 2188 3178 El
2214 3124 2271 3177 δέ
2300 3121 2470 3192 λέγοι,
2500 3122 2615 3175 Οὐκ
2647 3119 2835 3192 ἧθελεν
2875 3122 2903 3174 ὁ
2942 3118 3075 3182 Θεὸς
3110 3115 3366 3187 γενέσθαι
3404 3114 3642 3187 κόσμον,

388 3216 861 3288 percunctandum
911 3223 1028 3284 est,
1082 3215 1208 3286 quis
1260 3224 1401 3285 erat,
1452 3217 1546 3288 qui
1604 3218 1818 3272 voluit?
1880 3235 1949 3272 an

389 3307 626 3371 malitia,
658 3321 780 3377 quae
822 3322 931 3361 non
969 3306 1205 3362 habebat
1246 3307 1648 3378 cognitionem?
1692 3307 1828 3375 Quis
1867 3317 1953 3364 est

390 3400 486 3470 qui
513 3415 582 3456 ex
612 3399 862 3471 utrisque
898 3399 1026 3455 fecit
1054 3416 1175 3471 qua;
1208 3401 1375 3457 sunt?
1412 3402 1659 3473 nunquid
1693 3401 1955 3457 materia?

385 3510 495 3550 non
538 3502 685 3550 esset
724 3493 779 3547 in
819 3492 1178 3548 admiratione
1214 3493 1335 3563 ejus
1369 3493 1635 3562 operatio.
1675 3491 1779 3546 Sed
1813 3509 1954 3546 nun-

386 3586 518 3660 quid
560 3602 670 3641 non
716 3585 889 3640 voluit
932 3583 1098 3650 Deus,
1134 3593 1357 3641 coactus
1402 3594 1580 3640 tamen
1628 3584 1747 3639 est?
1788 3582 1846 3638 Si
1878 3583 1952 3638 ita

384 3684 555 3745 esset,
606 3675 780 3748 magis
825 3674 1106 3745 subjectus
1153 3674 1348 3730 fuisset
1388 3690 1553 3745 quam
1603 3674 1948 3743 subjecisset,

386 3777 550 3841 atque
596 3781 1060 3839 supervacaneum
1091 3775 1236 3823 esset
1264 3767 1417 3822 illum
1457 3765 1711 3821 admirari
1746 3767 1958 3837 sapien-

388 3862 515 3914 tiam
571 3857 668 3915 Dei
725 3858 778 3913 vi
835 3867 1100 3929 coactam,
1154 3865 1209 3914 et
1260 3857 1519 3913 damnum
1576 3872 1805 3922 eorum,
1859 3857 1955 3928 qui

387 3951 557 4006 futuri
608 3958 809 4017 erant;
860 3966 981 4022 quae
1023 3950 1167 4006 enim
1210 3949 1361 4006 nullo
1400 3950 1564 4005 modo
1611 3950 1754 4005 mala
1798 3957 1956 4005 erant

384 4050 514 4097 ante
560 4040 1010 4111 coniunctionem
1067 4039 1501 4107 contrariorum,
1539 4053 1716 4109 neque
1759 4039 1952 4094 saltem

377 4136 834 4202 nominabantur,
869 4133 983 4189 haec
1008 4144 1132 4205 post
1172 4140 1351 4187 ortum
1392 4132 1581 4187 mundi
1626 4131 1951 4186 floruerunt.

2053 3217 2375 3288 ὲρωτητέον,
2411 3214 2519 3267 Καὶ
2548 3214 2633 3277 τίς
2679 3208 2747 3284 ἦν
2788 3215 2817 3267 ό
2850 3211 3202 3283 βουλόμενοςς
3238 3205 3347 3280 ἆρα
3376 3210 3409 3278 η
3442 3209 3643 3271 κακία,

2054 3310 2089 3380 ἡ
2126 3307 2197 3380 μὴ
2224 3309 2495 3377 ἐγνωκυία
2518 3321 2533 3371 ;
2570 3305 2664 3367 Τίς
2689 3304 2747 3357 δέ
2769 3306 2916 3357 ἐστιν
2940 3306 2969 3357 ό
2999 3302 3413 3365 κατασκευάσας
3441 3300 3501 3364 ἐξ
3534 3301 3644 3372 ἀμμ-
3667 3336 3681 3361 ,

2061 3402 2179 3471 φοῖν
2216 3401 2285 3453 τὰ
2325 3399 2485 3463 δντα;
2531 3397 2565 3468 ἢ
2605 3396 2704 3467 ὕλη
2734 3412 2748 3460 ;
2775 3397 2875 3450 ούκ
2921 3391 3013 3449 οὖν
3045 3394 3321 3465 θαυμασία
3356 3393 3456 3464 τὴν
3482 3392 3647 3463 ἐνέρ-

2058 3509 2212 3562 γειαν
2239 3490 2371 3562 (ιι).
2413 3489 2547 3542 Ἀλλ’
2590 3487 2699 3560 ἀρα
2735 3488 2866 3551 Θεὸς
2891 3487 2989 3541 οὐκ
3027 3486 3185 3558 ἤθελε
3234 3485 3354 3557 μὲν,
3390 3486 3647 3555 ἡναγκά-

2057 3583 2180 3650 ζετο
2222 3583 2313 3646 δέ;
2345 3582 2444 3634 ούκ
2469 3576 2561 3633 οὖν
2602 3580 2846 3650 ὑπετάγη
2895 3578 3092 3648 μᾶλλον
3136 3577 3171 3649 ἢ
3207 3576 3476 3642 ὑπέταξε;
3521 3577 3647 3631 Καὶ

2058 3673 2308 3748 περιττὸν
2356 3673 2577 3725 κάκεῖνο
2623 3668 2940 3741 θαυμάζειν,
2996 3667 3237 3737 τάγαθοῦ
3285 3667 3384 3737 τὴν
3435 3666 3647 3736 σοφίαν

2058 3767 2371 3839 βιασθεῖσαν
2401 3766 2483 3829 εἰς
2513 3764 2612 3835 τὴν
2644 3762 2847 3834 βλάϐην
2874 3762 2982 3815 τῶν
3019 3760 3429 3831 γενησομένων·
3456 3758 3493 3813 ἃ.
3520 3759 3645 3831 γὰρ

2056 3859 2303 3930 οὐδαμῶς
2326 3855 2395 3930 ἦν
2420 3856 2568 3911 κακά
2595 3856 2725 3928 πρὶν
2763 3854 3031 3909 συνελθεῖν
3064 3853 3342 3915 τάναντία,
3369 3849 3490 3905 οὔτε
3521 3852 3646 3922 μὴν

2055 3950 2224 4020 δνομα
2254 3949 2382 4020 γοῦν
2423 3949 2601 4005 αὐτῶν
2638 3948 2999 4013 ἐπολιτεύετο,
3033 3944 3206 3999 ταῦτα
3242 3942 3379 4016 μετά
3419 3942 3644 4013 κόσμου

2057 4042 2270 4096 γένεσιν
2310 4040 2570 4117 ἤνθησαν.
3690 4040 3701 4049 ’

488 4254 619 4310 CAP.
658 4249 849 4307 XXVI.
896 4250 1033 4305 Deus
1060 4259 1243 4305 auctor
1266 4250 1463 4318 peccati
1489 4249 1773 4303 secundum
1802 4246 2036 4303 Manem.
2079 4248 2379 4304 Mistionem
2415 4250 2608 4303 anima:
2640 4264 2760 4302 cum
2792 4248 3017 4302 materia
3044 4244 3229 4299 Manes
3263 4244 3519 4299 admittit.

452 4370 533 4424 An
584 4383 695 4423 non
748 4374 831 4421 est
886 4364 1186 4419 absurdum
1235 4362 1436 4426 dicere,
1491 4362 1733 4417 voluisse
1778 4360 1949 4415 Deum

2127 4364 2236 4416 Καὶ
2293 4363 2410 4427 πῶς
2460 4363 2559 4415 ούκ
2600 4363 2797 4417 ἄτοπον
2855 4361 3103 4429 φάσκειν,
3162 4359 3482 4430 βουλόμενον
3541 4358 3645 4412 τὸν

382 4456 847 4530 perturbationem
906 4452 1154 4514 ordinis,
1208 4466 1332 4522 quae
1373 4451 1536 4506 nobis
1581 4451 1947 4506 demonstrari

382 4565 494 4605 non
523 4554 723 4620 potest,
754 4562 785 4601 a
811 4546 1037 4601 materia
1072 4543 1287 4606 tollere,
1318 4552 1373 4598 et
1412 4543 1644 4598 actionis
1676 4545 1948 4598 malorum

381 4653 506 4711 qua:
551 4640 800 4696 videmus
857 4644 910 4692 et
965 4639 1021 4691 in
1074 4635 1390 4690 hominibus
1449 4643 1744 4704 apparent,
1800 4635 1948 4691 omni

380 4733 577 4789 ordine
618 4738 674 4786 et
713 4728 925 4784 ratione
962 4726 1203 4782 carentis
1254 4733 1533 4781 auctorem
1577 4724 1787 4781 fuisse?
1828 4725 1952 4782 Per-

383 4824 749 4880 turbationem
811 4833 1047 4889 namque
1110 4818 1321 4873 ordinis
1381 4816 1449 4874 de
1497 4832 1605 4887 qua
1663 4819 1948 4875 materiam

383 4914 710 4977 damnabat,
759 4911 925 4967 verbo
970 4910 1147 4967 solum
1185 4908 1430 4980 prolerre
1476 4910 1671 4978 potuit,
1714 4926 1824 4963 non
1869 4918 1952 4963 ta-

379 5024 508 5066 men
558 5006 724 5064 rebus
770 5005 911 5074 ipsis
955 5013 1010 5058 et
1050 5002 1309 5072 operibus
1343 5000 1722 5056 demonstrare
1760 5020 1772 5056 :
1811 5002 1951 5055 mala

380 5105 587 5161 autem,
623 5111 691 5151 ex
735 5094 989 5150 mistione
1034 5093 1140 5148 ista
1168 5091 1572 5146 contrariorum
1612 5092 1867 5155 conficta,
1895 5100 1951 5146 et

379 5186 515 5259 qua!
566 5187 684 5243 ﬁeri
732 5201 862 5241 -non
923 5187 1131 5256 potuit,
1186 5185 1363 5239 oculis
1432 5198 1666 5240 cernens
1718 5184 1948 5239 insanus

381 5279 579 5347 homo,
638 5277 989 5335 dissimulare
1027 5291 1093 5332 ea
1153 5291 1264 5331 non
1320 5284 1518 5347 potest.
1576 5275 1759 5342 Quare
1815 5275 1946 5331 dum

380 5370 582 5427 docere
624 5370 772 5435 vult,
809 5385 921 5425 non
965 5384 1089 5424 esse
1126 5366 1296 5425 Deum
1341 5376 1622 5425 auctorem
1666 5370 1949 5440 iniustitia:

2053 4456 2185 4509 Θεὸν
2230 4455 2456 4522 ἀταξίαν
2503 4455 2599 4527 τὴν
2641 4457 2770 4526 ἡμῖν
2816 4471 2881 4522 γε
2927 4453 3309 4508 ἀναπόδεικτον
3348 4450 3450 4521 τῆς
3495 4450 3643 4522 ὕλης

2056 4547 2284 4611 παῦσαι,
2319 4546 2541 4611 ἀταξίας
2583 4546 3057 4616 ἀποδεικνυμένων
3084 4544 3268 4599 κακῶν
3310 4544 3403 4597 καὶ
3439 4560 3642 4612 φαινο-

2058 4639 2233 4709 μένων
2262 4638 2570 4710 ἀνθρὼποις
2602 4638 2888 4709 παραίτιον
2929 4636 3214 4706 γενέσθαι;
3244 4636 3355 4707 Τὴν
3385 4635 3484 4706 μὲν
3519 4635 3643 4707 γὰρ

2057 4730 2314 4798 ἀταξίαν,
2364 4733 2429 4801 ἢν
2481 4728 2879 4800 κατεψηφίζετο
2932 4731 3032 4800 τῆς
3082 4729 3214 4800 ὕλης
3267 4728 3409 4799 λόγῳ
3465 4729 3642 4800 μόνον

2058 4824 2346 4895 παράγειν,
2378 4824 2439 4876 οὐ
2489 4823 2594 4894 μὴν
2622 4824 2713 4877 καὶ
2754 4822 2922 4887 δεῖξαι
2966 4826 3077 4886 τοῖς
3107 4821 3288 4893 ἔργοις
3310 4820 3602 4891 δεδύνηται
3621 4838 3637 4851 ·

2056 4913 2125 4967 τὰ
2150 4913 2206 4967 δὲ
2247 4913 2394 4967 κακά
2426 4912 2496 4966 τὰ
2533 4911 2639 4965 ἀπὸ
2665 4913 2762 4983 τῆς
2798 4910 3072 4983 μυθώδους
3101 4911 3195 4964 καὶ
3231 4909 3306 4981 μὴ
3342 4908 3641 4979 ἐνδεχομέ-

2056 5023 2152 5077 νης
2177 5006 2284 5059 τῶν
2314 5006 2568 5059 ἐναντίων
2600 5005 2869 5075 κράσεως,
2900 5002 3193 5073 ὀφθαλμοῖς
3220 5002 3359 5075 ὁρῶν
3395 5003 3427 5055 ὁ
3466 4989 3644 5072 ἀνόη..

2052 5116 2165 5165 τος,
2203 5099 2264 5152 ού
2292 5096 2637 5151 καταδύεται.
2664 5096 2823 5148 Ὥστε
2861 5094 3180 5165 βουλόμενος
3202 5094 3293 5148 τὸν
3318 5091 3451 5147 Θεὸν
3474 5092 3646 5146 ἀναί-

2052 5207 2163 5242 τιον
2197 5190 2293 5261 τῆς
2331 5188 2471 5243 κατά
2502 5187 2820 5259 ἀνθρώπους
2871 5186 3081 5251 ἀδικίας
3109 5186 3405 5257 ἀποφῆναι,
3438 5182 3642 5238 αἰτιώ-

2052 5297 2212 5336 τατον
2244 5279 2421 5335 αὐτῶν
2461 5280 2717 5352 ἄντικρυς
2766 5279 3020 5351 ὁμολογεῖ
3067 5279 3229 5334 πλέον
3260 5278 3295 5350 ἢ
3323 5276 3485 5331 τοῦτο
3532 5278 3641 5331 καὶ

2054 5374 2216 5444 μόνον
2247 5372 2597 5439 ἐσπούδαζεν.

379 5462 654 5531 humana,
681 5465 914 5521 maxime
944 5480 1067 5522 esse
1088 5463 1248 5536 plane
1272 5463 1585 5530 confitetur,
1616 5464 1727 5519 imo
1772 5465 1989 5536 plenius
2026 5483 2191 5537 quam
2218 5469 2264 5525 si
2287 5466 2389 5525 hoc
2417 5468 2595 5525 solum
2622 5467 2892 5524 studeret.

452 5669 833 5761 trioa-alat:
865 5675 1037 5741 θαυμ.
1076 5668 1214 5736 Quia
1273 5669 1343 5725 ab
1385 5667 1570 5739 aliquo
1622 5667 1767 5739 quod
1820 5667 1944 5725 sine
1982 5672 2295 5746 cognitione
2319 5680 2371 5732 et
2400 5676 2612 5732 ratione
2652 5674 2731 5741 tit,
2763 5688 2873 5731 non
2914 5680 2999 5733 est
3033 5671 3356 5731 admirabile
3405 5670 3470 5730 in
3521 5682 3647 5761 p0,.

381 5736 554 5810 aquo
576 5736 860 5813 lit._Tunn.
