3782 6166
172 277 305 333 “0-5

1206 243 1594 333 invEf‘SUs
1634 277 2054 337 namcumos
2091 279 2217 334 LIB.
2260 281 2299 336 ι.

3274 282 3297 335 1
3316 281 3411 335 NV}

231 391 365 464 Φέρε
388 393 453 466 δὴ
475 392 543 447 τὰ
570 394 914 466 πραττόμενα
949 393 1093 447 κακὰ
1112 393 1242 466 πρὸς
1265 388 1360 447 ἀνθ
1370 370 1581 460 ρώπων
1611 413 1732 451 κατ-

1914 400 2026 468 Age
2058 395 2195 466 jam,
2251 394 2664 451 consideremus
2716 394 2859 450 mala
2905 409 3027 467 quae
3070 394 3140 449 ab
3179 394 3414 449 homini-

174 485 380 556 ίδωμεν,
422 485 528 539 τίνι
567 486 813 557 προσῆκε
861 484 1197 557 φιλαλήθωςν
1247 482 1593 555 ἐπιχειρήσει
1641 489 1738 559 μὲν

168 576 272 649 γὰρ
317 575 444 639 ἴσως
481 577 575 630 καὶ
620 577 720 649 τῆς
762 577 939 649 ψυχῆς
977 580 1170 650 κρᾶσιν
1197 577 1594 650 είσηγήσασθαι
1631 580 1739 632 τῶν

165 669 240 732 ὡς
265 668 558 740 ὑπείληφεν
585 670 868 748 ἐναντίων·
888 672 999 728 εἴτε
1020 672 1076 727 δὲ
1104 671 1242 743 αὐτη
1268 670 1544 744 μονοειδὴς
1572 672 1741 743 ὑπάρ-

166 777 245 831 χει
278 762 342 814 ὲκ
382 759 620 829 τάγαθοῦ
669 764 800 834 παρ’
831 765 1000 837 αὐτῷ,
1032 765 1142 819 εἴτε
1179 764 1274 817 καὶ
1325 765 1389 817 ἐκ
1438 762 1737 827 συνθέσεως

164 853 271 904 τῶν
316 855 569 930 ἐναντίων
602 858 666 910 ὲκ
714 857 814 928 τῆς
861 857 1077 930 μερίδος
1117 855 1425 911 τούναντίου
1470 856 1562 909 τοῦ
1604 856 1738 923 ἀγα-

166 941 281 1007 θοῦ,
317 945 510 1016 ῥαδίως
536 926 1009 1020 ἀποδειχθήσεται,
1036 948 1176 1002 κατὰ
1201 946 1302 1019 τὴν
1334 947 1505 1016 ἀσεϐῆ
1532 946 1737 1017 ταύτην

165 1034 430 1101 ὑπόθεσιν,
467 1037 534 1091 τά
559 1039 702 1093 κακά
743 1040 1021 1112 γινόμενα.
1057 1041 1210 1094 Ἔστι
1258 1040 1357 1110 μὲν
1388 1034 1481 1093 οὖν
1514 1038 1739 1108 ἀσώμα-

164 1143 254 1189 τος
280 1128 313 1197 ἡ
353 1127 517 1200 ψυχὴ,
550 1131 644 1183 καὶ
674 1131 937 1202 μηδαμῶς
965 1132 1213 1187 σύνθεσιν
1245 1133 1364 1186 κατ’
1404 1130 1611 1191 οὐσίαν,
1647 1131 1736 1182 καὶ

167 1218 398 1289 μάλιστα
428 1223 685 1278 ἐναντίων
711 1224 1080 1298 ἀποδεχομένη
1105 1248 1116 1259 ·
1151 1227 1200 1280 οἱ
1238 1226 1343 1297 γὰρ
1374 1225 1437 1278 ὲκ
1464 1222 1736 1294 διαφόρων

165 1314 463 1369 συντιθέναι
492 1315 740 1382 δόξαντες
782 1319 951 1390 αὐτὴν
1006 1320 1073 1372 οὐ
1106 1318 1204 1390 τὴν
1249 1319 1438 1372 οὐσίαν
1484 1315 1736 1383 ποικίλην

162 1406 256 1458 καὶ
302 1407 438 1478 πρὸς
484 1409 684 1481 ἑαυτὴν
729 1411 1127 1483 διαφερομένην
1170 1413 1554 1482 εἰσηγήσαντο,
1600 1407 1735 1462 ἀλλὰ

160 1496 258 1557 ei;
301 1496 582 1566 ἐνεργείας
621 1500 793 1570 αὐτῆς
824 1501 889 1554 ἐκ
932 1499 1040 1553 τῶν
1068 1498 1361 1571 ὁρωμένων
1388 1495 1732 1568 ὑπέγραψαν,

162 1587 256 1640 ἕνα
286 1587 441 1656 λόγον
474 1590 680 1644 ἁπλοῦν
709 1594 805 1647 καὶ
853 1592 1247 1665 περιληπτικόν
1290 1591 1460 1663 αὐτῆς
1504 1589 1736 1659 ποιήσα-

163 1680 282 1736 σθαι
316 1681 391 1754 μὴ
415 1682 747 1754 δυνηθέντες.

1841 487 1944 543 bus
1998 485 2165 555 fiunt,
2211 487 2279 543 ad
2323 502 2484 557 quem
2538 502 2665 542 vere
2713 487 3004 558 pertinent.
3056 486 3414 558 Aggredietur

1840 579 2077 635 fortasse
2124 579 2476 635 introducere
2514 579 2829 636 mistionem
2879 580 3075 635 anima:
3113 595 3237 634 cum
3283 594 3414 633 con-

1839 674 2024 729 trariis
2064 689 2226 744 quam
2277 673 2592 743 suspicatus
2631 681 2734 728 est.
2780 670 2909 727 Sive
2952 673 3070 743 ipsa
3112 671 3292 725 anima
3342 672 3415 725 sit

1841 766 2157 836 μονοειδής,
2194 765 2247 820 id
2300 771 2403 829 est,
2461 763 2727 834 simplicis
2775 774 2830 819 et
2886 764 3049 818 unius
3103 761 3294 817 formae
3344 777 3413 816 ex

1837 856 1982 910 bono
2036 854 2177 926 apud
2223 855 2428 925 ipsum,
2482 854 2596 910 sive
2638 869 2703 909 ex
2748 850 3146 922 compositione
3194 859 3412 905 eontra-

1839 944 2044 998 riorum
2075 960 2142 1000 ex
2170 952 2325 1015 parte
2365 943 2487 1014 ejus
2530 942 2676 1014 quod
2717 951 2802 998 est
2842 943 2988 997 bono
3030 940 3409 1005 contrarium;

1840 1032 1999 1088 facile
2062 1033 2363 1089 secundum
2422 1033 2527 1088 boc
2604 1034 2830 1103 impium
2885 1031 3303 1087 fundamentum
3358 1037 3412 1084 et

1839 1126 2171 1197 principium
2222 1126 2750 1182 demonstrabuntur
2788 1125 2931 1180 mala
2967 1139 3089 1195 quae
3128 1124 3282 1177 fiunt.
3315 1121 3412 1178 Est

1840 1218 2006 1289 igitur
2058 1218 2241 1273 anima
2297 1233 2495 1290 expers
2543 1217 2826 1289 corporis,
2876 1231 2997 1286 quae
3050 1215 3204 1270 nullo
3251 1224 3411 1285 pacto

1838 1310 2287 1382 compositionem
2329 1310 2626 1366 secundum
2681 1310 3064 1374 substantiam,
3107 1308 3410 1379 praesertim

1838 1403 2280 1469 contrariorum,
2345 1402 2560 1473 recipit.
2619 1401 2722 1466 Qui
2767 1401 2912 1454 enim
2950 1397 3054 1455 visi
3108 1404 3236 1454 sunt
3288 1412 3408 1451 eam

1839 1509 2192 1564 componere,
2229 1509 2337 1549 non
2372 1492 2740 1549 substantiam
2772 1492 2979 1545 variam
3011 1500 3067 1546 et
3100 1505 3131 1544 a
3163 1504 3222 1545 se
3255 1488 3410 1543 diffe-

1837 1596 2043 1642 rentem
2090 1587 2540 1651 introduxerunt,
2581 1586 2677 1643 sed
2713 1587 3061 1658 operationes
3086 1584 3207 1653 ejus
3242 1598 3307 1638 ex
3340 1582 3409 1635 iis

1840 1693 1962 1747 quae
2008 1678 2283 1744 videntur,
2337 1678 2786 1748 descripserunt,
2840 1691 2965 1732 cum
3017 1692 3126 1731 non
3184 1681 3411 1746 possent

1761 1749 1804 1805 Β
1835 1774 2122 1822 exstruere
2156 1784 2320 1821 unam
2356 1767 2660 1838 simplicem
2692 1766 3065 1823 deﬁnitionem
3114 1780 3223 1836 qua
3261 1778 3410 1821 cem-

1835 1856 2290 1927 prehenderetur.

610 1991 742 2049 Car.
778 1990 992 2048 XXVII.
1032 1963 1181 2046 ῖίιιξίε
1204 1989 1450 2061 procedat
1485 1990 1678 2045 anima:
1705 2003 1992 2060 peccatum.
2023 1993 2179 2050 Ratio
2205 2002 2395 2063 privat
2416 1994 2557 2050 vitiis
2587 2003 2636 2049 et
2668 1991 2970 2047 virtutibus.

231 2111 291 2165 Et
317 2109 423 2183 γὰρ
459 2111 552 2164 καὶ
579 2114 698 2176 ταῖς
736 2110 1013 2183 διαφόροις
1048 2110 1326 2181 ποιότησιν
1368 2109 1432 2173 ἃς
1476 2109 1728 2179 ἐπεδέχε-

162 2220 248 2257 ται
306 2203 495 2257 ἄλλοτε
540 2203 732 2268 ἄλλως,
785 2204 1101 2276 διαφέρεται
1147 2201 1281 2274 πρὸς
1328 2200 1546 2272 ἑαυτὴν,
1592 2202 1737 2271 ὅμως

164 2297 276 2348 κατ’
318 2294 506 2348 οὐσίαν
550 2294 710 2367 ἔργον
752 2294 1070 2366 ὑπάρχουσα
1104 2293 1199 2347 τοῦ
1228 2293 1385 2356 Θεοῦ,
1428 2292 1739 2364 ἀμετάϐλη-

162 2383 250 2446 τός
276 2384 335 2437 τέ
366 2385 503 2448 ἐστι,
540 2386 632 2436 καὶ
660 2384 760 2437 οὐκ
799 2384 864 2438 ὲκ
902 2383 1172 2454 διαφόρων
1218 2381 1497 2451 σύγκειται
1520 2398 1534 2411 ⁸
1582 2383 1737 2434 ὲναν-

164 2475 286 2529 τίων
318 2476 502 2547 μέντοι
548 2476 795 2546 κράσεων
829 2475 1084 2529 τοσοῦτον
1130 2474 1460 2544 ἀφέστηκεν,
1492 2473 1615 2526 ὅσον
1648 2473 1741 2526 καὶ

165 2566 251 2622 τοῦ
274 2569 397 2623 καθ’
431 2568 626 2639 ἑαυτὴν
668 2568 827 2640 σῶμα
859 2564 998 2623 εἶναι
1041 2568 1236 2622 δοκεῖν.
1271 2566 1463 2638 Θῶμεν
1495 2566 1552 2621 δὲ
1597 2566 1738 2621 κατὰ

163 2660 255 2731 τὴν
281 2662 491 2715 ἐκείνου
521 2662 892 2731 ψευδολογίαν,
936 2662 1049 2731 εἴγε
1086 2662 1178 2715 καὶ
1207 2661 1364 2714 τοῦτο
1394 2660 1571 2729 λέγειν
1607 2660 1732 2712 ὲπι-

162 2754 388 2826 χειροίη,
412 2755 488 2818 ὡς
513 2754 606 2808 καὶ
633 2755 666 2826 ἡ
693 2754 839 2826 ψυχὴ
874 2752 967 2807 τοῦ
1001 2752 1291 2826 ἀνθρώπου
1317 2753 1646 2822 συνέστηκεν
1674 2749 1734 2815 ἐξ

161 2843 362 2913 ἀγαθοῦ
404 2846 497 2899 καὶ
546 2846 717 2900 κακοῦ
743 2863 757 2878 °
804 2847 922 2917 οὐχὶ
964 2846 1026 2899 τὸ
1074 2845 1179 2917 μὲν
1222 2844 1528 2914 λογιστικὸν
1566 2843 1735 2914 αὐτῆς

165 2937 277 2989 κατ’
312 2938 522 2991 ἐκεῖνον
563 2936 852 2992 ἀναθετέον
882 2937 962 3009 τῷ
1005 2935 1216 3009 ἀγαθῷ,
1254 2937 1317 2990 τὸ
1361 2936 1406 2990 δ’
1451 2936 1735 3005 ἀλόγιστον

1907 2112 2022 2172 Etsi
2071 2116 2215 2171 enim
2266 2116 2433 2172 variis
2474 2108 2832 2184 qualitatibus
2882 2118 3024 2177 quas
3068 2102 3204 2157 alias
3254 2100 3411 2155 aliter

1837 2206 2051 2276 recipit,
2087 2221 2117 2260 a
2157 2222 2215 2262 se
2236 2204 2417 2260 diﬂert
2447 2221 2463 2272 ;
2494 2210 2675 2256 tamen
2714 2195 3013 2253 secundum
3046 2189 3410 2248 substantiam

1846 2310 1957 2367 quae
1990 2313 2128 2368 opus
2164 2297 2261 2353 Dei
2309 2303 2415 2368 est,
2456 2290 2812 2349 immutabilis
2839 2300 2948 2354 est,
2999 2297 3054 2340 et
3100 2296 3212 2337 non
3261 2295 3411 2336 com-

1839 2390 2063 2459 ponitur
2100 2404 2168 2444 ex
2210 2362 2486 2454 diversis;
2523 2400 2555 2438 a
2593 2380 2892 2439 contrariis
2919 2385 3103 2431 tamen
3138 2370 3413 2428 mistioni-

1840 2480 1944 2535 bus
1995 2487 2208 2534 tantum
2265 2479 2442 2542 abest,
2496 2488 2556 2532 ut
2603 2475 2721 2545 ipsa
2778 2486 2876 2543 per
2930 2483 2989 2526 se
3038 2480 3242 2537 corpus
3289 2476 3412 2518 esse

1839 2572 2112 2628 videatur.
2165 2569 2443 2625 Ponamus
2502 2567 2689 2639 igitur,
2751 2571 2812 2620 ut
2871 2562 2964 2617 ille
3020 2558 3305 2622 mentitur,
3364 2552 3413 2610 si

1836 2665 2059 2736 quidem
2100 2665 2206 2720 hoc
2245 2663 2430 2719 dicere
2465 2660 2832 2732 aggrediatur,
2879 2670 3004 2711 esse
3042 2651 3255 2709 scilicet
3294 2648 3412 2702 ani-

1836 2773 1980 2812 mam
2004 2757 2244 2812 hominis
2274 2754 2631 2825 compositam
2660 2768 2730 2806 ex
2759 2750 2904 2804 bono
2941 2754 2995 2802 et
3034 2743 3199 2809 malo,
3225 2756 3410 2797 nonne

1834 2849 1980 2920 quod
2030 2850 2085 2904 in
2127 2863 2192 2904 ea
2239 2854 2324 2904 est
2362 2846 2636 2918 particeps
2668 2841 2920 2905 rationis,
2952 2837 3207 2910 opinione
3248 2833 3412 2890 istius

1836 2943 2248 3000 attribuendum
2285 2949 2371 2998 est
2420 2941 2599 3003 bono,
2632 2938 2686 2994 id
2726 2946 2831 3002 est,
2884 2934 3037 3002 Deo;
3090 2929 3238 3002 quod
3282 2943 3413 2984 vero

165 3028 243 3097 εἴη
270 3032 333 3101 τῇ
367 3030 566 3103 κακίᾳ;
597 3032 777 3104 δῆλον,
803 3031 878 3094 ὡς
906 3030 1058 3084 οὐδὲν
1080 3028 1147 3084 ἂν
1174 3028 1360 3101 ἕτερον
1399 3030 1574 3082 εἰπεῖν
1600 3026 1731 3098 ἔχοι.

1887 3037 2052 3093 itione
2088 3043 2259 3099 caret,
2302 3031 2594 3103 nequitiae?
2642 3030 2836 3100 liquet,
2882 3025 3021 3082 nihil
3062 3021 3211 3079 aliud
3251 3033 3416 3091 posse

164 3120 265 3191 Τῆς
295 3122 476 3176 τοίνυν
508 3123 800 3195 ἐπιθυμίας
825 3123 1152 3194 κινουμένης
1196 3121 1482 3192 σφαλερῶς
1520 3119 1633 3175 εἴτε
1667 3122 1732 3174 ὲκ

1887 3129 2049 3186 icere.
2112 3126 2364 3182 Excitata
2420 3139 2552 3196 ergo
2616 3120 2873 3192 (lubrica)
2943 3117 3243 3188 cupiditate
3297 3113 3415 3170 sive

165 3212 318 3281 μόνου
343 3211 443 3266 τοῦ
469 3213 738 3285 σώματος,
764 3214 873 3268 εἴτε
916 3213 1010 3268 καὶ
1050 3213 1116 3267 ὲκ
1143 3212 1238 3266 τοῦ
1265 3214 1637 3284 προσήκοντος
1661 3212 1728 3282 τῇ

162 3304 320 3378 κακίᾳ
348 3306 545 3378 μέρους
569 3306 671 3376 τῆς
709 3305 905 3377 ψυχῆς,
948 3301 1036 3377 ἆρ’
1081 3304 1386 3376 αὐτόματος
1431 3303 1730 3374 πρόεισινή

165 3396 352 3466 πρᾶξις
372 3413 391 3463 ;
415 3399 547 3469 Οὐχὶ
584 3398 642 3452 δὲ
678 3398 867 3466 φθάνει
899 3398 996 3469 μὲν
1026 3397 1086 3450 ὲν
1116 3394 1388 3467 ἀνθρώπῳ
1419 3394 1612 3464 σκέψις
1641 3393 1736 3447 καὶ

164 3486 340 3560 βουλὴ,
379 3487 569 3543 ἔπειτα
605 3490 804 3562 κρίσις,
833 3490 928 3543 καὶ
964 3488 1174 3561 αἵρεσις
1202 3488 1301 3558 τῆς
1321 3486 1593 3557 πράξεως,
1640 3484 1735 3539 καὶ

161 3577 323 3661 οὕτως
362 3583 444 3645 είς
488 3581 705 3654 ἑργονή
748 3581 1008 3653 ἐπιθυμία
1051 3578 1734 3653 προφέρεται;¹Ἐγκλημα

162 3669 214 3724 δὲ
240 3674 439 3737 κακίας
468 3675 532 3727 ὲκ
552 3674 651 3745 τῆς
681 3674 953 3746 πράξεως,
976 3674 1079 3728 οὐκ
1112 3675 1179 3728 ἐκ
1198 3674 1299 3744 τῆς
1331 3672 1628 3744 ἐπιθυμίας
1652 3673 1736 3741 γί-

162 3777 341 3829 γνεται
365 3781 382 3795 ⁸
416 3765 515 3829 ὼς,
561 3766 611 3818 εί
654 3766 864 3836 μένειεν
899 3766 993 3819 ἐπὶ
1027 3764 1212 3837 χώρας
1249 3766 1283 3836 ἡ
1309 3763 1607 3835 ὲνθύμησις
1637 3765 1735 3836 τῆς

163 3855 453 3929 ἐπιθυμίας
476 3859 557 3922 εἰς
581 3857 738 3930 ἔργον
764 3861 830 3930 τῇ
861 3858 1068 3931 αἱρέσει
1092 3856 1187 3912 τοῦ
1216 3856 1479 3929 λογισμοῦ
1511 3855 1585 3927 μὴ
1612 3872 1737 3927 προ·

163 3949 329 4016 ιοῦσα,
358 3950 578 4021 πρῶτον
605 3951 702 4022 μὲν
732 3952 799 4007 ἂν
827 3950 1131 4022 ἁρπασθείη
1158 3950 1371 4015 θᾶττον,
1396 3948 1734 4019 ὲξαπτομένη

160 4056 217 4092 τε
242 4041 357 4113 ἅμα
390 4042 487 4096 καὶ
515 4041 848 4114 σϐεννυμένη
865 4058 878 4070 ·
904 4042 1091 4095 ἔπειτα
1116 4040 1368 4112 οὐδαμῶς
1393 4040 1460 4095 ἂν
1485 4040 1736 4111 ἔγκλημα

163 4131 463 4202 νομισθείη,
497 4132 558 4185 οὐ
592 4132 751 4203 μόνον
783 4133 982 4200 κοινὸν,
1012 4132 1125 4187 ἀλλ’
1156 4132 1279 4186 οὐδὲ
1307 4131 1450 4185 κατὰ
1479 4131 1540 4185 τὸ
1567 4131 1737 4203 ἄκρον

162 4219 257 4291 τῆς
279 4223 484 4294 ἀρετῆς
514 4225 564 4276 εί
597 4224 852 4295 κρίνοιτο.

226 4312 480 4366 Φαίνεται
504 4313 682 4367 τοίνυν
710 4313 788 4383 τῷ
812 4310 1013 4385 λογικῷ
1031 4312 1129 4384 τῆς
1146 4311 1324 4384 ψυχῆς
1347 4312 1580 4382 εὐλόγως
1606 4312 1735 4365 ἁνα-

1838 3237 1905 3277 ex
1949 3234 2201 3291 corpore,
2242 3220 2358 3274 sive
2400 3232 2468 3273 ex
2517 3232 2580 3273 ea
2627 3222 2784 3288 parte
2825 3212 3023 3267 animae
3051 3224 3173 3280 qua:
3213 3206 3281 3262 ad
3316 3222 3414 3261 ne-

1837 3313 2069 3383 quitiam
2110 3310 2368 3381 pertinet,
2409 3323 2476 3365 an
2519 3306 2748 3363 fortuito
2790 3304 2936 3360 actio
2965 3300 3187 3374 prodit?
3217 3297 3414 3353 Nonne

1836 3404 2210 3477 antegreditur
2241 3405 2297 3458 in
2328 3402 2549 3459 bomine
2583 3395 2953 3455 consideratio
2995 3402 3052 3450 et
3093 3390 3410 3456 consilium,

1835 3496 2032 3553 deinde
2075 3494 2344 3566 judicium
2384 3500 2441 3549 et
2479 3491 2676 3548 electio
2704 3486 2960 3551 actionis,
2999 3492 3164 3561 atque
3196 3482 3272 3537 ita
3307 3479 3407 3537 de-

1837 3587 2099 3644 siderium
2127 3587 2193 3641 ad
2227 3586 2479 3643 etl‘ectum
2504 3580 2858 3656 perducitur?
2881 3577 3104 3634 Crimen
3139 3587 3271 3630 vero
3308 3583 3409 3626 ne-

1836 3679 2026 3750 quitiae
2060 3694 2129 3735 ex
2170 3678 2407 3741 actione,
2447 3689 2559 3731 non
2603 3689 2672 3730 ex
2710 3668 2984 3728 desiderio
3008 3664 3315 3724 conﬂatur;
3348 3667 3408 3716 ut

1838 3771 1887 3827 si
1931 3776 2149 3826 maneat
2191 3770 2248 3824 in
2287 3769 2411 3824 loco
2452 3765 2714 3838 cogitatio
2752 3760 3012 3820 desiderii
3050 3774 3163 3815 non
3190 3768 3414 3827 progre-

1837 3864 1995 3919 diens
2036 3863 2107 3919 ad
2138 3878 2278 3933 opus
2315 3876 2413 3933 per
2447 3859 2772 3916 electionem
2804 3853 2980 3926 partis
3011 3846 3412 3913 ratiocinantis,

1837 3954 2076 4026 primum
2106 3952 2326 4024 quidem
2357 3952 2470 4006 cito
2509 3954 2689 4020 potest
2722 3945 2975 4002 desinere
3014 3942 3301 3998 incensum
3336 3936 3414 3994 si-

1841 4049 1952 4103 mul
1993 4053 2051 4102 et
2095 4045 2427 4101 exstinctum
2465 4061 2479 4098 :
2512 4040 2712 4097 deinde
2754 4048 3102 4108 nequaquam
3138 4030 3415 4089 existima-

1837 4140 1989 4195 bitur
2032 4138 2267 4202 crimen,
2304 4151 2415 4192 non
2461 4135 2639 4192 solum
2681 4144 2996 4194 commune,
3028 4127 3125 4183 sed
3156 4138 3333 4195 neque
3362 4121 3413 4178 si

1832 4230 2112 4302 iudicetur
2146 4226 2447 4285 secundum
2482 4238 2758 4281 summum
2786 4220 3025 4277 virtutis.

1909 4320 2149 4391 Apparet
2234 4308 2401 4390 igitur
2456 4324 2683 4388 peccata
2739 4313 3131 4370 convenienter
3187 4304 3408 4369 rationi,

162 4402 417 4475 τιθέμενα
448 4404 516 4459 τὰ
549 4407 936 4478 ἁμαρτήματα,
967 4407 1062 4459 καὶ
1088 4404 1214 4459 οὒτε
1244 4403 1323 4476 τῷ
1354 4404 1585 4476 σώματι,
1612 4403 1732 4457 οὔτε

1887 4412 1981 4465 arti
2030 4411 2226 4465 anima:
2279 4409 2510 4465 rationis
2551 4406 2803 4478 participi
2850 4403 3129 4474 assignata
3184 4412 3310 4454 esse
3357 4403 3413 4450 et

163 4495 301 4568 ἄλλῳ
335 4497 497 4569 μέρει
528 4500 640 4552 τινὶ
669 4498 874 4570 ταύτης
896 4513 912 4528 ⁸
959 4498 1036 4563 ὡς
1066 4499 1159 4552 τὸν
1199 4499 1298 4571 μὲν
1330 4499 1611 4568 ἀλόγιστον
1640 4515 1738 4551 κα-

163 4587 283 4643 κίαν
313 4589 661 4661 ἀπηλλάχθαι
690 4590 794 4661 τῆς
830 4591 1010 4655 αἰτίας
1054 4590 1164 4644 τῶν
1204 4592 1336 4663 παρ’
1365 4591 1497 4662 ἡμῖν
1528 4590 1736 4657 κακῶν,

160 4681 254 4736 ἅτε
288 4683 428 4756 μηδὲ
461 4683 834 4755 δπάρχουσαν,
868 4682 1199 4738 κινδυνεύειν
1222 4683 1279 4736 δὲ
1306 4682 1444 4737 κατὰ
1477 4682 1567 4744 τὸν
1595 4682 1739 4736 ὲκεί-

161 4789 249 4826 νου
281 4774 441 4844 λόγον
471 4778 536 4829 ὲκ
568 4775 666 4845 τῆς
714 4775 930 4847 μερίδος
970 4775 1206 4844 τάγαθοῦ
1250 4774 1422 4828 ταῦτα
1468 4773 1741 4845 προφέρε-

163 4864 322 4920 σθαι·
350 4866 410 4920 εἴ
445 4884 509 4935 γε
540 4866 614 4937 μὴ
657 4867 827 4938 ἑτέρῳ
856 4866 1202 4938 χρησαίμεθα
1249 4864 1535 4935 φιλαλήθει
1570 4863 1737 4934 λόγῳ.

160 4958 222 5012 Et
273 4959 371 5030 μὲν
422 4958 553 5031 γὰρ,
599 4961 673 5032 μὴ
713 4959 1144 5028 διαγινώσκουσα
1193 4961 1292 5030 τὴν
1328 4958 1588 5029 ποιότητα
1637 4957 1738 5027 τῆς

161 5048 472 5120 ἐπιθυμίας,
499 5053 591 5105 ἐπὶ
617 5050 713 5121 τὴν
739 5048 936 5122 πρᾶξιν
958 5050 1255 5117 ἀλογίστως
1284 5047 1482 5119 ἐχώρει
1511 5048 1544 5117 ἡ
1570 5045 1740 5117 ψυχὴν

162 5140 540 5217 διισχυρίσαιτ’
573 5144 641 5197 ἄν
681 5160 785 5206 τις,
832 5142 907 5207 ὡς
954 5145 1017 5196 ἐκ
1061 5141 1154 5194 τοῦ
1203 5141 1490 5210 ἀλογίστου
1543 5139 1739 5210 μέρους

165 5233 388 5304 φέρεται
428 5237 497 5290 τὰ
533 5237 856 5309 παραλόγως
898 5234 1279 5306 πραττόμενα·
1313 5235 1362 5287 εξ
1396 5234 1453 5287 δὲ
1481 5233 1740 5297 πολλάκις

164 5326 322 5393 αὐτὸς
345 5329 375 5382 ὁ
401 5330 658 5401 λογισμὸς
685 5332 761 5400 πῂ
795 5332 890 5401 μὲν
922 5330 1177 5399 αἱρεῖται,
1206 5328 1281 5391 ὼς
1314 5326 1739 5381 ὑποκατακλινό-

170 5436 323 5491 μενος
375 5424 518 5477 ἑκὼν
567 5426 756 5495 ἀγωγῇ
808 5424 1008 5495 φαύλῃ,
1057 5422 1158 5494 τὴν
1204 5421 1520 5493 ἐπιθυμίαν,
1557 5421 1633 5491 πὴ
1682 5421 1739 5475 δὲ

168 5518 510 5582 παραιτεῖται
551 5513 735 5579 πάλιν,
772 5516 900 5568 ὅταν
944 5514 1107 5584 φόϐος
1139 5514 1300 5569 αὐτὸν
1329 5513 1577 5567 ὁστισοῦν
1604 5513 1737 5565 ἀνα-

168 5602 366 5675 στείλη,
403 5607 435 5676 ἢ
479 5597 740 5680 ἐπιθυμία
784 5607 913 5676 γοῦν
947 5607 1149 5678 ἀρετῆς
1196 5605 1560 5676 ἁνθελκούσης
1600 5603 1737 5675 πρὸς

169 5689 361 5767 ἑαυτήν
387 5712 400 5727 ·
455 5697 634 5769 δῆλον,
680 5699 755 5765 ὡς
814 5702 841 5753 ὁ
894 5699 1148 5771 λογισμᾴς
1196 5701 1340 5753 ἐστιν
1389 5700 1417 5752 ὁ
1473 5699 1627 5769 μόνος
1660 5700 1737 5752 οἰ-

1840 4502 2099 4573 ascripta,
2131 4510 2186 4557 et
2226 4515 2335 4555 nou
2379 4500 2618 4569 corpori.
2659 4511 2759 4552 nec
2810 4494 2903 4549 ulli
2932 4492 3025 4547 alii
3060 4489 3203 4562 parti
3249 4485 3415 4557 hujus

1840 4596 2057 4650 animae.
2087 4592 2162 4649 Ut
2192 4592 2438 4663 nequitia
2476 4588 2701 4660 quidem
2741 4581 3180 4642 ratiocinationis
3216 4593 3415 4650 expers

1839 4688 2067 4743 liberata
2104 4687 2177 4741 sit
2218 4700 2251 4740 a
2289 4684 2451 4755 culpa
2482 4691 2648 4752 atque
2687 4677 3042 4736 accusatione
3075 4688 3264 4731 eorum
3293 4685 3413 4725 ma-

1838 4781 2019 4835 lorum
2062 4794 2185 4849 quae
2218 4776 2364 4848 apud
2413 4790 2520 4830 nos
2554 4784 2716 4837 sunt,
2751 4771 2954 4842 quippe
2984 4783 3108 4823 cum
3145 4781 3250 4821 nec
3293 4763 3411 4833 ipsa

1839 4878 2039 4934 exstet,
2079 4870 2480 4939 videanturque
2518 4866 2634 4923 hac
2673 4864 2975 4922 secundum
3006 4872 3312 4918 sermonem
3347 4857 3414 4909 il-

1840 4965 1967 5031 lius,
1994 4979 2061 5018 ex
2091 4971 2245 5032 parte
2286 4960 2382 5015 Dei
2416 4958 2685 5029 depromi,
2723 4959 2849 5012 licet
2883 4955 3035 5011 nulla
3062 4952 3170 5006 alia
3203 4948 3416 5004 ratione

1840 5072 1970 5114 vera
2021 5063 2319 5110 uteremur.
2375 5052 2432 5108 Si
2495 5051 2640 5108 enim
2706 5051 2892 5104 anima
2933 5062 3044 5103 non
3092 5044 3414 5101 discernens

1841 5148 2161 5219 qualitatem
2194 5144 2532 5217 cupiditatis.
2564 5142 2632 5198 ad
2658 5142 2930 5197 actionem
2960 5138 3080 5195 sine
3102 5137 3212 5192 ulla
3243 5133 3416 5189 ratio—

1840 5242 2114 5296 cinatione
2157 5237 2514 5310 procederet:
2559 5233 2828 5290 allirmare
2869 5232 2996 5302 quis
3037 5235 3245 5300 posset,
3294 5243 3433 5298 quae.

1842 5332 2247 5388 inconsiderate
2293 5345 2358 5384 ac
2405 5338 2602 5400 praeter
2638 5326 2904 5381 rationem
2948 5323 3107 5385 ﬁunt,
3141 5337 3205 5377 ex
3262 5325 3419 5391 parte

1841 5420 2072 5479 r'ationis
2113 5428 2337 5491 experte
2368 5418 2638 5490 depromi.
2669 5417 2766 5472 Sin
2808 5422 2990 5471 autem
3041 5425 3417 5483 saepenumero

1841 5514 1984 5569 ratio
2026 5513 2145 5583 ipsa
2186 5512 2297 5581 jam
2341 5512 2496 5582 eligit
2534 5509 2909 5581 cupiditatem,
2949 5515 3210 5575 tanquam
3249 5516 3417 5573 prava

1844 5606 2187 5661 institutione
2264 5602 2405 5659 ﬂexa
2460 5603 2671 5666 libens,
2718 5602 2830 5670 jam
2880 5612 3075 5653 rursus
3126 5593 3418 5666 repudiat,

1842 5714 1968 5754 cum
2016 5696 2216 5766 aliquis
2256 5705 2435 5753 metus
2476 5712 2593 5754 eam
2638 5694 2909 5761 refrenat,
2949 5699 3042 5748 aut
3084 5688 3421 5747 desiderium
