3838 6158
171 283 310 340 H09

1265 293 1638 353 ADVERSUS
1678 295 2102 354 MANICHEOS
2139 296 2269 351 LIB.
2311 295 2352 350 l.

3283 291 3418 347 1H0

167 401 260 452 καὶ
302 401 600 481 καρτερίαν
641 397 1107 477 ἐπιδεικνύμενος·
1156 405 1400 481 εὔδηλον,
1443 412 1518 476 ῶς
1550 414 1610 467 ού
1655 415 1743 470 διὰ

1851 423 1988 482 tans,
2020 415 2190 485 liquet
2221 429 2333 467 non
2367 426 2488 466 esse
2518 419 2740 482 propter
2771 424 2910 479 opus
2944 405 3297 469 laudandum,
3326 406 3420 461 sed

164 493 227 544 τὸ
255 491 417 563 ἔργον
443 493 508 547 ἂν
531 496 756 560 εἰκότως
785 499 1117 572 έπαινεθείη,
1151 501 1240 556 διὰ
1264 503 1322 556 δὲ
1356 504 1448 558 τὸν
1483 505 1607 560 νοῦν
1632 508 1740 560 τῶν

168 587 559 656 πραττομένων
606 590 855 664 ψεχθείη.
901 593 975 645 Οὐ
1015 593 1122 664 μὴν
1165 595 1279 648 ἀλλ’
1333 597 1385 649 ετ
1436 615 1521 662 τις
1557 599 1742 669 ἕτερος

169 679 498 750 σωφρονοίη,
521 682 742 735 καὶτῶν
764 700 828 752 γε
857 684 1114 740 πλειόνων
1138 688 1440 760 ἐπιθυμιῶν
1466 691 1739 762 ἀπέχοιτο,

165 770 230 822 ού
287 769 442 842 πόθῳ
499 773 599 843 τῆς
649 773 849 846 ἀρετῆς
877 819 892 843 ,
943 778 1117 847 φειδοῖ
1147 779 1202 832 δὲ
1260 781 1586 852 χρημάτων·
1642 785 1742 837 οὐκ

165 862 408 934 εὔδηλον,
441 865 516 928 ὼς
536 867 565 918 ὁ
592 867 832 932 τοιοῦτος
851 869 939 923 διὰ
964 870 1133 936 πάθος
1161 873 1348 928 παθῶν
1374 875 1575 947 ἑτέρων
1608 893 1742 948 κρα-

136 958 271 1018 "rel,
297 956 466 1026 αὐτὴν
492 956 555 1028 δὴ
582 958 680 1030 τὴν
713 959 856 1014 κατὰ
879 962 940 1015 τὸ
964 963 1282 1035 φαινόμενον
1302 967 1599 1038 καρτερίαν
1621 968 1741 1021 ἀντὶ

165 1047 366 1112 κακίας
390 1047 467 1120 τῷ
489 1048 676 1121 σκοπῷ
705 1052 1099 1124 μετερχόμενος
1119 1071 1134 1121 ;

235 1218 300 1273 Ei
318 1220 498 1274 τοίνυν
523 1222 782 1288 πολλάκις
805 1225 898 1279 καὶ
921 1227 990 1281 τὰ
1011 1227 1343 1301 νομιζόμενα
1357 1231 1504 1285 κακὰ
1531 1234 1596 1303 τῇ
1623 1233 1739 1287 δια-

162 1311 285 1382 νοία
297 1311 393 1365 τοῦ
410 1313 740 1385 πράττοντος
769 1318 950 1386 ἀγαθά
967 1319 1343 1391 ἀναφαίνεται,
1363 1325 1395 1395 ἢ
1420 1325 1553 1396 μηδὲ
1571 1325 1737 1394 κακὰ,

164 1403 261 1455 καὶ
278 1405 587 1459 τούναντίον
607 1407 677 1460 τὰ
696 1409 789 1461 ἐπὶ
803 1409 864 1462 τὸ
886 1408 1093 1480 βέλτιον
1109 1412 1488 1486 ὑπειλημμένα
1503 1416 1578 1480 ὼς
1594 1418 1742 1471 κακὰ

161 1492 496 1564 διελέγχεται
522 1500 587 1569 τῇ
616 1499 824 1569 αἱρέσει
847 1503 947 1556 καὶ
980 1502 1057 1573 τῷ
1096 1505 1283 1577 σκοπῷ
1309 1506 1403 1560 τοῦ
1433 1508 1737 1578 μετιόντος·

162 1585 250 1649 τίς
279 1585 346 1640 ἂν
379 1586 459 1641 έτι
487 1588 672 1672 λοιπὸν
698 1593 1002 1663 ἀντιλέγειν
1035 1595 1168 1667 ἔχοι,
1193 1597 1269 1662 ὠς
1301 1598 1400 1670 οὐχ
1429 1603 1484 1654 αἱ
1515 1601 1742 1672 πράξεις

162 1677 242 1740 ὡς
280 1679 374 1732 ἐπὶ
399 1681 534 1734 πολὺ
566 1684 720 1755 παρά
744 1703 807 1753 γε
832 1689 897 1758 τῇ
924 1687 1152 1761 ἀληθείᾳ
1191 1689 1596 1761 δοκιμάζονται,
1629 1693 1657 1746 ό
1684 1691 1742 1745 δὲ

160 1768 290 1835 νοῦς
315 1773 430 1825 ἐστι
457 1773 567 1830 τῶν
596 1779 982 1849 πραττομένων
1013 1782 1042 1834 ό
1069 1780 1522 1853 βασανιζόμενος;

235 1951 370 2003 Ποῖα
388 1951 567 2006 τοίνυν
593 1953 731 2028 ἔργα
753 1959 819 2029 τῇ
841 1959 1008 2031 κακίᾳ
1037 1959 1399 2032 λογιούμεθα;
1433 1961 1500 2014 τά
1525 1961 1740 2015 δοκοῦν-

161 2060 232 2097 τα
259 2041 397 2100 εἶναι
431 2049 596 2112 κακά,
628 2050 772 2122 ἆπερ
800 2054 946 2108 ἐστὶν
978 2055 1178 2124 ἀγαθὰ,
1193 2057 1280 2109 ὅτε
1309 2057 1511 2128 ἀρετῆς
1538 2056 1742 2128 διανοίᾳ

163 2137 498 2208 πράττεται;
531 2144 666 2196 Ποῖα
703 2143 758 2197 δὲ
787 2145 865 2216 τῷ
890 2146 1078 2218 ἀγαθῷ
1109 2148 1484 2220 ἀναθήσομεν;
1516 2147 1586 2200 τὰ
1613 2165 1740 2216 φαι-

162 2228 363 2299 νόμενα
391 2232 592 2300 ἀγαθὰ,
631 2233 774 2307 ἅπερ
812 2235 1056 2309 λογισμῷ
1083 2238 1228 2292 κακά
1263 2239 1503 2306 γίνεται;
1532 2237 1740 2292 Οὐκοῦν

159 2320 456 2393 ἀποτόμως
484 2325 740 2398 οὐδέτερα
765 2328 1053 2400 οὐδετέρῳ·
1076 2329 1235 2400 μόνον
1264 2329 1322 2383 δὲ
1346 2329 1408 2384 τὸ
1434 2329 1739 2398 λογιστικὸν

159 2413 260 2466 καὶ
290 2415 763 2486 ἡγεμονικώτατον
798 2419 892 2473 τοῦ
923 2419 1014 2474 νοῦ
1046 2420 1140 2474 τοῦ
1169 2421 1498 2494 πράττοντος
1535 2421 1742 2494 διακρι-

161 2503 384 2575 νοῦμεν,
419 2508 647 2580 πότερον
677 2511 852 2584 ὀρθῶς
900 2513 1164 2584 μετῆλθεν
1203 2515 1237 2587 ἢ
1285 2515 1360 2587 μὴ
1402 2515 1463 2568 τὸ
1504 2515 1742 2586 πραττό-

160 2613 357 2667 μενον·
387 2599 448 2653 τὸ
470 2600 526 2654 δὲ
550 2603 1023 2675 ἡγεμονικώτατον
1052 2607 1152 2677 τῆς
1181 2606 1274 2661 τοῦ
1311 2605 1599 2680 ἀνθρώπου
1627 2607 1741 2661 δια-

157 2690 336 2755 νοίας,
354 2694 436 2747 ὅτι
459 2697 772 2751 παντάπασι
803 2703 1046 2772 προσῆκε
1077 2701 1217 2754 κατά
1241 2701 1331 2755 τὸν
1357 2701 1564 2756 ἐκείνου
1585 2701 1740 2770 λόγον

154 2783 241 2856 τῷ
270 2786 496 2856 βελτίονι
524 2789 682 2863 μέρει
702 2792 802 2863 τῆς
826 2792 1023 2864 ψυχῆς,
1041 2795 1146 2848 κᾶν
1179 2795 1440 2867 μυριάκις
1467 2795 1741 2867 μαίνοιντο

156 2882 210 2933 οἱ
243 2883 306 2934 ἐκ
333 2882 427 2935 τοῦ
456 2884 753 2952 Μάνεντος,
783 2888 882 2941 οὐκ
914 2887 980 2942 ἂν
1010 2890 1312 2961 ἀρνηθεῖεν.

237 2969 455 3031 Ἃδικον
484 2973 769 3046 τοιγαροῦν
800 2976 1078 3038 παντελῶς
1102 2977 1282 3049 κρίσιν
1313 2977 1452 3032 κατά
1482 2979 1581 3050 τῆς
1608 2983 1737 3052 παρ’

1848 517 2071 580 propter
2095 514 2332 574 mentem
2363 519 2526 576 quam
2553 503 2606 558 in
2638 504 2705 558 iis
2729 517 2849 572 quae
2882 501 3014 556 fecit
3059 498 3249 554 habuit
3278 499 3417 551 vitu-

1843 599 2167 670 perandum.
2214 595 2524 663 Quinetiam
2571 595 2617 650 si
2659 595 2785 664 quis
2816 593 2957 647 alius
2987 603 3296 658 temperans
3327 589 3419 649 sit,

1842 706 1897 748 et
1939 707 1968 746 a
2017 690 2206 746 multis
2235 687 2630 754 cupiditatibus
2692 685 2963 742 abstineat
2996 699 3104 738 non
3146 679 3420 734 desiderio

1841 785 2082 850 virtutis,
2115 784 2212 840 sed
2242 790 2303 836 ut
2337 781 2579 852 pecunia
2607 791 2817 848 parcat,
2869 792 3050 831 annon
3081 775 3215 830 satis
3244 772 3420 827 mani-

1841 876 2043 932 festum
2077 883 2163 930 est
2203 875 2351 929 hunc
2379 873 2472 944 qui
2513 872 2593 928 sic
2631 877 2737 935 est,
2763 868 3049 924 affectione
3103 865 3420 923 affectiones

1843 968 1978 1022 alias
2006 968 2260 1030 vincere,
2311 965 2486 1035 ipsam
2537 977 2666 1019 vero
2703 961 3046 1018 tolerantiam
3100 958 3278 1030 specie
3324 972 3420 1012 ex—

1843 1061 2117 1116 trinsecus
2152 1064 2449 1130 apparente
2477 1071 2576 1127 pro
2606 1054 2849 1126 nequitia
2897 1053 3081 1107 animo
3125 1058 3180 1107 et
3214 1065 3417 1120 propo-

1842 1155 1949 1210 sito
1981 1152 2294 1223 suscipere?

1914 1246 1969 1302 Si
2001 1247 2166 1317 igitur
2197 1260 2340 1314 saape
2362 1259 2483 1314 quae
2513 1258 2678 1312 prava
2705 1241 3109 1304 existimantur,
3141 1255 3205 1294 ex
3237 1237 3419 1291 animo

1843 1338 2095 1394 facientis
2123 1338 2355 1393 honesta
2384 1350 2506 1392 esse
2538 1341 2828 1405 apparent;
2861 1333 2944 1388 vel
2966 1347 3087 1403 quae
3111 1345 3219 1384 non
3251 1342 3418 1399 prava

1840 1430 2247 1492 existimantur,
2281 1429 2376 1485 sed
2430 1435 2624 1483 contra
2659 1427 2843 1498 potius
2894 1427 3123 1479 honesta
3175 1430 3230 1477 et
3275 1421 3418 1475 bona

1842 1529 2124 1592 putantur,
2169 1522 2456 1576 voluntate
2484 1526 2539 1574 et
2570 1519 2854 1590 proposito
2891 1515 3247 1587 suscipientis
3280 1527 3417 1567 con-

1841 1614 2137 1670 vincuntur
2167 1613 2445 1684 nequitiae,
2479 1611 2605 1682 quis
2646 1611 2761 1682 jam
2791 1616 2972 1681 potest
3003 1605 3377 1664 contradicere
3401 1643 3416 1666 .

1841 1721 1909 1761 ex
1940 1721 2132 1776 magna
2167 1713 2320 1777 parte
2349 1705 2594 1760 actiones
2623 1718 2749 1758 .non
2802 1701 2947 1772 apud
2998 1699 3281 1756 veritatem
3331 1714 3422 1752 ex-

1842 1798 2079 1867 plorari;
2111 1808 2343 1853 mentem
2365 1811 2496 1852 vero
2539 1810 2682 1861 esse,
2718 1811 2840 1866 qua:
2886 1794 2942 1849 in
2981 1793 3050 1848 iis
3079 1807 3201 1863 quae
3247 1805 3420 1861 agun-

1842 1896 1952 1950 tur,
1980 1889 2288 1944 excutitur?
3313 1929 3318 1936 .

1910 1969 2042 2036 Quae
2064 1970 2229 2042 igitur
2257 1985 2422 2040 opera
2448 1971 2788 2027 ascribemus
2814 1967 3104 2039 nequitiae?
3123 1966 3285 2020 illane
3300 1977 3422 2034 quae

1840 2063 2093 2118 videntur
2116 2064 2277 2128 mala,
2305 2080 2426 2133 quae
2457 2064 2676 2134 quidem
2709 2070 2837 2118 sunt
2865 2062 3030 2125 bona,
3079 2056 3299 2130 quando
3326 2072 3421 2111 ra-

1841 2159 1988 2211 tione
2018 2156 2235 2212 virtutis
2283 2157 2453 2211 ﬁunt?
2509 2158 2639 2223 Quze
2690 2171 2820 2211 vero
2872 2154 3207 2210 asciscemus
3241 2148 3425 2205 bono?

1841 2265 1911 2303 an
1960 2264 2082 2320 quae
2125 2257 2391 2319 apparent
2435 2250 2575 2304 bona
2604 2265 2747 2313 esse,
2781 2263 2901 2318 quae
2947 2245 3165 2316 quidem
3210 2242 3423 2296 ratione

1840 2334 1984 2389 mala
2005 2335 2188 2389 liunt?
2216 2337 2388 2407 lgitur
2405 2345 2598 2392 neutra
2620 2336 2801 2391 neutri
2827 2333 3168 2391 solummodo
3193 2350 3206 2385 :
3243 2331 3421 2384 solum

1840 2427 2132 2491 rationem,
2169 2434 2223 2482 et
2271 2427 2415 2500 quod
2446 2429 2503 2482 in
2543 2437 2723 2483 mente
2756 2427 3023 2480 actionem
3057 2419 3410 2492 suscipientis

1841 2517 2173 2589 praecipuum
2195 2525 2299 2584 est,
2330 2518 2777 2587 dijudicabimus,
2811 2524 2992 2571 utrum
3041 2524 3189 2570 recte
3233 2526 3423 2568 susce-

1839 2610 1943 2680 pit,
1973 2625 2042 2664 an
2071 2627 2251 2667 secus.
2278 2610 2434 2677 Quod
2461 2621 2640 2666 autem
2667 2609 2903 2665 maxime
2948 2606 3243 2679 principale
3269 2619 3423 2658 men-

1838 2705 1910 2760 tis
1941 2704 2178 2760 hominis
2203 2712 2308 2768 est,
2335 2706 2606 2774 pertinere
2643 2704 2711 2758 ad
2739 2702 3017 2758 meliorem
3068 2707 3276 2771 partem
3310 2699 3427 2752 ani.

1840 2810 1976 2859 mat,
2009 2801 2070 2849 ut
2099 2795 2189 2851 ille
2230 2795 2436 2862 tradit,
2488 2795 2614 2849 licet
2671 2793 2881 2848 infinite
2931 2791 3212 2848 insaniant
3245 2789 3422 2845 Mani-

1839 2887 2000 2951 chaei,
2035 2902 2142 2942 non
2170 2895 2403 2957 possunt
2440 2902 2656 2958 negare.

1910 2977 2162 3047 Iniquum
2194 2978 2360 3049 igitur
2398 2977 2665 3048 judicium
2699 2975 3069 3047 pronuntiavit
3094 2973 3425 3045 Manichacus

157 3060 327 3113 αὐτοῦ
357 3064 732 3136 πεποιημένης
762 3065 894 3137 ὕλης
927 3067 1238 3138 ἐξενήνοχεν
1285 3070 1313 3121 ὁ
1342 3069 1553 3138 Μάνης,
1592 3070 1739 3122 ἀντι-

1851 3077 2030 3123 :ontra
2060 3069 2343 3125 materiam
2379 3085 2410 3124 a
2455 3085 2515 3126 se
2567 3069 2794 3136 factam,
2849 3068 3136 3138 assignans
3186 3064 3264 3119 illi
3307 3079 3428 3134 quae

197 3153 334 3218 εὶςά
371 3157 634 3228 μηδαμῶς
667 3160 803 3230 αὐτῇ
842 3160 1137 3231 προσῆκεν,
1176 3162 1289 3229 εἴγε
1325 3162 1419 3214 καὶ
1446 3161 1740 3232 ἐτύγχανεν

155 3239 297 3300 οὖσα
349 3248 457 3301 τῶν
533 3251 684 3321 παρά
756 3251 1064 3324 ἀνθρώποις
1117 3253 1506 3324 πραττομένων
1555 3255 1740 3308 αἰτία·

156 3339 471 3394 τούναντίον
495 3341 550 3395 δὲ
577 3343 778 3414 μᾶλλον
797 3345 896 3415 τῆς
917 3344 1011 3398 τοῦ
1032 3345 1238 3414 ἀγαθοῦ
1266 3345 1481 3418 μερίδος
1507 3345 1743 3415 εὐλόγως

155 3428 230 3484 ἂν
258 3433 573 3505 νομισθείη,
609 3434 720 3504 εἴγε
767 3435 1024 3501 ἐναντίως
1071 3435 1164 3490 δύο
1201 3437 1345 3502 τινές
1396 3439 1532 3493 εἰσιν
1578 3438 1743 3510 ἀρχαὶ

159 3522 308 3577 κατὰ
332 3524 428 3594 τὴν
453 3526 662 3580 ἐκείνου
689 3527 908 3597 μανίαν.

1845 3163 1995 3218 nullo
2025 3172 2185 3233 pacto
2217 3165 2266 3219 ei
2317 3165 2756 3229 conveniebant,
2801 3165 2848 3220 si
2899 3179 3087 3219 eorum
3133 3177 3256 3233 qua:
3283 3161 3428 3232 apud

1851 3256 2100 3311 homines
2131 3255 2300 3321 ﬁunt,
2355 3271 2523 3312 causa
2559 3265 2694 3311 erat.
2751 3257 2866 3312 lmo
2916 3263 3106 3310 contra
3141 3253 3324 3325 potius
3357 3251 3435 3306 ad.

1852 3355 2064 3420 partem
2096 3349 2223 3404 boni
2261 3350 2652 3405 convenienter
2694 3349 2889 3404 rationi
2926 3349 3202 3418 pertinere
3234 3343 3427 3402 existi-

1845 3449 2162 3506 marentur,
2230 3441 2279 3497 si
2341 3441 2450 3499 duo
2521 3441 2769 3512 quaedam
2825 3441 3096 3512 principia
3151 3435 3446 3494 contraria,

1846 3539 1994 3596 sunt,
2025 3542 2083 3587 ut
2114 3532 2204 3588 ille
2238 3532 2434 3589 insane
2466 3533 2653 3588 tradit.

330 3658 462 3716 Cn.
498 3659 692 3715 XXIX.
730 3663 814 3716 An
844 3670 1156 3738 potestatem
1186 3661 1490 3731 absorptam
1528 3664 1719 3718 iterum
1758 3666 1947 3731 recepit
1983 3665 2138 3722 Deus.
2178 3665 2408 3722 Manetis
2440 3666 2776 3736 blasphemiw
2799 3665 3049 3721 adversus
3075 3663 3262 3720 Deum.

234 3778 565 3844 Σπουδάζειν
617 3780 674 3834 δέ
705 3798 836 3852 φησι
870 3782 960 3835 τὸν
1006 3781 1138 3835 Θεὸν
1186 3782 1287 3852 τὴν
1340 3781 1742 3851 καταποθεῖσαν

157 3869 412 3942 δύναμιν,
437 3874 503 3943 ἢν
526 3873 682 3926 καλεῖ
699 3871 877 3945 ψυχὴν
903 3873 1178 3942 ἁπάντων,
1197 3869 1355 3939 αὖθις
1386 3875 1524 3944 πρὸς
1555 3875 1745 3929 ἑαυτὸν

160 3961 523 4028 ἀναδέξασθαι
547 3981 562 3997 ·
586 3965 672 4017 ἵνα
697 3963 771 4036 μὴ
801 3965 860 4018 τὸ
877 3965 1070 4019 ἑαυτοῦ
1102 3965 1423 4037 ἀπεράντως
1452 3966 1539 4024 ἀεὶ
1571 3983 1743 4038 προσ-

159 4055 445 4126 δεδεμένον
477 4058 544 4128 τῇ
580 4055 701 4128 ὕλη,
729 4057 823 4110 καὶ
849 4057 1259 4130 τιμωρούμενον
1291 4058 1531 4131 διατελῇ.
1561 4058 1627 4111 Τί
1651 4052 1746 4112 οῦν

159 4148 265 4218 τὴν
295 4148 469 4220 ἀρχὴν
504 4148 843 4220 παρεϐάλετο
882 4148 1068 4216 τοῦτο,
1100 4150 1240 4205 ὥστε
1281 4150 1534 4205 τοσοῦτον
1575 4151 1746 4206 αἰῶνα

168 4239 298 4312 μηδ⁴
318 4240 652 4294 ἀναπνεῦσαι
677 4242 990 4313 δυνηθῆναι,
1017 4243 1110 4296 καὶ
1138 4243 1300 4298 πλέον
1325 4245 1516 4299 παθεῖν
1545 4242 1745 4315 μᾶλλον

162 4333 199 4403 ἦ
232 4333 461 4402 δρᾶσαι;
497 4334 559 4386 El
593 4335 690 4406 μὲν
716 4334 826 4405 γὰρ
857 4339 1133 4408 περιεῖχεν
1155 4339 1182 4390 ό
1209 4337 1398 4408 μῦθος,
1420 4339 1496 4403 ὡς
1524 4337 1614 4392 τοῦ
1646 4339 1744 4410 μὲν

1917 3782 2058 3839 Dicit
2090 3793 2354 3855 praeterea
2405 3784 2684 3842 studuisse
2730 3783 2937 3849 Deum,
2994 3789 3054 3838 ut
3103 3784 3428 3852 potestatem

1846 3876 2158 3948 absorptam
2184 3918 2199 3943 ,
2241 3894 2405 3949 quam
2437 3887 2598 3934 vocat
2649 3877 2886 3931 animam
2919 3876 3160 3930 omnium
3181 3913 3196 3938 ,
3232 3886 3429 3928 rursus

1847 3967 1916 4022 ad
1951 3983 2010 4023 se
2044 3970 2344 4039 reciperet;
2374 3984 2443 4025 ne
2475 3970 2620 4041 quod
2659 3976 2778 4026 erat
2809 3985 2875 4025 ex
2909 3969 3050 4040 ipso,
3077 3967 3320 4024 materiae
3349 3968 3431 4022 al-

1848 4057 2095 4128 ligatum,
2141 4069 2195 4114 et
2229 4059 2284 4114 in
2322 4060 2591 4131 supplicio
2631 4075 2846 4130 semper
2878 4060 2997 4116 sine
3025 4056 3138 4112 ullo
3168 4054 3272 4110 (ine
3302 4067 3430 4124 per-

1850 4159 2114 4207 maneret.
2148 4151 2289 4218 Quid
2326 4152 2490 4225 igitur
2521 4153 2793 4224 principio
2835 4153 2940 4207 hoc
2974 4147 3347 4222 protrahebat,
3373 4152 3434 4201 ut

1849 4251 1931 4298 tot
1969 4245 2184 4300 saeculis
2211 4260 2388 4315 neque
2417 4247 2691 4316 respirare
2715 4252 2919 4316 posset,
2946 4252 3000 4299 et
3026 4243 3199 4315 magis
3227 4248 3435 4311 patere-

1850 4343 1943 4389 tur
1975 4352 2138 4407 quam
2171 4338 2390 4407 ageret?
2424 4337 2480 4392 Si
2533 4339 2680 4392 enim
2712 4339 2769 4392 in
2815 4337 2998 4391 fabula
3025 4341 3214 4398 esset,
3259 4331 3430 4387 Deum

162 4421 304 4476 Θεοῦ
341 4423 506 4494 μηδὲν
547 4425 894 4497 ὑϐρισθέντος
927 4428 1004 4490 είς
1041 4428 1142 4498 τὴν
1184 4427 1318 4482 ίδίαν
1351 4429 1567 4493 οὐσίαν,
1609 4430 1744 4500 μήτε

1851 4428 2070 4500 quidem
2107 4429 2308 4483 nullam
2339 4430 2729 4484 contumeliam
2773 4429 2828 4482 in
2864 4427 3226 4482 substantiam
3275 4440 3431 4479 suam

167 4514 314 4569 κατὰ
338 4515 472 4593 γοῦν
495 4516 556 4569 τὸ
587 4516 925 4588 βραχύτατον
956 4518 1301 4590 ἐνσχεθέντος
1333 4521 1452 4576 λίαν
1485 4521 1749 4593 ἀπρεπῶς

161 4608 236 4678 τῇ
292 4605 392 4678 ὕλῃ
418 4647 432 4670 ,
459 4587 594 4660 ’ἀλλ’
626 4587 826 4680 ἐτέρου
876 4609 938 4683 δή
987 4587 1130 4674 τινος
1174 4587 1605 4684 ἀλλοτριωτάτου
1652 4613 1751 4683 τῆς

162 4695 333 4751 αὐτοῦ
361 4695 605 4768 φύσεως,
637 4697 753 4769 ἅμα
798 4699 856 4754 δὲ
903 4700 998 4754 καὶ
1037 4701 1200 4766 εὐθὺς
1248 4702 1617 4775 ἐξαιρεθέντος
1657 4705 1752 4757 καὶ

161 4785 361 4841 τούτου
382 4827 398 4853 ,
451 4787 527 4853 ὡς
562 4789 622 4842 ὲν
663 4789 820 4862 τύπῳ
864 4791 1065 4862 μᾶλλον
1102 4791 1137 4864 ἢ
1184 4793 1611 4848 ὐποκατακλίσει
1654 4795 1752 4867 τὴν

162 4877 426 4952 τοιαύτην
461 4881 791 4954 πεποιῆσθαι
823 4881 1000 4942 δοκεῖν
1043 4885 1462 4958 μεταχείρησιν,
1498 4887 1653 4958 ἔσχεν
1687 4886 1753 4942 ἂν

162 4968 232 5025 τὺ
263 4969 394 5039 γοῦν
418 4972 642 5027 πιθανὸν
667 4976 726 5030 ὲν
756 4974 941 5046 ψεύδει
967 4976 1029 5030 τὸ
1057 4976 1301 5049 πλάσμα.
1334 4979 1469 5033 Νυνὶ
1497 4980 1554 5033 δὲ
1583 4979 1750 5034 ἀπλε-

163 5080 260 5126 τος
291 5063 388 5134 μὲν
416 5063 572 5128 αἰὼν,
607 5066 701 5120 καὶ
738 5067 898 5122 τοῦτο
937 5069 999 5140 δή
1037 5087 1198 5138 φασιν
1225 5071 1289 5126 ἐκ
1323 5071 1422 5142 τῆς
1450 5070 1663 5141 φύσεως
1695 5071 1754 5127 ὃν

164 5153 266 5206 τοῦ
297 5153 432 5207 Θεοῦ
476 5155 874 5229 καθειργμένον
923 5158 1218 5214 διατελεῖν·
1265 5161 1340 5226 ὡς
1397 5162 1560 5218 αὐτὸν
1617 5158 1755 5218 εἶναι

166 5246 349 5298 δνικεῖν
371 5246 461 5300 τὸν
482 5249 844 5320 κατεχόμενον
863 5253 928 5323 τῇ
952 5253 1229 5324 ὁμοιότητι
1248 5253 1343 5307 τοῦ
1364 5257 1751 5326 κατεχομένου,

169 5339 268 5391 καὶ
297 5337 377 5408 τῷ
408 5356 472 5408 γε
519 5343 582 5394 ἐκ
626 5341 722 5412 τῆς
768 5342 984 5412 φύσεως
1021 5345 1185 5398 αὐτοῦ
1232 5347 1390 5400 τοῦτο
1431 5350 1750 5419 τυγχάνειν·

169 5430 298 5484 ὅθεν
341 5433 436 5486 καὶ
477 5433 680 5489 πλείονί
709 5453 772 5506 γε
812 5438 1013 5508 σπουδῇ
1049 5441 1188 5511 πρὸς
1222 5441 1414 5494 ἑαυτὸν
1443 5437 1601 5506 αὖθις
1631 5444 1756 5496 ἀνα-

169 5523 429 5592 λέξασθαι
456 5527 613 5582 τοῦτο
656 5530 840 5583 ποθεῖ·
879 5533 912 5604 ἡ
954 5532 1010 5586 δὲ
1060 5531 1158 5604 ὕλη
1207 5533 1355 5604 ἁπλῆ
1403 5535 1498 5590 καὶ
1543 5535 1756 5610 ἀπαθὴς

171 5617 436 5692 ὑπάρχει,
476 5621 552 5686 ὡς
585 5622 830 5693 δράσασα
872 5625 1072 5696 μᾶλλον
1105 5626 1134 5697 ἢ
1169 5627 1434 5683 παθοῦσα.

1851 4519 2161 4590 accepisse,
2206 4535 2382 4590 neque
2412 4521 2495 4574 vel
2539 4520 2820 4590 paululum
2867 4518 3151 4572 inhaesisse
3187 4513 3432 4568 materize

1851 4612 2008 4667 valde
2035 4613 2336 4680 indecorae,
2378 4613 2471 4668 sed
2508 4613 2672 4669 alium
2706 4610 2995 4682 quemdam
3031 4607 3431 4663 alienissimum

1852 4719 1883 4758 a
1913 4711 2108 4759 natura
2137 4704 2278 4775 ejus,
2304 4712 2358 4760 et
2395 4705 2543 4760 hunc
2571 4705 2835 4761 continuo
2887 4709 3132 4772 ereptum
3165 4715 3321 4766 esse,
3359 4699 3436 4753 ita

1851 4805 1912 4851 ut
1935 4797 2248 4868 huiusmodi
2281 4798 2572 4870 prehensio
2614 4798 2789 4868 magis
2845 4793 3159 4868 apparendo
3207 4796 3262 4848 in
3307 4809 3436 4864 spe-

1852 4889 2013 4957 ciem,
2047 4905 2212 4962 quam
2251 4891 2660 4951 succumbendo
2694 4889 2835 4945 facta
2859 4905 2982 4945 esse
3008 4889 3304 4950 videretur,
3335 4888 3436 4941 lia-

1853 4981 2063 5038 buisset
2091 4994 2455 5040 commentum
2487 4983 2709 5054 paulum
2746 4983 2938 5038 saltem
2976 4983 3044 5038 ad
3095 4981 3435 5038 suadendum

1855 5075 1910 5128 in
1944 5073 2248 5130 mendacio.
2289 5073 2444 5130 Nunc
2489 5089 2622 5131 vero
2662 5075 2992 5129 immensum
3046 5074 3306 5129 saeculum
3340 5088 3438 5143 po-

1853 5173 2011 5228 nunt,
2069 5172 2124 5239 et
2173 5165 2277 5219 hoc
2321 5179 2442 5222 esse
2469 5180 2538 5220 ex
2591 5173 2788 5219 natura
2822 5162 2938 5226 Dei,
2968 5177 3192 5217 manere
3242 5161 3440 5215 vincu-

1856 5254 1924 5310 lis
1957 5255 2358 5322 constrictum,
2414 5263 2476 5309 ut
2515 5257 2632 5326 ipse
2667 5252 2812 5310 Deus
2849 5253 3283 5324 comprehensus
3313 5267 3438 5307 esse

1855 5346 2107 5403 videatur
2138 5354 2363 5422 propter
2413 5345 2826 5404 similitudinem
2880 5345 3003 5414 ejus
3042 5345 3136 5415 qui
3180 5343 3439 5399 detentus

1856 5445 1962 5505 est,
1985 5447 2039 5494 et
2072 5440 2200 5509 quia
2248 5440 2351 5494 hoc
2383 5439 2528 5509 quod
2558 5448 2777 5509 captum
2810 5437 3115 5500 tenebatur,
3144 5451 3211 5491 ex
3243 5443 3441 5491 natura

1857 5532 1976 5602 ejus
2004 5541 2154 5600 erat;
2190 5533 2334 5587 unde
2360 5532 2568 5602 majore
2585 5527 2767 5588 Studio
2784 5532 2848 5585 ad
2874 5531 3137 5602 seipsum,
3162 5538 3242 5584 .ut
3265 5529 3439 5591 aiunt,

1861 5624 2177 5696 recolligere
2236 5624 2616 5680 desiderabat:
2674 5625 2900 5680 materia
2965 5629 3145 5679 autem
3210 5621 3441 5690 simplex

1861 5724 1979 5775 erat
2003 5724 2056 5774 et
2083 5715 2329 5789 ἀπαθής,
2376 5725 2562 5790 utpote
2593 5719 2766 5789 magis
2805 5734 2970 5791 agens
3010 5731 3172 5790 quam
3203 5715 3461 5789 patiens.“
