3782 6166
415 251 553 315 tm
978 310 985 317 .
1576 256 1713 313 rm
1751 255 2180 315 sosrnsssns
2215 258 2545 329 Episcopi;

495 368 579 426 Ex
602 372 689 428 his
715 370 1047 443 perspicitur
1090 371 1272 429 omnia
1317 387 1439 443 quae
1468 371 1559 429 ille
1594 374 1794 444 planus
1839 389 1992 431 com-

2186 377 2280 431 Ἐκ
2308 377 2512 432 τούτων
2556 394 2618 447 γε
2645 375 2823 448 δῆλον,
2861 377 2938 441 ὡς
2979 377 3192 433 ἅπαντα
3218 376 3255 431 ἃ
3298 376 3607 446 συνέθηκεν
3638 381 3667 432 6

420 463 630 534 posuit,
658 460 728 516 ad
751 461 1149 533 blasphemiam
1175 463 1272 519 Dei
1312 464 1707 534 composuisse,
1731 465 1823 535 qui
1854 466 1989 522 nihil

2145 469 2324 534 λάνος,
2372 472 2452 534 είς
2487 468 2833 540 βλασφημίαν
2881 469 3190 523 συντέθεικε
3233 469 3328 523 τοῦ
3361 469 3507 523 Θεοῦ
3528 510 3546 534 ,
3576 471 3668 524 τοῦ

423 555 618 611 borum
640 562 833 611 contra
862 571 923 611 se
962 554 1110 612 fecit.
1143 554 1333 628 Itaque
1359 557 1492 623 vult,
1529 557 1728 629 inquit,
1773 568 1827 613 et
1872 565 1991 615 stu-

2145 560 2262 632 ηδὲν
2288 560 2491 615 τούτων
2538 561 2662 616 καθ’
2701 560 2895 637 ἐαρτοῦ
2945 561 3328 633 πεποιηκότος⁸
3375 562 3670 617 ἀναλαϐεῖν

424 644 536 709 det,
570 652 628 699 ut
653 646 719 701 ad
754 661 814 703 se
856 646 1081 717 recipiat
1109 647 1257 702 illam
1302 650 1603 704 virtutem:
1649 658 1705 705 et
1735 650 1852 705 haec
1908 659 1994 708 est

2145 653 2274 706 δίνυν
2322 651 2457 724 πρὸς
2509 653 2701 707 ἐαυτὸν
2757 652 2928 706 ἐθέλει
2958 653 3053 707 καὶ¹
3102 654 3424 719 σπουδάζει,
3464 653 3667 722 φησὶν,

3530 264 3668 319 illi

425 737 571 805 apud
600 739 750 808 ipsos
776 739 924 809 salus
948 748 1263 811 exspectata
1301 749 1357 797 et
1395 742 1699 808 beatitudo,
1731 758 1855 800 esse
1881 745 1992 801 sci-

425 824 555 881 licet
586 828 856 884 redditum
886 828 1016 896 Deo,
1040 831 1187 902 quod
1211 841 1329 887 erat
1370 832 1492 904 ejus
1516 836 1820 905 proprium.
1869 834 1992 906 Ipse

429 916 594 987 igitur
617 921 965 991 exspectabat
993 922 1097 978 sibi
1149 925 1341 986 tinem,
1371 939 1600 994 sperans
1629 926 1875 995 accipere
1902 926 1996 982 be-

428 1008 713 1078 neﬁcium;
748 1011 1016 1082 siquidem
1042 1021 1464 1084 recuperaturus
1488 1022 1572 1071 est
1591 1055 1605 1078 ,
1630 1017 1774 1085 quod
1802 1032 1869 1070 ex
1899 1031 1996 1069 na-

428 1106 552 1155 tura
584 1102 701 1170 ejus
726 1110 830 1170 est,
862 1103 1192 1175 libertatem;
1224 1115 1284 1163 ut
1309 1124 1428 1179 qua:
1445 1108 1715 1164 destruxit
1733 1110 1960 1165 aediﬁcet
1978 1148 1996 1176 ,

428 1200 484 1247 et
513 1192 647 1248 nihil
673 1195 841 1263 aliud,
883 1209 936 1254 et
968 1214 1065 1269 spe
1090 1200 1330 1256 nutritus
1355 1200 1537 1257 sedeat
1556 1203 1796 1257 tolerans
1815 1241 1832 1266 ,
1869 1213 1922 1258 et
1943 1202 2000 1256 in

430 1290 590 1346 linem
616 1290 855 1354 intuens,
880 1297 941 1345 ut
970 1306 1029 1346 se
1060 1292 1236 1361 ipsum
1273 1293 1671 1362 quodammodo
1698 1309 1728 1348 a
1760 1293 2001 1365 nequitia

429 1383 660 1439 liberet:
693 1382 838 1453 quod
878 1382 1097 1453 quidem
1132 1384 1179 1440 si
1233 1385 1580 1452 retardetur,
1634 1393 1689 1441 et
1735 1400 1845 1440 non
1889 1385 2000 1442 cito

429 1477 545 1542 liat,
571 1476 690 1547 ipse
721 1478 794 1532 sit
821 1477 915 1547 qui
942 1476 1202 1533 tarditate
1228 1478 1472 1548 punitur.

2096 743 2310 814 ἐκείνην
2335 742 2433 814 τὴν
2455 741 2684 812 δύναμιν
2704 742 2837 815 (11⁸)
2856 760 2869 772 '
2898 742 2993 797 καὶ
3015 743 3171 797 τοῦτό
3199 742 3262 812 γέ
3291 745 3438 796 ἐστιν
3472 744 3511 813 ἡ
3540 743 3671 814 παρ’

2097 833 2279 897 αὑτοῖς
2308 830 2634 903 ἐλπιζομένη
2676 832 2917 904 σωτηρία
2939 834 3030 887 καὶ
3060 835 3418 905 μακαριότης,
3442 835 3513 887 τὸ
3538 836 3673 887 ἁποο

2099 925 2315 996 δοθῆναί
2352 943 2415 994 γε
2444 925 2521 996 τῷ
2548 925 2668 997 Θεῷ
2696 926 2758 980 τὸ
2785 929 2981 981 οίκεῖον
3017 926 3201 981 αὑτοῦ.
3226 929 3345 999 Ἆρ’
3383 923 3484 980 οὖν
3510 926 3673 989 αὐτὸς

2099 1017 2179 1080 είς
2212 1017 2400 1071 ἑαυτὸν
2429 1018 2686 1088 ἀναμένει
2722 1018 2784 1071 τὸ
2824 1018 2976 1079 τέλος
3007 1018 3238 1082 ἐλπίζων
3272 1019 3346 1082 ὡς
3373 1021 3677 1089 εὐεργετη-

2103 1108 2363 1179 σόμενος,
2408 1109 2521 1178 είγε
2574 1110 2816 1181 μέλλοιτο
2863 1111 2926 1164 ἐκ
2962 1112 3059 1182 τῆς
3102 1111 3313 1181 φύσεως
3358 1110 3532 1164 αὑτοῦ
3578 1110 3676 1179 τὴν

2099 1202 2410 1273 ἐλευθερίαν
2449 1202 2882 1274 ἀπολαμϐάνειν
2920 1205 3008 1258 ἵνα
3051 1203 3087 1258 ἃ
3134 1204 3424 1257 κατέλυσεν
3468 1202 3679 1255 οἰκοδο-

2105 1292 2275 1364 μήσῃ,
2303 1293 2397 1345 καὶ
2443 1292 2604 1346 πλέον
2644 1294 2830 1347 οὐδέν·
2881 1293 2973 1346 καὶ⁵
3001 1296 3067 1364 τῇ
3120 1292 3291 1345 ἐλπίδι
3333 1293 3681 1362 τρεφόμενος

2102 1381 2338 1452 κάθηται
2385 1382 2687 1455 καρτερῶν,
2727 1384 2987 1456 καὶπρὸς
3016 1384 3078 1435 τὸ
3120 1383 3270 1447 τέλος
3300 1384 3554 1453 ἀφορῶν,
3594 1384 3682 1435 ἵνα

2106 1470 2300 1525 ἐαυτὸν
2330 1471 2530 1542 τρόπον
2563 1471 2684 1526 τινὰ
2722 1473 2821 1543 τῆς
2864 1473 3065 1537 κακίας
3100 1471 3474 1544 ἐλευθερώσῃο
3528 1466 3593 1524 οὗ
3620 1472 3681 1524 δὲ

2108 1561 2494 1634 βραδύνοντος,
2540 1564 2635 1617 καὶ
2670 1565 2745 1637 μὴ
2793 1564 2985 1618 θᾶττον
3019 1565 3365 1635 γιγνομένου,
3410 1564 3583 1627 αὐτὸς
3614 1564 3682 1617 ἂν

2107 1656 2194 1725 εἴη
2226 1655 2314 1709 διὰ
2342 1656 2441 1727 τῆς
2481 1656 2809 1728 βραδύτητος
2832 1658 2862 1710 ὁ
2887 1656 3314 1728 τιμωρούμενος.

503 1736 698 1809 Liquet
724 1738 869 1795 enim
895 1755 1012 1809 non
1042 1756 1165 1797 esse
1210 1757 1380 1814 penes
1430 1740 1608 1813 ipsum
1642 1742 1995 1798 "celeritatem

2173 1748 2345 1819 Δῆλον
2369 1748 2498 1820 γὰρ,
2549 1750 2623 1813 ὡς
2652 1749 2774 1804 οὐδὲ
2806 1749 2892 1802 ἐπ’
2923 1748 3071 1819 αὑτῷ
3100 1749 3352 1819 τυγχάνει
3378 1749 3413 1818 ἠ
3438 1748 3685 1817 ταχύτης

434 1828 593 1897 linis;
625 1831 753 1885 olim
792 1831 938 1887 enim
961 1832 1017 1887 in
1058 1834 1161 1889 hac
1193 1850 1252 1890 re
1276 1850 1427 1904 spem
1463 1834 1692 1902 habuit;
1740 1835 1999 1906 quoniam

435 1921 584 1976 aliud
613 1923 904 1979 ridiculum
934 1925 1067 1980 dicit
1105 1924 1461 1992 Manichacus,
1490 1927 1637 1998 quod
1667 1942 1791 1982 cum
1832 1928 1870 1982 ii
1907 1928 1999 1998 qui

435 2020 593 2068 erant
636 2015 811 2084 ipsius
866 2018 1128 2085 materiae,
1160 2020 1425 2075 sentirent
1467 2035 1527 2076 se
1560 2020 1700 2075 male
1732 2020 2003 2090 perituros

435 2106 640 2164 lumine
668 2108 926 2178 paulatim
958 2110 1161 2176 ablato,
1186 2128 1250 2167 ex
1281 2112 1510 2168 adverso
1537 2112 1835 2167 machinati
1877 2118 2006 2168 sunt

433 2197 620 2252 carnis
671 2201 1136 2257 constructionem
1168 2201 1238 2257 ad
1288 2203 1607 2259 vinciendas
1642 2217 1838 2275 magno
1884 2204 2005 2258 vin-

434 2288 560 2342 culo
589 2290 820 2346 animas.
852 2289 1034 2358 Quare
1071 2301 1132 2347 ut
1168 2294 1256 2350 ille
1284 2294 1469 2360 tradit,
1495 2296 1841 2366 perspicuum
1888 2303 2006 2362 est,

434 2378 675 2447 quandiu
720 2381 796 2436 illi
836 2397 1057 2438 carnem
1090 2384 1543 2455 suppeditabunt,
1587 2386 1773 2441 tandiu
1815 2387 2012 2441 anima:

434 2468 531 2525 Dei
581 2470 940 2529 inliterescent
1001 2476 1242 2530 materia:
1288 2484 1344 2531 et
1395 2476 1591 2532 vinctae
1635 2478 2005 2540 tenebuntur;

434 2562 646 2635 eritque
677 2580 842 2636 penes
880 2567 1004 2623 illos
1032 2582 1140 2622 non
1175 2567 1551 2623 circumscribi
1581 2568 1840 2623 mundum
1871 2576 2008 2623 tem-

435 2670 588 2725 pore,
616 2665 672 2714 et
698 2673 808 2714 non
835 2658 940 2715 erit
967 2659 1023 2713 in
1058 2666 1322 2729 potestate
1349 2658 1478 2716 boni
1514 2658 1640 2714 ﬁnis
1668 2660 1812 2730 ejus.

2104 1836 2199 1891 τοῦ
2253 1837 2471 1901 τέλους·
2509 1838 2673 1892 πάλαι
2718 1838 2826 1909 γὰρ
2855 1837 2920 1891 ἂν
2969 1836 3144 1908 τούτῳ
3187 1836 3539 1907 χρησάμενος
3587 1836 3685 1904 τῆς

2107 1929 2321 1993 ἐλπίδος
2346 1929 2713 1984 ἀπολέλαυκεν
2729 1946 2742 1960 ⁸
2775 1929 2959 2000 ἐπειδὴ
2990 1929 3087 1982 καὶ
3111 1928 3265 1995 λόγος
3289 1927 3483 1997 ἔτερος
3511 1942 3685 1979 κατα-

2107 2020 2367 2089 γέλαστός
2398 2022 2513 2075 ἐστι
2543 2020 2638 2074 τοῦ
2678 2022 2984 2085 Μάνεντος,
3018 2019 3093 2084 ὼς
3125 2021 3174 2072 οἱ
3200 2020 3298 2090 τῆς
3322 2018 3459 2088 ὑλης
3496 2016 3686 2070 αἰσθα-

2107 2109 2321 2180 νόμενοι
2342 2152 2358 2177 ,
2409 2110 2490 2164 ὅτι
2531 2111 2716 2175 κακῶς
2755 2109 3113 2173 ἀπολοῦνται,
3153 2108 3242 2162 τοῦ
3303 2109 3486 2177 φωτὸς
3546 2105 3685 2160 κατά

2111 2202 2305 2272 μικρὸν
2338 2202 2772 2275 ἀφαιρουμένου,
2805 2203 3315 2273 ἀντεμηχανήσαντο
3341 2200 3448 2268 τῆς
3481 2198 3687 2270 σαρκὸς

2108 2291 2207 2362 τὴν
2234 2292 2579 2365 κατασκευὴν
2608 2292 2806 2363 δεσμὸν
2842 2290 3093 2364 μέγιστον
3119 2294 3236 2355 ταῖς
3262 2290 3490 2359 ψυχαῖς.
3524 2290 3686 2341 Ὥστε

2110 2381 2267 2452 δῆλον
2304 2382 2445 2436 κατά
2489 2384 2581 2437 τὸν
2630 2383 2795 2438 αὑτοῦ
2847 2383 3003 2451 λόγον
3022 2421 3037 2446 ,
3085 2382 3189 2442 ἐως
3237 2381 3306 2436 ἂν
3334 2383 3539 2433 ἐκεῖνοι
3593 2379 3687 2448 τὴν

2116 2472 2293 2544 σάρκα
2337 2475 2752 2544 χορηγήσωσιν,
2808 2474 2912 2538 ἓως
2961 2473 3024 2545 δὴ
3052 2471 3239 2525 τούτου
3280 2474 3334 2525 αἱ
3375 2470 3557 2541 ψυχαὶ
3600 2469 3685 2522 τοῦ

2113 2564 2319 2632 ἀγαθοῦ
2353 2566 2769 2636 ἐνσχεθήσονται
2788 2583 2800 2596 ·
2837 2566 2931 2621 καὶ
2970 2565 3119 2619 ἔσται
3149 2564 3235 2617 ἐπ’
3263 2563 3500 2626 ἐκείνοις
3523 2563 3589 2615 τὸ
3618 2560 3686 2632 μὴ

2114 2656 2520 2727 περιγραφῆναι
2578 2657 2754 2728 χρόνῳ
2800 2657 2891 2711 τὸν
2933 2658 3153 2728 κόσμον,
3207 2655 3329 2726 οὑχ).
3357 2655 3420 2707 δὲ
3474 2654 3574 2707 ἐπὶ
3616 2651 3688 2721 τῷ

2111 2746 2300 2818 ἀγαθῷ
2330 2747 2390 2799 τὸ
2419 2747 2571 2813 τέλος
2598 2748 2785 2805 αὑτοῦ.

1508 2862 1639 2917 CAP.
1680 2860 1846 2917 XXX.
1888 2861 2121 2918 Hanetis
2146 2865 2614 2921 contradictiones.

511 2974 651 3042 Quid
684 2976 827 3031 aliud
850 2976 1033 3032 dicere
1056 2984 1232 3047 potest
1252 2977 1345 3048 qui
1376 2976 1631 3039 advertit,
1663 2993 1826 3046 quam
1850 2978 1994 3049 quod

2176 2978 2240 3031 Τί
2286 2978 2330 3032 δ’
2359 2978 2425 3033 ἂν
2458 2981 2589 3051 φαίη
2622 2997 2706 3044 τις
2750 2978 3027 3050 συνορῶν,
3074 2976 3150 3041 ὡς
3191 2976 3292 3047 οὑχ
3334 2974 3563 3029 ἵσταταί
3610 2992 3690 3027 πω

440 3083 549 3122 non
579 3077 794 3125 constat
843 3069 946 3124 sibi
997 3068 1360 3135 Manichacus;
1417 3071 1550 3139 quin
1581 3070 1765 3134 potius
1818 3069 1925 3123 huc
1956 3077 2002 3124 et

2145 3070 2267 3139 όγος
2306 3071 2385 3142 τῷ
2435 3073 2693 3134 Μάνεντι,
2736 3070 2850 3125 ἀλλ’
2877 3065 2979 3123 ὦδε
3030 3070 3253 3122 κάκεῖσε
3312 3068 3685 3138 μεταγόμενος

440 3163 573 3219 illuc
640 3178 699 3217 se
758 3161 1095 3219 transferens
1153 3177 1184 3216 a
1245 3162 1427 3232 seipso
1477 3162 1858 3232 redarguitur?
1906 3160 2010 3228 Qui

439 3254 586 3308 enim
616 3254 712 3318 ait,
743 3251 913 3309 Deum
961 3268 1084 3309 esse
1134 3252 1457 3309 fabricatum
1514 3254 1817 3318 mundum,
1870 3268 2012 3323 quo-

438 3344 604 3400 modo
636 3359 833 3400 rursus
857 3344 933 3398 ait
960 3358 1055 3399 eos
1080 3344 1170 3414 qui
1207 3351 1338 3400 sunt
1378 3343 1618 3398 materia:
1649 3342 1743 3396 lilii
1771 3383 1786 3405 ,
1843 3357 2016 3412 oppo-

443 3437 621 3493 suisse
641 3437 692 3492 ei
724 3450 944 3492 carnem
964 3475 979 3500 ,
1019 3443 1277 3511 tanquam
1320 3434 1516 3503 partita
1570 3440 1716 3488 esset
1749 3433 1857 3486 Deo
1888 3446 2013 3486 cum

445 3529 554 3583 illis
579 3527 866 3583 fabricatio
900 3526 1089 3581 mundi
1117 3544 1132 3593 ;
1159 3533 1213 3581 et
1240 3524 1346 3579 hac
1376 3523 1597 3594 quidem
1633 3524 1845 3579 ratione
1874 3522 2014 3577 facta

443 3620 556 3676 Deo
586 3620 877 3684 violentia,
937 3618 1243 3677 concedens
1290 3631 1421 3672 vero
1454 3616 1560 3671 illis
1609 3615 1712 3670 hoc
1757 3622 2015 3685 tanquam

441 3728 664 3776 munus,
696 3727 804 3766 non
839 3711 1135 3781 compleret
1184 3711 1500 3764 universum
1547 3705 1847 3764 secundum
1893 3721 2018 3776 pro-

444 3805 617 3875 priam
649 3805 1005 3859 voluntatem.

514 3894 799 3966 Tanquam
837 3902 1020 3949 autem
1052 3908 1233 3950 causa:
1284 3905 1397 3948 sua:
1445 3896 1498 3945 et
1528 3889 1782 3960 principii
1812 3888 2017 3944 oblitus

444 3989 683 4060 planus,
738 3987 870 4042 dicit
922 3986 1159 4040 futuram
1222 4000 1345 4040 esse
1404 3981 1718 4054 pestiferam
1777 3980 2018 4035 materiae

446 4081 845 4151 ademptionem
899 4086 955 4134 et
989 4079 1324 4149 ereptionem
1356 4075 1578 4129 virtutis
1621 4073 1699 4128 illi
1730 4072 1977 4128 admistaa
1997 4110 2015 4138 ,

445 4189 551 4245 qua
579 4180 838 4245 posuerat
865 4170 1129 4227 frenatam
1162 4184 1285 4224 esse
1316 4166 1780 4238 perturbationem
1809 4163 2020 4245 ordinis

448 4238 501 4321 in
533 4238 624 4320 illa
648 4264 892 4335 principe
919 4262 1185 4318 materia;
1210 4258 1267 4313 Si
1290 4260 1433 4314 enim
1465 4274 1593 4313 cum
1622 4257 1796 4321 adest,
1829 4238 2022 4327 nequii-

446 4361 577 4413 tEam
608 4357 769 4425 ligat,
816 4368 1006 4408 rursus
1061 4351 1327 4406 recedens
1374 4351 1620 4418 relaxat;
1663 4351 1767 4405 erit
1823 4363 2020 4419 magna

446 4467 613 4508 causa
648 4450 845 4505 laetitiae
890 4448 992 4519 ipsi
1034 4447 1274 4502 materia:
1318 4446 1433 4501 haec
1476 4447 1703 4514 ereptio.
1744 4443 1801 4499 Si
1854 4445 2019 4515 igitur

449 4545 516 4600 ad
544 4552 846 4601 extremum
879 4557 1004 4611 spes
1037 4541 1141 4612 ipsi
1162 4548 1269 4606 est,
1291 4539 1594 4595 rediturum
1617 4553 1737 4593 esse
1755 4537 1821 4592 ad
1851 4537 2017 4592 Deum

447 4636 591 4708 quod
616 4637 684 4691 ab
714 4637 831 4706 ipso
855 4633 1191 4703 disjunctum
1228 4631 1351 4696 fuit,
1386 4630 1528 4701 quod
1556 4644 1602 4697 a,
1628 4629 1897 4700 principio
1921 4629 2018 4684 de-

449 4730 640 4792 crevit,
669 4739 723 4784 et
758 4727 939 4798 adegit
970 4724 1102 4780 illud
1136 4725 1319 4781 subire
1350 4723 1579 4780 inﬁnitis
1618 4722 1835 4780 sacculis
1867 4721 2021 4776 labo-

448 4838 562 4878 rcm
586 4822 805 4876 inanem
835 4827 888 4875 et
916 4819 1087 4874 malas
1109 4818 1322 4879 sordes,
1352 4832 1461 4870 non
1494 4815 1547 4869 in
1577 4830 1642 4870 eo
1666 4829 1817 4883 spem
1841 4811 2019 4866 maxi-

448 4928 593 4967 mam
620 4921 673 4967 et
703 4910 1098 4966 beatitudinem
1128 4924 1330 4980 ponere
1356 4949 1371 4974 ,
1418 4908 1466 4963 si
1500 4922 1696 4962 rursus
1729 4919 2021 4974 recupera-

448 5007 640 5064 retur?
676 5005 899 5063 Materia
931 5004 1075 5059 enim
1116 5003 1266 5057 nullo
1291 5008 1449 5073 pacto
1481 5007 1704 5069 apparet
1746 4997 2020 5051 refrenata

449 5115 513 5155 ac
543 5114 814 5170 repressa,
843 5098 955 5151 imo
995 5103 1189 5150 contra
1228 5095 1409 5165 potius
1439 5093 1700 5162 majorem
1748 5089 2019 5144 licentiam

450 5193 517 5248 ad
542 5189 898 5257 excogitanda
928 5202 1094 5259 prava
1120 5201 1284 5259 opera
1313 5186 1526 5255 adepta.

525 5370 592 5425 At
613 5333 937 5442 oportebat,
991 5365 1203 5437 inquit,
1257 5364 1399 5419 hanc
1451 5364 1657 5434 ligare:
1695 5376 1819 5417 cum
1860 5359 2025 5431 igitur

2115 3164 2204 3234 ὑφ’
2233 3164 2424 3219 ἐαυτοῦ
2448 3164 2813 3236 διελέγχεται;
2847 3163 2954 3217 Τοῦ
2990 3162 3099 3235 γάρ
3121 3162 3328 3233 κόσμου
3356 3161 3688 3233 δημιουργὸν

2115 3256 2337 3325 φάσκων
2365 3253 2501 3309 εἶναι
2533 3256 2622 3309 τὸν
2643 3255 2795 3319 Θεὸν,
2817 3257 2965 3318 ὅπως
2989 3250 3080 3309 οὖν
3102 3250 3255 3317 αὖθις
3281 3254 3411 3316 τοὺς
3433 3253 3535 3325 τῆς
3566 3252 3687 3321 ὕλης

2115 3347 2278 3418 φησὶν
2328 3346 2656 3425 ἀντιτιθέναι
2710 3346 2857 3417 αὑτῷ
2902 3347 2999 3417 τὴν
3050 3346 3265 3417 σάρκα,
3317 3344 3514 3416 ὥσπερ
3559 3341 3688 3397 Θεοῦ

2117 3436 2471 3508 μεριζομένου
2524 3438 2661 3509 πρὸς
2710 3437 2951 3501 ἐκείνους
3000 3436 3098 3508 τὴν
3140 3435 3539 3508 δημιουργίαν·
3600 3433 3686 3487 ut

2116 3527 2260 3581 κατά
2283 3527 2442 3582 τοῦτο
2471 3528 2571 3600 μὲν
2602 3528 2722 3598 βίαν
2750 3530 3132 3598 ὑπομένοντος,
3159 3530 3227 3599 τῇ
3248 3527 3307 3582 δὲ
3335 3527 3476 3601 πρὸς
3493 3526 3685 3586 αὐτοὺς

2115 3617 2381 3673 άντιδόσει
2429 3619 2491 3673 τὸ
2539 3622 2649 3676 πᾶν
2686 3621 2748 3674 οὐ
2804 3621 2946 3676 κατὰ
2994 3617 3221 3690 γνώμην
3262 3617 3400 3670 ἰδίαν
3442 3614 3683 3686 συμπλη·

2120 3727 2357 3782 ρουντος.

2203 3889 2289 3952 Ὦς
2316 3889 2371 3943 δὲ
2400 3891 2499 3961 τῆς
2531 3890 2838 3953 ὑποθέσεως
2868 3887 3291 3960 ἐπιλελησμένος
3314 3889 3343 3939 ὁ
3369 3885 3573 3948 πλάνος
3600 3883 3691 3951 τῆς

2118 3982 2345 4047 ἑαυτοῦ,
2397 3982 2640 4055 ὀλέθριον
2672 3985 2736 4054 τῇ
2801 3982 2900 4054 ὕλῃ
2952 3981 3115 4051 φησὶν
3148 3978 3365 4032 ἔσεσθαι
3420 3978 3522 4047 τῆς
3567 3993 3693 4046 κρα-

2117 4074 2306 4144 τείσης
2335 4074 2473 4146 αὑτῇ
2499 4075 2795 4146 ,δυνάμεως
2840 4074 2937 4144 τὴν
2976 4071 3289 4141 ἀφαίρεσιν,
3327 4068 3395 4122 δι’
3437 4065 3506 4141 ἧς
3534 4067 3693 4136 αὐτὴν

2121 4164 2352 4218 ὑπέθετο
2373 4164 2469 4238 τὴν
2488 4166 2659 4238 ἀρχὴν
2684 4164 3020 4220 ἀτακτοῦσαν
3040 4162 3500 4234 σωφρονισθῆναιο
3523 4162 3575 4213 εἰ
3595 4158 3694 4227 γάρ

2123 4252 2376 4323 παροῦσα
2426 4254 2677 4325 δεσμεύει
2722 4253 2819 4326 τὴν
2852 4254 3082 4314 κακίαν,
3134 4250 3499 4323 ἀναχωροῦσα
3543 4250 3696 4303 πάλιν

2125 4349 2330 4421 ἀνίησι,
2362 4346 2457 4400 καὶ
2502 4345 2656 4400 ἔσται
2685 4345 2802 4403 λίαν
2846 4348 2987 4399 κατὰ
3018 4344 3118 4415 τὴν
3148 4342 3405 4414 ἀρχαίαν.
3429 4381 3445 4393 .
3464 4382 3479 4394 .
3499 4383 3514 4396 ,
3561 4338 3693 4393 τοῦτ’

2125 4440 2242 4493 ἑστι
2271 4438 2445 4510 χαρᾶς
2471 4437 2618 4491 αἰτία
2647 4436 2741 4490 καὶ
2765 4438 2830 4508 τῇ
2865 4434 2966 4508 ὕλῃ
2995 4436 3029 4506 ἡ
3067 4433 3271 4504 ταύτης
3300 4431 3630 4502 ἀφαίρεσις·
3664 4426 3695 4480 ά

2123 4528 2212 4587 οἷα
2254 4531 2392 4603 πρὸς
2429 4530 2621 4602 ἡδονῆς
2650 4528 3076 4602 ἀφαιρουμένης.
3117 4526 3180 4580 Εἰ
3228 4524 3409 4579 τοίνυν
3439 4524 3503 4577 οὑ
3556 4518 3693 4590 παρᾶ

2123 4624 2185 4676 τὸ
2212 4623 2387 4687 τέλος,
2418 4622 2569 4693 ὅμως
2598 4619 2750 4682 ἐλπὶς
2779 4619 2917 4689 αὑτῇ
2955 4618 3212 4687 τυγχάνει
3238 4656 3252 4679 ,
3281 4615 3372 4667 ἵνα
3399 4613 3542 4686 πρὸς
3574 4611 3693 4664 Θεὸν

2124 4710 2394 4784 ἐπανέλθῃ
2432 4707 2809 4780 διαξευχθεῖσα
2855 4706 3040 4771 αὑτοῦ,
3072 4705 3125 4758 τί
3168 4705 3266 4775 τὴν
3299 4703 3478 4775 ἀρχὴν
3504 4700 3691 4770 ἀφωρὲ-

2125 4803 2283 4869 ζετο,
2331 4803 2562 4858 ἄπλετον
2607 4800 2778 4856 αἰῶνα
2823 4802 3080 4871 ὑποσχεῖν
3125 4800 3354 4869 μάταιον
3395 4798 3563 4850 πόνον
3612 4793 3693 4847 καὶ

2127 4898 2297 4969 ῥύπον
2327 4899 2516 4963 κακὸν,
2548 4899 2643 4952 καὶ
2674 4896 2797 4951 ἀντὶ
2844 4895 3107 4966 μεγίστης
3141 4891 3355 4954 ἐλπίδος
3395 4890 3496 4943 καὶ
3531 4904 3692 4958 μακα-

2131 4993 2377 5064 ριότητος
2426 4991 2671 5045 τίθεσθαι
2712 4989 2774 5042 τὸ
2815 4984 2971 5050 αὖθις
3028 4984 3445 5054 ἀναληφθῆναι;
3486 4982 3551 5033 Ἦ
3597 4979 3690 5048 γᾰρ

2127 5086 2228 5157 ῦλη
2251 5086 2402 5139 οὐδέν
2426 5102 2488 5155 γε
2512 5083 2747 5155 οὐδαμοῦ
2770 5082 3037 5137 δέδεικται
3078 5077 3513 5149 σωφρονισθείςα
3532 5093 3545 5104 ο
3581 5075 3688 5125 τοῦ·

2125 5178 2335 5232 ναντίον
2371 5176 2466 5246 μὲν
2491 5170 2584 5228 οὖν
2611 5174 2855 5237 πλείονος
2893 5170 3164 5243 λαϐομένη
3193 5169 3295 5239 τῆς
3336 5167 3588 5233 ἐξουσίας
3626 5164 3691 5223 εἰς

2127 5268 2378 5339 πονηρῶν
2404 5267 2579 5339 ἔργων
2610 5266 2873 5318 ἐπίνοιαν.

2230 5361 2353 5415 Αλλ⁹
2381 5360 2509 5421 ἔδει,
2548 5359 2703 5430 φησι,
2733 5356 2953 5427 δεθῆναι
2990 5354 3193 5424 ταύτην
3214 5370 3229 5382 ³
3274 5354 3408 5406 ὅταν
3446 5348 3539 5406 οὖν
3571 5351 3690 5403 ἀπο-

448 5441 710 5535 paulatim
742 5464 1017 5519 abstracta
1053 5461 1158 5516 erit
1203 5460 1381 5515 virtus
1428 5457 1675 5522 detenta,
1721 5452 1850 5527 quid
1906 5454 1995 5509 ﬁet

2145 5451 2349 5521 σπασθῇ
2382 5448 2520 5503 κατά
2555 5449 2749 5519 μικρὸν
2775 5449 2809 5518 ἠ
2841 5446 3179 5516 κατεχομένη
3198 5443 3454 5514 δύναμις,
3473 5442 3526 5494 τί
3545 5441 3689 5508 γενή-

450 5553 640 5627 liquet,
671 5571 868 5613 rursus
910 5568 1253 5611 reversuram
1286 5566 1411 5609 esse
1458 5551 1743 5608 materiam
1787 5548 1855 5603 ad
1902 5564 2029 5619 per—

2139 5551 2326 5611 σεται;
2358 5542 2600 5614 εὔδηλον,
2641 5541 2717 5604 ὡς
2758 5536 2915 5603 αὖθις
2965 5541 2998 5609 ἡ
3034 5537 3131 5605 ὑλη
3167 5536 3303 5606 πρὸς
3330 5536 3430 5607 τὴν
3477 5532 3689 5606 φυσικὴν

523 5709 659 5781 (ll‘)
694 5709 816 5778 Τὴν
836 5710 1111 5778 δύναμιν.
1141 5708 1315 5780 Supra
1342 5708 1478 5764 verti
1523 5721 1664 5777 saepe
1692 5713 2037 5779 potestatem;
2086 5702 2166 5761 sic
2199 5701 2427 5761 vocabat
2453 5695 2782 5757 Manichacus
2808 5693 3069 5752 animam.
3100 5690 3272 5750 Tuan.
