3782 6166
185 326 341 386 Πὶό

1213 268 1654 385 ’ὶλυνίηὸυε
1693 322 2117 381 ΜΑΝιοΗΑῖοε
2155 322 2286 378 LIB.
2329 322 2349 377 ι

3305 321 3446 379 HM

181 430 420 510 ἀταξίαν
444 441 717 513 ἐπανήξει.
744 439 841 505 Οὔ,
872 440 1060 513 φησίν·
1094 441 1149 495 ἐν
1173 440 1276 513 γὰρ
1304 433 1383 509 τῷ
1424 418 1576 489 τέλει
1610 458 1766 513 περι-

1924 442 2261 497 ιτιιαιίοηθῐη.
2307 437 2477 508 Negat
2520 433 2850 490 Manichacus
2877 452 2890 488 :
2921 432 3312 504 Nequaquam.
3358 436 3446 490 in-

182 539 484 608 γενήσεται
507 534 733 606 ταύτης,
768 534 862 587 καὶ
905 532 1073 605 βῶλον
1109 529 1565 605 ἀπεργασάμενος
1596 534 1765 606 αὐτὴν

184 623 291 693 ὑφ’
341 624 541 695 ἑαυτῆς
593 622 882 692 φλέγεσθαι
926 624 1355 695 παρασκευάσει.
1411 615 1482 674 Τί
1527 618 1618 677 οὖν
1669 624 1766 695 τὴν

184 713 373 785 ἀρχὴν
405 713 480 785 μὴ
500 712 656 766 τοῦτο
681 712 1013 784 πεποίηκεν;
1043 708 1170 784 'Ap’
1197 714 1297 766 οὐκ
1317 710 1569 766 ἐϐούλετο
1602 714 1635 785 ἢ
1667 714 1767 767 οὐκ

186 804 461 876 ἡδύνατος
487 807 548 859 Et
583 804 682 875 μὲν
729 804 836 877 γὰρ
882 804 956 876 μὴ
1007 805 1273 870 ἐϐούλετο,
1316 804 1433 868 πῶς
1465 802 1620 868 αὖθις
1646 804 1769 876 βου-

186 899 444 970 λήσεται,
478 896 799 974 μεταγνοὺς,
843 897 877 969 ἢ
916 897 978 951 τὸ
1027 898 1234 969 βέλτιον
1286 899 1603 969 ἐπικρίνας;
1653 896 1767 951 Οὐκ

185 986 266 1063 ἦν
297 991 353 1045 δὲ
377 992 470 1045 καὶ
490 990 663 1053 ἄλλως
682 990 817 1062 πρὸς
839 989 1042 1058 ἀγαθοῦ
1073 990 1145 1061 μὴ
1169 992 1268 1063 τὴν
1289 989 1460 1062 ἀρχὴν
1491 989 1768 1052 παντελῶς

188 1083 544 1155 καταργῆσαι
575 1083 792 1146 κακίαν,
829 1080 944 1151 εἴγε
979 1080 1090 1148 οἷός
1123 1100 1183 1136 τε
1213 1080 1300 1155 ἦν.
1339 1084 1400 1136 Εἰ
1431 1083 1487 1136 δὲ
1520 1083 1594 1154 μὴ
1636 1083 1767 1152 ἠδύ-

186 1191 349 1239 νατο,
385 1173 685 1243 ἀδυναμίας
734 1174 831 1244 μὲν
871 1173 1112 1237 κίνδυνος
1152 1173 1449 1227 ἀνακύπτει
1490 1173 1629 1226 κατά
1675 1170 1767 1225 τού

188 1264 546 1334 πλασαμένου
567 1279 580 1292 ·
625 1264 742 1329 πῶς
770 1266 827 1319 δὲ
864 1266 1012 1335 ὅμως
1042 1265 1265 1336 ὕστερόν
1298 1282 1425 1317 ποτε
1451 1265 1766 1336 δυνήσεται;

187 1352 313 1427 ἄρα
339 1355 657 1426 προσλαϐὼν
683 1357 930 1428 δύναμιν,
967 1358 1037 1429 ἢν
1069 1358 1142 1429 μὴ
1187 1355 1352 1429 εἶχεν,
1387 1358 1419 1430 ἢ
1450 1358 1705 1429 αὐξηθεὶς
1734 1359 1765 1429 ἢ

187 1447 452 1511 ἐπιδούς;
483 1450 532 1502 εί
568 1448 675 1520 γάρ
718 1449 955 1521 ἀγένητα
981 1448 1146 1520 ἄμφω
1174 1434 1454 1514 τάναντία,
1488 1449 1769 1521 οὐδέτερον

186 1535 324 1591 οὔτε
344 1536 569 1610 αὔξησιν
591 1538 715 1594 οὔτε
736 1540 960 1611 μείωσιν
987 1540 1311 1611 ἐπιδέχεται.

272 1720 432 1773 Ὄλον
460 1719 747 1792 τοιγαροῦν
791 1720 1089 1774 ἀσύστατον
1117 1720 1207 1775 τοῦ
1244 1721 1518 1793 βαρϐάρου
1552 1721 1612 1776 τὸ
1637 1723 1769 1777 πλά-

191 1828 334 1881 σμα.
388 1810 452 1864 Τί
488 1811 579 1878 δέ;
628 1809 716 1884 ἆρ’
753 1811 1007 1883 αἴσθησιν
1051 1813 1330 1883 εἰληφέναι
1374 1816 1556 1886 φησὶν,
1583 1815 1659 1876 ὡς
1679 1815 1771 1869 τοῦ

189 1904 442 1968 πλείονος
464 1904 664 1977 μέρους
698 1904 732 1976 ἢ
758 1904 852 1958 τοῦ
875 1904 1006 1974 γοῦν
1023 1904 1301 1969 ἐλάττονος
1331 1905 1774 1968 ἀποσπασθέντος

186 1996 300 2067 τῆς
355 1994 754 2068 συγκραθείσης
789 1998 854 2068 τῇ
908 1995 1007 2067 ὕλῃ
1053 1996 1366 2068 δυνάμεως;
1414 1996 1526 2064 εἴγε
1576 1997 1669 2065 ἀφ’
1712 1987 1772 2048 οὗ

194 2087 400 2159 σελήνη
426 2086 575 2151 αὔξει
592 2089 685 2140 καὶ
710 2086 977 2157 μειοῦται,
1004 2086 1237 2140 διατελεῖ
1267 2085 1399 2150 Θεὸς
1430 2085 1569 2139 κατά
1601 2084 1773 2156 βραχὺ

188 2180 256 2232 τὸ
278 2178 476 2232 οἰκεῖον
486 2178 906 2248 ἀπολαμϐάνων.
938 2178 1197 2246 Καίτοιγε
1223 2176 1474 2240 τοσοῦτος
1502 2176 1775 2247 παρῆλθεν

191 2270 355 2332 αἰὼν,
389 2270 484 2324 καὶ
508 2269 632 2324 οὔτε
656 2271 717 2324 τὸ
765 2270 1102 2342 ἀνθρώπινον
1151 2269 1308 2338 γένος
1337 2268 1556 2341 ἀριθμῴ
1578 2285 1638 2337 γε
1667 2268 1775 2321 τῶν

192 2360 418 2426 ζώντων
464 2361 772 2431 ἠλάττωται
793 2403 808 2428 ,
868 2360 991 2415 οὔτε
1028 2360 1156 2415 ἀλλο
1201 2377 1253 2414 τι
1295 2360 1408 2414 τῶν
1435 2359 1775 2432 τετραπόδων

195 2454 427 2525 μείωσιν
485 2454 691 2525 ὑπέστη
762 2453 902 2519 τινὰ,
936 2454 1070 2508 ἀλλά
1102 2453 1346 2525 συνήθως
1384 2452 1453 2505 τὰ
1480 2452 1777 2521 γιγνόμενα

190 2545 446 2614 γίγνεται
474 2547 567 2600 καὶ
595 2547 951 2614 ἀπογίγνεται
973 2563 987 2577 ⁸
1010 2547 1105 2599 καὶ
1137 2544 1215 2597 ἔτι
1240 2542 1439 2614 μᾶλλον
1464 2544 1544 2605 εἰς
1574 2542 1775 2613 πλῆθος

194 2637 231 2708 ὴ
301 2638 651 2709 ἀνθρωπότης
696 2638 1008 2694 ἐπιδέδωκε.
1058 2637 1227 2691 Πόθεν
1282 2635 1457 2690 τοίνυν
1505 2636 1706 2698 ἐκεῖνος
1748 2636 1777 2688 ὁ

194 2729 528 2799 παραπαίων
552 2731 721 2782 οἴεται
755 2728 1102 2801 ἀφαιρεῖσθαι
1131 2726 1273 2782 κατά
1303 2726 1498 2798 βραχὺ,
1523 2727 1589 2797 ἦν
1609 2725 1777 2778 πλατ-

194 2820 422 2890 τόμενός
464 2838 596 2891 φησι
651 2820 1023 2894 συγκραθῆναι
1052 2824 1118 2891 τῇ
1164 2823 1331 2891 κακίᾳ
1374 2819 1632 2889 δύναμιν;
1663 2818 1777 2887 εἴγε

194 2911 270 2964 τὰ
305 2910 441 2967 αὐτά
466 2912 722 2975 ὡσαύτως
746 2913 854 2984 ἔχει
881 2912 1023 2965 κατὰ
1041 2914 1244 2983 κόσμον
1262 2929 1274 2942 ·
1295 2912 1355 2965 τὸ
1382 2912 1512 2963 αὐτὸ
1546 2910 1642 2980 μὲν
1669 2908 1774 2982 γὰρ

195 3002 304 3074 τῆς
325 3003 533 3074 ἡμέρας
561 3004 776 3076 μέτρον,
819 3005 879 3058 τὸ
905 3004 1034 3058 αὐτὸ
1058 3004 1115 3057 δὲ
1146 3004 1240 3074 τῆς
1275 3004 1468 3065 νυκτός
1491 3020 1502 3032 ·
1530 3003 1622 3055 καὶ
1652 3000 1776 3054 οὗτε

201 3095 266 3149 τὸ
294 3094 408 3165 φῶς
429 3095 750 3166 ἠλάττωται,
772 3095 894 3149 οὔτε
915 3096 973 3149 τὸ
1005 3096 1193 3160 σκότος
1225 3094 1577 3149 ἐπλεόνασεν·
1613 3096 1640 3148 ὁ
1669 3094 1776 3163 γάρ

201 3187 369 3250 αὐτὸς
416 3188 568 3259 ἡλίου
618 3189 813 3261 δρόμος
847 3188 941 3242 καὶ
976 3189 1225 3259 σελήνης,
1266 3187 1359 3241 καὶ
1401 3187 1498 3258 μία
1521 3185 1585 3257 δὴ
1624 3184 1774 3250 τάξις

201 3279 238 3351 ἡ
271 3276 332 3343 ἐξ
360 3280 530 3351 ἀρχῆς
546 3280 809 3352 γενομένη
828 3280 1093 3351 διαμένει.

1866 534 2022 605 quit;
2078 532 2146 587 ad
2199 539 2501 586 extremum
2556 526 2701 581 enim
2750 527 2930 580 vincet
2974 541 3116 587 eam,
3181 524 3449 595 facietque

1866 632 1926 680 ut
1965 623 2186 678 redacta
2240 623 2295 675 in
2356 620 2565 690 glebam
2602 631 2635 671 a
2683 617 2864 686 seipsa
2924 616 3295 671 comburatur.
3337 615 3453 672 Cur

1867 717 2033 787 igitur
2061 729 2169 769 non
2195 713 2322 767 fecit
2346 714 2451 766 hoc
2481 726 2511 765 a
2540 709 2853 782 principio?
2879 707 3072 763 Utrum
3105 722 3213 762 non
3248 709 3443 771 voluit,

1867 822 1935 860 an
1966 821 2074 860 non
2113 805 2323 875 potuit?
2375 803 2431 858 Si
2472 803 2666 864 noluit,
2698 801 2971 871 quomodo
3023 814 3218 853 rursus
3267 799 3407 853 volet
3433 837 3449 861 ,

1870 899 2190 971 poenitentia
2222 896 2450 956 ductus,
2482 894 2736 965 judicans
2789 905 2842 947 et
2880 893 3088 960 eligens
3144 890 3290 960 quod
3338 906 3453 944 me-

1873 992 1979 1045 lius
2016 990 2142 1045 est?
2167 988 2357 1045 Nonne
2384 988 2687 1058 pertinebat
2714 987 2782 1041 ad
2814 987 3019 1041 bonum
3050 983 3209 1037 aliter
3232 998 3262 1035 a
3298 982 3450 1052 prin-

1869 1083 2015 1153 cipio
2050 1081 2291 1137 funditus
2315 1081 2497 1136 delere
2528 1080 2851 1149 nequitiam,
2880 1078 2926 1132 si
2959 1076 3177 1146 quidem
3212 1082 3455 1144 poterat?

1873 1171 1967 1225 Sin
1992 1186 2120 1225 vero
2141 1186 2250 1223 non
2285 1177 2494 1239 poterat
2519 1209 2533 1231 ,
2579 1168 2879 1238 periculum
2912 1163 3246 1219 infirmitatis
3273 1164 3325 1216 in
3355 1178 3455 1215 au-

1870 1264 2173 1318 ctoritatem
2207 1261 2392 1315 mundi
2446 1261 2693 1330 emergit.
2750 1257 3031 1325 Quomodo
3081 1271 3213 1325 ergo
3263 1262 3449 1324 postea

1874 1356 2109 1426 poterit?
2147 1370 2215 1408 an
2245 1355 2454 1408 viribus
2487 1367 2625 1423 quas
2674 1366 2780 1406 non
2817 1349 3069 1410 habebat,
3105 1347 3408 1416 assumptis
3433 1385 3448 1407 ,

1869 1450 1954 1503 vel
2006 1462 2344 1517 augescens,
2389 1448 2474 1501 vel
2518 1444 2887 1500 accessionem
2944 1451 2999 1495 et
3044 1441 3449 1494 incrementum

1871 1541 2176 1595 adhibens?
2205 1541 2250 1595 si
2300 1539 2444 1593 enim
2480 1538 2643 1593 ambo
2686 1534 2962 1592 contraria
3001 1532 3244 1603 ingenita
3276 1537 3406 1585 sunt
3431 1566 3447 1594 ,

1871 1642 2124 1686 neutrum
2155 1630 2520 1684 accretionem
2562 1635 2656 1682 aut
2698 1624 3132 1681 imminutionem
3164 1620 3359 1690 recipit

1879 1784 1885 1790 ,
1947 1720 2144 1775 Totum
2175 1719 2340 1790 igitur
2364 1724 2736 1772 commentum
2768 1711 2987 1768 barbari
3015 1710 3318 1765 consistere
3350 1721 3453 1761 ne-

1808 1795 2015 1884 Bquit.
2071 1812 2213 1878 Quid
2268 1811 2438 1866 vero?
2499 1825 2567 1863 an
2622 1807 2754 1861 dicit
2794 1803 3146 1864 Manichreus,
3196 1814 3359 1855 sensu
3392 1812 3453 1852 se

1876 1904 2189 1975 percepisse
2234 1902 2495 1971 majorem
2550 1899 2635 1954 vel
2681 1898 2945 1951 minorem
2991 1902 3201 1963 partem
3235 1887 3453 1944 virtutis

1875 1995 2122 2051 admistaz
2165 1993 2405 2048 materia:
2441 1998 2683 2060 ereptam
2714 1996 2769 2043 et
2800 1981 3148 2055 ademptam?
3173 1978 3452 2051 Siquidem

1875 2104 1939 2143 ex
1968 2103 2076 2158 quo
2103 2087 2230 2141 luna
2261 2084 2461 2140 crescit
2486 2080 2857 2144 et'decrescit,
2889 2076 3053 2141 Deus,
3084 2074 3294 2144 inquit,
3320 2086 3455 2142 pau-

1876 2179 2030 2232 latim
2056 2183 2344 2245 recuperat
2368 2174 2513 2244 quod
2542 2173 2685 2227 lunai
2716 2170 2997 2241 proprium
3031 2174 3146 2231 est;
3179 2173 3233 2219 et
3269 2171 3452 2217 tamen

1874 2277 1957 2324 tot
1989 2269 2204 2324 saeculis
2245 2266 2435 2337 lapsis,
2469 2280 2648 2335 neque
2683 2277 2856 2334 genus
2884 2260 3183 2313 humanum
3221 2268 3453 2308 numero

1875 2362 2175 2417 viventium
2216 2358 2566 2413 imminutum
2597 2364 2702 2419 est,
2755 2367 2858 2408 nec
2901 2350 3071 2405 ullum
3102 2346 3248 2401 aliud
3280 2359 3453 2415 genus

1876 2451 2292 2523 quadrupedum
2360 2446 2779 2504 diminutionem
2838 2442 3006 2498 ullam
3069 2440 3213 2511 cepit
3263 2455 3277 2491 :
3320 2435 3453 2505 quin

1876 2549 2060 2620 potius
2098 2562 2219 2617 quae
2272 2546 2414 2600 facta
2446 2549 2596 2606 sunt,
2630 2540 2794 2596 solito
2826 2551 2979 2592 more
3012 2533 3168 2597 ﬁunt,
3204 2538 3259 2587 et
3303 2528 3455 2585 desi-

1876 2619 2016 2694 nunt
2046 2652 2198 2701 esse;
2234 2643 2287 2690 et
2319 2634 2499 2687 adhuc
2531 2630 2708 2700 magis
2749 2624 3067 2682 humanitas
3106 2623 3162 2675 in
3208 2619 3456 2673 multitu-

1876 2728 2059 2783 dinem
2107 2726 2315 2781 crevit.
2372 2722 2528 2777 Unde
2578 2721 2748 2791 igitur
2796 2719 3027 2773 insanus
3074 2713 3165 2767 ille
3201 2710 3457 2780 Opinatur

1876 2819 2138 2891 paulatim
2191 2815 2394 2872 auferri
2446 2814 2725 2874 virtutem,
2765 2824 2930 2879 quam
2980 2805 3134 2875 ﬁngit
3164 2801 3455 2857 admistam

1876 2889 1999 2965 esse
2043 2904 2343 2977 nequitiae?
2396 2901 2681 2973 Siquidem
2731 2898 2920 2954 eadem
2957 2894 3210 2950 similiter
3247 2906 3306 2945 se
3359 2889 3457 2942 ba-

1877 3001 2006 3056 bent
2033 3000 2089 3054 in
2115 2996 2359 3064 mundo;
2392 2996 2582 3051 eadem
2616 2991 2763 3046 enim
2793 2997 2878 3044 est
2919 3000 3176 3042 mensura
3208 2981 3340 3049 diei,
3364 2996 3458 3037 ea-

1880 3091 2001 3146 dem
2042 3091 2256 3156 noctis;
2295 3103 2474 3156 neque
2504 3088 2690 3139 lumen
2726 3082 2898 3153 magis
2925 3088 3091 3134 tenue
3122 3077 3327 3131 factum
3349 3080 3455 3136 est,

1882 3194 2056 3250 neque
2094 3179 2330 3233 tenebrae
2347 3177 2584 3245 majores
2619 3194 2632 3228 :
2670 3172 2814 3227 idem
2858 3182 3098 3237 namque
3145 3174 3230 3221 est
3261 3178 3457 3219 cursus

1883 3272 2016 3327 solis
2056 3277 2110 3323 et
2145 3270 2306 3332 lunae,
2370 3267 2423 3322 id
2460 3273 2566 3327 est,
2615 3264 2759 3319 idem
2797 3260 2934 3315 ordo
2965 3261 3059 3329 qui
3100 3271 3131 3311 a
3191 3255 3458 3327 principio

1885 3363 2060 3417 factus
2098 3368 2217 3425 est,
2251 3364 2579 3430 perseverat.

204 3478 335 3537 CAP.
364 3475 554 3534 XXXI.
597 3476 893 3533 Secundum
916 3475 1151 3540 Manent,
1183 3474 1482 3529 substantia
1512 3474 1604 3528 Dei
1629 3479 1852 3542 patitur,
1879 3478 1927 3530 si
1966 3476 2158 3529 anima:
2189 3473 2505 3543 puniantur.
2546 3469 2687 3523 Deus
2722 3465 2899 3520 imulet
2931 3460 3253 3533 profundum
3269 3455 3294 3466 ”
3317 3458 3459 3515 uid:

1215 3549 1461 3600 materia.
1499 3545 1842 3600 Diabolorum
1875 3547 2095 3601 malitia:
2125 3557 2450 3614 progressus.

288 3663 616 3736 Ἐρωτητέον
653 3664 709 3721 δὲ
737 3665 978 3727 κάκεῖνο,
1013 3663 1075 3715 Ei
1105 3663 1159 3716 αί
1184 3662 1569 3734 ἀμαρτήσασαι
1592 3662 1781 3733 ψυχαὶ,

206 3758 302 3813 καὶ
334 3757 547 3828 μυρίοις
604 3756 903 3828 ἐνεχθεῖσαι
958 3758 1148 3819 κακοῖς
1194 3756 1251 3807 ἐν
1296 3753 1374 3825 τῷ
1418 3753 1538 3824 βίῳ,
1570 3753 1782 3806 τίσουσι

205 3852 361 3924 δίκην
404 3844 478 3903 ὧν
504 3850 951 3920 ἐπλημμέλησαν,
978 3849 1011 3919 ἢ
1042 3847 1141 3916 ob;
1170 3849 1231 3901 El
1263 3847 1360 3917 μὲν
1385 3842 1477 3901 οὖν
1518 3846 1779 3910 τίσουσιν,

203 3938 237 3993 δ
277 3938 340 4010 δὴ
372 3938 466 3992 καὶ
516 3937 675 4001 αὐτὸς
706 3936 956 4008 ὁμολογεῖ
977 3939 1034 3991 ἐν
1054 3940 1121 4009 τῇ
1156 3936 1332 4008 βώλῳ,
1368 3935 1569 3998 ταύτας
1597 3937 1779 4008 ἐμπα-

207 4030 472 4103 τήσεσθαι
502 4030 616 4103 ἅμα
644 4032 709 4101 τῇ
743 4030 913 4101 κακίᾳ
966 4028 1140 4099 λέγων
1162 4045 1175 4059 ·
1207 4028 1562 4099 εὑρεθήσεται
1597 4030 1626 4081 ὁ
1651 4028 1782 4090 Θεὸς

206 4125 306 4197 τὴν
337 4121 529 4177 ἐαυτοῦ
584 4121 743 4193 φύσιν
781 4123 1215 4194 τιμωρούμενος*
1261 4114 1322 4175 οὗ
1379 4120 1433 4173 τί
1480 4119 1546 4173 ἀν
1577 4119 1785 4187 γένοιτο

205 4213 588 4293 ἀτοπώτερον;
619 4216 667 4267 εἰ
701 4214 758 4268 δὲ
801 4213 1135 4285 ἀτιμώρητοι
1177 4212 1410 4279 ἔσονται,
1444 4213 1544 4266 οὐκ
1582 4212 1784 4276 ἄλυπος

207 4306 303 4360 καὶ
360 4304 591 4377 ἀζήμιος
644 4307 801 4377 μόνον
836 4306 869 4376 ἠ
903 4305 1170 4377 ἁμαρτία,
1207 4304 1343 4359 ἀλλὰ
1395 4306 1490 4360 καὶ
1520 4306 1679 4359 πλέον
1717 4305 1783 4359 ἂν

206 4400 350 4471 ἔχειν
376 4400 556 4469 δοκοίη
589 4398 690 4468 τῆς
711 4398 1055 4469 δικαιοσύνης
1077 4416 1090 4429 ο
1112 4398 1226 4467 εἴγε
1253 4398 1346 4453 καὶ
1374 4400 1432 4453 ἐν
1453 4398 1531 4470 τῷ
1557 4399 1783 4475 παρόντι

1949 3658 2387 3716 Percontandum
2410 3656 2573 3713 etiam
2608 3653 2740 3708 illud
2763 3672 2775 3707 :
2795 3651 2932 3706 Num
2963 3650 3156 3703 animae
3183 3661 3304 3718 quae
3333 3660 3460 3716 pee-

1878 3759 2139 3808 eaverunt
2175 3758 2228 3807 et
2256 3749 2592 3804 inﬁnilorum
2636 3746 2901 3799 malorum
2951 3744 3009 3797 in
3048 3745 3159 3794 vita
3189 3754 3298 3795 retr.
3331 3737 3455 3792 fue-

1882 3853 2031 3909 runt,
2059 3845 2268 3900 dabunt
2309 3856 2501 3913 poenas
2549 3853 2739 3895 eorum
2770 3852 2892 3907 quae
2922 3834 3337 3890 commiserunt.
3388 3844 3460 3884 an

1880 3936 2030 3991 non?
2090 3934 2149 3989 Si
2200 3934 2419 4005 quidem
2459 3931 2708 3995 dabunt,
2768 3928 2917 3999 quod
2967 3925 3187 3997 quidem
3237 3932 3292 3978 et
3344 3923 3461 3995 ipse

1878 4025 2188 4090 conﬁtetur,
2240 4039 2367 4079 cum
2420 4022 2496 4077 ait
2555 4022 2607 4076 in
2652 4020 2808 4091 gleba
2856 4019 2958 4075 has
3009 4014 3312 4087 inﬁgenilas
3339 4028 3462 4070 esse

1885 4134 2008 4172 cum
2040 4117 2304 4188 nequitia,
2350 4115 2656 4186 reperietur
2699 4111 2843 4168 Deus
2871 4118 3121 4165 naturam
3164 4122 3319 4162 suam
3356 4120 3461 4175 pu-

1885 4213 2032 4267 nire:
2061 4225 2172 4282 quo
2194 4210 2326 4280 quid
2357 4207 2651 4264 absurdius
2677 4214 2730 4262 et
2760 4204 3087 4276 ﬂagitiosius
3115 4200 3229 4255 ﬁeri
3257 4197 3463 4268 petest?

1887 4300 1946 4357 Si
1988 4316 2141 4367 vero,
2163 4299 2444 4371 impunitae
2474 4309 2527 4354 et
2556 4297 2745 4352 inulta:
2784 4304 2968 4359 erunt,
2997 4307 3107 4346 non
3142 4290 3321 4345 solum
3364 4303 3462 4342 ne-

1883 4411 1989 4466 que
2016 4394 2262 4449 dolorem
2298 4406 2475 4463 neque
2510 4389 2767 4443 damnum
2801 4386 2990 4442 alferet
3025 4390 3330 4455 peccatum,
3364 4378 3463 4437 sed

208 4492 361 4585 αὶῴνι
410 4491 509 4562 τὴν
549 4490 742 4562 ἡδονὴν
796 4490 1060 4561 προσάγοι
1089 4490 1166 4560 τῷ
1196 4490 1452 4561 μετιόντι,
1484 4493 1579 4545 καὶ
1620 4471 1677 4545 ἐν
1705 4489 1771 4562 τᾷ

1924 4489 2049 4542 tiam
2090 4487 2213 4558 plus
2242 4484 2472 4556 justitiaa
2522 4482 2724 4536 habere
2755 4479 3028 4535 videbitur
3065 4495 3079 4531 :
3111 4471 3461 4545 quandoquiq

212 4583 454 4643 μέλλοντι
476 4583 744 4655 τιμωρίας
773 4581 921 4636 αἰτία
955 4583 1028 4654 μὴ
1061 4583 1288 4652 γένοιτο.

275 4755 418 4826 Πρὸς
460 4755 516 4808 δὲ
549 4753 759 4816 τούτοις
794 4754 962 4809 ἅπασι
996 4753 1308 4825 θαύμαστον
1341 4755 1506 4810 αὐτοῦ
1539 4758 1778 4824 κάκεῖνο,

184 4847 659 4921 οένθαηφησὶν,ὼς,
686 4847 785 4917 τῆς
824 4847 1019 4910 κακίας
1062 4847 1309 4900 ἐνταυθοῖ
1352 4849 1778 4921 ἀσχολουμένης,

207 4941 338 5004 Θεὸς
365 4941 423 4992 ἐν
450 4937 526 5009 τῷ
563 4937 763 5007 μεταξὺ
796 4936 858 4990 τὸ
899 4936 1059 5008 βάθος
1092 4936 1392 5010 ἀναπληροί
1410 4939 1621 5011 χώματι
1657 4940 1779 4994 ὅθεν

210 5030 472 5100 ἀνέκυψεν
501 5034 535 5102 ή
561 5029 683 5103 ὕλη,
714 5030 857 5084 κατὰ
872 5031 966 5101 τὴν
990 5030 1153 5084 αὐτοῦ
1181 5031 1490 5103 δεινοτάτην
1526 5033 1779 5086 ἔκστασιν

212 5127 285 5198 μὴ
327 5124 618 5188 συνιέντος,
656 5125 732 5187 ὼς
760 5124 820 5178 τὸ
859 5124 1293 5196 ἐπιϐαλλόμενον.
1322 5127 1382 5177 Εἰ
1420 5126 1517 5196 μὲν
1545 5126 1783 5197 autem

208 5219 307 5288 γῆς
367 5217 452 5288 εἴη
498 5216 593 5270 τοῦ
645 5216 874 5286 ἀγαθοῦ,
908 5217 1029 5271 τίνα
1079 5219 1277 5288 τρόπον
1322 5217 1433 5288 ἔχει
1474 5219 1676 5291 χώραν,
1723 5221 1782 5272 ἐν

207 5312 355 5381 τόπῳ
398 5328 462 5379 γε
516 5310 773 5381 ἐναντίῳς
831 5311 878 5363 εἰ
909 5310 964 5364 δὲ
995 5314 1059 5365 ἐκ
1090 5311 1198 5364 τῶν
1236 5311 1417 5382 μερῶν
1449 5315 1545 5384 τῆς
1588 5312 1782 5377 κακίας

207 5403 269 5457 τὸ
290 5403 483 5456 οἰκεῖον
509 5404 608 5457 οὐκ
631 5402 897 5456 ἐκκλείσει
921 5404 1029 5472 (l2)
1048 5403 1144 5474 τὴν
1176 5404 1397 5457 αὐτόθεν
1423 5405 1778 5476 ὡρμημένην.

210 5495 458 5566 Κάθηται
486 5497 543 5549 δὲ
563 5496 695 5560 Θεὸς
728 5496 869 5550 κατά
899 5496 987 5549 τὸν
1025 5498 1275 5551 Μάνεντα
1311 5498 1375 5550 δι’
1402 5499 1595 5561 αἰῶνος
1620 5515 1757 5569 μετα

212 5588 389 5659 φέρων
412 5588 659 5662 χώματα,
693 5590 787 5643 καὶ
835 5588 974 5644 κατά
1002 5588 1174 5661 βραχὺ
1218 5589 1607 5661 προσχωννύων
1642 5589 1781 5661 βάθη

1886 4581 2008 4635 dem
2065 4579 2123 4633 in
2174 4578 2279 4632 hoc
2311 4575 2512 4632 saeculo
2543 4574 2875 4642 voluptatem
2915 4566 3106 4623 aﬂ‘erat
3144 4561 3466 4633 suscipienti

1885 4682 1939 4728 et
1967 4672 2023 4726 in
2054 4670 2237 4725 futuro
2266 4684 2375 4723 non
2411 4668 2482 4722 sit
2524 4664 2777 4734 supplicii
2813 4676 3004 4717 causa.

1953 4764 2156 4818 Praeter
2194 4762 2310 4815 haec
2339 4758 2544 4820 omnia,
2579 4756 2711 4811 illud
2746 4764 2831 4810 est
2868 4755 2923 4808 in
2970 4754 3077 4809 isto
3108 4749 3466 4822 stupendum,

1886 4858 1979 4912 ubi
2008 4857 2102 4919 ait,
2148 4853 2293 4924 quod
2324 4850 2569 4921 nequitia
2612 4849 2701 4903 hic
2732 4854 3026 4916 occupata,
3067 4844 3121 4898 id
3152 4852 3239 4899 est
3273 4843 3463 4912 ligata,

1884 4948 2029 5005 Deus
2070 4947 2287 5001 interim
2327 4943 2661 5016 profundum
2716 4937 2905 5007 implet
2945 4950 3141 5006 aggere
3173 4931 3317 4987 unde
3342 4946 3464 4984 ma-

1888 5040 2028 5097 teria
2053 5039 2310 5103 emersit;
2343 5037 2481 5091 nihil
2510 5035 2631 5104 ipso
2671 5033 2726 5085 in
2750 5029 3074 5100 gravissima
3106 5024 3305 5080 mentis
3331 5023 3464 5077 alie-

1886 5133 2110 5189 natione
2158 5130 2495 5199 intelligente
2559 5125 2635 5187 ὠς
2660 5121 2725 5176 τὸ
2755 5119 3199 5189 ἐπιϐαλλόμενον,
3224 5122 3283 5169 ιιι
3318 5112 3464 5184 quod

1890 5224 2255 5293 injiciebalur.
2316 5219 2374 5274 Si
2419 5225 2538 5274 erat
2584 5233 2651 5271 ex
2693 5222 2841 5268 terra
2888 5210 3039 5273 boni,
3074 5204 3351 5278 quomodo
3406 5204 3464 5260 in

1888 5316 2011 5369 loco
2055 5311 2332 5367 contrario
2361 5307 2662 5380 recipitur?
2694 5303 2750 5359 Si
2776 5312 2955 5357 autem
2984 5315 3048 5354 ex
3089 5296 3340 5369 partibus
3370 5309 3466 5349 ne-

1889 5408 2094 5479 quitiae.
2137 5403 2281 5475 quod
2314 5419 2381 5458 ex
2421 5410 2578 5473 parte
2607 5396 2861 5467 nequitia:
2902 5403 2987 5449 est
3016 5399 3070 5448 et
3099 5391 3148 5446 ei
3182 5386 3462 5448 convenit,

1890 5512 2000 5551 non
2040 5493 2281 5550 includet
2312 5491 2438 5546 inde
2461 5499 2707 5546 exortam
2748 5484 3054 5549 materiam.
3091 5479 3254 5536 Sedet
3280 5484 3461 5533 autem

1890 5588 2054 5656 Deus,
2101 5595 2324 5644 auctore
2354 5582 2677 5649 Manichaee,
2719 5575 3059 5639 transferens
3104 5586 3320 5648 semper
3368 5582 3473 5646 ags

280 5743 392 5817 (12)
430 5747 781 5803 Ἑκκιῑείσει.
827 5745 909 5803 An
940 5745 1249 5816 ἐγκλείσειῖ
1298 5746 1390 5803 Sic
1438 5747 1648 5819 legebat
1691 5747 1981 5819 interpres.
