3782 6166
403 253 542 315 Ηὶὃ

1555 248 1695 306 TITI
1734 246 2162 306 BOSTRENSIS
2195 245 2509 304 EPISCOPI

3527 249 3665 304 1116

403 391 580 447 geres,
613 383 668 430 et
696 373 952 444 paulatim
992 373 1238 444 quaedam
1277 369 1544 443 profunda
1579 371 1869 442 aggeribus
1899 385 1944 425 re

2167 368 2218 422 ἀ.
2250 370 2313 420 Ὢ
2337 369 2432 440 τῆς
2459 367 2654 437 ἀλόγου
2687 366 2909 437 μανίαςῖ
2945 366 3077 438 πρὸς
3114 365 3179 438 ἣν
3217 368 3273 420 ἐν
3306 369 3423 430 τοῖς
3455 365 3663 420 πλείοσι

404 472 581 538 plens.
623 467 668 522 0
694 475 963 521 amentem
995 467 1267 520 furorem!
1316 464 1384 519 ad
1409 480 1572 536 quem
1605 463 1856 535 pluribus
1894 462 1978 516 vel

401 562 594 617 saltem
627 558 960 630 respondere
991 575 1080 614 res
1111 567 1196 613 est
1232 558 1485 612 ridicula.

475 654 535 709 Si
563 670 692 708 vero
722 653 887 708 vultis
912 653 1075 717 scire,
1111 653 1388 708 daemones
1409 653 1558 722 ipsos
1591 666 1701 706 non
1728 665 1851 706 esse
1873 664 1982 704 ma-

405 747 488 802 los
531 761 562 799 a
595 746 798 811 radice,
846 761 1022 816 neque
1049 746 1250 799 habere
1291 743 1531 798 radicem
1569 742 1690 797 vitii
1721 750 1777 797 et
1807 742 1982 810 turpi-

405 840 633 905 tudinis,
675 841 770 896 scd
817 841 1096 894 voluntate
1136 841 1242 892 huc
1285 836 1659 907 processisse,
1710 849 1834 890 cum
1871 849 1982 888 non

403 943 589 991 essent
615 943 807 988 natura
837 933 999 996 mali,
1032 945 1210 1002 neque
1241 939 1437 984 natura
1467 929 1692 1000 ascripti
1725 927 1983 998 ignoran-

405 1028 515 1092 tiae,
563 1043 672 1081 non
718 1042 822 1080 nox
870 1033 925 1080 et
954 1023 1195 1078 tenebrae
1241 1021 1541 1076 secundum
1591 1019 1980 1082 substantiam,

406 1120 502 1174 sed
530 1119 715 1174 habitu
746 1127 801 1173 et
828 1118 1047 1181 studiis,
1081 1125 1136 1171 et
1159 1115 1486 1169 tractatione
1517 1111 1832 1182 huiusmodi
1874 1119 1986 1165 stu-

403 1213 619 1267 diorum
669 1212 792 1266 t'acti
845 1212 1016 1274 tales,
1066 1209 1409 1279 inquiramus
1446 1203 1795 1276 disputando.
1827 1202 1983 1258 Catca

404 1306 573 1376 igitur
616 1316 811 1360 natura
860 1319 1038 1375 neque
1088 1304 1373 1358 minimum
1435 1300 1654 1372 quidem
1699 1307 1982 1369 aspectum

405 1398 649 1462 habebit,
685 1406 740 1452 et
770 1399 888 1467 ipsa
921 1394 1229 1466 ignorantia
1262 1408 1441 1464 neque
1475 1394 1675 1449 stillam
1717 1391 1986 1462 cognitio-

405 1491 492 1545 nis
529 1490 632 1546 sibi
665 1489 985 1552 vindicabit,
1032 1502 1210 1556 neque
1239 1501 1349 1540 nox
1379 1485 1498 1556 ipsa
1533 1492 1588 1540 et
1635 1485 1875 1540 tenebrae
1903 1483 1985 1539 sic

407 1591 602 1637 natura
647 1589 782 1636 orta:
822 1581 905 1634 vel
939 1580 993 1633 in
1027 1594 1257 1650 parvum
1298 1576 1647 1647 splendorem
1689 1575 1986 1629 mutabun-

406 1684 497 1731 tur
531 1695 544 1730 :
582 1680 802 1744 apparet
847 1681 1028 1726 autem
1061 1674 1386 1742 cognovisse
1424 1669 1701 1725 daemones
1731 1667 1984 1723 Salvato-

2082 461 2176 515 καὶ
2209 461 2379 529 γέλως
2404 461 2464 514 τὸ
2485 460 2615 530 γοῦν
2643 459 3056 532 ἀποκρίνασθαι.

2153 642 2216 694 ΕΞ
2247 640 2302 693 δὲ
2343 640 2595 711 βούλεσθε
2624 640 2833 712 μαθεῖν,
2857 642 2938 694 ὅτι
2985 642 3080 694 καὶ
3115 643 3166 694 οἱ
3207 641 3469 712 δαίμονες
3515 642 3663 693 αὐτοὶ

2047 729 2052 732 ’
2083 736 2183 789 ούκ
2222 735 2330 788 ἀπὸ
2377 735 2534 806 ῥίζης
2567 735 2672 788 εἰσὶ
2703 735 2881 798 κακοὶ,
2912 735 3033 787 ούδέ
3067 736 3220 805 ῥίζαν
3247 734 3488 797 ἀτοπίας
3515 733 3663 803 ἐχώ-

2087 844 2191 891 σιν,
2221 828 2356 882 ἀλλὰ
2396 829 2634 882 κάκεῖνοι
2668 828 2776 881 ἀπὸ
2805 827 3174 900 προαιρέσεως
3201 828 3294 880 ἐπὶ
3337 826 3506 880 τοῦτο
3545 825 3662 895 ἐλή-

2084 919 2329 987 λύθασιν,
2357 921 2419 974 οὑ
2445 922 2670 992 πονηροὶ
2701 921 2802 993 τὴν
2831 921 2990 990 φύσιν
3023 921 3194 986 ὄντες,
3219 922 3320 974 οὐκ
3349 921 3558 990 ἀγνοίᾳ
3587 921 3666 987 ἔγ-

2085 1012 2476 1084 γεγραμμένοι,
2505 1011 2628 1066 οὔτε
2662 1011 2758 1077 νὺξ
2781 1013 2872 1065 καὶ
2897 1012 3082 1075 σκότος
3113 1011 3212 1083 τὴν
3235 1011 3431 1064 οὐσίαν
3463 1011 3666 1078 τυγχά-

2084 1123 2288 1170 νοντες,
2314 1106 2428 1160 ἀλλ’
2459 1105 2569 1173 ἕξει
2615 1107 2708 1158 καὶ
2758 1104 3168 1176 ἐπιτηδεύμασι,
3207 1107 3270 1176 τῇ
3320 1093 3674 1176 ἐπιχειρήσὲι

2083 1199 2193 1252 τῶν
2221 1199 2476 1253 τοιούτων
2502 1199 2784 1269 γεγονότες
2803 1217 2816 1230 υ
2845 1199 2935 1252 τὸν
2963 1199 3119 1268 λόγον
3160 1197 3517 1267 ἐξετάσωμεν
3537 1213 3552 1226 ·
3587 1213 3676 1247 τυ-

2087 1291 2190 1364 φλὴ
2218 1292 2316 1363 μὲν
2353 1287 2445 1346 οῦν
2499 1291 2659 1362 φύσις
2713 1291 2835 1344 οὐδὲ
2881 1291 2939 1344 ἐν
2987 1290 3241 1364 ἐλαχίστῃ
3283 1289 3379 1342 καὶ
3418 1287 3674 1359 όλίγῃτῇ

2088 1384 2273 1455 βλέψει
2321 1385 2638 1456 γενήσεται·
2693 1385 2785 1437 καὶ
2825 1384 2962 1454 αὐτὴ
3012 1386 3046 1455 ὴ
3091 1383 3278 1451 ἄγνοια
3314 1381 3443 1435 οὐδὲ
3484 1381 3678 1451 {av-151

2087 1476 2340 1546 γνώσεως
2374 1479 2540 1548 ἑαυτῇ
2587 1477 3030 1548 προσποιήσεται,
3064 1474 3183 1528 οὐδὲ
3217 1473 3316 1537 νὺξ
3379 1473 3530 1543 αὐτὴ
3585 1472 3679 1524 καὶ

2089 1569 2279 1631 σκότος
2297 1567 2356 1621 τὸ
2376 1567 2519 1621 οῦτω
2547 1568 2786 1637 πεφυκὸς
2812 1567 2912 1621 κᾶν
2943 1569 3023 1631 εἰς
3055 1568 3310 1639 βραχεῖαν
3341 1565 3681 1637 λαμπηδόνα

2091 1661 2584 1733 μεταποιηθήσεται
2603 1680 2615 1692 ο
2667 1661 2944 1731 φαίνονται
2969 1662 3024 1714 δὲ
3071 1663 3164 1714 καὶ
3188 1663 3238 1714 οἱ
3265 1661 3536 1732 δαίμονες
3589 1661 3682 1713 καὶ

407 1778 543 1826 rem,
566 1776 629 1817 ac
653 1760 937 1814 Dominum
969 1761 1256 1816 confessos
1275 1776 1426 1814 esse:
1449 1757 1681 1826 Scimus,
1707 1759 1944 1830 intlllilllll

2164 1755 2316 1826 »τῆρα
2347 1754 2566 1820 εἰδότες,
2599 1754 2692 1808 καὶ
2722 1754 2924 1826 Κύριον
2944 1754 3329 1824 ὁμολογοῦντες
3348 1770 3364 1784 ο
3410 1754 3684 1824 Οἷδαμέγ

405 1856 525 1927 quis
568 1854 641 1908 sis
703 1850 876 1906 Filius
925 1851 1025 1906 Dei
1056 1853 1154 1906 vivi
1183 1853 1232 1907 ί.
1287 1851 1630 1923 Cognoscere
1661 1866 1840 1909 autem
1877 1870 1985 1908 non

408 1956 586 2020 potest
615 1945 946 2018 ignorantia,
990 1960 1168 2016 neque
1224 1944 1411 2001 videre
1464 1945 1703 2001 caecitas.
1770 1944 1983 2011 Sciunt,

407 2049 463 2096 et
523 2055 708 2096 verum
765 2039 956 2094 dicunt
1010 2039 1270 2104 scientes,
1341 2047 1396 2094 et
1459 2054 1569 2093 non
1622 2055 1719 2110 per
1777 2040 1986 2094 calum-

409 2133 556 2187 niam
587 2150 602 2199 ;
636 2131 826 2187 dicunt
871 2130 1017 2186 enim
1039 2173 1054 2197 ,
1097 2129 1313 2184 tametsi
1361 2144 1471 2184 non
1501 2129 1742 2200 legitima
1783 2139 1838 2185 et
1871 2131 1987 2184 sin-

407 2239 535 2280 cera
567 2223 874 2288 atiectione,
917 2221 1224 2278 veritatem.
1269 2219 1389 2276 Non
1433 2219 1546 2291 jam
1574 2221 1642 2278 de
1694 2237 1838 2277 caeca
1886 2237 1986 2276 na-

408 2326 532 2372 tura
558 2326 651 2370 aut
679 2315 990 2387 ignorantia
1020 2324 1387 2381 accusantur;
1444 2313 1649 2384 alioqui
1698 2329 1768 2369 ne
1815 2315 1982 2369 mini-

406 2421 558 2461 nium
593 2405 814 2476 quidem
864 2403 1152 2469 vidissent,
1186 2417 1290 2458 nec
1325 2401 1376 2458 ei
1413 2403 1690 2473 supplices
1725 2403 1981 2469 fuissent,

408 2513 588 2569 neque
617 2497 915 2553 cessissent
945 2494 1118 2561 dicto,
1149 2509 1328 2566 neque
1355 2509 1645 2550 secernere
1674 2495 1986 2565 potuissent

407 2606 534 2646 eum
564 2591 656 2662 qui
687 2590 960 2662 apparuit,
998 2588 1093 2644 sed
1125 2587 1308 2658 potius
1339 2587 1748 2642 existimassem
1772 2603 1839 2643 ex
1872 2590 1990 2645 suis

407 2699 550 2750 esse,
596 2683 838 2752 nihilque
878 2681 1020 2736 inter
1069 2680 1279 2748 seipsos
1311 2686 1365 2733 et
1403 2679 1554 2732 illum
1581 2679 1866 2734 interesse.

2091 1863 2184 1910 σε,
2215 1847 2308 1914 τίς
2337 1843 2410 1911 εἷ,
2441 1846 2708 1916 λέγοντες,
2753 1850 2784 1901 ό
2825 1847 2956 1913 Υἱὸς
2978 1847 3085 1900 τοῦ
3113 1847 3258 1900 Θεοῦ
3284 1846 3396 1899 τοῦ
3434 1846 3678 1911 ζῶντος.

2091 1937 2300 1992 Εξδέναι
2322 1939 2378 1992 δὲ
2393 1938 2581 2007 ἄγνοια
2599 1939 2659 1992 οὐ
2681 1938 2922 2002 δύναται,
2947 1940 3041 1992 καὶ
3056 1937 3272 2008 βλέπειν
3296 1937 3487 2009 τυφλὴ
3521 1938 3686 2008 φύσις

2089 2034 2189 2087 ούκ
2229 2033 2422 2104 ἰσχύει.
2467 2036 2661 2098 Ἴσασι,
2707 2035 2800 2088 καὶ
2848 2032 3200 2104 ἀληθεύουσιν
3233 2033 3468 2099 εἰδότες,
3497 2036 3594 2088 καὶ
3621 2036 3682 2087 ού

2093 2126 2550 2196 συκοφαντοῦντες
2590 2127 2838 2196 λέγουσι·
2870 2125 3087 2194 λέγουσι
3127 2126 3257 2196 γὰρ,
3285 2125 3448 2189 ὄντες
3477 2125 3585 2178 κᾶν
3609 2128 3686 2196 μὴ

2091 2219 2289 2290 γνησίᾳ
2337 2217 2610 2283 διαθέσει,
2673 2220 2770 2291 τὴν
2813 2219 3088 2291 ἀλήθειαν.
3129 2219 3328 2272 Οὐκέτι
3378 2221 3568 2292 τυφλῇ
3617 2222 3684 2290 τῇ

2091 2311 2249 2381 φύσει
2281 2310 2404 2365 οῦτε
2428 2314 2494 2384 τῇ
2546 2311 2740 2384 ἀγνοίᾳ
2777 2313 3208 2385 κατηγοροῦνται
3238 2331 3249 2342 ·
3358 2313 3481 2385 γὰρ
3509 2314 3579 2368 ἂν
3603 2316 3686 2367 ούη

2089 2404 2146 2457 δὲ
2172 2404 2232 2458 τὸ
2259 2403 2540 2476 ἐλάχιστον
2569 2404 2775 2477 ἐώρων,
2806 2404 2928 2459 οὔτε
2953 2407 3128 2460 ἱκέται
3155 2403 3320 2479 ἦσαν,
3345 2406 3481 2462 οὔτε
3515 2426 3683 2479 παρε-

2091 2495 2300 2569 χώρουν
2353 2496 2432 2569 τῷ
2483 2497 2780 2568 λεγομένῳ,
2821 2497 2946 2551 οῦτε
2990 2498 3262 2571 διέκριναν
3309 2499 3409 2554 τὸν
3445 2502 3681 2571 φανέντα

2089 2587 2249 2642 ἄλλον
2283 2586 2391 2641 τῶν
2419 2587 2626 2641 πολλῶν
2654 2583 2818 2652 εἶναι,
2863 2588 2956 2641 καὶ
3002 2587 3152 2641 οὐδὲν
3187 2588 3484 2661 διαφέρειν
3523 2591 3680 2644 αὐτόν

2089 2699 2151 2734 τε
2185 2681 2281 2735 καὶ
2309 2680 2523 2744 αὐτούς.

909 2798 1042 2854 CAP.
1079 2796 1295 2852 XXXII.
1331 2796 1517 2852 Preces
1551 2798 1849 2852 dwmonum
1896 2799 2025 2856 Deo.
2057 2801 2330 2870 Quomodo
2360 2802 2649 2870 puniantur
2668 2799 2928 2856 dwmones
2958 2801 3010 2854 in
3041 2799 3246 2869 inferis.

479 2913 585 2981 En,
637 2912 896 2968 animalia
933 2909 1043 2965 non
1089 2909 1297 2965 utentia
1336 2909 1550 2965 ratione
1588 2910 1865 2979 sapientes
1915 2911 1984 2968 ab

409 3005 794 3078 insipientibus
844 3017 955 3056 non
1000 3003 1403 3057 internoscunt.
1456 2999 1515 3055 Si
1555 3011 1737 3057 autem
1780 3017 1986 3075 cogno-

2175 2915 2305 2968 Ἰδοὺ
2329 2914 2438 2986 γὰρ
2459 2914 2526 2968 τὰ
2555 2914 2724 2983 ἄλογα
2755 2912 2869 2978 ζῶα
2899 2911 3100 2984 μεταξὺ
3136 2911 3321 2982 σοφῶν
3349 2929 3413 2964 τε
3437 2912 3542 2966 καὶ
3563 2911 3682 2967 ἀσό-

2090 3022 2208 3075 φων
2233 3007 2332 3060 οὑκ
2352 3006 2463 3078 ἔχει
2499 3006 2720 3072 ειδέναι,
2765 3008 2908 3058 ποῖοι
2946 3005 3118 3074 σοφοὶ,
3147 3005 3241 3058 καὶ
3284 3007 3438 3059 ποῖοι
3471 3007 3678 3075 ἄσοφοι.

408 3104 608 3153 verunt
640 3097 932 3162 dannones,
975 3101 1030 3150 et
1063 3101 1286 3165 propter
1321 3093 1594 3164 judicium
1639 3095 1805 3150 soluti
1861 3112 1944 3152 sui

2207 3099 2263 3152 δὲ
2317 3097 2560 3168 ἔγνωσαν
2607 3099 2656 3152 οι
2704 3097 2978 3168 δαίμονες,
3012 3097 3108 3151 καὶ
3147 3096 3432 3168 διάκρισιν
3490 3100 3682 3163 εἰδότες

409 3191 526 3262 lege
550 3205 661 3244 non
684 3186 1092 3244 internoscendi
1122 3185 1268 3240 aliud
1290 3187 1360 3241 ab
1386 3187 1513 3252 alio,
1547 3195 1601 3243 et
1632 3187 1990 3258 dijudicando

409 3289 748 3354 agnoverunt
787 3281 948 3347 talia;
987 3277 1332 3334 convincitur
1355 3293 1464 3334 non
1496 3286 1750 3334 naturam
1791 3280 1847 3335 in
1886 3281 1992 3337 hac

408 3393 491 3442 re,
522 3377 616 3434 sed
645 3376 982 3430 voluntatem
1006 3371 1282 3428 moderari
1316 3389 1331 3427 :
1365 3372 1617 3442 quamvis
1649 3373 1795 3428 enim
1823 3390 1993 3446 aegro-

406 3477 488 3525 tet
512 3471 788 3535 voluntas,
808 3467 1060 3538 quamvis
1087 3473 1254 3534 erret,
1285 3481 1397 3520 non
1425 3474 1608 3522 tamen
1633 3465 1838 3522 desinit
1867 3481 1991 3523 esse

408 3561 639 3617 rationis
676 3561 989 3631 particeps;
1034 3559 1170 3629 quin
1204 3559 1389 3629 potius
1419 3574 1530 3613 non
1559 3569 1643 3615 est
1667 3560 1772 3615 hoc
1818 3561 1990 3616 inter-

405 3660 672 3722 emptum.
730 3649 824 3704 Sic
857 3649 1134 3705 dzemones
1178 3659 1518 3721 agnoverunt
1559 3667 1717 3714 eum,
1765 3667 1990 3722 rogave-

408 3750 558 3809 runt,
608 3741 882 3811 supplices
930 3739 981 3796 ei
1027 3739 1280 3806 fuerunt,
1325 3756 1394 3796 ne
1432 3739 1651 3812 iuberet
1697 3755 1795 3796 eos
1837 3741 1990 3797 abire

409 3834 466 3889 in
517 3834 798 3906 abyssum.
865 3831 922 3887 Si
953 3839 1112 3888 erant
1151 3831 1248 3887 lilii
1278 3833 1486 3906 abyssi,
1521 3833 1568 3888 si
1607 3834 1985 3904 cognationem

407 3939 532 3980 cum
559 3926 754 3997 abysso
787 3925 1083 3991 habebant,
1117 3939 1218 3980 cur
1257 3933 1491 3996 cognata
1525 3924 1843 3996 refugiunt?
1890 3941 1991 3979 cur

407 4011 648 4066 radicem
677 4028 832 4067 suam
872 4014 1163 4068 recusant?
1201 4015 1391 4086 potius
1419 4015 1564 4069 enim
1602 4029 1722 4069 eam
1753 4014 1987 4085 amplexi

405 4113 612 4170 essent,
646 4106 972 4162 arbitrantes
1005 4109 1251 4178 requiem
1278 4125 1432 4163 suam
1462 4124 1585 4164 esse
1615 4108 1670 4162 in
1697 4109 1988 4177 cognatio-

407 4213 478 4252 ne
517 4199 776 4269 positam,
818 4197 1090 4268 siquidem
1123 4198 1178 4253 in
1211 4199 1462 4270 cognatis
1491 4200 1549 4252 ﬁt
1575 4199 1875 4264 recreatio;
1931 4198 1988 4252 in

327 4308 335 4316 ·
405 4290 710 4363 peregrinis
737 4305 868 4345 vero
897 4300 952 4345 et
985 4291 1180 4346 alienis
1204 4291 1585 4346 atllictationes
1612 4309 1625 4345 :
1664 4292 1838 4362 magis
1871 4297 1988 4346 erat

404 4379 516 4436 illis
539 4380 880 4438 recusandus
905 4377 1100 4449 Jesus;
1127 4381 1302 4452 magis
1330 4380 1670 4437 recusandus
1698 4381 1789 4435 hic
1809 4380 1984 4447 locus,

2089 3191 2447 3246 ἀπολέλυνται
2479 3190 2592 3262 (13)
2619 3189 2710 3244 τοῦ
2753 3189 3090 3263 ἀδιακρίτου,
3111 3188 3390 3260 διακρίσει
3424 3190 3491 3244 τὺ
3518 3191 3682 3246 τοιοῦ-

2088 3300 2180 3336 τον
2219 3283 2619 3352 ἐπεγνωκότες·
2654 3281 2934 3352 ἐλέγχεται
2961 3283 3054 3334 καὶ
3077 3282 3134 3335 ἐν
3161 3281 3343 3352 τούτῳ
3382 3283 3464 3354 μὴ
3505 3283 3682 3353 φύσις,

2088 3374 2226 3428 ἀλλὰ
2277 3375 2591 3448 προαίρεσις
2659 3372 3073 3444 πρυτανεύουσα
3098 3389 3114 3405 ο
3169 3372 3276 3425 κᾶν
3341 3373 3462 3444 γὰρ
3521 3374 3682 3444 νοήσῃ

2090 3465 2432 3537 προαίρεσις,
2467 3464 2569 3518 κᾶν
2622 3462 2820 3533 σφάλῃ,
2861 3463 3012 3534 ὅμως
3043 3461 3139 3516 τοῦ
3164 3457 3304 3514 εἶναι
3338 3462 3548 3537 λογικὴ
3591 3465 3684 3516 οὐκ

2087 3559 2458 3628 ἀπήλλακται,
2483 3556 2597 3609 ἀλλ’
2633 3557 2747 3626 ἔχει
2773 3555 2931 3610 τοῦτο
2965 3555 3039 3625 μὴ
3069 3553 3501 3626 διεφθαρμένον.
3532 3557 3683 3611 Οὕτω

2090 3649 2183 3702 καὶ
2223 3648 2471 3718 δαίμονες
2492 3647 2808 3716 ἐπέγνωσαν
2846 3645 3032 3700 αὐτόν·
3060 3645 3432 3717 ἐλιπάρησαν,
3474 3649 3684 3702 ἱκέτευ-

2090 3758 2208 3806 σαν,
2237 3741 2323 3796 ἴνα
2345 3741 2418 3812 μὴ
2442 3739 2670 3812 ἐπιτάξῃ
2690 3740 2872 3802 αὐτοῖς
2897 3740 2976 3803 είς
3005 3739 3106 3812 τὴν
3129 3738 3373 3793 ἄϐυσσον
3403 3741 3680 3796 ἀπελθεῖν.

2090 3835 2152 3888 Εἰ
2181 3835 2279 3906 τῆς
2308 3835 2544 3890 ἀϐύσσου
2568 3835 2755 3897 παῖδες
2789 3829 2948 3906 ἦσαν,
2985 3835 3033 3886 εἰ
3059 3832 3391 3902 συγγένειαν
3419 3838 3566 3908 πρὸς
3593 3836 3684 3907 τὴν

2089 3924 2322 3979 ἄϐυσσον
2356 3919 2522 3992 εἶχον,
2583 3923 2634 3976 τί
2665 3921 2924 3991 φεύγουσι
2962 3921 3031 3975 τὰ
3063 3923 3340 3994 συγγενῆ;
3377 3924 3432 3976 τί
3462 3928 3569 3996 τὴν
3613 3928 3683 3980 οὶ-

2089 4015 2240 4069 κείαν
2303 4014 2686 4085 παραιτοῦνται
2726 4009 2913 4083 ρίζαν;
2963 4014 3163 4086 μᾶλλον
3192 4015 3303 4087 γὰρ
3366 4017 3437 4069 ἂν
3509 4017 3683 4087 tas-si-

2092 4124 2249 4160 σαντο
2277 4107 2596 4160 ἀνάπαυλαν
2628 4107 2834 4160 ἑαυτῶν
2863 4107 2959 4179 τὴν
2993 4107 3312 4176 συγγένειαν
3344 4109 3648 4179 ἡγούμενοι
3669 4127 3680 4137 ·

2089 4201 2147 4252 ἐν
2177 4198 2282 4269 γὰρ
2305 4200 2418 4260 τοῖς
2437 4198 2752 4266 συγγενέσιν
2781 4201 2814 4269 ή
2841 4197 3138 4269 ἀνάκτησις
3161 4197 3400 4266 γίνεται,
3435 4201 3500 4252 ἐν
3522 4199 3582 4251 δὲ
3601 4199 3680 4264 ξέ-

2089 4308 2199 4353 νοις
2251 4291 2307 4342 αἱ
2353 4289 2658 4354 κακῶτεις·
2700 4290 2900 4360 μᾶλλον
2943 4289 3048 4361 γὰρ
3100 4290 3209 4343 ἔδει
3242 4290 3450 4353 αὐτοὺς
3494 4308 3681 4358 παραι-

2087 4384 2296 4439 τεῖσθαι
2323 4383 2415 4437 τὸν
2453 4383 2694 4453 Ἰησοῦν·
2753 4383 2952 4454 μᾶλλον
3001 4382 3057 4435 δὲ
3101 4382 3208 4434 ἔδει
3241 4383 3448 4444 αὐτοὺς
3486 4400 3680 4454 mpm-

405 4473 500 4528 ubi
546 4473 676 4528 boni
709 4479 766 4529 et
809 4474 950 4544 aequi
984 4481 1145 4538 sunt;
1181 4472 1594 4544 amplectendus
1622 4487 1756 4528 vero
1777 4473 1944 4528 discet

2164 4477 2300 4530 ῐσθαι
2349 4475 2412 4530 τὸ
2463 4452 2704 4530 ἐνταῦθα
2757 4452 2983 4547 χωρίον,
3043 4474 3171 4528 ἔνθα
3240 4474 3540 4528 σπουδαῖοι
3578 4452 3680 4528 ini

404 4580 504 4622 sus
533 4565 588 4620 in
618 4565 898 4638 abyssum.
933 4565 1141 4621 Contra
1169 4579 1298 4622 vero
1333 4564 1466 4622 dum
1499 4573 1778 4632 recusant,
1807 4573 1862 4622 et
1897 4579 1989 4621 ca-

403 4666 556 4723 vent,
607 4668 662 4714 et
692 4658 823 4714 illuc
868 4657 1020 4715 abire
1045 4658 1376 4724 detrectant,
1410 4657 1522 4714 imo
1561 4658 1632 4714 ob
1669 4657 1815 4714 hanc
1853 4672 1988 4713 cau-

407 4761 523 4804 sam
553 4748 828 4819 supplices
856 4758 1037 4814 orant,
1069 4748 1204 4804 satis
1235 4748 1422 4804 indicii
1450 4747 1743 4815 dederunt,
1775 4749 1983 4804 nullam

405 4854 468 4895 se
511 4836 974 4894 necessitudinem
1035 4846 1090 4894 et
1115 4838 1500 4910 cognationem
1543 4854 1670 4895 cum
1707 4841 1830 4896 loco
1869 4846 1987 4895 tor—

403 4938 715 4986 mentorum
747 4929 978 4996 habere;
1014 4929 1152 4984 nihil
1192 4932 1340 4986 enim
1376 4933 1622 5003 seipsum
1651 4932 1895 5000 alllictat,
1931 4939 1987 4988 et

405 5025 550 5078 man
580 5022 782 5078 allicit:
816 5038 976 5078 omne
1006 5031 1188 5078 autem
1223 5025 1370 5096 quod
1398 5025 1714 5093 aﬂlictatur,
1738 5035 1793 5081 et
1838 5025 1984 5081 malo

407 5114 659 5179 allicitur,
685 5115 756 5168 ab
777 5115 886 5169 alio
932 5115 1252 5172 atilictatur:
1281 5132 1509 5174 necesse
1538 5119 1683 5174 enim
1722 5127 1807 5173 est
1840 5119 1985 5188 quod

408 5207 627 5260 atllictat
678 5222 786 5260 non
841 5207 914 5262 sit
972 5208 1059 5262 sui
1109 5209 1386 5265 alllictatio
1429 5226 1494 5264 ac
1535 5213 1836 5274 cruciatus,
1890 5208 1986 5265 scd

407 5302 633 5356 alterius
679 5301 826 5370 quod
877 5309 1066 5371 aptum
1116 5312 1306 5358 natum
1349 5313 1454 5372 est,
1495 5312 1556 5361 ut
1593 5305 1882 5360 alllictetur
1934 5312 1988 5358 ct

407 5395 552 5446 malo
577 5391 861 5446 adiciatur.

483 5554 498 5578 '
529 5548 692 5604 Marc.
728 5566 768 5614 I,
802 5552 891 5618 24;
930 5553 1062 5607 Luc.
1097 5569 1168 5620 tv,
1197 5555 1282 5609 54.

2086 4568 2373 4633 ἐπιεικεῖς,
2429 4565 2773 4632 ἀσπάζεσθαι
2822 4565 2881 4619 δὲ
2934 4565 3031 4637 τὴν
3082 4563 3320 4620 ἄϐυσσον
3375 4564 3411 4635 ἢ
3456 4565 3572 4637 τὴν
3628 4567 3677 4616 ὲν

2091 4661 2311 4732 ἀϐύσσῳ
2332 4659 2536 4731 ἄφιξιν.
2567 4660 2999 4733 Παραιτούμενοι
3027 4658 3083 4712 δὲ
3118 4658 3212 4712 καὶ⁵
3256 4657 3677 4731 φυλαττόμενοι,

2091 4755 2186 4809 καὶ
2240 4753 2459 4808 ἀπιέναι
2506 4753 2625 4806 ἐκεῖ
2671 4753 2774 4806 οὐκ
2823 4752 3163 4824 ἀνεχόμενοι,
3191 4750 3308 4806 ἀλλ’
3339 4751 3680 4811 ἱκετεύοντες

2087 4847 2186 4918 τῆς
2220 4848 2399 4912 αἰτίας
2425 4847 2628 4917 ταύτης
2652 4846 2832 4919 χάριν,
2867 4844 3047 4900 ἱκανὸν
3082 4847 3384 4915 τεκμήριον
3409 4843 3679 4898 δεδώκασι

2091 4939 2364 5012 μηδεμίαν
2393 4939 2592 5002 αὐτοὺς
2627 4937 2865 5009 φυσικὴν
2901 4934 3220 5004 συγγένειαν
3245 4933 3386 5005 πρὸς
3416 4932 3496 4987 τὰ
3524 4935 3678 4989 κολα-

2091 5034 2288 5104 στήρια
2327 5030 2470 5101 ἔχειν
2490 5047 2505 5062 ο
2539 5029 2795 5082 οὐδέποτε
2826 5027 2934 5099 γὰρ
2965 5027 3116 5080 οὐδὲν
3154 5025 3317 5080 ἐαυτὸ
3344 5029 3520 5078 κακοί
3540 5045 3555 5058 ·
3584 5027 3677 5078 πᾶν

2088 5123 2145 5176 δὲ
2196 5123 2530 5193 κακούμενον
2563 5123 2654 5174 ὑπ’
2685 5122 2846 5176 ἄλλου
2874 5119 3139 5174 κακοῦται
3159 5135 3174 5150 ο
3211 5118 3428 5188 ἀνάγκη
3476 5119 3596 5190 γὰρ
3627 5115 3675 5168 τὸ

2090 5217 2294 5270 κακοῦν
2357 5215 2432 5287 μὴ
2483 5214 2678 5268 ἐαυτοῦ
2737 5211 2876 5268 εἶναι
2903 5213 3168 5281 κάκωσιν,
3207 5211 3323 5267 ἀλλ’
3360 5211 3566 5284 ἐτέρου
3594 5206 3675 5263 τοῦ

2089 5310 2391 5380 πεφυκότος
2427 5307 2728 5380 πάσχειν,ἢ
2757 5304 3076 5361 κακοῦσθαι.

483 5664 592 5732 (l3)
647 5667 919 5722 Ἀπολῶ.
958 5669 1091 5726 Huic
1133 5672 1235 5742 legi
1272 5672 1511 5728 serviunt
1545 5679 1592 5727 ct
1635 5679 1821 5742 parcnt
1860 5668 2113 5724 animalia
2142 5666 2368 5723 rationis
2395 5665 2654 5736 expertia.
2687 5662 2857 5719 Tuan.
