3782 6166
113 189 256 258 m7

1213 203 1589 266 ADVERSUS
1632 202 2062 261 MANICHEOS
2101 203 2229 262 LIB.
2267 201 2311 261 1.

3238 194 3374 251 1118

192 319 328 374 Ἰδοὺ
354 319 414 373 τὸ
445 317 558 391 πῦρ
609 320 768 375 ἑαυτὸ
801 321 861 376 οὐ
884 321 1029 378 καίει
1054 339 1066 352 ⁸
1099 321 1286 396 ἕτερον
1315 323 1425 395 γὰρ
1479 323 1573 376 καὶ
1599 321 1697 390 ούχ

1875 318 2017 374 Ecce
2062 318 2204 390 ignis
2257 330 2367 372 non
2408 312 2681 371 comburit
2717 327 2812 375 se,
2849 309 2943 366 sed
2980 308 3146 375 aliud,
3199 324 3376 380 neque

109 411 277 466 ἑαυτὸ
309 410 595 466 ἀναλώσει.
639 413 770 468 Ἰδοὺ
800 414 860 467 τὸ
888 413 1030 486 ὕδωρ
1057 413 1218 470 ἑαυτὸ
1245 415 1302 468 οὐ
1326 411 1657 477 κατακλύζει
1680 428 1694 443 ·

107 503 176 556 τά
206 503 320 576 γὰρ
347 503 508 575 ἕτερα
524 504 864 559 κατακλῦσαι
893 496 1054 570 δῖδεν,
1082 505 1242 558 ἑαυτὸ
1273 505 1330 560 δὲ
1357 504 1697 560 κατακλύσαι

108 596 209 648 οὐκ
239 594 375 666 ἔχει.
407 597 538 650 Ἰδοὺ
584 598 613 650 ό
651 597 758 669 ἀὴρ
778 597 971 670 ψύχειν
1010 598 1201 652 ἑαυτὸν
1225 599 1326 652 οὐκ
1367 593 1505 653 οἶδεν
1527 615 1542 630 ο
1578 599 1699 652 ἐπεὶ

108 687 220 740 πᾶν
249 687 314 741 τὸ
342 687 484 761 δρῶν
508 688 601 743 καὶ
636 689 838 744 κακοῦν
871 689 1055 762 ἔτερόν
1071 708 1124 744 τι
1140 694 1301 746 κακοῖ
1319 692 1412 745 καὶ
1431 691 1590 746 λυπεῖ
1607 709 1620 723 ο
1650 692 1699 745 εί

106 779 164 832 δὲ
205 779 353 852 κακὴ
381 782 416 854 ἡ
442 781 696 850 ἄϐυσσος,
709 783 802 837 καὶ
816 782 1174 838 κακοῦνταιοί
1190 785 1439 856 δαίμονες
1471 785 1574 839 ὑπὸ
1600 785 1701 858 τῆς

108 869 373 938 ἀϐύσσου,
407 873 504 927 καὶ
566 872 984 946 βασανιστήριον
1025 875 1122 946 μὲν
1172 877 1206 946 ή
1236 875 1493 939 ἄϐυσσος,
1540 890 1698 945 στρε-

108 962 367 1018 ϐλοῦνται
389 965 446 1019 δὲ
481 967 530 1018 ot
566 965 840 1038 δαίμονες,
872 966 1057 1021 οὐκέτι
1085 966 1163 1040 τῷ
1185 967 1355 1039 ὁμοίῳ
1383 966 1698 1038 βασανίζον-

109 1073 220 1118 ται,
242 1056 358 1109 ἀλλ’
382 1057 556 1130 ἕτεροι
585 1058 732 1122 ὄντες
744 1058 846 1112 ὑπὸ
871 1058 1057 1130 ἑτέρου
1076 1059 1462 1130 βασανίζονται
1479 1075 1491 1088 ·
1517 1057 1699 1111 ούκέτι

107 1147 211 1219 τῆς
249 1149 467 1218 φύσεως
511 1149 716 1221 ταύτης
772 1149 894 1204 οὐδὲ
940 1150 1043 1221 τῆς
1092 1151 1308 1214 ούσίας·
1360 1151 1555 1220 ἐτέρας
1591 1146 1700 1220 γὰρ

109 1240 327 1314 ἐδείχθη
372 1242 559 1316 οὐσίας
603 1245 638 1316 ή
669 1243 924 1308 ἄϐυσσος.
973 1243 1084 1298 Καὶ
1115 1243 1324 1315 ὅτιμὲν
1358 1244 1406 1296 οἱ
1447 1243 1701 1313 δαίμονες

111 1333 305 1406 ἑτέρου
331 1334 527 1404 γένους
561 1336 656 1390 καὶ
693 1337 886 1408 ἐτέρας
909 1336 1098 1400 οὐσίας
1130 1335 1280 1411 παρὰ
1305 1337 1404 1409 τὴν
1440 1335 1698 1397 ἄϐυσσον,

116 1425 280 1480 ἱκανά
323 1426 392 1482 τά
439 1427 738 1499 εἰρημέναο
775 1429 871 1482 καὶ
899 1427 1038 1500 αὕτη
1071 1426 1127 1480 δὲ
1157 1429 1191 1500 η
1217 1427 1452 1492 ἄϐυσσος
1482 1427 1701 1498 βασανι-

115 1519 339 1591 πήριον
376 1518 474 1590 μὲν
527 1517 644 1572 ἐστι
687 1519 782 1573 καὶ¹
814 1518 1193 1589 κολαστήριον,
1223 1517 1324 1570 ούκ
1365 1515 1582 1570 αἰώνιον
1621 1515 1697 1578 δὲ,

112 1609 234 1664 οῦτε
291 1612 606 1685 ἀγέννητον,
661 1612 776 1668 ἀλλ’
821 1612 1046 1685 ὕστερόν
1092 1628 1223 1666 ποτε
1282 1610 1698 1682 γεγεννημένον,

113 1702 209 1772 ὀψέ
234 1721 366 1758 ποτε
394 1705 784 1777 πεποιημένον,
807 1707 928 1760 ἀντὶ
963 1706 1255 1777 φαρμάκου
1295 1704 1392 1758 καὶ
1422 1702 1700 1774 βοηθήμα-

115 1813 204 1860 τος
228 1798 344 1863 τοῖς
364 1798 762 1871 ἡμαρτηκόσιν.
820 1799 984 1870 Ἱεραὶ
1021 1791 1131 1870 γάρ
1163 1797 1220 1850 αἱ
1250 1797 1531 1868 μάστιγες,
1563 1795 1700 1868 φάρ-

120 1907 294 1960 μακον
342 1886 497 1946 οὖσαι
546 1892 655 1945 τῶν
705 1892 1104 1966 ἡμαρτηκότων
1133 1908 1147 1920 ο
1209 1889 1349 1961 ἱεραὶ
1393 1889 1451 1943 αἱ
1492 1888 1702 1959 πληγαὶ

120 1981 439 2054 βοηθήματα
467 1984 834 2056 τυγχάνουσαι
867 1983 976 2037 τῶν
1007 1982 1320 2052 σφαλέντων
1339 1997 1353 2012 ο
1383 1981 1444 2034 ού
1471 1981 1582 2052 γάρ
1614 1980 1701 2033 ἵνα

116 2068 217 2130 ὦσι
248 2076 415 2131 κακοὶ
459 2078 516 2132 αἱ
554 2077 760 2149 πληγαὶ
803 2076 1124 2146 γεγόνασιν,
1158 2073 1273 2129 ἀλλ’
1307 2074 1456 2138 ὅπως
1491 2073 1568 2145 μὴ
1598 2066 1700 2126 ὧσι

118 2169 279 2222 κακοὶ
339 2169 628 2238 γεγόνασιν
683 2171 738 2223 αἱ
800 2170 1092 2240 μάστιγεςο
1122 2165 1450 2238 λυπούμενοι
1492 2165 1601 2238 γάρ
1632 2166 1700 2237 τῇ

121 2261 299 2333 πληγῇ
337 2262 388 2314 οἱ
431 2263 591 2316 κακοὶ⁵
618 2264 684 2334 τῇ
720 2261 942 2334 μάστιγι
971 2259 1254 2315 κολοϐοῦσι
1277 2257 1346 2312 τὰ
1396 2257 1572 2311 κακά’
1613 2255 1704 2310 διὰ

119 2353 274 2408 τοῦτο
305 2353 430 2408 οὐδὲ
473 2353 574 2418 τὰς
604 2353 874 2418 ἀϐύσσους
920 2353 1248 2426 μεμφόμεθα
1267 2369 1283 2383 ·
1315 2350 1429 2406 ἀλλ’
1457 2347 1701 2421 οἴδαμεν,

121 2443 199 2496 ὅτι
225 2443 648 2515 βασανιστήριον
671 2443 765 2497 καὶ
803 2443 1156 2516 κολαστήριον
1181 2444 1457 2514 γεγόνασι,
1488 2460 1701 2515 σωφρο-

121 2535 310 2606 νισμὸς
343 2534 454 2587 τῶν
484 2534 884 2607 ἡμαρτηκότων
912 2537 1298 2606 τυγχάνουσαι.

191 2627 250 2680 El
278 2626 338 2680 δὲ
361 2629 776 2700 βασανιστήριον
799 2628 891 2682 καὶ
920 2627 1350 2700 στρεϐλωτήριον
1377 2629 1412 2700 ἡ
1444 2626 1702 2694 ἄϐυσσος,

126 2717 509 2790 στρεϐλοῦνται
549 2719 607 2773 δὲ
640 2720 735 2774 καὶ
779 2718 1159 2790 βασανίζονται
1214 2722 1264 2773 οῖ
1314 2720 1587 2790 δαίμονες,
1611 2718 1706 2773 καὶ

122 2810 217 2880 τήν
246 2810 439 2866 ούσίαν
487 2810 702 2884 ἔχουσιν
751 2811 964 2882 εὐπαθῆ
999 2812 1136 2883 πρὸς
1187 2810 1256 2865 τά
1288 2811 1704 2883 βασανιστήρια,

122 2901 216 2956 καὶ
238 2902 494 2959 δύνανται
537 2903 682 2974 ἔχειν
717 2905 813 2961 καὶ
852 2903 1141 2975 ἀλγηδόνα,
1173 2904 1486 2958 ὑπόκεινται
1510 2903 1602 2956 καὶ
1627 2919 1704 2956 τι·

1801 428 1860 469 se
1904 412 2199 469 consumit.
2263 407 2402 464 Ecce
2455 422 2597 477 aqua
2659 421 2768 460 non
2815 404 3044 458 inundat
3109 401 3374 472 seipsam,

1800 519 1921 575 qua:
1954 503 2060 558 alia
2106 501 2375 556 inundare
2417 499 2576 562 solet,
2636 512 2696 552 se
2721 511 2850 550 vero
2886 496 3002 566 ipsa
3028 509 3136 547 non
3171 501 3374 562 potest.

1800 596 1941 651 Ecce
1977 610 2092 661 aer,
2116 593 2442 664 refrigerare
2477 606 2537 646 se
2568 590 2684 661 ipse
2723 603 2831 643 non
2864 594 3078 658 potest,
3115 585 3377 656 quoniam

1799 704 1961 745 omne
2007 687 2152 760 quod
2201 686 2335 741 facit
2376 692 2431 740 et
2459 684 2692 749 cruciat,
2737 679 2884 735 aliud
2907 678 3038 751 quid
3071 678 3283 731 cruciat
3324 684 3379 729 et

1801 779 1991 837 dolore
2023 779 2207 839 afﬁcit.
2264 778 2320 833 Si
2359 785 2539 831 autem
2573 775 2806 848 abyssus
2834 773 3045 826 cruciat
3085 777 3140 825 et
3177 769 3378 824 daemo-

1803 888 1904 928 nes
1945 871 2267 927 cruciantur
2292 870 2360 924 ab
2390 870 2506 940 ipsa
2543 867 2762 939 abysso,
2799 873 2990 935 estque
3030 864 3266 935 abyssus
3296 861 3379 915 lo-

1801 981 1904 1020 cus
1929 971 2364 1028 tormentorum;
2398 966 2722 1031 torquentur
2755 957 2904 1013 enim
2939 956 3237 1017 darmones,
3267 969 3380 1008 non

1797 1057 1909 1128 jam
1939 1061 2265 1126 torquentur
2295 1068 2326 1106 a
2367 1051 2556 1114 simili,
2589 1049 2684 1106 sed
2718 1049 2808 1102 alii
2851 1063 2975 1102 cum
3009 1049 3138 1112 sint,
3181 1046 3250 1100 ab
3271 1046 3381 1100 alio

1803 1155 2176 1220 torquentur;
2211 1159 2321 1200 non
2351 1145 2417 1197 ab
2449 1143 2552 1197 hac
2596 1149 2793 1196 natura
2825 1153 3002 1210 neque
3046 1138 3378 1200 substantia,

1801 1257 1908 1314 qua
1933 1240 2144 1296 scilicet
2166 1236 2442 1292 daemones
2470 1247 2599 1290 sunt
2629 1253 2642 1288 :
2680 1233 2906 1287 alterius
2934 1231 3080 1286 enim
3117 1230 3380 1285 substan-

1803 1337 1890 1390 tiae
1913 1341 1999 1390 εει
2041 1332 2295 1404 abyssus.
2344 1327 2521 1398 Atque
2566 1341 2688 1382 esse
2728 1325 2946 1396 quidem
2994 1323 3269 1378 daemones
3301 1321 3380 1376 al-

1801 1427 1973 1483 terius
1993 1423 2211 1497 generis
2245 1436 2309 1477 ac
2333 1419 2658 1477 substantiae
2681 1425 2876 1488 praeter
2917 1415 3100 1488 abyssi
3131 1415 3382 1470 substan-

1801 1519 1956 1583 tiam,
1980 1516 2115 1573 satis
2141 1531 2207 1571 ει
2238 1515 2306 1570 iis
2333 1528 2454 1584 qua:
2503 1511 2652 1566 dicta
2685 1517 2844 1574 sunt,
2877 1508 3226 1580 perspicitur.
3259 1505 3380 1576 Ipsa

1801 1624 1931 1664 vero
1972 1607 2205 1680 abyssus
2239 1605 2394 1660 locus
2436 1611 2521 1659 est
2557 1611 2952 1657 tormentorum
2982 1615 3046 1654 ac
3085 1599 3384 1669 supplicio-

1801 1719 1944 1766 rum,
1971 1717 2079 1757 non
2110 1709 2290 1755 tamen
2324 1707 2705 1760 mternusmec
2743 1695 3015 1766 ingenitus
3043 1711 3057 1760 ;
3094 1692 3190 1748 sed
3225 1697 3380 1762 post-

1799 1812 1864 1852 ea
1894 1795 2014 1861 fuit,
2044 1807 2168 1850 sero
2210 1790 2428 1845 tandem
2469 1788 2648 1843 factus
2674 1827 2689 1852 ,
2749 1794 2808 1840 ut
2842 1793 2988 1841 esset
3033 1783 3302 1838 medicina
3327 1789 3383 1838 ct
3486 1847 3492 1856 ν

1801 1903 1958 1960 Opem
2005 1886 2173 1941 ferret
2219 1882 2598 1954 peccantibus.
2655 1878 2839 1934 Sacra:
2888 1885 3018 1934 sunt
3066 1878 3235 1948 plaga:
3263 1889 3387 1947 qua

1801 1990 1931 2038 sunt
1973 1977 2213 2034 remedia
2251 1982 2307 2031 et
2341 1973 2542 2028 auxilia
2589 1965 2936 2037 erratorum;
2983 1984 3094 2023 non
3135 1969 3280 2024 enim
3323 1976 3385 2024 ut

1803 2073 1915 2128 sint
1938 2069 2090 2134 mali,
2123 2067 2282 2123 facta:
2313 2074 2444 2123 sunt
2474 2065 2665 2136 plagae,
2691 2063 2786 2118 sed
2833 2071 2893 2116 ut
2927 2077 3036 2116 non
3083 2061 3195 2117 sint
3230 2059 3384 2129 mali,

1801 2165 2030 2221 verbera
2080 2161 2306 2216 inducta
2335 2168 2502 2225 sunt;
2537 2156 2666 2210 mali
2699 2155 2845 2210 enim
2889 2154 3077 2210 dolore
3102 2153 3384 2224 plagarum

1803 2263 2088 2330 amputant
2121 2263 2175 2310 et
2202 2253 2511 2324 prmcidunt
2549 2250 2704 2305 vitia.
2731 2247 2941 2304 Idcirco
2963 2262 3074 2302 non
3105 2247 3386 2318 querimur

1802 2351 1871 2406 de
1921 2347 2170 2421 abyssis;
2226 2346 2362 2416 quin
2404 2343 2590 2414 potius
2642 2339 2934 2395 tormentis
2985 2345 3041 2393 et
3100 2335 3386 2408 suppliciis

1804 2451 2011 2507 scimus
2044 2446 2301 2520 castigari
2336 2460 2401 2500 ac
2440 2443 2646 2514 corrigi
2683 2457 2780 2498 eos
2816 2439 2912 2512 qui
2947 2439 3294 2510 deliquerunt

1878 2645 1934 2701 Si
1966 2655 2146 2701 autem
2177 2644 2411 2715 abyssus
2441 2649 2544 2707 est,
2596 2641 2688 2696 ubi
2735 2640 3012 2696 daemones
3061 2643 3390 2708 torquentur

1806 2745 1860 2794 et
1886 2737 2156 2808 supplicio
2187 2734 2521 2797 afﬁciuntur,
2555 2742 2607 2788 et
2651 2733 3012 2788 substantiam
3044 2730 3247 2785 habent
3267 2744 3390 2800 qua:

1808 2827 1994 2884 subire
2026 2834 2203 2896 potest
2233 2835 2506 2880 tormenta
2538 2831 2593 2877 ct
2631 2824 2872 2878 dolorem
2921 2823 3148 2887 sentire,
3177 2827 3233 2876 et
3259 2835 3390 2891 sup-

1808 2919 1969 2991 plicia
2010 2917 2304 2981 sustinent,
2345 2923 2400 2972 et
2427 2915 2630 2972 habent
2678 2900 3173 2970 remunerationem
3200 2925 3394 2982 pana.

127 2992 323 3065 μωρίᾳ,
345 2993 440 3047 καὶ
455 2993 738 3066 ἀντίληψιν
761 2993 944 3065 ἔχουσι
967 2993 1074 3048 τῶν
1094 2993 1386 3060 κολάσεων,
1415 2991 1533 3056 πῶς
1555 2992 1713 3062 ἀγέν-

1860 3026 1940 3064 um
1980 3008 2180 3079 quibus
2222 3009 2560 3076 puniuntur,
2616 3004 2895 3082 quomon
2946 3003 3219 3084 ingeniti?
3255 3017 3393 3072 quo—

125 3101 304 3156 νητοι;
345 3084 465 3150 πῶς
495 3086 616 3154 ἀεί;
672 3085 790 3150 πῶς
841 3087 1098 3140 οὐδέποτε
1145 3086 1407 3158 ἧρξαντο;
1456 3084 1576 3149 πῶς
1616 3085 1710 3154 ἀφ’

127 3177 331 3232 ἑαυτῶν
361 3180 500 3234 εἰσιν
531 3179 581 3232 οἱ
605 3177 680 3250 μὴ
710 3178 940 3243 ἀπαθεῖς
964 3196 978 3244 ;
1006 3180 1055 3232 oi
1087 3177 1278 3231 παθεῖν
1302 3178 1584 3248 δυνάμενοι
1617 3177 1713 3230 καὶ

126 3266 501 3339 τιμωρηθῆναι
545 3267 854 3340 ἰσχύοντεςς
883 3267 1139 3321 οὐδέποτε
1176 3265 1285 3338 γὰρ
1317 3267 1378 3319 τὸ
1415 3267 1710 3335 ἀγέννητον

127 3355 270 3410 οὐδὲν
294 3357 567 3422 πείσεται,
600 3358 720 3411 οὐδὲ
753 3358 858 3412 ὑπό
889 3375 1034 3420 τινος
1079 3358 1561 3429 τιμωρηθήσεται*
1596 3356 1711 3409 ἀλλ’

128 3446 216 3516 ἀφ’
244 3449 442 3502 ἑαυτοῦ
461 3450 766 3521 ἀρξάμενον
795 3449 973 3520 ἑαυτῴ
989 3449 1161 3520 μένει,
1187 3449 1281 3502 καὶ
1303 3450 1377 3522 μὴ
1405 3451 1497 3519 ἀφ’
1522 3449 1711 3520 ἑτέρου

129 3538 414 3613 δεξάμενον
454 3542 553 3614 τὴν
578 3543 775 3614 ἀρχὴν,
816 3542 938 3595 οὐδὲ
973 3541 1064 3611 ἀφ’
1096 3541 1282 3611 ἑτέρου
1313 3542 1413 3613 τὴν
1442 3540 1714 3613 τιμωρίαν

131 3631 422 3704 λαμϐάνειο
447 3634 542 3688 καὶ
569 3633 643 3704 μὴ
673 3631 1111 3703 ἐπιγραφόμενον
1142 3632 1235 3686 τὸν
1267 3633 1438 3686 αἴτιον
1468 3633 1567 3686 ούκ
1597 3634 1716 3685 ἑπι-

132 3728 469 3799 γραφήσεται
518 3724 609 3778 τὸν
639 3723 940 3788 κολάζοντα
960 3740 972 3752 ·
1006 3725 1101 3776 καὶ
1144 3724 1205 3777 ού
1235 3723 1554 3794 κριθήσεται
1584 3725 1712 3793 παρ’

133 3816 310 3892 ἑτέρου
376 3817 452 3891 μὴ
483 3818 614 3888 παρ’
642 3816 829 3888 ἑτέρου
865 3815 1173 3887 ἀρξάμενον
1199 3832 1212 3845 ·
1263 3817 1356 3871 καὶ
1381 3817 1441 3870 ού
1479 3816 1718 3888 φοϐηθή-

136 3927 277 3965 σεται
304 3910 499 3964 οὐδένα
551 3911 678 3980 παρ’
710 3908 922 3973 οὐδενὸς
957 3909 1020 3962 τὸ
1067 3905 1208 3962 εἶναι
1229 3909 1476 3981 εἰληφός.
1508 3909 1572 3962 Τί
1606 3909 1716 3981 γάρ

1814 3100 1978 3156 modo
2023 3099 2283 3170 semper?
2314 3099 2590 3170 quomodo
2620 3112 2895 3166 nunquam
2929 3110 3053 3152 esse
3075 3093 3394 3166 coeperunt?

1814 3193 2088 3265 quomodo
2112 3208 2178 3248 ex
2206 3208 2267 3248 se
2297 3199 2447 3255 sunt,
2482 3191 2575 3260 qui
2604 3188 2937 3259 impatibilcs
2965 3201 3074 3240 non
3097 3193 3248 3249 sunt,
3297 3183 3392 3254 qui

1814 3284 1924 3353 pati
1959 3290 2213 3354 possunt,
2252 3282 2342 3352 qui
2387 3285 2621 3351 possunt
2659 3275 2878 3346 puniri?
2905 3273 3202 3345 ingenitum
3245 3270 3394 3326 enim

1815 3375 1954 3430 nihil
2006 3389 2246 3445 unquam
2279 3373 2406 3426 mali
2438 3367 2766 3432 sustinebit,
2817 3379 2920 3421 nec
2960 3365 3030 3420 ab
3061 3363 3171 3418 ullo
3203 3360 3394 3432 punie-

1813 3479 1922 3525 tur.
1964 3468 2106 3535 Quin
2137 3467 2317 3538 potius
2370 3480 2401 3520 a
2450 3465 2635 3534 seipso
2694 3461 3026 3532 principium
3057 3457 3266 3513 ducens
3307 3469 3397 3511 se-

1814 3561 1937 3631 ipso
1973 3558 2255 3620 consistit,
2301 3564 2355 3614 et
2390 3570 2498 3610 non
2530 3553 2598 3608 ab
2629 3553 2805 3608 altero
2837 3557 3078 3620 coeptum
3127 3555 3254 3610 est,
3293 3559 3396 3601 nec

1815 3653 1886 3708 ab
1933 3652 2106 3706 altero
2151 3648 2479 3719 supplicium
2530 3646 2672 3712 fert;
2708 3651 2763 3700 et
2799 3643 2891 3698 cui
2921 3655 3032 3696 non
3085 3639 3395 3708 assignatur

1817 3751 2029 3808 auctor,
2063 3758 2172 3796 non
2207 3739 2581 3810 assignabitur
2603 3737 2836 3803 vindex;
2871 3742 2925 3790 et
2955 3748 3061 3789 non
3117 3730 3395 3802 iudicabi-

1815 3843 1906 3889 tur
1931 3834 2000 3888 ab
2035 3833 2231 3895 altero,
2265 3831 2356 3901 qui
2388 3830 2457 3884 ab
2482 3830 2654 3883 altero
2678 3842 2786 3880 non
2812 3830 2897 3880 est
2931 3829 3180 3892 coeptus;
3211 3832 3276 3872 ac
3297 3832 3397 3871 nev

1815 3927 2017 3981 minem
2049 3929 2272 3986 metuet,
2296 3920 2387 3991 qui
2421 3935 2450 3974 a
2480 3919 2698 3974 nemine
2726 3915 2935 3985 accepit
2968 3923 3027 3968 ut
3057 3918 3226 3967 esset.
3257 3907 3399 3975 Quid

136 4003 222 4055 καὶ
265 4001 660 4074 φοϐηθήσεται,
693 4001 743 4054 εἰ
795 3999 1010 4054 τελείαν
1049 4001 1150 4073 τὴν
1203 4000 1460 4054 σύστασιν
1492 3998 1638 4070 ἔχεις
1667 4002 1714 4052 εἰ

1860 4016 1963 4070 nim
2007 4020 2232 4077 metuet,
2271 4011 2318 4070 si
2357 4012 2414 4065 in
2463 4008 2798 4080 perfectione
2830 4001 3122 4061 consistit?
3175 4001 3220 4056 si
3276 4014 3401 4070 per-

135 4091 330 4148 τέλειον
356 4094 450 4148 τὸν
491 4091 870 4164 ἀπαρτισμόν;
913 4093 963 4145 εἰ
1002 4092 1094 4163 ἀφ’
1130 4091 1322 4145 ἑαυτοῦ
1359 4092 1714 4163 ἀπήρτισται,

139 4184 226 4238 καὶ
249 4185 427 4258 ἑαυτῷ
447 4186 755 4258 ἦρμοσται;
783 4186 852 4240 τά
878 4186 988 4258 γάρ
1017 4184 1288 4256 δυνάμενα
1315 4184 1429 4257 (14)
1468 4183 1716 4256 παθητὴν

140 4276 274 4352 ἔχειν
327 4279 434 4351 τὴν
486 4277 755 4350 ἁρμονίαν
805 4277 1051 4348 φοϐεῖται
1095 4276 1187 4330 τὸν
1223 4276 1522 4348 δυνάμενον
1553 4294 1718 4348 μετα-

1818 4109 2015 4163 fectam
2056 4101 2586 4160 consummationem
2619 4098 2818 4154 habet?
2874 4096 2922 4151 si
2965 4109 2997 4148 a
3041 4109 3100 4148 se
3143 4104 3400 4146 consum-

1820 4207 2000 4253 matus
2027 4195 2154 4252 est?
2201 4195 2247 4249 si
2293 4191 2476 4261 seipso
2511 4189 2770 4262 aptatus?
2801 4199 3036 4260 quorum
3068 4184 3214 4239 enim
3250 4188 3402 4252 apta-

1817 4291 1898 4345 tio
1939 4285 2338 4344 incommodari
2368 4291 2571 4356 potest,
2615 4282 2810 4337 timent
2863 4293 2990 4335 eum
3014 4315 3032 4342 ,
3064 4275 3159 4346 qui
3213 4279 3403 4343 aptare

141 4372 306 4424 ποιεῖν
332 4369 437 4435 τὰς
462 4369 729 4440 ἁρμονίας
752 4385 764 4399 ·
793 4368 854 4422 τὸ
905 4367 1200 4439 δυνάμενον
1247 4366 1439 4421 παθεῖν
1475 4368 1714 4438 φοϐεῖται

1861 4389 2005 4438 otest
2030 4399 2045 4435 :
2077 4377 2224 4450 quod
2253 4384 2434 4449 potest
2455 4377 2596 4431 male
2618 4373 2780 4438 allici,
2802 4372 2958 4427 timet
2987 4368 3132 4425 male
3159 4364 3402 4420 afficien-

140 4459 225 4514 τὸν
251 4462 482 4535 δρῶντα.
512 4463 576 4516 Et
605 4461 664 4514 δὲ
689 4459 978 4530 φοϐοῦνται
1006 4461 1057 4514 οἱ
1081 4461 1332 4532 δαίμονες
1352 4460 1446 4514 καὶ
1465 4459 1718 4516 δύνανται

145 4553 350 4620 παθεῖν,
386 4553 488 4609 οὐκ
536 4553 822 4626 ἀγέννητοι
852 4556 986 4606 είσι’
1028 4554 1088 4607 τὸ
1115 4553 1224 4626 γὰρ
1254 4555 1548 4628 ἀγέννητον
1577 4556 1722 4611 ἀπα-

146 4641 248 4709 θὲς,
283 4646 378 4700 καὶ
424 4646 486 4699 ού
521 4643 744 4699 δύναται
798 4645 1013 4710 παθεῖν,
1064 4644 1168 4712 ἔξω
1215 4646 1314 4718 τῆς
1359 4647 1575 4716 φύσεως
1609 4648 1720 4702 τῶν

146 4739 408 4811 γεννητῶν
431 4739 695 4808 ὑπάρχον.

219 4836 332 4891 Ὀτι
363 4837 423 4892 δὲ
464 4836 820 4899 ἱκετεύουσιν,
846 4837 905 4888 ὲν
948 4835 1198 4908 αἰσθήσει
1236 4837 1363 4898 εἰσι,
1399 4838 1495 4891 καὶ
1522 4838 1726 4892 οἴδασιν

150 4928 176 4980 ό
215 4931 350 4984 εἱσι·
403 4931 500 4984 καὶ⁵
542 4929 770 4994 οἴδασιν,
819 4930 900 4982 ὅτι
947 4928 1199 4982 δύνανται
1245 4929 1466 4982 παθεῖν·
1508 4931 1569 4982 ού
1618 4931 1727 5004 γὰρ

153 5021 418 5095 ἠγνόησαν
445 5023 672 5087 ἑαυτούς
689 5039 703 5052 ⁸
740 5022 841 5076 οὐκ
873 5021 1103 5086 ἀπαθεῖς
1129 5022 1354 5085 ἑαυτοὺς
1379 5021 1692 5090 ὲλογίσαντο
1710 5040 1723 5053 ⁸

153 5112 279 5166 τὸδὲ
313 5115 511 5169 εἰδέναι
554 5113 677 5170 τινὰ
707 5111 899 5170 ἑαυτὸν
925 5112 1020 5167 κοιλ⁵
1061 5112 1134 5185 μὴ
1161 5112 1512 5183 ἠγνοηκέναι,
1538 5113 1730 5183 αἰσθή-

157 5202 286 5266 σεώς
309 5206 425 5258 ὲστι
467 5203 734 5274 σύμϐολον
768 5203 864 5256 καὶ
903 5207 1146 5274 σημεῖον.
1180 5204 1244 5256 Et
1276 5203 1322 5255 δ’
1355 5203 1434 5256 ὅτι
1463 5203 1601 5256 εἰσιν
1640 5205 1730 5256 εύ-

156 5295 338 5361 παθεῖς
364 5297 694 5363 ἐδειλίασαν,
724 5298 818 5352 καὶ
843 5296 1146 5360 δειλιῶντες
1173 5296 1479 5359 ἱκέτευσαν,
1503 5295 1598 5350 καὶ
1628 5295 1730 5348 ἱκέ-

157 5403 302 5442 τευον
338 5391 429 5444 τὸν
472 5390 770 5462 δυνάμενον
790 5407 804 5421 ⁸
833 5389 934 5443 οὐκ
966 5390 1240 5461 ἠγνόησαν
1272 5389 1362 5442 τὸν
1411 5389 1687 5460 ῖχνεύοντα
1713 5405 1726 5418 ·

1824 4480 1955 4529 tem.
1997 4471 2056 4527 Si
2089 4479 2272 4526 autem
2303 4470 2501 4526 timent
2537 4468 2816 4523 daemones
2837 4501 2854 4528 ,
2901 4467 2958 4518 et
2992 4462 3226 4530 possunt
3261 4453 3405 4510 male

1829 4563 1988 4630 allici,
2019 4578 2130 4618 non
2161 4569 2291 4618 sunt
2317 4560 2546 4634 ingeniti
2572 4578 2588 4615 :
2623 4557 2768 4629 quod
2790 4553 2936 4610 enim
2967 4547 3267 4622 ingenitum
3292 4553 3402 4611 est,

1827 4655 2132 4726 impatibile
2156 4661 2275 4722 est;
2313 4661 2370 4709 et
2408 4667 2517 4707 non
2558 4656 2738 4722 potest
2767 4643 2904 4718 pati,
2944 4641 3090 4714 quod
3121 4647 3277 4697 extra
3305 4652 3406 4695 na-

1828 4758 2008 4806 turam
2044 4748 2354 4819 genitorum
2385 4753 2489 4800 est.

1898 4840 2055 4907 Quod
2078 4846 2257 4894 autem
2293 4837 2628 4909 supplicant,
2663 4832 2718 4886 in
2749 4845 2917 4887 sensu
2952 4833 3104 4893 sunt,
3121 4831 3176 4881 et
3199 4821 3403 4888 sciunt,

1829 4932 1961 5006 quid
1989 4932 2128 4996 sint,
2174 4939 2227 4985 et
2255 4929 2401 5000 quod
2433 4942 2625 4999 poenas
2654 4925 2927 4982 sustinere
2976 4923 3248 4992 possunt;
3294 4929 3408 4969 non

1828 5025 1975 5080 enim
2004 5039 2064 5078 se
2095 5023 2513 5092 ignoraverunt;
2544 5034 2654 5074 non
2690 5033 2750 5072 se
2789 5013 3122 5086 impatibiles
3163 5022 3286 5064 esse
3313 5023 3408 5062 co-

1828 5117 2116 5186 gitarunt:
2149 5129 2312 5169 nosse
2351 5120 2534 5166 autem
2607 5111 2844 5179 aliquem
2895 5106 3135 5175 seipsum
3197 5109 3250 5154 et
3297 5113 3408 5151 non

1832 5207 2120 5278 ignorare,
2157 5206 2372 5276 signum
2423 5210 2509 5259 est
2553 5217 2750 5257 sensus
2780 5206 2834 5255 et
2863 5195 3149 5252 indicium.
3189 5190 3243 5244 Si
3279 5203 3411 5244 vero

1832 5298 1960 5368 quia
1987 5307 2146 5354 erant
2172 5298 2458 5368 patibiles,
2498 5294 2966 5353 formidaverunt,
3003 5294 3058 5342 et
3108 5281 3411 5343 formidan-

1835 5396 1920 5445 tes
1955 5389 2438 5460 supplicaverunt,
2471 5394 2525 5442 et
2572 5383 3020 5456 supplicaverunt
3052 5378 3103 5434 ei
3137 5375 3230 5447 qui
3258 5379 3410 5444 pote-

227 5545 332 5626 (li)
367 5547 448 5602 Τὰ
478 5546 590 5616 γὰρ
632 5547 781 5626 δυνκ
813 5545 904 5600 Sic
952 5546 1286 5626 reddendum
1315 5563 1327 5603 :
1361 5544 1467 5614 Qui
1521 5545 1714 5602 harmo;

1901 5545 2208 5604 mutabilem
2249 5545 2425 5615 habet,
2477 5539 2785 5613 reformidat
2820 5553 2934 5594 cum
2968 5533 3057 5606 qui
3088 5539 3255 5603 potest
3284 5529 3414 5602 Ιιςιτή

164 5617 358 5673 monia:
383 5629 587 5673 mutare
627 5628 717 5672 aut
747 5618 1031 5673 destruere.
1068 5617 1220 5674 BASN.
