3782 6166
431 242 587 302 1119·

1587 243 1724 302 TITI
1766 244 2195 302 BOSTRENSIS
2233 245 2514 303 EPISCOP

3553 243 3679 302 “ﬁ

431 367 552 427 rat;
588 376 696 415 non
734 361 1122 431 ignoraverunt
1145 377 1271 419 eum
1302 362 1393 434 qui
1442 362 1818 434 interrogabat
1846 384 1859 420 :
1891 367 2001 436 ipsa

2141 367 2250 438 ιῦτη
2278 367 2388 437 γὰρ
2412 367 2445 435 ἠ
2482 363 2659 417 ἱκεσία
2692 361 2869 414 αὐτῶν
2914 362 3180 432 μαρτυρεῖ
3205 402 3216 422 ,
3242 358 3326 412 ὅτι
3351 358 3581 430 {East-Juv
3600 362 3677 412 «ὠν

432 453 577 507 enim
611 454 943 523 supplicatio
974 462 1212 511 testatur
1244 457 1572 527 cognovisse
1611 472 1708 513 eos
1771 457 2008 513 interro-

435 552 674 611 gantem.
709 552 873 614 atque
898 561 1022 600 esse
1047 545 1266 616 quidem
1312 563 1371 603 se
1403 547 1678 618 patibiles,
1711 564 1821 604 non
1853 551 2007 620 igno-

435 645 730 701 raverunt;
758 654 881 693 esse
909 654 1039 693 vero
1076 639 1232 693 illum
1260 680 1274 704 ,
1317 642 1411 710 qui
1466 643 1863 713 interrogabat,
1901 643 2007 699 Do-

438 727 643 781 minum
684 738 739 782 et
768 745 949 796 regem
982 732 1357 788 universitatis
1388 750 1594 796 rerum,
1623 750 1688 789 ex
1725 736 2005 805 supplica-

438 818 587 872 tione
636 826 859 889 apparet
907 821 1154 876 scivisse.
1192 820 1316 877 Ha'c
1359 823 1427 878 de
1476 825 1814 881 dazmonibus
1862 828 2007 881 dicta

438 916 587 973 sunt,
615 917 672 962 ut
704 925 879 979 neque
915 911 983 966 de
1009 910 1347 969 daemonibus
1372 915 1668 985 disputatio
1695 927 1934 972 vacaret.

508 999 746 1057 Possunt
775 1012 827 1057 et
854 1004 966 1056 haec
1002 1003 1151 1067 addi,
1186 1012 1435 1057 naturam
1459 1022 1580 1061 esse
1610 1007 1713 1061 sibi
1750 1008 2005 1071 similem.

439 1093 680 1164 nihilque
701 1109 819 1147 eam
852 1109 882 1147 a
911 1111 970 1150 se
1000 1096 1239 1150 diii‘erre.
1278 1097 1416 1151 Ecce
1447 1098 1590 1167 ignis
1628 1107 1776 1154 totus
1812 1101 2008 1157 similis

440 1183 540 1237 sibi
566 1191 668 1246 est,
705 1200 814 1238 non
856 1184 1041 1239 minus
1072 1183 1285 1238 calidus
1329 1200 1494 1254 quam
1543 1187 1614 1239 sit
1646 1188 1794 1256 ipse,
1833 1203 2009 1257 neque

438 1277 611 1346 magis
640 1294 653 1330 :
688 1292 795 1330 non
820 1276 987 1330 habet
1015 1276 1137 1347 plus
1164 1285 1217 1330 et
1249 1276 1430 1331 minus
1461 1296 1472 1330 :
1509 1277 1563 1330 in
1603 1279 1815 1333 naturis
1862 1282 2008 1334 enim

438 1375 635 1421 vacant
668 1368 789 1434 plus
820 1375 873 1422 et
901 1368 1081 1422 minus
1113 1386 1124 1421 :
1160 1367 1249 1421 ubi
1274 1366 1419 1420 enim
1452 1379 1535 1421 est
1568 1369 1690 1436 plus
1719 1378 1773 1424 et
1802 1371 2007 1434 minus,

438 1474 547 1512 non
585 1465 667 1513 est
706 1467 922 1523 natura,
949 1458 1042 1512 sed
1077 1459 1323 1513 accessio
1352 1459 1671 1515 voluntatis.
1717 1459 1775 1514 Si
1827 1471 2008 1516 autem

439 1548 506 1603 de
528 1548 866 1604 daemonibus
909 1549 1176 1618 scriptum
1216 1557 1322 1613 est,
1357 1549 1436 1604 ire
1490 1557 1545 1604 et
1594 1565 1877 1607 assumere
1923 1568 2010 1609 se-

440 1646 586 1708 ptem
630 1639 767 1693 alios
810 1638 1038 1708 spiritus
1065 1640 1356 1710 nequiores
1382 1656 1441 1696 se
1470 1642 1529 1707 ’ς
1576 1650 1632 1696 et
1681 1650 1903 1713 apparet
1944 1658 2010 1698 ex

2113 458 2391 529 ἰχνεύοντα
2413 456 2546 527 (l5),
2573 456 2665 509 καὶ
2686 454 2767 508 ὃτι
2807 453 2905 522 μὲν
2934 448 3072 523 ἦσαν
3103 450 3359 512 εὐπαθείς
3390 451 3491 503 καὶ
3520 452 3680 522 παθη-

2108 552 2192 604 τοὶ
2229 550 2329 603 οὐκ
2355 549 2659 620 ἠγνόησαν·
2691 547 2773 601 ὅτι
2797 546 2855 599 δὲ
2882 546 3088 608 ἐκεῖνος
3109 538 3176 615 ἦν
3201 546 3229 597 6
3266 543 3495 613 ἰχνεύων
3528 546 3559 596 6
3587 544 3679 595 Fr}-

2113 662 2225 716 ριος
2251 643 2341 696 καὶ
2369 641 2620 713 βασιλεὺς
2643 639 2751 693 τῶν
2780 637 3135 710 πραγμάτων,
3169 634 3451 706 φαίνονται
3478 635 3571 689 διὰ
3596 637 3679 705 τῆς

2112 733 2323 797 ἱκεσίας
2381 731 2753 803 ἐπιστάμενοι.
2820 728 2928 781 Καὶ
2990 725 3162 780 ταῦτα
3228 727 3355 797 περὶ
3419 724 3678 795 δαιμόνων

2109 823 2614 893 κατεσκευάσαμεν,
2667 822 2753 876 ἵνα
2796 819 2931 891 μηδὲ
2986 821 3015 872 6
3054 817 3180 871 πεοὶ
3227 818 3505 871 δαιμόνων
3552 817 3680 887 ἀργῇ

2107 916 2286 985 λόγος.

2109 1020 2121 1045 ι
2194 1007 2461 1077 Ἐγχωρεῖ
2487 1005 2594 1076 γὰρ
2633 1003 2725 1058 καὶ
2751 1001 2921 1056 ταῦτα
2956 1001 3326 1074 προστιθέναι,
3361 1004 3450 1056 ὅτι
3474 1005 3512 1073 ἡ
3539 1001 3686 1071 φύσις

2111 1098 2274 1168 ἑαυτῇ
2305 1096 2462 1168 ὁμοία
2491 1095 2627 1153 ἐστὶ.
2647 1095 2739 1148 καὶ
2757 1093 3007 1164 οὐδεμίαν
3032 1092 3292 1163 διαφορὰν
3322 1094 3464 1164 πρὸς
3490 1093 3687 1162 ἑαυτὴν

2110 1189 2241 1260 ἔχει.
2298 1189 2424 1240 Ἰδοὺ
2454 1188 2561 1260 γὰρ
2601 1186 2660 1240 τὸ
2692 1185 2803 1256 πῦρ
2829 1185 2966 1246 ὅλον,
3003 1185 3186 1256 ὅμοιον
3216 1184 3419 1257 ἐαυτῷ,
3456 1185 3563 1255 οὐχ
3599 1181 3689 1256 ἦτ-

2110 1298 2199 1332 τον
2227 1276 2416 1331 ἑαυτοῦ
2462 1275 2681 1348 θερμὸν,
2709 1274 2828 1328 οὐδὲ
2866 1274 3063 1345 μᾶλλον
3091 1273 3286 1328 ἑαυτοῦ
3310 1292 3324 1304 ’
3360 1274 3425 1327 οὐ
3467 1274 3534 1326 τὸ
3565 1274 3693 1343 μᾶ).-

2111 1371 2200 1423 λον
2223 1371 2317 1423 καὶ
2344 1370 2406 1422 τὸ
2437 1364 2596 1441 ἦττον
2633 1369 2741 1440 ἔχει
2761 1385 2775 1399 ·
2812 1371 2868 1421 ὲν
2900 1367 3007 1441 γὰρ
3035 1370 3156 1430 ταῖς
3184 1368 3372 1435 φύσεσι
3403 1366 3468 1419 τὸ
3496 1367 3693 1436 μᾶλλον

2113 1460 2204 1514 καί
2233 1458 2292 1512 τὸ
2320 1454 2481 1531 ἦττον
2510 1460 2672 1530 ἀργεῖ
2689 1475 2702 1488 ·
2726 1458 2856 1511 ὅπου
2885 1456 2939 1510 δὲ
2964 1455 3160 1527 μᾶλλον
3183 1456 3274 1515 καὶ
3295 1450 3485 1526 ἦττον,
3518 1456 3695 1507 οὐκέτι

2112 1549 2295 1621 φύσις,
2331 1548 2469 1604 ἀλλὰ
2508 1549 2876 1622 προαιρέσεως
2909 1548 3168 1612 ἐπίδοσις.
3203 1548 3265 1601 El
3290 1546 3347 1600 δὲ
3378 1547 3697 1619 γέγραπται

2112 1643 2208 1696 καὶ
2238 1644 2365 1713 περὶ
2386 1641 2676 1713 δαιμόνων,
2709 1641 2789 1695 ὅτι
2822 1641 3121 1713 ἀπέρχεται
3151 1640 3243 1693 καί
3269 1640 3697 1711 παραλαμϐάνει

441 1743 711 1792 sermone,
744 1746 866 1785 esse
892 1731 1288 1797 accessionem,
1320 1734 1447 1803 quia
1479 1733 1583 1789 hoc
1615 1743 1701 1790 est
1751 1751 2001 1806 nequam,

2147 1734 2254 1788 πτὰ
2280 1735 2442 1807 ἕτερα
2464 1732 2749 1805 πνεύματα
2774 1733 3113 1805 πονηρότερα
3132 1730 3323 1787 ἑαυτοῦ
3346 1749 3361 1761 '
3390 1734 3494 1787 καὶ
3517 1736 3700 1803 φαίνε-

438 1821 572 1877 iilud
606 1837 734 1875 vero
789 1822 1051 1892 nequius,
1112 1822 1415 1879 diﬂ‘erentia
1468 1826 1725 1895 nequitiae
1780 1835 1883 1882 est.
1920 1826 2019 1882 Ubi

438 1922 524 1968 est
571 1920 767 1967 natura
820 1929 932 1968 non
981 1914 1085 1970 sibi
1135 1916 1329 1972 similis
1357 1957 1371 1983 ,
1432 1917 1477 1971 si
1513 1917 1820 1973 diﬂ'erentia
1865 1935 2019 1989 repe-

442 2008 581 2061 ritur
610 2007 664 2061 in
693 2008 974 2077 nequitia;
1006 2020 1059 2064 et
1085 2007 1389 2064 differentia
1422 2010 1742 2075 voluntatis,
1778 2028 1887 2071 non
1920 2028 2018 2067 na-

442 2101 758 2155 turaetcstis
787 2100 909 2155 est?
964 2101 1042 2155 Ac
1091 2101 1159 2157 de
1207 2101 1292 2156 bis
1340 2102 1560 2173 quidem
1620 2105 1758 2160 satis
1807 2104 2016 2160 dictum

441 2189 533 2245 sit.

2115 1845 2204 1881 ται
2233 1831 2296 1881 ὲκ
2329 1827 2422 1880 τοῦ
2456 1826 2612 1896 λόγου
2647 1825 2905 1891 ἐπίδοσις,
2931 1827 3013 1880 ὅτι
3041 1824 3102 1878 τὸ
3137 1826 3232 1897 μὲν
3267 1824 3535 1897 πονηρὸν,
3566 1825 3698 1879 τὸδὲ

2115 1924 2495 1992 πονηρότερον,
2526 1918 2758 1990 διαφορὰ
2786 1918 3069 1989 πονηρίας.
3106 1915 3216 1971 Ποῦ
3256 1916 3371 1970 ἐστι
3417 1917 3587 1986 φύσις
3631 1917 3699 1987 μὴ

2114 2007 2249 2066 οὖσα
2286 2012 2447 2082 ὁμοία
2480 2012 2667 2083 ἑαυτῇ.
2703 2011 2963 2082 διαφορᾶς
3003 2013 3061 2064 ἐν
3095 2011 3329 2081 πονηρίᾳ
3368 2010 3696 2080 εὑρισκομέ-

2114 2121 2235 2175 Vm,
2267 2106 2361 2160 καὶ
2401 2107 2501 2177 τῆς
2540 2104 2802 2176 διαφορᾶς
2849 2104 3229 2176 μαρτυρούσης
3259 2105 3326 2174 τῇ
3378 2103 3699 2174 προαιρέσει

2114 2197 2209 2250 καὶ
2246 2195 2321 2267 μὴ
2352 2198 2419 2268 τῇ
2452 2197 2649 2265 (ptiust;
2682 2196 2835 2261 Ἀλις
2859 2197 2957 2267 μὲν
2988 2196 3097 2248 τῶν
3127 2195 3384 2249 τοιούτων
3413 2196 3617 2264 λόγων.

438 2299 566 2355 Car.
607 2299 846 2357 XXXIII.
900 2299 1131 2357 Hanetis
1168 2301 1273 2359 duo
1319 2305 1584 2375 principia
1639 2307 1873 2432 ingenita
1899 2320 2207 2433 ,διῆρταιαᾶ
2238 2309 2419 2433 Malitia
2466 2308 2666 2375 Salan,
2718 2308 2860 2365 Deus
2904 2310 3091 2365 bonus.
3126 2308 3372 2379 Apostoli
3411 2310 3700 2379 aliquando

1824 2396 1933 2433 om.
1956 2398 1986 2433 α
2013 2396 2168 2433 unum
2213 2398 2241 2433 ο
2273 2398 2356 2433 ma
2383 2397 2421 2433 ι.

1824 2396 1933 2445 οηι,
1956 2396 2241 2451 auquanao
2273 2396 2421 2435 ntau.

507 2486 904 2558 Aggrediemur
930 2488 1189 2560 deinceps
1212 2499 1580 2546 commentum
1611 2491 1849 2562 primum
1873 2493 2011 2549 isto-

439 2596 559 2633 rum
597 2580 791 2635 fabulae
818 2596 1117 2651 exponere,
1147 2590 1203 2636 et
1241 2581 1713 2640 confutationibus
1739 2585 2009 2640 refellere.

440 2670 663 2735 Malum,
695 2672 892 2742 inquit,
922 2680 1040 2729 erat
1061 2712 1077 2739 ,
1129 2681 1185 2728 et
1236 2673 1538 2744 ingenitum
1568 2686 1722 2730 erat:
1764 2685 1882 2732 erat
1915 2693 2015 2731 au-

440 2771 546 2817 tem
595 2771 649 2819 et
681 2763 824 2819 Deus
852 2764 1071 2830 bonus,
1116 2773 1171 2819 et
1230 2765 1403 2820 divisa
1453 2766 1573 2819 loca
1623 2766 2012 2837 habitationis,

437 2860 493 2908 et
526 2860 752 2923 uterque
777 2853 919 2925 apud
952 2870 1011 2911 se
1063 2856 1132 2910 ab
1164 2854 1334 2911 altero
1389 2856 1715 2925 sejunctas:
1753 2874 1818 2913 ac
1854 2875 2015 2930 sepa-

2199 2494 2665 2566 Ἐπιχειρήσωμεν
2696 2494 2753 2548 δὲ
2774 2494 2867 2548 καὶ
2893 2494 2992 2564 τὴν
3037 2491 3359 2563 μυθοποιίαν
3394 2491 3583 2545 αὐτῶν
3610 2490 3699 2559 τὴν

2119 2584 2341 2658 πρώτην
2373 2585 2809 2656 ὑφηγησάμενοι,
2831 2587 2941 2647 τοῖς
2973 2584 3467 2644 ἀνασκευαστικοῖς
3491 2582 3693 2653 χρησὼο

2124 2678 2263 2749 μεθα
2307 2677 2507 2746 λόγοις.
2550 2676 2754 2738 Κακία,
2796 2675 2981 2745 φησὶν,
3016 2670 3104 2746 ἦν,
3138 2674 3233 2726 καλΙ
3272 2673 3577 2742 ἀγέννητος
3606 2668 3693 2742 ἦν·

2118 2766 2186 2841 ἦν
2212 2769 2268 2824 δὲ
2295 2771 2387 2822 καὶ
2418 2771 2447 2823 6
2471 2768 2672 2837 ἀγαθὸς
2701 2766 2851 2831 Θεὸς,
2876 2766 2969 2818 καὶ
3002 2764 3395 2836 μεμερισμένοι
3428 2766 3587 2817 τόποι
3612 2764 3697 2831 τῆς

2117 2864 2383 2934 οἰκήσεως
2404 2879 2417 2892 ·
2445 2862 2537 2915 καὶ
2556 2861 2813 2933 ἑκάτερος
2835 2859 2956 2913 καθ’
2984 2857 3174 2913 ἑαυτὸν
3195 2856 3289 2910 τοῦ
3314 2856 3510 2928 ἐτέρου
3536 2857 3698 2923 ἀπηλ-

440 2952 595 2999 ratus
628 2944 845 3014 quidem
877 2945 1022 3003 Deus
1050 2963 1080 3001 a
1112 2948 1256 3002 malo
1282 2966 1296 3015 ;
1354 2958 1644 3019 separatus
1676 2952 1803 3008 item
1832 2967 1862 3005 a
1902 2952 2001 3008 Dec

2141 2955 2421 3025 ιαγμένος·
2479 2954 2573 3008 καὶ
2601 2953 2879 3025 ἀφώριστο
2926 2952 3023 3023 μὲν
3083 2949 3279 3013 κακίας
3327 2952 3357 3003 6
3394 2949 3567 3013 Θεός·
3604 2951 3685 3015 ἁ-,ςι

441 3035 693 3106 p:~inceps
729 3038 859 3091 mali
892 3056 905 3089 :
937 3046 991 3094 et
1041 3045 1267 3110 uterque
1317 3042 1459 3111 apud
1494 3057 1553 3097 se
1583 3051 1701 3098 erat
1726 3083 1741 3107 ,
1785 3054 2001 3114 uterqui

2141 3046 2323 3119 ὒριστο
2348 3045 2405 3099 δὲ
2443 3046 2537 3099 καὶ⁷
2558 3048 2585 3099 ὁ
2606 3046 2705 3116 τῆς
2721 3045 2919 3106 κακίας
2934 3045 3114 3115 ἄρχων
3129 3041 3223 3095 τοῦ
3246 3041 3384 3095 Θεοῦ
3403 3059 3416 3071 ·
3456 3042 3555 3095 καὶ
3576 3042 3693 3095 ἑκά-

442 3123 557 3177 suis
579 3125 882 3195 imperabat
922 3134 977 3182 et
1010 3128 1390 3199 gubernabat,
1440 3141 1499 3185 ut
1537 3141 1701 3189 natus
1745 3141 1800 3189 et
1855 3145 2001 3207 aptus

2141 3156 2274 3211 ςερος
2298 3137 2418 3192 καθ’
2448 3137 2636 3192 ἑαυτὸν
2660 3134 2729 3209 ἦν
2747 3153 2761 3168 ⁸
2793 3138 2886 3190 καὶ
2904 3132 3073 3208 ἦρχεν
3098 3136 3359 3205 ἑκάτερος
3382 3135 3498 3189 τῶν
3529 3135 3691 3188 ἰδίων·

440 3223 598 3271 erat:
631 3217 807 3272 malus
840 3218 1056 3288 quidem
1093 3221 1267 3285 male,
1317 3222 1496 3279 bonus
1526 3240 1656 3280 vero
1684 3226 1856 3295 bene;
1908 3243 2021 3283 ma-

442 3306 528 3361 lus
553 3322 756 3363 nocens
784 3317 838 3365 et
861 3311 976 3366 suis
1003 3311 1168 3367 rebus
1196 3328 1425 3381 nocens,
1457 3323 1511 3370 et
1541 3317 1658 3372 suis
1684 3333 1884 3375 nocere
1906 3335 2015 3375 non

442 3399 732 3469 desinens;
775 3400 956 3458 bonus
990 3419 1208 3474 semper
1256 3406 1431 3462 bonus
1465 3417 1518 3461 et
1546 3407 1778 3478 juvans,
1832 3418 1886 3465 et
1934 3427 2019 3467 res

442 3492 811 3562 suasjuvans,
832 3503 886 3549 et
919 3512 1199 3568 nunquam
1236 3514 1345 3552 non
1375 3498 1597 3569 juvans.
1656 3501 1845 3558 Omnis
1872 3504 2015 3558 enim

442 3583 651 3638 utilitas
681 3599 710 3637 a
737 3584 881 3639 bono
912 3588 1079 3656 coepit
1112 3587 1408 3657 proﬁcisci.
1446 3588 1582 3644 Cum
1621 3591 1889 3647 doctrinis
1917 3607 2013 3662 pu-

441 3683 781 3743 gnaverunt;
812 3685 1055 3732 extrema
1087 3680 1485 3748 quaesiverunt;
1512 3682 1756 3737 invenire
1786 3698 1892 3737 non
1924 3698 2013 3752 po-

443 3774 696 3835 tuerunt;
733 3768 825 3839 qui
858 3783 889 3823 a
923 3771 1227 3841 principio,
1279 3788 1400 3843 quae
1431 3775 1777 3828 consectaria
1829 3784 2016 3841 erant,

444 3874 554 3913 non
580 3861 1041 3930 approbaverunt.
1068 3864 1144 3918 Ac
1172 3878 1337 3933 parva
1359 3864 1578 3935 quidem
1611 3874 1739 3921 sunt
1774 3866 1888 3920 haec
1907 3906 1922 3928 ,
1967 3874 2020 3920 et

444 3966 552 4005 non
607 3952 813 4021 multa;
863 3955 999 4010 satis
1056 3963 1241 4011 tamen
1288 3964 1417 4013 sunt
1463 3957 1530 4012 ad
1590 3957 2017 4029 disputationem

443 4044 763 4113 quaestionis
797 4063 810 4099 :
849 4043 1080 4101 formam
1113 4055 1324 4103 tantum
1371 4050 1608 4119 protuli;
1662 4067 1771 4105 non
1801 4049 2019 4105 excurri

444 4138 511 4190 ad
546 4138 948 4194 multitudinem
982 4143 1445 4197 testimoniorum.
1495 4143 1630 4210 Quae
1666 4147 1808 4199 enim
1846 4144 2013 4197 aﬂini-

442 4238 605 4285 tatcm
636 4238 691 4286 et
722 4233 1101 4302 cognationem
1126 4250 1250 4289 cum
1282 4235 1367 4290 his
1418 4237 1639 4301 habent,
1698 4245 1906 4307 quaeret
1950 4238 2022 4293 le-

441 4332 581 4387 ctor,
614 4333 667 4379 et
698 4341 762 4379 ex
800 4325 883 4380 his
908 4325 974 4379 ad
1009 4326 1209 4381 similia
1237 4334 1290 4382 et
1320 4327 1578 4385 aﬂinitate
1613 4329 1907 4400 conjuncta
1941 4329 2019 4385 le-

439 4415 674 4487 gendum
706 4416 1103 4486 progredietur.

513 4506 623 4577 Age
650 4522 818 4573 nunc,
847 4506 1187 4564 instruamus
1203 4521 1566 4579 paremusque
1586 4510 1805 4564 illorum
1836 4508 2018 4578 dispu-

441 4606 721 4673 tationem,
754 4607 997 4677 ipsorum
1025 4607 1279 4678 dogmata
1316 4620 1670 4678 apponentes.
1700 4606 1874 4661 Malus
1902 4605 2017 4676 qui-

438 4695 561 4751 dem
598 4704 714 4751 erat
760 4696 1014 4760 Satanas.
1050 4697 1227 4751 bonus
1268 4712 1397 4751 vero
1452 4695 1596 4751 Deus
1632 4715 1643 4750 :
1686 4703 1741 4751 et
1791 4695 1871 4751 sic
1925 4706 2013 4748 res

437 4798 575 4843 erat.
610 4787 866 4843 Fabulam
891 4796 1063 4851 verto,
1102 4797 1161 4843 ut
1194 4787 1431 4844 fabulam
1465 4788 1742 4859 repudiem
1772 4807 1787 4856 ;
1828 4796 1882 4843 ct
1905 4787 2012 4842 nisi

435 4876 707 4953 opponam
731 4898 850 4952 quae
882 4889 1182 4952 exponunt,
1203 4898 1313 4936 non
1337 4899 1556 4953 possum
1591 4882 1828 4939 fabulam
1860 4897 2015 4937 ever-

440 4984 574 5029 tere.
614 4972 795 5029 Bonus
822 4973 1039 5043 quidem
1076 4981 1195 5030 erat
1230 4974 1394 5039 Deus,
1424 4974 1640 5046 inquit;
1673 4977 1850 5030 malus
1884 4990 2013 5029 vero

442 5064 711 5130 Satanas;
739 5073 793 5119 et
818 5082 1097 5136 nunquam
1128 5084 1237 5122 non
1267 5075 1419 5134 erat;
1452 5075 1569 5122 erat
1601 5068 1745 5122 enim
1773 5083 2009 5138 semper,

439 5168 494 5212 et
518 5173 548 5211 a
583 5158 734 5212 nullo
762 5159 1073 5229 profectus;
1108 5168 1226 5217 erat
1256 5161 1423 5226 enim,
1460 5169 1513 5215 et
1544 5159 1696 5214 radix
1730 5168 1879 5225 erat,
1930 5162 2014 5215 in-

509 5317 532 5348 ²
559 5315 695 5371 Luc.
724 5330 803 5381 ιι,
840 5315 931 5369 26.

515 5470 628 5541 (l5)
667 5470 780 5524 Τὸν
824 5473 943 5541 llr.
993 5471 1353 5541 Interrogavit
1395 5471 1554 5541 enim;
1590 5470 1743 5541 illum
1797 5467 2005 5525 Iesus:

440 5537 697 5606 Quodeu
740 5537 1089 5596 tibi'iiomeu?
1117 5537 1266 5609 (Lu'c.
1301 5557 1419 5603 vm,
1450 5539 1565 5611 50.)
1587 5540 1758 5595 Tuan.

512 5611 622 5677 (lli)
647 5612 921 5680 Ἀντικόλ.
939 5612 1215 5679 Legcrem,
1241 5611 1507 5664 ἀκόλουθα
1530 5611 1886 5680 μαθημάτων,
1907 5611 2011 5664 sic-

443 5690 549 5746 que
597 5679 874 5734 rcddcrcm
919 5688 1083 5735 totam
1119 5681 1400 5751 periodum
1443 5699 1454 5735 :
1496 5681 1905 5752 Consequentia:
1932 5681 2011 5734 di-

2119 3232 2213 3285 και
2241 3230 2506 3302 ᾠκονόμει
2534 3229 2609 3293 ὠς
2632 3229 2894 3299 ἐπεφύκει
2914 3246 2927 3258 ο
2960 3231 2988 3282 ὀ
3016 3228 3115 3299 μὲν
3154 3227 3323 3291 κακὸς
3357 3226 3576 3292 κακῶς,
3602 3229 3629 3279 6
3648 3224 3696 3278 δὲ

2116 3324 2317 3394 ἀγαθὸς
2366 3322 2585 3392 ἀγαθῶς
2605 3340 2617 3353 ·
2643 3324 2671 3375 6
2701 3320 2799 3391 μὲν
2842 3319 3009 3384 κακὸς
3040 3318 3312 3388 βλάπτων,
3344 3318 3444 3371 καὶ
3477 3318 3547 3371 τὰ
3581 3320 3697 3371 ἑαν-

2118 3414 2209 3467 τοῦ
2249 3413 2519 3483 βλάπτων,
2550 3412 2644 3465 καὶ
2668 3411 2762 3464 τοῦ
2798 3410 3053 3479 βλάπτειν
3082 3407 3151 3461 τὰ
3179 3407 3285 3460 ἴδια
3321 3409 3400 3479 μὴ
3433 3407 3699 3462 ἀπαλλατ-

2117 3506 2372 3575 τόμενος
2410 3506 2431 3555 ἐ
2465 3504 2523 3558 δὲ
2543 3501 2747 3572 ἀγαθὸς
2768 3503 2855 3555 ἀεὶ
2885 3500 3090 3563 ἀγαθὸς
3110 3502 3203 3553 καὶ
3229 3499 3485 3568 ὠφελῶν,
3522 3500 3616 3553 καὶ
3640 3498 3698 3549 τὲ

2119 3596 2313 3650 ἑαυτοῦ
2364 3595 2609 3665 ὠφελῶν,
2670 3594 2765 3648 καὶ
2815 3592 3086 3666 μηδέποτε
3127 3590 3200 3662 μὴ
3240 3591 3507 3660 ὠφελῶν·
3560 3594 3698 3644 πᾶσι

2118 3687 2226 3759 γὰρ
2256 3686 2490 3756 ὠφέλεια
2509 3685 2569 3752 ἐξ
2598 3684 2801 3753 ἀγαθοῦ
2831 3685 3157 3756 προήρχετο.
3184 3682 3296 3753 (16)
3339 3683 3697 3736 Ἀνακόλουθα

2121 3777 2458 3848 μαθημάτων
2483 3776 2847 3848 ὲμαχέσαντο³
2880 3775 2949 3827 τὰ
2975 3774 3259 3827 τελευταῖα
3286 3774 3588 3845 ἐζήτησαν,
3617 3774 3695 3825 εὐ-

2122 3875 2233 3942 ρεῖν
2262 3872 2360 3924 οὐκ
2388 3870 2750 3941 ἠδυνήθησαν,
2778 3869 2889 3922 ἀπὸ
2910 3868 3010 3940 τῆς
3035 3869 3209 3945 ἀρχῆς
3251 3867 3356 3938 τὴν
3383 3866 3699 3923 ἀκολουθίαν

2121 3963 2196 4035 μὴ
2246 3963 2699 4034 παραδεξάμενοι.
2727 3962 2837 4015 Καὶ
2885 3961 3058 4033 μικρά
3104 3961 3202 4033 μὲν
3257 3959 3459 4024 ταῦτα,
3504 3960 3600 4013 καὶ
3641 3959 3699 4011 σὺ

2117 4055 2288 4110 πολλά
2306 4074 2318 4088 ’
2353 4057 2598 4128 αὐτάρκη
2623 4056 2679 4109 δὲ
2704 4055 2839 4126 πρὸς
2858 4054 2956 4125 τὴν
2978 4052 3203 4125 ζήτησιν
3227 4071 3238 4082 ·
3270 4053 3365 4105 τὸν
3381 4052 3699 4123 χαρακτῆρι

2120 4146 2280 4217 μόνον
2309 4145 2597 4216 κεκίνηκα,
2626 4162 2720 4198 και
2749 4146 2851 4199 οὐκ
2881 4145 2962 4206 εἰς
2988 4142 3189 4214 πλῆθος
3217 4142 3581 4213 καταδέδηκα
3602 4142 3698 4194 τῶν

2120 4236 2437 4308 μαρτυριῶν
2455 4253 2468 4267 ’
2503 4236 2549 4307 (1
2561 4236 2615 4304 7)
2643 4235 2709 4289 τὰ
2742 4235 2842 4304 γὰρ
2877 4233 3113 4304 συγγενῆ
3141 4232 3250 4285 τῶν
3278 4231 3595 4304 λεγομένων
3614 4231 3697 4299 ζη-

2116 4329 2270 4398 τήσει
2301 4328 2328 4380 6
2361 4324 2766 4395 ἀναγινώσκων,
2793 4325 2885 4379 καὶ
2915 4325 2978 4377 ὲκ
2993 4321 3195 4377 τούτων
3222 4322 3313 4375 ἐπὶ
3337 4322 3409 4376 τὰ
3426 4324 3593 4393 ὃμοια
3616 4322 3697 4374 καὶ

2044 4402 2094 4459 Ῑ)
2121 4419 2325 4490 ἀδελφὰ
2354 4421 2593 4491 χωρήσει
2625 4417 3046 4489 ἁναγνώσματα.

2205 4514 2393 4586 Ἡμεῖς
2410 4512 2464 4566 δὲ
2488 4512 2623 4583 φέρε
2649 4508 3141 4579 κατασκευάσωμεν
3159 4506 3252 4559 τὸν
3273 4505 3509 4559 ἐκείνων
3532 4505 3691 4572 λόγον.

2119 4606 2189 4661 τὰ
2217 4607 2461 4677 δόγματα
2490 4606 2712 4660 ἐκείνων
2745 4603 3147 4676 παραθέμενοι·
3183 4599 3429 4670 πονηρὸς
3469 4598 3571 4669 μὲν
3591 4593 3693 4667 ﬁve

2121 4700 2391 4763 Σατανᾶς,
2421 4698 2623 4768 ἀγαθὸς
2662 4697 2718 4751 δὲ
2760 4694 2826 4769 ἦν
2861 4697 2889 4748 6
2938 4693 3105 4757 Θεόςι
3140 4690 3233 4744 καὶ
3272 4688 3453 4752 οὕτως
3484 4685 3573 4760 ἦν.
3604 4688 3691 4739 Τὸν

2124 4790 2292 4861 μῦθον
2326 4790 2562 4862 στρέφω,
2593 4790 2682 4843 ἵνα
2719 4789 2811 4842 τὸν
2852 4787 3017 4860 μῦθον
3046 4784 3359 4853 δυσωπήσω
3379 4800 3393 4813 ·
3428 4782 3527 4834 καὶ
3558 4783 3605 4834 εἰ
3631 4779 3689 4848 μὴ

2121 4884 2453 4955 παράθωμαι
2481 4883 2517 4937 ὃ.
2562 4882 2902 4952 ἐξηγοῦνται,
2951 4876 3204 4949 ὲντρέψαι
3240 4873 3343 4945 τὴν
3385 4872 3692 4944 μυθοποιίαν

2120 4979 2220 5031 οὐκ
2259 4977 2385 5047 ἔχω.
2425 4974 2651 5045 Ἀγαθδς
2688 4975 2784 5046 μὲν
2813 4969 2881 5044 ἦν
2923 4973 2952 5024 6
2985 4971 3137 5033 Θεὸς,
3185 4968 3342 5039 φησὶ,
3384 4965 3617 5036 πονηρὸς
3645 4963 3690 5015 δὲ

2121 5070 2149 5121 ὁ
2176 5071 2422 5131 Σατανᾶς
2440 5085 2454 5097 ·
2475 5067 2571 5120 καὶ
2609 5063 2676 5137 ἦν
2705 5063 2967 5135 πονηρός·
3009 5062 3104 5114 καὶ
3141 5058 3263 5113 οὗτε
3300 5057 3435 5111 ποτὲ
3466 5058 3567 5110 οὐκ
3595 5052 3656 5125 ἦν
3675 5070 3687 5081 ·

2119 5163 2206 5216 ἀεὶ
2240 5161 2347 5232 γὰρ
2370 5156 2464 5231 ἦν·
2497 5160 2591 5215 καὶ
2618 5160 2717 5211 οὐκ
2746 5156 2852 5211 ἀπό
2882 5171 3023 5218 τινος
3048 5150 3115 5224 ἦν
3139 5171 3151 5183 ·
3184 5146 3253 5222 ἦν
3275 5150 3389 5221 γάρ
3409 5167 3423 5180 υ
3456 5148 3553 5203 καὶ
3580 5146 3689 5217 ῥίζα

2115 5467 2461 5537 sciplinarum
2498 5473 2835 5537 negaverunt.
2866 5473 3104 5537 extrema
3126 5462 3509 5537 quasiverunt.
3536 5470 3585 5515 et
3612 5474 3686 5513 re-

2115 5534 2287 5605 perire
2301 5540 2403 5592 non
2422 5534 2723 5606 potuerunt,
2747 5536 3124 5606 principiorum
3147 5534 3575 5606 consequentiam
3596 5545 3685 5585 uel

2121 5604 2489 5668 admittentes;
2524 5609 2605 5664 sic
2632 5604 2777 5663 enim
2815 5608 3013 5674 planus
3037 5614 3121 5660 est
3149 5621 3368 5659 sensus.
3402 5604 3568 5657 Bosa.

2192 5679 2303 5750 (l'i)
2340 5681 2412 5733 Τὰ
2438 5682 2542 5750 γὰρ
2566 5694 2705 5748 συγ.
2738 5672 2996 5744 ριιιιιάίιιιι
3021 5676 3213 5731 deesse
3240 5674 3561 5730 videbantur
3596 5672 3682 5726 hoc
