3782 6166
119 343 154 399 1
175 341 282 397 ιειι

1233 301 1620 388 AMERSUS
1662 332 2087 388 MANICHAEOS
2127 332 2253 387 Lis.
2298 332 2340 390 ι.

3267 341 3410 397 1122

114 461 227 537 ἦν,
263 459 421 532 φησι,
453 461 546 515 καὶ
575 454 644 530 ἦν
666 459 890 531 Κύριος,
922 458 1015 513 καὶ
1044 457 1203 521 αὐτὸς
1234 453 1330 527 ἦν’
1366 446 1462 508 καὶ
1492 452 1617 510 ῥίζα
1635 452 1723 526 ἦν·

1889 456 1986 509 iit:
2019 463 2137 510 erat
2173 455 2300 509 item
2336 452 2633 517 Dominus,
2691 463 2745 509 et
2780 454 2898 525 ipse
2944 461 3098 518 erat;
3145 463 3200 509 et
3253 457 3407 511 radix

119 555 237 609 καὶ
276 552 406 626 ῥίζα
433 550 595 622 καλὴ,
635 552 728 603 καὶ
757 549 881 620 ῥίζα
907 549 1087 602 καλῶν
1107 566 1120 578 ·
1152 549 1246 602 καί
1275 549 1382 601 πᾶν
1423 544 1586 600 καλὸν
1624 547 1733 601 ἀπὸ

118 644 340 699 τούτου
389 640 606 712 ἐξῆλθε·
638 640 732 692 δύο
759 640 867 709 γάρ
906 635 1046 709 ἦσαν
1079 639 1246 709 ῥίζαι,
1281 639 1374 691 καὶ
1409 637 1503 691 δύο
1531 637 1734 709 προῆλ-

121 737 234 791 θον
265 734 508 807 πρόοδοι,
534 734 588 786 ai
620 731 835 803 πρόοδοι
864 730 1190 801 κατάλληλοι
1228 731 1351 791 ταῖς
1391 729 1566 798 ῥίζαις
1588 745 1603 758 ·
1637 729 1731 781 ἀπ’

122 829 368 898 ἐκείνης
396 824 466 879 τὰ
492 824 736 890 τοιαῦτα,
758 822 852 877 καὶ
874 822 981 876 ἀπὸ
1007 820 1215 893 ταύτης
1234 819 1304 872 τὰ
1326 819 1549 873 τοιαῦτα
1581 818 1736 890 θρυλ-

120 920 352 974 λοῦσιν,

213 1011 447 1080 Στῶμεν
470 1009 574 1072 ἕως
603 1006 804 1061 τούτων
828 1005 1266 1077 ἐπιχειρήσωμεν
1287 1002 1474 1056 λοιπὸν
1515 1003 1617 1074 τὴν
1649 1000 1736 1068 ἐξ·

123 1104 336 1158 ἑτασιν
358 1143 373 1165 ,
402 1102 496 1154 καὶ
513 1101 708 1171 ἴδωμεν
730 1097 1140 1169 συλλογισμοὺς,
1158 1096 1251 1150 καὶ
1277 1093 1734 1167 μνημονεύσωμεν

130 1194 356 1268 ῥητῶν,
389 1193 476 1246 ἴνα
507 1191 602 1245 καὶ
634 1193 745 1253 τοῖς
778 1188 1156 1259 συλλογισμοῖς
1197 1185 1611 1256 συναγάγωμεν,
1642 1185 1736 1237 καὶ

122 1289 262 1349 τοῖς
298 1286 482 1357 ῥητοῖς
528 1282 805 1353 πείσωμεν
827 1298 840 1310 ·
887 1283 1131 1353 φήσομεν
1163 1278 1274 1351 γὰρ
1313 1279 1448 1350 πρὸς
1493 1275 1692 1340 αὐτούς
1716 1293 1730 1307 ’

141 1379 320 1431 Ἐπεὶ
346 1377 480 1439 Θεὸς
506 1374 631 1446 ῥίζα
666 1370 756 1445 ἦν,
788 1373 883 1427 καὶ
918 1372 1041 1445 ῥίζα
1075 1370 1237 1443 καλὴ,
1283 1371 1376 1424 καὶ
1406 1369 1610 1441 καρποὶ
1635 1386 1736 1422 κα-

131 1465 236 1518 λοὶ
269 1463 380 1517 ἀπὸ
413 1462 576 1535 ῥιζῶν
615 1461 795 1515 καλῶν
823 1460 1238 1532 προηνέχθησαν
1259 1477 1272 1488 ’
1308 1461 1399 1514 καὶ
1425 1462 1453 1513 6
1491 1460 1736 1523 Σατανᾶς

133 1553 280 1624 ῥίζα
313 1549 403 1624 ἦν,
438 1554 532 1605 καὶ
558 1549 682 1623 ῥίζα
711 1553 882 1623 κακή·
913 1551 1008 1604 καὶ
1035 1551 1235 1622 καρποὶ
1267 1551 1425 1604 κακοὶ
1451 1548 1557 1602 ἀπὸ
1581 1549 1736 1621 ῥίζης

131 1643 336 1713 κακῆς
364 1641 777 1713 προηνέχθησαν
800 1655 812 1669 ⁸
845 1640 990 1704 τίνος
1014 1640 1216 1712 καρποὶ
1236 1641 1286 1692 οἱ
1320 1639 1626 1703 ἀπόστολοι,
1652 1639 1736 1691 ’ίνα

133 1738 215 1789 ὲκ
251 1736 365 1789 τῶν
420 1733 650 1806 καρπῶν
687 1733 905 1804 γνῶμεν
947 1735 1008 1787 τὸ
1060 1733 1430 1806 ζητούμενον;
1476 1733 1611 1802 ὅπερ
1636 1733 1736 1785 οὐκ

1832 550 1995 611 bona,
2033 557 2087 603 et
2114 548 2272 602 radix
2312 548 2614 613 bonorum;
2656 555 2710 602 et
2735 562 2896 602 omne
2951 546 3152 601 bonum
3185 547 3255 601 ab
3307 548 3410 602 hoc

1833 639 2134 710 profectum
2179 648 2262 694 est
2295 656 2309 693 :
2347 639 2470 693 duae
2491 654 2728 708 namque
2768 639 2980 693 radices
3015 647 3191 703 erant,
3224 648 3272 694 et
3302 640 3414 696 duo

1831 734 2039 788 surculi
2072 739 2471 803 provenerunt,
2529 732 2734 786 surculi
2766 731 3047 786 radicibus
3075 733 3413 801 responden-

1832 832 1917 879 tes
1949 844 1962 879 :
1996 824 2063 878 ali
2096 824 2187 878 illa
2216 824 2366 887 talia,
2391 824 2460 878 ab
2492 823 2596 877 hac
2625 825 2754 877 talia
2784 822 2899 877 ﬁeri
2930 823 3160 893 jactant.

1904 998 2226 1055 lnsistamus
2250 1000 2361 1064 hic,
2393 1000 2589 1056 deinde
2610 1003 2969 1072 quaestionem
3003 1005 3405 1077 aggrediamur,

1833 1093 2226 1162 videamusque
2272 1094 2796 1163 argumentationes,
2832 1103 2887 1151 et
2918 1111 3040 1167 quae
3083 1098 3225 1152 dicta
3281 1108 3410 1152 sunt

1836 1185 2218 1251 recordemur,
2273 1190 2335 1237 ut
2400 1187 2971 1254 argumentationibus
3026 1190 3408 1244 conclusiones

1834 1273 2231 1337 couticiamus;
2263 1279 2318 1328 et
2348 1288 2413 1328 ex
2445 1274 2513 1329 iis
2553 1290 2675 1344 qua:
2717 1276 2981 1343 diximus,
3037 1279 3193 1334 fidem
3246 1279 3408 1333 facia-

1835 1380 1993 1420 mus:
2036 1363 2281 1420 dicemus
2312 1364 2456 1420 enim
2496 1365 2619 1422 istis
2660 1384 2674 1421 :
2712 1366 2769 1421 Si
2822 1368 2967 1424 Deus
2996 1381 3112 1425 erat
3148 1371 3323 1433 radix,
3354 1378 3410 1424 ct

1835 1456 1978 1512 bona
2001 1456 2177 1522 radix,
2209 1464 2263 1512 et
2284 1456 2415 1512 boni
2452 1456 2664 1515 fructus
2690 1475 2755 1514 ex
2790 1461 2949 1516 bonis
2978 1462 3254 1517 radicibus
3285 1478 3411 1532 pro—-

1837 1547 1979 1614 fusi;
2009 1562 2073 1601 ac
2104 1546 2338 1603 Satanas
2367 1546 2521 1603 radix
2553 1556 2691 1612 erat,
2725 1558 2779 1605 et
2810 1552 2952 1606 mala
2982 1552 3156 1619 radix,
3189 1568 3253 1607 ac
3292 1552 3409 1608 fru-

1836 1650 1959 1696 ctus
2011 1639 2139 1694 mali
2173 1655 2239 1694 ex
2281 1640 2424 1694 mala
2458 1641 2641 1696 radice
2668 1640 2774 1697 fusi
2803 1661 2817 1697 :
2854 1645 3010 1713 cujus
3053 1646 3254 1702 radicis
3281 1661 3407 1716 apo-

1839 1733 1965 1788 stoli
1992 1733 2204 1788 fructus
2234 1734 2583 1797 exstiterunt,
2611 1742 2669 1788 ιιι
2702 1750 2767 1787 ex
2803 1734 3069 1790 fructibus
3100 1736 3242 1806 quod
3264 1753 3413 1806 quae-

138 1829 267 1883 ἀπὸ
299 1827 408 1882 τῶν
462 1827 626 1900 ῥιζῶν
668 1826 928 1898 λαμϐάνω
950 1842 964 1855 ⁸
996 1828 1240 1897 φήσομεν
1268 1828 1396 1899 γὰρ,
1448 1827 1515 1878 Ἠ
1545 1826 1671 1897 ῥίζα
1700 1826 1731 1895 ἡ

1889 1839 2032 1888 mus,
2059 1824 2491 1894 cognoscamus?
2512 1824 2760 1880 Nondum
2787 1840 2816 1879 a
2839 1827 3110 1883 radicibus
3128 1845 3414 1899 argumen-

138 1917 306 1989 κακὴ
366 1917 520 1970 οὐδὲν
573 1915 734 1971 καλὸν
769 1919 1153 1987 προσενεγκεῖν
1179 1912 1317 1970 οἶδεν
1343 1935 1355 1947 ·
1396 1916 1576 1988 οῦτεή
1612 1915 1736 1987 ῥίζα

137 2011 184 2081 ἡ
253 2008 397 2080 καλὴ
457 2007 606 2063 οὐδὲν
667 2008 836 2062 κακὸν
895 2010 1279 2081 προσενεγκεῖν
1335 2005 1465 2063 οἶδε.
1523 2009 1739 2062 Φαίνον-

146 2117 254 2154 ται
297 2098 354 2152 δὲ
388 2101 438 2153 oi
469 2098 753 2152 ἀπόστολοι
782 2099 910 2152 ποτὲ
946 2100 1043 2170 μὲν
1088 2099 1263 2162 καλοὶ,
1300 2099 1428 2153 ποτὲ
1458 2099 1514 2153 δὲ
1546 2099 1732 2153 κακοί·

144 2192 254 2245 seat
284 2190 382 2261 ὀψὲ
409 2190 508 2261 μὲν
537 2190 711 2255 καλοὶ,
744 2189 984 2261 ἀρχῆθεν
1008 2191 1065 2244 δὲ
1101 2193 1280 2258 κακοὶ,
1310 2192 1403 2246 καὶ
1433 2192 1737 2265 μεταϐολὴν

144 2282 525 2354 πεποιημένοι
564 2281 671 2335 ἀπὸ
702 2282 810 2335 τῶν
837 2282 1044 2337 κακῶν.

229 2377 297 2428 Εἰ
318 2376 414 2446 μὲν
429 2375 539 2447 γὰρ
563 2376 806 2445 φήσομεν
825 2374 919 2427 τοῦ
945 2375 1159 2430 Σατανᾶ
1182 2378 1428 2447 καρποὺς
1453 2373 1590 2431 εἶναι
1612 2378 1738 2442 τοὺς

149 2468 494 2531 ἀποστόλους
522 2470 609 2524 διὰ
635 2469 706 2523 τά
728 2469 934 2523 παλαιὰ
963 2470 1299 2540 πταίσματα,
1319 2470 1737 2541 δυσωπηθήσον-

148 2571 254 2608 ται
288 2554 376 2609 διὰ
406 2555 506 2627 τὴν
536 2542 840 2628 ἀποστολὴν
874 2557 967 2611 καὶ
998 2559 1098 2629 τὴν
1135 2559 1441 2630 τελειότητα
1469 2560 1576 2613 τῶν
1607 2563 1739 2631 ἀρε-

153 2645 275 2698 τῶν
295 2660 311 2674 ⁸
340 2647 466 2699 εἰδὲ
491 2646 585 2700 τοῦ
614 2647 769 2711 Θεοῦ,
802 2649 855 2702 τί
877 2647 1061 2717 ἐροῦσι
1087 2650 1216 2720 περὶ
1243 2649 1352 2702 τῶν
1386 2652 1740 2721 πταισμάτων

155 2736 276 2790 τῶν
312 2737 556 2790 παλαιῶν
585 2741 678 2792 καὶ
709 2740 808 2811 τῆς
844 2739 1081 2801 παλαιᾶς
1111 2740 1398 2812 διαϐολῆς;
1432 2742 1740 2814 δυσωπήσει

156 2827 279 2900 γὰρ
316 2829 510 2893 αὐτοὺς
535 2830 596 2882 τὸ
628 2831 883 2903 γράμμα,
918 2834 1012 2886 καὶ
1039 2833 1243 2903 ἐλέγξει
1286 2834 1462 2887 αὐτῶν
1493 2836 1592 2906 τὴν
1623 2836 1744 2907 κρί-

156 2937 274 2974 σιν.
295 2920 358 2973 Et
383 2921 457 2985 δὲ,
489 2922 819 2995 ἀποροῦντες
840 2925 934 2977 καὶ
956 2925 1132 2978 εἰπεῖν
1164 2927 1238 2997 μὴ
1266 2926 1587 2997 δυνάμενοι,
1616 2928 1744 2981 ἀντ-

156 3029 188 3065 ε
195 3011 413 3084 ρωτῶσι
430 3013 730 3083 φάσκοντες
751 3016 1008 3070 δύσκολον
1034 3015 1173 3072 εἶναι
1197 3020 1296 3091 τὴν
1317 3008 1469 3074 λύσιν
1488 3021 1595 3074 τῶν
1613 3039 1744 3093 προ-

153 3106 396 3170 τάσεων,
431 3107 525 3160 καὶ
563 3107 818 3161 δύσκολον
856 3108 1119 3182 εἶναιτὴν
1158 3111 1461 3176 ἀπόδειξιν
1497 3115 1741 3184 φήσομεν

154 3198 262 3251 καὶ
284 3199 444 3269 ἡμεῖς
468 3200 529 3252 οὐ
549 3202 794 3271 καρποὺς
818 3199 1100 3266 εἶναιτοὺς
1123 3204 1449 3268 ἀποστόλους
1469 3205 1562 3259 τοῦ
1583 3206 1742 3270 Θεοῦ,

157 3291 303 3345 ἀλλὰ
329 3294 607 3363 ποιήματα
636 3294 731 3347 καὶ
767 3294 1069 3365 πλάσματα
1088 3311 1102 3324 °
1132 3296 1190 3348 οὐ
1214 3296 1323 3367 γὰρ
1354 3295 1429 3358 ὼς
1456 3296 1565 3349 ἀπὸ
1590 3295 1746 3367 ῥίζης

158 3380 370 3449 καρποὶ
408 3380 841 3453 προηνέχθησαν,
871 3383 985 3436 ἀλλ’
1002 3385 1077 3446 ὡς
1105 3385 1212 3438 ἀπὸ
1236 3386 1454 3438 κτίστου
1473 3387 1564 3439 καὶ
1586 3403 1744 3456 ποιη-

155 3467 284 3531 τοῦ,
320 3469 591 3539 κτίσματα
625 3472 719 3524 καὶ
743 3477 1027 3543 ποιήματα
1055 3475 1377 3545 γεγένηνται
1396 3475 1489 3528 τοῦ
1518 3492 1748 3545 πεποιη-

161 3560 325 3622 κότος
339 3577 352 3589 ·
369 3561 468 3632 οὐχ
486 3562 561 3626 ὼς
584 3565 843 3633 ὁμοουσία
857 3565 950 3619 τοῦ
970 3567 1349 3639 πεποιηκότοςο
1372 3569 1619 3638 γεννητοὶ
1638 3566 1746 3639 γὰρ

158 3653 235 3704 ὲκ
260 3651 353 3704 τοῦ
386 3653 679 3725 ἀγεννήτου
708 3656 836 3709 ποτὲ
863 3658 962 3710 οὑκ
990 3658 1163 3721 ὄντες,
1195 3658 1420 3728 ὕστερον
1439 3658 1495 3711 δὲ
1514 3676 1744 3729 πεποιη-

162 3741 351 3812 μένοιο
388 3743 450 3795 τὸ
484 3744 583 3814 μὲν
614 3742 755 3799 εἶναι
794 3747 904 3801 ἀπὸ
945 3747 1039 3801 τοῦ
1070 3749 1431 3819 πεποιηκότος
1469 3749 1743 3813 λαϐόντες,

159 3831 267 3884 οὐκ
293 3833 471 3887 οὐσίαι
501 3835 559 3888 δὲ
586 3836 644 3903 ἐξ
671 3837 878 3903 οὐσίας,
909 3839 1024 3892 ἀλλ’
1053 3841 1376 3904 ὑποστάσεις
1399 3840 1458 3907 ἐξ
1481 3840 1748 3910 ἀγαθότη-

158 3938 258 3987 ⁴τος
283 3923 376 3977 τοῦ
404 3927 748 3999 Δημιουργοῦ
772 3930 1124 4002 πεποιημένοι
1139 3947 1152 3960 ’
1175 3933 1269 3985 καὶ
1289 3931 1432 3985 οὕτω
1450 3949 1642 4003 πεποιη
1652 3931 1749 4002 μέ-

163 4032 273 4081 νοι,
301 4017 390 4071 ἵνα
431 4022 745 4093 προαιρέσει
775 4023 874 4094 τὴν
904 4025 1078 4094 ἀρχὴν
1118 4023 1283 4095 ἔχωσι
1323 4024 1459 4096 (18).
1493 4017 1745 4077 Φαίνεται

164 4104 265 4162 οὖν
289 4110 317 4161 6
337 4111 527 4183 Σωτὴρ
545 4113 718 4181 λέγων
742 4130 755 4144 ·
780 4115 854 4168 ΕΖ
878 4132 967 4181 τις
998 4116 1157 4170 θέλει
1178 4118 1371 4170 ὀπίσω
1385 4133 1506 4185 μου
1524 4115 1742 4172 ἐλθεῖν-ο

165 4201 246 4255 El
272 4201 463 4269 θέλεις
486 4204 714 4271 τέλειος
742 4206 1018 4275 γενέσθαι
1038 4223 1052 4236 ·
1074 4210 1139 4261 El
1156 4208 1349 4274 θέλεις
1390 4208 1560 4278 ὑγιὴς
1585 4207 1747 4278 γενέ-

163 4295 311 4346 σθαι
327 4309 343 4324 ’
375 4296 423 4347 εί
443 4296 471 4346 6
487 4299 716 4368 ποιήσας
744 4297 969 4351 τοιαῦτα
990 4299 1158 4365 λαλεῖ,
1178 4301 1244 4353 δι’
1266 4294 1326 4353 οῦ
1359 4300 1546 4372 Πατὴρ
1568 4302 1745 4354 πάντα

162 4386 413 4455 ἐποίησε,
446 4388 556 4440 νόει
587 4386 683 4440 τοῦ
710 4391 1071 4460 πεποιηκότος
1102 4391 1200 4454 τὰς
1226 4392 1436 4460 φωνάς·
1473 4392 1530 4443 ὲν
1561 4391 1745 4463 τῷθέ-

162 4475 281 4527 λειν
306 4477 428 4539 τοὺς
450 4477 645 4548 νόμους
669 4477 819 4531 ἔθετο
839 4495 853 4508 °
877 4482 935 4532 ὲν
958 4483 1023 4551 τῇ
1050 4480 1262 4552 ϐελήσει
1290 4481 1357 4534 τὰ
1384 4482 1582 4550 νομικὰ
1604 4483 1741 4536 ἀπο-

1840 1923 1953 1969 tum
1985 1931 2179 1985 sumo;
2210 1916 2457 1972 dicemus
2483 1919 2627 1971 enim
2653 1938 2666 1972 :
2721 1918 2864 1973 Mala
2917 1920 3070 1974 radix
3115 1922 3250 1981 nihil
3281 1922 3411 1977 boui

1839 2007 2086 2078 proferre
2116 2009 2291 2077 potuit
2313 2047 2329 2072 ,
2360 2023 2537 2078 neque
2579 2010 2732 2064 radix
2766 2012 2909 2067 bona
2936 2012 3231 2082 quidquam
3263 2014 3409 2069 mali.

1837 2096 2107 2153 Videntur
2141 2111 2322 2153 autem
2347 2100 2577 2169 apostoli
2625 2101 2949 2172 quandoque
2984 2104 3136 2171 boni,
3164 2104 3415 2173 quando-

1836 2206 1943 2260 que
1972 2191 2101 2245 mali
2136 2190 2335 2259 fuisse;
2371 2206 2436 2246 ac
2483 2206 2607 2246 sero
2664 2192 2886 2262 quidem
2933 2192 3098 2259 boni,
3141 2194 3417 2266 principio

1838 2290 2020 2337 autem
2053 2283 2203 2347 mali,
2237 2292 2592 2352 mutasseque
2624 2285 2798 2339 malos
2832 2300 3013 2340 mores

1912 2371 1969 2428 Si
1993 2373 2137 2428 enim
2178 2373 2426 2429 dicamus
2464 2389 2585 2429 esse
2619 2373 2894 2442 apostolos
2928 2375 3144 2429 Satanae
3198 2375 3414 2432 fructus

1838 2473 2061 2536 prOpter
2092 2473 2268 2521 vetera
2295 2464 2518 2530 delicta,
2554 2464 2887 2520 adhibebunt
2933 2467 3014 2523 eis
3055 2468 3414 2524 reverentiam

1841 2566 2061 2627 pr0pter
2082 2558 2448 2627 apostolatum
2483 2566 2537 2612 et
2566 2556 2957 2627 perfectionem
2992 2558 3278 2616 virtutum.
3317 2558 3416 2616 Sin

1840 2664 1971 2704 vero
2002 2648 2096 2704 Dei
2138 2650 2349 2705 fructus
2371 2688 2385 2715 ,
2433 2650 2568 2720 quid
2621 2649 2805 2705 dicent
2832 2649 2901 2705 de
2932 2652 3172 2720 antiquis
3224 2665 3416 2707 eorum

1842 2741 2104 2811 peccatis,
2136 2748 2189 2796 et
2210 2740 2277 2796 de
2307 2743 2533 2812 antiqua
2565 2741 2674 2794 vita
2700 2740 3018 2796 diabolica?
3050 2743 3117 2797 ad
3147 2743 3415 2812 pudorem

1841 2834 1985 2887 enim
2021 2833 2300 2887 revocabit
2324 2848 2420 2888 eos
2453 2832 2737 2903 Scriptura
2766 2872 2781 2897 ,
2835 2841 2889 2887 et
2918 2849 3106 2889 eorum
3146 2836 3416 2906 judicium

1843 2926 2151 2995 redarguet.
2185 2923 2242 2979 Si
2269 2942 2398 2981 vero
2452 2942 2563 2982 non
2614 2926 2950 2997 reperientes
2970 2926 3198 2994 exitum,
3230 2936 3285 2982 et
3310 2942 3419 2997 quo

1844 3032 1903 3074 se
1926 3023 2142 3073 vertant
2173 3019 2480 3073 nescientes
2508 3059 2522 3084 ,
2571 3033 2672 3072 nos
2707 3032 2903 3073 rursus
2936 3018 3312 3087 interrogent,
3343 3019 3422 3073 di-

1844 3118 2077 3179 cantque
2114 3109 2274 3163 nobis
2311 3124 2527 3180 quoque
2564 3110 2804 3165 dilliciles
2837 3125 2961 3164 esse
2988 3109 3321 3179 quaestiones
3349 3109 3420 3164 ad

1844 3200 2215 3266 solvendum;
2285 3201 2499 3257 ditIicile
2565 3203 2695 3257 item
2763 3203 2975 3257 ratione
3039 3202 3415 3258 concludere:

1843 3292 2316 3361 respondebimus,
2343 3307 2452 3346 non
2480 3308 2605 3347 esse
2637 3292 2851 3347 fructus
2876 3292 2968 3347 Dei
2999 3292 3300 3362 apostolos,
3318 3292 3415 3348 sed

1844 3383 2017 3438 factos
2037 3391 2091 3438 et
2120 3383 2313 3449 ﬁctos;
2355 3399 2463 3438 non
2500 3385 2645 3437 enim
2694 3392 2953 3455 tanquam
2990 3383 3201 3439 fructus
3229 3399 3296 3438 ex
3327 3397 3417 3437 ra-

1845 3475 1966 3530 dice
1996 3473 2206 3545 profusi
2235 3481 2383 3538 sunt,
2413 3474 2507 3529 sed
2521 3483 2778 3545 tanquam
2806 3484 3071 3531 creaturae
3098 3491 3128 3529 a
3156 3473 3421 3530 Creatore‘

1844 3573 1898 3619 et
1928 3572 2152 3620 auctore
2184 3564 2393 3631 creati;
2434 3550 2699 3620 creaturae
2739 3565 2887 3619 enim
2925 3565 3046 3635 ejus
3101 3575 3231 3622 sunt
3255 3606 3271 3631 ,
3304 3580 3422 3621 non-

1845 3662 2102 3726 tauquam
2179 3656 2424 3724 ejusdem
2488 3656 2850 3721 substantiae,
2918 3656 3077 3728 cujus
3130 3658 3248 3727 ipse
3310 3664 3420 3713 est.-

1845 3744 2023 3801 Geniti
2052 3754 2180 3803 sunt
2206 3747 2275 3801 ab
2298 3747 2559 3817 ingenito,
2586 3763 2711 3802 cum
2745 3748 3041 3819 aliquando
3074 3765 3183 3804 non
3205 3755 3424 3816 essent,

1844 3845 2035 3909 postea
2062 3838 2188 3893 facti
2216 3847 2343 3894 sunt
2367 3856 2382 3905 ;
2424 3838 2519 3909 qui
2564 3847 2623 3892 ut
2649 3846 2836 3894 essent
2865 3838 3107 3911 quidem,
3135 3839 3205 3895 ab
3232 3853 3298 3895 eo
3320 3839 3423 3910 qui

1845 3930 1999 3994 fecit,
2037 3937 2389 4000 acceperunt,
2433 3945 2543 3985 non
2584 3931 2908 3987 substantiae
2964 3947 3030 3987 ex
3071 3930 3423 3997 substantia,

1844 4022 1939 4078 sed
1982 4021 2112 4076 facti
2159 4022 2482 4093 hypostases
2532 4022 2776 4078 bonitate
2809 4024 3084 4088 auctoris,
3144 4030 3308 4094 atque
3340 4024 3419 4077 ita

1845 4113 1997 4177 facti,
2030 4113 2118 4165 ἵνα
2151 4112 2464 4184 προαιρέσει
2489 4111 2588 4184 τὴν
2625 4112 2798 4185 ἀρχὴν
2828 4113 3012 4184 ἔχωσι,
3055 4121 3112 4167 ιιι
3137 4113 3425 4167 voluntate

1845 4203 2081 4258 habeant
2096 4203 2481 4273 principatum.
2500 4202 2589 4256 Ait
2605 4203 2768 4274 igitur
2783 4202 3032 4257 Salvator
3057 4222 3068 4257 :
3100 4202 3288 4274 Siquis
3309 4202 3421 4256 vult

1844 4297 2015 4350 venire
2040 4305 2157 4364 post
2179 4311 2258 4348 me
2290 4294 2341 4362 ³;
2374 4291 2432 4348 Si
2465 4297 2539 4348 vis
2561 4295 2820 4364 perfectus
2854 4311 2965 4350 esse
2987 4295 3041 4361 ⁸;
3074 4294 3134 4349 Si
3154 4296 3229 4348 vis
3255 4311 3420 4349 sanus

1845 4389 1963 4458 ﬁeri
1999 4389 2041 4442 ⁸.
2084 4387 2141 4443 Si
2175 4390 2220 4443 is
2245 4388 2336 4457 qui
2367 4386 2512 4454 fecit,
2555 4388 2636 4441 sic
2668 4387 2927 4458 loquitur,
2970 4402 3065 4456 per
3109 4401 3269 4455 quem
3312 4383 3423 4438 Pa-

1847 4491 1930 4536 tcr
1949 4482 2134 4536 omnia
2165 4481 2466 4538 fabricatus
2511 4490 2615 4545 est,
2648 4481 2888 4549 intellige
2921 4494 3084 4533 voces
3129 4477 3413 4531 auctoris:

160 4567 514 4637 ταμιεύεται’
559 4569 656 4640 τὴν
706 4569 958 4641 βούλησιν
1002 4572 1110 4626 τῶν
1154 4572 1501 4643 πραττόντων
1547 4575 1731 4646 κυρίαν

1889 4588 1901 4623 ι
1933 4572 2215 4625 voluntate
2244 4573 2427 4641 posuit
2445 4571 2628 4641 leges;
2664 4571 2716 4622 in
2751 4570 3030 4623 voluntate
3056 4567 3296 4636 legitima
3328 4582 3411 4620 re-

164 4659 282 4714 τῶν
309 4663 694 4732 πραττομένων
723 4664 1028 4718 ἐπίσταται.

1847 4661 2072 4728 condit;
2111 4663 2445 4717 voluntatem
2477 4660 2752 4732 agentium
2802 4659 2905 4714 scit
2928 4657 3204 4712 dominam
3238 4658 3412 4713 actio-

1850 4769 1975 4806 num
2009 4768 2153 4807 esse.

159 4863 296 4921 Car.
349 4861 588 4918 XXXIV.
629 4860 766 4917 Mali
808 4862 1015 4934 aliquas
1062 4864 1279 4917 virtutes
1324 4861 1536 4918 habent.
1582 4863 1817 4987 ΡΙιαΆιο.
1868 4863 2383 4918 Nabuchodonosor.
2435 4859 2746 4932 Nequitiam
2790 4858 2965 4913 lumen
3007 4859 3249 4928 rapuisse
3269 4856 3422 4915 dolet

1758 4953 1895 4987 anes.

1758 4953 1895 4989 anes.

251 5050 463 5120 Ἀμέλει
506 5051 680 5124 τιμῶν
709 5052 807 5125 τὴν
851 5053 959 5107 τῶν
985 5053 1097 5125 (l9)
1143 5053 1393 5126 πράξεων
1431 5056 1725 5122 κοινωνίαν,

158 5143 465 5214 ἀνήρτησεν
506 5145 565 5197 ὲν
594 5148 661 5216 τῇ
697 5144 912 5217 Θελήσει
938 5148 967 5201 6
998 5147 1180 5216 λόγος·
1225 5147 1366 5203 Ἐὰν
1393 5148 1605 5217 θέλητε
1640 5148 1740 5203 καὶ

238 5299 260 5333 ⁸
280 5296 472 5355 Matth.
501 5318 611 5367 xvi,
641 5302 732 5359 24.

808 5303 831 5336 ⁸
860 5303 1048 5360 Matth.
1088 5322 1200 5373 xix,
1230 5306 1319 5362 2L
1397 5308 1418 5339 ⁸
1450 5305 1609 5363 Joan.
1643 5324 1694 5375 v,
1721 5308 1776 5362 6.

1919 5053 2061 5110 Sane
2094 5053 2311 5124 quidem
2347 5061 2409 5109 ut
2444 5069 2545 5108 nos
2573 5053 2903 5117 bonoraret,
2955 5051 3124 5106 voluit
3153 5049 3423 5112 Verbum,

1844 5157 1905 5203 ut
1941 5148 2306 5203 communitas
2360 5147 2639 5202 actionum
2685 5146 2741 5201 in
2794 5146 3074 5199 voluntate
3130 5141 3422 5214 penderet.

159 5527 301 5599 loco,
330 5539 452 5599 qua;
476 5518 1004 5599 ad'conl'utationem
1028 5541 1216 5599 eorum
1250 5542 1370 5597 qua:
1393 5527 1637 5596 proxime
1664 5542 1730 5579 ex
1837 5545 1955 5583 vero
1974 5530 2064 5599 qui
2085 5545 2186 5582 non
2211 5534 2723 5599 servaveruntsuum
2757 5524 3133 5599 principatum.
3160 5527 3266 5578 etc.
3294 5516 3374 5577 I33.

160 5596 441 5669 Manichaei
494 5597 636 5651 libro
667 5600 1013 5664 recitaverat,
1050 5596 1444 5669 pertinebant;
1495 5612 1727 5668 quorum

160 5665 463 5723 coul‘utatio
488 5669 680 5722 ordine
715 5677 971 5723 secutura
993 5665 1130 5724 erat.
1162 5667 1338 5723 Tuan.

1909 5597 2022 5669 (19)
2044 5601 2324 5668 Πράξεων
2349 5617 2500 5654 κοιν.
2527 5598 2788 5669 Actiones
2812 5597 2986 5660 bona),
3010 5608 3240 5665 quarum
3267 5605 3423 5646 com-

1835 5667 2100 5725 munitate
2139 5687 2263 5724 cum
2318 5669 2432 5727 Deo
2477 5667 2753 5741 conjuncti
2800 5682 3013 5733 sumus,
3067 5678 3258 5719 omnes
3288 5669 3422 5717 sunt

230 5737 338 5809 (t8)
370 5738 488 5807 Τὴν
514 5737 714 5807 ἀρχὴν
744 5738 838 5809 ἐχ.
862 5737 1117 5810 lnEpist.
1148 5738 1301 5796 Juda‘:
1334 5740 1367 5809 ᾗ
1397 5737 1453 5809 6,
1501 5738 1725 5811 Angelos

1889 5741 2175 5797 iluutariae.
2207 5740 2280 5795 in.
