3782 6166
441 317 579 372 “'25

1569 315 1706 372 TITI
1747 313 2174 371 BOSTRENSIS
2216 315 2524 375 EPlSCOPl

3563 321 3690 377 H24

438 433 500 488 Si
528 433 813 497 volueritis,
850 432 1058 503 inquit,
1109 445 1157 487 et
1208 434 1488 490 audieritis
1524 452 1605 489 me
1627 476 1642 500 ,
1691 435 1827 488 bona
1859 445 1976 489 terre

2163 439 2512 507 Γσακοὺσητέ
2527 457 2666 507 μου,
2695 439 2766 493 τὰ
2784 438 2971 508 ἀγαθὰ
2993 438 3098 507 τῆς
3124 436 3234 508 τῆς
3258 438 3530 509 φάγεσθε
3551 457 3566 470 ·
3590 442 3690 494 ἐὰν

437 525 760 588 comedetis;
795 527 842 580 si
876 537 1050 578 autem
1102 528 1406 590 nolueritis,
1443 543 1535 580 nec
1577 527 1853 581 audieritis
1897 543 2010 591 me,

437 620 648 690 gladius
693 617 962 672 devorabit
996 635 1082 672 vos
1117 620 1158 673 ‘.
1197 618 1304 674 Sed
1335 620 1634 675 absurdum
1667 627 1752 676 est
1793 630 2014 690 praeter-

437 711 654 766 mittere
695 726 1002 766 sermonem
1033 712 1099 765 de
1135 711 1557 782 improbissimis
1581 751 1596 775 ,
1640 728 1704 766 ac
1735 712 2014 783 praeterire

438 803 930 858 considerationem
969 803 1036 857 de
1087 803 1157 858 iis
1186 805 1279 872 qui
1309 804 1630 872 turpissime
1664 813 1828 876 atque
1857 805 2012 861 etfre-

443 895 732 949 natissima
785 895 1002 949 licentia
1056 895 1110 949 in
1149 896 1260 948 vita
1289 904 1602 961 versantur,
1638 911 1706 951 ne
1761 905 2009 952 nostrum

433 986 712 1041 silentium
740 987 1260 1056 periculosissimam
1294 986 1730 1057 desperationem
1766 989 1846 1044 eis
1869 1005 2012 1044 com-

435 1081 607 1144 paret.
632 1072 749 1129 Non
770 1088 1098 1146 magnopere
1116 1084 1375 1132 accusant
1394 1075 2011 1134 Nabuchodonosorem?

433 1153 543 1220 non
565 1165 720 1220 valde
754 1167 1162 1238 reprehendunt
1184 1165 1569 1222 Pharaonem?
1601 1184 1711 1224 non
1762 1171 1829 1224 ad
1858 1186 2010 1226 sum-

433 1271 580 1312 mum
613 1257 890 1330 fastigium
923 1258 1282 1329 turpitudinis
1310 1274 1634 1330 progressos
1655 1262 2010 1318 existimant?

429 1348 560 1402 talia
596 1349 740 1404 enim
772 1348 839 1404 de
871 1350 1089 1404 illorum
1125 1350 1235 1402 vita
1281 1359 1334 1404 et
1378 1349 1630 1405 instituto
1677 1352 1878 1423 ubique
1915 1354 2007 1424 ja-

429 1449 598 1494 ctant.
625 1438 682 1494 Si
715 1441 880 1512 igitur
927 1441 980 1495 in
1022 1442 1242 1496 illorum
1273 1441 1472 1497 animis
1522 1444 1729 1498 nullum
1763 1446 2004 1502 studium

429 1541 768 1594 cerneretur,
794 1532 897 1584 alia
930 1532 1068 1585 ratio
1089 1539 1254 1587 esset.
1289 1531 1385 1587 Sin
1419 1548 1549 1588 vero
1583 1537 1638 1589 in
1679 1536 1813 1590 adeo
1849 1537 2005 1593 malis

428 1624 592 1676 etiam
648 1631 852 1693 partes.
875 1625 1068 1694 aliqua:
1107 1639 1293 1678 eorum
1329 1640 1448 1694 quat
1492 1625 1630 1680 bona
1677 1634 1804 1681 sunt
1851 1643 2005 1696 repe-

2114 524 2293 594 δὲμὴ
2328 527 2560 593 θέλητε,
2607 527 2762 597 μηδὲ
2805 529 3200 596 εὶσακούσητέ
3241 547 3383 599 μου,
3428 530 3688 600 μάχαιρα

2113 617 2271 686 ὑμᾶς
2300 619 2626 673 κατέδεται.
2667 621 2896 674 Ἀτοπον
2924 620 2980 673 δὲ
3003 622 3096 674 καὶ
3127 620 3217 674 τὸν
3259 623 3388 692 περὶ
3418 623 3532 674 τῶν
3560 641 3685 691 φαο-

2111 708 2351 763 λοτάτων
2394 709 2709 764 καταλιπεῖν
2751 711 2924 780 λόγον,
2949 713 3041 766 καὶ
3069 711 3166 784 τὴν
3215 714 3344 784 περὶ
3381 713 3496 766 τῶν
3521 715 3689 783 αἰσχί-

2113 821 2252 866 στως
2281 803 2375 856 καὶ
2406 803 2867 875 ἐκδεδιῃτημένως
2885 805 3328 875 ἀναστρεφόντων
3359 807 3688 874 παραλιπεῖν

2111 893 2372 959 ἐξέτασιν,
2406 897 2602 966 μήπως
2635 897 2666 964 ὴ
2691 893 2844 965 ἡμῶν
2877 895 3053 966 σιωπὴ
3085 896 3344 948 ἀπόνοιαν
3364 896 3688 965 χαλεπωτά-

2109 1002 2212 1056 την
2239 985 2422 1049 αὐτοῖς
2461 966 2856 1056 κατασκευάσῃ.
2893 986 2968 1038 Οὐ
2992 986 3192 1058 σφόδρα
3225 987 3584 1040 διαϐάλλουσι
3609 989 3689 1040 τὸν

2109 1075 2619 1146 Ναϐουχοδονόσορ;
2665 1075 2724 1128 οὐ
2765 1075 2967 1147 σφόδρα
2999 1078 3299 1147 μέμφονται
3328 1075 3426 1130 τὸν
3449 1077 3689 1146 (tapeti);

2109 1169 2168 1222 οὐ
2209 1169 2374 1241 πέρας
2413 1168 2769 1240 αἱσχρότητος
2815 1168 3010 1232 αὐτοὺς
3057 1170 3410 1239 νενομίκασι;
3463 1170 3691 1224 τοιαῦτα

2107 1260 2216 1332 γάρ
2247 1259 2374 1330 περὶ
2402 1260 2500 1330 τῆς
2527 1261 2747 1314 ἐκείνων
2776 1260 3050 1330 διαγωγῆς
3075 1261 3185 1315 ἄνω
3209 1261 3303 1314 καὶ
3334 1261 3494 1315 κάτω
3525 1262 3690 1332 θρυλ-

2107 1350 2307 1405 λοῦσιν.
2339 1351 2402 1403 Et
2435 1350 2530 1420 μέν
2554 1346 2646 1404 οὖν
2685 1353 2742 1403 ἐν
2775 1349 3176 1426 ταῖςθδιανοίαις
3206 1351 3435 1406 ἐκείνων
3459 1352 3690 1423 οὐδεμία

2108 1443 2310 1513 σπουδὴ
2331 1443 2547 1512 φανείη,
2574 1442 2729 1510 λόγος
2751 1441 2817 1495 ἂν
2836 1441 2919 1514 εἴη
2946 1442 3128 1512 ἕτερος
3148 1460 3161 1472 ε
3184 1444 3310 1496 εἰδὲ
3336 1444 3396 1497 ἐν
3411 1447 3535 1508 τοῖς
3554 1446 3692 1500 οὕτω

2105 1537 2295 1596 κακοῖς
2322 1534 2413 1587 καὶ
2428 1535 2566 1604 μέρη
2591 1535 2900 1604 εὑρίσκεται
2922 1534 3119 1598 καλῶν,
3154 1536 3247 1588 καὶ
3262 1535 3582 1608 αἰσθήσεις,
3604 1539 3691 1591 καὶ

2104 1624 2434 1695 ἀντιλήψεις,
2465 1626 2558 1678 καὶ
2613 1626 2932 1696 μετάμελος,
2970 1629 3061 1680 καὶ
3092 1627 3322 1680 ίκεσίαι·
3365 1629 3422 1680 τί
3455 1629 3543 1682 ἔτι
3594 1634 3691 1702 φή-

428 1713 668 1777 riuntur,
701 1729 922 1778 sensus,
963 1715 1363 1784 perceptiones,
1400 1715 1793 1785 intelligentiae,
1829 1718 1974 1786 pceni

2163 1731 2326 1778 ιυσινς
2365 1716 2426 1768 El
2447 1715 2555 1786 γὰρ
2601 1710 2753 1780 οὗτος
2789 1721 2817 1770 ὁ
2846 1720 2987 1772 πάνυ
3018 1719 3293 1788 αἴσχιστος
3323 1721 3532 1792 φανείη
3574 1724 3690 1775 τινὰ

435 1807 603 1860 tentia
651 1821 715 1860 ac
766 1807 1227 1876 supplicationes;
1261 1807 1391 1876 quid
1450 1806 1561 1876 jam
1592 1807 1793 1862 dicturi
1830 1816 1956 1863 sunt

2163 1806 2246 1878 ξρη
2297 1806 2436 1877 ἔχων
2475 1808 2694 1879 ἀρετῆς,
2744 1810 2838 1862 καὶ⁷
2877 1794 3090 1878 τρόπων
3140 1791 3594 1882 ἐπιτηδειότητα,
3643 1815 3688 1865 τί

430 1896 489 1952 Si
526 1898 671 1952 enim
721 1897 810 1951 hic
848 1898 1203 1968 turpissimus
1258 1908 1517 1968 appareat
1573 1899 1771 1954 habere
1819 1909 1972 1970 parte

2163 1899 2352 1964 νοῦσιν;
2391 1901 2463 1953 Ἥ
2493 1901 2601 1970 γὰρ
2630 1901 2720 1954 τὸν
2757 1901 2996 1955 Σατανᾶν
3041 1903 3231 1972 μικτὸν
3261 1902 3322 1966 ἐξ
3353 1903 3571 1974 ἀρετῆς
3597 1905 3688 1957 καὶ

427 1992 691 2059 quasdam
726 1993 942 2046 virtutis
989 1997 1043 2046 et
1100 2006 1280 2046 mores
1324 1991 1537 2062 aliquos
1575 1993 1797 2048 idoneos
1823 2033 1838 2058 ,
1871 1995 2002 2063 quid

427 2081 649 2138 dicent?
678 2082 734 2137 Si
767 2082 913 2138 enim
965 2082 1396 2152 respondebunt,
1429 2083 1652 2139 mistum
1691 2099 1816 2140 esse
1847 2083 2003 2140 Sata-

427 2189 576 2242 nam,
609 2175 782 2246 utqui
814 2174 1024 2230 fructus
1054 2191 1124 2231 ex
1166 2176 1370 2230 virtute
1418 2191 1481 2231 ac
1531 2176 1665 2231 vitio
1691 2176 1883 2232 mistos
1919 2166 2002 2231 até

425 2267 631 2332 tulerit,
667 2275 760 2321 aut
787 2267 999 2321 fructus
1035 2266 1138 2323 hos
1169 2282 1277 2321 non
1307 2281 1430 2322 esse
1449 2267 1649 2322 diaboli
1674 2285 1688 2335 ;
1719 2283 1827 2322 non
1852 2268 1998 2323 enim

425 2356 638 2413 fructus
698 2356 876 2422 misti,
935 2355 1152 2411 fructus
1201 2355 1405 2412 fuerint
1438 2358 1677 2412 carentis
1707 2358 1998 2425 mistione;

422 2466 600 2520 neque
632 2449 777 2520 quod
815 2463 921 2503 non
959 2454 1045 2503 est
1098 2448 1324 2503 mistum
1349 2489 1364 2514 ,
1400 2449 1554 2504 radix
1586 2449 1732 2506 misti
1765 2451 1902 2516 erit;
1943 2450 1999 2503 hi

423 2549 605 2596 autem
642 2541 788 2596 misti
818 2555 961 2604 esse,
993 2538 1178 2609 aliquo
1227 2547 1475 2610 tempore
1523 2548 1915 2610 apparuerunt,
1945 2550 2000 2596 et

423 2628 730 2698 percepisse
756 2627 1037 2690 scientias,
1072 2635 1124 2682 et
1156 2628 1507 2699 improbitate
1530 2631 1675 2700 capti
1700 2644 1823 2685 esse
1849 2648 1863 2685 :
1896 2631 1997 2686 hac

420 2721 634 2776 ratione
670 2720 1007 2790 apparebunt
1057 2735 1166 2776 non
1224 2736 1347 2776 esse
1393 2737 1534 2778 vera:
1568 2737 1848 2793 personae,
1899 2725 1994 2780 sed

421 2813 560 2868 ﬂeta:
590 2813 940 2884 cogitatione.

495 2901 568 2956 En
615 2903 850 2972 Pharao,
889 2921 1014 2960 cum
1056 2905 1390 2975 increpatur,
1437 2905 1665 2960 remittit
1709 2914 1763 2962 et
1808 2907 1993 2962 molli-

417 3003 531 3061 tur,
566 2995 800 3051 ﬂectitur
835 3006 1035 3066 mente,
1079 3008 1132 3054 et
1177 2993 1437 3068 percussa
1489 2997 1670 3052 anima
1718 3015 1827 3053 non
1869 3016 1994 3070 per-

418 3093 632 3143 severat
668 3087 724 3141 in
762 3088 1001 3156 duritia;
1043 3090 1175 3159 quin
1218 3089 1399 3160 potius
1427 3087 1536 3143 duo
1568 3087 1699 3142 facit
1757 3109 1770 3144 :
1816 3092 1991 3161 poscit

415 3177 564 3248 quod
606 3185 777 3248 optat,
825 3187 880 3234 et
923 3186 1148 3236 accusat
1200 3179 1455 3249 factum;
1505 3187 1558 3236 et
1613 3196 1747 3252 non,
1775 3183 1990 3239 videtur

416 3270 597 3324 anima
621 3271 796 3326 oculis
822 3278 1001 3341 capta,
1035 3271 1129 3327 sed
1161 3271 1229 3326 ad
1258 3272 1633 3342 paenitentiam
1666 3273 1986 3342 procedens,

414 3375 481 3416 ac
515 3363 836 3431 petitionem
864 3369 922 3417 et
957 3364 1418 3434 supplicationem
1459 3366 1815 3435 amplectens,
1848 3377 1901 3422 et
1931 3369 1987 3423 in

413 3453 670 3524 precibus
711 3453 1020 3510 blandiens.
1067 3454 1133 3509 Si
1184 3463 1366 3524 autem
1410 3465 1609 3510 natura
1642 3459 1820 3514 malus
1851 3459 1988 3514 fuis-

414 3548 518 3607 set,
566 3543 842 3614 quomodo
895 3545 963 3600 de
1012 3545 1269 3616 precibus
1319 3553 1374 3600 et
1422 3546 1746 3616 paenitentia
1801 3550 1989 3619 cogni-

413 3634 620 3689 tionem
664 3635 989 3692 habuisset?
1032 3636 1091 3691 Si
1145 3638 1291 3692 enim
1336 3637 1482 3691 bona
1517 3646 1602 3693 est
1639 3641 1982 3708 poenitentia,

412 3737 468 3781 et
523 3727 668 3782 bona
723 3728 851 3783 item
913 3729 1198 3800 precatio;
1265 3729 1312 3785 si
1363 3745 1492 3785 vero
1552 3740 1748 3786 natura
1818 3734 1981 3798 mala,

411 3819 688 3890 quomodo
740 3821 944 3875 malum
993 3836 1121 3874 cum
1178 3821 1324 3876 bono
1373 3821 1598 3877 mistum
1652 3823 1791 3878 fuit?
1833 3823 1985 3891 Quo-

412 3910 574 3966 modo
625 3928 692 3966 ει
749 3915 894 3968 malo
939 3913 1144 3968 bonum
1203 3914 1478 3984 prolatum
1531 3916 1654 3970 est?
1699 3916 1982 3987 Apparent

411 4020 520 4059 non
568 4005 870 4075 intelligere
897 4022 1017 4076 quae
1051 4007 1370 4076 loquuntur,
1409 4008 1542 4078 quin
1578 4009 1759 4076 potius
1803 4021 1983 4067 mente

386 4096 534 4155 rudi
583 4105 638 4152 et
691 4099 983 4164 inerudita,
1028 4109 1188 4169 sputa
1233 4099 1409 4170 magis
1462 4101 1780 4171 verborum,
1815 4119 1980 4175 quant

408 4189 573 4246 verba
600 4189 864 4260 proferre.

476 4302 1005 4369 Nabuchodonosor,
1034 4305 1281 4373 quamvis
1310 4305 1555 4362 moribus
1593 4321 1770 4362 saevus
1807 4315 1976 4374 esset,

405 4406 460 4450 ct
502 4396 779 4450 fornacem
813 4403 1196 4466 praeparasset,
1237 4403 1292 4448 et
1325 4394 1615 4465 imaginem
1655 4395 1898 4464 fecisset,
1921 4404 1978 4453 et

2101 1991 2318 2055 κακίας,
2345 1990 2420 2054 ὡς
2456 1993 2679 2060 μικτοὺς
2721 1992 2966 2063 καρποὺς
3008 1992 3296 2058 ἐνεγκόντα
3329 1994 3626 2063 φήσουσιν,
3655 1995 3685 2064 ἦ

2098 2081 2319 2145 τούτους
2353 2083 2597 2154 καρποὺς
2627 2083 2700 2154 μὴ
2729 2079 2867 2136 εἶναι
2899 2084 2992 2137 τοῦ
3033 2083 3275 2137 διαϐόλου
3297 2101 3311 2114 ·
3340 2086 3536 2139 οὐκέτι
3581 2087 3688 2156 γὰρ

2097 2173 2148 2226 οἱ
2198 2175 2378 2242 μικτοὶ
2415 2172 2508 2226 τοῦ
2551 2174 2784 2244 ἀμίκτου
2833 2169 2941 2227 εἶεν
2984 2174 3050 2228 ἂν
3092 2175 3312 2246 καρποὶ,
3346 2173 3478 2228 οὕτε
3531 2175 3687 2246 ῥίζαν

2097 2265 2159 2318 τὸ
2189 2265 2418 2337 ἄμικτον
2449 2266 2544 2320 τοῦ
2582 2267 2772 2336 μικτοῦ
2807 2269 3141 2338 φανήσεται·
3167 2261 3312 2322 οὗτοι
3344 2268 3405 2320 δὲ
3454 2268 3556 2320 καὶ
3603 2287 3688 2338 μι-

2098 2358 2217 2410 κτοὶ
2241 2357 2515 2429 ἐφάνησαν
2545 2359 2740 2429 χρόνῳ,
2775 2359 2869 2412 καὶ
2913 2357 3013 2422 τὰς
3042 2358 3351 2429 ἐπιστήμας
3379 2358 3684 2423 λαϐόντες,

2099 2446 2195 2499 καὶ
2227 2447 2460 2518 πονηρία
2487 2447 2826 2518 αἱρεθέντες·
2864 2447 2959 2501 καὶ
2989 2448 3284 2518 φανήσεται
3314 2448 3461 2502 κατὰ
3491 2447 3685 2502 τοῦτον

2095 2535 2188 2590 τὸν
2213 2537 2369 2606 λόγον
2396 2537 2620 2608 πλάσμα
2643 2534 2780 2591 εἶναι
2801 2537 2982 2607 λόγου,
3012 2539 3107 2592 καὶ
3140 2537 3217 2609 μὴ
3245 2537 3514 2602 ἀληθείας
3548 2539 3680 2594 ὑπό-

2099 2642 2198 2680 στα
2207 2645 2308 2692 σις.

2178 2903 2304 2958 Ἰδοὺ
2329 2904 2438 2972 γὰρ
2463 2903 2491 2956 ό
2519 2903 2616 2974 μὲν
2638 2901 2835 2974 Φαραὼ
2859 2902 2919 2956 ἐν
2940 2904 3063 2965 ταῖς
3086 2901 3396 2974 ἐπιτιμίαις
3424 2903 3675 2960 ἐνδίδωσι

2094 2996 2189 3049 καὶ
2227 2995 2576 3050 άπαλύνεταιο
2617 2994 2858 3047 ἐνδίδωσι
2899 2997 2964 3066 τῇ
3011 2995 3239 3066 διανοίᾳ,
3284 2996 3382 3048 καὶ
3428 3013 3676 3050 κακατυ-

2095 3089 2249 3158 φθεὶς
2288 3089 2386 3160 τὴν
2422 3087 2598 3159 ψυχὴν
2638 3087 2738 3140 οὐκ
2781 3086 3028 3157 ἐπιμένει
3064 3089 3131 3156 τῇ
3164 3086 3490 3158 τραχύτητιο
3535 3088 3673 3142 ἀλλὰ

2089 3181 2182 3234 δύο
2213 3183 2374 3244 ποιεῖ,
2419 3180 2516 3232 καὶ
2559 3177 2655 3250 τὴν
2696 3177 2858 3249 εὐχὴν
2889 3179 3047 3244 αἰτεῖ,
3094 3179 3187 3231 καὶ
3228 3180 3540 3250 κατηγορεῖ
3579 3179 3671 3233 τοῦ

2086 3271 2398 3341 γενομένου,
2431 3269 2523 3322 καὶ
2550 3269 2611 3321 οὐ
2647 3267 2893 3338 φαίνεται
2927 3267 3102 3338 πηρὺς
3131 3268 3165 3337 ή
3200 3267 3370 3338 ψυχὴ,
3406 3270 3527 3322 ἀλλ’
3571 3271 3673 3342 ἐμ-

2087 3366 2378 3427 ϐλέπουσα,
2411 3365 2505 3418 καὶ
2538 3363 2673 3435 πρὸς
2702 3362 2985 3434 μετάνοιαν
3019 3360 3291 3432 χωροῦσαο
3330 3363 3668 3434 ἀντιλαμϐα-

2085 3459 2282 3529 νομένη
2323 3458 2378 3510 δὲ
2419 3457 2512 3510 καὶ
2542 3455 2642 3526 τῆς
2671 3455 2936 3523 αἰτήσεως
2972 3453 3067 3504 καὶ
3099 3452 3329 3516 ἱκεσίας,
3372 3455 3474 3506 καὶ
3507 3455 3670 3509 λιπα-

2089 3549 2255 3620 ροῦσα
2281 3548 2441 3618 εὐχῆς
2461 3547 2666 3601 ἐνεκεν.
2695 3546 2755 3598 El
2779 3545 2835 3598 δέ
2856 3543 3120 3613 ἐπεφύκει
3143 3543 3336 3608 κακὸς,
3359 3546 3484 3609 πῶς
3505 3547 3673 3615 ἐγνιὲδ-

2084 3657 2169 3693 κει
2200 3639 2325 3710 περὶ
2347 3639 2445 3710 τῆς
2466 3639 2628 3708 εὐχῆς
2649 3637 2859 3709 καὶτῆς
2883 3635 3196 3707 μετανοίας;
3219 3637 3281 3689 El
3303 3635 3416 3708 γάρ
3444 3640 3479 3706 ὴ
3503 3640 3671 3708 μετά-

2083 3749 2198 3785 νοια
2230 3730 2389 3802 καλὴ,
2431 3732 2525 3784 καὶ
2559 3731 2690 3802 εὐχὴ
2723 3729 2886 3801 καλήο
2917 3731 2965 3782 εἰ
2991 3729 3048 3780 δὲ
3077 3730 3110 3800 ἡ
3141 3728 3304 3798 φύσις
3339 3729 3510 3801 κακὴ,
3545 3734 3665 3796 1:5,»;

2084 3824 2250 3893 ἐμίγη
2297 3822 2359 3876 τὸ
2402 3822 2570 3876 κακὸν
2599 3822 2678 3893 τῷ
2713 3821 2891 3892 καλῷ;
2939 3820 3064 3884 Πῶς
3100 3821 3155 3873 δὲ
3188 3823 3255 3874 ἐκ
3285 3823 3464 3876 κακοῦ
3499 3827 3670 3878 καλὸν

2084 3913 2424 3986 προηνέχθη;
2472 3914 2582 3966 Καὶ
2623 3913 2901 3982 φαίνονται
2950 3912 3024 3982 μὴ
3065 3912 3266 3975 εἰδότες
3311 3913 3342 3966 ὃ
3385 3913 3661 3984 λέγουσιν’

2081 4006 2216 4060 ἀλλὰ
2257 4004 2562 4077 ἀπαιδεύτῳ
2599 4004 2793 4078 γνώμῃ
2834 4003 3124 4073 πτύσματα
3159 4005 3365 4074 μᾶλλον
3397 4009 3664 4079 ῥημάτων

2079 4096 2112 4167 ἦ
2143 4098 2360 4168 ῥήματα
2390 4095 2842 4168 προσφερόμενοι.
2885 4117 2896 4128 ·

2148 4299 2210 4351 El
2233 4297 2290 4352 δὲ
2321 4297 2458 4350 καὶὸ
2485 4294 2971 4366 Ναϐουχοδονόσορ,
3015 4293 3192 4347 καίτοι
3221 4295 3465 4364 χαλεπὸς
3495 4299 3573 4351 ὣν
3604 4299 3662 4352 τὸ

2076 4386 2208 4463 ἦθος
2247 4390 2340 4444 καὶ
2380 4389 2480 4459 τὴν
2526 4389 2755 4460 κάμινον
2804 4387 3148 4457 εὐτρεπίσας,
3196 4389 3294 4441 καὶ¹
3337 4391 3442 4461 τὴν
3477 4392 3659 4445 εἰκόνα

406 4489 571 4546 minis
620 4497 870 4552 terreret,
909 4496 1075 4558 atque
1110 4488 1399 4558 imaginem
1426 4489 1677 4542 venerari
1717 4497 1969 4560 cogeret;

2163 4485 2325 4554 ἡσας,
2373 4483 2467 4536 καὶ
2506 4484 2571 4552 τῇ
2611 4479 2803 4552 ἀπειλῇ
2845 4479 3059 4549 φοϐῶν,
3095 4480 3190 4533 καὶ
3224 4487 3561 4550 προσκυνεῖν
3599 4483 3657 4536 τὸ

405 4583 590 4637 statim
633 4590 693 4635 ut
743 4581 918 4636 sancti
957 4581 1110 4652 pueri
1151 4581 1207 4634 in
1243 4579 1516 4635 fornacem
1555 4581 1687 4636 illati
1727 4590 1875 4648 sunt,
1921 4591 1975 4638 et

405 4670 630 4726 cedebat
673 4669 914 4735 ﬂamma,
957 4681 1010 4724 et
1047 4684 1277 4740 corpora
1315 4685 1423 4724 non
1480 4670 1680 4740 attigit,
1717 4671 1975 4742 factaque

402 4771 489 4820 est
546 4762 736 4817 fornax
785 4777 1080 4833 synagoga,
1135 4777 1200 4816 ac
1253 4777 1356 4833 pro
1398 4762 1652 4818 lamentis
1699 4763 1882 4835 hymni
1919 4772 1974 4820 et

401 4855 594 4911 laudes
644 4855 1060 4920 adhibebantur,
1119 4870 1297 4924 neque
1345 4855 1457 4923 jam
1520 4861 1782 4924 tanquam
1848 4856 1972 4926 igne

401 4963 626 5003 carnem
682 4953 874 5002 urente
932 4947 1249 5000 lamentatio
1301 4946 1485 5010 ﬁebat,
1542 4946 1638 5001 sed
1685 4946 1753 5001 ab
1791 4946 1971 5000 anima

400 5042 620 5095 lmtante
675 5046 872 5094 cantus
927 5039 1304 5093 celebrabatur
1367 5057 1382 5094 :
1440 5041 1656 5104 statim,
1712 5039 1968 5109 inquam,

401 5129 685 5199 prospexit
739 5144 860 5199 quae
913 5129 1056 5182 intra
1122 5111 1397 5183 fornacem
1454 5129 1688 5192 fiebant,
1735 5129 1970 5183 honora-

399 5229 598 5290 tusque
645 5227 731 5275 est
780 5221 955 5290 angeli
1010 5220 1346 5290 spectaculo,
1391 5222 1649 5291 misitque
1702 5236 1892 5275 vocem
1951 5240 1965 5276 :

403 5311 589 5364 Nonne
620 5321 723 5365 tres
746 5313 882 5366 uiros
914 5313 966 5366 in
997 5312 1264 5381 fornacem
1286 5313 1601 5368 intulimus?
1635 5329 1720 5376 en,
1744 5321 1970 5383 quatuor

399 5401 570 5462 video,
621 5413 671 5455 et
718 5412 964 5473 quartum
1016 5413 1268 5474 tanquam
1320 5405 1544 5458 similent
1589 5402 1736 5458 Filio
1778 5403 1879 5457 Dei
1924 5404 1966 5455 ".

398 5489 672 5545 Continuo
711 5493 875 5564 igitur
919 5495 1093 5565 legem
1137 5495 1204 5550 de
1249 5494 1352 5549 hac
1399 5511 1458 5549 re
1496 5495 1709 5559 scribit,
1748 5503 1806 5548 ut
1837 5509 1968 5550 con-

403 5579 657 5634 fiteantur
695 5583 886 5642 Deum.
938 5595 998 5641 ut
1037 5593 1310 5643 testentur
1344 5587 1668 5658 veritatem;
1707 5587 1764 5642 fit
1796 5587 1968 5643 inter-

475 5735 495 5764 ³
520 5736 622 5788 lsa.
652 5754 691 5803 I,
725 5742 810 5808 19,
834 5743 922 5797 20.
999 5745 1017 5776 "
1049 5743 1184 5800 Dan.
1214 5759 1296 5809 ιιι,
1327 5744 1416 5813 91,
1447 5744 1558 5832 92κ

2075 4574 2292 4645 ἄγαλμα
2321 4573 2664 4640 ἀναγκάζων,
2700 4572 2771 4634 ὼς
2797 4573 2843 4623 οἱ
2869 4570 3012 4639 ἆγιοι
3043 4569 3188 4623 ἔνδον
3219 4570 3535 4637 ἐϐάλλοντο,
3566 4575 3656 4627 καὶ

2073 4665 2343 4737 ὑπεχώρει
2382 4667 2413 4735 ἡ
2445 4664 2574 4735 φλὸξ
2603 4665 2696 4718 καὶ
2737 4662 2842 4716 τῶν
2873 4663 3137 4733 σωμάτων
3169 4663 3267 4732 οὐχ
3300 4665 3533 4734 ἥπτετο,
3569 4670 3653 4721 καὶ

2075 4755 2359 4825 συναγωγὴ
2395 4756 2427 4825 ἡ
2453 4755 2678 4826 κάμινος
2706 4755 2925 4822 ἐγίνετο·
2961 4752 3054 4805 καὶ
3083 4753 3204 4805 ἀντὶ
3231 4753 3496 4824 ὀδυρμῶν
3515 4759 3657 4811 ἐνὼν

2073 4847 2231 4917 ὕμνοι
2274 4847 2568 4910 ἐτελοῦντο,
2603 4847 2697 4899 καὶ
2729 4845 2911 4899 οὐκέτι
2945 4843 3245 4914 καιομένης
3284 4849 3500 4916 σαρκὸς
3528 4850 3659 4920 6ρῆ-

2071 4957 2159 5002 νος
2192 4939 2485 5010 ἐπέμπετο,
2529 4938 2643 4991 ἀλλ’
2676 4940 2739 4990 ἐκ
2773 4934 3252 5007 πανηγυριζούσης
3280 4935 3470 5008 ψυχῆς
3509 4935 3656 5009 ᾆσμα

2071 5030 2320 5083 ἐτελεῖτο·
2348 5029 2658 5100 παρέκυψεν
2691 5029 2816 5082 ἰδεῖν
2845 5029 2912 5083 τὰ
2940 5029 3108 5092 ἔνδον,
3137 5030 3438 5100 τετίμηται
3467 5037 3535 5103 τῇ
3567 5033 3654 5084 τοῦ

2070 5122 2302 5192 ἀγγέλου
2342 5121 2560 5193 θεωρίᾳ,
2598 5121 2774 5191 ἀφῆκε
2810 5122 3011 5191 φωνήν·
3059 5119 3206 5187 Οὐχὶ
3238 5120 3401 5188 τρεῖς
3434 5121 3654 5189 ἀνδρας

2069 5215 2426 5284 ἐνεϐάλομεν
2453 5217 2540 5280 εἰς
2563 5213 2676 5281 τὴν
2697 5211 2982 5282 mitur-or;
3014 5210 3142 5265 ἰδοὺ
3172 5214 3491 5281 τέσσαρας
3522 5211 3651 5280 ὁρῶ.

2069 5311 2166 5362 καὶ
2199 5307 2304 5361 τὸν
2339 5307 2639 5376 τέταρτον,
2682 5307 2761 5372 ὠς
2799 5304 3003 5374 ὅμοιον
3047 5302 3157 5368 Υὶῷ
3204 5304 3380 5358 Θεοῦ.
3439 5305 3654 5366 Εὐθέως

2068 5400 2198 5470 γοῦν
2224 5401 2423 5471 γράφει
2455 5399 2596 5470 ὑπὲρ
2623 5397 2814 5451 τούτου
2842 5398 3025 5468 νόμον,
3055 5396 3342 5467 ὁμολογεῖν
3373 5396 3472 5450 τὸν
3503 5396 3648 5456 Θεὸν,

2071 5496 2364 5566 μαρτυρεῖν
2391 5492 2487 5562 τὴν
2513 5489 2786 5562 ἀλήθειαν·
2813 5487 3082 5560 ἐξηγητὴς
3113 5487 3490 5559 τῆςὴράσεως
3514 5487 3651 5557 γίνε-

2066 5602 2175 5640 ται.
2200 5584 2563 5654 Διαϐάλλομεν
2595 5579 2685 5637 οὖν
2712 5581 2810 5646 τὰς
2841 5579 3149 5653 ἐξηγήσεις,
3183 5580 3216 5638 ἦ
3247 5580 3648 5650 summa;
