3782 6166
168 329 194 383 1
211 327 322 384 19.5

1195 294 1573 377 ADvEnSUs
1612 319 2038 376 MANICHASOS
2079 319 2208 374 ua.
2249 318 2290 375 ι.

3298 314 3434 370 1126

167 444 344 498 καλὸν
380 443 442 497 τὸ
476 443 828 513 πρεσϐεύειν
858 441 1009 510 ὑπὲρ
1050 440 1329 509 Χριστοῦ,
1371 438 1406 510 ἢ
1453 430 1510 490 ἐν
1539 438 1758 511 πονηρῷ

1873 455 1981 507 ires
2029 446 2084 492 et
2125 443 2412 493 enarrator
2460 434 2584 489 visi.
2632 431 3026 488 Accusabimus
3068 431 3234 502 igitur
3271 447 3432 486 enar-

171 541 340 608 μέρει
360 535 490 590 αὑτδ
514 535 727 606 ὲῶμενς
756 535 818 586 Εἰ
852 535 948 604 μὲν
981 534 1088 606 γὰρ
1109 535 1170 587 τὸ
1193 532 1514 605 πρεσϐεύειν
1543 531 1610 584 τὰ
1639 531 1755 585 θεῖα

163 629 356 696 λόγια,
382 629 475 681 καὶ
499 627 781 699 μάρτυρας
804 621 940 679 εἶναι
963 626 1062 696 τῆς
1087 625 1362 695 ἀληθείας,
1393 621 1574 676 καλόν·
1600 622 1758 693 επρέ-

167 717 378 770 σϐευσε
403 717 585 776 δὲκαὶ
618 715 1110 787 Ναϐουχοδονόσορ,
1157 715 1253 768 καὶ
1291 713 1515 786 ἔγραψε,
1553 713 1646 765 καὶ¹
1679 715 1757 776 εἰς

168 811 364 863 πᾶσαν
382 810 480 880 τὴν
501 808 672 880 ἀρχὴν
700 807 862 860 αὐτοῦ
888 807 1118 877 έπεμψε·
1155 806 1369 860 λέλυται
1389 807 1422 876 ἡ
1445 804 1604 874 φύσις
1622 804 1754 876 (20y

167 899 544 969 ἐπιστάμενος
566 897 676 969 γὰρ
708 897 770 950 τὸ
802 896 984 962 καλὸν,
1018 896 1154 968 πρὸς
1181 897 1278 969 τὴν
1310 894 1541 967 μάθησιν
1569 893 1760 964 ἔϐλεψε

169 989 282 1044 τοῦ
316 987 501 1044 καλοῦ.
542 989 606 1043 Et
631 987 689 1042 δὲ
717 987 956 1060 ἤμϐλυνε
986 988 1086 1059 τὴν
1127 987 1363 1060 μάθησιν
1395 991 1460 1059 τῇ
1494 988 1629 1059 πρὸς
1657 988 1757 1058 τὴν

172 1080 452 1153 σωνηρίαν
477 1080 730 1144 διαθέσει,
759 1083 1161 1152 κατηγορεῖται·
1188 1080 1370 1153 ἕτερον
1396 1080 1506 1152 γὰρ
1533 1081 1595 1135 τὸ
1621 1081 1758 1145 ὅλως

175 1173 263 1246 μὴ
288 1172 544 1227 δύνασθαι
568 1174 740 1227 ποιεῖν
759 1171 820 1226 τὸ
839 1171 1020 1226 καλόν·
1047 1171 1234 1243 ἓτερον
1253 1173 1308 1226 δὲ
1331 1173 1393 1226 τὸ
1414 1171 1612 1228 εἰδέναι
1635 1173 1755 1244 μὲν,

177 1263 264 1336 μὴ
286 1263 542 1319 δύνασθαι
554 1264 612 1320 δὲ
623 1266 796 1320 ποιεῖν
813 1263 875 1318 τὸ
892 1263 1082 1329 καλὸν,
1109 1266 1174 1336 τῇ
1198 1263 1334 1336 πρὸς
1355 1263 1422 1318 τὰ
1444 1263 1588 1336 πάθη
1615 1266 1753 1336 ῥοπῇ

171 1355 334 1426 ἡττώ
341 1372 516 1427 μενον.

1863 529 2125 592 rationes,
2160 543 2226 582 an
2261 526 2646 582 laudabimus?
2666 525 2923 596 praeclara
2949 539 3038 578 res
3070 533 3153 578 est
3175 523 3433 593 legatione

1863 620 2011 690 fungi
2063 635 2158 688 pro
2206 617 2466 673 Christo8
2522 633 2536 670 :

1864 713 2035 784 accipi
2088 711 2388 767 sinamus?-
2428 708 2484 763 Si
2530 709 2684 764 obire
2722 706 3048 777 legationem
3093 720 3194 774 pro
3241 703 3430 758 divina

1815 829 1830 846 ο
1865 806 2174 877 Scriptura.
2226 813 2281 860 et
2322 810 2490 859 testes
2528 817 2651 857 esse
2695 800 2942 856 veritatis
2982 799 3283 869 gloriosum
3320 805 3427 861 est,

1871 897 2045 953 obivit
2087 906 2265 952 autem
2308 895 2628 967 legationem
2656 892 3182 956 Nabuchodonosor,
3207 897 3262 945 et
3291 889 3431 945 scri—

1863 988 1992 1058 psit,
2014 995 2069 1042 et
2100 987 2168 1043 ad
2195 987 2503 1042 universam
2533 983 2792 1040 ditionem
2825 998 2980 1038 suam
3005 984 3149 1038 misit
3176 999 3190 1036 :
3218 980 3432 1037 sublata

1863 1088 1949 1135 est
1995 1088 2205 1155 natura
2247 1078 2375 1133 mali
2407 1093 2421 1129 :
2449 1076 2720 1148 siquidem
2754 1091 2878 1131 eum
2915 1076 3101 1140 sciret,
3132 1071 3278 1144 quod
3312 1078 3432 1127 erat

1863 1171 2091 1236 bonum,
2144 1169 2214 1224 ad
2264 1168 2570 1225 doctrinam
2605 1166 2673 1222 de
2711 1166 2858 1223 bono
2902 1165 3163 1237 respexit.
3205 1163 3264 1219 Si
3298 1178 3432 1219 vero

1863 1261 2168 1319 doctrinam
2203 1261 2492 1318 aﬂ'ectione
2534 1259 2893 1330 turpitudinis
2940 1257 3236 1320 hebetavit,
3265 1271 3431 1310 accu-

1864 1362 2061 1422 satur;
2120 1351 2269 1407 aliud
2323 1350 2468 1407 enim
2519 1357 2628 1416 est,
2675 1363 2784 1403 non
2839 1362 3002 1419 posse
3051 1361 3211 1418 agere
3280 1341 3431 1413 quod

175 1448 479 1505 honestum
530 1456 659 1516 est;
721 1449 871 1504 aliud
917 1465 1046 1505 vero
1100 1451 1241 1506 scire
1285 1450 1417 1521 quid
1464 1457 1568 1519 est,
1615 1450 1760 1522 quod
1798 1451 2089 1506 honestum
2127 1456 2232 1514 est,
2265 1463 2372 1502 non
2413 1455 2594 1501 tamen
2660 1460 2820 1500 acere
2868 1458 3051 1500 oosse.
3084 1437 3430 1496 inclinationi

175 1539 414 1596 allectus
453 1541 921 1596 succumbentem.

270 1634 486 1708 Ἐπειδὴ
523 1637 578 1691 δὲ
615 1640 671 1691 ὲν
699 1636 1004 1710 ἀνθρώποις
1028 1640 1232 1711 καρποὶ
1261 1638 1356 1692 τοῦ
1392 1639 1636 1692 διαϐόλου
1659 1637 1754 1708 οὐχ

1931 1629 2136 1697 Quodsi
2177 1629 2234 1684 in
2272 1627 2588 1684 hominibus
2627 1643 2736 1682 non
2791 1634 2921 1682 sunt
2970 1627 3170 1696 reperti
3212 1627 3425 1683 fructus

175 1728 507 1800 εὑρέθησαν,
532 1729 625 1782 καὶ
645 1729 971 1782 ὲδυσωπεῖτο
996 1730 1173 1784 αὐτῶν
1193 1733 1222 1784 ὁ
1242 1730 1460 1801 τρόπος,
1483 1731 1576 1784 καὶ
1595 1731 1756 1801 ἠλέγ-

1873 1723 2086 1788 liaboli,
2143 1730 2198 1801 et
2256 1737 2443 1777 eorum
2483 1737 2622 1792 quos
2667 1720 2928 1784 diximus,
2971 1733 3151 1774 mores
3189 1719 3428 1790 pudendi

175 1819 290 1890 χθη
331 1817 510 1873 αὐτῶν
542 1821 578 1889 ἡ
605 1819 820 1872 ἀτοπία·
873 1817 980 1872 ποῦ
1021 1819 1206 1872 λοιπὸν
1235 1820 1564 1891 τραπῶμεν;
1599 1823 1647 1872 εἰ
1683 1820 1757 1890 μὴ

176 1911 297 1982 ἄρα
335 1909 473 1981 πρὸς
507 1911 632 1972 τοὺς
669 1910 926 1982 δαίμονας
964 1909 1287 1981 βαδίσωμεν·
1325 1913 1378 1965 εἴ
1421 1929 1483 1978 γε
1536 1911 1610 1982 μὴ
1651 1912 1761 1983 ἄρα

179 2003 478 2074 φήσουσιν,
495 2001 616 2055 Ἀνθ
625 1999 818 2088 ρώπων
834 2003 929 2072 μὲν
950 2003 1122 2066 οὐδεὶς
1146 2003 1356 2073 καρπὸς
1373 2003 1465 2056 τοῦ
1489 2002 1758 2067 διαϐόλου,

175 2094 438 2164 δαίμονες
467 2093 522 2146 δὲ
547 2093 693 2160 γόνοι
717 2092 809 2145 καὶ
829 2093 1048 2156 τοκετὸς
1072 2093 1222 2163 μόνοι
1242 2091 1428 2148 αὑτοῦ.
1456 2093 1567 2146 Καὶ
1587 2092 1761 2148 ταῦτα

175 2186 437 2254 λέγοντες
465 2184 942 2256 δυσωπηθήσονται
976 2185 1074 2255 μὲν
1111 2185 1204 2238 καὶ
1242 2187 1298 2238 ὲν
1317 2184 1508 2256 τούτῳ·
1548 2185 1761 2256 πρῶτον

175 2277 238 2332 δὲ
279 2278 641 2331 ἀκουέτωσαν·
685 2277 747 2331 Ei
795 2277 966 2340 οὐδεὶς
1005 2277 1288 2349 ἄνθρωπος
1331 2277 1467 2342 τέως
1505 2278 1602 2332 τοῦ
1645 2280 1763 2344 ἐνὸς

177 2369 534 2432 ἁπολέλυται,
573 2369 721 2423 οὐδὲν
757 2365 850 2422 οὖν
883 2369 994 2441 (21)
1035 2371 1211 2424 κοινὸν
1259 2369 1339 2441 τῷ
1386 2371 1618 2444 Σατανᾷ,
1669 2374 1764 2427 καὶ

177 2461 267 2532 τῷ
313 2461 410 2534 βίῳ
449 2462 642 2532 τούτῳ,
691 2461 826 2516 ἀλλὰ
866 2462 1082 2516 πάντων
1127 2462 1494 2535 ἀπήλλακται,
1544 2467 1761 2521 πάντων

180 2555 382 2624 γέγονε
410 2555 578 2623 ξένος,
603 2555 928 2626 ὲκὸέϐληται
955 2557 1394 2628 καταπετόμενος
1413 2557 1546 2630 (22).

271 2821 490 2893 Ἐπειδὴ
516 2821 590 2886 δὲ,
624 2821 704 2875 ἔτι
726 2825 782 2876 ἐν
804 2825 868 2894 τῇ
898 2822 1074 2894 πλάνῃ
1107 2822 1202 2876 καὶ
1235 2823 1292 2876 ὲν
1323 2824 1388 2894 τῇ
1424 2821 1609 2894 ἀπάτῃ
1633 2837 1766 2892 προ-

182 2911 502 2975 κόπτοντες,
527 2913 605 2966 ἕτι
626 2914 1002 2986 ἁπατηλὸτερα
1023 2914 1116 2968 καὶ
1139 2915 1528 2986 πεπλανημένα
1547 2915 1766 2984 ῥήματα

185 3004 546 3075 προφέρουσι,
575 3006 648 3076 μὴ
672 3009 1053 3078 σιωπήσωμεν·
1083 3007 1213 3077 φασὶ
1241 3005 1370 3077 γὰρ,
1397 3008 1476 3058 δτι
1503 3004 1767 3076 προϊοῦσα

1863 1814 2105 1879 fuerunt,
2155 1813 2509 1884 ipsorumque
2549 1810 2832 1881 turpitudo
2875 1809 3124 1864 convicta
3163 1817 3287 1864 est:
3321 1825 3430 1878 quo

1861 1906 2080 1962 demum
2115 1912 2496 1960 convertemus
2543 1905 2676 1960 nos?
2718 1903 2822 1958 nisi
2866 1902 3005 1957 forte
3042 1902 3108 1957 ad
3156 1902 3428 1956 daemones

1861 2014 2091 2066 eamus;
2127 1997 2235 2053 nisi
2265 1998 2405 2052 forte
2437 1997 2624 2051 dicant
2660 1996 2872 2050 nullum
2900 1995 3118 2066 quidem
3153 1995 3428 2049 hominem

1861 2106 1991 2166 esse
2029 2089 2271 2144 fructum
2320 2089 2521 2145 diaboli
2552 2107 2568 2157 ;
2602 2089 2876 2144 daemones
2905 2102 3035 2143 vero
3081 2088 3251 2154 solos,
3289 2086 3430 2141 fetus

1862 2191 1915 2239 et
1940 2191 2127 2254 partes
2164 2183 2284 2254 ejus
2307 2197 2451 2238 esse.
2479 2181 2584 2237 Sed
2609 2182 2656 2236 si
2689 2183 2789 2236 hoc
2818 2181 3075 2244 dixerint,
3101 2181 3189 2234 hic
3213 2195 3430 2251 quoque

1863 2273 2100 2344 pudendi
2127 2284 2308 2328 erunt.
2333 2270 2572 2326 Primum
2606 2285 2734 2326 vero
2761 2270 2984 2324 audiant
3017 2288 3029 2323 :
3069 2268 3128 2324 Si
3154 2269 3430 2325 daemones

1864 2373 1995 2420 sunt
2048 2364 2260 2420 fructus
2319 2363 2546 2428 diaboli,
2613 2369 2668 2417 et
2724 2362 2909 2417 nullus
2963 2362 3128 2417 homo
3183 2370 3267 2417 est
3313 2361 3431 2414 dia-

1863 2459 1971 2514 boli
2035 2456 2302 2512 fructus:
2370 2456 2536 2526 igitur
2607 2455 2756 2509 nulla
2803 2462 2886 2510 est
2941 2453 3158 2510 diabolo
3214 2453 3269 2507 in
3327 2452 3430 2508 hac

1864 2550 1973 2604 vita
2022 2565 2144 2604 cum
2188 2547 2504 2604 hominibus
2546 2547 2951 2613 communitas;
2997 2545 3092 2601 sed
3138 2547 3323 2616 potius
3361 2546 3432 2600 ab

1865 2640 2122 2696 omnibus
2153 2639 2464 2710 disiunctus
2489 2646 2596 2705 est,
2627 2638 2698 2693 ab
2726 2637 2980 2694 omnibus
3013 2637 3285 2694 alienatus
3321 2644 3430 2704 est,

1863 2731 2069 2802 ejectus
2097 2738 2201 2786 est.

1935 2820 2074 2887 Quia
2101 2839 2226 2878 vero
2255 2823 2308 2877 in
2335 2836 2521 2878 errore
2549 2827 2602 2877 et
2631 2819 2846 2876 fallacia
2874 2821 3052 2876 adhuc
3079 2821 3435 2892 progredien-

1866 2922 1970 2981 tes,
2006 2915 2180 2985 magis
2227 2915 2407 2968 adhuc
2449 2914 2665 2969 fallacia
2691 2923 2745 2968 et
2775 2913 3032 2968 mendosa
3058 2912 3222 2967 verba
3250 2911 3434 2982 profe-

1868 3014 2019 3070 runt,
2045 3021 2114 3060 ne
2147 3004 2367 3060 silentio
2420 3003 2898 3073 praetermittamus
2925 3017 2987 3056 ea
3028 3020 3042 3056 :
3079 3002 3232 3055 aiunt
3263 3005 3431 3067 enim,

182 3098 220 3166 ή
253 3097 510 3167 πονηρία,
547 3098 638 3150 καὶ
673 3098 792 3150 καθ’
821 3100 1020 3170 ἑαυτὴν
1049 3097 1300 3170 χωροῦσα
1335 3096 1528 3168 ἑαυτὴν
1564 3097 1760 3168 ἠδίκει,

1873 3095 2011 3166 quod
2057 3096 2298 3166 nequitia
2348 3101 2551 3148 cuncta
2588 3105 2926 3163 antegressa,
2969 3099 3024 3146 et
3073 3092 3190 3146 sola
3237 3107 3436 3162 proce-

187 3187 293 3240 καὶ
316 3187 509 3259 ἑαυτὴν
552 3187 888 3258 ἐλυμαίνετο·
925 3191 1002 3255 ὠς
1029 3189 1085 3243 δὲ
1119 3190 1321 3262 ἐπέστη
1352 3188 1430 3260 τῷ
1459 3188 1643 3261 χωρίῳ
1668 3188 1767 3260 τῆς

186 3277 473 3350 ἀληθείας,
520 3279 826 3353 ἐξεπλάγη·
877 3281 1060 3353 θαῦμα
1106 3280 1265 3334 ἔλαϐε
1314 3280 1406 3334 τοῦ
1455 3279 1768 3346 ἐξαπιναίου

189 3370 394 3439 φωτός·
427 3371 718 3427 ἐπελάθετο
749 3375 849 3446 τῆς
876 3374 1009 3436 ἰδίας
1038 3375 1235 3445 μάχης·
1272 3372 1496 3427 ἐπέθετο
1542 3371 1618 3442 τῷ
1663 3389 1768 3441 φα-

190 3462 366 3515 νέντι·
403 3464 620 3534 ἥρπασε
646 3463 790 3533 φῶς·
832 3465 1058 3518 κατέπιε
1086 3466 1148 3518 τὸ
1185 3462 1476 3535 θεωρηθέν.
1510 3461 1770 3514 Ἐνταῦθα

187 3553 382 3607 λοιπὸν
414 3556 578 3617 πολὺς
612 3557 642 3608 ὁ
669 3555 842 3623 γέλως
882 3555 976 3608 καὶ⁵
1015 3554 1224 3625 μεγάλη
1258 3556 1291 3625 ὴ
1319 3552 1503 3624 χλεύη·
1535 3550 1768 3605 ἐνταῦθα

191 3644 310 3705 πᾶς
339 3644 642 3714 πεπάτηται
692 3644 858 3714 μῦθος
914 3643 1240 3714 Ἑλληνικὸς,
1273 3642 1569 3712 νικώμενος
1597 3641 1771 3713 τούτῳ

187 3732 274 3803 τῷ
309 3735 563 3802 σχήματι·
599 3732 845 3801 λέγονται
888 3732 995 3804 γὰρ
1042 3731 1200 3803 μῦθοι
1247 3733 1295 3784 οε
1339 3731 1518 3802 μῦθοι·
1555 3730 1668 3784 ἀλλ’
1697 3731 1772 3794 ὡς

193 3821 362 3894 μῦθοι
394 3822 754 3877 πιστεύονται·
795 3815 948 3887 οὗτος
978 3824 1054 3888 δὲ,
1090 3825 1138 3876 εἰ
1171 3824 1286 3894 μὲν,
1317 3823 1392 3886 ὡς
1421 3822 1637 3892 ἐλέγετο
1671 3821 1773 3894 μῦ-

189 3912 313 3976 θος,
341 3911 416 3975 ὡς
454 3911 618 3982 μῦθος
659 3911 992 3976 ἐπιστεύετο,
1041 3911 1240 3984 μικρὰν
1283 3911 1349 3966 ἂν
1389 3907 1501 3982 εἶχε
1542 3912 1639 3983 τὴν
1679 3911 1773 3983 ζη-

193 4003 354 4075 μίαν·
404 4001 498 4056 νῦν
543 4003 600 4056 δὲ
640 4006 766 4074 νικᾷ
809 4003 907 4074 μὲν
951 4004 1076 4067 τοὺς
1114 4003 1335 4074 μύθους,
1373 4003 1686 4059 πιστεύεται
1715 4005 1771 4058 δὲ

194 4093 351 4166 παρὰ
373 4096 488 4158 τοῖς
515 4095 741 4165 ἄφροσιν
766 4094 840 4158 ὡς
865 4095 1109 4163 ἀλήθεια.
1145 4096 1207 4147 Εἰ
1235 4095 1344 4165 γὰρ
1368 4095 1443 4157 ὠς
1473 4111 1538 4165 με
1547 4097 1771 4165 μηνυῖα,

191 4187 276 4253 ὥς
309 4204 465 4257 φατε,
488 4189 582 4241 καὶ
617 4187 736 4241 καθ’
763 4188 959 4259 ἑαυτὴν
992 4187 1371 4258 πολιορκοῦσα,
1405 4186 1672 4256 ὲφθακυῖα
1695 4189 1775 4251 εἰς

192 4283 268 4337 τὰ
299 4283 469 4335 οἰκεῖα
501 4283 644 4352 ὅρια,
682 4277 786 4334 εἶδε
819 4281 933 4349 φῶς
966 4279 1061 4333 καὶ
1095 4279 1435 4348 κατεπλάγη,
1473 4279 1566 4332 καὶ
1593 4279 1774 4350 ἀπηλ-

193 4374 344 4446 λάγη
383 4373 484 4443 τῆς
522 4374 656 4437 ἰδίας
693 4373 890 4443 μάχης,
923 4374 1015 4425 καὶ
1042 4371 1263 4425 ἐπέθετο
1296 4370 1374 4442 τῷ
1400 4371 1642 4441 φανέντι,
1675 4371 1777 4441 ἧρ-

1870 3188 2036 3252 deus,
2110 3189 2347 3257 seipsam
2395 3185 2597 3255 injuria
2633 3181 2897 3238 alliciebat
2928 3189 2983 3238 et
3021 3182 3124 3236 sibi
3155 3183 3382 3237 nocebat
3417 3200 3430 3234 :

1869 3287 2159 3350 postquam
2197 3292 2330 3332 vero
2371 3275 2547 3330 adfuit
2575 3275 2632 3328 in
2675 3274 2800 3329 loco
2829 3273 3096 3337 veritatis,
3127 3273 3432 3343 obstupuit.

1869 3379 1924 3426 et
1978 3371 2327 3442 repentinum
2386 3369 2574 3422 lumen
2627 3365 2893 3419 admirata
2929 3373 3034 3430 est,
3087 3379 3282 3435 pugna:
3322 3379 3435 3418 sua:

1871 3462 2041 3517 oblita
2091 3471 2195 3517 est.
2249 3460 2456 3516 lnvasit
2502 3457 2650 3529 quod
2695 3456 2969 3526 apparuit,
3012 3457 3193 3526 rapuit
3225 3455 3432 3519 lumen,

1870 3552 2160 3609 absorbuit
2184 3557 2510 3623 spectatum.
2545 3548 2665 3604 Jam
2697 3548 2787 3603 hic
2819 3548 2963 3604 risus
2999 3547 3204 3602 multus
3233 3555 3287 3602 et
3320 3563 3436 3602 ma-

1870 3660 2032 3716 gnum
2066 3643 2360 3698 ludibrium
2397 3660 2411 3697 :
2455 3643 2543 3696 hic
2573 3640 2753 3696 omnis
2784 3638 2964 3694 fabula
2986 3638 3172 3694 Graeca
3201 3639 3432 3709 protrita

1869 3744 1974 3802 est,
1991 3746 2044 3791 et
2064 3720 2208 3790 victa
2223 3734 2386 3805 hujus
2411 3733 2604 3788 fabulae
2620 3733 2804 3787 habitu
2827 3749 2842 3799 ;
2864 3729 3056 3784 fabulae
3077 3731 3220 3786 enim
3238 3729 3437 3785 fabulae.

1871 3827 2150 3893 dicuntttr,
2191 3827 2287 3884 sed
2333 3837 2593 3896 tanquam
2627 3825 2831 3880 fabulis
2861 3821 3106 3879 creditur
3140 3842 3154 3878 :
3191 3825 3306 3877 haec
3336 3837 3438 3877 au-

1873 3927 1980 3975 tem
2020 3920 2066 3976 si
2101 3928 2162 3974 ut
2195 3919 2376 3973 fabula
2412 3919 2637 3980 dicitur,
2669 3917 2751 3972 sic
2791 3925 3051 3987 tanquam
3099 3915 3296 3970 fabulae
3323 3931 3439 3970 cre-

1873 4011 2133 4076 deretur,
2162 4026 2352 4082 parum
2415 4010 2603 4065 damni
2645 4009 2836 4075 ﬁeret;
2894 4023 3043 4062 nunc
3087 4023 3218 4063 vero
3269 4007 3440 4062 vincit

1875 4105 2087 4160 fabulas
2123 4121 2135 4156 :
2169 4112 2239 4159 ει·
2261 4102 2412 4159 stulti
2458 4099 2690 4156 credunt
2721 4101 2771 4156 ei
2813 4107 3073 4170 tanquam
3104 4098 3337 4153 veritati.
3378 4096 3436 4150 Si

1873 4199 2018 4253 enim
2047 4197 2188 4267 apud
2219 4211 2278 4251 se
2311 4209 2559 4259 manens,
2598 4201 2660 4247 ut
2691 4192 2896 4256 dicitis,
2933 4193 3167 4262 seipsam
3203 4189 3438 4252 obsedit,

1875 4305 1999 4344 cum
2045 4289 2285 4345 venisset
2342 4285 2399 4341 in
2452 4285 2590 4340 lines
2640 4283 2885 4350 luminis,
2947 4283 3084 4337 vidit
3141 4282 3326 4335 lumen
3384 4287 3441 4335 et

1876 4381 2183 4449 obstupuit,
2211 4386 2266 4434 et
2307 4392 2338 4432 a
2381 4392 2477 4432 sua
2519 4389 2700 4446 pugna
2751 4375 2980 4429 liberata
3020 4380 3125 4436 est,
3157 4379 3212 4427 et
3252 4372 3440 4425 adorta

196 4482 346 4520 πασε
377 4464 435 4518 τὸ
465 4464 755 4536 θεωρηθέν·
802 4463 918 4526 πῶς
966 4463 1067 4516 οὐκ
1119 4462 1366 4516 ἀδύνατοι
1414 4462 1509 4516 καὶ
1562 4461 1770 4531 ψευδεῖς

1876 4484 1959 4530 εει
2005 4475 2184 4527 lumen
2217 4473 2416 4535 visum,
2461 4477 2516 4524 et
2555 4468 2736 4538 rapuit
2773 4467 2917 4537 quod
2956 4465 3255 4535 spectavit;
3307 4480 3443 4533 quo-

198 4555 532 4625 φανήσονται
559 4557 607 4608 εἰ
628 4554 807 4622 λόγοι;
839 4553 962 4615 Πῶς
987 4552 1321 4624 γὰρ,έαυτὴν
1350 4553 1526 4622 ἠδίκει
1549 4553 1583 4622 ή
1615 4567 1777 4621 πονη-

203 4646 333 4716 ρία;
356 4645 548 4716 ἑαυτὴν
571 4644 780 4715 ἀνῄρει;
801 4643 998 4714 ἑαυτὴν
1021 4643 1314 4713 ὴφάνιξεν;
1341 4643 1463 4715 ἄρτι
1490 4643 1588 4714 μὲν
1607 4659 1776 4696 κατα-

200 4738 456 4800 πίνουσα,
479 4738 603 4808 ἄρτι
625 4737 682 4789 δὲ
703 4735 968 4804 γεννῶσα,
1004 4735 1118 4804 εἴγε
1147 4735 1437 4806 ἀγέννητος
1463 4730 1562 4805 ἧν;
1595 4733 1794 4787 ἐλύετο·

200 4831 317 4902 γὰρ
344 4829 538 4901 ἑαυτὴν
561 4829 962 4900 διαφθείρουσα.
992 4828 1054 4879 Ei
1089 4826 1144 4878 δὲ
1173 4825 1242 4879 τὰ
1278 4826 1415 4898 μέρη
1449 4827 1644 4896 εαυτῆς
1665 4821 1776 4894 εἷχε

200 4919 644 4990 διαφθειρόμενα,
687 4920 839 4970 ποῖον
876 4916 1126 4988 ἐνέχυρον
1157 4913 1448 4987 αὔταρκες,
1484 4915 1565 4968 ὃτι
1592 4916 1684 4986 ὅλη
1713 4914 1776 4966 οὐ

286 5053 309 5086 ⁸
358 5051 402 5106 ll
432 5052 559 5107 Cor.
591 5070 644 5116 v,
669 5053 759 5107 20.

281 5185 393 5256 (‘20)
438 5185 509 5240 ἸΙ
537 5187 739 5254 φύσις.
793 5182 1066 5256 Interpres
1110 5184 1407 5256 legebatpi]
1466 5183 1628 5253 φύσις
1681 5183 1775 5237 τοῦ

206 5255 406 5328 κακοῦ.
464 5258 639 5325 Atque
687 5255 827 5308 lianc
879 5255 1497 5310 lectionem’conlirmat
1541 5270 1778 5326 sequens

204 5327 586 5396 ἐπιστάμενος.

284 5390 768 5465 (ΞΗὈῠδὲνοῦν.
792 5394 965 5465 Opera
993 5395 1136 5450 enim
1161 5394 1398 5450 hominis
1427 5395 1589 5457 mala,
1613 5409 1776 5462 opera

209 5469 557 5522 tenebrarum
593 5474 647 5519 et
674 5466 870 5519 diaboli
915 5466 1191 5528 dicuntur,
1225 5473 1279 5520 et
1309 5473 1435 5519 sunt
1474 5465 1776 5518 secundum

209 5537 600 5602 imitationem;
629 5543 682 5589 ct
712 5537 1009 5589 secundum
1041 5551 1103 5588 ea
1138 5545 1219 5589 est
1246 5536 1447 5589 homini
1475 5538 1780 5588 communi-

208 5618 294 5662 tas
329 5623 449 5667 cum
481 5623 567 5660 eo.
599 5606 826 5659 Deerant
855 5605 938 5658 hic
969 5605 1167 5674 aliqua.
1196 5606 1366 5660 Tum.

284 5677 396 5744 (‘22)
441 5681 664 5732 Καταπ.
719 5675 941 5730 Diversa
984 5673 1141 5743 plane
1189 5685 1369 5730 textus
1402 5675 1572 5729 series
1611 5673 1778 5727 est.in

209 5747 451 5815 (it-meis;
487 5748 686 5818 quippe
731 5753 1054 5816 sequuntur,
1099 5747 1192 5800 καὶ
1245 5745 1389 5799 ἔστιν
1434 5745 1637 5814 άλωτὴ,
1689 5744 1779 5796 καὶ

1877 4564 2040 4620 modo
2069 4580 2177 4618 non
2209 4562 2549 4634 apparebunt
2579 4560 2694 4614 hate
2725 4573 2833 4612 non
2866 4570 3030 4627 posse
3058 4555 3194 4615 ﬁeri.
3227 4563 3283 4609 et
3305 4555 3443 4608 falsa

1873 4658 2037 4713 esse?
2074 4655 2358 4722 Quomodo
2412 4653 2558 4708 enim
2608 4651 2852 4720 nequitia
2893 4648 2998 4704 sibi
3037 4648 3152 4717 ipsa
3183 4647 3443 4715 injuriam

1876 4749 2150 4803 faciebat?
2193 4763 2253 4802 se
2311 4747 2428 4816 ipsa
2483 4741 2874 4798 interimebat?
2912 4756 2971 4795 se
3021 4740 3140 4810 ipsa
3186 4739 3446 4794 delebat?

1875 4839 2160 4906 Quomodo
2228 4854 2374 4892 nunc
2430 4837 2650 4907 quidem
2711 4834 3052 4896 absorbens,
3107 4847 3256 4886 nunc
3313 4846 3444 4884 vero

1875 4947 2166 5003 generatis,
2194 4931 2240 4983 si
2293 4931 2532 5001 ingenita
2565 4927 2720 4983 erat?
2761 4924 3164 4980 dissolvebatur
3185 4923 3330 4978 enim
3359 4938 3445 4977 se-

1877 5190 2030 5260 λυτὴ,
2055 5189 2146 5241 καὶ
2173 5187 2428 5258 λυομένη,
2454 5193 2622 5254 potest
2651 5186 2811 5260 igitur
2831 5181 3235 5260 capi._dissolvi,
3259 5190 3308 5235 et
3328 5181 3445 5260 glis-

1878 5253 2053 5312 soluta
2083 5271 2236 5326 atque
2264 5253 2588 5325 captn.etc.,
2624 5253 2744 5326 qua:
2783 5256 2835 5308 in
2871 5253 3065 5326 pagina
3095 5253 3339 5326 sequenti
3371 5253 3445 5306 le-

1877 5341 2088 5397 gentur.
2137 5324 2339 5382 Deinde
2381 5341 2509 5381 vero
2549 5327 2604 5379 in
2641 5324 2830 5380 codice
2876 5339 2978 5376 ms.
3037 5324 3445 5397 interﬁciuntur

1879 5393 2086 5470 pagina:
2132 5399 2397 5470 plurimae,
2427 5397 2487 5470 in
2527 5411 2758 5470 quorum
2804 5410 2907 5447 una
2947 5393 3445 5470 occurrit_ini_tiunt

1880 5463 2002 5522 lin'ri
2048 5463 2212 5523 tertii.
2250 5469 2383 5520 Cum
2425 5463 2553 5520 hch
2577 5467 2710 5520 satis
2748 5473 3001 5534 accurate
3041 5463 3445 5534 nonidistingui

1879 5541 1932 5593 in
1965 5539 2152 5594 Grmco
2179 5538 2366 5591 codice
2396 5538 2554 5590 nobis
2585 5543 2881 5599 constaret,
2918 5533 3171 5587 Turriani
3201 5533 3444 5588 ordinem

1877 5611 2072 5673 secuti,
2128 5624 2248 5677 qua:
2291 5608 2668 5677 discerpta_et
2720 5605 2773 5659 in
2811 5605 2971 5661 tertio
3023 5604 3158 5658 libro
3207 5603 3448 5674 reposita

1877 5691 2051 5748 erant,
2087 5675 2174 5734 hic
2208 5679 2550 5750 subjicituus.
2582 5675 2743 5731 Bxss.

2591 631 2660 669 an
2707 612 2915 672 hocin
2965 613 3163 666 malam
3219 618 3432 681 partem
3527 650 3532 655 .
