3782 6166
431 306 569 363 1127

1576 292 1711 350 TITI
1743 289 2175 348 BOSTRENSIS
2214 288 2524 345 EPlSCOPl

3544 288 3671 345 “28

428 426 603 496 ipsam
652 423 1010 484 interimens;
1054 429 1111 475 et
1158 433 1267 473 non
1311 416 1423 486 jam
1467 429 1594 470 esse
1632 421 1845 483 poterat
1889 411 1974 467 sib

2165 410 2483 480 ιφθείρεται,
2525 408 2633 462 τῶν
2672 409 2852 480 μερῶν
2904 408 3312 481 διαφθείρεσθαι
3366 409 3670 480 πεφυλακό-

426 517 704 571 interitum
750 513 1005 569 all'erens.
1051 510 1109 566 Si
1155 519 1336 565 autem
1382 515 1566 578 partes
1601 520 1731 560 suas
1760 502 1995 558 habebat

425 611 785 673 intereuntes,
841 606 986 677 quod
1045 606 1242 675 pignus
1290 617 1411 657 esse
1465 610 1644 670 potest
1690 597 1827 652 satis
1879 595 1997 649 idoo

424 717 620 766 neum,
650 716 760 755 non
806 706 973 754 totam
1012 696 1233 750 interire
1280 692 1528 762 partibus
1567 690 1713 744 natis
1757 687 1900 758 aptis
1929 685 1997 739 ad

2098 519 2244 567 τωνς
2277 503 2336 555 Εἰ
2364 502 2420 555 δὲ
2450 502 2541 555 καὶ
2574 502 2772 573 ἑαυτὴν
2797 503 3007 570 ἐγέννα,
3047 502 3141 556 καὶ
3179 497 3317 557 εἶναι
3340 504 3562 573 ἦρχετσ
3586 506 3674 575 ἁρ-

2101 593 2307 664 χομένη
2348 592 2404 645 δὲ
2442 592 2537 646 τοῦ
2565 589 2725 658 εἶναι,
2754 595 2848 647 καὶ
2874 593 3106 666 γεννητὴ
3138 589 3227 665 ἧν·
3270 593 3387 658 πῶς
3420 594 3504 647 ἔτι
3554 596 3672 662 ἀγέ-

2105 701 2267 756 νητος
2286 701 2301 749 ;

424 797 807 852 intereundum
827 795 851 848 ?
875 794 931 848 Si
960 801 1140 847 autem
1172 793 1409 861 seipsam
1442 786 1759 859 generabat,
1787 795 1841 839 et
1864 794 1987 837 esse
2021 782 2342 851 incipiebat,
2375 789 2431 837 et
2460 781 2732 853 incipiens
2770 798 2912 848 esse,
2972 784 3304 854 generabilis
3332 793 3477 850 erat,
3540 801 3670 855 quo-

423 889 587 945 modo
617 898 733 945 erat
768 885 1043 958 ingenita?

1381 1002 1511 1059 CAP.
1552 997 1766 1055 XXXV.
1802 996 2102 1068 Ingenitum
2140 993 2360 1047 dissolvi
2390 1009 2492 1046 non
2520 1003 2709 1064 potest.

489 1119 853 1187 Quamobrem
888 1136 998 1176 non
1035 1120 1105 1176 ab
1138 1121 1246 1175 alio
1275 1119 1516 1175 absurda
1554 1114 1745 1174 eorum
1775 1114 1985 1186 opinio,

419 1212 515 1268 sed
547 1213 615 1267 ab
639 1228 829 1268 eorum
863 1214 1028 1283 nugis
1059 1212 1435 1281 redarguenda
1467 1220 1551 1266 est
1581 1228 1595 1277 ;
1632 1210 1803 1263 multa
1844 1206 1987 1262 enim

417 1304 610 1359 dicunt
665 1320 851 1361 secum
904 1313 1233 1376 pugnantes,
1287 1319 1391 1358 nec
1440 1308 1764 1372 exspectant
1822 1299 1987 1353 faciat

418 1396 560 1452 alius
589 1405 648 1451 ut
677 1397 1028 1459 erubescant,
1064 1395 1161 1451 sed
1210 1393 1312 1465 ipsi
1350 1394 1454 1448 hoc
1477 1394 1600 1447 aliis
1635 1390 1895 1454 invident,
1937 1396 1990 1443 et

417 1487 525 1559 ipsi
563 1502 622 1542 se
662 1487 1016 1541 erubescunt.
1057 1483 1217 1551 Quod
1246 1484 1389 1539 enim
1438 1481 1666 1536 dissolvi
1703 1487 1903 1550 potest,
1936 1484 1990 1532 et

415 1578 739 1634 dissolvitur
764 1587 819 1631 et
856 1584 1037 1648 potest
1058 1576 1303 1638 interire,
1340 1573 1615 1645 quomodo
1649 1572 1813 1628 fuerit
1839 1573 1990 1639 inge-

2165 1111 2257 1163 Διὸ
2281 1111 2462 1165 οὐκέτι
2495 1114 2625 1186 παρ’
2654 1114 2839 1187 ἐτέρου
2862 1116 2954 1169 τὸν
2981 1117 3197 1190 ἔλεγχον
3224 1120 3322 1190 τῆς
3354 1121 3564 1176 ἀτόπου
3597 1122 3675 1176 δό-

2098 1202 2194 1274 ξης
2218 1205 2395 1259 αὐτῶν
2426 1204 2704 1277 λήψονται,
2735 1208 2848 1262 ἀλλ’
2878 1211 2984 1264 ἀπὸ
3021 1211 3120 1281 τῆς
3152 1213 3355 1276 οἰκείας
3385 1214 3670 1287 φλυαρίας·

2096 1293 2263 1347 πολλά
2288 1295 2396 1367 γὰρ
2431 1297 2812 1368 φθεγγόμενοι,
2846 1302 3056 1365 ἑαυτοῖς
3092 1304 3383 1374 μαχόμενοι
3410 1304 3675 1374 φθέγγον-

2093 1400 2204 1437 ταιο
2246 1387 2338 1439 καὶ
2383 1388 2567 1443 οὐκέτι
2616 1390 2973 1462 ἀναμένουσιν
3019 1394 3110 1464 ὑφ’
3157 1395 3343 1467 ἑτέρου
3388 1398 3672 1470 ὲρυθριᾷν,

2094 1478 2228 1532 άλλά
2255 1479 2621 1552 φλυαροῦντες
2660 1483 2818 1537 τοῦτο
2843 1485 2950 1539 ἀπὸ
2976 1487 3076 1557 τῆς
3105 1488 3308 1552 οἰκείας
3341 1493 3674 1559 προπετείας

2090 1570 2378 1641 πάσχουσι,
2413 1571 2486 1626 Τὸ
2512 1575 2621 1646 γὰρ
2650 1574 2942 1647 δυνάμενον
2971 1576 3211 1644 λύεσθαι,
3242 1581 3334 1633 καὶ
3364 1581 3521 1635 λύσιν
3559 1586 3675 1637 ἐτα-

414 1670 633 1726 nitum?
674 1669 948 1739 quomodo
995 1684 1024 1722 a
1082 1683 1140 1723 se
1195 1666 1512 1721 exstiterit?
1556 1664 1830 1733 quomodo
1880 1679 1981 1717 non

2165 1664 2392 1733 ξάμενον,
2417 1667 2511 1719 καὶ
2541 1665 2834 1739 δυνάμενον
2867 1668 3293 1742 διαφθείρεσθαι,
3337 1675 3457 1739 πῶς
3493 1674 3565 1729 ἂν
3593 1679 3672 1746 εἴη

414 1765 484 1818 ab
531 1763 638 1818 alio
688 1763 954 1833 originem
1002 1760 1258 1815 duxerit?
1307 1775 1431 1814 cum
1478 1760 1579 1814 hoc
1624 1758 1843 1829 quidem
1884 1757 1981 1810 tale

2166 1756 2419 1827 ἐννητον;
2456 1759 2572 1823 πῶς
2608 1759 2673 1814 ἂν
2706 1761 2788 1833 εἴη
2820 1763 2912 1831 ἀφ’
2941 1764 3135 1818 ἑαυτοῦ
3168 1766 3258 1831 δν;
3297 1767 3415 1831 πῶς
3448 1770 3553 1823 οὐκ
3585 1772 3671 1840 ἀφ’

414 1857 646 1910 liberum
696 1854 769 1910 sit
823 1854 892 1908 ab
941 1854 1166 1908 interitu
1211 1863 1265 1908 et
1314 1851 1635 1922 impatibile,
1677 1849 1810 1904 illud
1856 1864 1986 1902 vero

412 1948 533 2004 tolli
569 1957 626 2002 et
666 1947 845 2018 perire
882 1946 1079 2017 possit,
1126 1959 1251 1999 cum
1304 1959 1412 1998 non
1459 1944 1531 1997 sit
1572 1958 1603 1996 ιι
1646 1957 1723 1996 se.
1777 1940 1984 2006 Quodsi

413 2040 577 2112 perit,
618 2047 680 2093 ut
724 2038 933 2101 dicitis,
967 2039 1071 2093 hoc
1110 2037 1255 2092 enim
1300 2036 1480 2091 verbis
1514 2035 1712 2090 vestris
1747 2032 1985 2089 deﬁnitis

412 2147 480 2188 ac
534 2131 855 2191 decernitis.
911 2130 1237 2185 conﬁtentes
1291 2127 1594 2192 absorberi,
1666 2136 1719 2181 et
1769 2135 1983 2194 captam

412 2234 581 2296 atque
616 2225 931 2295 absorptam
986 2224 1268 2278 interitum
1301 2221 1515 2291 cepisse
1547 2239 1562 2286 ;
1602 2226 1780 2289 potest
1820 2215 1986 2287 igitur

409 2319 531 2387 capi
559 2325 615 2371 et
647 2317 894 2380 dissolvi,
941 2323 996 2370 et
1037 2316 1308 2371 dissoluta
1352 2324 1514 2382 atque
1549 2319 1709 2381 capta
1738 2325 1846 2363 non
1869 2308 1983 2379 jam

409 2410 739 2466 sustentabit
773 2426 859 2473 ea,
905 2425 1027 2480 (Illae
1063 2416 1191 2463 sunt
1234 2423 1341 2461 non
1385 2404 1778 2460 intereuntium
1811 2419 1822 2453 :
1858 2415 1982 2455 eum

407 2514 539 2553 vero
574 2514 682 2553 non
733 2499 931 2553 habeat
961 2506 1211 2553 naturam
1237 2498 1305 2551 ab
1345 2495 1693 2551 incommodo
1726 2501 1779 2548 et
1819 2493 1985 2547 inter-

394 2590 491 2647 ,itu
523 2591 782 2656 alienam,
815 2606 925 2646 non
949 2590 1063 2661 jam
1094 2590 1336 2661 ingenita
1361 2604 1484 2645 esse
1504 2586 1787 2658 putabitur
1812 2602 1826 2650 ;
1853 2594 1904 2640 et
1936 2584 1983 2640 si

380 2684 649 2755 tingenita
690 2700 802 2740 non
839 2694 921 2740 est
969 2684 1231 2754 nequitia,
1282 2698 1458 2753 neque
1498 2693 1624 2736 ortu
1664 2695 1841 2750 neque
1879 2679 1984 2732 ﬁne

405 2790 599 2831 carere
629 2777 946 2846 apparebit,
979 2792 1105 2830 cum
1137 2776 1275 2829 alias
1304 2774 1525 2845 quidem
1556 2788 1665 2827 non
1700 2773 1791 2831 sit,
1821 2770 1982 2825 modo

405 2881 541 2922 vero
573 2868 750 2922 solum
779 2868 1040 2923 insonare
1068 2866 1335 2921 videatur.
1373 2865 1527 2930 Quod
1558 2865 1703 2919 enim
1733 2870 1839 2925 est,
1871 2878 1981 2916 non

406 2966 491 3012 est
523 2957 852 3019 substantia,
885 2957 979 3010 sed
1012 2956 1238 3010 morbus
1270 2955 1362 3024 qui
1400 2954 1727 3009 substantiis
1760 2953 1979 3017 accidit,

410 3047 505 3117 qui
533 3053 712 3117 potest
744 3063 775 3100 a
805 3046 1134 3102 substantiis
1162 3054 1216 3101 et
1248 3047 1498 3116 personis
1528 3046 1793 3115 separari.
1823 3044 1978 3111 Quod

411 3148 594 3193 autem
639 3140 921 3209 deceptor,
962 3138 1110 3209 quod
1149 3149 1256 3203 est,
1292 3138 1449 3192 ruina
1479 3146 1534 3193 et
1574 3138 1730 3207 lapsu
1759 3136 1977 3200 accidit,

408 3242 469 3287 ut
493 3242 661 3296 esset,
689 3233 808 3303 ipsa
841 3233 1000 3287 ruina
1017 3241 1071 3288 et
1088 3234 1241 3303 lapsu
1268 3240 1562 3287 attestante
1580 3231 1979 3300 ademptionent

404 3326 674 3384 bonorum
727 3327 995 3398 priorum,
1050 3333 1284 3380 testatur
1340 3324 1562 3395 quidem
1619 3323 1789 3377 Isaias
1856 3336 1980 3391 pro-

402 3419 588 3489 pheta,
621 3432 746 3472 cum
793 3418 870 3471 ait
906 3436 919 3471 :
969 3415 1244 3481 Quomodo
1301 3415 1487 3469 cecidit
1528 3430 1555 3467 a
1604 3413 1731 3467 σωίο
1771 3412 1979 3480 ίηςὶιεν,

402 3512 493 3582 qui
524 3527 678 3565 mane
706 3509 977 3563 oriebatur
1016 3509 1081 3562 οἳ
1129 3506 1266 3562 Cum
1300 3522 1429 3561 vero
1473 3506 1620 3560 hunc
1663 3505 1819 3558 talem
1860 3504 1981 3572 ejus

401 3611 613 3658 statum
671 3618 737 3658 ex
784 3602 942 3672 lapsu
992 3599 1263 3656 accidisse
1307 3599 1477 3653 sciret
1523 3596 1793 3661 Salvator,
1835 3597 1981 3649 anti-

398 3708 573 3764 quum
625 3708 758 3748 vero
803 3701 1012 3747 statum
1057 3692 1303 3747 divinum
1356 3706 1421 3745 ac
1475 3689 1979 3759 splendidissimum

396 3792 457 3837 et
488 3783 726 3837 maxime
763 3783 1023 3838 decorum
1052 3780 1249 3845 fuisse,
1279 3781 1347 3836 de
1372 3797 1438 3837 eo
1466 3790 1695 3837 testatur
1726 3781 1782 3835 in
1810 3780 1982 3834 Evan-

398 3874 545 3944 εει-ἑο
573 3874 827 3943 inquiens
851 3891 863 3927 :
885 3872 1019 3926 Ecce
1051 3872 1198 3927 video
1239 3872 1501 3928 Satanam
1527 3882 1779 3941 tanquam
1800 3872 1982 3941 fulgur

396 3965 675 4021 «cadentem
714 3964 785 4020 de
833 3966 961 4021 caelo
1023 3967 1089 4020 ⁸⁸.
1148 3966 1207 4020 Si
1256 3974 1437 4022 autem
1492 3966 1572 4021 sic
1635 3972 1795 4020 natus
1837 3972 1976 4031 erat,

399 4056 454 4112 si
492 4056 574 4111 sic
619 4065 780 4125 aptus
818 4064 1035 4118 natura,
1077 4071 1188 4110 non
1225 4056 1647 4111 diceretur‘tum
1689 4054 1974 4121 cecidisse,

398 4155 522 4202 tum
571 4147 889 4212 decidisse;
933 4146 1081 4216 quod
1126 4148 1271 4202 enim
1334 4148 1502 4211 cadit,
1544 4163 1612 4203 ex
1655 4155 1804 4202 statu
1847 4164 1979 4219 quo—

399 4241 549 4310 .piam
577 4239 760 4305 cadit;
793 4247 847 4294 et
878 4238 1024 4309 quod
1053 4239 1279 4304 decidit,
1309 4255 1377 4295 ex
1404 4240 1662 4310 quapiam
1692 4230 1979 4295 abundan-

400 4334 479 4388 tia
508 4332 740 4388 excedit.

2087 1846 2272 1917 ἑτέρου
2304 1847 2524 1918 ἤρξατο,
2547 1847 2640 1902 τοῦ
2671 1851 2767 1921 μὲν
2794 1852 3034 1907 τοιούτου
3061 1855 3362 1928 ἀνωλέθρου
3396 1859 3492 1912 καὶ
3527 1861 3681 1913 εῖτ-τα-⁵

2086 1935 2211 2001 θοῦς
2239 1939 2596 2010 ὑπάρχοντος,
2625 1943 2719 1995 τοῦ
2746 1943 2802 1996 δὲ
2830 1944 3129 2015 δυναμένου
3176 1947 3540 2014 ἀφανίζεσθαι
3581 1951 3671 2004 καὶ

2083 2026 2486 2099 διαφθείρεσθαι
2532 2031 2630 2084 οὐκ
2674 2030 2768 2101 ἀφ’
2807 2032 2999 2086 ἑαυτοῦ
3037 2034 3220 2098 δντοςς
3257 2036 3305 2088 εί
3335 2036 3391 2089 δὲ
3420 2036 3669 2106 διαφθείο

2086 2136 2258 2206 ρξται,
2298 2119 2371 2185 ῶς
2400 2139 2561 2190 φατε,
2592 2122 2749 2177 τοῦτο
2787 2124 2895 2196 γάρ
2929 2128 2958 2178 ό
2988 2127 3251 2199 ὑμέτερος
3286 2128 3462 2199 ὁρίζει
3489 2129 3667 2199 λόγος,

2081 2209 2142 2262 τὸ
2184 2212 2576 2267 κατατείνεσθαι
2622 2215 2920 2285 ὁμολογῶν,
2956 2218 3014 2270 τὸ
3050 2216 3188 2272 εἶναι
3227 2220 3543 2287 ἀλλοίωσιν,
3579 2226 3669 2277 καὶ

2084 2303 2289 2374 φθορὰν
2326 2303 2423 2376 τὴν
2466 2307 2786 2360 κατάποσιν·
2827 2311 2919 2362 καὶ
2953 2309 3099 2363 ἔστιν
3128 2311 3331 2384 ἀλωτὴ,
3370 2313 3471 2367 καὶ
3508 2313 3664 2387 λυτὴ,

2083 2396 2175 2448 καὶ
2217 2396 2470 2470 λυομένη,
2511 2400 2604 2452 καὶ
2644 2399 3063 2473 ὰναλισκομένη,
3104 2405 3287 2459 οὐκέτι
3330 2406 3397 2459 τά
3438 2407 3551 2460 τῶν
3596 2409 3665 2479 μὴ

2082 2488 2494 2560 ἀφανιζομένων
2534 2492 2921 2563 ὑποστήσεται·
2961 2495 3034 2567 μὴ
3073 2495 3270 2567 ἔχουσα
3296 2498 3352 2552 δὲ
3378 2500 3478 2571 τὴν
3503 2501 3664 2570 φύσιν

2082 2584 2288 2654 ἀϐλαϐῆ
2317 2585 2410 2637 καὶ
2440 2583 2764 2657 ἀνώλεθρον,
2798 2587 2979 2640 οὐκέτι
3002 2589 3292 2660 ἀγέννητος
3325 2591 3666 2663 onmem-

2080 2694 2188 2730 ται·
2229 2676 2304 2748 μὴ
2331 2672 2465 2731 οῦσα
2503 2678 2560 2732 δὲ
2595 2679 2904 2748 ἀγέννητος,
2941 2678 3065 2732 οὔτε
3096 2680 3351 2752 ἄναρχος,
3382 2682 3514 2737 οὒτε
3542 2685 3663 2738 ea.

2080 2767 2338 2838 λεύτητος
2380 2775 2678 2841 φανήσεται
2721 2774 2754 2842 ἡ
2800 2772 2984 2836 κακία,
3027 2772 3215 2826 ἄλλοτε
3246 2775 3346 2844 μὲν
3373 2776 3479 2828 οὐκ
3510 2772 3661 2841 οὖσα,

2080 2861 2204 2931 ἄρτι
2232 2862 2287 2915 δὲ
2319 2862 2551 2916 δοκοῦσα
2583 2864 2902 2935 ὲμὸομϐεῒν.
2937 2865 3047 2918 Καὶ
3075 2865 3183 2936 γὰρ
3206 2867 3234 2918 ὃ
3260 2869 3413 2921 ἐστιν
3444 2869 3549 2922 οὐχ
3580 2870 3662 2923 οὗ.

2082 2952 2172 3005 σία
2200 2952 2368 3017 ἐστὶν,
2408 2953 2542 3007 ἀλλά
2568 2954 2781 3026 νόσημά
2808 2972 2859 3007 τι
2898 2954 3243 3028 συμϐεϐηκὸς
3280 2959 3415 3029 περὶ
3450 2960 3551 3023 τὰς
3579 2962 3663 3014 οὖ-

2081 3046 2222 3110 σίας,
2245 3045 2539 3116 δυνάμενον
2566 3046 2674 3099 τῶν
2697 3047 2891 3100 οὐσιῶν
2918 3047 3012 3100 καὶ
3037 3048 3142 3101 τῶν
3169 3050 3528 3104 ὑποστάσεων
3561 3072 3661 3121 χω-

2083 3137 2351 3209 ρισθῆναι·
2378 3138 2459 3191 ὅτι
2492 3137 2601 3210 γὰρ
2638 3138 2797 3202 αὐτὸς
2828 3140 2855 3191 ὀ
2881 3138 3154 3203 ἀπατεὼν,
3180 3141 3322 3211 ὅπερ
3352 3142 3495 3207 ἐστὶ,
3526 3142 3663 3197 κατά

2080 3228 2284 3282 πτῶσιν
2318 3231 2413 3283 καὶ
2440 3232 2559 3284 κατ’
2585 3229 2802 3301 ὄλεθρον
2827 3230 3081 3300 τυγχάνει
3112 3231 3212 3302 τῆς
3240 3230 3531 3297 πτώσεως,
3575 3233 3661 3287 καὶ

2077 3322 2171 3375 τοῦ
2203 3322 2415 3377 ὀλίσθου
2461 3322 2861 3395 μαρτυροῦντος
2900 3324 2963 3392 τῇ
3006 3321 3357 3394 ὑπεξαιρέσει
3387 3325 3501 3377 τῶν
3532 3343 3660 3395 προ-

2083 3416 2449 3485 υπηργμένων
2479 3414 2676 3478 καλῶν,
2720 3416 2987 3486 μαρτυρεῖ
3019 3415 3116 3485 μὲν
3132 3415 3361 3480 Ἡσαΐας
3388 3415 3419 3465 ὁ
3451 3417 3662 3487 προφή-

2076 3524 2199 3577 της’
2216 3506 2348 3572 Πῶς
2358 3506 2647 3572 ἐξέπεσεν
2659 3507 2727 3560 ἐκ
2744 3507 2848 3560 τοῦ
2869 3505 3126 3574 οἰψανοῦ
3145 3510 3178 3560 ό
3194 3507 3505 3576 ἑωσφόρος
3516 3509 3666 3578 πρωΐ

2077 3599 2459 3663 dracti-dicor;
2482 3600 2581 3671 τὴν
2626 3599 2722 3670 μὲν
2751 3599 2957 3653 τοιάνδε
3002 3600 3165 3653 αὑτοῦ
3200 3602 3542 3657 κατάστασιν
3576 3605 3661 3657 ἔκ-

2080 3708 2289 3746 πτωτον
2315 3691 2488 3759 εἰδὼς,
2515 3693 2612 3764 τὴν
2632 3692 2688 3746 δὲ
2712 3693 2949 3747 παλαιὰν
2975 3692 3125 3747 θείαν
3144 3696 3239 3747 καὶ
3262 3694 3661 3768 διαυγεστάτην

2076 3785 2469 3855 τυγχάνουσαψ
2504 3788 2767 3857 μαρτυρεῖ
2792 3786 2849 3838 δὲ
2878 3787 2973 3840 καὶ
3000 3789 3028 3839 ὁ
3062 3788 3255 3858 Σωτὴρ
3288 3790 3348 3841 ὲν
3375 3790 3460 3860 τῷ
3488 3791 3663 3858 Εὐαγ-

2077 3875 2266 3947 γελίῳ,
2298 3875 2489 3945 λέγων’
2537 3876 2681 3930 Ἰδοὺ
2719 3876 2835 3945 ὁρῶ
2860 3877 2967 3931 τὸν
2996 3876 3275 3935 Σατανᾶν
3305 3879 3389 3945 ὡς
3438 3883 3659 3950 ἀστρα·

2077 3966 2205 4035 πὴν
2238 3970 2505 4022 πεσόντα
2534 3968 2603 4021 ἐκ
2634 3969 2740 4023 τοῦ
2762 3967 3043 4038 οίφανοῦ.
3081 3972 3144 4025 Εἰ
3175 3972 3233 4025 δὲ
3256 3971 3436 4039 οὕτως
3470 3977 3664 4044 ἐπεςῷ

2078 4075 2184 4123 κει,
2211 4059 2304 4112 καὶ
2329 4057 2501 4122 οὕτως
2526 4055 2615 4131 ἦν,
2656 4060 2758 4112 οὐκ
2787 4059 2852 4114 ἂν
2882 4060 2955 4132 πὴ
2986 4062 3084 4133 μὲν
3114 4063 3345 4128 πτῶσις,
3385 4067 3467 4138 τεὴ
3500 4067 3558 4120 δὲ
3584 4068 3664 4121 25.x-

2078 4167 2284 4214 πτωσις
2314 4151 2578 4205 ἐκαλεῖτο·
2613 4152 2675 4206 τὸ
2713 4153 2822 4225 γὰρ
2869 4158 3064 4208 πῖπτον
3096 4156 3203 4210 ἀπό
3234 4175 3385 4222 τινος
3421 4161 3661 4223 στάσεως

2077 4242 2288 4296 πῖπτεν
2334 4244 2396 4297 τὸ
2441 4244 2498 4298 δὲ
2545 4247 2809 4300 ἐκπῖπτον
2860 4247 2967 4300 ἀπό
3009 4265 3156 4312 τινος
3196 4253 3529 4321 περιουσίας
3572 4255 3661 4306 ἐκ·

2078 4334 2277 4389 ϐαίνει.

475 4425 530 4479 Si
560 4422 876 4478 nominatur
895 4422 948 4475 in
972 4421 1039 4476 iis
1061 4421 1152 4491 qui
1177 4421 1513 4482 ceciderunt,
1539 4429 1657 4477 erat
1682 4422 1976 4492 aliquando

2165 4429 2213 4482 Ei
2241 4429 2297 4482 δὲ
2327 4430 2384 4482 ὲν
2423 4429 2646 4484 πεσοῦσι
2688 4429 2923 4498 λέγεται,
2950 4427 3018 4502 ἦν
3064 4450 3194 4486 ποτε
3245 4431 3307 4489 ἐν
3352 4438 3546 4492 στάσει
3573 4440 3661 4493 καὶ

403 4517 458 4571 in
493 4524 636 4571 statu
669 4521 724 4569 et
752 4514 1049 4568 stabilitate
1079 4513 1164 4567 :si
1206 4522 1386 4567 autem
1437 4511 1492 4566 in
1533 4512 1601 4567 iis
1627 4515 1719 4582 qui
1751 4513 1972 4570 decide-

403 4618 551 4670 runt,
581 4613 896 4669 accusatur,
938 4621 1045 4659 non
1073 4616 1191 4660 erat
1219 4605 1397 4675 inops,
1426 4620 1535 4658 non
1582 4615 1700 4661 erat
1724 4606 1842 4661 Irus
1884 4608 1976 4661 ali-

400 4699 641 4771 quando,
673 4715 797 4754 cum
842 4698 1093 4753 adluebat
1122 4698 1282 4754 bonis
1316 4698 1570 4768 copiose;
1619 4699 1818 4769 quibus
1849 4716 1975 4769 pro-

400 4803 522 4863 pter
555 4791 805 4847 morbum
842 4791 1080 4859 aliquem
1116 4790 1381 4859 privatus,
1416 4790 1471 4843 in
1517 4791 1584 4844 iis
1629 4791 1722 4860 qui
1758 4793 1976 4846 cet-idc-

400 4893 551 4949 runt,
582 4890 905 4937 numeratur
939 4889 993 4936 et
1025 4882 1277 4936 habetur.
1313 4879 1456 4935 Sane
1487 4882 1706 4951 quidem
1748 4882 1975 4939 aﬁluen-

401 4981 533 5033 tiam
579 4978 699 5047 ejus
751 4976 1036 5047 Scriptura
1078 4976 1390 5032 fateturzsi
1421 4977 1567 5032 enim
1615 4977 1669 5029 in
1716 4992 1781 5031 eo
1830 4977 1974 5047 quod

403 5075 506 5142 ait,
554 5073 827 5142 Quomodo
880 5074 1064 5127 cecidit
1121 5073 1343 5142 lucifer?
1390 5088 1590 5128 nomen
1638 5073 1850 5128 luciferi
1894 5074 1976 5128 af-

400 5167 625 5224 ﬂuentia
661 5176 798 5230 erat,
834 5173 888 5221 et
919 5165 1011 5236 qui
1046 5174 1164 5219 erat
1193 5165 1387 5219 lucifer
1423 5165 1599 5235 ipsam
1640 5165 1855 5220 luciferi
1897 5165 1977 5221 cf-

403 5259 691 5314 l‘ectionem
715 5265 768 5312 et
789 5258 919 5323 vim,
944 5265 998 5314 et
1016 5257 1362 5323 allluentiam,
1381 5264 1434 5313 et
1455 5257 1857 5328 possessionem
1876 5259 1975 5312 ba-

401 5351 594 5420 bebat;
626 5359 683 5406 et
714 5350 782 5405 ab
819 5351 923 5405 hac
959 5366 1083 5406 cum
1123 5351 1348 5417 decidit,
1380 5351 1482 5405 hac
1534 5351 1712 5406 factus
1755 5358 1839 5405 est
1885 5367 1977 5405 va-

399 5457 536 5499 cuus
562 5462 575 5498 :
603 5445 760 5514 inops
797 5443 1014 5512 quidem
1065 5455 1150 5499 est
1182 5444 1332 5499 illius
1381 5442 1669 5500 allluentim
1716 5443 1971 5510 lueileri,

398 5546 625 5607 vagatur
650 5536 956 5604 mendicus,
985 5543 1040 5590 et
1072 5544 1157 5592 est
1191 5553 1328 5605 pene
1356 5536 1496 5605 Irus,
1526 5548 1578 5593 et
1611 5537 1667 5592 in
1697 5551 1884 5594 casum
1910 5551 1974 5592 ac

471 5694 617 5763 ’léa.
646 5723 758 5774 XVI,
790 5708 878 5765 12.
940 5713 994 5761 ,ιο
1026 5711 1156 5769 Luc.
1195 5729 1249 5781 κ,
1288 5713 1353 5769 18

2075 4521 2378 4594 ἐδραιότητι
2409 4526 2717 4595 τυγχάνων·
2751 4528 2798 4578 εί
2828 4524 2883 4577 δὲ
2921 4525 3015 4577 καὶ
3048 4529 3105 4579 ἐν
3137 4532 3249 4590 τοῖς
3274 4530 3659 4586 ἐκπεπτωκόσι

2073 4616 2495 4685 κατηγορεῖται,
2524 4616 2584 4669 οὐ
2625 4615 2790 4685 πένης
2814 4610 2903 4686 ἦν,
2937 4617 3038 4686 οὐκ
3066 4613 3215 4687 Ἶρος
3253 4615 3326 4691 ἦν
3376 4638 3533 4687 ποτε,
3576 4623 3659 4675 ὅτε

2074 4708 2274 4779 πολλὴν
2315 4710 2629 4779 περιουσίαν
2668 4705 2834 4780 εἶχεν,
2861 4708 2996 4761 ἀλλὰ
3027 4710 3115 4764 διά
3140 4728 3262 4764 τινα
3286 4713 3449 4766 νόσον
3478 4716 3661 4788 στέρηο
3752 4764 3755 4783 4

2075 4817 2161 4852 σιν
2188 4799 2399 4870 ἐκείνης
2423 4801 2525 4871 τῆς
2556 4800 2872 4872 περιουσίας
2902 4800 3218 4871 ὑπομείνας,
3252 4804 3311 4855 ὲν
3346 4807 3661 4860 πεπτωκόσι

2073 4892 2336 4962 κρίνεται.
2383 4892 2596 4961 Ἀμέλει
2625 4893 2719 4946 καὶ
2745 4891 2840 4963 τὴν
2871 4893 3187 4963 περιουσίαν
3218 4895 3250 4963 ἡ
3534 4900 3660 4967 ὀμει-

2073 4983 2239 5053 λογεῖ.
2275 4985 2337 5059 E.i
2361 4984 2488 5053 γὰρ,
2519 4982 2650 5049 Πῶς
2688 4984 2980 5049 ἐξέπεσεν·
3005 4988 3038 5038 ὀ
3060 4986 3409 5054 ἑωσφόρος;
3441 4992 3541 5042 καὶ
3570 5007 3660 5041 πε-

2077 5075 2286 5146 ριουσία
2312 5071 2378 5146 ἦν
2401 5074 2460 5127 τὸ
2483 5073 2674 5145 ὄνομα,
2703 5076 2795 5128 καὶ
2829 5076 3104 5147 ἑωσφόρος
3128 5075 3203 5129 ῶν
3233 5078 3409 5149 αὐτὴν
3439 5081 3545 5150 τὴν
3574 5080 3661 5132 τοῦ

2074 5167 2350 5238 ἑωσφόρον
2377 5169 2680 5238 ἐνέργειαν,
2702 5169 2795 5221 καὶ
2816 5167 3062 5239 δύναμιν,
3082 5169 3174 5221 καὶ
3196 5173 3550 5240 περιουσίαν,
3574 5173 3661 5225 καὶ

2073 5263 2263 5332 κτῆσιν
2298 5259 2430 5332 εἶχε,
2462 5261 2556 5314 καὶ
2584 5261 2786 5330 ταύτης
2815 5261 3085 5324 ἐκπεσὼν,
3106 5260 3317 5330 ταύτης
3354 5265 3555 5333 γέγονε
3577 5284 3661 5321 κε-

2072 5349 2191 5413 νός’
2222 5349 2506 5421 πενητεύει
2548 5351 2646 5421 μὲν
2684 5352 2739 5403 ἐν
2770 5352 2834 5421 τῇ
2879 5350 3165 5422 περιουσίᾳ
3196 5351 3291 5405 τοῦ
3351 5356 3657 5429 ἑωσφόρον.

2073 5440 2324 5512 ἀληθεύει
2354 5442 2529 5495 δὲκαὶ
2568 5443 2861 5496 κινδυνεύει
2884 5440 3031 5513 Ἶρος
3070 5441 3145 5495 ῶν
3177 5446 3270 5499 καὶ
3305 5446 3594 5513 ἔκπτωτος
3632 5448 3660 5499 ὁ

2075 5533 2241 5588 πάλαι
2266 5533 2466 5606 πολλὴν
2499 5535 2809 5606 περιουσίαν
2833 5533 2990 5607 ἔχωνο
3035 5536 3083 5589 εἰ
3122 5536 3177 5590 δὲ
3211 5538 3358 5607 κατὰ
3388 5539 3450 5593 τὸ
3479 5540 3656 5608 an:-
