3782 6166
190 247 325 303 “29
392 290 397 294 .

1236 197 1624 301 ADVERSUS
1662 244 2087 314 ιιΑΝιεηιεοε
2126 243 2252 299 LIB.
2293 245 2337 299 1.

3305 249 3442 303 H50

188 367 365 440 γέλιον
387 367 495 420 τῶν
518 367 822 425 πιπτόντων
840 369 956 421 ἐστὶ
982 370 1073 424 καὶ
1097 370 1267 441 χαμαὶ
1281 347 1560 436 κειμένων
1586 368 1765 423 κυλιν-
1793 424 1797 432 η

1871 346 2079 421 ruinam
2111 365 2292 429 datus,
2329 365 2425 435 qui
2458 365 2588 418 olim
2621 365 2773 420 valde
2797 365 3055 436 copiosus
3083 378 3218 422 erat.
3256 367 3312 423 Si
3341 385 3441 426 au-

184 461 480 532 δουμένων,
496 460 682 514 λοιπὸν
701 463 758 515 ἐν
781 460 856 533 τῷ
876 462 1060 532 ἐδάφει
1083 457 1489 534 είστήκειποτὲ,
1515 462 1609 516 καὶ
1636 463 1762 532 ἡδύ-

186 573 313 610 νατο
331 553 527 622 λέγειν·
544 552 826 620 Ἐστῶτες
860 549 1022 623 ἦσαν
1055 558 1108 608 οἱ
1139 554 1319 620 πόδες
1348 546 1516 622 ἡμῶν
1539 551 1608 607 ἐν
1634 553 1762 619 ταῖς

185 647 400 713 αὐλαῖς
431 661 570 709 σου,
613 647 1032 716 Ἰερουσαλήμ·
1065 647 1294 717 ἠδύνατο
1322 645 1556 700 ἀκούειν·
1575 645 1763 714 Στῆτε

185 740 645 810 περιζωσάμενοι
675 743 781 806 τὰς
815 741 1048 810 ὀσφύας
1083 739 1249 810 ὑμῶν
1272 740 1341 793 ἐν
1367 739 1636 807 ἀληθείᾳ·
1671 740 1763 792 καὶ

185 833 481 903 δυνάμενος
504 832 595 886 τοῦ
624 833 860 897 ἀκούειν,
893 833 991 885 οὐκ
1023 832 1357 902 ἠσφαλίσατο
1384 833 1443 885 τὸ
1476 833 1761 902 εἰρημένον

184 923 384 990 λόγιον·
441 923 504 976 '0
534 920 731 976 δοκῶν
777 921 1022 976 ἑστάναι
1045 921 1320 986 βλεπέτω
1337 921 1422 992 μὴ
1453 921 1632 991 πέσῃ·
1669 923 1763 975 καὶ

189 1015 455 1086 μηδεμίαν
500 1015 636 1086 πρὸς
669 1015 730 1068 τὸ
759 1015 996 1068 τοιοῦτον
1037 1015 1401 1086 πεποιημένος
1439 1014 1759 1083 ἀσφάλειαν,

183 1109 244 1159 ἐν
274 1109 387 1170 τοῖς
410 1105 670 1170 τοιούτοις
696 1108 930 1178 σήμερον
951 1106 1272 1160 κυλινδεῖται
1295 1123 1308 1136 ·
1338 1106 1398 1159 τὸ
1429 1105 1538 1179 γὰρ
1566 1107 1653 1161 ἀεὶ
1674 1123 1766 1177 χα-

189 1198 287 1267 μαὶ
321 1197 590 1267 κείμενον,
619 1199 719 1251 οὐκ
754 1198 818 1251 ἂν
845 1198 1016 1272 πέσῃ·
1051 1201 1223 1252 κεῖται
1250 1197 1357 1271 γὰρ
1396 1199 1590 1269 χαμαί·
1622 1197 1763 1270 τὸδὲ

185 1289 471 1352 πεπτωκὸς
495 1289 587 1341 καὶ
600 1291 772 1360 χαμαὶ
786 1290 1026 1358 γεγονὸς,
1050 1289 1158 1344 ἀπὸ
1179 1289 1482 1360 ἑστηκότων
1507 1291 1597 1342 καὶ
1616 1291 1764 1360 ἠρειο
1791 1333 1794 1338 .

189 1375 400 1444 σμένων
417 1376 712 1447 παρέλκον,
736 1378 828 1429 ἐπὶ
845 1377 904 1430 τὸ
923 1381 1110 1431 πεσεῖν
1137 1379 1446 1432 ἐλεύσεται·
1474 1381 1569 1433 καὶ
1589 1378 1650 1431 τὸ
1678 1379 1764 1430 ἀεὶ

189 1466 484 1536 πενητεῦον
515 1469 610 1520 καὶ
629 1468 883 1522 οὐδέποτε
906 1471 1125 1542 εἰληφὸς
1153 1471 1406 1543 οὐδεμίαν
1425 1472 1760 1544 περιουσίαν,

185 1555 439 1608 οὐδέποτε
465 1559 797 1612 ἐκπεσεῖται·
823 1561 910 1614 ἀεὶ
937 1561 1045 1633 γὰρ
1067 1563 1216 1616 οὐδὲν
1243 1563 1373 1633 ἔχει,
1402 1564 1495 1616 καὶ
1522 1565 1581 1616 ού
1605 1563 1762 1618 δύνα-

187 1662 274 1698 ται
302 1647 575 1712 ἐκπεσεῖν,
598 1649 747 1703 οὐδὲν
769 1651 1024 1706 οὐδέποτε
1048 1655 1298 1726 ἐσχηκός·
1328 1655 1388 1708 τὸ
1413 1655 1468 1709 δὲ
1495 1655 1762 1708 ἔκπτωσιν

1866 467 1973 513 tem
2012 457 2311 513 secundum
2355 455 2709 526 Evangelium
2756 473 2822 512 ex
2850 473 3039 513 eorum
3072 475 3301 516 numero
3334 471 3441 527 est,

1865 551 1957 620 qui
1989 548 2210 614 cadunt,
2228 558 2282 603 et.
2311 547 2458 602 humi
2484 547 2690 616 jacent,
2711 557 2764 603 et
2795 558 3011 620 poterat
3039 550 3254 606 dicere:
3282 551 3442 608 Stan-

1867 649 1940 692 tes
1972 648 2124 693 erant
2152 637 2305 708 pedes
2339 638 2512 690 nostri
2549 639 2604 690 in
2650 640 2804 693 atriis
2845 641 2969 703 tuis,
3013 639 3312 697 Jerusalem
3355 645 3396 675 “
3427 663 3438 698 :

1864 739 2079 801 poterat
2107 731 2297 786 audire
2332 731 2467 785 illud
2502 731 2689 786 :State
2720 733 2973 786 succincti
3005 733 3208 789 lumbos
3244 745 3441 790 vestros

1864 825 1919 876 in
1960 824 2178 878 veritate
2209 825 2251 855 ¹²
2279 842 2293 879 :
2326 834 2380 879 et
2423 839 2548 878 cum
2583 833 2769 894 posset
2815 825 2916 879 hoc
2951 826 3163 894 audire,
3197 828 3444 883 adhibuit

1865 914 1934 969 ad
1985 915 2296 970 cautionem
2343 922 2398 970 et
2440 917 2749 969 ﬁrmitatem
2802 915 2948 985 quod
2989 917 3063 970 ait
3125 917 3440 989 Scriptura,

1867 1006 1973 1073 Qui
2003 1015 2130 1070 stat,
2160 1007 2334 1062 videat
2363 1023 2426 1061 ne
2465 1006 2623 1060 cadat
2652 1006 2696 1038 “
2723 1026 2735 1061 :
2762 1015 2816 1062 et
2845 1022 2968 1062 cum
2999 1010 3136 1063 nihil
3178 1012 3443 1066 munierit

1866 1107 2058 1154 contra
2087 1100 2212 1166 hoc,
2242 1101 2296 1154 in
2343 1100 2546 1155 talibus
2589 1100 2752 1156 hodie
2782 1103 3012 1157 vertitur
3061 1118 3126 1158 ac
3163 1105 3439 1171 volvitur;

1866 1191 2012 1262 quod
2062 1192 2208 1247 enim
2250 1206 2467 1262 semper
2508 1191 2664 1245 humi
2695 1191 2862 1262 jacet,
2914 1209 3196 1264 nunquam
3244 1195 3440 1263 cadet;

1861 1284 2007 1356 jacet
2027 1284 2172 1338 enim
2200 1284 2350 1338 humi
2381 1304 2393 1338 :
2419 1285 2564 1354 quod
2593 1294 2771 1340 autem
2806 1286 3026 1350 cecidit,
3057 1295 3113 1341 et
3146 1295 3231 1342 est.
3261 1287 3438 1352 humi,

1865 1393 1974 1430 non
2005 1377 2254 1430 deveniet
2283 1377 2350 1431 ab
2383 1377 2658 1432 stantibus
2685 1387 2737 1432 et
2769 1378 2968 1433 erectis
2996 1377 3060 1431 ad
3093 1378 3437 1445 cadendum;

1863 1479 1917 1525 et
1947 1470 2090 1540 quod
2138 1485 2353 1540 semper
2379 1478 2464 1526 est
2501 1471 2556 1524 in
2585 1471 2790 1540 inopia,
2825 1478 2880 1526 et
2928 1486 3206 1541 nunquam
3241 1472 3440 1527 accidit

1865 1572 1924 1617 ut
1953 1564 2157 1629 allluat,
2190 1579 2469 1634 nunquam
2504 1563 2693 1629 cadet;
2739 1578 2953 1633 semper
2999 1567 3141 1619 enim
3182 1565 3316 1619 nihil
3351 1564 3441 1619 ha-

1865 1656 1974 1720 bet,
2006 1665 2058 1709 et
2083 1654 2280 1718 cadere
2327 1670 2438 1710 non
2474 1663 2674 1726 potest,
2729 1655 2872 1726 quod
2906 1656 3040 1710 nihil
3071 1672 3310 1727 unquam
3341 1657 3438 1710 ha-

189 1741 509 1811 ύπομεῖναν,
543 1743 636 1795 καὶ
668 1742 933 1808 πεπονθὸς
965 1745 1071 1799 ἀπὸ
1101 1745 1302 1816 πολλῆς
1330 1747 1643 1817 περιουσίας
1673 1748 1765 1800 καὶ

1871 1743 2003 1797 buit.
2037 1742 2192 1810 Quod
2216 1759 2404 1799 casum
2447 1752 2502 1800 et
2535 1745 2748 1798 ruinam
2793 1747 2978 1809 sentit,
3013 1754 3231 1818 propter
3260 1747 3436 1801 abun-

189 1829 471 1903 ὑπάρξεως
497 1833 772 1903 τυγχάνει.
801 1834 910 1887 Καὶ
940 1834 1178 1900 τοιοῦτος
1211 1836 1309 1907 μὲν
1328 1839 1356 1890 ὁ
1383 1836 1596 1908 πρῶτος
1612 1835 1760 1905 ἐλεγ-

183 1937 300 1990 χος.

1865 1835 2108 1890 dantiam
2156 1844 2210 1891 et
2257 1852 2372 1892 rem
2407 1837 2663 1893 amissam
2705 1837 2892 1893 sentit.
2921 1835 3001 1892 Ac
3033 1840 3170 1893 ratio
3217 1840 3436 1911 quidem

1865 1929 2041 1999 prima
2067 1929 2380 1999 opinionem
2413 1930 2576 1986 istam
2610 1929 2970 1987 convincendi
3007 1931 3132 1986 talis
3161 1941 3265 1987 est.

1085 2103 1216 2159 CAP.
1247 2101 1487 2178 XXXV].
1525 2101 1772 2158 Patibilis
1803 2102 1944 2160 Deus
1971 2105 2257 2161 secundum
2285 2106 2632 2164 Manichacus.

281 2265 407 2320 Αλλ⁹
453 2269 639 2341 ἐπειδή
689 2288 850 2339 φασιν
877 2287 889 2301 ·
913 2272 1034 2326 Ἔτι
1083 2273 1349 2346 προϊοῦσα
1381 2275 1413 2345 ή
1447 2276 1634 2339 κακία,
1667 2292 1762 2329 και

188 2361 382 2429 ἑαυτὴν
415 2362 826 2428 κατατείνουσα,
857 2366 950 2417 κα)⁸
990 2366 1254 2438 γενομένη
1300 2367 1436 2438 πρὸς
1477 2367 1555 2439 τῷ
1600 2369 1759 2437 φωτὶ,

188 2452 434 2522 ἥρπασεν
466 2454 574 2507 ἀπὸ
615 2454 707 2508 τοῦ
744 2457 940 2524 φωτὸς,
969 2457 1064 2510 καὶ
1098 2459 1352 2511 κατέπιεν
1377 2459 1482 2512 ἀπὸ
1520 2459 1612 2512 τοῦ
1651 2477 1763 2529 φω-

189 2546 304 2609 τός·
343 2546 474 2617 φέρε
511 2547 608 2618 τὴν
647 2548 962 2618 πρεσϐείαν,
997 2551 1063 2621 ἢν
1092 2551 1232 2622 ὑπὲρ
1265 2551 1360 2604 τοῦ
1398 2553 1632 2625 πονηροῦ
1660 2571 1759 2606 πε-

189 2639 438 2710 ποίηνται
478 2639 615 2692 κατὰ
635 2641 732 2709 τῆς
768 2640 1043 2711 ἀληθείας,
1073 2641 1371 2695 καταλῦσαι
1401 2643 1474 2715 μὴ
1497 2663 1761 2716 παραιτη-

191 2728 445 2800 σώμεθα·
490 2730 774 2799 ἐπαίρουσι
825 2731 932 2802 γὰρ
971 2731 1049 2801 τῷ
1090 2731 1232 2802 λόγῳ
1273 2717 1444 2802 τούτῳ
1471 2731 1567 2802 τὴν
1599 2749 1762 2803 πονη-

192 2822 330 2891 ρίαν,
381 2821 710 2885 εὐτελίζουσι
741 2823 798 2876 δέ
828 2823 926 2895 τὴν
961 2823 1246 2894 ἀλήθειαν·
1295 2825 1390 2877 καὶ
1437 2822 1603 2894 νεῦρα
1662 2823 1760 2893 μὲν

169 2912 390 2966 ’διδόασι
427 2915 490 2982 τῇ
537 2913 790 2985 πονηρίᾳ,
823 2913 1047 2986 ἄνευρον
1072 2915 1129 2968 δέ
1155 2914 1252 2986 τὴν
1291 2915 1546 2986 ἀλήθειαν
1574 2915 1760 2967 ὑποτί-

192 3004 394 3059 θενται.
431 3005 492 3058 Εἰ
539 3007 650 3078 γὰρ
691 3009 723 3078 ἡ
771 3007 867 3078 μὲν
900 3006 1133 3078 πονηρία
1189 3008 1426 3078 ἥρπασε,
1462 3007 1520 3058 τὸ
1551 3005 1606 3058 δὲ
1646 3003 1761 3075 φῶς

190 3099 486 3170 ἥρπασται,
517 3100 610 3152 καὶ
638 3100 1015 3171 ἁρπαζόμενον
1044 3099 1268 3170 ἔπασχε,
1298 3100 1389 3153 καὶ
1412 3099 1618 3168 πάσχον
1661 3115 1759 3152 πα-

1931 2272 2038 2330 Sed
2079 2273 2207 2344 quia
2257 2273 2448 2328 dicunt
2489 2271 2639 2344 quod
2689 2272 2936 2344 nequitia
2979 2271 3158 2328 adhuc
3210 2288 3433 2346 progre-

1862 2365 2039 2430 diens,
2073 2380 2135 2419 ac
2167 2380 2226 2420 se
2255 2364 2428 2434 ipsam
2454 2365 2742 2420 intendens
2773 2381 2837 2420 ac
2865 2366 3131 2421 roborans
3160 2375 3213 2420 et
3241 2367 3434 2421 lumini

1862 2456 2326 2526 appropinquans,
2360 2456 2542 2526 rapuit
2574 2472 2640 2512 ex
2665 2471 2731 2511 eo
2778 2450 2844 2511 et
2865 2457 3185 2525 absorbuit;
3219 2473 3318 2528 age
3358 2459 3434 2514 le-

1861 2548 2132 2616 gatiouem
2166 2564 2326 2618 quam
2378 2563 2477 2618 pro
2507 2547 2726 2604 diabolo
2755 2557 2948 2604 contra
2981 2552 3262 2605 veritatem
3311 2567 3434 2606 sus-

1861 2643 2157 2706 ceperunt,
2219 2637 2520 2692 dissolvere
2595 2653 2665 2693 ne
2713 2638 3059 2710 del'ugiamus
3105 2658 3116 2692 :
3166 2639 3434 2693 extollunt

1861 2733 2006 2788 enim
2047 2732 2135 2788 his
2178 2734 2360 2789 verbis
2401 2734 2638 2800 malum,
2672 2742 2970 2789 extenuant
3013 2743 3193 2790 autem
3235 2736 3435 2791 verita-

1863 2825 1994 2883 tem,
2038 2826 2091 2874 et
2125 2835 2322 2875 nervos
2367 2821 2619 2875 tribuunt
2652 2823 2943 2892 nequitia};
2972 2823 3258 2879 veritatem
3305 2840 3436 2880 vero

1861 2911 1980 2966 sine
2015 2913 2199 2968 nervis
2230 2923 2461 2983 ponunt.
2498 2914 2708 2970 Etenim
2757 2916 2802 2970 si
2832 2915 3074 2984 nequitia
3117 2916 3320 2986 rapuit,
3351 2917 3437 2971 lu-

1861 3019 1986 3060 men
2014 3021 2144 3061 vero
2182 3016 2396 3077 raptum
2434 3015 2542 3073 est,
2591 3008 2811 3078 etquod
2841 3008 3245 3064 dominaturum
3294 3018 3432 3073 erat,

1863 3094 2104 3163 patitur;
2137 3104 2192 3151 et
2221 3098 2364 3166 quod
2391 3099 2616 3167 patitur,
2655 3099 2875 3168 patibile
2913 3108 3026 3166 est;
3061 3101 3302 3171 patibilis
3333 3102 3427 3172 igi-

191 3190 348 3262 θητὸν
391 3189 487 3263 ἦν·
547 3191 783 3264 παθητὸς
837 3193 934 3264 μὲν
966 3192 1086 3245 κατ’
1114 3193 1311 3255 αὐτοὺς
1367 3193 1395 3244 6
1431 3189 1581 3254 Θεὸς,
1621 3191 1797 3253 ἀπα-‹

1871 3196 1954 3241 tur
1984 3189 2224 3258 ipsorum
2249 3189 2504 3259 opinione
2537 3190 2679 3246 Deus
2697 3199 2780 3247 est
2801 3211 2814 3246 :
2838 3191 3068 3247 Satanas
3093 3209 3222 3249 vero
3241 3209 3435 3263 expers

193 3283 286 3354 θὴς
316 3283 379 3337 δὲ
413 3285 442 3336 ό
475 3284 750 3347 Σατανᾶς·
792 3285 820 3337 6
869 3284 966 3355 μὲν
1010 3284 1304 3354 δυνάμενος
1365 3282 1582 3347 παθεῖν,
1627 3284 1655 3336 6
1703 3280 1760 3334 δέ

191 3374 482 3446 δυνάμενος
502 3376 718 3448 δρᾶσαι.
736 3375 842 3429 Τοῦ
865 3375 973 3448 γὰρ
1004 3376 1179 3446 φωτὸς
1202 3375 1352 3438 ὄντος
1379 3372 1645 3445 παθητοῦ,
1671 3373 1763 3426 καὶ

191 3465 347 3532 αὐτὸς
379 3469 444 3521 ἂν
473 3469 557 3538 εἴη
591 3468 847 3537 παθητὸς,
883 3469 980 3538 οὐχ
1013 3468 1198 3540 ’ἑτερος
1229 3465 1304 3520 ὢν
1343 3467 1492 3537 παρὰ
1521 3466 1582 3518 τὸ
1613 3465 1757 3534 φῶς·

193 3561 298 3628 εἴγε
321 3559 558 3630 ⁴ἱ·,δι›νὴθη
587 3559 796 3622 παθεῖν,
827 3560 918 3612 καὶ
959 3559 1151 3612 παθεῖν
1185 3556 1258 3629 μὴ
1283 3558 1374 3626 ἀφ’
1400 3555 1614 3620 ἑαυτοῦ,
1645 3553 1759 3608 ἀλλ’

193 3653 291 3706 ὑπὸ
320 3653 414 3706 τοῦ
439 3653 695 3723 πολεμίου
728 3654 820 3707 καὶ
849 3652 1183 3724 μαχομένου·
1218 3651 1311 3704 καὶ
1338 3648 1636 3719 ἀποστῆναι
1663 3647 1760 3718 μὲν

193 3743 404 3811 ἑαυτοῦ,
434 3745 684 3813 γενέσθαι
715 3745 769 3798 δὲ
800 3745 935 3817 πρὸς
961 3743 1038 3814 τῷ
1059 3743 1284 3814 χείρονι·
1311 3741 1428 3804 πῶς
1458 3741 1513 3793 δὲ
1539 3739 1759 3794 καὶτῶν

195 3838 334 3892 ἰδίων
365 3836 713 3909 κεχώρισται,
736 3839 763 3890 6
789 3836 885 3907 τὴν
901 3835 1160 3907 ἐνωτικὴν
1188 3834 1348 3904 φύσιν
1372 3833 1539 3904 ἐχων;
1565 3831 1631 3886 τὰ
1651 3831 1759 3903 γὰρ

192 3931 328 3984 κατὰ
357 3932 516 4000 φύσιν
540 3930 820 3998 πεφυκότα
843 3929 1165 4000 χωρίζεσθαι
1187 3927 1392 3980 ἐαυτῶν
1419 3927 1479 3978 ού
1499 3927 1756 3994 πέφυκεν.

191 4022 250 4073 Εἰ
281 4021 339 4074 δὲ
363 4021 653 4090 ἀγέννητον
681 4015 748 4090 ἦν
788 4019 848 4072 τὸ
886 4019 1000 4088 φῶς
1028 4019 1122 4072 καὶ
1156 4020 1330 4090 ἥνωτο
1355 4016 1432 4088 τῷ
1461 4017 1756 4087 ἁγεννήτῳ,

192 4113 303 4178 πῶς
333 4131 462 4166 ποτε
503 4112 832 4184 χωρισθῆναι
865 4111 1176 4182 δεδύνηται·
1214 4111 1328 4174 πῶς
1354 4111 1410 4165 δὲ
1443 4109 1759 4178 ἀπαλλαγῆ-

189 4224 273 4260 ναι
306 4205 522 4271 ἑαυτοῦ,
552 4207 646 4258 καὶ
682 4204 934 4274 γενέσθαι
967 4204 1152 4276 ἓτερον
1182 4206 1308 4275 παρ’
1339 4202 1532 4267 ἑαυτάς
1567 4203 1614 4254 εἰ
1651 4201 1758 4270 γὰρ

190 4299 497 4370 ὑπηρέτησε
531 4297 772 4368 πονηρῷ,
813 4296 908 4350 καὶ
943 4295 1295 4366 βεϐιασμένον
1323 4295 1428 4348 ὑπὸ
1465 4295 1564 4362 τῆς
1593 4309 1758 4361 πονη-

192 4392 328 4460 ρίας,
361 4391 545 4444 λοιπὸν
589 4390 659 4442 τὰ
715 4389 976 4459 πονηρίας
1026 4389 1226 4458 ᾑρεῖτο,
1262 4386 1355 4439 καὶ
1410 4385 1647 4453 ἔπραττε
1691 4381 1760 4434 τὰ

189 4483 480 4554 πονηρίας·
527 4481 623 4534 καὶ
667 4481 851 4551 ἠγνόει
891 4480 989 4550 μὲν
1039 4478 1220 4540 ἑαυτὸ,
1252 4478 1344 4530 καὶ
1378 4475 1562 4528 οὐκέτι
1598 4470 1758 4525 ἐαυτὸ

187 4545 504 4644 ἐγνώριζεν,
549 4572 662 4625 ἀλλ’
693 4545 990 4642 ἐνπιλῆσμον
1019 4568 1209 4623 ἐαυτοῦ
1242 4567 1509 4636 ἐγεγόνει·
1536 4562 1672 4634 ᾤετο
1697 4561 1753 4614 δὲ
1787 4545 1830 4598 D

187 4667 342 4719 ἑαυτὸ
365 4664 602 4719 τοιοῦτον
633 4660 770 4718 εἶναι
793 4660 902 4717 οἷόν
926 4664 1040 4716 ἐστι
1075 4661 1168 4714 καὶ⁴
1198 4660 1259 4713 τὸ
1284 4659 1517 4731 πονηρόν
1536 4677 1549 4689 ·
1589 4657 1754 4728 μαχό-

189 4776 342 4826 μενος
399 4760 696 4828 φανήσεται
740 4759 768 4810 ὁ
810 4755 992 4823 λόγος·
1044 4754 1104 4807 τὸ
1149 4753 1257 4824 γὰρ
1295 4752 1585 4822 ἀγέννητον
1631 4747 1752 4802 οὔτε

185 4853 342 4905 ἑαυτὸ
392 4853 592 4920 ἀγνοεῖ,
642 4850 764 4903 οὔτε
807 4849 959 4902 ἔσται
991 4847 1174 4920 ἕτερον
1219 4847 1346 4916 παρ’
1381 4844 1577 4897 ἑαυτό·
1619 4839 1753 4894 ἀλλὰ

183 4943 418 4996 τοιοῦτον
469 4944 733 5013 διαμένει,
781 4938 892 4995 οἷον
935 4937 1034 5013 ἦν·
1098 4942 1190 4994 καὶ
1251 4937 1505 4991 οὐδέποτε
1560 4932 1749 4987 ἑαυτοῦ

184 5035 641 5107 ἀπαλλαγήσεται,
672 5035 926 5088 οὐδέποτε
954 5034 1044 5086 τοῦ
1076 5030 1213 5086 εἶναι
1247 5030 1571 5103 ἀρξάμενον.

1865 3289 2074 3333 natura:
2107 3281 2382 3348 patibilis;
2419 3281 2509 3336 ille
2535 3283 2753 3352 quidem
2783 3284 2925 3339 male
2947 3284 3083 3338 alliCi
3118 3293 3318 3354 potest,
3344 3286 3434 3340 hic

1863 3387 1994 3427 vero
2033 3374 2174 3428 male
2207 3371 2440 3428 allicere.
2478 3372 2537 3428 Si
2575 3376 2720 3430 enim
2760 3376 2942 3430 lumen
2986 3377 3209 3446 patibile
3237 3384 3343 3442 est,
3381 3387 3434 3432 et

1864 3465 1980 3534 ipse
2025 3463 2170 3520 Deus
2214 3473 2299 3520 est
2331 3465 2593 3535 patibilis,
2624 3482 2748 3520 cum
2795 3485 2903 3522 non
2954 3469 3026 3522 sit
3059 3469 3207 3523 aliud
3240 3478 3436 3539 praeter

1862 3555 2065 3609 lumen.
2095 3553 2253 3620 Quod
2283 3555 2330 3609 si
2365 3557 2541 3624 potuit
2567 3555 2709 3609 male
2738 3554 2899 3623 allici,
2924 3563 2979 3609 et
3008 3570 3116 3609 non
3149 3571 3180 3610 a
3212 3571 3271 3612 se
3293 3556 3434 3610 male

1862 3645 2021 3708 allici,
2053 3647 2146 3701 sed
2171 3647 2238 3701 ab
2270 3647 2427 3700 hoste
2457 3652 2511 3700 et
2542 3658 2840 3715 pugnante,
2873 3653 2927 3700 et
2949 3646 3182 3701 deiicere
3211 3661 3242 3700 a
3265 3662 3344 3714 se,
3367 3655 3423 3703 et

1859 3753 1983 3792 esse
2035 3736 2179 3807 apud
2211 3737 2494 3792 deterius:
2525 3737 2801 3806 quomodo
2843 3751 2873 3790 a
2915 3738 3150 3807 propriis
3198 3754 3422 3808 separa-

1861 3837 1974 3882 tum
2017 3837 2121 3888 est.
2161 3828 2306 3898 quod
2352 3836 2602 3882 naturam
2646 3828 2806 3882 habet
2850 3830 3276 3898 capulatricem?
3303 3846 3424 3901 quae

1860 3921 2005 3976 enim
2036 3919 2337 3975 secundum
2389 3926 2642 3974 naturam
2679 3929 2804 3991 apta
2849 3928 2979 3974 nata
3022 3928 3168 3986 sunt,
3204 3930 3262 3976 ut
3304 3940 3335 3978 a
3371 3941 3432 3979 se

1861 4013 1996 4084 ipsis
2027 4019 2368 4082 separentur,
2405 4027 2513 4067 non
2550 4012 2740 4066 insunt
2775 4019 2987 4066 natura.
3039 4013 3094 4067 Si
3141 4023 3318 4069 autem
3350 4017 3436 4068 iu-

1859 4105 2098 4177 geuitum
2129 4113 2245 4159 erat
2273 4105 2477 4167 lumen,
2526 4111 2581 4159 et
2621 4113 2739 4158 erat
2769 4120 2891 4159 cum
2926 4105 3172 4176 ingenito
3209 4109 3434 4177 copula-

1859 4206 1996 4262 tum,
2032 4197 2306 4267 quomodo
2347 4211 2588 4265 unquam
2625 4197 2870 4266 separari
2915 4199 3129 4268 potuit?
3157 4201 3432 4270 quomodo

1860 4303 1890 4342 a
1915 4304 1973 4344 se
1997 4288 2203 4354 divelli,
2239 4297 2292 4342 et
2326 4287 2441 4342 ﬁeri
2473 4286 2621 4340 aliud
2647 4302 2810 4357 quam
2847 4289 3000 4342 erat?
3035 4287 3093 4344 Si
3133 4292 3279 4346 enim
3329 4291 3433 4346 mi-
3477 4303 3480 4305 ‘

1858 4381 2114 4436 nistravit
2155 4381 2318 4441 malo,
2365 4381 2529 4450 idque
2578 4397 2674 4450 per
2704 4381 2811 4436 vim
2861 4396 2891 4434 a
2923 4383 3168 4450 nequitia
3201 4384 3429 4446 illatam,

1860 4469 2118 4540 deinceps
2155 4470 2454 4540 nequitiam
2487 4471 2739 4540 eligebat,
2775 4478 2828 4526 et
2858 4487 2979 4542 qua:
3011 4481 3140 4526 sunt
3171 4489 3426 4543 nequam,

1861 4561 2239 4632 perpetrabat;
2277 4569 2330 4616 et
2362 4561 2647 4631 ignorabat
2689 4577 2768 4625 se,
2812 4576 2914 4615 nec
2958 4576 3016 4616 se
3043 4561 3157 4630 jam
3197 4565 3430 4633 amplius

1859 4653 2212 4723 agnoscebat,
2249 4653 2342 4708 sed
2391 4653 2477 4708 sui
2514 4651 2697 4722 potius
2743 4651 2974 4706 oblitum
3017 4659 3169 4718 erat;
3209 4654 3431 4722 putabat

1859 4744 2004 4798 enim
2037 4759 2095 4797 se
2126 4744 2232 4797 tale
2264 4758 2408 4807 esse,
2441 4743 2601 4812 quale
2624 4748 2707 4796 est
2737 4742 2962 4799 malum.
2993 4742 3050 4795 Si
3076 4743 3148 4794 ita
3172 4751 3311 4808 erat,
3330 4758 3430 4814 ap-

1860 4836 2127 4906 parebunt
2173 4835 2287 4888 haec
2321 4836 2699 4904 repugnantia.
2747 4832 2902 4900 Quod
2938 4836 3083 4888 enim
3129 4834 3426 4904 ingenitum

1859 4935 1964 4990 est,
1997 4942 2173 4995 neque
2215 4942 2275 4980 se
2313 4926 2544 4994 ignorat,
2581 4941 2680 4980 nec
2720 4925 2865 4980 aliud
2903 4927 3027 4989 erit,
3063 4935 3423 4996 praeterquam

1859 5027 1963 5084 est,
2012 5018 2107 5073 sed
2151 5018 2332 5087 potius
2381 5017 2489 5072 tale
2529 5026 2860 5087 perseverat,
2915 5020 3075 5090 quale
3120 5027 3269 5086 erat;
3322 5034 3424 5076 nec

185 5143 420 5198 unquam
452 5145 480 5181 a
510 5143 568 5182 se
596 5127 832 5197 disjungi
870 5128 1066 5198 potuit,
1093 5125 1239 5196 quod
1269 5136 1550 5194 nunquam
1579 5116 1745 5186 erepit
1773 5125 1913 5168 esse.

264 5224 400 5276 Ἀλλ’
434 5223 621 5294 ἐπειδὴ
655 5223 874 5294 γραώδη
909 5223 1001 5276 καὶ
1027 5221 1240 5292 μυθώδη
1258 5216 1750 5289 φθέγγονται,οὕτε

182 5313 210 5366 6
239 5314 482 5384 λέγουσιν
528 5315 752 5378 εἰδότες,
787 5313 900 5367 ἀλλ’
938 5315 1030 5383 ἀφ’
1076 5307 1150 5366 ὧν
1183 5312 1431 5382 λέγοντες
1472 5309 1753 5365 δυσωπού⁹

188 5422 356 5474 μενοι,
391 5409 484 5460 καὶ
515 5405 674 5460 τοῦτο
708 5404 1118 5477 προγράψωμεν
1142 5403 1220 5474 τῷ
1249 5405 1412 5475 λόγῳ·
1437 5404 1500 5456 Et
1521 5402 1752 5472 ἠδύνατο

183 5499 240 5552 τὸ
278 5500 391 5568 φῶς
419 5499 773 5571 ἀμειφθῆναι,
815 5499 908 5552 καὶ
938 5498 1124 5570 ἕτερον
1154 5497 1458 5569 παρ’ἐαυτὸ
1480 5495 1750 5566 γενέσθαι,

253 5653 289 5684 ¹¹
319 5651 462 5708 Psal.
505 5669 650 5715 cxxr,
681 5651 737 5705 2.
817 5653 859 5682 ¹¹
886 5649 1081 5720 Εριιοε.
1117 5666 1190 5712 v1,
1226 5650 1312 5708 M.
1392 5651 1434 5681 ³³
1467 5648 1635 5706 lCor.
1673 5669 1724 5713 ι,
1760 5653 1846 5705 1‘2.

499 5750 770 5808 Ρηιιοι.
813 5746 930 5807 (in.
981 5739 1210 5804 XVlll.

1932 5225 2154 5292 Verum,
2183 5229 2308 5298 quia
2349 5229 2514 5284 anilia
2565 5237 2619 5285 et
2670 5231 3043 5286 commentitia
3090 5232 3426 5303 loquuntur,

1859 5334 1969 5374 non
2005 5319 2364 5390 intelligentes
2404 5337 2526 5392 quae
2555 5322 2765 5389 dicunt,
2794 5323 2889 5378 sed
2931 5339 2999 5379 ex
3043 5324 3110 5379 iis
3141 5325 3276 5394 ipsis
3305 5341 3425 5396 quae

1858 5408 2069 5472 dicunt,
2094 5411 2283 5465 revicti
2316 5419 2370 5465 et
2404 5427 2464 5467 se
2507 5414 2915 5479 erubescentes,
2946 5415 3049 5469 hoc
3079 5415 3242 5472 etiam
3274 5419 3340 5472 ad
3363 5434 3426 5474 ea

1857 5516 1976 5557 uuae
2019 5499 2163 5555 ducta
2203 5508 2350 5568 sunt,
2382 5501 2646 5559 addamus
2678 5520 2690 5555 :
2719 5502 2774 5559 Si
2801 5513 3014 5575 poterat
3053 5505 3235 5564 lumen
3274 5522 3430 5565 com-

3031 5758 3109 5820 36
