3782 6166
430 274 563 332 “Si

1552 262 1561 291 -'
1586 259 1720 316 TITI
1756 255 2179 314 BOSTRENSIS
2216 253 2520 311 EPISCOPI

3530 248 3662 304 HS!

428 394 652 461 mutari,
696 403 750 450 et
795 395 942 451 aliud
975 388 1336 466 ρὶὃὶιειὶιίιαιῐι
1382 392 1501 445 erat
1543 386 1723 457 ipsum
1756 382 1895 447 ﬁeri,
1939 390 2021 447 et

2102 379 2190 432 καὶ
2220 378 2474 447 γενέσθαι
2521 377 2656 450 πρὸς
2687 379 2752 449 τῇ
2780 392 3032 448 πονηρια,
3060 387 3155 430 και
3186 371 3379 427 εαυτοῦ
3414 370 3516 441 μὲν
3544 372 3660 423 ἔπι-

430 503 555 544 esse
602 486 745 558 apud
794 489 1092 558 nequitiam
1139 500 1204 541 ac
1255 483 1341 540 sui
1385 480 1676 545 oblivisci,
1703 487 1783 534 'et
1815 476 1992 532 facere

432 593 769 650 quacunque
788 580 1037 649 nequitia
1064 576 1227 642 facit;
1258 573 1436 645 potuit
1465 572 1571 627 hoc
1599 569 1815 627 evenire
1842 569 1993 640 prin-

432 672 647 743 cipibus
687 673 960 744 nequitiae,
989 678 1047 727 ut
1071 670 1245 741 magis
1272 667 1547 738 potuerint
1578 662 1776 718 mutari
1804 666 1859 716 in
1891 662 1989 716 ho-

433 781 583 821 num.
630 766 686 819 Si
734 773 914 820 autem
969 763 1195 817 mutatio
1234 761 1351 816 tieri
1399 758 1578 829 potuit
1631 766 1687 812 et
1737 754 1989 816 variatio,

431 852 708 919 quomodo
735 866 844 905 non
875 851 1068 905 melius
1099 856 1217 905 erat
1250 864 1317 903 ex
1346 847 1479 901 vitio
1508 847 1563 900 in
1588 845 1841 899 virtutem
1872 859 1991 897 mu-

432 942 557 1004 tari,
584 957 747 1011 quam
790 957 856 998 ex
888 942 1090 997 virtute
1123 942 1180 996 in
1211 939 1442 994 vitium?
1476 938 1759 1004 Quomodo
1798 952 1990 1007 passus

431 1038 515 1086 est
556 1029 722 1093 Deus,
773 1039 828 1085 et
857 1031 1107 1101 permisit
1137 1025 1255 1101 rapi
1292 1029 1511 1084 lumen?
1552 1026 1834 1095 Quomodo
1879 1042 1989 1081 non

431 1118 709 1188 prohibuit
753 1120 1207 1190 aggressionem?
1252 1117 1536 1185 Quomodo
1594 1132 1704 1172 non
1754 1117 1990 1172 servavit

430 1211 567 1265 sua?
593 1209 878 1277 Quomodo
894 1217 1184 1281 postquam
1212 1210 1391 1264 ablata
1421 1216 1570 1272 sunt,
1598 1208 1772 1263 noluit
1798 1223 1988 1263 eorum

429 1300 823 1370 providentiam
865 1307 918 1356 et
950 1300 1388 1369 procurationem
1435 1299 1673 1355 habere?
1709 1297 1989 1365 Quomodo

428 1410 537 1449 non
565 1393 718 1465 prius
750 1393 1011 1463 impetum
1041 1400 1095 1447 et
1121 1403 1377 1447 conatum
1407 1391 1685 1446 coercuit?
1707 1390 1988 1456 Quomodo

430 1498 535 1537 non
569 1484 740 1553 magis
772 1483 1008 1539 servavit
1037 1498 1105 1538 ne
1130 1488 1477 1553 caperentur,
1505 1481 1598 1535 sed
1629 1482 1811 1551 potius
1831 1487 1986 1550 capta

427 1573 713 1643 etdirepta
744 1573 949 1628 auxilio
986 1588 1100 1628 non
1137 1572 1462 1628 honoravit?
1503 1571 1561 1626 Si
1596 1571 1719 1627 ideo
1751 1571 1898 1635 fecit,
1930 1578 1999 1625 ut.

429 1664 610 1717 lumen
661 1677 786 1717 cum
835 1663 890 1717 in
940 1662 1099 1719 malis
1137 1669 1304 1727 esset,
1344 1662 1488 1717 mala
1534 1668 1787 1728 mutaret,
1828 1660 1984 1730 quasi

2094 468 2372 535 λαθέσθαι,
2400 470 2620 539 ποιῆσαι
2653 468 2710 522 δὲ
2744 469 2845 522 ὅσα
2872 468 2906 538 ή
2929 466 3161 538 πονηρία
3203 465 3376 517 ποιεῖ·
3404 461 3661 531 ἠδύναντο

2094 564 2189 618 καὶ
2206 564 2253 615 οἱ
2268 562 2366 632 τῆς
2382 561 2642 633 πονηρίας
2663 561 2920 633 ἄρχοντες
2935 558 3091 611 τοῦτο
3107 555 3321 620 παθεῖν,
3339 554 3439 608 καὶ
3463 552 3658 624 palm

2093 652 2621 725 μεταϐάλλεσθαιὲπὶ
2632 652 2691 704 τὸ
2704 651 2863 704 καλόν
2882 691 2894 703 .
2911 648 3220 720 ’ἰσχυούσης
3233 647 3290 701 δὲ
3308 647 3410 715 τῆς
3430 644 3659 716 μεταϐο-

2090 745 2187 816 λῆς
2206 745 2297 797 καὶ
2308 744 2610 815 δυναμένης
2621 744 2717 813 τῆς
2734 742 3086 805 ἀλλοιώσεως,
3105 740 3220 803 πῶς
3234 740 3337 792 οὐκ
3354 739 3583 809 ἄμεινον
3599 730 3657 806 ἦν

2089 840 2202 901 τοῖς
2240 840 2427 901 κακοῖς
2474 838 2675 907 μᾶλλον
2703 837 2795 889 ἐπὶ
2820 836 2917 906 τὴν
2943 834 3145 905 ἀρετὴν
3183 830 3595 904 μεταϐληθῆναι
3626 828 3657 897 ἢ

2090 931 2211 993 τοῖς
2234 927 2415 990 καλοῖς
2460 928 2552 980 ἐπὶ
2585 925 2683 997 τὴν
2709 925 2905 979 κακίαν
2932 940 2947 989 ;
2976 924 3099 987 Πῶς
3127 923 3184 976 δὲ
3218 923 3311 975 καὶ
3336 920 3604 990 ἠνέσχετο
3634 919 3662 967 ὁ

2090 1021 2241 1085 Θεὸς,
2274 1020 2365 1072 καὶ
2392 1017 2660 1088 ληφθῆναι
2687 1017 2749 1069 τὸ
2781 1015 2894 1085 φῶς
2925 1012 3186 1084 ἐπέτρεψε
3209 1029 3223 1077 ;
3247 1012 3371 1074 Πῶς
3399 1011 3462 1064 οὐ
3483 1008 3659 1066 κεκώ-

2090 1113 2218 1166 λυκε
2266 1112 2364 1184 τὴν
2408 1112 2621 1182 ὁρμήν;
2669 1108 2795 1173 Πῶς
2835 1107 2902 1161 τὰ
2948 1106 3057 1159 ίδια
3091 1106 3191 1159 οὐκ
3232 1104 3506 1175 ἐτήρησε;
3542 1100 3663 1161 Πῶς

2087 1203 2167 1267 δὲ,
2200 1204 2337 1274 μετά
2376 1203 2438 1255 τὸ
2470 1200 2858 1273 ἀφαιρεθῆναι,
2903 1199 3155 1270 πρόνοιαν
3186 1197 3293 1249 τῶν
3332 1192 3664 1266 ἀφαιρεθέν·

2089 1312 2197 1348 των
2240 1292 2567 1365 ποιήσασθαι
2594 1292 2655 1346 οὐ
2691 1290 3042 1363 βεϐούληται;
3074 1289 3197 1353 Πῶς
3250 1288 3311 1340 οὐ
3372 1283 3664 1357 προλαϐὼν

2089 1384 2286 1455 ἐπέσχε
2339 1383 2435 1455 τὴν
2479 1383 2850 1454 ἐπιχείρησιν;
2891 1380 3014 1445 Πῶς
3064 1378 3260 1451 μᾶλλον
3299 1376 3561 1431 ἀνάλωτα
3604 1376 3661 1428 οὐ

2088 1478 2411 1548 τετήρηκεν,
2461 1475 2597 1529 ἀλλὰ
2642 1474 2835 1527 ἁλόντα
2885 1473 2977 1526 καί⁸
3023 1470 3294 1543 ληφθέντα
3346 1468 3579 1540 βοηθείᾳ
3604 1469 3661 1521 οὗ

2086 1568 2411 1639 τετίμηκεν;
2462 1566 2525 1619 El
2573 1565 2671 1636 μὲν
2709 1565 2888 1617 εῖασεν
2924 1563 3011 1614 ἵνα
3043 1560 3103 1614 τὸ
3141 1561 3256 1630 φῶς
3287 1559 3586 1629 γενόμενον
3610 1560 3664 1610 ὲν

2086 1662 2198 1722 τοῖς
2242 1661 2430 1721 κακοῖς
2458 1657 2737 1728 μεταϐάλῃ
2759 1657 2827 1711 τά
2861 1654 3024 1719 κακὰ,
3053 1654 3127 1717 ὡς
3157 1652 3468 1723 δυναμένων
3499 1667 3664 1722 μετα-

430 1752 624 1806 mutari
684 1759 911 1823 possent
956 1752 1099 1806 mala
1141 1770 1152 1804 :
1198 1766 1309 1805 non
1370 1750 1536 1822 igitur
1591 1750 1734 1804 mala
1790 1743 2021 1803 natura?

2102 1750 2377 1805 Βάλλεσθαι
2412 1750 2519 1803 τῶν
2564 1748 2770 1815 κακῶν,
2798 1749 2980 1802 οὐκέτι
3008 1747 3075 1800 τὰ
3100 1746 3243 1800 κακά
3276 1744 3482 1815 φυσικά
3506 1743 3665 1797 δυνά·

428 1844 570 1897 mala
605 1853 766 1912 sunt;
796 1859 917 1915 qua:
956 1859 1079 1899 cum
1111 1844 1310 1897 mutari
1337 1848 1589 1913 possunt,
1636 1841 1986 1911 sponsionem

427 1929 485 1984 in
515 1932 813 1988 mutatione
844 1933 960 2003 ipsa
986 1931 1283 2001 accipiunt,
1318 1947 1430 1986 non
1453 1946 1575 1987 esse
1596 1941 1791 1985 natura
1821 1931 1982 1985 mala.

501 2020 557 2075 Si
578 2029 757 2077 autem
790 2022 993 2077 sciebat
1026 2036 1135 2076 non
1163 2021 1384 2086 mutari,
1415 2036 1592 2091 neque
1632 2029 1826 2075 natura
1861 2029 1986 2090 apta

426 2127 551 2168 esse
614 2123 672 2169 ut
722 2115 1075 2170 mutationem
1130 2124 1387 2186 caperent
1460 2114 1734 2186 quomodo
1782 2113 1987 2168 frustra

428 2205 573 2272 sivit,
619 2215 678 2261 ut
712 2207 914 2262 bonum
942 2208 1215 2278 jacturam
1257 2206 1485 2271 faceret,
1531 2215 1585 2262 et
1620 2207 1830 2261 lucrum
1876 2221 1985 2261 non

426 2296 692 2352 tribueret
724 2298 907 2352 malo?
936 2298 1219 2365 Quomodo
1252 2299 1381 2355 sivit
1410 2300 1527 2369 ipsa
1560 2297 1703 2353 mala
1731 2313 1840 2352 non
1867 2314 1989 2353 mu-

425 2388 554 2454 tari,
586 2403 645 2445 se
672 2404 802 2444 vero
829 2398 883 2446 et
914 2405 1014 2446 sua
1036 2389 1177 2454 bona
1203 2397 1411 2445 mutata
1443 2390 1716 2461 neglexit?
1737 2389 1986 2444 Ahsurda
2021 2402 2026 2407 '

422 2490 508 2537 est
539 2480 684 2536 enim
720 2481 833 2537 hac
868 2482 1226 2553 praescriptio,
1273 2483 1453 2553 ipsum
1480 2498 1603 2539 esse
1649 2484 1983 2549 mutabilem,

423 2574 551 2642 quia
594 2588 693 2629 sua
740 2581 1052 2642 mutantur;
1106 2590 1217 2630 non
1270 2591 1394 2631 esse
1440 2583 1619 2630 autem
1669 2577 1987 2631 mutabilem

2090 1863 2227 1917 μενα
2276 1844 2727 1916 μεταϐάλλεσθαι,
2754 1844 2864 1899 ἀπὸ
2894 1844 3001 1896 τῶν
3030 1842 3217 1896 κακῶν
3262 1842 3522 1912 ἐνέχυρον
3568 1838 3663 1909 τὴν

2091 1938 2390 2010 μεταϐολὴν
2420 1938 2563 1992 κατά
2588 1941 2686 2009 τῆς
2716 1938 2930 2008 φύσεως
2952 1935 3232 2006 λαμϐάνει.

2157 2030 2219 2083 El
2251 2029 2307 2083 δὲ
2334 2030 2619 2099 ⁴ἠπίστατο,
2650 2029 2730 2082 ὅτι
2770 2029 2829 2082 οὐ
2881 2027 3257 2099 μετεϐάλλετο,
3308 2024 3402 2079 καὶ
3450 2025 3539 2076 ὅτι
3602 2023 3663 2074 οὐ

2089 2120 2330 2189 πέφυκεν
2368 2116 2740 2173 ἀλλοιοῦσθαι·
2787 2118 2901 2182 πῶς
2934 2120 3109 2190 μάτην
3145 2118 3292 2171 εἴασε
3329 2114 3539 2185 ζημίαν
3566 2113 3663 2184 μὲν

2086 2211 2372 2281 ὑπομεῖναι
2425 2211 2487 2264 τὸ
2534 2210 2717 2277 καλὸν,
2768 2211 2959 2281 κέρδος
3015 2211 3073 2263 δὲ
3128 2209 3202 2281 μὴ
3246 2210 3546 2276 ἀπονεῖμαι
3588 2204 3663 2276 τῷ

2087 2303 2275 2373 κακῴ;
2306 2304 2430 2368 Πῶς
2461 2305 2518 2358 δὲ
2546 2304 2684 2358 αὐτά
2717 2306 2816 2376 μὲν
2853 2304 2922 2358 τὰ
2957 2304 3099 2358 κακά
3128 2302 3473 2358 ἀλλοιοῦσθαι
3496 2296 3661 2359 οἶδε..

2086 2395 2277 2449 ἑαυτὸν
2322 2397 2378 2450 δὲ
2408 2399 2500 2450 καί⁵
2535 2397 2603 2452 τὰ
2633 2396 2824 2450 ἑαυτοῦ
2864 2396 3006 2451 καλά
3051 2396 3407 2465 ἀλλοιούμενα
3466 2394 3663 2464 παρεῖ-

2084 2485 2208 2552 δεν;
2236 2488 2470 2559 Ἂτοπος
2491 2488 2598 2559 γὰρ
2623 2489 2747 2559 ὅρος
2771 2481 2945 2553 οὗτος,
2968 2487 3126 2541 αὐτὸν
3151 2488 3247 2559 μὲν
3271 2482 3416 2540 εἶναι
3446 2485 3661 2539 ἀλλοιω-

2084 2578 2197 2645 τὸν,
2244 2558 2331 2632 διὰ
2377 2579 2439 2632 τὸ
2488 2558 2829 2635 ἀλλοιοῦσθαι
2857 2582 2925 2635 τὰ
2963 2558 3175 2646 ἑαυτοῦ,
3203 2578 3275 2650 μὴ
3314 2574 3455 2632 εἶναι
3485 2577 3545 2630 δὲ
3570 2578 3661 2631 ἀλ·

422 2664 728 2718 materiam.
756 2665 933 2734 Atque
971 2665 1073 2719 hoc
1106 2664 1326 2734 quidem
1373 2665 1454 2720 sic
1483 2665 1885 2735 redarguimus,
1927 2672 1987 2720 ut

424 2755 696 2824 prolixum
723 2769 1029 2809 sermonem
1057 2755 1466 2819 contrahamus,
1503 2755 1720 2810 silentio
1754 2765 1979 2825 praeter-

2084 2668 2404 2739 λοιουμένην
2433 2671 2531 2742 τὴν
2558 2670 2711 2742 ὕλην.
2744 2674 2851 2726 Καὶ
2868 2673 3057 2725 τούτου
3085 2672 3181 2742 μὲν
3204 2670 3447 2733 τοιοῦτος
3471 2670 3501 2721 ό
3519 2668 3659 2736 ελεγ-

2085 2776 2196 2830 χος,
2227 2761 2314 2813 ἴνα
2342 2761 2541 2834 πολλὴν
2575 2764 2939 2833 συστείλωμεν
2969 2763 3200 2833 ὁμιλίαν,
3240 2761 3341 2825 τὰς
3388 2761 3655 2831 προϐολὰς

426 2852 621 2899 euntes
658 2845 752 2899 illa
791 2845 1160 2915 integumenta
1206 2861 1328 2915 quae
1363 2846 1686 2911 obtendunt,
1738 2846 1861 2902 illas
1900 2862 1986 2903 re-

2102 2852 2282 2915 ιὺτῶν,
2306 2852 2405 2916 τὰς
2435 2854 2633 2923 μάχας,
2649 2854 2746 2918 τὰς
2772 2854 3089 2925 μυθοποιίας
3114 2852 3332 2915 ὲκείνας
3362 2852 3461 2905 καὶ
3475 2868 3657 2919 γιγαν-

423 2932 756 3002 pUgnantias
786 2941 840 2988 et
868 2931 1079 2990 tabulas
1110 2945 1164 2989 et
1189 2949 1400 3006 pugnas
1438 2936 1749 3006 gigantum;
1775 2944 1835 2990 ut
1864 2952 1985 3007 quae

2102 2943 2350 3014 τομαχίας
2379 2944 2717 3009 σιωπῶντες·
2754 2946 2839 2999 ἵνα
2881 2946 2975 2999 καὶ
3006 2946 3072 2998 τὰ
3103 2944 3369 3016 εἰρημένα
3400 2944 3532 3014 περὶ
3564 2942 3655 3011 τῆς

423 3021 493 3076 de
533 3022 802 3093 principio
848 3038 1034 3079 rerum
1085 3025 1231 3080 dicta
1292 3034 1442 3091 sunt,
1490 3027 1665 3103 instar
1695 3028 1981 3098 cujusdam
2008 3088 2021 3115 Α

2102 3033 2256 3104 ίρχῆς
2286 3034 2395 3087 τῶν
2426 3037 2789 3107 πραγμάτων,
2843 3035 2996 3115 δίκην
3023 3037 3276 3108 ἀφορμῆς
3314 3052 3468 3099 τινος
3514 3037 3654 3106 eim-

424 3112 655 3169 subsidii
684 3114 829 3169 dicta
873 3116 1005 3185 sint,
1044 3116 1454 3189 habeanturque
1495 3126 1753 3189 tanquam
1791 3135 1980 3176 semen
2008 3112 2021 3139 '

2102 3123 2223 3177 ιένα
2268 3124 2530 3199 τυγχάνῃ,
2566 3128 2661 3180 καὶ
2689 3127 2908 3200 σπέρμα
2953 3112 3062 3180 τῶν
3093 3126 3374 3200 ζητήσεων
3413 3127 3651 3199 ὑπάρχῃ·

424 3207 806 3274 quaestionum.

422 3359 3619 3392 Μ

1515 3544 1871 3632 LIBER
1943 3544 2593 3637 SECUNDUS.

1258 3849 1386 3907 Cn.
1428 3848 1467 3903 l.
1501 3847 1700 3919 Scopas
1730 3852 2055 3907 auctoribus.
2097 3849 2253 3905 Nihil
2284 3851 2414 3905 mali
2455 3858 2689 3905 creatum
2718 3860 2815 3907 est.

493 3977 652 4044 Ducit
695 3989 806 4059 jam
848 4004 948 4045 nos
989 3988 1246 4060 deinceps
1291 3991 1431 4045 ratio
1475 3990 1865 4061 disputationis
1914 3993 1982 4046 ad

2160 3997 2315 4064 Ἀγει
2346 3993 2411 4065 δὴ
2440 3993 2622 4047 λοιπὸν
2665 3993 2811 4064 ἡμᾶς
2848 3993 2878 4046 ό
2928 3991 3084 4060 λόγος
3122 3991 3215 4044 ἐπὶ
3241 3991 3341 4063 τὴν
3370 3993 3501 4064 περὶ
3521 3984 3646 4046 Θεῶ

421 4079 801 4136 disserendum
841 4080 986 4135 serio
1019 4078 1087 4135 de
1118 4079 1248 4136 Deo.
1288 4079 1565 4137 Fortassis
1598 4085 1743 4138 enim
1783 4084 1916 4137 nihil
1952 4100 1983 4138 a

2102 4083 2551 4151 τπουδαιολογίαν·
2585 4083 2801 4146 παιδιᾶς
2825 4082 2930 4156 γάρ
2963 4082 3093 4145 ῐσως
3125 4081 3375 4153 διέφερεν
3411 4083 3561 4136 οὐδὲν
3584 4081 3645 4134 τά

422 4171 554 4226 ludo
602 4169 893 4235 ditl‘erunt,
944 4184 1066 4240 quae
1108 4169 1379 4226 hactenus
1429 4170 1498 4225 ad
1550 4173 1983 4227 cont‘utationem

2102 4174 2223 4244 πρὸς
2250 4173 2554 4242 ἀνασκευὴν
2600 4171 2701 4242 τῆς
2743 4173 2949 4225 ἐκείνου
2999 4171 3325 4242 μυθολογίας
3369 4172 3641 4244 εἰρημένα.

421 4266 619 4321 fabulae
647 4265 793 4321 illius
825 4264 970 4319 dicta
1002 4272 1151 4321 sunt.
1176 4264 1253 4320 Ne
1277 4265 1441 4335 igitur
1465 4266 1636 4321 risum
1664 4282 1981 4332 moveamus

2102 4265 2203 4317 Ἰνα
2229 4261 2321 4318 οὖν
2356 4265 2429 4335 μὴ
2452 4266 2544 4317 καὶ
2571 4263 2779 4333 γέλωτα
2798 4265 3119 4336 ὁφλήσωμεν
3144 4263 3294 4335 παρά
3316 4268 3434 4329 τοῖς
3453 4265 3641 4335 ἐμφροτ

420 4362 779 4434 prudentibus
800 4401 815 4427 ,
844 4368 1208 4417 commentum
1234 4362 1389 4416 valde
1414 4361 1517 4417 sibi
1552 4377 1861 4433 repugnans
1891 4377 1982 4417 ac-
2015 4405 2021 4434 η

2102 4374 2162 4424 τι,
2195 4356 2415 4426 πλάσμα
2455 4356 2574 4409 λίαν
2604 4355 2904 4410 ἀσύστατον
2929 4355 3346 4428 περιεργότερον
3380 4354 3648 4420 ἐξετάζον-

420 4454 669 4510 curatius
697 4454 1039 4509 excutientes
1065 4471 1080 4519 ;
1112 4466 1231 4521 quae
1259 4459 1439 4506 autem
1477 4467 1508 4506 a
1541 4452 1836 4507 Maniclmo
1867 4469 1982 4507 ma-
2018 4446 2021 4457 ¹

2102 4466 2194 4512 τες,
2224 4451 2323 4503 ὅσα
2364 4448 2426 4519 δὴ
2467 4449 2690 4525 εὓρηται
2722 4447 3097 4520 μυστικώτερα
3127 4446 3204 4517 τῷ
3236 4446 3481 4501 Μάνεντι
3525 4446 3651 4517 (ἔστι

420 4545 501 4614 gis
535 4544 767 4616 mystica
796 4545 1015 4599 inventa
1045 4551 1205 4608 sunt,
1238 4556 1358 4611 qua:
1386 4550 1516 4598 sunt
1545 4543 1830 4613 complura
1854 4585 1868 4609 ,
1906 4544 1982 4599 si-

2102 4541 2142 4593 Ξὲ
2174 4540 2507 4611 πάμπολλα),
2539 4541 2697 4609 λόγου
2728 4539 2989 4612 μηδαμῶς
3005 4537 3372 4606 ἀξιώσαντες·
3402 4539 3511 4611 ἤδη
3544 4554 3650 4591 πει-

420 4636 590 4690 lentio
622 4641 1011 4705 praetereuntes
1037 4652 1051 4687 :
1087 4634 1465 4705 aggrediemur
1492 4634 1606 4703 jam
1624 4634 1824 4691 docere
1846 4678 1860 4701 ,
1881 4651 1981 4690 ne-

2102 4632 2367 4702 paodpeﬁa
2400 4632 2587 4697 δεῖξαι,
2618 4632 2693 4696 ὡς
2733 4632 2898 4686 κακία
2929 4632 3025 4701 μὲν
3066 4629 3301 4702 οὐδαμοῦ
3330 4630 3454 4684 κατ’
3476 4630 3652 4684 οὐσίαν

419 4724 649 4794 quitiam
679 4725 896 4795 quidem
920 4739 1260 4795 nequaquam
1291 4725 1589 4780 secundum
1618 4725 1979 4782 substantiam

2102 4725 2337 4795 Βπάρχει,
2385 4723 2497 4777 οὔθ’
2545 4724 2675 4796 ὕλης
2711 4725 2850 4795 ἀρχή
2892 4741 2976 4787 τις
3018 4724 3251 4794 ἄναρχος
3278 4722 3652 4777 ἀντιτέτακται

420 4818 684 4872 exsistere
705 4856 721 4880 ,
755 4832 931 4886 neque
956 4817 1199 4872 materiae
1228 4815 1557 4888 principium
1584 4816 1754 4871 ullum
1779 4818 1984 4887 princi-

2102 4815 2207 4886 Βεῷ
2223 4832 2237 4846 ·
2269 4817 2365 4887 μία
2392 4817 2447 4870 δὲ
2469 4816 2611 4888 ἀρχὴ
2632 4816 2738 4870 τῶν
2770 4817 2925 4878 ὅλων,
2963 4817 3056 4871 καὶ
3080 4812 3160 4878 εἷς
3181 4815 3314 4878 Θεὸς
3334 4817 3366 4868 ό
3392 4815 3467 4868 τά
3488 4814 3654 4868 πάντα

420 4909 511 4977 pio
543 4921 735 4962 carens
761 4905 873 4961 Deo
900 4906 1236 4961 contrarium
1278 4920 1424 4961 esse.
1470 4903 1650 4960 Unum
1689 4921 1820 4962 vero
1860 4921 1981 4963 esse

2102 4908 2511 4978 ἴημιουργήσας,
2534 4908 2674 4962 καλά
2700 4925 2758 4961 τε
2794 4908 2885 4961 καὶ
2913 4907 3012 4979 τῆς
3038 4905 3202 4960 αὐτοῦ
3262 4905 3465 4975 σοφίας
3515 4904 3653 4972 ἀξια.

423 5000 748 5070 principium
788 5000 1032 5053 omnium
1053 5038 1068 5064 ,
1107 5005 1161 5053 et
1202 5013 1371 5052 unum
1414 4995 1583 5053 Deum
1605 5038 1620 5064 ,
1661 4999 1753 5068 qui
1793 4998 1977 5054 omnia
2003 4999 2209 5053 creavit
2240 4999 2380 5053 bona
2410 5005 2465 5054 et
2495 4998 2682 5068 {ipsius
2711 4997 2977 5067 sapientia
3005 4996 3191 5067 digna.

2015 4405 2059 4458 D

491 5114 773 5169 Manichaai
817 5113 961 5168 enim
990 5152 1005 5178 ,
1056 5119 1343 5183 postquam
1391 5113 1448 5166 in
1494 5111 1865 5182 disputatione
1909 5112 1977 5169 de

2156 5114 2266 5168 Kal.
2302 5113 2408 5185 γὰρ
2454 5114 2518 5186 δὴ
2557 5114 2606 5167 οἱ
2636 5113 2695 5179 ἐξ
2734 5113 2964 5176 ἐκείνου,
2988 5111 3205 5166 ἐπειδὰν
3228 5113 3361 5184 περὶ⁸
3389 5111 3506 5166 τῶν
3534 5114 3655 5169 ὰσυ-

421 5207 707 5277 principiis
758 5204 993 5260 convicti
1051 5211 1214 5267 sunt,
1267 5204 1336 5259 ad
1397 5203 1538 5258 hanc
1580 5204 1980 5259 dubitationem

2102 5208 2294 5261 ττάτων
2322 5205 2504 5278 ἀρχῶν
2533 5208 2592 5259 ὲν
2606 5204 2748 5277 λόγῳ
2761 5204 3161 5275 διελεγχθῶσιν,
3190 5204 3283 5258 ἐπὶ
3305 5204 3520 5275 ταύτην
3542 5221 3654 5259 κατ-

424 5305 682 5367 tanquam
735 5292 1004 5349 dimcilem
1033 5292 1101 5348 ad
1129 5292 1477 5348 enodandnm
1525 5302 1580 5349 et
1623 5295 1821 5350 multas
1863 5302 1984 5350 ten-

2102 5298 2305 5366 ὶγονται
2348 5298 2446 5368 τὴν
2473 5296 2834 5367 ὲπαπόρησιν,
2862 5296 2938 5360 ὠς
2959 5295 3401 5360 δυσαπόδεικτον,
3423 5297 3522 5349 καὶ
3544 5295 3656 5349 πολ·

424 5386 635 5442 diculas
658 5394 713 5441 et
750 5385 1032 5455 captiones
1072 5392 1264 5439 contra
1302 5383 1596 5440 disserenti
1645 5387 1977 5455 praebentem

2102 5388 2184 5452 ιάς
2238 5388 2577 5460 παρέχουσαν
2624 5386 2795 5451 λαϐάς
2834 5387 2975 5441 κατά
3005 5386 3099 5441 τοῦ
3129 5386 3651 5459 προδιαλεγομένου,

425 5478 790 5533 deducuntur.
823 5477 1084 5543 Quaerunt
1108 5478 1251 5533 enim
1273 5518 1287 5541 ,
1318 5477 1462 5532 unde
1498 5477 1641 5531 mala
1680 5478 1987 5533 exsistant?

2102 5480 2407 5549 φάσκοντες·
2436 5479 2606 5533 Πόθεν
2632 5475 2724 5533 οὗν
2754 5480 2823 5532 τὰ
2850 5477 3228 5548 κακά;Φαμὲν
3254 5477 3320 5548 δὴ
3346 5476 3653 5550 θαρσαλέως

426 5566 536 5624 Nos
578 5579 758 5623 autem
806 5568 1035 5624 ﬁdenter
1082 5567 1510 5639 respondemus,
1563 5583 1687 5623 cum
1728 5585 1871 5625 unus
1913 5570 1985 5623 sit

2102 5572 2268 5641 ἡμεῖς,
2295 5571 2369 5633 ὡς
2422 5571 2541 5634 ἑνὸς
2596 5570 2749 5633 ὄντος
2779 5569 2916 5623 Θεοῦ
2953 5568 3048 5623 τοῦ
3097 5568 3276 5623 πάντα
3321 5568 3652 5642 δημιουρτήυ

427 5659 569 5717 Deus
598 5661 694 5731 qui
720 5668 917 5715 cuncta
944 5659 1071 5717 fecit
1089 5700 1104 5725 ,
1125 5660 1261 5715 nihil
1284 5660 1504 5731 quidem
1533 5660 1833 5717 secundum
1858 5660 1983 5716 sub-

2102 5676 2300 5726 ταντος,
2326 5660 2476 5714 οὐδὲν
2518 5662 2615 5733 μὲν
2656 5662 2773 5714 κατ’
2807 5660 2993 5714 οὐσίαν
3025 5661 3090 5712 ἐν
3127 5662 3241 5723 τοῖς
3294 5654 3421 5715 οὖσι
3470 5659 3651 5727 κακὸν,
