3782 6166
153 340 297 396 1153

1238 296 1619 382 ADVERSUS
1657 319 2078 379 MANICIIASOS
2117 317 2241 374 LIB.
2282 317 2345 371 n.

3278 311 3415 367 “3‘

152 461 341 514 πάντα
386 458 443 512 δὲ
486 454 627 511 καλὰ
665 454 805 518 λίαν,
846 453 940 507 καὶ
976 452 1243 522 διαφόρως
1282 409 1448 507 καλὰ,
1479 448 1738 520 καὶπρὸς

1928 420 2096 497 ηἰὶεω
2140 441 2346 496 malum
2384 421 2547 503 esse;
2579 444 2780 491 cuneta
2824 440 3008 489 autem
3039 432 3195 488 valde
3235 432 3376 487 bona
3399 472 3413 496 ,

153 549 412 611 ποικίλας
446 548 670 619 χρήσεις
715 542 1223 614 κατεσκευασμένα,
1261 539 1356 593 καὶ
1378 534 1488 590 τῶν
1513 537 1740 609 γενομέ-

151 660 268 698 νων
313 641 466 695 οὐδὲν
505 640 633 695 ἄνευ
680 639 839 708 λόγου
885 638 1206 709 γεγένηται’
1238 634 1351 689 ἁλλ’
1373 634 1600 689 ἕκαστον
1633 632 1742 688 τῶν
1792 696 1801 703 _

150 733 328 789 ὄντων
360 729 568 804 μικρῶν
594 747 654 783 τε
681 730 774 784 καὶ
799 728 1050 800 μεγάλων
1079 731 1137 780 ὲν
1158 724 1333 796 ἑαυτῷ
1352 723 1466 795 ἔχει
1486 720 1579 776 τοῦ
1604 718 1742 775 εἷναι

150 824 250 878 τὸν
280 821 457 892 λόγον,
479 820 584 875 τῶν
616 837 675 873 τε
704 822 760 873 ἐν
791 815 1004 890 οὐρανῷ
1025 817 1119 869 καὶ
1149 816 1207 868 ἐν
1229 817 1294 885 τῇ
1322 816 1393 884 γῇ
1433 814 1524 866 καὶ
1552 814 1609 865 ὲν
1647 810 1738 864 θα-

150 914 356 985 λάττῃο
409 911 503 964 καὶ
543 909 731 981 ὥσπερ
779 907 963 980 ἄρτιον
1013 907 1106 959 καὶ
1151 905 1441 975 ὁλόκληρον
1486 901 1645 972 σῶμα
1673 903 1739 971 τῇ

155 1005 419 1059 συστάσει
448 1002 556 1056 τῶν
599 1001 781 1072 μερῶν
805 1001 900 1053 καὶ
944 997 1122 1070 μελῶν
1148 995 1548 1050 κατεσκεύασεν
1583 995 1616 1066 ἡ
1642 993 1742 1066 ἄῤ-

156 1100 327 1170 ρητος
371 1095 466 1149 τοῦ
508 1094 643 1148 Θεοῦ
690 1093 850 1162 σοφία
893 1091 1011 1144 τόδε
1058 1090 1121 1143 τὸ
1166 1090 1305 1142 πᾶν·
1337 1086 1477 1141 ὥστε
1506 1087 1641 1158 ὅπερ
1675 1085 1743 1140 ἂν

154 1191 384 1261 ἀφέλοις
405 1188 484 1260 τῷ
501 1187 645 1258 λόγῳ
670 1185 776 1240 τῶν
802 1182 1108 1255 γενομένων
1135 1182 1211 1245 ὼς
1240 1179 1517 1252 περιττὸν,
1536 1181 1629 1232 καὶ
1645 1180 1744 1249 τῆς

154 1284 352 1358 χρείας
378 1282 677 1353 ἀλλότριον,
706 1273 1214 1350 ἁκρωτηριὰζεσθαι
1230 1273 1362 1358 γὸλον
1387 1272 1448 1327 τὸ
1473 1271 1634 1342 σῶμα
1660 1270 1743 1324 δοσ

155 1357 279 1427 κεῖ·
311 1370 498 1442 ἐπειδή
529 1386 593 1439 γε
618 1367 678 1421 τὸ
705 1364 894 1421 δοκοῦν
932 1366 990 1417 ὲν
1034 1365 1148 1428 τοῖς
1193 1357 1311 1415 οὖσι
1344 1360 1464 1414 λίαν
1510 1361 1742 1414 εὐκατα-

158 1465 453 1538 φρόνητον,
485 1458 940 1532 συμπληρωτικὸν
981 1456 1081 1526 τῆς
1121 1453 1216 1508 τοῦ
1247 1451 1500 1524 σώματος
1541 1449 1743 1504 τελειό-

157 1561 327 1633 τητός
368 1562 485 1613 ἐστι
504 1575 517 1587 ·
564 1558 658 1612 καὶ
689 1555 840 1609 οὐδὲν
872 1554 1040 1626 ἀργὸν
1067 1553 1124 1605 ὲν
1151 1552 1267 1614 τοῖς
1300 1546 1471 1616 οὖσιν,
1495 1548 1617 1601 οὐδὲ
1648 1546 1747 1618 μά-

156 1672 266 1726 την
295 1652 536 1724 γεγονὸς,
559 1651 663 1705 οὐδ’
699 1652 779 1715 είς
808 1646 1118 1719 φιλοτιμίαν
1149 1642 1409 1716 περιττὴν
1444 1637 1744 1713 παρεγκεί-

163 1764 350 1820 μενον.

233 1941 390 2013 Μόνη
418 1941 475 1996 δὲ
500 1939 736 2009 εὐλόγως
760 1938 855 1992 καὶ
885 1934 1109 1998 δικαίως
1134 1932 1358 2006 περιττὴ
1381 1934 1414 2005 ὴ
1444 1931 1551 1985 τῶν
1575 1931 1750 2002 ἁμαρ-

158 2037 434 2092 τανόντων
483 2031 784 2105 ἀνθρώπων
826 2029 1040 2095 ἀδικία,
1071 2028 1166 2081 καὶ
1212 2025 1428 2097 ἀληθῶς
1462 2042 1527 2094 γε
1577 2023 1747 2077 κακία

160 2129 447 2200 τυγχάνει,
476 2127 537 2180 οὐ
579 2125 683 2197 μὴν
709 2123 768 2190 ἐξ
794 2122 1029 2195 ἁνάρχου
1072 2119 1289 2188 κακίας,
1323 2117 1511 2189 ἥντινα
1547 2115 1621 2186 μὴ
1654 2109 1746 2167 οὖ-

162 2240 271 2277 σαν
293 2222 368 2286 ὡς
393 2220 500 2275 ἀπὸ
521 2218 725 2289 ταύτης
753 2234 818 2287 γε
849 2214 1017 2287 οθσης
1041 2213 1334 2284 ἐπενόησεν
1365 2213 1394 2264 6
1422 2210 1640 2280 Μάνης
1672 2208 1747 2271 ὡς

159 2318 192 2370 6
215 2316 377 2386 λόγος
426 2314 526 2387 ἤδη
578 2313 673 2383 μὲν
724 2309 922 2373 ἱκανῶς
963 2307 1213 2378 ἠνοίξατο
1264 2304 1376 2367 τοῖς
1418 2300 1744 2373 ἔμπροσθεν,

160 2409 333 2475 δείξει
358 2408 416 2463 δὲ
449 2406 779 2478 σαφέστερον
812 2403 1042 2465 καὶτοῖς
1073 2400 1218 2470 ἑξῆς.

1841 543 1896 590 ct
1924 532 2241 589 diﬂ‘erenter
2270 532 2446 595 liena,
2477 537 2534 585 et
2562 529 2632 583 ad
2662 529 2845 583 varios
2874 540 3011 581 usus
3041 523 3181 580 facta
3209 541 3223 590 ;
3247 524 3413 578 nihil-

1841 641 1950 696 que
1990 639 2182 680 eorum
2229 637 2352 694 quae
2403 622 2545 675 facta
2591 626 2751 683 sunt,
2796 616 2915 674 sine
2954 617 3169 671 ratione
3214 615 3416 671 factum

1842 732 1997 783 esse,
2043 715 2139 771 sed
2183 715 2614 785 unumquodque
2653 726 2845 767 eorum
2885 723 3007 780 quae
3033 707 3223 765 eli'ecta
3253 715 3418 766 sunt.

1844 823 2068 879 parvum
2098 815 2153 862 et
2187 822 2440 871 magnum
2459 845 2474 870 ,
2504 806 2560 860 in
2591 803 2734 859 caelo
2761 811 2816 858 et
2846 802 2905 856 in
2936 810 3083 857 terra
3111 807 3167 856 et
3198 800 3253 854 in
3283 800 3416 853 mari

1845 901 2048 956 habere
2072 900 2125 955 in
2152 914 2211 954 se
2239 899 2506 953 rationem
2536 912 2650 952 suae
2675 895 2962 955 essentiaa.
2988 893 3421 963 fabricatamque

1844 1008 1969 1050 esse
1997 992 2321 1063 sapientiam
2349 990 2442 1045 Dei
2476 989 2803 1045 inellabilem
2831 989 3149 1045 universum
3178 988 3283 1043 hoc
3306 996 3420 1041 tan-

1844 1101 2007 1158 quam
2040 1088 2309 1155 integrum
2337 1093 2391 1137 et
2423 1091 2596 1137 totum
2630 1096 2832 1152 corpus
2860 1081 3258 1137 constitutione
3292 1096 3419 1151 par-

1842 1180 1977 1234 tium
2007 1186 2065 1234 et
2096 1177 2499 1232 membrorum:
2523 1183 2601 1239 ut,
2634 1175 2898 1245 quidquid
2924 1174 3196 1229 ademeris
3218 1174 3420 1228 rationi

1842 1286 2036 1327 eorum
2067 1285 2189 1341 quae
2217 1268 2359 1323 facta
2386 1275 2547 1331 sunt,
2581 1276 2839 1339 tanquam
2872 1280 3340 1338 supervacaneum
3366 1274 3421 1321 et

1845 1362 2037 1418 inutile
2066 1401 2082 1426 ,
2124 1369 2299 1417 totum
2358 1375 2559 1431 corpus
2610 1360 2918 1415 mutilatum
2962 1374 3087 1415 esse
3146 1357 3417 1414 videatur.

1846 1455 2128 1527 Siquidem
2159 1453 2303 1526 quod
2336 1454 2392 1507 in
2422 1453 2588 1507 rebus
2618 1452 2834 1508 videtur
2860 1450 3191 1509 vilissimum
3232 1460 3288 1508 et
3327 1449 3421 1507 de-

1846 1547 2272 1618 spicatissimum
2301 1586 2317 1611 ,
2375 1546 2777 1602 absolutionem
2833 1546 3081 1616 corporis
3135 1545 3419 1615 complet;

1808 1664 1819 1675 ~
1844 1639 2092 1710 nihilque
2121 1639 2176 1693 in
2206 1640 2374 1694 rebus
2400 1628 2641 1692 otiosum
2673 1645 2789 1700 est,
2822 1652 3000 1707 neque
3028 1648 3231 1693 temere
3257 1644 3422 1707 atque

1846 1733 2082 1787 inaniter
2114 1731 2349 1800 factum,
2394 1746 2496 1787 nec
2529 1731 2597 1786 ad
2630 1744 3022 1801 supervacuam
3072 1731 3421 1787 ambitionem

1780 1827 1822 1882 Β
1853 1826 2255 1897 interpositum.

1926 1937 2053 1992 Sola
2099 1952 2232 1992 vero
2279 1936 2560 1991 hominum
2609 1937 2675 1992 ad
2731 1936 3026 2007 nequitiam
3080 1936 3421 2007 peccantium

1855 2027 2124 2098 injustitia
2163 2037 2313 2082 recte
2343 2031 2397 2082 et
2423 2027 2572 2097 juste
2600 2042 2666 2082 ac
2694 2043 2823 2083 vere
2864 2028 3108 2098 nequitia
3146 2033 3268 2092 est,
3315 2041 3424 2080 non

1854 2128 2036 2175 tamen
2062 2135 2125 2175 ex
2154 2120 2394 2190 nequitia
2416 2119 2687 2190 principio
2710 2127 2934 2175 carente
2958 2117 3201 2189 profecta
3222 2158 3236 2183 ,
3260 2132 3425 2189 quam

1852 2211 2219 2276 Manichmus,
2245 2226 2370 2265 cum
2393 2226 2501 2265 non
2530 2212 2634 2277 sit,
2663 2226 2784 2268 esse
2812 2211 3136 2280 excogitavit
3165 2217 3426 2279 tanquam

1853 2301 1922 2355 ab
1952 2301 2055 2355 hac
2078 2301 2352 2371 principio
2378 2311 2598 2357 carente
2618 2342 2634 2366 ,
2660 2317 2824 2372 quam
2858 2302 3015 2355 ﬁnxit
3035 2341 3048 2364 ,
3077 2301 3429 2371 proﬁciscen-

1853 2399 2000 2460 tem;
2029 2399 2089 2447 ut
2117 2392 2254 2449 satis
2280 2391 2335 2447 in
2366 2392 2743 2463 superioribus
2768 2391 3068 2462 disputatio
3095 2391 3308 2461 aperuit
3328 2429 3343 2456 ,
3373 2395 3429 2444 et

1854 2484 2072 2540 docebit
2101 2484 2308 2541 clarius
2337 2485 2392 2540 in
2424 2485 2491 2541 iis
2519 2500 2640 2556 quae
2667 2495 2990 2556 sequuntur.

413 2670 544 2726 CAP.
582 2667 646 2722 ll.
690 2665 865 2721 Homo
891 2642 1212 2718 liberrimas.
1255 2656 1470 2712 Peccati
1498 2669 1639 2718 reus,
1679 2667 1796 2706 cum
1819 2650 1888 2705 sit
1921 2648 2071 2704 liber.
2113 2647 2366 2704 Homines
2397 2658 2615 2719 possunt
2650 2664 2761 2703 esse
2796 2647 2916 2702 boni
2943 2654 2993 2701 et
3027 2645 3177 2700 mali.

235 2811 332 2866 Διὸ
354 2812 418 2882 δὴ
449 2808 665 2882 πρῶτον
694 2806 821 2878 περὶ⁵
848 2804 1039 2859 τούτου
1067 2798 1432 2863 διαλαϐόντες,
1456 2794 1626 2857 οῦτως
1648 2790 1751 2863 ὁδῷ

167 2902 619 2978 προελευσόμεθα
647 2898 972 2962 δεικνύντες,
994 2896 1070 2959 ὼς
1103 2895 1225 2947 κατ’
1254 2890 1441 2944 οὐσίαν
1464 2885 1618 2941 οὐδὲν
1643 2882 1751 2937 τῶν

165 2976 343 3054 ὄντων
370 2996 535 3051 κακόν
553 3012 568 3026 ο
597 2992 733 3048 ἀλλὰ
774 2992 880 3065 μὴν
911 2992 1009 3044 ὅσα
1031 2987 1172 3043 κατὰ
1190 2984 1385 3055 γενεὰν
1411 2980 1687 3049 οἰκονομεῖ
1724 2976 1753 3026 6

168 3092 328 3156 Θεὸς,
359 3088 675 3162 πρεπόντως
706 3103 771 3155 γε
807 3086 874 3156 τῇ
905 3080 1099 3136 ἑαυτοῦ
1133 3078 1294 3150 σοφίᾳ
1330 3075 1426 3131 καὶ
1452 3070 1754 3144 συμφερόν-

166 3202 285 3249 τως
308 3182 578 3253 οἰκονομεῖ
605 3182 718 3242 τοῖς
740 3178 880 3249 ὑπὲρ
904 3169 979 3228 ὧν
1006 3171 1180 3227 ταῦτα
1200 3170 1362 3222 ποιεῖ.
1388 3166 1607 3236 Κόσμον
1644 3162 1755 3217 τοί-

170 3294 273 3331 νυν
298 3275 407 3345 (ἳῦ)
441 3270 839 3329 κατεσκεύασεν
864 3270 892 3322 6
923 3266 1075 3330 Θεός·
1103 3264 1197 3317 καὶ
1226 3261 1354 3331 περὶ
1388 3257 1601 3323 τούτου,
1620 3254 1757 3327 πρὸς

168 3371 272 3436 οὓς
296 3373 324 3424 ὁ
346 3369 520 3439 λόγος,
537 3368 598 3420 ού
622 3360 1062 3435 διαχειμάζονται
1082 3374 1096 3389 ο
1126 3358 1174 3411 εἰ
1195 3354 1304 3427 γὰρ
1325 3352 1390 3424 δὴ
1411 3352 1506 3406 καὶ
1526 3351 1605 3414 είς
1628 3350 1758 3402 ἀκο-

174 3461 346 3535 σμίαν
379 3461 601 3532 κόσμιον
628 3457 756 3511 ὄντα
793 3454 884 3509 τὸν
914 3452 1116 3523 κόσμον
1148 3444 1595 3535 μεταϐάλλουσιν,
1624 3439 1759 3494 ἀλλά

172 3534 239 3627 γε
275 3554 401 3627 περί
434 3570 493 3606 τε
523 3551 727 3624 τρόπου
761 3548 855 3602 καὶ⁸
883 3547 980 3618 τῆς
1004 3544 1182 3605 αἰτίας
1215 3538 1312 3592 τοῦ
1343 3534 1595 3627 γενέσθαι
1614 3534 1758 3627 ᾲόμο-

172 3625 416 3719 λογοῦσι.
444 3644 630 3715 Τούτῳ
649 3642 733 3715 δὴ,
761 3640 922 3712 μέρος
951 3637 1050 3709 μὲν
1079 3633 1204 3687 ὄντα
1238 3628 1331 3683 τοῦ
1366 3626 1586 3719 παντὸς,

173 3712 502 3807 δὶς-πολίτην
540 3712 838 3804 ἐπιστήσας
875 3726 1090 3797 λογικὸν
1116 3725 1209 3777 τὸν
1234 3720 1518 3791 ἄνθρωπον
1547 3718 1575 3769 6
1603 3712 1756 3807 Θεδς,

172 3834 247 3888 τὰ
276 3832 373 3904 μὲν
398 3805 531 3885 ἄλλα
558 3829 657 3881 ὅσα
686 3828 823 3899 μήτε
844 3822 980 3895 πρὸς
1005 3817 1206 3891 ἀρετὴν
1229 3815 1366 3886 μήτε
1400 3810 1535 3904 προς
1560 3805 1760 3904 κακίαν

173 3896 302 3998 όρᾷ,
338 3921 512 3994 ἑαυτῷ
542 3896 845 3992 τετήρηκεν
870 3913 1198 3982 οἰκονομεῖν·
1228 3905 1427 3998 ἀρετὴν
1458 3902 1515 3956 δὲ
1546 3896 1758 3998 μόνονιῆ

175 4017 381 4072 κακίαν
416 4015 500 4068 ἐπ’
531 4012 678 4084 αὐτῷ
704 4007 842 4064 εἶναι
871 4005 1160 4073 πεποίηκε,
1194 4001 1260 4072 τῇ
1292 3996 1452 4067 φύσει
1480 3987 1761 4064 προενθεὶς

176 4109 444 4182 ἑκατέρου
487 4105 585 4179 τὴν
631 4080 860 4174 γνῶσιν
898 4099 1007 4163 ἵνα,
1050 4089 1345 4182 ὀφθαλμοῦ
1370 4086 1525 4182 δίκην
1559 4080 1761 4182 ταύτῇν

177 4169 555 4273 ἐπαγόμενος,
590 4169 655 4251 ού
700 4194 858 4267 μόνον
917 4188 1055 4261 μετὰ
1083 4184 1294 4246 τελείας
1321 4177 1527 4273 Διἐιτιστή
1538 4190 1643 4273 μης
1671 4169 1761 4224 τὸν

179 4266 317 4363 βίον⁷
335 4266 514 4363 ὁδεύῃ,
547 4266 805 4340 ἀλλὰκαὶ
833 4277 1132 4350 αὐτουργὸς
1155 4274 1263 4329 τῶν
1285 4270 1385 4342 τῆς
1405 4266 1603 4341 ἀρετῆς
1628 4277 1760 4316 κατ-

176 4382 520 4456 ορθωμάτων
556 4380 797 4451 ὑπάρχῃ.

1927 2788 2290 2858 Quamobrem
2324 2803 2449 2844 cum
2494 2788 2563 2843 de
2610 2787 2715 2843 hoc
2758 2787 2935 2858 primo
2975 2793 3158 2840 actum
3202 2782 3308 2847 sit,
3351 2780 3433 2837 sic

1857 2881 1944 2936 via
1968 2891 2023 2937 et
2048 2882 2261 2937 ratione
2286 2879 2703 2951 progrediemur
2726 2897 2741 2947 ;
2766 2879 3026 2934 dooentes
3056 2875 3194 2931 nihil
3224 2889 3348 2931 esse
3376 2874 3433 2928 in

1857 2973 2025 3029 rebus
2068 2972 2274 3026 malum
2318 2970 2620 3027 secundum
2650 2968 3012 3026 substantiam
3040 2986 3053 3022 :
3088 2966 3220 3036 quin
3250 2964 3435 3035 potius

1859 3064 2285 3135 quaecunque'in
2318 3063 2523 3119 saeculo
2550 3063 2820 3134 gubernat
2849 3074 2914 3115 ac
2940 3059 3229 3129 dispensat
3253 3055 3398 3110 Deus
3417 3095 3433 3120 ,

1861 3157 2060 3212 decore
2083 3196 2098 3221 ,
2130 3163 2192 3210 ut
2224 3155 2550 3226 sapientiam
2578 3155 2701 3225 ejus
2728 3154 2914 3220 decet,
2947 3159 3002 3208 et
3033 3152 3101 3208 ad
3134 3151 3435 3206 utilitatem

1862 3264 2052 3306 eorum
2073 3289 2089 3315 ,
2123 3260 2345 3319 propter
2373 3263 2513 3318 quos
2547 3248 2664 3302 haec
2712 3246 2876 3314 facit,
2899 3246 3170 3316 gubernat
3211 3259 3277 3299 ac
3318 3243 3438 3298 dis-

1862 3350 2076 3416 pensat.
2114 3342 2378 3398 Ornatum
2416 3342 2581 3413 igitur
2637 3340 2910 3395 exstruxit
2937 3338 3116 3394 Deus:
3147 3347 3203 3395 et
3233 3338 3301 3394 de
3334 3337 3440 3393 hoc

1863 3436 1901 3490 ii
1948 3443 2142 3490 contra
2183 3449 2325 3505 quos
2365 3432 2748 3503 disputamus,
2792 3447 2902 3486 non
2947 3430 3216 3486 ﬂuctuant
3260 3445 3441 3502 neque

1860 3535 2182 3597 tempestate
2207 3525 2487 3596 jactantur
2513 3543 2526 3577 :
2561 3522 2609 3579 si
2634 3522 2779 3578 enim
2806 3520 3070 3576 mundum
3098 3528 3354 3575 ornatum
3384 3526 3441 3575 et

1862 3618 2120 3673 decorum
2153 3617 2210 3671 in
2240 3617 2553 3671 inornatum
2584 3621 2835 3679 mutant,
2866 3613 2934 3668 de
2973 3613 3135 3668 modo
3174 3620 3230 3668 et
3269 3627 3437 3667 causa

1861 3709 1989 3764 facti
2010 3708 2196 3763 mundi
2219 3708 2568 3763 conﬁtentur.
2593 3705 2877 3761 Hominem
2899 3720 3057 3771 vero,
3080 3704 3186 3761 etsi
3208 3712 3292 3761 est
3313 3719 3442 3775 pars

1865 3798 2094 3865 mundi,
2125 3806 2307 3854 tamen
2340 3798 2467 3868 quia
2496 3813 2621 3853 eum
2656 3794 2830 3852 civem
2862 3797 3092 3851 rationis
3121 3796 3441 3867 participem

1866 3891 2165 3960 praeposuit
2201 3904 2267 3944 ac
2312 3888 2555 3960 praefecit
2596 3886 2776 3954 Deus,
2809 3887 2866 3942 in
2907 3888 3120 3944 caeteris
3166 3887 3292 3942 aliis
3321 3901 3444 3957 quae

1864 4000 2043 4055 neque
2087 3985 2155 4040 ad
2185 3985 2486 4056 nequitiam
2517 3999 2619 4039 nec
2648 3984 2716 4038 ad
2758 3985 3015 4039 virtutem
3057 3988 3340 4053 spectant,
3382 3990 3445 4039 ut

1865 4078 2224 4149 gubernaret,
2251 4078 2357 4133 sibi
2382 4077 2485 4149 ipsi
2513 4077 2853 4145 reservavit;
2885 4076 3057 4131 virtus
3087 4084 3141 4129 et
3165 4074 3357 4129 vitium
3384 4081 3445 4129 ut

1867 4168 1924 4222 in
1971 4175 2237 4239 potestate
2281 4168 2398 4239 ejus
2438 4179 2614 4233 esset,
2660 4167 2820 4232 fecit,
2864 4168 3193 4238 ingenerans
3237 4172 3448 4222 natura

1871 4260 2160 4332 utriusque
2190 4262 2557 4331 cognitionem
2584 4279 2597 4315 :
2630 4267 2690 4314 ut
2717 4260 2893 4316 instar
2921 4257 3065 4313 oculi
3096 4256 3242 4311 hanc
3271 4254 3447 4311 addu-

1871 4366 2003 4421 cens
2031 4361 2086 4408 et
2117 4353 2382 4410 adhibens
2401 4395 2416 4421 ,
2449 4369 2560 4410 non
2590 4354 2768 4410 solum
2799 4367 2923 4408 cum
2950 4350 3192 4421 perfecta
3220 4349 3447 4406 scientia

179 4482 239 4535 in
285 4480 393 4533 vita
437 4447 775 4536 ambularet,
829 4468 924 4526 sed
962 4469 1124 4524 etiam
1150 4471 1295 4520 esset
1323 4464 1513 4514 auctor
1542 4449 1841 4508 ciliciorum
1874 4447 2113 4504 virtutis.

259 4592 576 4663 Ἀνθρωπος
612 4587 817 4654 τοίνυν..
833 4583 1051 4649 ἀδικῶν,
1088 4576 1421 4650 ἁμαρτάνειν
1451 4570 1750 4640 ἐγκαλεῖται

1943 4565 2118 4622 Homo
2145 4566 2311 4637 igitur
2335 4566 2539 4637 injuste
2559 4579 2793 4636 operans
2813 4603 2829 4628 ,
2855 4562 3003 4632 juste
3022 4560 3089 4615 de
3110 4566 3335 4629 peccato
3357 4572 3450 4610 ac—

176 4662 429 4751 δικαίως.
457 4684 519 4737 El
548 4682 647 4753 μὲν
675 4678 785 4750 γάρ
822 4676 1051 4749 πράττει
1072 4673 1171 4744 τὴν
1208 4667 1483 4741 ἁμαρτίαν
1515 4665 1575 4719 ού
1606 4662 1764 4747 δυνά-

183 4795 348 4852 μενος
374 4773 711 4847 ἀποσχέσθαι
734 4770 959 4838 ταύτης,
987 4766 1170 4821 ἄδικον
1200 4762 1460 4832 ὑπομένει
1487 4760 1585 4831 τὴν
1626 4754 1765 4829 μέμ-

177 4851 309 4945 ψινο
338 4874 387 4925 ει
412 4871 492 4936 δὲ,
523 4868 643 4934 ἐξὸν
686 4865 761 4938 μὴ
791 4867 986 4927 ποιεῖν,
1010 4859 1322 4938 τούναντίον
1350 4856 1510 4917 ποιεῖ,
1536 4853 1612 4915 ὡς
1645 4851 1763 4904 ἁδι-

179 4943 300 5020 κῶν
336 4962 571 5031 εὐλόγως
599 4958 907 5029 ἐγκαλεῖται
925 4973 940 4987 ·
968 4955 1062 5008 καὶ
1100 4949 1281 5014 καλῶς
1306 4965 1371 5018 γε
1398 4946 1542 5017 λόγῳ
1567 4943 1766 5014 ἐγκλή-

183 5074 358 5130 ματος
389 5058 424 5127 ή
456 5055 700 5125 ἁμαρτία
723 5050 968 5104 καλεῖται
1003 5045 1152 5118 παρὰ
1184 5033 1423 5111 λόγον,ᾧ
1442 5056 1505 5109 γε
1542 5036 1768 5130 δυνατόν

181 5155 303 5205 ἐστι
357 5145 683 5219 χρήσασθαι,
715 5138 988 5213 πανταχοῦ
1060 5136 1439 5209 πραττομένηο
1495 5132 1570 5195 ὡς
1628 5125 1768 5183 εἶναι

184 5242 464 5315 ἁμαρτίαν
521 5240 630 5292 πᾶν
685 5236 746 5290 τὸ
797 5234 952 5306 παρὰ
989 5231 1145 5300 λόγον
1174 5228 1566 5300 πραττόμενον,
1597 5226 1645 5278 εί
1674 5223 1769 5278 καὶ

182 5343 252 5393 ὲκ
276 5337 384 5390 τῶν
417 5334 561 5389 κατὰ
596 5332 755 5403 φύσιν
779 5327 1044 5399 λαμϐάνει
1065 5326 1167 5396 τὴν
1195 5321 1477 5394 ἀφορμήν·
1520 5318 1626 5373 τῶν
1659 5316 1768 5388 γὰρ

183 5429 331 5484 κατὰ
362 5427 522 5498 φύσιν
547 5427 581 5496 ἡ
611 5424 893 5493 ἀλόγιστος
932 5418 1129 5491 χρῆσις
1160 5416 1306 5469 ποιεῖ
1335 5412 1434 5484 τὴν
1463 5408 1763 5482 ἁμαρτίαν·

184 5524 345 5592 λόγος
365 5522 422 5575 δὲ
447 5522 504 5575 ὲν
535 5521 668 5591 ἡμῖν
707 5511 1091 5585 δοκιμαστικδς
1112 5507 1220 5564 τῶν
1249 5504 1394 5561 κατὰ
1426 5503 1586 5573 φύσιν
1608 5518 1621 5532 ⁸
1649 5499 1770 5554 ὅθεν

184 5618 253 5674 οὐ
278 5615 529 5671 λανθάνει
557 5608 930 5685 πραττομένη.

1873 4670 2120 4714 cusatur.
2152 4659 2210 4714 Si
2240 4659 2386 4715 enim
2415 4666 2700 4728 peccatum
2727 4653 3018 4711 committit
3047 4659 3307 4718 tanquam
3338 4647 3448 4703 no‘n

1874 4751 2049 4822 possit
2076 4750 2145 4805 ab
2172 4765 2238 4806 co
2268 4766 2326 4805 se
2364 4748 2673 4810 abstinere,
2707 4746 2965 4815 injustam
2985 4741 3278 4813 quaerelam
3321 4738 3451 4794 sub-

1872 4846 1915 4899 it
1944 4860 1960 4911 ;
2004 4845 2088 4899 sin
2135 4850 2349 4907 autem,
2384 4856 2509 4896 cum
2540 4846 2728 4911 posset
2759 4851 2870 4892 non
2912 4834 3129 4898 facere,
3157 4831 3289 4886 facit
3319 4844 3453 4884 con-

1875 4939 2128 5006 trarium,
2150 4936 2348 4993 merito
2376 4940 2669 4990 accusatur
2693 4940 2949 5000 tanquam
2978 4924 3304 4997 injustitiam
3330 4939 3455 4979 sus-

1877 5032 2088 5103 cipiens
2112 5050 2123 5085 :
2155 5038 2210 5085 et
2265 5036 2550 5099 peccatum
2578 5031 2728 5080 recte
2748 5023 2962 5076 ratione
2988 5017 3243 5074 criminis
3266 5015 3457 5086 appel-

1879 5127 2023 5181 latur
2053 5130 2369 5196 peccatum,
2400 5119 2549 5191 quod
2590 5132 2805 5189 semper
2850 5112 3217 5170 committitur
3258 5115 3456 5180 praeter

1875 5219 2146 5273 rationem
2178 5204 2286 5286 qua
2317 5213 2394 5266 uti
2424 5211 2636 5281 potuit:
2663 5216 2724 5263 ut
2745 5209 2814 5263 sit
2837 5207 2952 5277 jam
2983 5211 3267 5277 peccatum
3294 5214 3457 5255 omne

1877 5312 1931 5367 id
1951 5351 1967 5376 ,
1999 5304 2145 5381 quod
2180 5318 2375 5379 praeter
2406 5305 2673 5360 rationem
2720 5300 2802 5367 ﬁt,
2856 5298 3108 5369 quamvis
3141 5310 3209 5350 ex
3239 5293 3308 5350 iis
3335 5306 3457 5362 quae

1878 5411 2009 5461 sunt
2036 5401 2339 5459 secundum
2368 5406 2621 5453 naturam
2640 5434 2655 5460 ,
2686 5391 3035 5447 occasionem
3065 5396 3120 5444 et
3149 5382 3456 5443 subsidium

1878 5496 2148 5567 accipiat:
2198 5508 2332 5549 usus
2378 5490 2523 5545 enim
2573 5500 2766 5542 eorum
2812 5498 2934 5553 quae
2982 5487 3113 5537 sunt
3155 5476 3457 5535 secundum

1878 5599 2168 5654 naturam,
2218 5602 2249 5640 a
2289 5584 2505 5640 ratione
2531 5594 2805 5646 aversus,
2851 5575 3015 5633 eﬁicit
3066 5581 3129 5629 ut
3171 5578 3461 5644 peccatum

249 5792 374 5869 [(23)
403 5793 645 5862 Κόσμον
669 5790 820 5846 τοῖν.
851 5786 1088 5854 Clarius,
1125 5779 1374 5837 mundum
1408 5779 1568 5851 igitur
1603 5791 1750 5832 exon

1926 5770 2070 5826 Deus.
2106 5767 2273 5822 Bssx.
