3838 6158
419 280 560 339 H35

1590 290 1729 348 TiTi
1768 293 2202 356 BOSTRENSIS
2238 301 2548 360 El’iSCO?I

3548 316 3688 374 1156

416 400 687 468 exsistat;
719 401 861 458 ratio
887 404 1092 461 autem‘
1113 406 1170 461 in
1209 406 1371 463 nobis
1401 407 1736 478 exploratrix
1776 422 1863 470 est
1906 431 2097 474 eorum
2123 463 2139 489 ,
2171 437 2292 494 qiue
2321 425 2629 482 secundum
2684 439 2937 485 naturam
2998 445 3167 490 sunt:
3231 450 3301 491 ex
3343 451 3454 506 quo
3503 436 3563 492 fit
3628 448 3685 493 ut

414 507 529 548 non
557 492 759 559 lateat,
790 510 916 576 cum
951 495 1337 552 committitur.

490 586 548 642 Si
571 603 702 660 ergo
727 587 797 643 ad
821 590 1271 649 exercitationem
1292 592 1517 651 virtutis
1535 595 1804 654 rationem
1830 600 1971 656 nobi:

2163 603 2227 658 Et
2257 620 2355 675 μεν
2376 623 2556 662 τοινυν
2589 623 2728 682 προς
2750 613 2982 685 ἄσκησιν
3013 615 3219 687 ἀρετῆς
3250 617 3342 672 τὸν
3372 618 3534 690 λόγον
3567 621 3684 677 δια-

394 680 639 736 ·ἰῐιείιεω
687 696 1082 753 exerceamus,
1136 692 1398 754 tanquam
1445 700 1648 760 corpus
1696 699 1998 762 temperato

416 780 567 827 motu
585 813 600 838 ,
636 788 825 828 sanam
853 775 998 831 hanc
1026 784 1081 832 et
1109 777 1520 835 benevolentem
1545 782 1837 839 reddemus
1861 802 1874 839 :
1911 785 1995 840 sin

416 877 546 917 vero
576 865 972 921 exercitatione
1000 873 1055 921 et
1103 868 1457 924 accuratione
1488 870 1643 927 hanc
1678 889 1791 928 non
1835 890 1997 930 exco-

417 955 707 1021 luerimus,
736 956 1096 1027 languescens
1113 959 1402 1016 obscurior
1416 961 1667 1030 cilicitur,
1692 980 1755 1020 ac
1776 966 1994 1023 demum

415 1047 660 1117 neglecta
686 1058 942 1103 caecatur.
970 1047 1144 1105 Penes
1175 1066 1278 1106 nos
1317 1067 1449 1107 vero
1492 1063 1610 1121 est,
1655 1056 1860 1127 ubique
1902 1073 1992 1113 ra-

415 1139 564 1197 tione
592 1155 713 1211 quze
740 1141 796 1195 in
826 1142 987 1197 nobis
1018 1152 1102 1198 est
1123 1184 1139 1210 ,
1171 1143 1251 1198 uti
1282 1163 1295 1208 ;
1328 1152 1383 1198 et
1425 1148 1569 1201 sicut
1597 1149 1692 1219 qui
1719 1158 1890 1206 artem
1920 1166 1994 1206 ze-

413 1233 667 1289 dificandi
698 1243 991 1300 exercent,
1022 1236 1105 1291 sic
1133 1250 1329 1290 norma
1358 1252 1422 1292 ac
1450 1239 1639 1310 regula
1671 1241 1738 1296 ad
1764 1256 1990 1298 accura-

413 1325 618 1381 tionem
658 1326 879 1382 virtutis
919 1325 1197 1391 adhibita,
1241 1328 1383 1383 hanc
1412 1322 1678 1386 rationem
1706 1333 1989 1397 excolere,

410 1424 672 1488 tanquam
700 1418 911 1473 semina
936 1419 993 1474 in
1020 1425 1167 1474 terra
1193 1434 1385 1490 sparsa
1403 1462 1419 1487 ,
1445 1437 1568 1493 qua
1593 1438 1719 1480 cum
1745 1426 1992 1498 neglecta

411 1518 577 1573 sunt,
609 1518 864 1580 pereunt.

482 1601 595 1657 [loc
624 1602 746 1658 loco
773 1603 1103 1673 ambiguitas
1131 1607 1453 1677 quaestionis
1492 1607 1764 1663 exoritur.
1801 1608 1991 1676 Quare

408 1703 563 1749 tanto
591 1693 838 1765 periculo
866 1695 1070 1766 objecti
1101 1715 1295 1754 sumus
1313 1741 1328 1767 ,
1361 1708 1421 1754 ut
1449 1716 1616 1771 penes
1641 1716 1743 1756 nos
1769 1702 1841 1756 sit
1865 1717 1990 1758 esse

408 1785 620 1850 bonos,
654 1794 848 1842 etnon
874 1789 1043 1844 esse?
1083 1798 1143 1844 ut
1185 1805 1297 1846 non
1339 1792 1565 1847 omnino
1608 1792 1739 1848 boni
1785 1792 1987 1850 cilicia-

407 1893 552 1942 mur,
581 1878 675 1935 sed
697 1880 1050 1951 plerumque,
1075 1897 1183 1937 non
1215 1890 1426 1937 tantum
1455 1885 1786 1956 quandoque
1815 1886 1982 1951 mali,

2098 694 2473 767 γυμνάζωμεν
2501 699 2595 753 τὸν
2630 700 2688 755 ἐν
2719 702 2871 773 ἡμῖν,
2898 702 3090 777 ὥσπερ
3124 707 3283 779 σῶμα
3317 712 3384 782 τῇ
3426 712 3685 786 εύμέτρῳ

2098 789 2334 860 κινήσει,
2352 791 2478 862 ὑγιῆ
2506 794 2599 846 καὶ
2616 792 2892 864 εὔρωστον
2915 798 3104 853 τοῦτον
3125 801 3485 876 [παρέξομεν.
3511 807 3579 878 ἢν
3604 807 3681 880 δέ]

2100 881 2174 951 μὴ
2191 881 2431 953 ἀξιῶμεν
2449 884 2559 955 (24)
2577 902 2592 916 ·
2622 888 2809 942 τοῦτον
2831 891 3115 962 ἀσκήσεώς
3128 910 3188 947 τε
3208 880 3301 948 καὶ
3314 897 3680 970 ἐπιμελείας,]

2094 971 2338 1028 ἀσθενῶν
2370 977 2747 1050 ἀμαυρότερος
2785 982 3017 1050 γίνεται,
3059 985 3155 1038 καὶ
3188 987 3340 1052 τέλος
3370 991 3684 1062 ἀμελούμε-

2095 1083 2185 1131 νος
2221 1069 2521 1142 πηροῦταιο
2563 1072 2651 1141 ἐφ’
2690 1075 2822 1145 ήμῖν
2846 1075 2903 1128 δέ
2934 1079 3191 1150 τυγχάνει
3218 1083 3494 1153 πανταχοῦ
3534 1085 3681 1157 λόγῳ

2093 1157 2172 1229 τῷ
2207 1159 2264 1212 ἐν
2298 1162 2430 1232 ἡμῖν
2481 1163 2805 1235 κεχρῆσθαι,
2848 1167 3038 1240 ὥσπερ
3079 1172 3128 1223 oi
3174 1172 3273 1244 τὴν
3327 1175 3682 1249 οἰκοδομικὴν

2098 1251 2373 1320 μετιόντες
2404 1252 2482 1325 τῷ
2513 1255 2774 1328 γνώμονι,
2830 1261 2966 1332 πρὸς
3008 1261 3108 1334 τὴν
3136 1266 3334 1338 ἀρετῆς
3365 1270 3680 1340 ἀκρίϐειαν,

2094 1343 2187 1396 καὶ
2212 1344 2402 1399 τοῦτον
2424 1354 2713 1420 γεωργεῖν,
2730 1350 2919 1426 ὥσπερ
2943 1358 3008 1427 τῇ
3039 1359 3109 1428 γῇ
3133 1357 3201 1411 τὰ
3231 1362 3679 1435 καταϐαλλόμενα

2096 1435 2413 1508 σπέρματα·
2450 1440 2615 1515 ἅπερ,
2644 1444 2861 1500 ἐπειδὰν
2892 1447 3165 1522 ἀμεληθῇ,
3192 1450 3593 1526 διαφθείρεται.

2176 1611 2442 1666 Ἐνταῦθα
2453 1612 2517 1685 δὴ
2533 1614 2593 1667 τὸ
2614 1615 2913 1686 ἀμφίϐολον
2933 1620 3237 1677 ἀνακόπτει
3254 1625 3356 1697 τῆς
3368 1623 3675 1700 ζητήσεως.

2091 1700 2248 1792 Τίνος
2281 1702 2442 1774 χάριν
2470 1703 2549 1775 τῷ
2577 1721 2643 1772 γε
2664 1707 2904 1780 τοσούτῳ
2924 1711 3154 1784 κινδύνῳ
3184 1717 3674 1792 παραϐεϐλήμεθα.

2088 1788 2174 1859 ἐφ’
2206 1791 2421 1855 ἑαυτοῖς
2471 1792 2686 1863 ἔχοντες
2733 1797 2795 1849 τὸ
2845 1798 3189 1868 σπουδάζειν,
3217 1807 3310 1858 καὶ
3345 1809 3454 1878 μή;
3600 1813 3674 1884 μὴ

2090 1881 2307 1946 πάντως
2340 1883 2579 1951 ἀγαθοὺς
2619 1887 3022 1956 ἀποτελεῖσθαι,
3056 1892 3172 1947 ἀλλ’
3196 1894 3229 1966 ἢ
3258 1896 3335 1961 ὡς
3360 1899 3456 1952 ἐπὶ
3486 1900 3550 1954 τὸ

405 1973 802 2040 necessarium,
832 1990 942 2029 non
972 1975 1294 2045 simpliciter
1325 1978 1452 2033 utile
1480 1979 1806 2048 periculum.
1835 1979 1971 2034 Alio-

2089 1971 2172 2037 λὺ,
2199 1973 2260 2027 οὐ
2290 1975 2449 2046 μόνον
2465 1975 2611 2032 ἐστιν
2633 1980 2744 2046 ὅτε,
2773 1984 2997 2050 κακοὺς,
3022 1988 3336 2057 ἀναγκαῖος,
3361 1992 3462 2065 οὐχ
3485 1994 3674 2060 ἁπλῶς

400 2064 500 2134 qui
547 2081 578 2117 a
626 2072 746 2121 toto
773 2065 1127 2133 aberramus,
1159 2075 1387 2139 totoque
1420 2068 1855 2125 frustrarentur:
1900 2082 1971 2127 et-

2089 2066 2379 2139 ώφὲλιμος,
2408 2073 2437 2124 ὀ
2463 2071 2723 2138 κίνδυνος·
2750 2076 2955 2131 ἐπείτοι
2979 2079 3073 2132 τοῦ
3109 2083 3327 2155 παντὸς,
3349 2084 3673 2160 διαμάρτοι-

402 2157 547 2211 enim
577 2157 623 2213 si
652 2156 872 2214 fecisset
892 2174 996 2216 nos
1019 2158 1186 2228 Deus,
1210 2168 1269 2215 ut
1289 2176 1397 2216 non
1415 2176 1705 2234 possemus
1732 2176 1971 2234 peccare,

2089 2174 2187 2228 μεν
2229 2160 2315 2215 ἄν.
2364 2162 2428 2215 Ei
2474 2162 2583 2235 γὰρ
2625 2167 2927 2239 πεποίηκεν
2969 2171 3167 2241 ἡμᾶςό
3202 2173 3334 2240 Θεὸς
3373 2156 3673 2244 ἀδυνάτους

402 2265 683 2321 nunquam
709 2249 840 2306 facti
863 2267 1110 2309 essemus
1139 2253 1267 2308 boni
1291 2273 1306 2322 ;
1338 2255 1516 2310 bonus
1539 2255 1685 2312 enim
1715 2256 1857 2326 apud
1883 2256 1971 2310 ho-

2089 2250 2257 2323 πάντη
2318 2254 2454 2327 πρὸς
2493 2257 2791 2330 ἁμαρτίαν,
2833 2261 2933 2315 οὐκ
2973 2262 3040 2317 ἂν
3079 2266 3384 2337 γεγόναμεν
3435 2271 3669 2341 aneos-

400 2343 579 2398 mines
602 2353 719 2409 est,
751 2344 844 2415 qui
871 2345 1058 2414 justus
1085 2354 1139 2402 et
1170 2354 1506 2417 temperatus
1534 2354 1620 2403 est
1646 2366 1661 2405 :
1695 2348 1971 2404 abstinens

2089 2343 2284 2411 ἀγαθὸς
2332 2346 2431 2417 μὲν
2477 2348 2586 2421 γὰρ
2616 2351 2685 2415 ,ἐν
2708 2348 3014 2424 ἀνθρώποις
3044 2357 3075 2409 ὁ
3100 2357 3309 2424 δίκαιός
3338 2379 3397 2415 τε
3432 2364 3528 2418 καὶ
3560 2367 3671 2421 σώ-

401 2444 587 2491 autem
637 2437 705 2492 ab
756 2436 1027 2509 injustltia
1074 2437 1134 2492 fit
1172 2438 1401 2509 justus;
1446 2447 1501 2496 et
1540 2438 1755 2513 fugiens
1783 2440 1971 2496 intem-

2089 2452 2251 2506 φρων·
2270 2438 2610 2510 ἀπεχόμενος
2635 2442 2692 2496 δέ
2715 2444 2815 2515 τῆς
2840 2446 3073 2513 ἀδικίας,
3094 2450 3299 2518 γίνεται
3322 2453 3555 2522 δίκαιος·
3575 2461 3673 2512 καὶ

399 2530 704 2598 perantiam
747 2538 1103 2601 temperatus.
1147 2529 1423 2588 Potestate
1471 2533 1640 2605 igitur
1669 2532 1978 2587 contrario-

399 2637 520 2676 rum
551 2633 905 2693 comparatur
934 2632 988 2679 et
1017 2625 1323 2696 acquiritur
1354 2626 1634 2697 possessio
1663 2627 1975 2681 contrario-

396 2729 542 2768 rum.
578 2711 649 2769 Ut
676 2715 724 2771 si
753 2716 879 2786 quis
906 2732 1018 2770 non
1066 2716 1272 2773 habeat
1325 2724 1653 2787 potestatem
1681 2717 1975 2787 ,intempe-

396 2806 623 2872 rantiae,
657 2821 769 2861 non
797 2808 978 2879 possit
1012 2807 1137 2864 fieri
1160 2816 1472 2879 temperans
1501 2829 1513 2864 :
1547 2825 1659 2864 non
1685 2810 1833 2864 enim
1863 2824 1973 2865 non

395 2912 557 2968 posse
578 2897 862 2969 suscipere
880 2899 1335 2971 incontinentiam
1358 2942 1371 2964 ,
1397 2899 1529 2955 facit
1550 2901 1972 2967 continentiam;

393 3005 496 3047 nec
534 2989 813 3049 infirmum
852 3006 974 3047 esse
1008 2993 1078 3047 ad
1120 2992 1450 3064 injustitiam
1491 2993 1622 3050 facit
1653 2995 1970 3065 justitiam:

394 3079 492 3135 sed
523 3094 687 3150 posse
712 3079 894 3136 facere
915 3120 930 3146 ,
962 3082 1176 3138 ratione
1206 3099 1336 3139 vero
1366 3084 1644 3141 abstinere
1674 3098 1741 3141 ne
1771 3084 1971 3152 faciat,

392 3173 509 3227 haec
535 3179 619 3228 est
643 3173 820 3229 virtus
847 3175 1224 3245 temperantiae
1244 3184 1298 3232 et
1316 3176 1576 3248 justitize;
1599 3188 1653 3233 et
1676 3193 1788 3234 non
1810 3194 1974 3249 posse

392 3264 572 3319 solum
594 3304 611 3331 ,
642 3264 739 3321 sed
779 3280 810 3319 a
841 3272 1042 3324 natura
1078 3267 1302 3323 invitari
1329 3276 1384 3324 et
1418 3269 1664 3335 titillari,
1697 3277 1758 3326 ut
1788 3272 1971 3342 aliqua

2080 2531 2297 2601 φεύγων
2343 2534 2638 2591 ἀκολασίαν
2683 2538 2914 2611 σώφρων
2962 2543 3327 2604 ἀποτελεῖται,
3376 2552 3444 2605 Ἡ
3488 2556 3673 2610 τοίνυν

2076 2620 2294 2686 ἐξουσία
2324 2624 2435 2679 τῶν
2464 2628 2717 2683 ἐναντίων
2758 2630 2857 2703 τὴν
2904 2634 3189 2706 κτῆσιν....
3224 2639 3333 2704 Ὧς,
3369 2640 3426 2696 εἴ
3455 2659 3540 2709 τις
3594 2649 3672 2719 μὴ

2078 2715 2136 2768 ἐν
2173 2716 2392 2790 ἐξουσίᾳ.
2433 2720 2731 2787 ἀκολασίας
2768 2725 3047 2795 τυγχάνοι,
3086 2729 3317 2802 σώφρων
3343 2736 3445 2788 οὐκ
3480 2736 3547 2790 ἂν
3579 2715 3671 2808 is;

2076 2827 2239 2863 νοιτο.
2259 2811 2394 2884 Φαίη
2417 2813 2525 2886 γὰρ
2546 2814 2612 2869 ἄν
2650 2833 2736 2879 τις
2759 2817 2889 2889 (25)·
2909 2819 3006 2884 Τίς
3032 2823 3162 2894 γὰρ,
3184 2820 3294 2889 οἷός
3310 2844 3372 2880 τε
3389 2826 3467 2882 ῶν
3493 2836 3670 2886 ποιεῖν

2076 2902 2397 2969 ἀκόλαστον,
2424 2905 2485 2958 ού
2538 2907 2871 2981 πεποίηκεν;
2900 2913 2960 2965 ού
3003 2912 3113 2986 γὰρ
3147 2916 3424 2990 ἀδυναμία
3468 2923 3669 2977 ἀκολα-

2078 2996 2200 3061 σίας
2228 3001 2373 3051 ποιεῖ
2416 3000 2793 3074 σωφροσύνην,
2823 3005 2942 3058 οὐδὲ
2987 3007 3240 3064 ἀσθένεια
3272 3012 3410 3084 πρὸς
3452 3015 3669 3071 ἀδικίαν

2076 3090 2222 3143 ποιεῖ
2247 3090 2625 3164 δικαιοσύνην·
2657 3094 2793 3151 ἀλλά
2832 3097 2894 3151 τὸ
2942 3098 3204 3155 δύνασθαι
3236 3104 3336 3174 μὲν
3374 3107 3665 3178 πράττειν,

2075 3180 2219 3254 λόγῳ
2263 3182 2322 3236 δὲ
2372 3184 2702 3256 ἀπέχεσθαι,
2733 3188 2956 3263 τοῦτοή
3006 3193 3178 3267 ἀρετὴ
3219 3198 3582 3271 σωφροσύνης
3608 3217 3669 3254 τε

2076 3276 2171 3329 καὶ
2200 3275 2564 3349 δικαιοσύνης·
2600 3281 2695 3334 καὶ
2728 3282 2850 3354 οὐχ).
2876 3283 3136 3340 δύνασθαι
3173 3289 3666 3366 mammam;

392 3372 521 3413 vera
551 3362 671 3414 laus
699 3357 771 3412 sit
792 3358 1034 3415 voluisse
1053 3373 1165 3414 non
1190 3358 1372 3416 facere
1395 3379 1410 3416 :
1436 3366 1551 3417 haec
1571 3362 1717 3418 enim
1738 3405 1754 3431 ,
1777 3371 1832 3419 et
1860 3379 1971 3419 non

2089 3367 2173 3456 τῆς
2194 3368 2410 3437 φύσεως
2453 3353 2816 3444 ἐρεθίζεσθαι,
2847 3376 2935 3431 ἵνα
2965 3395 3050 3444 τις
3076 3353 3663 3456 καὶ-ἀληθῆςςεπαινος

391 3448 499 3502 alia
548 3447 782 3505 inveniri
836 3455 1018 3521 potest
1062 3448 1207 3519 apud
1253 3450 1505 3507 homines
1555 3452 1776 3518 virtus,
1824 3450 1970 3509 Deus

2089 3455 2103 3532 ᾗ
2142 3459 2238 3514 τοῦ
2293 3461 2368 3534 μὴ
2413 3463 2675 3534 πράττειν
2720 3467 3028 3541 αἱρεῖσθαιο
3056 3470 3196 3545 αὕτη
3229 3447 3341 3547 γάρ
3365 3447 3529 3551 μόνη,
3569 3447 3664 3535 καί

389 3541 537 3594 εηίω
570 3555 682 3596 non
727 3547 813 3596 est
852 3540 1139 3597 vocandus
1182 3550 1533 3613 temperans,
1582 3550 1680 3599 aut
1718 3542 1882 3601 fortis
1917 3552 1970 3601 et

2089 3552 2170 3605 ιύκ
2210 3551 2347 3644 ἀλλη
2381 3571 2466 3619 τις
2491 3555 2741 3630 εὑρεθείη
2776 3540 2927 3633 παρά
2968 3540 3278 3636 ἀνθρώποις
3302 3540 3663 3644 ἀρετῆς-Θεὸν

389 3632 497 3687 alia
528 3631 845 3704 huiusmodi
870 3673 887 3699 ,
915 3631 1190 3704 siquidem
1235 3647 1406 3704 supra,
1447 3634 1749 3690 humanam
1790 3637 1966 3692 virtu-

388 3733 499 3781 tem
529 3732 615 3783 est
649 3745 662 3781 :
694 3726 800 3781 etsi
830 3726 977 3780 enim
1007 3726 1212 3781 dicitur
1234 3727 1453 3796 justus,
1484 3728 1644 3783 aliter
1671 3745 1836 3801 quam
1867 3744 1967 3787 nos

388 3815 610 3870 dicitur.
660 3814 834 3872 Homo
868 3825 1050 3872 autem
1075 3857 1092 3884 ,
1125 3825 1403 3889 quatenus
1446 3820 1641 3887 homo,
1690 3822 1966 3892 quomodo

389 3907 480 3958 fiat
510 3905 689 3961 bonus
710 3947 725 3975 ,
753 3907 1053 3977 quaerimus
1079 3927 1092 3963 :
1129 3909 1425 3976 unicuique
1448 3911 1596 3966 enim
1624 3927 1813 3968 eorum
1844 3930 1966 3985 quae

388 3998 531 4052 facta
562 4006 727 4066 sunt,
759 4014 1018 4055 mensura
1051 4008 1263 4056 natura:
1295 4001 1517 4058 decreta
1559 4011 1615 4059 et
1661 4004 1964 4060 constituta

385 4096 506 4153 est,
527 4104 691 4160 quam
714 4089 934 4161 quidem
964 4092 1203 4147 transire
1227 4100 1281 4148 et
1308 4108 1572 4164 superare
1603 4110 1714 4150 non
1742 4104 1961 4167 potest;

386 4185 481 4239 sed
511 4178 757 4241 deficere
773 4195 951 4256 potest
974 4187 1220 4257 perfecta
1245 4197 1299 4245 ει
1322 4190 1577 4247 absoluta
1601 4194 1799 4250 virtus.
1830 4192 1963 4261 Quae

385 4278 552 4347 igitur
578 4292 838 4334 mensura
870 4277 1080 4335 homini
1114 4280 1182 4336 ad
1209 4283 1469 4339 virtutem
1498 4285 1721 4340 definita
1750 4297 1835 4343 est
1854 4330 1869 4355 ,
1907 4296 1962 4344 et

385 4377 444 4423 ut
470 4368 544 4424 sit
579 4369 784 4425 bonum
822 4373 1198 4443 temperantiae
1240 4385 1295 4429 et
1327 4376 1558 4445 justitia:
1581 4417 1594 4441 ,
1631 4384 1686 4433 et
1727 4379 1959 4433 aliarum

381 4464 687 4518 virtutum?
740 4479 906 4534 supra
960 4464 1076 4521 inec
1121 4466 1266 4523 enim
1311 4476 1371 4522 ut
1409 4469 1573 4525 homo
1621 4470 1695 4526 sit
1742 4470 1955 4535 bonus,

385 4558 502 4614 ﬁeri
535 4574 645 4614 non
676 4567 878 4632 potest.
912 4559 971 4615 Si
998 4561 1144 4617 enim
1169 4563 1531 4632 temperantia
1555 4571 1639 4619 est
1673 4566 1958 4622 continere

382 4650 710 4721 cupiditates
730 4652 1073 4722 voluptatum
1096 4692 1111 4720 ,
1135 4662 1353 4724 oportet
1375 4668 1500 4710 esse
1527 4654 1582 4709 in
1601 4663 1869 4725 potestate
1891 4673 1955 4713 ea

379 4757 503 4814 qua:
535 4747 910 4814 temperantiae
952 4753 1083 4800 sunt
1121 4747 1433 4814 contraria,
1469 4762 1705 4818 quorum
1749 4747 1956 4803 dicitur

378 4837 744 4901 continentia,
779 4853 900 4909 qua!
927 4848 1013 4894 est
1043 4841 1423 4910 temperantiae
1467 4854 1667 4896 nomen
1689 4882 1705 4907 ,
1752 4850 1806 4898 et
1841 4842 1959 4897 oili-

379 4928 525 4983 cium
552 4935 717 4999 atque
746 4944 907 4998 opus.
945 4927 1065 4984 Non
1097 4946 1222 4986 esse
1249 4940 1434 4987 autem
1469 4930 1525 4986 in
1555 4940 1829 5003 potestate
1863 4951 1961 4990 vo-

379 5018 650 5088 Iuptates,
700 5020 1061 5091 privationem
1114 5021 1495 5092 temperantfae
1549 5025 1713 5094 plane
1772 5024 1955 5081 eilicit.

379 5108 588 5167 Similis
620 5112 760 5168 ratio
786 5121 872 5168 est
892 5112 1121 5184 justitiae
1144 5122 1196 5169 et
1230 5115 1462 5170 aliarum
1497 5116 1787 5176 virtutum.

2073 3642 2171 3713 μὲν
2193 3643 2302 3717 γὰρ
2327 3645 2452 3700 οὔτε
2482 3647 2735 3723 σώφρονα
2758 3651 3006 3724 κλητέον,
3030 3655 3154 3712 οὔτε
3180 3658 3450 3732 ἀνδρεῖον,
3466 3642 3566 3720 καὶ
3594 3668 3661 3721 τὰ

2067 3735 2323 3790 τοιαῦταο
2370 3740 2557 3794 ἐπάνω
2604 3743 2713 3816 γὰρ
2748 3746 2847 3819 τῆς
2879 3749 3227 3825 ἀνθρωπίνης
3255 3756 3462 3829 ἀρετῆς
3483 3761 3663 3834 ὑπάρ-

2067 3845 2185 3899 χει·
2214 3830 2317 3886 κᾶν
2340 3832 2547 3898 δίκαιος
2566 3837 2623 3890 δὲ
2644 3838 2896 3910 καλῆται,
2915 3843 3209 3915 ἑτέρως-οὑ
3233 3849 3345 3921 γὰρ
3371 3852 3451 3916 ώς
3471 3830 3656 3923 ἡμεῖς·

2066 3921 2351 4014 ἀνθρωπος
2380 3926 2456 3991 δὲ,
2479 3927 2603 3983 ὅσον
2630 3930 2935 4005 ἄνθρωπος,
2960 3937 3080 4002 πῶς
3101 3938 3167 3993 ἂν
3191 3941 3404 4009 γένοιτο
3428 3921 3657 4014 ἀγαθὸς,

2066 4011 2338 4112 ζητοῦμεν
2357 4036 2371 4051 ’
2413 4021 2632 4094 ἑκάστῳ
2675 4025 2784 4098 γὰρ
2816 4028 2925 4082 τῶν
2955 4032 3257 4102 γινομένων
3288 4011 3491 4108 μέτρον
3522 4039 3659 4112 ῶρι-

2068 4121 2191 4160 σται
2222 4108 2458 4177 φύσεως,
2482 4113 2619 4187 ὅπερ
2653 4117 2955 4192 ὑπερϐῆναι
2979 4122 3080 4193 μὲν
3099 4125 3384 4194 ἀδύνατον,
3412 4133 3476 4185 τὸ

2066 4199 2455 4276 ὑπολειφθῆναι
2488 4209 2707 4284 ἐντελὴς
2732 4213 2921 4288 ἀρετή.
2951 4218 3017 4270 Τί
3044 4219 3223 4274 τοίνυν
3245 4223 3525 4299 ἀνθρώπῳ

2063 4309 2191 4393 τρον
2211 4295 2443 4367 ὥρισται
2463 4302 2600 4374 πρὸς
2633 4305 2834 4379 ἀρετὴν
2864 4311 2959 4363 καὶ
2987 4313 3125 4385 πρὸς
3147 4315 3209 4369 τὸ
3232 4295 3659 4393 γενέσθαιάγα-

2064 4384 2187 4477 θόν,
2225 4393 2545 4467 σωφροσύνη
2594 4414 2653 4450 τε
2699 4400 2795 4453 καὶ
2830 4384 3167 4477 δικαιοσύνη,
3193 4384 3288 4464 καὶ
3318 4413 3526 4468 τᾶλλα·
3564 4384 3659 4472 ἀν-

2062 4475 2279 4549 θρωπον
2308 4482 2417 4553 γάρ
2450 4485 2590 4558 ὑπὲρ
2616 4489 2789 4545 ταῦτα
2818 4495 3071 4562 γενέσθαι
3098 4475 3325 4569 ἀγαθὸν.
3363 4505 3656 4563 ἀδύνατον.

2060 4569 2123 4666 Ei
2160 4570 2218 4625 δὲ
2257 4575 2289 4644 ἡ
2337 4580 2657 4653 σωφροσύνη
2682 4584 2979 4657 ἐγκράτειά
3012 4592 3160 4646 ἐστιν
3181 4593 3406 4666 ἡδονῶν,
3436 4598 3518 4652 δεῖ
3548 4602 3659 4655 τῶν

2059 4661 2547 4760 τῆς-σωφροσύνης
2572 4675 2832 4731 ἐναντίων
2864 4681 2921 4735 ἐν
2946 4682 3165 4757 ἐξουσίᾳ
3189 4661 3505 4760 τυγχάνειν,
3533 4695 3660 4748 καθ’

2061 4747 2136 4856 ῶν
2158 4758 2536 4856 ή·ἐγ.κράτεια,
2577 4770 2930 4844 σωφροσύνης
2967 4747 3151 4848 ξένομά⁸
3168 4797 3230 4833 τε
3257 4747 3354 4835 »ὶὲι
3376 4747 3566 4856 ἔργον.
3585 4789 3659 4841 Τὸ

2058 4847 2115 4901 δὲ
2144 4848 2218 4922 μὴ
2244 4847 2382 4952 εἶναι
2407 4856 2465 4909 ἐν
2487 4855 2707 4931 ἐξουσίᾳ
2732 4862 2838 4917 τῶν
2861 4847 3086 4937 ἡδονῶν,
3105 4870 3368 4944 ἄντικρυς
3387 4847 3655 4952 στέρησιν

2061 4943 2416 5045 σωφροσύνης
2459 4953 2624 5008 ποιεῖ.
2667 4955 3069 5031 Παραπλησίως
3096 4963 3154 5017 δὲ
3178 4964 3291 5036 ἔχει
3327 4943 3656 5045 δικαιοσύνη

2060 5036 2155 5088 καὶ
2178 5035 2365 5094 τᾶλλα.

577 5231 706 5288 CAP.
748 5232 840 5289 lll.
878 5235 961 5290 An
997 5237 1167 5305 potuit
1200 5238 1349 5293 homo
1372 5255 1485 5295 esse
1508 5242 1883 5310 impeccabilis.
1922 5244 2100 5302 Virtus
2136 5251 2287 5308 nulla
2319 5257 2432 5312 sine
2456 5276 2652 5333 pugna.
2696 5266 2838 5324 Puer
2866 5287 2972 5326 non
3009 5272 3164 5329 habet
3192 5278 3433 5337 οἱνιιεεε,

451 5323 508 5380 Si
537 5327 662 5397 quis
710 5342 843 5383 vero
878 5338 1072 5385 contra
1103 5329 1285 5396 dicat,
1335 5333 1649 5404 oportuisse
1697 5351 1799 5391 nos
1840 5352 1951 5392 non

376 5432 501 5474 esse
533 5429 691 5490 aptos
722 5421 790 5476 ad
811 5423 1158 5494 suscipienda
1196 5425 1472 5480 contraria
1497 5426 1796 5483 virtutibus
1822 5468 1838 5496 ,
1891 5438 1952 5483 ut

448 5559 561 5630 (24)
588 5559 687 5642 Μῂ
719 5560 819 5642 ἀξ.
853 5561 954 5618 Hic
975 5565 1253 5642 _nonnplla
1281 5567 1474 5642 deess_e
1497 5566 1772 5642 videntur.
1809 5570 1961 5642 (Qua:

378 5632 837 5710 nosnsnpple‘ndo,
862 5634 1021 5710 un_cis
1050 5635 1390 5710 inclusimus.
1418 5637 1599 5710 Εοιτ.)

450 5700 562 5775 (25)
584 5700 746 5771 dmin
776 5706 884 5772 γὰρ
913 5704 991 5760 ἄν
1011 5723 1119 5773 τις.
1154 5706 1275 5763 Ηςεε
1302 5708 1500 5764 desunt
1525 5700 1591 5764 in'
1608 5709 1800 5766 Latina
1823 5729 1948 5768 ver-

2131 5344 2193 5399 Et
2244 5347 2301 5443 δέ
2345 5368 2427 5415 τις
2468 5354 2772 5427 ἀντιλέγοι,
2802 5361 2879 5426 ὡς
2915 5364 3032 5419 δέον
3062 5369 3210 5439 ἡμᾶς
3255 5372 3656 5443 ἅνεπιδέκτους

2059 5430 2197 5490 εἶναι
2224 5439 2332 5495 τῶν
2360 5443 2616 5503 ἐναντίων
2638 5450 2934 5522 ἀκολασίας
2960 5475 3021 5512 τε
3054 5430 3151 5515 »ἑὰι
3187 5430 3432 5533 ἀδικίας,

2069 5577 2223 5669 siqne
2257 5579 2508 5669 Turriani
2545 5587 2759 5669 {Dicat
2805 5594 2941 5649 enim
2996 5597 3215 5669 aliqua,
3249 5617 3319 5656 an
3361 5605 3436 5659 sit
3486 5609 3651 5662 homo

2059 5655 2151 5721 qui
2181 5655 2346 5708 possit
2372 5655 2547 5724 facere
2569 5660 3023 5736 intemperantem,
3056 5655 3107 5724 εὶ
3143 5655 3248 5727 non
3286 5655 3435 5744 feci}.
