3838 6158
192 318 337 377 1⁵157

1289 322 1663 385 Αονειιευε
1700 307 2130 381 MANtcuAaos
2168 317 2299 376 LIB.
2342 318 2406 374 ll.

3324 315 3458 371 “58

189 440 222 491 ὁ
249 435 396 501 θεὸς,
419 434 577 492 οὐδὲν
596 434 785 510 ἓτερον
808 438 838 491 ό
861 436 1099 502 τοιοῦτος
1129 436 1296 508 λέγει,
1321 441 1354 511 ἢ
1386 442 1461 507 ὠς
1494 443 1613 497 δέον
1640 437 1781 495 εἶναι

1888 436 2368 508 intemperantiam
2416 442 2473 491 et
2506 434 2867 507 iniustitiam,
2918 434 3065 491 sicut
3097 431 3272 500 Deus;
3323 421 3457 486 nihil

189 530 341 600 ἡμᾶς
367 529 471 583 οὐκ
498 527 819 602 ἀνθρώπους
838 545 852 559 ο
885 527 1073 600 ῶσπερ
1106 528 1173 584 ἄν
1204 546 1312 596 τις,
1339 533 1497 587 ἀετὸν
1529 534 1641 588 ἄνω
1675 548 1777 586 που

190 620 417 691 θεωρῶν
469 621 673 693 ὑψηλὸν
725 621 1059 694 ίπτάμενον,
1115 624 1450 697 ἀγανακτοίη
1503 625 1648 680 κατὰ
1680 626 1780 697 τῆς

191 712 364 767 ἵππου
402 714 639 785 φύσεως,
678 716 772 769 καὶ
820 716 1033 786 πικρῶς
1080 717 1294 783 κακίζοι
1326 719 1552 790 ταύτην,
1599 719 1675 783 ὡς
1705 719 1780 792 μὴ

193 806 590 879 παραπλησίαν
646 811 712 879 τῇ
756 808 849 862 τοῦ
887 801 1082 876 ἀετοῦ,
1142 810 1261 865 δέον
1302 811 1468 867 ἵππον
1519 812 1595 876 ὡς
1643 812 1781 886 πρὸς

194 893 369 947 ἵππου
403 895 564 965 φύσιν
611 896 907 964 ἐξετάζειν.
955 899 1276 972 ’Ἄνθρωπον
1314 901 1379 975 δὴ
1419 903 1718 974 πεποίηκεν
1750 899 1794 957 δ’

194 985 332 1050 Θεὸς
357 985 451 1040 τὸν
484 987 793 1059 ἄνθρωπον,
818 988 997 1063 ψυχὴν
1016 990 1079 1062 δὴ
1109 993 1244 1063 μετὰ
1272 992 1522 1064 σώματος
1541 1011 1555 1025 ο
1590 1012 1775 1065 σωμα-

191 1080 349 1145 τικὺς
382 1078 490 1152 γάρ
539 1082 686 1135 ἐστιν
735 1083 976 1155 οἰκήτωρ
1005 1084 1235 1156 κόσμου.
1263 1078 1432 1149 Οὗτος
1466 1086 1644 1139 τοίνυν
1682 1085 1780 1141 ἐὰν

194 1174 425 1244 γένηται
470 1174 695 1245 ἀγαθὸς,
725 1176 848 1230 ὅσον
878 1180 1046 1249 χωρεῖ
1077 1158 1366 1251 ἀνθρώπου
1410 1178 1593 1249 φύσις,
1629 1181 1779 1234 εύδό-

196 1286 362 1341 κιμος
391 1268 458 1324 ἂν
505 1269 776 1342 εὑρεθείη.
825 1271 952 1336 Πῶς
995 1272 1063 1326 ἂν
1100 1268 1193 1327 οὖν
1237 1274 1451 1343 γένοιτο
1495 1274 1780 1348 ἄνθρωπος

195 1359 424 1430 ἀγαθὸς,
466 1359 749 1435 ζητητέον,
780 1364 830 1417 εί
880 1363 1177 1435 πεποίηκεν
1214 1365 1395 1420 αὐτόν.
1429 1364 1639 1422 Οὐκοῦν
1683 1368 1779 1421 ἄν·

197 1452 418 1524 θρωπος
450 1452 658 1522 γένοιτο
698 1453 923 1523 ἀγαθὸς,
950 1455 1001 1508 εί
1030 1453 1265 1527 σώφρων
1293 1456 1378 1529 εῐη
1413 1456 1509 1510 καὶ
1538 1456 1743 1522 δίκαιος
1762 1476 1776 1489 ’

197 1541 250 1592 εἰ
272 1539 382 1611 γὰρ
401 1539 579 1594 ἔνεστι
610 1540 805 1612 βελτίω
831 1543 1031 1615 τρόπον
1051 1543 1337 1616 ἄνθρωπον
1360 1547 1610 1617 γενέσθαι
1638 1549 1778 1618 ἀγα-

197 1631 312 1698 θὸν,
342 1633 614 1689 αίτιατέον
634 1633 727 1688 τὸν
758 1635 821 1707 δη
831 1638 1263 1710 μιουργήσαντα,
1282 1642 1363 1695 ὅτι
1396 1640 1471 1713 μὴ
1496 1642 1616 1696 κατ’
1638 1643 1781 1696 ἐκεῖ-ι

197 1741 291 1779 νον
322 1725 559 1794 ἀνέδειξε
613 1726 706 1781 τὸν
753 1727 1040 1799 ἄνθρωπον
1095 1732 1318 1800 ἀγαθόν.
1352 1733 1415 1786 Et
1461 1733 1519 1787 δὲ
1565 1735 1689 1788 ὅσον
1722 1736 1780 1788 ὲν

1884 531 2033 587 aliud
2065 531 2155 586 hic
2177 531 2333 595 dicit,
2366 544 2530 601 quam
2563 538 2818 600 oportere
2845 544 2947 584 nos
2978 542 3088 582 non
3114 540 3239 581 esse
3277 522 3458 578 homi-

1882 640 1983 680 nes
2011 643 2024 678 :
2059 632 2119 678 ut
2172 623 2220 677 si
2275 622 2399 692 quis
2430 628 2704 691 spectaret
2751 621 2990 691 aquilam
3021 620 3075 674 in
3104 617 3339 674 sublime
3366 630 3462 669 vo-

1881 716 2109 782 lantem,
2132 722 2185 769 et
2214 721 2566 770 succenseret
2596 721 2806 768 natura:
2828 712 2976 785 equi,
3004 725 3236 781 eamque
3266 707 3464 765 acerbe

1879 809 2214 880 vituperaret
2274 816 2537 878 tanquam
2592 806 2917 864 dissimilem
2970 812 3183 860 natura:
3222 800 3460 873 aquilas,

1880 917 2005 955 cum
2036 907 2312 972 oporteret
2343 915 2547 973 equum
2592 916 2661 956 ex
2697 905 2896 954 natura
2926 896 3057 968 equi
3084 894 3459 953 considerare.

1883 990 2032 1047 Sane
2063 990 2283 1062 quidem
2306 991 2585 1047 hominem
2617 989 2747 1045 fecit
2772 987 2937 1055 Deus,
2963 987 3058 1059 qui
3090 992 3237 1044 esset
3264 985 3460 1049 homo;

1880 1085 2118 1140 animam
2184 1086 2317 1140 item
2364 1098 2490 1139 cum
2541 1097 2810 1153 corpore,
2865 1081 2995 1152 quia
3047 1086 3134 1136 est
3184 1077 3464 1134 habitator

1880 1175 2068 1231 mundi
2100 1189 2421 1246 corporeus.
2457 1172 2559 1229 Hic
2588 1173 2758 1246 igitur
2795 1172 2842 1231 si
2895 1171 2988 1227 ﬁat
3016 1171 3194 1226 bonus
3217 1210 3233 1236 ,
3280 1168 3464 1241 quoad

1879 1276 2077 1323 natura
2107 1266 2348 1322 hominis
2381 1267 2591 1337 patitur
2615 1306 2630 1331 ,
2660 1273 2939 1337 spectatus
2971 1273 3026 1320 et
3057 1263 3325 1336 probatus
3371 1275 3462 1319 re-

1881 1361 2145 1431 periatur.
2181 1358 2466 1426 Quomodo
2500 1367 2681 1414 autem
2732 1358 2827 1412 ﬁat
2880 1358 3047 1413 homo
3078 1356 3321 1429 probus,
3375 1353 3462 1409 in-

1879 1452 2209 1523 quirendum
2257 1459 2341 1507 est
2395 1460 2559 1523 atque
2607 1450 2998 1522 requirendum
3028 1464 3060 1505 a
3109 1447 3243 1513 Deo,
3276 1454 3461 1502 utrum

1881 1543 2073 1600 fecerit
2105 1560 2253 1600 eum.
2305 1542 2479 1599 Homo
2512 1545 2679 1616 igitur
2724 1543 2815 1599 ﬁet
2842 1544 3046 1608 bonus,
3083 1543 3131 1599 si
3156 1540 3228 1598 sit
3256 1548 3466 1610 tempe-

1879 1652 2013 1693 rans
2041 1644 2095 1692 et
2118 1637 2345 1707 justus:
2384 1638 2428 1693 si
2465 1638 2610 1692 enim
2669 1637 2833 1692 liceat
2878 1635 3105 1691 meliore
3141 1632 3304 1688 modo
3345 1631 3463 1686 lteri

1884 1731 2162 1785 hominem
2197 1730 2403 1786 bonum
2427 1771 2442 1795 ,
2478 1730 2826 1786 accusandus
2875 1729 2949 1786 sit
2982 1728 3126 1785 Deus
3151 1766 3166 1792 ,
3218 1727 3313 1798 qui
3369 1725 3465 1780 illo

195 1814 490 1889 ἀνθρώπου
524 1817 684 1888 φύσει
710 1819 864 1874 οὐδὲν
899 1820 1127 1892 βέλτιον,
1156 1824 1423 1879 ἐπιδέοιτο
1454 1824 1522 1879 ἂν
1572 1824 1782 1898 ἄνθρω-

1888 1822 2046 1878 modo
2075 1823 2460 1893 praestantiore
2486 1838 2598 1878 non
2632 1822 2760 1879 iecit
2790 1822 3067 1879 hominem
3100 1821 3329 1877 bonum.
3365 1815 3465 1873 Sin

197 1925 302 1972 πος
323 1909 677 1984 σωφροσύνης
700 1911 795 1966 καὶ
820 1911 930 1967 τῶν
947 1912 1123 1968 ἄλλων
1141 1931 1153 1945 ο
1182 1913 1464 1988 ζητητέον,
1489 1916 1607 1981 πῶς
1629 1912 1786 1982 αὖθις

196 2002 422 2058 δυνατόν
447 2021 511 2073 γε
540 2003 826 2078 ἄνθρωπον
859 2004 1117 2081 σώφρονά
1152 2026 1212 2062 τε
1244 2009 1341 2063 καὶ
1381 2009 1588 2066 δίκαιον
1611 2008 1781 2065 εἶναι·

197 2094 450 2166 βούλεται
492 2095 601 2169 γὰρ
654 2098 826 2153 ταῦτα
868 2094 1006 2154 εἶναι
1063 2101 1227 2156 αὐτὸν
1269 2104 1298 2156 ό
1352 2102 1781 2176 δημιουργήσας.

196 2187 411 2243 Οὐκοῦν
440 2190 765 2264 σωφροσύνη
806 2192 929 2265 δίχα
972 2193 1076 2265 τῆς
1118 2194 1213 2249 τοῦ
1254 2196 1501 2250 ἐναντίου
1544 2197 1779 2270 παραθέ-

197 2298 343 2346 σεως
374 2283 476 2337 οὐκ
507 2281 575 2336 ἂν
618 2283 858 2353 γένοιτοο
890 2284 1092 2356 ὁμοίως
1118 2286 1175 2339 δὲ
1219 2288 1313 2341 καὶ
1356 2288 1703 2362 δικαιοσύνηο
1732 2292 1781 2344 εί

194 2375 256 2429 δὲ
289 2376 387 2448 μὴ,
414 2376 517 2431 ούκ
543 2375 611 2432 ἂν
641 2377 728 2450 εἴη
763 2379 1085 2451 σωφροσύνη
1113 2380 1235 2435 οὔτε
1269 2381 1603 2454 δικαιοσύνη.

1889 1923 2071 1972 autem
2097 1924 2364 1988 quantum
2394 1917 2449 1971 in
2480 1923 2679 1972 natura
2710 1914 2951 1971 hominis
2982 1914 3147 1969 situm
3188 1919 3296 1977 est,
3329 1911 3466 1965 nihil

1888 2009 2118 2075 melius;
2147 2024 2288 2080 opus
2320 2016 2405 2065 est
2435 2008 2642 2064 homini
2674 2007 3035 2078 temperantia
3055 2046 3070 2071 ,
3126 2013 3183 2062 et
3215 2004 3466 2075 justitia,

1888 2102 2120 2173 aliisque
2164 2100 2483 2157 virtutibus.
2539 2099 2640 2156 Hic
2684 2115 2882 2156 rursus
2933 2097 3288 2171 quaerendum
3338 2105 3464 2160 est,

1889 2196 2166 2267 quomodo
2204 2194 2370 2251 homo
2403 2199 2740 2265 temperatus
2772 2201 2829 2249 et
2859 2192 3047 2264 justus
3080 2206 3203 2248 esse
3240 2197 3420 2262 potest
3449 2208 3463 2244 :

1890 2289 2007 2343 vult
2034 2290 2181 2345 enim
2209 2289 2305 2359 qui
2333 2303 2459 2344 eum
2494 2286 2642 2356 fecit,
2672 2294 2734 2342 ut
2772 2285 2898 2342 talis
2930 2285 3022 2343 sit;
3056 2285 3230 2358 Igitur
3259 2292 3470 2355 tempe-

1889 2382 2070 2438 rantia
2098 2381 2218 2437 sine
2249 2379 2661 2451 comparatione
2715 2386 2771 2434 et
2824 2378 3177 2451 contentione
3204 2375 3468 2432 contrarii

198 2468 321 2523 ﬁeri
370 2484 482 2524 non
527 2478 738 2541 potest;
796 2472 1050 2529 similiter
1091 2473 1347 2545 iustitia:
1381 2446 1588 2543 alioqui
1638 2446 1921 2546 nunquam
1958 2475 2064 2531 erit
2094 2446 2476 2544 temperantia,
2506 2486 2686 2542 neque
2714 2446 2948 2540 iustitia.

272 2604 337 2658 Εί
373 2605 430 2658 δὲ
464 2608 538 2678 μὴ
588 2609 672 2677 εἰη
701 2605 891 2660 τοῦτον
925 2606 1015 2660 τὸν
1041 2607 1241 2681 τρόπον
1273 2603 1781 2680 δυνατὸνίγενέσθαι

194 2695 406 2750 δίκαιόν
439 2714 498 2751 τε
543 2698 635 2752 καὶ
680 2698 963 2771 σώφρονα,
998 2701 1099 2753 οὐκ
1140 2700 1205 2753 ἄν
1239 2700 1412 2766 ἄλλως
1449 2702 1658 2772 γένοιτο
1688 2705 1783 2760 ἄν·

195 2787 422 2861 θρωπος
449 2788 655 2853 δίκαιός
682 2807 741 2843 τε
765 2793 858 2844 καὶ
891 2789 1124 2864 σώφρων
1143 2810 1156 2822 ·
1193 2793 1286 2847 καὶ
1307 2792 1427 2847 τότε
1449 2794 1686 2864 εὐλόγως
1718 2796 1784 2851 ἂν

196 2883 227 2935 ὁ
254 2881 587 2955 δημιουργὸς
629 2882 943 2955 διαϐληθείη
969 2900 983 2913 ·
1006 2882 1090 2937 δτι
1133 2885 1401 2955 πεποίηκε
1432 2886 1659 2942 δυνατὸν
1685 2888 1784 2943 οὐκ

197 2969 344 3027 εἶναι
377 2975 468 3028 τὸν
516 2975 802 3048 ἄνθρωπον
839 2975 1094 3045 γενέσθαι
1129 2976 1354 3046 ἀγαθὸν,
1396 2978 1540 3048 λέγω
1585 2979 1649 3051 δὴ
1672 2979 1784 3033 σώ-

1961 2612 2118 2681 Quod
2143 2613 2189 2670 si
2219 2613 2323 2670 hoc
2355 2611 2519 2667 modo
2542 2626 2649 2668 non
2680 2610 2857 2682 possit
2882 2607 2997 2665 ﬁeri
3026 2606 3212 2677 justus
3240 2614 3296 2663 et
3324 2613 3468 2660 tem-

1891 2717 2150 2781 peratus,
2196 2723 2309 2763 non
2353 2707 2512 2761 aliter
2544 2703 2636 2759 [iet
2679 2703 2845 2758 homo
2890 2700 3078 2771 justus
3107 2704 3163 2754 et.
3195 2703 3469 2768 tempera-

1889 2810 2018 2857 tus:
2052 2809 2107 2858 et
2136 2808 2268 2856 tunc
2300 2799 2498 2856 merito
2529 2794 2964 2868 reprehendatur
3015 2791 3181 2859 Deus,
3209 2791 3338 2862 quia
3389 2788 3470 2845 fe-

1890 2896 1966 2950 cit
2007 2904 2068 2950 ut
2095 2894 2439 2965 impossibile
2460 2898 2605 2948 esset
2627 2889 2745 2946 ﬁeri
2770 2887 3049 2943 hominem
3078 2885 3309 2951 bonum,
3332 2890 3470 2939 tem-

1891 2997 2140 3057 peratum
2180 2987 2326 3051 dico,
2357 2993 2412 3042 et
2452 2985 2704 3056 justum;
2750 2995 2861 3051 quo
2885 2978 3106 3050 quidem
3158 2976 3319 3032 modo
3348 2985 3470 3030 tan«

198 3067 380 3139 φρονά
424 3085 489 3121 τε
541 3069 636 3121 καὶ
669 3067 896 3133 δίκαιον,
935 3067 1056 3122 καθ’
1089 3069 1147 3122 ὃν
1209 3071 1368 3141 μόνον
1407 3071 1504 3125 καὶ
1534 3072 1782 3145 οὐδαμῶς

1889 3090 2027 3143 ttnn,
2062 3087 2115 3134 et
2138 3080 2291 3135 nullo
2331 3078 2586 3149 quopiam
2620 3075 2729 3129 alio
2768 3073 2986 3129 futurus
3023 3080 3141 3126 erat
3171 3068 3465 3139 gloriosus,

196 3158 390 3230 ἕτερόν
425 3176 549 3213 τινα
581 3159 782 3231 τρόπον
828 3161 1137 3233 εύδοξήσειν
1170 3162 1382 3233 ἔμελλε,
1414 3165 1508 3219 καὶ
1538 3165 1686 3233 ἄξιός
1719 3185 1783 3237 γε

196 3251 305 3322 τῆς
330 3250 424 3305 τοῦ
463 3251 827 3317 πεποιηκότος
863 3253 1054 3322 σοφίας
1093 3254 1604 3327 ἀποδειχθήσεσθαι.
1631 3258 1694 3311 Ei
1728 3258 1784 3310 δὲ

197 3343 452 3414 ἐπιμένοι
487 3346 516 3398 ὀ
550 3344 868 3413 ἀντιλέγων,
896 3345 971 3408 ὼς
1003 3345 1172 3416 ἐχρῆν
1205 3346 1385 3417 φύσει,
1420 3349 1516 3404 καὶ
1547 3350 1607 3403 ού
1640 3350 1785 3422 πόνῳ

199 3435 457 3507 σώφρονα
488 3435 743 3506 γενέσθαι
789 3437 879 3490 τὸν
913 3436 1200 3509 ἄνθρωπον
1222 3479 1237 3504 ,
1286 3439 1466 3506 πάλιν,
1498 3441 1559 3494 τὸ
1589 3442 1641 3494 τί
1671 3443 1785 3495 ἐστι

199 3529 528 3601 σωφροσύνη
563 3529 994 3601 καταλιμπάνων
1015 3573 1028 3596 ,
1070 3531 1160 3585 ἐπὶ
1194 3532 1476 3601 ἀλόγιστον
1519 3534 1729 3604 αἵρεσιν
1758 3537 1787 3589 ό

196 3618 443 3683 τοιοῦτος
486 3618 759 3674 ἐκκλίνει*
808 3619 871 3672 τὸ
923 3621 1019 3692 μὲν
1052 3621 1135 3674 ὅτι
1179 3620 1441 3676 ἀδύνατόν
1482 3625 1629 3676 ἐστιν
1660 3622 1785 3676 ἄνευ

200 3712 562 3786 σωφροσύνης
592 3713 684 3767 καὶ
709 3712 1059 3784 δικαιοσύνης
1086 3713 1235 3780 ἄξιον
1264 3710 1516 3769 εἴναιτοῦ
1557 3731 1786 3785 πεποιη-

199 3805 362 3869 κότος
392 3803 693 3877 τιθέμενος,
726 3804 818 3858 τὸν
858 3804 914 3858 δὲ
940 3805 1141 3877 τρόπον
1172 3807 1272 3877 τῆς
1310 3807 1555 3878 κτήσεως
1581 3805 1785 3861 τούτων

198 3896 480 3963 ἐξετάζειν
513 3898 575 3951 ού
630 3897 983 3969 βουλόμενος⁶
1024 3900 1106 3952 ὃτι
1152 3899 1215 3969 δὴ
1243 3900 1306 3954 τὸ
1348 3899 1531 3971 δεσμῷ
1573 3899 1787 3970 φύσεως

200 3990 530 4060 γιγνόμενον
561 3990 663 4045 οὐκ
698 3991 764 4046 ἂν
792 3992 875 4063 εἴη
921 3992 1267 4066 σωφροσύνη,
1318 3994 1440 4065 ἥτις
1482 3993 1684 4064 ἥκιστά
1723 4011 1785 4062 γε

200 4082 407 4153 ἑτέρως
431 4083 465 4154 ἢ
501 4085 567 4155 τῇ
602 4081 713 4136 τῶν
737 4082 941 4154 ἡδονῶν
967 4083 1281 4138 ἀντιστάσει
1315 4084 1658 4154 γνωρίζεται.
1689 4127 1701 4140 .
1728 4127 1741 4140 .
1770 4126 1783 4139 .

198 4176 375 4229 δεῖται
417 4174 526 4247 ἄρα
575 4175 685 4229 τῶν
737 4175 1171 4248 ἀνθισταμένων,
1220 4177 1308 4231 ἵνα
1358 4169 1644 4248 μαχομέῦη
1694 4178 1788 4231 καὶ

199 4268 485 4341 κρατοῦσα
537 4268 725 4322 τοῦτον
771 4268 943 4341 κληθῇ
1002 4269 1098 4323 καὶ
1144 4268 1369 4341 γένηται
1423 4270 1782 4342 σωφροσύνηο

200 4358 606 4434 παραπλησίως
634 4363 691 4417 δὲ
719 4363 814 4417 καὶ
843 4362 913 4417 τὰ
941 4362 1094 4418 ἄλλα.
1127 4362 1283 4417 Οὕτω
1309 4363 1374 4434 δὴ
1409 4364 1783 4418 κατεσκεύακε

198 4457 295 4511 τὸν
324 4456 642 4529 ἄνθρωπον·
682 4456 841 4525 φύσει
882 4456 981 4527 μὲν
1027 4455 1137 4510 οὔτ’
1170 4455 1376 4524 ἀγαθὸν
1420 4454 1544 4510 οὔτε
1576 4456 1743 4511 κακόν
1765 4474 1779 4488 ·
1816 4441 1859 4496 Ῑ)

200 4546 504 4616 ἐπιτρέψας
534 4547 592 4600 δὲ
625 4545 705 4617 τῷ
734 4546 984 4617 λογισμῷ
1019 4545 1113 4600 τοῦ
1156 4548 1463 4618 κρείττονος
1494 4547 1593 4620 τὴν
1635 4548 1786 4619 αἵρεε

202 4654 309 4692 σιν.
346 4637 409 4691 Εἰ
449 4638 506 4691 δέ
550 4655 630 4692 τοι
693 4639 819 4711 μήτ’
863 4638 1068 4707 ἀγαθὸν
1101 4640 1238 4711 μητὲ
1271 4642 1466 4708 κακὸν,
1497 4641 1548 4695 τί
1569 4640 1636 4696 ἂν
1675 4642 1783 4713 εἴη,

198 4730 388 4786 λοιπὸν
418 4731 684 4804 ζητεῖται.

256 4863 581 4939 ῖΣκοπητεον
612 4880 674 4923 το
712 4869 886 4938 ρραχυ
930 4870 1144 4920 παιδιον
1172 4867 1238 4938 τῇ
1272 4884 1381 4919 των
1410 4860 1598 4937 ἄκρων
1633 4882 1788 4920 αναι-

202 4959 351 5033 ρέσει
373 4958 793 5031 γνωριζόμενον,
814 4959 957 5027 λέγω
981 4958 1045 5031 δὴ
1072 4957 1183 5012 οὔτ’
1207 4957 1410 5027 ἀγαθὸν
1431 4957 1557 5012 οὔτε
1581 4959 1749 5012 κακόν
1769 4976 1781 4989 ·

197 5054 234 5123 ἡ
269 5053 367 5122 μὲν
412 5050 521 5124 γὰρ
564 5051 723 5105 οὐσία
766 5050 956 5105 τούτου
1005 5050 1178 5123 καλή·
1225 5051 1286 5105 τὸ
1328 5051 1385 5105 δὲ
1425 5053 1544 5106 κατ’
1583 5052 1786 5123 ἀρετὴν

195 5151 405 5220 ἀγαθὸν
453 5151 608 5207 οὔπω
660 5152 1047 5225 προσείληφεν.
1108 5150 1266 5205 Οὕτω
1323 5150 1388 5223 δὴ
1437 5151 1532 5205 καὶ
1585 5150 1787 5221 χρυσὸς

196 5246 362 5317 φύσει
396 5247 588 5310 καλός·
630 5246 776 5318 λόγῳ
818 5246 877 5300 δὲ
919 5247 1120 5319 ἀρετῆς
1167 5247 1267 5299 οὐκ
1310 5245 1535 5315 ἀγαθὸς,
1580 5244 1786 5316 ἄψυχος

195 5341 306 5394 ὢν·
341 5340 437 5393 καὶ
487 5339 626 5394 λίθοι
670 5340 844 5412 τίμιοι
888 5339 1314 5412 παραπλησίως,
1359 5338 1455 5392 καὶ
1492 5337 1672 5392 πάντα
1715 5338 1783 5392 τὰ

192 5431 349 5494 ὄντα,
384 5431 616 5486 ἕκαστον
656 5432 800 5487 κατὰ
839 5432 901 5485 τὸ
943 5431 1074 5486 ῐδιον
1109 5433 1166 5486 ἐν
1207 5431 1328 5501 ὄψει
1374 5430 1589 5494 κάλλος.
1625 5429 1783 5483 Κατὰ

192 5525 263 5596 δὴ
294 5525 483 5580 τοῦτον
519 5526 610 5579 τὸν
649 5525 808 5596 λόγον
860 5525 957 5579 καὶ
1005 5524 1290 5597 ἄνθρωπος
1314 5541 1327 5555 ·
1360 5523 1522 5588 καλὸς
1554 5524 1652 5595 μὲν
1692 5523 1787 5577 καὶ

194 5619 319 5673 λίαν
351 5619 517 5683 καλὸς
546 5619 704 5691 οὐσίᾳ
730 5636 789 5672 τε
812 5620 909 5673 καὶ
939 5617 1089 5689 αὐτῷ
1111 5617 1189 5688 τῷ
1212 5611 1350 5672 εἶναι
1370 5635 1385 5648 ·
1411 5618 1473 5672 τὸ
1502 5618 1558 5671 δὲ
1580 5617 1785 5687 ἀγαθὸν

194 5713 262 5768 τὸ
293 5711 383 5767 διὰ
433 5711 605 5783 μόνης
647 5711 851 5785 ἀρετῆς
896 5711 1327 5786 προσγινόμενον
1382 5710 1531 5781 πόνῳ
1565 5710 1780 5764 κτᾶται.

198 5805 294 5860 Διὸ
321 5805 454 5869 Θεὸς
495 5806 583 5859 ἐπ’
635 5803 785 5876 αὐτῷ
828 5801 965 5861 εἶναι
1015 5803 1171 5859 τοῦτο
1218 5803 1556 5875 πεποίηκεν·
1598 5803 1645 5856 εί
1690 5796 1783 5856 οὖν

1886 3181 1940 3228 et
1969 3172 2237 3244 sapientia
2267 3170 2511 3227 auctoris
2546 3168 2631 3225 sui
2687 3168 2887 3238 dignus
2938 3162 3244 3221 habendus.
3279 3160 3336 3215 Si
3370 3174 3470 3214 au-

1887 3274 1993 3321 tem
2025 3265 2118 3337 qui
2152 3264 2516 3326 contradicit,
2559 3266 2875 3332 perseveret
2926 3257 3262 3314 contendens
3307 3269 3470 3327 opor-

1884 3359 2059 3415 tuisse
2092 3365 2313 3422 natura,
2341 3364 2397 3412 et
2432 3372 2543 3411 non
2572 3355 2760 3410 labore
2807 3352 2920 3408 ﬁeri
2950 3350 3227 3405 hominem
3256 3354 3468 3419 tempe-

1885 3456 2136 3517 rantem;
2167 3463 2365 3505 rursus
2397 3446 2486 3501 hic
2524 3447 2785 3500 omittens
2805 3443 2936 3514 quid
2960 3442 3033 3497 sit
3061 3439 3419 3510 temperantia
3450 3479 3464 3501 ,

1887 3542 1954 3597 ad
1988 3540 2295 3611 eligendum
2331 3553 2395 3594 ac
2433 3537 2761 3594 sumendum
2810 3534 2955 3607 quod
2999 3549 3029 3588 a
3068 3533 3279 3587 ratione
3308 3546 3467 3587 aver-

1888 3648 2009 3688 sum
2038 3640 2122 3689 est
2151 3631 2424 3699 declinat;
2458 3638 2573 3684 tum
2608 3629 2736 3700 quia
2776 3626 2929 3698 ponit
2956 3635 3011 3681 et
3035 3625 3259 3689 statuit,
3306 3639 3470 3695 posse

1888 3725 2163 3780 hominem
2196 3724 2315 3781 sine
2347 3722 2707 3794 temperantia
2739 3729 2794 3777 et
2828 3719 3045 3790 justitia
3091 3734 3215 3773 esse
3241 3716 3467 3788 dignum

1887 3824 2111 3872 auctore
2139 3831 2242 3872 suo
2276 3816 2366 3886 qui
2399 3829 2521 3869 eum
2561 3812 2721 3878 fecit;
2752 3819 2866 3865 tum
2893 3809 3020 3880 quia
3053 3824 3162 3862 non
3196 3807 3313 3862 vult
3344 3821 3473 3861 con-

1886 3911 2153 3977 siderare,
2178 3907 2454 3980 quomodo
2478 3888 2759 3979 possessio
2786 3904 2981 3976 harum
3014 3902 3279 3956 virtutum
3315 3914 3468 3954 com-

1886 4011 2145 4075 paretur,
2191 4002 2321 4073 quia
2350 3998 2497 4071 quod
2538 3998 2760 4054 vinculo
2787 4004 2999 4052 natura:
3033 3994 3235 4049 factum
3289 3998 3469 4057 esset,

1887 4108 2167 4169 nunquam
2214 4100 2363 4148 esset
2424 4088 2823 4161 temperantia,
2882 4101 3005 4157 quae
3048 4084 3275 4140 minime
3314 4084 3473 4137 aliter

1887 4203 2050 4259 quam
2107 4186 2493 4243 resistentibus
2547 4182 2917 4251 voluptatibus
2970 4178 3354 4251 cognoscitur;
3413 4185 3471 4230 ut

1888 4295 2141 4353 pugnans
2167 4287 2222 4334 et
2249 4278 2477 4333 vincens
2518 4290 2634 4342 eas,
2668 4281 2895 4331 vocetur
2944 4281 2997 4327 et
3049 4271 3123 4339 sit
3163 4277 3472 4338 temperan-

1889 4375 2003 4430 tia:
2043 4372 2297 4429 similiter
2330 4370 2387 4425 in
2421 4369 2568 4425 aliis.
2603 4365 2696 4423 Sic
2740 4380 2873 4421 sane
2917 4362 3193 4419 hominem
3218 4367 3473 4417 constru-

1890 4468 1988 4535 xit,
2016 4473 2211 4520 natura
2241 4463 2463 4534 quidem
2495 4474 2674 4531 neque
2730 4458 2933 4513 bonum
2993 4469 3168 4525 neque
3224 4453 3426 4506 malum
3452 4491 3468 4515 ,

1889 4559 2240 4615 committens
2290 4552 2493 4610 rationi
2547 4550 2872 4608 electionem
2931 4546 3194 4601 melioris.
3249 4542 3304 4599 Si
3339 4558 3470 4599 vero

1890 4666 2073 4723 neque
2102 4650 2306 4705 bonum
2354 4661 2533 4718 neque
2563 4645 2790 4704 malum,
2821 4641 3089 4714 quaeritur
3114 4637 3246 4709 quid
3274 4644 3467 4693 restet.

1962 4867 2412 4927 Considerandus
2439 4874 2523 4922 est
2548 4881 2683 4937 puer
2709 4880 2912 4935 parvus
2936 4905 2950 4929 ,
3000 4865 3054 4917 in
3092 4876 3201 4932 quo
3228 4862 3473 4917 cernitur

1898 4966 2192 5034 utriusque
2219 4960 2451 5017 extremi
2491 4958 2786 5030 ademptio,
2815 4957 2868 5013 id
2897 4965 3002 5022 est,
3029 4969 3209 5026 neque
3240 4955 3468 5015 bonum,

1889 5072 2068 5127 neque
2096 5054 2299 5109 malum
2328 5066 2451 5107 esse
2492 5049 2803 5107 substantia
2812 5049 2972 5109 enim
2997 5046 3162 5116 hujus
3194 5046 3338 5101 bona
3362 5052 3470 5105 est,

1888 5150 2188 5206 bonitatem
2232 5162 2364 5204 vero
2413 5142 2716 5201 secundum
2747 5142 3003 5197 virtutem
3048 5137 3292 5195 nondum
3328 5138 3475 5192 asci-

1888 5245 1987 5299 vit.
2018 5242 2111 5298 Sic
2140 5243 2269 5297 item
2302 5249 2356 5296 et
2408 5253 2603 5293 aurum
2635 5237 2838 5292 bonum
2870 5241 2957 5290 est
2991 5239 3219 5299 natura;
3259 5230 3473 5285 ratione

1888 5352 2018 5392 vero
2050 5334 2272 5390 virtutis
2299 5348 2408 5388 non
2438 5339 2523 5387 est
2549 5331 2775 5393 bonum,
2806 5343 2931 5383 cum
2970 5326 3043 5381 sit
3078 5323 3470 5390 inanimatum;

1889 5429 2145 5486 similiter
2198 5426 2425 5499 pretiosi
2487 5423 2718 5496 lapides,
2771 5430 2827 5479 et
2896 5420 3080 5477 omnia
3135 5433 3258 5490 quae
3316 5424 3468 5481 sunt,

1887 5519 2314 5591 unumquodque
2358 5514 2660 5573 secundum
2688 5513 2967 5585 propriam
2992 5513 3048 5566 in
3088 5516 3315 5581 aspectu
3345 5507 3469 5577 pul-

1886 5613 2274 5669 chritudinem.
2306 5609 2421 5665 llas
2452 5608 2663 5663 ratione
2693 5606 2857 5660 homo
2900 5604 3064 5660 etiam
3099 5601 3329 5674 pulcher
3358 5605 3468 5664 est,

1885 5703 2045 5760 valde
2093 5702 2320 5773 pulcher
2378 5699 2688 5756 substantia
2744 5706 2799 5752 et
2843 5695 3083 5754 essentia
3117 5694 3237 5765 ipsa
3316 5690 3471 5773 boni-

1885 5806 1971 5855 tas
2027 5811 2157 5853 vero
2200 5810 2296 5867 per
2341 5795 2512 5852 solam
2567 5793 2823 5849 virtutem
2895 5788 3185 5847 aSciscitur
3216 5827 3231 5853 ,
3281 5784 3472 5839 labore
