3838 6158
337 263 470 318 1139

1495 259 1632 314 Τιτι
1672 260 2104 317 BOSTBENSIS
2145 259 2451 317 El’lSCOPl

3454 261 3591 314 1140

332 388 709 451 comparatur.
735 378 945 435 ldcirco
986 378 1115 435 fecit
1141 380 1307 448 Deus,
1340 392 1400 438 ut
1421 383 1523 439 hoc
1552 384 1607 439 iu
1638 392 1908 457 potestate

2030 387 2177 440 ἷδωκε
2211 388 2308 456 μὲν
2336 385 2434 456 τὴν
2462 383 2732 449 ἐξουσίαν,
2761 385 2822 437 οὐ
2856 382 3230 455 προεντέθεικε
3252 382 3308 435 δὲ
3334 385 3399 453 τῇ
3430 384 3590 450 φύσει

333 470 455 542 ejus
482 470 649 526 situm
687 481 873 528 esset:
914 471 961 527 si
1013 471 1179 542 igitur
1210 483 1532 544 potestatem
1564 478 1781 547 quidem
1812 478 1901 533 de-

331 561 507 618 disset
539 562 703 630 Deus,
728 578 841 618 non
886 570 1067 618 autem
1100 575 1312 621 natura;
1345 568 1676 637 praefecisset
1720 570 1908 641 cogni-

332 654 538 710 tionem
564 655 787 715 virtutis
815 665 869 714 et
898 658 1036 723 vitii,
1068 659 1217 715 visus
1248 667 1395 714 esset
1425 676 1629 715 caacum
1663 661 1907 732 aurigam

329 748 522 803 currui
548 749 899 805 velocissimo
929 753 1231 822 praeﬁcere.
1270 750 1367 807 Sin
1398 769 1529 808 vero
1559 754 1720 809 ambo
1742 753 1907 810 simul

334 839 704 907 commiscuit,
732 850 1055 911 potestatem
1102 844 1170 898 ad
1220 844 1603 900 asciscendum
1628 845 1775 916 quod
1803 861 1911 902 me-

335 929 443 986 lius
485 937 591 997 est,
634 940 687 987 et
716 935 1100 1004 cogitationem
1134 935 1203 990 ad
1236 936 1652 992 discernendam
1682 944 1736 992 et
1787 952 1910 992 mu-

334 1021 595 1077 niendam
650 1023 1006 1095 electionem;
1064 1026 1329 1083 artiﬁcem
1386 1029 1606 1099 quidem
1669 1030 1914 1101 aurigam

335 1126 573 1173 mentem
599 1117 887 1175 adhibuit:
919 1120 1035 1175 haec
1074 1128 1257 1176 autem
1292 1135 1515 1175 currum
1551 1130 1760 1177 naturae
1808 1121 1920 1178 sal-

2010 481 2109 551 τὴν
2140 480 2340 549 γνῶσιν
2374 480 2575 552 ἀρετῆς
2618 496 2677 533 τε
2707 480 2803 532 καὶ
2841 478 3058 543 κακίας,
3094 477 3289 547 τυφλὸν
3317 476 3383 530 ἂν
3411 474 3592 539 ἔδοξεν

2014 574 2224 642 ἡνίοχον
2268 574 2494 643 ἐφιστᾷν
2539 571 2744 644 ἅρματι
2793 569 3068 640 ὀξυτὰτῳ-
3109 570 3158 621 εί
3200 568 3257 622 δέ
3300 568 3417 638 ἅμα
3465 583 3592 619 συν-

2014 664 2274 734 εκέρασεν
2300 663 2487 733 ἄμφω,
2538 662 2785 727 ἐξουσίαν
2830 677 2888 713 τε
2923 660 3059 732 πρὸς
3103 659 3295 729 κτῆσιν
3331 657 3426 711 τοῦ
3461 656 3593 709 κα).-

2015 754 2206 817 λίονος,
2246 755 2339 807 καὶ
2368 753 2567 822 γνῶσιν
2607 754 2743 825 πρὸς
2783 752 3050 823 διάκρισιν
3096 751 3190 804 καὶ
3239 749 3373 820 πρὸς
3418 749 3597 815 ἀστρα-

2016 847 2164 900 λειαν
2195 847 2295 917 τῆς
2342 847 2607 919 αἱρέσεως
2627 862 2640 874 ⁸
2666 846 2917 917 τεχνίτην
2949 845 3046 915 μὲν
3080 841 3463 915 προσανέδειξε
3503 840 3595 891 τὸν

2019 938 2232 1009 ἡνίοχον
2263 937 2424 992 νοῦν’
2478 937 2662 991 ἐλάσει
2706 938 2762 990 δὲ
2807 937 2944 990 σῶον
2986 929 3141 1000 οὗτος
3180 936 3242 988 τὸ
3292 934 3446 1006 ἆρμα
3495 933 3597 1002 τῆς

2023 1027 2271 1097 φύσεως·
2313 1027 2427 1097 εἴγε
2459 1029 2568 1101 μὴ,
2603 1027 2857 1092 ὑπνώσας
2920 1025 3065 1080 κατὰ
3105 1026 3168 1079 τὸ
3198 1024 3447 1088 στάδιον,
3486 1020 3598 1075 ὑπὸ

2025 1119 2134 1171 τῶν
2155 1118 2356 1190 ἡδονῶν
2384 1119 2731 1190 ἀναϐληθείη.

335 1225 462 1266 vum
497 1218 551 1267 et
584 1212 912 1269 incolumem
953 1214 1215 1286 agitabit;
1261 1214 1367 1269 nisi
1416 1229 1668 1269 somnum
1714 1215 1771 1269 in
1799 1214 1975 1271 stadio
1996 1214 2239 1284 capiens,
2271 1228 2301 1267 a
2327 1213 2695 1283 voluptatibus
2720 1212 3060 1269 deturbetur.

560 1371 690 1427 CAP.
728 1372 817 1428 lV.
862 1372 1036 1427 Homo
1061 1373 1224 1428 bonus
1250 1382 1300 1427 et
1327 1373 1501 1428 malus
1522 1388 1586 1427 ea:
1607 1374 1897 1443 proposito.
1928 1367 2249 1444 Bene/icium
2278 1382 2354 1429 est
2382 1373 2602 1439 homini,
2634 1387 2784 1441 posse
2812 1371 3091 1426 admittere
3109 1379 3397 1441 peccatum.

411 1528 727 1586 Substantia
758 1529 977 1600 quidem
1014 1538 1069 1586 et
1102 1538 1297 1586 natura
1327 1531 1556 1601 pulcher
1594 1539 1680 1588 est
1712 1531 1909 1597 homo,

340 1630 399 1677 ut
420 1638 636 1687 aurum,
666 1630 726 1677 ut
757 1623 894 1695 lapis
940 1623 1216 1694 pretiosus
1244 1664 1260 1690 ,
1309 1631 1368 1678 ut
1400 1638 1539 1694 opus
1572 1623 1699 1690 Dei;
1737 1625 1914 1680 bonus

340 1729 490 1780 vero,
516 1723 610 1769 aut
641 1723 832 1770 contra
882 1717 1077 1780 malus,
1121 1717 1437 1786 proposito:
1475 1717 1589 1772 hrec
1637 1716 1784 1771 enim
1813 1716 1912 1771 ad-

2092 1534 2264 1605 Οὐσίᾳ
2283 1534 2381 1603 μὲν
2397 1535 2490 1588 καὶ
2508 1533 2667 1603 φύσει
2685 1531 2781 1587 ἄνθ
2789 1549 2971 1604 ρωπος
2983 1530 3167 1595 καλὸς,
3188 1528 3499 1600 ὼςχρυσὸς,
3519 1526 3599 1589 ὡς

2019 1624 2166 1689 λίθος
2195 1625 2391 1694 τίμιος,
2413 1625 2489 1689 ὡς
2513 1625 2673 1696 ἔργον
2700 1623 2835 1677 Θεοῦ
2855 1640 2868 1654 ·
2906 1622 3108 1692 ἀγαθὸς
3145 1621 3203 1675 δὲ
3227 1622 3259 1692 ἦ
3288 1619 3602 1674 τούναντίον

2022 1718 2187 1782 κακὸς
2208 1718 2461 1789 προθέσει
2480 1733 2493 1746 °
2510 1715 2685 1770 ταῦτα
2709 1716 2818 1787 γὰρ
2842 1713 2992 1784 αὐτῷ
3021 1714 3352 1785 παράκειται
3371 1713 3495 1783 μὲν,
3524 1711 3602 1774 ὡς

335 1808 524 1877 jacent
557 1808 609 1864 ei
650 1814 911 1879 tanquam
963 1824 1086 1879 quae
1140 1809 1257 1865 ﬁeri
1302 1817 1558 1880 possunt.
1613 1808 1918 1876 Qualitates

2030 1807 2330 1878 πραχθῆναι
2347 1806 2637 1876 δυνάμενα·
2666 1804 2778 1878 (26)
2802 1803 3087 1875 ποιότητές
3115 1805 3251 1856 εἰσιν
3267 1802 3601 1872 ἐπισυμϐαί-

339 1913 471 1956 vero
498 1899 796 1955 adveniunt
829 1906 883 1955 et
914 1899 1324 1971 adjunguntur,
1357 1899 1661 1956 secundum
1696 1900 1921 1955 institu-

341 1996 460 2050 tum
504 2005 616 2061 quo
647 1991 902 2057 ducitur,
936 1997 990 2045 et
1021 1990 1323 2047 secundum
1369 1990 1688 2046 electionem
1722 2005 1920 2060 propo~

342 2081 469 2148 siti;
501 2088 562 2136 ut
599 2080 845 2151 nequitia
874 2095 995 2151 qua:
1049 2081 1107 2135 in
1140 2081 1356 2137 actione
1395 2081 1652 2137 consistit
1701 2081 1879 2139 solum
1902 2120 1917 2144 ,

342 2181 472 2228 ante
503 2173 772 2233 actionem
805 2188 916 2227 non
953 2173 1174 2229 exsistit
1228 2188 1325 2244 per
1378 2187 1458 2229 se.
1509 2171 1684 2247 Habet
1737 2181 1920 2226 tamen

342 2266 509 2322 homo
542 2271 869 2336 potestatem
903 2263 1161 2335 nequitiae
1185 2304 1199 2329 ,
1256 2280 1423 2335 quam
1456 2271 1636 2335 potest
1666 2264 1918 2333 operari:

342 2357 529 2422 habet,
566 2357 812 2427 inquam,
848 2363 1171 2427 potestatem
1218 2356 1361 2426 ejus,
1386 2370 1497 2411 non
1528 2364 1588 2410 ut
1619 2369 1739 2410 eam
1790 2369 1921 2424 ope-

341 2458 514 2514 retur,
549 2450 645 2506 sed
678 2457 737 2505 ut
764 2464 875 2505 non
915 2464 1149 2520 operans
1175 2465 1292 2505 eam
1315 2489 1330 2514 ,
1368 2450 1609 2520 optimus
1638 2457 1916 2519 appareat.

345 2540 406 2597 Si
437 2542 581 2597 enim
614 2557 722 2597 non
759 2551 903 2599 esset
928 2558 1096 2613 penes
1125 2554 1250 2599 enm
1287 2542 1448 2605 actio,
1476 2540 1755 2596 videretur
1786 2540 1920 2595 sub-

344 2636 425 2690 ire
446 2635 800 2690 invidentiam
830 2634 1110 2691 Creatoris
1131 2674 1146 2699 ,
1189 2640 1249 2688 ut
1302 2633 1527 2688 haberet
1559 2632 1919 2702 impedimen-

342 2734 459 2781 tum
496 2726 942 2797 approbationis,
992 2734 1047 2781 et
1089 2726 1452 2797 privationem
1502 2725 1803 2791 libertatis;
1859 2732 1920 2778 ut

343 2819 439 2889 qui
469 2834 576 2873 non
606 2818 831 2873 haberet
876 2818 931 2871 in
986 2826 1255 2888 potestate
1286 2833 1387 2873 sua
1429 2817 1593 2873 situm
1617 2857 1632 2880 ,
1670 2824 1729 2871 ut
1773 2823 1920 2872 esset

343 2910 556 2978 bonus;
589 2921 648 2965 ut
689 2910 803 2980 jam
835 2910 1078 2965 conditio
1109 2917 1401 2981 partesque
1433 2917 1664 2974 naturae,
1697 2924 1818 2979 quae
1863 2909 1918 2964 in

344 3001 568 3056 homine
614 3000 904 3074 inferiores
935 3002 1220 3070 videntur,
1279 3003 1563 3059 verissime
1608 3001 1919 3072 superiores

2021 1913 2229 1959 νουσαι,
2266 1894 2407 1949 κατὰ
2438 1897 2538 1966 τὴν
2571 1894 2930 1965 ἐγγινομένην
2964 1892 3186 1963 ἀγωγὴν
3221 1892 3318 1947 καὶ
3340 1894 3440 1963 τῆς
3470 1909 3601 1964 πρε-

2022 1988 2223 2051 θέσεως
2256 1988 2466 2059 αἵρεσιν
2488 2004 2501 2018 ·
2529 1986 2604 2051 ὡς
2634 1988 2733 2058 τὴν
2757 1988 2955 2040 κακίαν
2978 1988 3035 2041 ἐν
3064 1985 3259 2058 πράξει
3285 1986 3448 2057 μόνον
3477 2003 3603 2038 συν-

2024 2080 2338 2150 ισταμένην,
2364 2080 2491 2149 πρὶν
2518 2080 2847 2151 πραχθῆναι,
2881 2078 2954 2149 μὴ
2984 2078 3313 2147 ὑφεστάναι·
3345 2075 3602 2141 ἐξουσίαν

2025 2172 2204 2244 μέντοι
2236 2172 2348 2243 ἔχει
2382 2172 2577 2234 κακίας
2605 2173 2633 2225 ὁ
2659 2171 2944 2243 ἄνθρωπος
2978 2170 3076 2241 τῆς
3104 2159 3414 2240 πραχθῆναι
3438 2169 3599 2222 δυνα-

2024 2265 2191 2336 μένης
2211 2305 2225 2328 ,
2264 2266 2362 2335 οὐχ
2396 2265 2481 2318 ἴνα
2519 2261 2701 2335 πράξῃ
2734 2262 2972 2335 ταύτην,
3006 2261 3120 2316 ἀλλ’
3153 2263 3241 2316 ἵνα
3277 2262 3352 2334 μὴ
3385 2261 3600 2332 πράξας

2021 2358 2240 2429 ἄριστος
2263 2358 2575 2430 ἁναδειχθῇ.
2603 2359 2665 2412 Et
2693 2359 2802 2429 γὰρ
2841 2356 2998 2409 τοῦτο
3033 2358 3291 2428 πράττειν
3323 2356 3425 2426 τὴν
3449 2354 3601 2420 ἐξου-

2022 2452 2144 2504 σίαν
2176 2451 2275 2503 οὐκ
2300 2446 2434 2521 εἶχε,
2462 2450 2654 2519 φθόνον
2678 2450 2743 2502 ἂν
2771 2447 2946 2515 ἔδοξεν
2976 2448 3199 2519 ὑπέχειν
3222 2447 3315 2501 τοῦ
3336 2447 3599 2518 δημιουρο

2020 2543 2117 2612 γοῦ
2145 2543 2280 2613 πρὸς
2320 2542 2573 2614 ἐμπόδιον
2606 2542 3028 2613 εὐδοκιμήσεως,
3060 2539 3315 2612 καὶπρὸς
3347 2538 3600 2612 στέρησιν

2021 2633 2480 2706 ἐλευθεριότητος,
2515 2634 2590 2697 ὡς
2624 2635 2725 2687 οὐκ
2751 2633 2890 2703 ἔχων
2924 2634 3010 2701 ἐφ’
3038 2630 3218 2702 ἐαυτῷ
3256 2631 3319 2684 τὸ
3346 2628 3600 2698 γενέσθαι

2020 2725 2252 2803 ἀγαθός·
2309 2725 2385 2788 ὡς
2433 2724 2495 2778 τὸ
2548 2724 2738 2778 δοκοῦν
2797 2726 2945 2796 μεῖον
2998 2723 3188 2794 κτῆμα
3235 2721 3601 2792 ἀληθέστατον

2018 2822 2304 2893 τυγχάνειν
2354 2820 2453 2891 τῆς
2490 2818 2705 2890 φύσεως
2749 2818 3149 2889 πλεονέκτημα.
3195 2816 3311 2871 Νῦν
3350 2817 3450 2887 μὲν
3490 2814 3599 2885 γὰρ

2016 2915 2218 2985 ἣκιστα
2231 2911 2367 2984 πρὸς
2386 2912 2505 2982 βίαν
2521 2915 2555 2985 ἡ
2571 2911 2737 2966 κακία
2752 2912 2964 2965 ἔπεισιν
2990 2910 3162 2979 αὐτῷ,
3185 2910 3259 2982 μὴ
3278 2911 3397 2964 κατ’
3413 2909 3602 2962 οὐσίαν

2020 3006 2360 3078 ὑπάρχουσα⁶
2384 3008 2432 3059 εί
2450 3005 2507 3058 δὲ
2527 3005 2600 3076 μὴ
2623 3000 2766 3076 εἶχεν
2782 3004 3028 3069 ἐξουσίαν
3046 3003 3238 3074 αὐτῆς,
3256 3003 3356 3056 οὐκ
3374 3002 3442 3055 ἂν
3458 2997 3605 3072 εἶχεν

345 3105 412 3146 ac
446 3091 777 3148 valentiores
799 3100 1007 3148 essent.
1031 3090 1189 3147 Nunc
1218 3099 1398 3148 autem
1427 3091 1670 3163 nequitia
1696 3092 1920 3148 minime

2030 3098 2105 3166 ἐφ’
2135 3096 2311 3168 ἐαυτῷ
2346 3098 2406 3151 τὸ
2438 3096 2660 3166 φεύγειν
2685 3097 2874 3168 αὐτήνο
2907 3094 3096 3165 φεύγει
3127 3094 3237 3165 γὰρ
3281 3093 3380 3164 οὐχ
3425 3093 3502 3155 ὡς
3546 3091 3605 3144 ὃν

345 3200 445 3256 per
465 3185 573 3240 vim
602 3184 769 3250 subit,
795 3200 920 3240 cum
948 3198 1060 3239 non
1083 3183 1157 3241 sit
1187 3184 1488 3240 secundum
1518 3182 1915 3240 substantiam:

2024 3184 2086 3240 τὸ
2104 3188 2177 3259 μὴ
2192 3187 2271 3253 ὂν,
2291 3187 2404 3260 αλλ’
2421 3188 2497 3251 ὡς
2516 3188 2608 3241 ὑπ’
2619 3186 2785 3242 αὐτοῦ
2805 3184 3058 3256 γενέσθαι
3082 3185 3402 3256 δυνάμενον.

346 3278 475 3336 etsi
514 3277 679 3333 homo
706 3292 815 3333 non
845 3277 1069 3333 haberet
1095 3276 1216 3347 ejus
1255 3282 1603 3347 potestatem,
1630 3290 1741 3331 non
1770 3283 1918 3333 esset
1955 3293 2121 3348 penes
2160 3297 2282 3335 eum
2316 3280 2503 3352 fugere
2564 3294 2684 3336 eam
2748 3298 2762 3335 :
2817 3276 2955 3350 fugit
3005 3278 3149 3333 enim
3192 3292 3303 3332 non
3343 3282 3605 3347 tanquam

346 3366 579 3424 exsistat
622 3367 771 3439 quod
829 3382 941 3422 non
971 3368 1199 3433 exstitit,
1237 3367 1333 3424 sed
1369 3372 1631 3439 tauquam
1666 3367 1723 3423 id
1770 3368 1916 3435 quod
1954 3370 2023 3426 ab
2056 3371 2176 3442 ipso
2206 3371 2322 3428 ﬁeri
2349 3379 2547 3443 potest.

418 3485 704 3552 Quomodo
736 3494 917 3541 autem
947 3485 1042 3556 qui
1071 3483 1186 3541 odit
1213 3485 1418 3541 malum
1438 3526 1453 3551 ,
1484 3485 1630 3556 quod
1661 3486 1927 3556 optimum

346 3588 432 3637 est
452 3589 732 3650 comparet
774 3578 883 3633 nisi
911 3577 1044 3633 illud
1091 3579 1236 3649 quod
1269 3578 1448 3633 facere
1480 3587 1710 3648 poterat,
1739 3579 1929 3635 volens

345 3669 668 3727 recusaret?
721 3669 896 3727 virtus
944 3671 1093 3727 enim
1145 3669 1204 3723 in
1252 3668 1568 3723 hominibus
1601 3684 1738 3739 pene
1792 3670 1930 3725 nihil

349 3764 499 3820 aliud
529 3772 615 3821 est
646 3779 811 3835 quam
851 3763 1126 3820 recusatio
1158 3774 1222 3817 ac
1270 3762 1566 3817 declinatio
1597 3763 1717 3817 vitii
1744 3779 1758 3817 :
1790 3771 1925 3818 tem-

350 3861 572 3926 peratus
600 3857 748 3911 enim
777 3861 893 3920 est,
936 3854 1029 3925 qui
1060 3869 1169 3910 non
1197 3861 1280 3909 est
1309 3854 1717 3926 intemperans;
1743 3860 1798 3910 et
1836 3854 1927 3925 ju-s

350 3952 493 4008 stus,
524 3945 618 4015 qui
669 3958 775 3999 non
816 3951 902 4000 est
948 3943 1221 4013 injustus;
1272 3952 1326 3999 et
1382 3944 1635 4001 similiter
1677 3945 1737 3999 in
1779 3945 1923 4001 aliis.

351 4036 497 4092 Deus
528 4036 673 4091 enim
706 4036 886 4091 bonus
919 4044 1026 4098 est,
1047 4050 1157 4090 non
1194 4035 1322 4105 quia
1343 4050 1453 4091 non
1482 4033 1612 4091 facit
1643 4036 1924 4105 injuriam,

350 4126 571 4181 tametsi
602 4127 811 4196 possit;
853 4125 949 4181 sed
982 4125 1110 4195 quia
1143 4125 1485 4181 solummodo
1510 4128 1783 4183 beneﬁcus
1805 4134 1923 4183 est:

350 4218 704 4286 quamobrem
752 4217 903 4273 solus
952 4224 1037 4273 est
1071 4218 1269 4272 bonus.
1319 4215 1380 4272 In
1435 4218 1749 4274 hominibus
1796 4233 1927 4275 vero

349 4311 554 4365 bonum
603 4325 671 4366 ex
702 4307 831 4381 fuga
882 4310 1008 4363 mali
1045 4309 1282 4380 primum
1336 4309 1591 4378 exsistit;
1640 4310 1800 4380 cujus
1831 4325 1929 4381 po-

2104 3488 2229 3554 Πῶς
2262 3487 2307 3542 δ’
2334 3488 2399 3543 ἂν
2419 3488 2480 3541 τὸ
2505 3488 2801 3559 μισόκακον
2829 3486 3097 3557 ἐκτήσατο
3123 3474 3524 3543 κὰλλιστονῖτόν,
3558 3483 3607 3533 εἰ

2036 3580 2132 3651 μὴ,
2156 3575 2271 3645 οἷός
2295 3597 2354 3633 τε
2391 3580 2466 3634 ὢν
2496 3578 2721 3633 τοιαῦτα
2762 3577 3043 3650 πράττειν,
3090 3576 3232 3630 ἑκὼν
3271 3577 3605 3648 παρῃτεῖτο;

2030 3673 2199 3743 ἁρετὴ
2242 3672 2350 3745 γὰρ
2392 3674 2450 3725 ἐν
2479 3670 2784 3743 ἀνθρώποις
2816 3670 3000 3741 σχεδὸν
3043 3669 3192 3722 οὐδὲν
3231 3668 3417 3741 ἕτερον
3444 3666 3477 3737 ἢ
3508 3682 3611 3718 κα-

2031 3764 2155 3827 κίας
2185 3765 2549 3836 παραίτησις’
2586 3762 2817 3833 σώφρων
2844 3761 2953 3833 γὰρ
2980 3763 3009 3815 ὁ
3043 3761 3117 3832 μὴ
3149 3760 3478 3821 ἀκόλαστος⁸
3512 3758 3609 3811 καὶ

2030 3854 2235 3919 δίκαιος
2258 3857 2287 3909 ὁ
2317 3854 2394 3927 μὴ
2423 3855 2628 3919 ἄδικος,
2665 3857 2758 3910 καὶ
2802 3855 2972 3908 τᾶλλα
3014 3851 3433 3925 παραπλησίως.
3477 3850 3611 3912 Θεὸς

2035 3947 2133 4018 μὲν
2163 3947 2272 4018 γὰρ
2311 3946 2516 4015 ἀγαθὸς
2557 3947 2616 4000 οὐ
2659 3946 2737 4017 τῷ
2776 3946 2851 4018 μὴ
2890 3946 3118 4008 ἀδικεῖν,
3141 3945 3189 3997 εί
3237 3943 3331 3996 καὶ
3361 3935 3609 4001 δῶαται,

2033 4038 2166 4092 ἀλλὰ
2190 4038 2268 4109 τῷ
2298 4038 2457 4109 μόνον
2484 4040 2792 4110 εὐεργετεῖν
2813 4056 2827 4068 ·
2866 4038 2947 4091 διὸ
2979 4038 3071 4091 καὶ
3104 4035 3261 4106 μόνος
3286 4034 3488 4103 ἀγαθός
3509 4050 3524 4063 ο
3552 4033 3610 4085 ἐν

2032 4130 2340 4201 ἀνθρώποις
2361 4130 2418 4184 δὲ
2436 4130 2496 4185 τὸ
2522 4131 2723 4200 ἀγαθὸν
2750 4129 2969 4202 πρῶτον
2994 4132 3058 4201 τῇ
3082 4130 3227 4200 φυγῇ
3246 4125 3342 4179 τοῦ
3368 4126 3611 4197 χείρονος

2036 4224 2386 4277 συνίσταται·
2442 4216 2503 4278 οὗ
2551 4223 2649 4294 τὴν
2699 4220 2947 4286 ἐξουσίαν
2994 4222 3293 4289 ἀναγκαῖον
3344 4218 3615 4287 παρακεῖ-

2037 4314 2181 4380 σθαι,
2214 4316 2280 4369 ἴν’
2308 4317 2405 4370 ἐπὶ
2424 4315 2502 4387 τῷ
2533 4315 2839 4387 βουλομένῳ
2866 4312 3118 4383 γενέσθαι
3147 4309 3337 4380 ἀγαθῷ
3362 4306 3614 4378 τυγχάνῃ

352 4409 603 4459 testatem
633 4417 859 4459 necesse
883 4410 968 4457 est
998 4416 1120 4457 esse
1140 4400 1190 4456 ei
1220 4400 1315 4471 qui
1344 4401 1459 4455 vult
1486 4416 1609 4456 esse
1636 4401 1838 4466 bonus,
1870 4409 1920 4455 ut

2036 4410 2097 4463 τὸ
2130 4409 2206 4482 μὴ
2238 4411 2410 4463 ποιεῖν
2436 4408 2593 4464 αὐτό·
2625 4408 2729 4462 κᾶν
2755 4405 3125 4479 γὰρὸτέλειος
3155 4400 3617 4474 προσαπαιτεῖται

351 4494 425 4552 sit
452 4509 618 4565 penes
648 4494 827 4565 ipsum
886 4509 995 4548 non
1043 4493 1221 4550 facere
1249 4495 1475 4548 malum.
1531 4491 1648 4548 Etsi
1702 4493 1849 4548 enim
1898 4509 1927 4548 a

349 4585 594 4657 perfecto
625 4595 821 4657 prmter
872 4585 1058 4656 fugam
1118 4585 1524 4641 contrariorum
1572 4585 1932 4654 requiruntur

350 4680 517 4736 etiam
544 4681 820 4744 actiones,
868 4678 995 4749 fuga
1027 4686 1210 4735 tamen
1239 4687 1292 4735 et
1322 4676 1617 4733 declinatio
1640 4676 1929 4733 deterioris

350 4773 532 4844 majus
552 4774 685 4844 quid
716 4781 803 4829 est
837 4772 904 4828 ad
930 4772 1328 4844 probationem.
1378 4769 1517 4824 Hinc
1549 4769 1641 4836 lit,
1684 4778 1745 4825 ut
1783 4769 1928 4840 apud

352 4867 602 4923 homines
630 4881 792 4922 nemo
812 4880 1017 4920 vacuus
1045 4880 1076 4920 a
1104 4872 1330 4935 peccato
1352 4863 1692 4933 reperiatur;
1725 4862 1929 4932 quippe

350 4976 478 5018 cum
510 4959 793 5032 probatior
819 4960 891 5014 sit
910 4959 1073 5014 homo
1102 4967 1328 5029 propter
1354 4955 1723 5012 diﬂicultatem
1756 4953 1929 5011 absti-

350 5054 519 5113 nendi
560 5069 591 5108 a
620 5060 849 5125 peccato
880 5071 894 5107 :
926 5049 1369 5123 quandoquidem
1427 5048 1533 5104 hoc
1574 5047 1930 5119 potissimum

352 5148 516 5203 modo
545 5148 791 5219 signatur
808 5147 1017 5214 virtus;
1045 5145 1313 5201 actionem
1333 5149 1514 5199 autem
1540 5142 1741 5199 bonam
1764 5143 1931 5197 etiam

353 5239 498 5310 apud
524 5237 682 5295 valde
708 5239 883 5295 malos
906 5237 1234 5308 reperimus.

420 5330 617 5403 Liquet
644 5333 812 5405 igitur
840 5331 1164 5389 beneﬁcium
1207 5344 1331 5387 esse
1359 5328 1568 5384 homini
1603 5335 1927 5400 potestatem

358 5423 685 5495 suscipiendi
735 5433 1055 5496 peccatum;
1098 5440 1128 5479 a
1158 5439 1269 5495 quo
1308 5422 1527 5495 quidem
1558 5436 1619 5476 se
1650 5420 1932 5476 abstinens

2031 4502 2124 4555 καὶ
2152 4500 2382 4573 πράξεις
2424 4499 2645 4569 ἀγαθῶν
2685 4498 2821 4571 πρὸς
2854 4499 2923 4569 τῇ
2977 4498 3123 4565 φυγῇ
3172 4492 3280 4546 τῶν
3324 4490 3614 4553 ἐναντίων,

2029 4595 2167 4649 ἀλλὰ
2205 4594 2389 4664 μεῖζον
2433 4595 2512 4656 εἰς
2543 4591 2890 4662 εὐδοκίμησιν
2931 4590 2964 4658 ἠ
3009 4586 3156 4657 φυγὴ
3195 4583 3289 4638 τοῦ
3340 4582 3611 4654 χείρονος.

2031 4689 2188 4743 Οὕτω
2215 4689 2314 4759 μὲν
2355 4686 2463 4759 γὰρ
2498 4686 2560 4739 τὸ
2617 4684 2714 4756 μὲν
2754 4684 3048 4738 ἄπταιστον
3102 4677 3254 4751 παρὰ
3296 4675 3614 4747 ἀνθρώποις

2030 4782 2282 4854 οὐδαμῶς
2337 4780 2488 4853 εὖροι
2536 4792 2620 4843 τις
2661 4777 2760 4843 ἂν,
2809 4778 2885 4839 ὡς
2931 4771 3361 4845 εὐδοκιμωτέρου
3403 4769 3614 4839 τυγχά-

2031 4891 2210 4938 νοντος
2230 4873 2318 4927 διὰ
2358 4873 2458 4944 τὴν
2486 4872 2803 4942 δυσχέρειαν
2829 4866 2923 4920 τοῦ
2955 4864 3249 4936 ἀπέχεσθαι
3275 4864 3375 4932 τῆς
3422 4863 3611 4930 ἁμαρ-

2031 4967 2186 5030 τίας·
2230 4966 2417 5037 ἐπειδὴ
2456 4964 2645 5018 τοῦτον
2680 4962 2909 5034 μάλιστα
2941 4960 3032 5013 τὸν
3081 4957 3278 5028 τρόπον
3329 4968 3614 5024 χαρακτηο

2037 5059 2243 5130 ρίζεται
2271 5058 2526 5129 ήὰρετήο
2558 5054 2758 5129 πρᾶξιν
2790 5054 2847 5108 δὲ
2888 5050 3132 5125 χρηστὴν
3164 5048 3259 5101 καὶ
3298 5042 3455 5115 παρὰ
3496 5045 3615 5106 τοῖς

2031 5150 2153 5203 λίαν
2187 5152 2443 5221 πονηροῖς
2467 5148 2815 5220 εὑρίσκομεν.

2102 5328 2271 5399 Δῆλον
2303 5292 2500 5392 τοίνυν,
2528 5327 2604 5391 ὡς
2647 5326 2929 5398 ἄνθρωπος
2969 5320 3334 5394 εὐεργετεῐται
3359 5317 3426 5385 τῇ
3461 5313 3615 5381 ἐξου-

2036 5419 2125 5490 σίᾳ
2170 5417 2265 5471 τοῦ
2320 5416 2692 5489 πλημμελεῖν·
2743 5410 2803 5469 οὗ
2836 5432 2898 5485 γε
2956 5412 3331 5484 ἀπεχόμενος,
3370 5405 3467 5458 καὶ
3515 5402 3614 5472 οὐχ

423 5580 536 5651 (26)
574 5582 913 5652 Ιζοιότητες.
960 5580 1261 5649 Qualitates
1305 5577 1568 5636 bonitatis
1612 5576 1822 5636 scilicet
1873 5574 1930 5633 et
1966 5575 2243 5648 nequitiae,
2282 5574 2396 5633 sive
2426 5573 2647 5633 virtutis
2687 5580 2741 5629 et
2771 5571 2910 5637 vitii,
2944 5580 3003 5627 ut
3032 5570 3246 5628 dicatur
3281 5568 3465 5625 bonus
3525 5566 3610 5621 vel

351 5650 550 5709 malus.
593 5650 766 5707 Tuan.
