3838 6158
197 271 332 325 ΜΗ

1283 264 1651 321 ADVERSUS
1695 262 2116 319 MANICHEOS
2154 259 2284 316 LIB.
2320 258 2387 317 ΙΙ.

3307 252 3437 305 Illi

198 389 424 462 ἑτέρως,
458 388 749 460 εὐδοκιμεῖ.
781 385 1206 459 Ἐλευθεριότητι
1233 385 1519 456 τοιγαροῦν
1553 383 1768 454 τετίμη-

1888 388 2146 452 spectatur
2170 389 2224 434 et
2256 376 2534 448 probatur,
2565 380 2619 428 et
2654 389 2762 427 non
2807 371 2981 426 aliter.
3034 369 3227 422 Libera
3274 368 3440 438 igitur

195 499 291 536 ται
318 479 633 552 ἄνθρωπος,
665 477 864 549 ἀρετῆς
907 495 968 531 τε
1008 477 1107 531 καὶ
1136 476 1332 539 κακίας
1364 475 1566 528 τούτων
1610 473 1769 541 φύσει

1888 479 2139 528 )otestate
2176 468 2392 524 virtutis
2429 473 2484 521 et
2512 465 2631 519 vitii
2655 464 2957 518 honoratus
2985 466 3067 515 est
3092 460 3254 513 homo
3282 496 3296 521 ,
3341 458 3440 511 ha-

196 572 299 643 τὴν
333 548 533 641 γνίῦσιν
581 548 740 642 ἔχων,
794 571 1105 641 δυναμέκων
1158 567 1486 639 πραχθῆναι,
1536 565 1665 637 πρὶν
1714 564 1770 617 δὲ

1888 580 2004 621 iens
2038 570 2233 618 natura
2267 560 2462 615 borum
2493 555 2881 626 cognitionem,
2916 566 3037 621 quae
3078 549 3132 603 in
3167 548 3440 603 actionem

202 660 512 735 πραχθῆναι
547 663 621 733 μὴ
666 662 861 715 όντων·
913 659 1013 715 ποῦ
1047 660 1154 732 γὰρ
1198 660 1263 714 ἂν
1295 659 1391 732 εἴη,
1417 658 1477 710 τὸ
1530 654 1770 727 πραττό-

207 768 387 822 μενον,
407 752 501 804 τοῦ
531 753 860 822 πράττοντος
883 752 955 822 μὴ
979 750 1310 824 ὑπάρχοντος
1332 765 1347 815 ;
1370 747 1530 801 Ὥστε
1563 745 1773 816 γίνεται
1802 750 1814 769 ’

202 843 300 897 καὶ
326 841 640 912 ἀπογίνεται
671 843 841 897 κακία
875 842 1256 914 πραττομένη,
1306 841 1401 895 καὶ
1437 840 1531 911 μή.
1563 837 1769 892 Αὐτίκα

200 935 299 990 καὶ
329 934 489 1001 Θεὸς,
522 934 725 1004 ἀγαθὸς
756 933 831 988 ὢν
850 976 864 1000 ,
908 935 1002 988 καὶ
1044 934 1202 1005 μόνον
1242 932 1549 1004 εὐεργετεῖν
1580 927 1769 992 είδὼς,
1812 922 1815 923 ⁷

200 1026 372 1081 κακὸν
436 1026 532 1097 μὲν
577 1026 729 1079 οὐδὲν
781 1026 913 1097 δρᾷ⁸
967 1021 1089 1078 οὗτε
1138 1025 1196 1078 δὲ
1264 1023 1455 1093 ἀγνοίᾳ.
1509 1021 1772 1092 ἀπέχεται

200 1115 418 1179 κακίας,
449 1114 572 1169 οὔτε
616 1114 886 1187 ἀδυναμίᾳ
912 1115 1143 1186 πάμπαν
1177 1114 1504 1185 κεχώρισται
1547 1111 1771 1182 ταύτης.

200 1205 332 1269 Πῶς
380 1205 489 1277 γὰρ
532 1206 716 1275 άγνοεϊ
758 1209 786 1260 ό
829 1206 1102 1262 διδάσκων.
1143 1205 1216 1278 μὴ
1261 1206 1521 1277 πράττειν
1568 1204 1773 1274 αὐτήνς

200 1295 328 1359 Πῶς
354 1296 412 1350 δὲ
439 1294 663 1365 εῦλογον,
688 1296 757 1349 δι’
814 1296 1114 1367 ἀδυναμίαν
1165 1296 1297 1349 Θεὸν
1331 1292 1630 1364 ἀπέχεσθαι
1674 1307 1772 1343 κα-

200 1387 329 1451 κίας
361 1387 643 1458 ἡγεῖσθαι,
677 1389 737 1441 οὐ
773 1388 881 1460 γὰρ
914 1387 1184 1460 ἀδυναμίᾳ
1220 1385 1314 1440 τοῦ
1352 1386 1607 1456 ἀδικῆσαι
1639 1384 1775 1450 ἀγα-

200 1476 362 1542 Οὸςιὸ
412 1479 647 1547 ἀγαθὸς,
692 1479 828 1534 ἀλλὰ
860 1480 1041 1551 τελείᾳ
1088 1478 1182 1533 τοῦ
1236 1478 1309 1549 μὴ
1365 1476 1647 1549 βούλεσθαι
1678 1475 1772 1528 δυ-

201 1569 385 1642 νὰμει.

1872 656 2058 710 venire
2084 657 2333 724 possunt,
2364 655 2418 703 et
2467 647 2618 719 prius
2661 659 2822 715 quam
2855 642 3096 704 veniant,
3123 654 3231 693 non
3272 642 3397 693 sunt
3424 655 3437 689 :

1874 743 1964 798 ubi
1986 742 2129 797 enim
2165 739 2269 793 erit
2296 736 2441 807 quod
2475 734 2693 805 agitur,
2743 732 2789 787 si
2837 746 2947 784 non
2995 735 3078 784 est
3133 727 3227 797 qui
3279 724 3445 796 agat?

1877 836 2057 904 Quare
2086 832 2238 888 adest
2266 827 2531 899 nequitia,
2564 840 2688 899 cum
2740 830 2824 879 est
2861 821 3003 876 actio
3049 819 3200 888 ejus;
3242 817 3397 871 abest
3425 855 3440 876 .

1878 942 2001 983 cum
2027 940 2138 980 non
2162 930 2264 979 est.
2294 921 2568 976 Continuo
2612 916 2777 972 etiam
2810 912 2954 967 Deus
2980 912 3157 966 bonus
3181 922 3305 964 cum
3335 907 3405 961 sit
3423 944 3442 971 ,

1877 1024 1932 1074 et
1961 1014 2304 1073 solummodo
2333 1010 2631 1073 beneficus,
2653 1006 2787 1061 nihil
2817 1003 2943 1058 mali
2973 1002 3122 1065 facit,
3153 1013 3330 1070 neque
3345 1011 3445 1068 per

1881 1105 2243 1178 ignorantiam
2273 1102 2505 1157 abstinet
2531 1114 2560 1152 a
2593 1095 2833 1167 nequitia
2854 1134 2869 1159 ,
2906 1107 3081 1161 neque
3124 1089 3251 1159 quia
3292 1087 3445 1142 deest

1878 1204 2143 1269 potestas,
2176 1193 2398 1249 omnino
2414 1191 2481 1246 ab
2497 1205 2559 1245 ea
2577 1188 2653 1257 sej
2663 1193 2858 1241 unctus
2873 1180 3272 1249 est.‘Quomodo
3298 1178 3442 1234 enim

1876 1290 2089 1360 ignoret
2115 1284 2434 1356 nequitiam,
2471 1295 2631 1352 quam
2667 1278 2853 1340 docet,
2908 1290 3016 1330 non
3044 1271 3300 1327 adbibere
3323 1283 3442 1323 eam

1879 1380 1946 1434 ad
2001 1376 2316 1433 actionem?
2370 1371 2654 1438 Quomodo
2716 1383 2910 1424 rursus
2961 1364 3160 1420 rationi
3211 1375 3446 1417 consen-

1877 1477 2103 1523 taneum
2130 1472 2215 1522 est
2247 1464 2581 1523 existimare,
2610 1459 2738 1528 quia
2766 1457 2908 1512 desit
2941 1453 3199 1526 potentia,
3241 1450 3383 1505 Deus
3414 1464 3443 1502 a

1878 1560 2120 1631 nequitia
2151 1554 2459 1612 abstineat?
2491 1567 2602 1608 non
2628 1549 2773 1605 enim
2800 1549 2889 1603 ille
2919 1547 3011 1617 qui
3043 1553 3127 1601 est
3164 1543 3315 1600 solus
3347 1542 3446 1595 bo-

204 1676 331 1725 nus,
355 1660 485 1732 quia
510 1656 620 1717 non
647 1669 827 1733 potest
863 1661 1103 1733 injustus
1129 1677 1272 1728 esse,
1306 1662 1485 1717 bonus
1518 1666 1641 1724 est;
1682 1654 1779 1713 sed
1816 1653 1944 1725 quia
1998 1649 2295 1723 perfectam
2326 1652 2650 1718 potestatem
2686 1642 2849 1696 habet
2879 1654 2987 1695 non
3039 1635 3254 1693 volendi
3302 1631 3445 1701 inju-

202 1755 432 1809 stitiam.

344 1862 474 1919 CAP.
512 1863 583 1922 ν.
625 1863 762 1921 Deus
783 1883 884 1921 non
908 1876 1075 1936 potest
1105 1868 1278 1936 facere
1303 1869 1578 1938 injustam.
1614 1860 1842 1918 Mutatio
1865 1852 2092 1908 hominis
2119 1849 2187 1903 ad
2218 1846 2423 1903 uitium.
2458 1842 2812 1914 Impossibilis
2839 1839 3104 1894 conversio
3133 1837 3289 1892 unde.

275 1983 341 2036 Et
384 1981 441 2036 δὲ
481 1983 768 2055 λέγοιμεν,
807 1985 881 2051 ὡς
937 1987 998 2039 οὐ
1046 1986 1266 2041 δύναται
1320 1986 1451 2050 Θεὸς
1494 1985 1676 2040 ἄδικόν
1725 1999 1777 2034 τι

1950 1970 2007 2026 Si
2042 1976 2222 2023 autem
2251 1964 2520 2027 dicamus,
2546 1977 2655 2017 non
2695 1973 2858 2031 posse
2886 1955 3055 2011 Deum
3106 1952 3309 2034 aliquid
3361 1953 3447 2007 in-

207 2077 465 2147 ποιῆσαι,
707 2046 770 2149 δή
820 2046 1028 2150 φαμεν·
1074 2080 1135 2133 τὸ
1177 2079 1357 2150 μέντοι
1402 2046 1477 2150 μὴ
1522 2076 1777 2131 δύνασθαι

1888 2061 2085 2129 iustum
2132 2054 2313 2110 facere
2339 2095 2353 2120 ,
2396 2061 2544 2110 recte
2596 2049 2814 2122 quidem
2845 2046 3112 2112 dicimus;
3161 2049 3402 2099 attamen
3429 2083 3444 2106 ,

206 2168 270 2219 οὐ
319 2166 454 2237 πρὸς
496 2167 777 2237 ἀσθένειαν
822 2169 1089 2242 ἕλκομεν,
1144 2171 1279 2226 ἀλλά
1326 2172 1461 2243 πρὸς
1502 2169 1779 2241 ἀκρότητα

204 2256 302 2312 τοῦ
339 2258 414 2329 μὴ
442 2258 743 2329 βούλεσθαι,
787 2262 880 2321 καῖι
909 2262 1046 2333 πρὸς
1075 2263 1134 2316 τὸ
1157 2263 1527 2335 ἀμετάστατον
1554 2261 1653 2332 τῆς
1680 2258 1776 2313 τοῦ

210 2348 452 2419 χείρονος
484 2352 894 2421 παραιτήσεως·
927 2352 1191 2422 ἄτρεπτος
1225 2351 1333 2424 γὰρ
1362 2350 1436 2405 ὢν
1468 2350 1563 2422 τὴν
1595 2348 1775 2419 φύσιν,

209 2442 476 2512 ἄτρεπτον
524 2441 636 2512 ἔχει
681 2442 740 2496 τὸ
788 2441 862 2514 μὴ
906 2442 1188 2512 βούλεσθαί
1230 2461 1282 2496 τι
1341 2442 1507 2496 κακὸν
1548 2441 1772 2512 δρᾶσαι·

210 2533 350 2586 ὥστε
382 2534 603 2587 δύναται
648 2535 778 2604 μὲν,
813 2536 874 2588 οὑ
909 2535 1012 2607 δρᾷ
1062 2535 1119 2588 δὲ
1164 2534 1419 2605 ἀτρέπτῳ
1442 2536 1507 2604 τῇ
1557 2531 1648 2586 τοῦ
1703 2532 1776 2604 μὴ

214 2624 494 2695 βούλεσθαι
523 2624 701 2694 φύσει.
735 2627 844 2679 Καὶ
872 2626 1043 2689 οὕτως
1059 2626 1156 2678 οὐκ
1171 2624 1466 2679 ἔστικακία
1483 2624 1632 2695 παρὰ
1660 2624 1779 2696 Θεῷ

210 2713 273 2767 οὐ
306 2713 464 2784 μόνον
492 2713 568 2784 τῷ
609 2714 682 2785 μὴ
728 2714 1044 2783 ὑφεστάναι,
1087 2714 1221 2767 ἀλλά
1253 2715 1385 2787 μηδὲ
1422 2714 1498 2785 τῷ
1544 2716 1778 2787 πράττε-

214 2805 357 2858 σθαι.
400 2805 618 2878 Ἐπειδὴ
648 2806 704 2858 δέ
740 2824 853 2869 πως
876 2806 1180 2879 ἀνθρώποις
1209 2807 1308 2860 οὐκ
1344 2806 1490 2861 ἐστιν
1516 2807 1779 2879 ἄτρεπτος

218 2897 606 2968 ἦπαραίτησις
642 2898 832 2967 αὐτῆς,
866 2897 967 2952 κάν
999 2915 1084 2962 τις
1123 2898 1448 2969 ἀναϐεϐήκει
1490 2899 1624 2969 πρὸς
1654 2900 1780 2969 ἀρε-

210 2987 334 3059 τὴν,
363 2989 708 3061 πραττομένη
755 2989 913 3060 μόνον
944 2985 1082 3042 εἶναι
1135 2989 1299 3051 δοκεῖ,
1334 2990 1454 3059 οὐχὶ
1494 2989 1550 3041 δὲ
1581 2989 1673 3042 καὶ
1705 2989 1778 3059 μὴ

214 3079 560 3151 πραττομένη
584 3082 944 3153 προϋπάρχει.
973 3081 1127 3134 Οὕτω
1155 3082 1251 3152 μὲν
1278 3080 1341 3152 δὴ
1371 3082 1462 3134 τὸν
1494 3080 1778 3152 ἄνθρωπον

211 3170 507 3241 τετίμηκεν
558 3172 587 3223 ὁ
632 3171 790 3234 Θεὸς,
827 3172 947 3224 κατ’
984 3171 1166 3224 εἰκόνα
1212 3168 1404 3223 ἑαυτοῦ
1445 3169 1779 3242 δημιουργή-

213 3277 408 3323 σαντος
420 3261 581 3315 αὐτόν
601 3279 614 3292 ο
641 3263 708 3315 ἵν’
739 3262 927 3336 ὥσπερ
961 3263 1121 3325 αὐτὸς
1142 3261 1538 3334 ἐλευθεριότητι
1569 3263 1781 3332 φύσεως

213 3348 437 3417 ἀγαθὸς,
470 3349 612 3404 οὕτω
641 3350 705 3420 δὴ
746 3352 838 3405 καὶ
858 3354 886 3404 ό
918 3352 1199 3424 ἄνθρωπος
1227 3350 1618 3423 ἐλευθεριότητι
1652 3368 1785 3422 προ-

215 3439 419 3504 θέσεως
442 3439 689 3514 ζηλωτὴς
719 3443 936 3515 ὑπάρχῃ
961 3442 1116 3512 Θεοῦ,
1143 3445 1244 3497 οὐκ
1275 3442 1544 3516 ἀδυναμίᾳ
1571 3444 1785 3514 φύσεως

214 3528 312 3584 τοῦ
358 3532 691 3604 ἁμαρτάνειν
739 3535 1103 3606 ἀπεχόμενος,
1150 3534 1542 3608 ἐλευθεριότητι
1584 3536 1639 3589 δὲ
1687 3535 1787 3607 τὴν

218 3625 421 3699 ἀρετὴν
450 3643 502 3678 τι
510 3625 648 3699 μῶν.

292 3802 477 3858 Ταῦτα
517 3805 573 3858 δὲ
621 3804 870 3876 σημαίνει
904 3805 1002 3876 μὲν
1033 3806 1338 3877 αὐτάρκως,
1374 3805 1466 3859 καὶ
1497 3804 1557 3858 τὸ
1587 3804 1788 3869 πολλάς

225 3892 485 3956 πολλάκις
524 3895 582 3946 έν
627 3894 934 3966 ἀνθρώποις
982 3897 1334 3968 εὑρίσκεσθαι
1394 3897 1530 3968 πρὸς
1587 3897 1788 3970 ἀρετὴν

225 3985 320 4039 καὶ
375 3984 572 4039 κακίαν
626 3986 956 4054 μεταϐολὰς,
1006 3982 1088 4054 οἷς
1139 3988 1206 4042 ἂν
1254 3990 1546 4060 μηδέτερον
1586 3988 1790 4042 τούτων

221 4073 436 4142 παγίως
488 4076 766 4147 ὲνυπὰρχῃ
814 4077 1010 4148 χρονίῳ
1058 4077 1347 4150 συνηθείᾳ’
1400 4079 1499 4131 ὅσα
1541 4078 1638 4149 μὲν
1682 4079 1790 4150 γὰρ

221 4162 435 4232 φύσεως
463 4164 675 4237 ἀνάγκῃ
707 4165 942 4237 δρῶμεν,
977 4166 1178 4221 τούτων
1212 4167 1511 4240 μεταϐολὴν
1543 4170 1642 4222 οὐκ
1673 4171 1793 4222 ὲπι-

221 4252 511 4324 δεχόμεθα·
545 4255 645 4309 ὅσα
689 4255 746 4310 δὲ
787 4256 929 4328 λόγῳ
959 4258 1261 4329 προθέσεως
1310 4259 1591 4330 ποιοῦμεν,
1619 4260 1792 4315 ταῦτα

221 4340 411 4397 ἄλλοτε
453 4342 626 4409 ἄλλως
659 4347 717 4399 ὲν
761 4347 893 4418 ἡμῖν
941 4347 1052 4418 ἔχει
1106 4348 1244 4420 πρὸς
1292 4349 1391 4414 τὰς
1439 4352 1793 4422 ἐγγινομένας

222 4437 292 4506 τῇ
317 4435 568 4507 προθέσει
600 4436 789 4507 ῥοπάς.
818 4438 891 4492 Οὐ
914 4439 1092 4493 τοίνυν
1128 4441 1354 4509 φυσικὸν
1376 4444 1470 4496 καὶ
1497 4443 1793 4513 ἀναγκαῖον

220 4524 527 4590 ἀνθρώποις
567 4526 628 4581 τὸ
674 4528 962 4599 ἁμαρτεῖν,
996 4528 1131 4583 ἀλλά
1172 4532 1551 4602 προαιρετικὸν
1601 4532 1662 4586 τὸ
1694 4550 1794 4586 κα-

220 4620 537 4691 κοπραγεῖν.
569 4618 829 4691 Σημαίνει
865 4620 924 4698 δέ
971 4622 1066 4676 καί¹
1105 4624 1134 4677 ό
1163 4623 1322 4687 πόνος
1361 4625 1459 4696 τῆς
1494 4626 1693 4696 ἀρετῆς
1727 4625 1789 4678 τὸ

221 4711 603 4783 προαιρετικὸν
656 4711 763 4765 τῶν
820 4716 1170 4785 κεκτημένων
1226 4716 1435 4787 αὐτήν·
1488 4710 1569 4780 οἷς
1625 4718 1678 4771 ετ
1736 4734 1789 4769 τι

221 4802 320 4905 καὶ
399 4804 594 4876 μικρὸν
662 4803 919 4875 ἀμελείας
981 4807 1281 4876 ὲγγίνοιτο,
1363 4808 1656 4862 κινδυνεύει
1729 4809 1790 4863 τὸ

220 4909 325 4963 κτη
333 4908 427 4963 μα.

294 5071 357 5125 El
390 5071 445 5125 δέ
478 5090 562 5136 τις
592 5072 733 5127 κατά
754 5073 848 5126 τοῦ
879 5073 1039 5143 λόγου
1071 5073 1311 5145 παράγοι
1341 5072 1433 5125 τὸν
1466 5072 1787 5144 βουλόμενον

225 5159 327 5229 μὲν
356 5158 501 5213 ἐστιν
538 5161 626 5214 ὅτε
673 5161 891 5231 φαύλων
929 5160 1249 5232 ἀπέχεσθαι,
1287 5159 1564 5230 φάσκοντά
1588 5176 1652 5228 γε
1687 5161 1791 5230 μὴν

223 5250 499 5316 ἀδυνάτως
519 5253 694 5325 ἔχειν·
729 5253 1062 5326 μανθανέτω,
1092 5254 1168 5318 ὡς
1190 5254 1401 5326 χρόνιον
1432 5254 1530 5323 μὲν
1561 5253 1655 5305 καὶ
1682 5252 1793 5323 (‘27)

225 5343 370 5398 κατὰ
399 5346 555 5417 σῶμα
575 5346 745 5412 πάθος
766 5349 826 5401 οὐ
860 5347 1056 5420 ῥαδίως
1082 5346 1485 5419 μετακινεῖσθαι
1515 5345 1755 5414 πέφυκεν
1776 5362 1790 5374 '

225 5434 371 5490 οὕτω
399 5436 462 5509 δὴ
497 5438 588 5491 καὶ
630 5440 730 5512 τῆς
759 5439 937 5512 ψυχῆς
969 5436 1081 5505 ἕξις
1110 5441 1210 5493 οὐκ
1239 5438 1438 5510 ἀγαθὴ,
1469 5438 1643 5511 χρόνῳ
1686 5455 1790 5490 πα-

229 5533 408 5599 γεῖσα,
446 5533 546 5585 οὐκ
586 5531 805 5587 εὔκολον
844 5534 955 5605 ἔχει
996 5533 1103 5587 τῶν
1148 5537 1204 5587 ὲν
1238 5532 1405 5604 πολλῇ
1433 5549 1498 5601 γε
1538 5530 1794 5603 σννηθείᾳ

1808 3318 1853 3374 C

1821 4671 1866 4727 D

1878 2168 1987 2207 non
2014 2164 2196 2221 posse,
2232 2162 2342 2201 non
2370 2145 2436 2199 ad
2485 2141 2857 2198 infirmitatem
2914 2137 3224 2200 referimus,
3256 2133 3351 2190 sed
3379 2133 3447 2187 ad

1881 2254 2146 2297 summam
2182 2235 2568 2308 perfectionem
2613 2247 2722 2286 non
2751 2229 2964 2285 volendi
2995 2226 3141 2299 quod
3177 2225 3444 2296 injustuin

1879 2339 1983 2394 est,
2007 2336 2061 2385 et
2115 2329 2183 2382 ad
2231 2323 2626 2381 immutabilem
2659 2319 3079 2375 declinationem
3110 2316 3398 2372 deterioris
3431 2335 3444 2369 :

1879 2437 2003 2477 cum
2030 2420 2176 2475 enim
2210 2417 2282 2473 sit
2307 2413 2608 2472 secundum
2639 2420 2891 2467 naturam
2935 2408 3314 2474 immutabilis,
3342 2407 3448 2460 im-

1879 2510 2140 2567 mutabile
2172 2515 2255 2564 est
2282 2507 2332 2562 ei
2357 2505 2500 2561 nolle
2529 2501 2825 2574 quidquam
2861 2499 2987 2554 mali
3013 2498 3208 2554 facere.
3244 2497 3449 2564 Quam-

1879 2605 2067 2661 obrem
2102 2605 2282 2672 potest
2313 2596 2556 2668 quidem,
2587 2595 2679 2651 sed
2717 2607 2827 2647 non
2862 2590 2993 2645 facit
3014 2597 3209 2645 natura
3246 2590 3446 2644 immu—

1880 2694 2033 2748 tabili
2065 2708 2174 2747 non
2197 2687 2415 2746 volendi
2446 2686 2650 2741 malum
2676 2703 2688 2738 :
2715 2690 2878 2752 atque
2909 2680 2981 2735 ita
3014 2695 3123 2734 non
3150 2686 3235 2735 est
3264 2680 3451 2747 nequi-

1883 2785 1955 2838 tia
1984 2782 2125 2853 apud
2152 2780 2341 2843 Deum,
2366 2792 2475 2832 non
2506 2775 2679 2831 solum
2715 2773 2841 2843 quia
2875 2785 2986 2825 non
3007 2770 3220 2825 exsistit
3243 2785 3337 2840 per
3365 2785 3446 2831 se,

1881 2874 1975 2930 sed
2004 2872 2129 2944 quia
2161 2884 2262 2927 nec
2287 2875 2370 2925 est
2412 2868 2470 2921 in
2519 2864 2751 2919 actione.
2786 2860 2927 2927 Quia
2972 2873 3100 2915 vero
3138 2856 3449 2912 hominibus

1882 2962 2283 3038 quodammodo
2311 2974 2418 3014 non
2443 2965 2527 3013 est
2564 2951 2920 3010 immutabilis
2954 2948 3226 3005 recusatio
3256 2948 3457 3017 nequi~

1881 3061 2011 3123 tiae;
2036 3056 2139 3112 etsi
2172 3054 2297 3125 quis
2327 3051 2396 3106 ad
2424 3050 2674 3105 virtutem
2710 3043 2986 3111 ascendit;
3019 3043 3194 3099 solum
3236 3039 3459 3095 videtur

1881 3163 2003 3206 esse
2039 3145 2302 3216 nequitia,
2339 3142 2467 3197 dum
2498 3148 2583 3196 est
2622 3139 2677 3192 in
2706 3136 2959 3200 actione;
3001 3149 3111 3189 non
3150 3140 3331 3188 autem
3364 3140 3451 3186 est

1883 3247 2009 3295 ante
2025 3233 2413 3293 actionem.Sic
2430 3232 2702 3287 hominem
2721 3229 2863 3285 Deus
2880 3226 3165 3282 honoravit
3179 3224 3457 3279 fabricant

1885 3329 2102 3388 eum-ad
2126 3326 2414 3397 imaginem
2446 3338 2599 3379 suam
2629 3340 2642 3375 :
2675 3328 2735 3375 ut
2763 3320 2905 3374 sicut
2936 3319 3053 3388 ipse
3078 3317 3329 3371 libertate
3353 3328 3453 3368 na-

1887 3433 2023 3479 tura;
2060 3423 2235 3478 bonus
2264 3425 2370 3481 est,
2400 3416 2479 3471 sic
2500 3418 2660 3468 homo
2693 3412 2940 3467 libertate
2969 3407 3234 3480 propositi
3267 3406 3453 3460 imita-

1886 3526 1975 3572 tor
2003 3514 2098 3570 Dei
2126 3519 2307 3577 esset;
2341 3525 2449 3565 non
2480 3507 2762 3563 abstinens
2808 3518 2837 3557 a
2877 3509 3120 3573 peccato,
3160 3498 3287 3570 quia
3314 3496 3454 3553 desit

1889 3615 2097 3663 naturae
2124 3604 2229 3675 ipsi
2261 3608 2525 3675 potestas,
2550 3598 2644 3654 sed
2696 3597 2953 3652 libertate
2979 3592 3246 3666 propositi
3277 3590 3453 3651 virtu-

1888 3711 1995 3757 tem
2034 3699 2335 3754 honorans.

1959 3790 2084 3846 Hmc
2114 3798 2291 3844 autem
2328 3785 2462 3842 satis
2496 3781 2818 3851 abundeque
2849 3777 3129 3835 declarant
3159 3780 3240 3828 tot
3274 3781 3454 3827 muta-

1889 3883 2067 3937 tiones
2100 3880 2169 3935 ad
2200 3879 2454 3934 virtutem
2493 3881 2548 3929 et
2598 3873 2822 3935 vitium,
2868 3882 2990 3939 qua!
3034 3869 3090 3920 in
3137 3862 3454 3919 hominibus

1890 3984 2263 4044 saepenumero
2296 3966 2671 4038 reperiuntur,
2712 3964 2768 4017 in
2813 3960 3018 4031 quibus
3058 3964 3311 4012 neutrum
3356 3955 3455 4009 ho-

1890 4080 2012 4120 rum
2046 4063 2302 4118 diuturna
2334 4054 2732 4113 consuetudine
2768 4053 2874 4107 fixe
2908 4052 3070 4105 inest.
3105 4047 3455 4116 Quaecunque

1891 4156 2035 4213 enim
2111 4152 2439 4208 necessitate
2480 4156 2690 4203 naturae
2728 4142 2995 4207 facimus,
3039 4141 3232 4196 horum
3280 4151 3457 4193 muta-

1890 4251 2095 4304 tionem
2128 4263 2237 4302 non
2273 4243 2625 4314 recipimus,
2677 4249 3018 4308 quascunque
3066 4249 3197 4289 vero
3247 4233 3459 4286 ratione

1893 4338 2161 4412 propositi
2188 4346 2242 4393 et
2267 4333 2680 4392 deliberationis
2718 4330 2983 4392 facimus,
3022 4326 3137 4380 haec
3199 4324 3256 4378 i‘n
3298 4323 3458 4378 nobis

1894 4432 2198 4496 variantur,
2229 4435 2285 4484 et
2312 4427 2448 4481 alias
2496 4426 2653 4480 aliter
2698 4423 2899 4478 habent
2949 4416 3017 4471 ad
3064 4415 3457 4487 prapensiones

1894 4539 2016 4594 quae
2043 4523 2104 4577 in
2140 4519 2422 4592 proposito
2451 4516 2606 4571 fiunt;
2644 4513 2763 4569 Non
2798 4512 2965 4581 igitur
3001 4522 3263 4577 peccare,
3300 4514 3462 4560 natu-

1896 4616 2012 4670 rale
2036 4620 2121 4669 est
2151 4620 2207 4669 et
2267 4609 2639 4666 necessarium
2683 4602 3033 4665 hominibus,
3078 4598 3174 4654 sed
3211 4598 3463 4653 volunta.

1893 4707 2037 4762 rium
2069 4713 2155 4761 est
2185 4702 2534 4758 maleficium.
2572 4697 2823 4752 Declarat
2848 4701 3026 4748 autem
3058 4691 3213 4746 labor
3241 4691 3463 4745 virtutis

1894 4796 2258 4853 voluntarium
2286 4808 2475 4849 eorum
2506 4791 2597 4861 qui
2623 4803 2741 4844 eam
2778 4784 3185 4855 acquisiverunt
3212 4800 3226 4850 ;
3260 4782 3315 4835 in
3341 4783 3461 4851 qui-

1894 4891 1999 4947 bus
2031 4890 2079 4946 si
2115 4889 2335 4960 paulum
2377 4882 2720 4956 negligentiae
2771 4879 2936 4944 insit,
2965 4877 3306 4948 periclitatur
3337 4892 3463 4946 pos-

1895 4982 2073 5039 sessio
2102 4980 2323 5035 virtutis
2351 4986 2533 5050 parta;

1967 5073 2024 5129 Si
2054 5073 2179 5144 quis
2213 5084 2343 5127 vero
2392 5068 2655 5123 adversus
2698 5065 2804 5119 hoc
2850 5060 3119 5132 producat
3154 5074 3313 5124 eum,
3368 5060 3461 5128 qui

1893 5165 2010 5220 vult
2041 5163 2264 5235 quidem
2303 5160 2630 5233 quandoque
2669 5155 2947 5211 abstinere
2992 5168 3023 5207 a
3067 5152 3282 5223 pravis,
3331 5151 3463 5206 dicit

1897 5264 2078 5311 tamen
2131 5270 2191 5310 se
2232 5269 2340 5308 non
2385 5267 2589 5323 posse;
2646 5247 2893 5303 advertat
2936 5244 3086 5316 ipse,
3131 5242 3277 5313 quod
3319 5243 3463 5299 sicut

1895 5348 2123 5404 morbus
2151 5346 2402 5417 corporis
2432 5345 2724 5401 diuturnus
2756 5357 2866 5396 non
2899 5337 3057 5394 facile
3086 5344 3347 5402 mutatur,
3381 5336 3461 5389 sic

1896 5438 2364 5494 animaz‘babitum
2394 5452 2504 5491 non
2536 5436 2738 5491 bonum
2768 5442 3009 5502 tempore
3041 5426 3205 5482 fixum
3240 5444 3346 5483 non
3378 5435 3469 5482 est-

1895 5530 2073 5587 facilis
2098 5529 2242 5584 ratio
2277 5527 2581 5599 depellendi
2617 5527 2671 5580 in
2698 5524 2994 5596 longinqua
3023 5520 3415 5575 consuetudine
3442 5537 3465 5585 ς,

304 5686 417 5761 (27)
451 5691 611 5745 Κατὰ
641 5690 810 5761 σῶμα
839 5689 1027 5760 πάθος
1156 5706 1368 5760 [teram
1402 5687 1645 5745 Mutatur
1670 5701 1782 5743 mor

1888 5701 1916 5754 ι,
1945 5684 2038 5742 cui
2066 5684 2291 5757 depulso
2324 5684 2513 5740 morbo
2548 5680 2790 5740 succedit
2815 5678 3039 5735 sanitas.
3074 5673 3231 5732 Tum
