3838 6158
397 285 532 340 “43

1488 280 1493 285 ’
1526 280 1662 337 TITI
1702 273 2143 338 BOSTllENSlS‘
2163 275 2474 337 EPISCOPI

3486 275 3629 329 ll“

394 400 500 460 nisi
528 397 707 468 majus
736 399 970 468 aliquem
1011 396 1213 452 bonum
1250 397 1478 461 subeat,
1521 414 1631 467 quo
1674 407 1953 467 antegres-

2056 396 2152 469 τὴν
2182 397 2465 466 ἀποφυγήν
2486 412 2500 426 ·
2546 394 2685 466 πλὴν
2714 393 2764 448 εί
2802 394 2875 466 μή
2901 410 2953 447 τι
2999 390 3180 463 μεῖξον
3211 388 3415 462 ἀγᾶθδν
3446 392 3628 457 πάθος

393 507 515 549 sum
547 492 750 544 malum
783 491 1104 560 expellatur.
1152 489 1287 545 liinc
1332 491 1425 556 (it,
1469 498 1528 543 ut
1569 505 1712 559 saepe
1753 490 1950 560 aliquis

394 599 519 637 cum
550 581 808 638 eﬂrenate
836 583 891 637 in
924 594 1081 653 turpe
1116 581 1387 653 quoddam
1418 597 1555 653 opus
1588 582 1842 653 impetum
1875 581 1952 637 fe—

393 676 590 741 cisset,
622 676 708 731 vel
741 676 1079 746 pr0positum
1110 690 1232 730 esse
1271 675 1567 730 adulterari
1588 714 1604 739 ,
1641 676 1757 731 solo
1792 689 1951 744 aspe-

393 774 484 821 ctu
526 767 747 832 mariti,
779 774 928 821 metu
972 767 1321 835 cupiditatem
1368 768 1660 838 repressit,
1706 777 1800 823 aut
1838 783 1952 822 me-

392 855 568 910 moria
598 856 773 926 legum
805 856 859 909 in
894 863 1073 910 mente
1098 865 1374 912 revocata.
1409 858 1565 913 Alius
1593 874 1715 913 cum
1747 858 1950 914 delibe-

391 954 569 1002 rasset
599 947 946 1012 latrocinari,
978 957 1123 1002 metu
1155 950 1404 1019 supplicii
1430 950 1778 1019 cupiditatem
1801 964 1955 1005 coer-

390 1038 520 1091 cuit.
576 1035 668 1092 Sic
729 1044 951 1107 peccata
1001 1053 1165 1107 opera
1217 1046 1344 1094 sunt
1397 1040 1785 1107 allectionum,
1843 1056 1952 1095 non

390 1140 568 1183 autem
615 1144 683 1185 ex
730 1138 925 1184 natura
970 1131 1336 1189 efﬂorescunt.
1382 1132 1725 1189 lionoramus
1772 1141 1952 1189 autem

389 1236 577 1276 omnes
602 1231 655 1277 et
681 1237 927 1278 amamus
947 1265 960 1286 ,
988 1223 1080 1293 qui
1106 1224 1379 1293 mquitatis
1407 1226 1700 1295 participes
1729 1240 1949 1289 sumus,

389 1310 533 1381 leges
564 1328 684 1382 quae
713 1313 988 1369 maleﬁcos
1021 1314 1139 1369 sine
1162 1315 1271 1369 ulla
1295 1317 1648 1372 excusatione
1677 1317 1912 1387 puniunt
1936 1335 1952 1372 :

389 1402 469 1457 sic
483 1405 1026 1475 communiOpinione
1038 1421 1134 1476 per
1147 1421 1310 1476 opera
1322 1407 1708 1464 confirmamus
1721 1424 1826 1463 non
1838 1407 1958 1478 cogi

389 1494 634 1550 homines
656 1506 847 1550 natura
876 1498 944 1551 ad
977 1497 1264 1561 maleﬁcia,
1303 1498 1398 1554 sed
1433 1500 1558 1569 quia
1591 1499 1871 1571 proposito
1897 1508 1953 1556 et

388 1585 779 1644 deliberatione
806 1605 869 1644 ea
899 1589 1126 1659 eligunt,
1153 1590 1424 1662 supplicio
1451 1591 1645 1664 dignos
1661 1591 1947 1647 declarari.

2053 489 2363 544 ἐπεισελθὺν
2412 488 2473 541 τὸ
2528 486 2795 558 προλαϐδν
2831 485 3069 540 ἐκϐάλοι.
3117 471 3325 539 Αὐτίκα
3369 485 3625 555 ὁρμήσας

2050 600 2134 646 τις
2189 581 2447 643 πολλάκις
2482 577 2727 649 ἀσχέτως
2768 576 2860 631 ἐπὶ
2914 575 3124 647 φαύλην
3158 576 3283 630 τι.νά
3332 575 3554 649 πρᾶξιν,
3586 576 3622 645 ἦ

2050 675 2142 729 τὸν
2185 673 2350 743 ἄνδρα
2396 671 2727 741 θεασάμενος
2756 669 2853 740 τῆς
2880 660 3136 739 γυναικὸς
3172 668 3455 740 μοιχεῦσαι
3488 685 3624 739 προ-

2053 766 2297 838 θέμενος,
2329 763 2595 835 ἀνεστάλη
2627 760 2775 833 φόϐῳ
2801 760 2906 815 τῶν
2935 761 3170 832 ἐλέγχων
3199 760 3297 831 τῆς
3324 759 3624 829 ἐπιθυμίας

2051 857 2084 930 ἥ
2111 857 2218 911 τῶν
2250 856 2426 926 νόμων
2449 852 2842 925 ἀναμνησθείς·
2886 851 3064 916 ἄλλος,
3095 851 3386 924 λῃστεῦσαι
3420 849 3627 922 προθέ-

2057 965 2234 1018 μενος,
2264 947 2370 1000 δέει
2418 946 2516 1017 τῆς
2564 942 2832 1016 τιμωρίας
2863 943 2962 1015 τὴν
3002 942 3294 1014 ἐπιθυμίαν
3336 942 3622 997 ἐκόλασεν.

2053 1041 2208 1094 Οῦτω
2262 1037 2447 1092 παθῶν
2501 1037 2638 1110 ἔργα
2693 1036 2764 1090 τά
2822 1037 3226 1108 ἁμαρτήματα,
3275 1035 3336 1088 οὗ
3403 1034 3625 1102 φύσεως

2053 1131 2421 1202 ἐξανθήματα.
2474 1130 2730 1201 Τιμῶμεν
2784 1129 2841 1183 δέ
2894 1129 3092 1192 πάντες
3136 1128 3232 1182 καὶ
3288 1127 3621 1197 ἀγαπῶμεν,

2056 1218 2137 1287 οἷς
2192 1222 2491 1286 ἐπιεικείας
2544 1221 2794 1292 μέτεστι,
2848 1221 2976 1285 τοὺς
3034 1219 3230 1290 νόμους
3291 1218 3626 1282 κολάζοντας

2058 1313 2442 1385 ἀπαραιτήτως
2467 1312 2591 1375 τοὺς
2611 1309 3089 1383 κακοπραγοῦντας
3108 1327 3122 1340 ·
3143 1308 3285 1364 οὕτω
3311 1311 3461 1378 κοινῇ
3490 1307 3626 1378 δόξῃ

2058 1409 2151 1463 διά.
2171 1410 2278 1463 τῶν
2313 1409 2488 1482 ἔργων
2512 1408 2797 1480 τιθέμεθα,
2833 1408 2906 1479 μὴ
2938 1406 3287 1479 βιαζομένους
3323 1406 3485 1476 φύσει
3513 1422 3621 1459 κα·

2055 1503 2372 1573 κοπραγεῖν,
2406 1500 2758 1573 αἱρουμένους
2802 1499 2860 1554 δέ
2906 1498 3157 1573 προθέσει
3197 1498 3297 1568 τῆς
3340 1496 3625 1561 κολάσεως

2048 1592 2237 1658 ,ἀξίους
2266 1592 2681 1662 ἀποφαίνεσθαι.

770 1703 900 1759 Car.
940 1704 1026 1759 Vl.
1068 1704 1425 1778 Cogitationes
1447 1708 1730 1779 aliquando
1764 1710 2242 1788 bonae,gl,iquando
2272 1710 2448 1765 matur.
2480 1709 2631 1763 Actio
2659 1714 2723 1763 ab
2753 1708 3001 1789 electione
3028 1707 3230 1776 pendet.

460 1796 569 1855 Sed
614 1801 743 1871 quia
789 1800 1071 1859 Manichaei
1111 1804 1272 1858 aliter
1310 1804 1475 1859 etiam
1519 1806 1771 1859 nituntur
1814 1820 1949 1860 con-
1983 1808 2028 1868 Β

388 1888 605 1946 vincere
633 1893 770 1949 duas
798 1901 1022 1950 naturas
1050 1895 1354 1951 contrarias
1377 1896 1434 1951 in
1463 1898 1624 1953 nobis
1646 1913 1801 1962 esse,
1826 1897 1953 1967 quia

388 1980 679 2051 aliquando
719 1982 937 2054 quidem
977 2000 1080 2041 nos
1107 1986 1412 2056 cogitamus
1446 1989 1624 2053 mala,
1658 1987 1952 2056 aliquando

387 2085 518 2126 vero
555 2071 737 2139 bona;
783 2073 1172 2133 advertendum
1220 2085 1332 2142 est,
1378 2079 1504 2149 quia
1548 2078 1816 2135 naturalis
1856 2093 1951 2133 co-

387 2163 560 2233 gnitio
589 2173 946 2238 utrorumque
983 2169 1039 2223 in
1083 2170 1244 2224 nobis
1280 2171 1456 2237 inest,
1497 2173 1807 2227 necessario
1847 2187 1949 2228 nos

389 2252 457 2306 ad
484 2254 869 2324 cogitationem
898 2272 1086 2313 eorum
1111 2273 1232 2329 quae
1253 2261 1655 2330 cognoscimus,
1680 2261 1947 2329 excitari,

387 2342 594 2396 nullam
625 2344 845 2413 quidem
892 2337 1164 2417 ja'cturam
1215 2357 1311 2403 aut
1351 2347 1609 2404 damnum
1657 2349 1949 2417 facientes,

388 2434 482 2490 sed
515 2436 695 2505 potius
726 2440 898 2492 totum
932 2439 1243 2506 lucrantes,
1283 2442 1576 2511 praeposito
1622 2453 1675 2498 et
1712 2444 1951 2500 antelata

387 2528 531 2598 quod
564 2531 760 2585 melius
785 2537 888 2586 est.
925 2529 1211 2596 Quomodo
1239 2534 1385 2587 enim
1415 2535 1472 2589 in
1498 2535 1811 2593 hominibus
1844 2552 1953 2593 mo-

387 2628 478 2675 tus
503 2629 558 2676 et
584 2622 840 2678 excitatio
867 2624 935 2678 ad
965 2625 1158 2681 melius
1186 2634 1382 2682 testata
1404 2636 1579 2692 esset,
1609 2629 1715 2685 nisi
1743 2639 1952 2684 utrum-

390 2728 495 2783 que
520 2715 841 2770 naturaliter
874 2717 1101 2786 eogitari
1131 2726 1353 2789 posset,
1387 2719 1603 2790 justitia
1648 2721 1857 2777 scilicet
1897 2730 1952 2777 et

389 2803 696 2873 injustitia?
719 2804 972 2875 Cognitio
999 2822 1236 2878 namque
1256 2810 1569 2864 necessaria
1595 2818 1680 2867 est
1706 2810 1773 2864 ad
1802 2804 1951 2881 diju-

388 2895 683 2950 dicandum
710 2913 725 2962 ;
753 2897 1012 2967 cogitatio
1045 2915 1174 2954 vero
1207 2900 1438 2955 rimatur
1456 2902 1672 2972 cognita
1701 2920 1717 2970 ;
1748 2917 1950 2973 propo—

389 2986 552 3041 situm
574 2995 758 3043 autem
777 3028 792 3054 ,
816 2990 873 3044 in
894 3005 1057 3060 quam
1079 2998 1287 3061 partem
1310 2992 1460 3056 vult,
1485 2993 1811 3063 propendet:
1837 2994 1953 3049 haec

388 3093 518 3134 vero
547 3093 655 3134 non
692 3086 820 3136 sunt
850 3088 1035 3151 partes
1075 3082 1271 3137 animae
1308 3081 1657 3148 differentes,
1701 3084 1796 3140 sed
1831 3091 1954 3140 tan-

2139 1806 2291 1860 Ἐπεὶ
2319 1805 2377 1859 δὲ
2406 1805 2498 1859 καὶ
2527 1804 2700 1867 ἄλλως
2724 1805 2773 1857 oi
2800 1805 2866 1857 ἐκ
2890 1803 2984 1856 τοῦ
3015 1802 3290 1866 Μάνεντος
3317 1800 3619 1873 πειρῶνται

2054 1895 2147 1954 δύο
2174 1897 2363 1967 φύσεις
2389 1895 2637 1959 ἐναντίας
2665 1896 2795 1966 ἡμῖν
2825 1892 2990 1958 οὔσας
3015 1893 3356 1963 ἀπελέγχειν,
3381 1893 3461 1963 τῷ
3485 1895 3619 1947 πιοτέ

2058 1988 2155 2060 μέν
2208 1989 2359 2060 ἡμᾶς
2407 1987 2754 2059 ἐνθυμεῖσθαι
2803 1985 3011 2056 φαῦλα,
3059 1985 3244 2039 ἄλλοτε
3292 1984 3350 2037 δὲ
3392 1985 3614 2052 ἀγαθά·

2055 2078 2468 2150 ἐπισημαντέον,
2511 2077 2606 2142 ὡς,
2650 2076 2882 2147 φυσικῆς
2909 2064 2966 2128 ἐν
2994 2076 3126 2146 ἡμῖν
3155 2073 3321 2145 οῦσης
3345 2075 3448 2146 τῆς
3474 2073 3620 2143 γνώ-

2056 2186 2192 2234 σεως
2228 2170 2521 2241 ἑκατέρων,
2568 2168 2878 2237 ἀναγκαίως
2920 2167 3011 2221 ἐπὶ
3038 2166 3135 2238 τὴν
3174 2166 3492 2238 ἐνθύμησιν,
3540 2160 3619 2219 ὧν

2053 2256 2409 2329 γινώσκομεν,
2444 2257 2759 2328 κινούμεθα,
2782 2256 3135 2327 ζημιούμενοι
3164 2257 3261 2327 μὲν
3285 2256 3392 2310 οὐδ’
3414 2254 3617 2317 ὁτιοῦν,

2052 2350 2421 2423 κερδαίνοντες
2450 2348 2507 2403 δὲ
2547 2349 2608 2403 τὸ
2654 2350 2761 2403 πᾶν
2792 2352 2858 2420 τῇ
2901 2348 2994 2401 τοῦ
3031 2348 3306 2412 καλλίονος
3347 2350 3619 2419 προτιμὴ-

2053 2459 2156 2497 σει.
2196 2441 2320 2506 Πῶς
2357 2441 2463 2514 γάρ
2494 2440 2558 2495 ἂν
2586 2441 2621 2511 ἡ
2647 2442 2740 2494 ἐπὶ
2770 2440 2832 2494 τὸ
2861 2444 3105 2513 κρεῖττον
3130 2439 3436 2511 ἀνθρώποις
3461 2440 3619 2493 ἐκού-

2053 2550 2164 2598 σιος
2196 2533 2547 2607 ἐμαρτυρήθη
2581 2516 2813 2603 κίνησις,
2849 2533 2923 2604 μὴ
2960 2533 3060 2602 τῆς
3102 2532 3449 2603 ἐνθυμήσεως
3486 2533 3617 2583 ἐκα-

2049 2626 2227 2698 τέροις
2254 2625 2497 2695 φυσικῶς
2526 2623 2941 2696 ἐπιϐαλλούσης,
2975 2623 3157 2695 ἀδικίᾳ
3198 2639 3258 2676 τε
3292 2622 3387 2676 καὶ
3412 2622 3619 2674 δικαιο-

2052 2717 2219 2790 enim;
2262 2717 2328 2771 Ἦ
2357 2716 2455 2788 μὲν
2485 2717 2594 2789 γὰρ
2618 2715 2817 2786 γνῶσις
2855 2715 3123 2784 ἀναγκαία
3149 2712 3286 2787 πρὸς
3310 2712 3579 2782 διάκρισιν
3598 2729 3612 2740 ·

2049 2812 2083 2882 ἡ
2114 2810 2171 2863 δὲ
2206 2809 2500 2881 ἐνθύμησις
2530 2809 2753 2879 ψηλαφᾷ
2778 2808 2847 2862 τὰ
2872 2807 3218 2876 ἐγνωσμένα·
3250 2807 3285 2877 ἡ
3320 2805 3380 2859 δὲ
3419 2806 3617 2877 πρόθες

2054 2920 2137 2967 σις
2163 2902 2247 2971 ἐφ’
2283 2901 2312 2956 ὃ
2338 2902 2582 2973 βούλεται
2614 2902 2769 2973 ῥέπει
2792 2918 2806 2931 ·
2832 2900 3005 2954 ταῦτα
3032 2899 3090 2952 δέ
3112 2899 3236 2969 οὐχὶ
3267 2897 3408 2970 μέρη
3435 2897 3615 2966 ψυχῆς

2050 2995 2301 3068 διάφορα,
2329 2995 2441 3049 ἀλλ’
2469 2996 2545 3059 ὡς
2565 2994 2833 3066 ἐνέργειαι
2868 2993 3067 3064 ταύτης
3084 3009 3098 3023 ·
3147 2991 3289 3046 οὕτω
3331 2992 3515 3063 μέντοι
3539 2989 3617 3059 τῷ

2054 3080 2304 3155 ἡμετέρῳ
2354 3082 2616 3154 ὀφθαλμῷ
2644 3083 2902 3154 πρόσεστι
2954 3079 3197 3151 φυσικῶς
3223 3079 3285 3133 τὸ
3310 3080 3442 3151 ὁρᾷν
3490 3079 3617 3132 ἄλλο

389 3182 552 3235 quam
579 3171 927 3239 operationes
952 3171 1073 3241 ejus
1098 3190 1112 3225 :
1149 3188 1261 3227 non
1290 3182 1475 3229 tamen
1501 3174 1644 3230 inest
1671 3176 1830 3230 oculo
1852 3190 1953 3231 no-

2056 3175 2102 3227 εί
2138 3174 2309 3246 τύχοι,
2341 3175 2375 3245 ἢ
2414 3174 2640 3246 πράξεις
2667 3175 2840 3238 κακὰς
2876 3190 2936 3226 τε
2989 3173 3081 3226 καὶ
3113 3170 3341 3239 ἀγαθὰς,
3373 3171 3467 3224 καὶ
3493 3170 3615 3222 οῦδ-

389 3269 505 3316 stro
551 3262 895 3325 naturaliter,
952 3270 1011 3318 ut
1064 3264 1247 3320 videat
1298 3266 1445 3321 aliud
1492 3266 1542 3322 si
1590 3266 1835 3335 accidat,
1864 3267 1950 3323 vel

390 3350 634 3406 actiones
667 3351 842 3407 malas
876 3359 930 3407 et
959 3352 1133 3411 bonas
1152 3393 1166 3415 .
1191 3368 1254 3407 ac
1276 3354 1525 3409 neutrius
1551 3368 1718 3410 causa
1742 3354 1906 3410 fuerit
1934 3373 1949 3422 ;

389 3456 544 3496 mens
569 3442 715 3497 enim
744 3448 1026 3513 aspectum
1060 3444 1291 3514 recipit,
1336 3446 1454 3500 visa
1491 3445 1756 3516 dijudicat
1789 3453 1952 3517 atque

388 3532 704 3588 discernit:
759 3533 841 3590 sic
892 3534 1151 3605 cogitatio
1206 3536 1520 3591 necessario
1576 3537 1750 3592 instar
1804 3537 1952 3593 oculi

387 3630 635 3679 movetur
660 3624 729 3679 ad
760 3638 825 3680 ea
853 3641 974 3695 qua:
999 3625 1111 3681 fieri
1148 3635 1380 3696 possunt
1401 3668 1415 3693 ,
1443 3643 1551 3682 non
1583 3643 1805 3685 movens
1834 3628 1954 3683 ani-

388 3730 531 3769 mam
566 3716 636 3770 ad
663 3731 726 3772 ea
756 3731 855 3787 per
880 3718 990 3772 vim
1012 3758 1028 3783 ,
1067 3718 1163 3774 sed
1206 3718 1792 3790 cognitionenatura’li
1836 3722 1953 3777 haec

388 3808 693 3863 attendens.
746 3807 1020 3864 Continuo
1075 3809 1294 3880 quidem
1348 3812 1395 3868 si
1444 3813 1732 3879 volumus,
1790 3813 1954 3869 simul

387 3898 662 3953 contraria
694 3899 998 3969 cogitamus
1021 3901 1232 3968 ;-simul
1263 3909 1439 3958 tamen
1472 3905 1747 3959 contraria
1776 3903 1956 3961 facere

388 4003 495 4042 non
522 4003 831 4058 possumus.

461 4080 521 4134 in
554 4080 700 4137 hunc
732 4081 953 4137 modum
984 4082 1129 4138 actio
1156 4084 1375 4154 quidem
1402 4085 1669 4143 electione
1690 4087 1953 4159 propositi

389 4172 606 4228 decreta
638 4179 722 4228 est
749 4191 765 4240 ;
810 4174 1067 4244 cogitatio
1093 4190 1223 4230 vero
1251 4177 1557 4232 naturalem
1588 4178 1954 4249 cognitionem

387 4264 608 4320 virtutis
638 4271 693 4320 et
726 4265 844 4319 vitii
876 4272 1146 4322 testatur:
1183 4266 1289 4321 nisi
1318 4267 1463 4322 enim
1496 4270 1612 4325 haec
1643 4283 1957 4339 praecogno—

390 4371 668 4413 sceremus
688 4398 703 4421 ,
727 4372 829 4413 nec
857 4373 918 4413 ea
948 4357 1313 4429 cogitaremus
1332 4398 1348 4421 ,
1382 4374 1556 4430 neque
1584 4360 1731 4430 quod
1761 4359 1958 4417 melius

387 4455 472 4504 est
490 4487 504 4512 ,
535 4449 859 4519 eligeremus
881 4488 896 4513 ,
930 4464 1231 4521 praegressa
1261 4452 1483 4505 omnino
1509 4451 1775 4506 electione
1805 4451 1957 4507 dete-

2055 3263 2254 3336 ετέρων
2301 3263 2469 3328 αἴτιος
2514 3263 2580 3319 ἂν
2625 3265 2741 3337 εἴη·
2791 3262 3089 3333 διαδέχεται
3116 3261 3224 3333 γὰρ
3265 3264 3295 3316 ὁ
3347 3261 3472 3324 νοῦς
3520 3261 3617 3331 τὴν

2051 3355 2192 3425 ὄψιν,
2246 3356 2341 3409 καὶ
2387 3354 2649 3426 διακρίνει
2692 3355 2761 3409 τά
2805 3353 3088 3426 ὁρώμενα·
3156 3352 3299 3407 οὕτω
3332 3352 3397 3424 δὴ
3436 3352 3533 3406 καὶ
3582 3354 3615 3422 ἡ

2051 3446 2348 3519 ἐνθύμησις
2419 3445 2694 3518 ὀφθαλμοῦ
2770 3446 2926 3517 δίκην
3000 3446 3310 3513 ἀναγκαίως
3387 3448 3615 3498 κινεῖται

2052 3542 2189 3614 πρὸς
2235 3532 2300 3594 τό
2336 3539 2584 3610 γενέσθαι
2636 3538 2978 3609 ἐνδεχόμενα,
3028 3538 3090 3591 οὐ
3145 3535 3439 3607 βιαζομένη
3481 3537 3616 3608 πρὸς

2052 3632 2191 3687 αὐτά
2227 3633 2326 3704 τὴν
2369 3630 2565 3702 ψυχὴν,
2597 3628 2732 3683 ἀλλὰ
2777 3626 2973 3698 γνώσει
3007 3629 3204 3697 φυσικῇ
3257 3626 3614 3680 ἐπιϐάλλουσα

2051 3723 2279 3789 τούτοις.
2327 3723 2535 3776 Αὐτίκα
2582 3720 2698 3792 ἅμα
2736 3719 2856 3791 μὲν,
2904 3719 2998 3772 ἐάν
3052 3717 3317 3787 θέλωμεν,
3361 3718 3615 3771 τάναντία

2053 3812 2446 3887 ἐνθυμούμεθα,
2495 3813 2613 3884 ἅμα
2659 3811 2716 3865 δὲ
2759 3809 3015 3865 τάναντία
3058 3810 3319 3880 πράττειν
3358 3810 3421 3862 ού
3454 3809 3613 3863 δυνά-

2055 3905 2214 3977 μεθα.

2125 4083 2308 4149 Οὕτως
2349 4084 2383 4154 ἡ
2435 4081 2532 4154 μὲν
2561 4072 2760 4153 πρᾶξις
2799 4078 3105 4151 ἀφώρισται
3153 4080 3221 4149 τῇ
3265 4077 3477 4149 αἱρέσει
3519 4077 3614 4146 τῆς
3710 4146 3717 4153 .

2055 4177 2398 4250 προθέσεως·
2448 4175 2482 4246 ὴ
2533 4173 2589 4227 δὲ
2647 4172 2943 4243 ἐνθύμησις
2985 4170 3083 4241 τὴν
3131 4167 3364 4239 φυσικὴν
3416 4167 3614 4236 γνῶσιν

2054 4270 2255 4342 ἀρετῆς
2299 4285 2358 4322 τε
2416 4267 2510 4321 καὶ
2566 4266 2763 4329 κακίας
2819 4261 3202 4350 μαρτυρεῖται·
3263 4261 3312 4314 εί
3370 4259 3481 4333 γάρ
3544 4259 3613 4350 μὴ

2052 4360 2225 4415 ταῦτα
2258 4356 2735 4431 προεγινώσκομεν
2754 4395 2769 4419 ,
2797 4349 2907 4408 οὔτ’
2941 4350 3007 4407 ἂν
3031 4350 3463 4422 ἐνεθυμήθημέν,
3506 4349 3612 4404 οὔτ’

2058 4450 2123 4506 ἂν
2167 4450 2229 4504 τὸ
2279 4451 2524 4520 κρεῖττον
2579 4445 2863 4517 εἱλόμεθα·
2906 4442 3218 4515 στερόμενοι
3269 4440 3348 4511 τῷ
3402 4440 3615 4504 πάντως

391 4540 580 4608 rioris,
613 4540 797 4610 pravis
824 4540 1092 4597 institutis
1118 4541 1417 4613 anticipati.
1446 4541 1810 4608 Quamobrem
1838 4558 1953 4596 ma-

2058 4540 2431 4615 προαιρεῖσθαι
2467 4540 2528 4593 τὸ
2560 4540 2762 4610 χεῖρον,
2785 4535 3043 4604 ἀγωνίαις
3070 4532 3293 4604 φαύλοις
3321 4533 3615 4604 προειλημ-

386 4632 471 4710 gis
515 4639 601 4687 est
646 4631 970 4691 studendum
1026 4639 1080 4687 et
1127 4633 1480 4688 laborandum
1529 4634 1842 4689 hominibus
1897 4634 1951 4688 in

388 4724 709 4779 educatione
745 4725 976 4780 ﬁliorum
1000 4765 1017 4788 ,
1052 4738 1214 4796 quam
1246 4725 1502 4796 agricolis
1532 4725 1586 4780 in
1616 4726 1954 4781 incremento

391 4816 670 4872 arborum.
707 4815 1057 4887 Interpretari
1095 4817 1259 4888 igitur
1292 4818 1677 4888 cogitationem
1709 4828 1951 4874 nostram

391 4907 651 4967 indicium
700 4923 822 4964 esse
873 4909 1105 4964 duarum
1156 4918 1475 4964 naturarum
1520 4910 1952 4974 contrariarum,

391 4998 615 5069 perinde
644 5007 729 5054 est
762 5014 825 5053 ac
863 4998 910 5054 si
944 5000 1068 5070 quis
1100 4999 1340 5061 diceret.
1377 5014 1501 5057 esse
1534 5008 1817 5071 aspectum
1850 5001 1953 5054 mi-

389 5088 620 5145 stionem
672 5089 914 5142 omnium
977 5088 1256 5157 colorum,
1312 5089 1439 5158 quia
1492 5087 1548 5143 in
1606 5087 1720 5142 haec
1772 5086 1954 5141 omnia

388 5180 558 5236 aciem
589 5179 841 5235 intendit.
876 5179 1032 5246 Quod
1070 5181 1237 5251 igitur
1269 5181 1583 5237 necessario
1618 5180 1826 5250 accepit
1854 5180 1954 5234 ho-

388 5286 478 5325 mo
523 5278 583 5325 ut
630 5279 814 5342 posset
863 5287 1125 5341 peccare,
1174 5275 1256 5329 sic
1289 5287 1321 5328 a
1350 5272 1461 5328 Deo
1494 5272 1705 5335 factus,
1739 5279 1800 5326 ut
1840 5286 1949 5326 non

388 5361 547 5415 aliter
576 5368 763 5431 posset
795 5377 862 5417 ex
896 5361 1100 5417 virtute
1131 5362 1313 5417 vivere
1341 5379 1356 5422 :
1393 5362 1447 5416 id
1478 5362 1623 5432 quod
1660 5360 1802 5417 Deus
1827 5376 1951 5416 cum

384 5456 531 5505 esset
569 5451 745 5506 bonus
776 5458 831 5505 et
862 5467 968 5506 non
1016 5450 1265 5517 invidus,
1310 5460 1519 5507 naturae
1562 5451 1786 5507 insitum
1830 5467 1954 5508 esse

384 5542 595 5598 voluit-
627 5552 681 5599 et
713 5545 857 5615 quod
892 5552 1111 5615 propter
1148 5560 1224 5618 ea
1257 5560 1377 5616 quae
1417 5543 1622 5617 injuste
1666 5543 1812 5617 apud
1856 5544 1953 5602 h0-

457 5652 593 5735 (ξίν)
627 5662 971 5722 Desideralur
998 5666 1116 5737 τήν.
1153 5664 1311 5723 Emr.

2055 4632 2227 4703 μένοι.
2266 4632 2355 4686 Διὸ
2382 4631 2445 4703 δὴ
2493 4629 2691 4703 μᾶλλον
2736 4625 3041 4699 ἀνθρώποις
3089 4624 3445 4679 σπουδαστέον
3493 4625 3617 4694 περὶ

2049 4724 2146 4797 τὴν
2161 4724 2267 4777 τῶν
2290 4723 2493 4778 παίδων
2526 4719 2885 4793 ἀνατροφὴνῆ
2912 4718 3175 4789 γεωργοῖς
3199 4717 3327 4788 περὶ
3350 4714 3486 4787 (27‘)
3514 4715 3615 4767 τῶν

2053 4816 2232 4885 φυτῶν
2264 4814 2512 4886 αὔξησιν.
2550 4811 2623 4867 Τὸ
2652 4811 2831 4866 τοίνυν
2875 4809 2974 4881 τὴν
3012 4807 3306 4879 ἐνθύμησιν
3346 4808 3504 4879 ἡμῶν
3541 4808 3617 4871 εἰς

2052 4908 2345 4978 τεκμήριον
2391 4904 2688 4976 λαμϐάνειν
2736 4902 2830 4956 δύο
2871 4901 3083 4972 φύσεων
3117 4900 3397 4962 ἐναντίων,
3445 4916 3617 4969 παρα-

2058 4996 2279 5068 πλήσιον
2325 4996 2395 5051 ἂν
2441 4996 2526 5065 είη
2558 4995 2747 5065 ὥσπερ
2781 4993 2835 5047 εί
2867 5009 2952 5056 τις
2985 4991 3115 5062 φαίη
3161 4989 3269 5044 τῶν
3314 4990 3617 5061 χρωμάτων

2057 5088 2309 5142 ἁπάντων
2334 5087 2530 5157 κρᾶσιν
2558 5082 2695 5140 εἶναι
2722 5085 2822 5156 τὴν
2852 5084 2994 5153 ὄψιν,
3022 5082 3205 5153 ἐπειδὴ
3238 5081 3448 5145 τούτοις
3479 5080 3616 5135 ᾶπα-

2056 5195 2139 5232 σιν
2167 5178 2464 5232 ἐπιϐάλλει.
2515 5177 2638 5232 ’Ότι
2682 5177 2780 5247 μέν
2831 5173 2926 5229 οὖν
2972 5173 3282 5243 ἀναγκαίως
3317 5173 3380 5225 τὸ
3423 5172 3615 5236 ἐξεῖναι

2055 5271 2388 5342 ἁμαρτάνειν
2428 5270 2648 5342 εἴληφεν
2686 5271 2988 5343 ἄνθρωπος,
3028 5268 3170 5322 οὕτω
3205 5265 3519 5335 γενόμενος,
3546 5263 3614 5323 ὡς

2053 5364 2154 5417 οὐκ
2179 5361 2245 5416 ἂν
2271 5362 2473 5435 ἑτέρως
2502 5363 2564 5416 τὸ
2610 5360 2907 5433 κατορθοῦν
2951 5357 3209 5414 δύνασθαι
3236 5353 3575 5428 κτησάμενος
3597 5368 3611 5383 ⁸

2054 5455 2190 5526 ὅπερ
2236 5453 2369 5518 Θεὸς
2412 5452 2615 5522 ἀγαθός
2645 5469 2705 5506 τε
2756 5453 2851 5506 καὶ
2896 5450 3124 5521 ἄφθονος
3172 5446 3437 5520 ὑπάρχων
3474 5442 3613 5497 ἐντέ-

2057 5546 2302 5623 Oetaeam
2352 5545 2547 5616 φύσειε
2578 5545 2672 5599 καὶ⁵
2712 5545 2793 5599 ὅτι
2836 5528 2973 5610 τέως
3009 5542 3188 5612 διάγει
3228 5540 3297 5594 τὰ
3326 5537 3479 5610 παρά
3522 5536 3611 5590 ἀν·
