3838 6158
224 303 365 361 1145

1310 292 1680 352 ADVERSUS
1720 288 2160 347 MANICHEOS‘
2176 286 2304 345 LIB:
2342 288 2407 343 11.

3313 284 3453 338 Ηίίῖ

224 414 460 488 θρώποις
492 411 800 486 ἀδικήματα
848 413 1073 485 οὐδεμία
1116 411 1328 484 ἀνάγκη
1378 411 1511 483 ὓλην
1557 412 1788 484 ἄναρχον

1916 406 2064 462 niues
2094 407 2271 461 fiunt:
2303 406 2455 460 nullo
2503 411 2666 476 pacto
2696 416 2922 457 necesse
2969 410 3054 457 est
3096 408 3285 471 putare
3338 413 3457 452 ma-

222 508 318 559 καὶ
361 503 559 559 κακίαν
600 504 775 557 δοκεῖν
821 501 1309 574 ἀντιπαρατάττειν
1339 501 1458 573 Θεῷ
1477 518 1491 532 ·
1522 500 1644 555 οὔτε
1681 501 1785 584 μὴν

140 647 149 655 η
222 597 358 659 ὅλως
384 596 504 649 κατ’
542 595 726 648 οὐσίαν
754 592 1117 665 ὑφεστηκέναι
1145 590 1387 663 νομίζειν
1417 592 1638 658 κακίαν,
1670 592 1784 645 ἀλλ’

223 688 282 739 ὲν
311 687 505 757 πράξει
530 686 629 758 τὴν
654 685 949 741 ὑπόστασιν
978 683 1140 754 ἔχειν,
1166 682 1254 737 διά
1296 682 1404 737 τῶν
1451 682 1784 754 προειρημέ-

200 840 211 861 f
225 792 331 831 νων
367 774 756 830 ἀποδέδεικται.

1891 499 2083 553 teriam
2131 497 2400 568 principio
2445 503 2721 551 carentem
2773 501 2828 548 et
2868 493 3166 562 nequitiam
3199 490 3454 544 resistere

1889 589 2031 658 Deo;
2057 604 2158 645 nec
2186 589 2503 644 existimare
2528 587 2747 657 penitus
2768 584 3068 641 secundum
3095 581 3450 639 substantiam

1892 694 1989 750 per
2033 694 2092 734 se
2132 677 2412 734 exstitisse
2445 675 2743 745 nequitiam
2764 714 2780 738 ,
2813 675 2908 730 sed
2941 675 2995 728 in
3037 673 3251 736 actione,
3279 669 3451 724 consi-

1893 781 2037 829 stere
2059 813 2073 836 ,
2103 771 2355 841 superius
2385 769 2817 824 demonstratum
2847 774 2903 822 et
2930 764 3250 820 conclusum
3280 767 3383 815 est.

1201 862 1330 918 Car.
1367 863 1483 916 Vll.
1525 861 1853 932 Objectiones
1883 867 2025 917 circa
2062 843 2479 916 Providentiam.

296 956 492 1011 Λοιπὸν
518 956 597 1028 (δὴ
643 973 768 1028 περι
809 972 869 1009 τε
903 957 1000 1027 τῆς
1028 955 1303 1026 πανσόφου
1342 954 1655 1026 διοικήσεως
1694 954 1788 1007 τοῦ

227 1046 384 1113 Θεοῦ,
416 1049 510 1101 καὶν
549 1048 677 1119 περὶ
702 1047 809 1102 τῶν
836 1047 1012 1118 μάτην
1045 1049 1125 1111 είς
1155 1046 1353 1100 κακίαν
1386 1046 1522 1118 πρὸς
1547 1044 1641 1098 τοῦ
1672 1045 1793 1100 Μά-

228 1155 409 1203 νεντος
438 1138 830 1210 διαϐληθέντων
853 1138 916 1209 δη
924 1154 1155 1209 μιουργη
1164 1138 1370 1208 μάτων,
1390 1136 1580 1209 ῥητέον
1599 1137 1674 1200 ὼς
1703 1135 1793 1190 δύ-

231 1244 410 1299 ναμις.
458 1228 707 1295 Ἀταξίαν
725 1227 790 1299 δὴ
820 1228 1017 1299 πολλὴν
1046 1226 1337 1299 ψηφίζεται
1361 1227 1468 1281 τῶν
1499 1226 1618 1281 καθ’
1646 1227 1792 1297 ἡμᾶς

232 1320 590 1391 πραγμάτων,
620 1318 846 1373 πλοῦτόν
884 1336 944 1372 τε
977 1321 1070 1374 καὶ
1106 1317 1315 1383 πενίαν,
1349 1318 1537 1388 ὑγείαν
1587 1336 1647 1371 τε
1698 1319 1793 1372 καὶ

231 1414 404 1476 νόσον,
435 1412 511 1475 ὡς
542 1411 703 1465 ἄνισοι
748 1410 1043 1465 διαϐάλλων
1062 1428 1075 1441 ·
1113 1411 1193 1463 ἔτι
1245 1409 1352 1481 μὴν
1380 1411 1472 1464 καὶ
1501 1409 1562 1463 τὸ
1593 1409 1790 1465 πολλά-

233 1521 322 1568 κις
360 1502 451 1558 τὸν
495 1502 595 1574 μὲν
622 1501 926 1573 κακοῦργον
958 1501 1270 1572 διαφεύγειν
1314 1500 1413 1572 τὴν
1458 1499 1566 1555 τῶν
1614 1501 1792 1573 νόμων

230 1597 522 1668 τιμωρίαν,
573 1594 662 1648 τὸν
715 1592 760 1647 δ’
812 1594 1052 1648 ἀναίτιον
1102 1592 1474 1665 τιμωρεῖσθαι,
1525 1591 1616 1645 καὶ
1667 1592 1794 1654 τοὺς

232 1687 469 1757 φαύλους
500 1686 645 1739 ἐστιν
687 1686 776 1740 ὅτε
809 1685 909 1755 τῆς
951 1684 1092 1739 κατά
1126 1685 1235 1738 τῶν
1267 1683 1439 1738 ἄλλων
1481 1682 1653 1754 ἀρχῆς
1680 1682 1797 1735 ἐπι-

232 1778 452 1832 ϐαίνειν.
501 1776 719 1847 Ῥητέον
752 1776 864 1847 (28)
896 1776 1096 1839 τοίνυν,
1124 1776 1203 1829 ὅτι
1232 1775 1506 1846 παρῆκται
1524 1773 1633 1846 (29)
1662 1771 1797 1844 πρὸς

230 1869 325 1925 τοῦ
357 1869 852 1941 δημιουργήσαντος
892 1867 1176 1937 ἄνθρωπος
1220 1868 1301 1930 είς
1330 1865 1422 1919 τὸν
1457 1865 1593 1936 βίον,
1625 1866 1798 1935 εμπο-

235 1961 519 2031 ρευόμενος
568 1959 752 2030 ἕτερον
793 1958 946 2012 οὐδὲν
990 1958 1023 2031 ἢ
1075 1958 1242 2028 μόνην
1292 1954 1571 2010 εὐσέϐειάν
1616 1972 1675 2008 τε
1704 1954 1799 2008 καὶ

230 2053 450 2123 ἀρετήν.
476 2050 659 2105 Ταῦτα
705 2049 814 2121 γάρ
864 2049 1203 2121 κτησάμενος
1247 2048 1366 2118 μὲν,
1413 2036 1590 2111 καλῶς
1629 2047 1694 2101 ἂν
1723 2046 1800 2098 διο

234 2143 500 2215 ανήξηται
528 2144 674 2197 τόνδε
703 2142 793 2196 τὸν
826 2141 938 2213 βίον
957 2158 970 2171 ·
1006 2141 1283 2212 ἀμελήσας
1310 2140 1368 2193 δὲ
1390 2139 1612 2203 τούτων,
1639 2137 1800 2209 χαλε-

234 2232 352 2296 πῶς
381 2234 447 2288 ἂν
480 2230 889 2302 διαϐαπτισθείη
941 2228 1308 2301 πλανώμενος.
1353 2228 1569 2300 Τροφὴν
1600 2227 1657 2280 δὲ
1698 2225 1802 2280 σώ-

238 2341 404 2396 ματος
419 2325 512 2378 καὶ
529 2323 840 2394 ἐνδυμάτων
856 2321 1170 2394 περιϐολὴν,
1188 2321 1282 2374 καὶ
1296 2320 1395 2391 τὴν
1409 2320 1574 2391 ἀλλην
1592 2318 1800 2389 σκέπην

234 2414 466 2469 δέδωκεν
494 2416 523 2467 ὁ
550 2413 682 2477 Θεὸς
698 2412 846 2484 αὑτῷ
875 2414 974 2483 οὐχ
995 2413 1070 2476 ὡς
1089 2414 1106 2481 (
1111 2411 1223 2483 29⁵)
1243 2410 1622 2483 προηγούμενα
1636 2410 1800 2484 δῶρα,

236 2505 352 2560 ἀλλ’
373 2506 449 2570 ὠς
471 2507 740 2574 ἀναγκαῖα
772 2505 908 2577 πρὸς
924 2503 1022 2575 τὴν
1053 2503 1285 2558 ἐνταῦθα
1316 2502 1410 2557 τοῦ
1440 2499 1578 2558 εἶναι
1607 2502 1804 2557 σύστα-

240 2613 359 2652 σιν⁶
382 2598 466 2651 ἵνα
501 2596 637 2668 μετὰ
664 2596 912 2667 σώματος
944 2596 1202 2666 ὑπάρχων
1225 2593 1285 2648 τὸ
1322 2594 1418 2665 μὲν
1442 2595 1541 2665 ζῇν
1571 2594 1656 2647 διὰ
1682 2593 1806 2647 τού-

238 2702 347 2739 των
395 2685 513 2756 ἔχῃ,
561 2684 622 2738 τὸ
669 2685 727 2738 δὲ
779 2687 959 2738 πονεῖν
1020 2683 1115 2736 καὶ
1180 2682 1410 2738 κτᾶσθαι
1448 2682 1520 2737 τά
1577 2682 1806 2755 ρηθέντα

241 2778 452 2842 ἀόκνως
479 2779 658 2849 μετίῃ.

311 2870 430 2933 Φῶς
466 2868 523 2922 δὲ
566 2867 917 2938 περιεποίησε
964 2866 1306 2937 σωματικὸν,
1354 2864 1808 2937 καΐκατάλληλον

242 2960 407 3016 αὑτοῦ
434 2964 500 3033 τῇ
533 2960 711 3032 φύσει,
746 2961 840 3015 καὶ
866 2960 1003 3032 ἀέρα
1025 2959 1161 3032 πρὸς
1201 2958 1491 3028 ἀναπνοὴν,
1522 2958 1615 3011 καὶ
1643 2955 1806 3028 ὓδὼρ,

1966 955 2230 1024 Deinceps
2264 953 2332 1010 de
2371 949 2771 1021 sapientissima
2806 946 2901 1002 Dei
2947 943 3374 1017 gubernatione,
3407 950 3457 996 et

1895 1050 1964 1104 de
2010 1050 2078 1104 iis
2124 1065 2244 1120 qua:
2290 1048 2530 1102 inaniter
2560 1053 2616 1107 et
2649 1042 2938 1099 temerarie
2983 1055 3013 1094 a
3069 1037 3363 1093 Manichaeo
3406 1036 3460 1088 in

1895 1142 2218 1198 criminibus
2248 1141 2316 1196 ad
2345 1136 2694 1194 asserendam
2728 1132 3027 1203 nequitiam
3058 1129 3272 1198 objecta
3300 1133 3461 1182 sunt.

1897 1250 1995 1306 pro
2024 1234 2232 1289 viribus
2264 1230 2553 1288 dicendum
2585 1234 2690 1284 est.
2728 1225 2950 1280 Multam
2991 1219 3459 1292 perturbationem

1896 1328 2102 1383 ordinis
2136 1327 2190 1381 in
2220 1325 2425 1380 nostris
2462 1322 2629 1377 rebus
2669 1323 2913 1373 accusat.
2960 1315 3186 1368 Divitias
3232 1320 3286 1366 et
3325 1325 3460 1381 pau-

1896 1427 2160 1490 pertatem
2183 1456 2198 1481 ,
2225 1415 2511 1471 sanitatem
2538 1422 2593 1467 et
2618 1407 3067 1469 invaletudinem,
3099 1411 3355 1471 tauquam
3392 1400 3464 1454 sit

1897 1508 1952 1561 in
1995 1507 2074 1562 eis
2110 1503 2486 1575 inaequalitas,
2532 1498 2876 1555 criminatur.
2924 1494 3057 1549 item
3105 1491 3277 1558 illud,
3321 1503 3464 1556 saepe

1898 1597 2199 1652 maleficum
2233 1594 2559 1665 supplicium
2592 1591 2772 1661 legum
2819 1587 3084 1656 effugere,
3114 1584 3464 1637 innocentem

1897 1705 2025 1746 vero
2054 1689 2274 1760 puniri,
2303 1685 2631 1758 quandoque
2659 1681 2824 1736 etiam
2858 1678 3137 1747 improbos
3178 1673 3465 1744 imperium

1896 1781 1951 1837 in
1979 1781 2117 1835 alios
2150 1778 2426 1833 invadere.
2457 1771 2759 1829 Dicendum
2795 1771 2961 1841 igitur
2989 1776 3107 1833 est,
3136 1765 3465 1838 productum

1895 1885 2017 1927 esse
2060 1869 2335 1923 hominem
2376 1866 2445 1920 ab
2489 1870 2712 1918 auctore
2755 1875 2856 1916 suo
2895 1860 2950 1913 in
2993 1859 3134 1912 hanc
3175 1856 3376 1916 vitam,
3410 1861 3471 1905 ut

1896 1961 2106 2016 nullum
2154 1958 2301 2014 aliud
2349 1955 2627 2025 negotium
2688 1962 2903 2022 ageret,
2962 1963 3126 2019 quam
3181 1953 3240 1999 ut
3296 1943 3469 1999 solam

1895 2053 2147 2123 pietatem
2192 2059 2245 2105 et
2288 2047 2582 2109 virtutem,
2630 2047 2997 2113 compararet.
3054 2038 3179 2093 Haec
3232 2036 3378 2091 enim
3424 2035 3471 2089 si

1899 2139 2317 2211 acquisivisset,
2350 2144 2498 2192 recte
2531 2137 2676 2189 hanc
2716 2134 2883 2187 vitam
2916 2136 3178 2184 tranaret.
3220 2125 3316 2181 llis
3347 2141 3474 2181 vero

1898 2233 2193 2304 neglectis,
2239 2224 2548 2300 periculuse
2588 2225 2995 2295 demergeretur
3036 2220 3317 2290 deceptus.
3361 2215 3476 2270 Ali—

1899 2330 2145 2379 mentum
2176 2329 2358 2376 autem
2393 2316 2641 2389 corporis
2661 2355 2676 2380 ,
2706 2324 2761 2371 et
2784 2314 3072 2375 vestitum,
3103 2316 3158 2365 et
3203 2309 3472 2377 reliquum

1900 2424 2267 2490 tegumentum
2325 2411 2475 2467 dedit
2517 2409 2662 2465 Deus
2708 2406 2815 2477 ipsi
2863 2392 2974 2459 non
3016 2411 3277 2472 tanquam
3325 2399 3467 2453 dona

1902 2509 2206 2580 praecipua,
2249 2503 2344 2559 sed
2395 2511 2653 2572 tanquam
2703 2497 3014 2553 necessaria
3059 2495 3125 2549 ad
3172 2493 3336 2546 vitam
3384 2489 3474 2543 hic

1904 2599 2159 2654 tuendam
2190 2614 2204 2663 ;
2241 2602 2300 2649 ut
2328 2593 2455 2648 dum
2485 2605 2685 2662 corpus
2714 2589 2879 2643 habet
2899 2627 2913 2652 ,
2946 2598 3056 2640 tum
3099 2586 3295 2639 horum
3340 2594 3477 2652 pne-

1906 2689 2048 2746 sidio
2098 2688 2283 2748 vivat,
2335 2692 2451 2738 tum
2500 2681 2729 2752 impigre
2780 2678 3023 2733 laborem
3075 2672 3375 2742 suscipiat,
3422 2679 3477 2723 et

1906 2795 2026 2853 quae
2053 2778 2196 2833 dicta
2232 2785 2391 2843 sunt,
2423 2782 2577 2844 paret.

1980 2868 2186 2923 Lumen
2228 2872 2409 2921 autem
2449 2860 2640 2917 ascivit
2676 2859 2726 2915 ei
2763 2872 3089 2929 corporeum
3123 2861 3330 2910 natura:
3362 2852 3481 2921 ejus

1909 2959 2242 3015 conveniens
2266 2996 2281 3019 ,
2316 2964 2430 3009 tum
2463 2967 2643 3007 aerem
2675 2951 2740 3005 ad
2771 2946 3076 3004 ducendum
3105 2945 3357 3015 spiritum
3381 2983 3395 3004 ,
3430 2953 3484 2996 et

246 3057 339 3109 καὶ
364 3055 431 3107 τά
462 3032 594 3107 ἄλλα
635 3053 699 3124 δὴ
732 3054 832 3106 ὅσα
860 3053 1133 3121 ἀναγκαῖα
1150 3069 1164 3083 ·
1193 3050 1366 3105 ταῦτα
1395 3047 1505 3123 γὰρ
1533 3047 1686 3104 κοινὰ
1720 3050 1815 3118 μὲν

1918 3066 2112 3122 aquam
2163 3058 2217 3104 et
2267 3058 2604 3117 quaecunque
2649 3042 2753 3095 alia
2788 3037 3137 3094 necessaria:
3182 3035 3299 3089 hate
3338 3032 3483 3088 enin:

246 3145 489 3215 φυσικῶς
534 3145 732 3198 ἅπασιν
782 3142 1087 3214 ἀνθρώποις
1144 3141 1378 3212 ὑπάρχει
1436 3139 1587 3212 παρὰ
1642 3139 1813 3192 Θεοῠ’

247 3237 343 3290 καὶ
364 3238 464 3290 οὑκ
495 3236 557 3290 ἀν
585 3252 670 3299 τις
699 3234 856 3305 φαίη,
892 3234 967 3299 ὡς
994 3233 1071 3305 τῷ
1097 3233 1287 3304 πένητι
1332 3232 1550 3286 ἔλαττον
1577 3231 1668 3285 τοῦ
1704 3249 1817 3301 φω-

247 3328 340 3391 τὸς
385 3327 604 3398 μέτεστι
636 3326 669 3397 ἢ
709 3325 807 3394 τῆς
848 3325 955 3378 τῶν
987 3325 1194 3378 ὑδάτων
1225 3322 1508 3394 χορηγίας,
1540 3320 1663 3375 οὔτε
1715 3322 1819 3392 μὴν

248 3419 351 3488 τῆς
374 3418 510 3490 πρὸς
545 3417 605 3471 τὸ
633 3417 732 3487 ζῇν
763 3417 1144 3487 φυσικωτάτης
1189 3416 1487 3485 ἀναπνοῆς·
1533 3414 1628 3466 καὶ
1656 3414 1823 3481 ἀναγ-

252 3509 413 3564 καίαν
444 3510 500 3564 δὲ
534 3509 631 3580 τὴν
658 3508 882 3581 τροφὴν,
929 3510 979 3560 εί
1011 3508 1106 3562 καὶ
1150 3508 1225 3578 μὴ
1256 3508 1382 3560 ἄνευ
1421 3504 1640 3577 ἱδρῶτος
1668 3505 1823 3575 πορί-

255 3604 426 3669 ζεται,
481 3602 594 3656 ἀλλ’
651 3603 801 3673 ὅμως
851 3601 1026 3664 κοινὸς
1082 3601 1197 3664 τοῖς
1249 3601 1382 3653 πᾶσι
1439 3598 1540 3667 τῆς
1588 3595 1724 3666 πρὸς
1763 3596 1824 3649 τὸ

256 3694 568 3763 ἀναγκαίως
611 3693 710 3765 ζῇν
752 3692 1014 3764 χορηγίας
1040 3694 1069 3746 ό
1101 3690 1318 3763 τρόπος.
1359 3689 1571 3759 Χρυσός
1620 3705 1679 3741 τε
1729 3687 1823 3741 καὶ

258 3786 512 3858 ἄργυρος,
544 3784 639 3838 καὶ
668 3782 1023 3854 λίθοι’τίμιοι,
1052 3781 1179 3853 παρ’
1210 3780 1376 3835 αὑτοῦ
1404 3777 1690 3833 καὶταῦτα
1716 3779 1826 3841 τοῖς

261 3873 612 3945 κεκτημένοις
656 3872 890 3942 ὑπάρχει
911 3888 925 3902 ·
961 3870 1022 3924 οὑ
1066 3868 1170 3940 μὴν
1203 3867 1362 3923 πλέον
1394 3885 1447 3921 τι
1480 3864 1823 3937 συμϐάλλοιτ’

264 3966 330 4019 ἂν
388 3964 522 4034 πρὸς
569 3962 668 4033 τὴν
717 3960 1121 4033 προειρημένην
1169 3958 1458 4030 ἐμπορίαν,
1508 3958 1557 4009 εί
1610 3955 1683 4027 μὴ
1732 3955 1827 4008 καὶ

268 4054 466 4126 μᾶλλον
521 4053 861 4125 ὲμποδίσειεν
904 4052 988 4105 άν.
1035 4051 1224 4122 Ὅμως
1265 4049 1321 4102 δὲ
1372 4046 1494 4101 οὔτε
1538 4046 1697 4118 πενίᾳ
1737 4046 1827 4098 άν-

265 4149 483 4217 έφικτος
537 4148 571 4217 ὴ
629 4144 950 4217 προτεθεῖσα
1000 4141 1151 4213 παρὰ
1206 4138 1341 4194 Θεοῦ
1373 4142 1485 4202 τοῖς
1517 4136 1823 4209 ἀνθρώποις

266 4238 482 4310 πορεία,
511 4235 634 4291 οὔτε
667 4234 881 4305 πλούτῳ
922 4232 1120 4304 μᾶλλον
1147 4229 1333 4304 ῥαδία’
1366 4228 1479 4282 ἀλλ’
1509 4226 1831 4298 ἀμφοτέρως

266 4334 442 4387 ἔνεστι
468 4333 582 4394 τοῖς
631 4347 695 4399 γε
727 4327 1163 4390 σπουδαιοτάτοις
1206 4325 1305 4395 τὴν
1348 4322 1711 4395 προκειμένην
1749 4338 1833 4374 τε-

1921 3151 2142 3200 auctore
2172 3140 2282 3196 Deo
2309 3136 2620 3193 communia
2662 3140 2792 3190 sunt
2834 3131 3156 3186 naturaliter
3201 3142 3324 3181 cum
3371 3140 3489 3179 om-

1918 3238 2082 3292 nibus
2128 3230 2484 3296 hominibus;
2528 3241 2630 3282 nec
2674 3225 2821 3280 ullus
2862 3223 3046 3278 dicere
3086 3220 3263 3290 possit
3307 3217 3489 3271 minus

1921 3326 2143 3383 .uminis
2172 3321 2438 3393 impartiri
2474 3317 2733 3390 pauperi,
2767 3329 2944 3384 neque
2973 3313 3156 3366 minus
3189 3324 3342 3379 aqum
3370 3323 3495 3375 sup-1

1920 3416 2185 3489 peditari,
2220 3428 2397 3482 neque
2431 3411 2612 3465 minus
2645 3406 2788 3461 aeris
2820 3404 2886 3458 ad
2916 3400 3331 3471 respirationem
3366 3412 3491 3466 qua:

1921 3518 2006 3566 est
2035 3507 2103 3563 ad
2132 3504 2425 3561 vivendum
2454 3500 2694 3555 maxime
2736 3493 3036 3557 naturalis,
3077 3500 3132 3547 et
3175 3491 3491 3544 alimentum

1924 3599 2296 3657 necessarium
2318 3638 2332 3663 ,
2370 3592 2586 3648 tametsi
2625 3605 2734 3645 non
2775 3589 2895 3643 sine
2924 3584 3123 3638 sudore
3156 3580 3492 3651 suppeditat.

1924 3695 2130 3748 Aurum
2166 3697 2348 3745 autem
2379 3692 2433 3742 et
2460 3689 2744 3754 argentum
2776 3687 2831 3735 et
2861 3675 3071 3748 lapides
3103 3674 3374 3745 pretiosos
3400 3669 3492 3738 qui

1927 3785 2164 3848 habent,
2191 3782 2259 3837 ab
2288 3782 2408 3850 ipso
2431 3776 2724 3848 accipiunt.
2747 3771 2867 3827 Non
2897 3778 3077 3824 tamen
3100 3767 3222 3837 plus
3247 3761 3497 3818 conferre

1927 3878 2139 3950 possint
2161 3874 2227 3929 ad
2259 3872 2570 3927 facultatem
2589 3908 2604 3935 ,
2632 3880 2794 3934 quam
2825 3860 3077 3930 superius
3103 3857 3364 3927 diximus,
3390 3853 3496 3907 nisi

1908 3946 2104 4037 inagis
2132 3964 2292 4020 etiam
2325 3959 2611 4031 impedire.
2644 3955 2854 4011 Tamen
2881 3966 3058 4022 neque
3096 3947 3360 4020 profectio
3400 3946 3500 3999 ho-

1931 4059 2170 4115 minibus
2224 4070 2253 4109 a
2306 4053 2414 4108 Deo
2462 4049 2775 4121 proposita,
2820 4049 3141 4116 paupertate
3183 4038 3498 4109 impeditur,

1929 4164 2107 4219 neque
2134 4145 2341 4202 divitiis
2376 4142 2589 4197 facilior
2618 4138 2870 4194 ellicitur.
2909 4133 3015 4188 Sed
3045 4138 3279 4200 utraque
3309 4126 3501 4183 condi-

1930 4244 2077 4297 tione
2108 4236 2365 4295 studiosis
2395 4241 2451 4289 et
2479 4231 2715 4287 maxime
2742 4225 3030 4283 industriis
3061 4238 3124 4277 ac
3152 4221 3343 4292 gnavis
3373 4220 3501 4273 licet

1934 4332 2286 4389 constitutam
2312 4327 2458 4381 viam
2487 4332 2543 4380 et
2575 4321 2903 4377 destinatam
2932 4314 3203 4371 conficere
3228 4332 3240 4367 :
3272 4325 3504 4382 pauper-

271 4427 391 4497 μεῖν
415 4422 531 4477 ὁδόν
550 4438 564 4452 ·
597 4421 755 4474 πενία
785 4421 880 4491 μὲν
913 4419 1019 4490 γάρ
1044 4417 1133 4471 διὰ
1168 4416 1462 4488 καρτερίας
1488 4414 1582 4469 καὶ
1620 4412 1815 4466 ἐλευθε-

1938 4430 2022 4478 tas
2049 4421 2195 4476 enim
2225 4433 2321 4490 per
2361 4413 2706 4470 tolerantiam
2751 4416 2805 4465 et
2845 4408 3186 4466 libertatem,
3226 4398 3499 4470 opulentia

272 4512 538 4588 ριότητος,
582 4511 810 4575 πλοῦτος
856 4510 914 4564 δὲ
962 4508 1053 4563 διὰ
1102 4506 1562 4580 μετριοφροσύνης
1606 4505 1699 4559 καὶ
1738 4502 1832 4557 τοῦ

268 4605 541 4677 προτιμᾷν
580 4603 689 4656 τῶν
723 4601 984 4656 δοθέντων
1008 4600 1098 4654 τὸν
1125 4598 1412 4663 δεδωκότα,
1441 4594 1835 4668 κατορθώσειεν

270 4699 338 4751 ἂν
363 4697 425 4749 τὸ
450 4693 901 4765 σπουδαζόμενον,
933 4691 1007 4757 ὡς
1044 4693 1179 4763 μήτε
1216 4691 1306 4743 τὸν
1336 4685 1679 4758 πτωχεύοντα
1708 4685 1834 4739 δυσ-

271 4787 490 4859 χερείας
540 4786 667 4840 ἄνευ
716 4785 811 4838 καὶ
871 4783 1045 4836 πόνων
1089 4779 1397 4835 ἐπιϐάλλειν
1443 4778 1522 4849 τῷ
1566 4776 1839 4848 κατορθώ-

278 4897 406 4950 ματι
426 4896 439 4909 ·
479 4877 684 4931 δεῖσθαι
715 4877 768 4930 δὲ
801 4876 1143 4948 προσεχείας,
1179 4876 1228 4926 εί
1266 4871 1358 4925 καί
1383 4888 1466 4934 τις
1494 4869 1643 4940 αὑτῷ
1676 4868 1841 4940 πρόσ-

272 4988 421 5025 εστιν
455 4967 826 5041 ἀφροντιστία,
857 4966 992 5038 πρὸς
1022 4964 1082 5017 τὸ
1116 4964 1191 5034 μὴ
1229 4963 1329 5033 τῆς
1384 4960 1657 5030 πτωχείας
1683 4958 1841 5030 χάριν

276 5040 624 5132 ἀνελεύθερόν
654 5078 708 5114 τι
739 5060 837 5131 μὲν
866 5059 1082 5130 δρᾶσαι,
1115 5054 1564 5125 ἀγανακτήσαντα
1603 5052 1660 5105 δὲ
1706 5040 1863 5122 πρὸς

276 5153 480 5226 ταύτην
511 5152 781 5222 διελέγξαι
813 5151 912 5222 τὴν
954 5149 1158 5204 οἰκείαν
1201 5146 1478 5218 πρόθεσιν,
1522 5142 1597 5207 ὡς
1645 5142 1843 5214 μᾶλλον

280 5246 350 5301 ἂν
376 5243 510 5301 Θεοῦ
543 5244 722 5317 τιμῴη
767 5243 836 5296 τά
883 5242 1020 5314 πρὸς
1053 5238 1216 5293 αὑτοῦ
1254 5237 1533 5308 διδόμενα’
1581 5236 1717 5306 μήτε
1750 5234 1842 5287 τὸν

281 5336 596 5410 περιουσίαν
623 5337 880 5405 πλείστην
911 5332 1244 5403 κεκτημένον
1269 5330 1428 5383 ὠνίου
1450 5327 1646 5399 τρόπον
1672 5325 1848 5396 ἐαυτῷ

281 5428 542 5484 δύνασθαι
572 5428 853 5483 εὐσέϐειάν
887 5443 947 5479 τε
980 5424 1075 5479 καὶ
1098 5421 1297 5495 ἀρετὴν
1335 5418 1681 5493 πορίσασθαι,
1713 5416 1847 5471 ἀλλὰ

356 5543 469 5613 (28)
504 5542 765 5613 'Bnréor.
797 5560 850 5595 κ.
876 5559 928 5596 τ.
957 5540 1167 5613 ).._Vide
1205 5537 1445 5613 infra‘im
1471 5532 1848 5613 Supplementa}

286 5602 485 5668 rd‘ho's
516 5602 622 5667 Titi
647 5613 955 5668 Bostrensis
985 5612 1177 5674 libros,
1208 5608 1297 5662 ubi
1332 5607 1359 5679 §
1404 5602 1553 5679 lle:
1575 5602 1849 5679 _Paralle-

288 5685 353 5738 tis
376 5683 770 5738 Damascenicis
798 5681 1108 5749 descriptus
1140 5673 1751 5749 exliibe'tur.hic_l_ocus_.

360 5754 472 5827 (29)
496 5753 812 5823 Παρῆκται.
842 5740 1048 5808 Parati.
1086 5752 1123 5807 1.
1143 5766 1217 5817 c.,
1241 5744 1512 5818 παρήχθη.
1553 5741 1677 5800 Mox
1709 5740 1839 5799 ibid.

1932 4528 2064 4568 vero
2088 4526 2185 4581 per
2210 4507 2527 4563 modestiam
2555 4511 2609 4557 et
2634 4502 2839 4556 cultum
2866 4499 3235 4563 honoremque
3263 4490 3502 4545 auctoris

1933 4605 2201 4660 bonorum
2233 4613 2393 4671 quem
2425 4594 2708 4666 anteponit
2732 4590 2893 4646 bonis
2921 4588 3086 4661 ipsis,
3120 4584 3380 4657 perlicere
3406 4597 3506 4652 po-

1935 4702 2044 4749 test
2085 4692 2231 4763 quod
2262 4689 2445 4746 studet
2475 4693 2529 4740 et
2566 4685 2818 4748 laborat;
2851 4685 2908 4732 ut
2938 4692 3114 4748 neque
3146 4689 3350 4744 pauper
3386 4672 3507 4726 sine

1904 4762 2254 4838 ‘dillicultate
2292 4788 2347 4834 et
2380 4775 2661 4832 laboribus
2701 4776 3030 4840 assequatur
3074 4765 3371 4829 virtutem;
3414 4762 3507 4816 sed

1937 4882 2092 4947 egeat
2123 4871 2305 4929 studio
2339 4877 2396 4925 et
2435 4865 2817 4926 accuratione,
2860 4861 2908 4917 si
2949 4874 3057 4930 qua
3103 4857 3157 4911 in
3204 4856 3327 4926 ipso
3369 4854 3511 4907 inest

1940 4944 2152 5024 incuria
2173 5007 2188 5031 ,
2217 4980 2287 5019 ne
2317 4969 2538 5032 pr0pter
2576 4961 2951 5028 paupertatem
3002 4947 3205 5019 aliquid
3247 4944 3511 5001 illiberale

1942 5059 2139 5123 faciat,
2164 5063 2221 5113 et
2248 5056 2379 5110 dum
2404 5053 2592 5120 iniquo
2619 5049 2803 5104 animo
2832 5046 2934 5101 fert
2960 5049 3331 5114 paupertatem
3354 5076 3368 5098 ,
3394 5034 3513 5088 aui-

1943 5165 2091 5206 mum
2121 5163 2280 5205 suum
2311 5161 2375 5200 ac
2402 5144 2739 5199 voluntatem
2771 5138 3101 5211 patefaciat;
3133 5142 3191 5186 ut
3220 5130 3312 5202 qui
3338 5125 3513 5195 magis

1944 5256 2107 5313 quam
2134 5240 2302 5295 Deum
2326 5278 2342 5302 .
2370 5239 2603 5292 honoret
2631 5249 2697 5288 ea
2722 5248 2842 5303 quae
2867 5247 2898 5285 a
2929 5229 3039 5283 Deo
3068 5225 3267 5280 dantur
3291 5239 3306 5276 :
3337 5230 3514 5286 nequc

1945 5307 2039 5405 qui
2071 5331 2275 5387 divitiis
2322 5328 2524 5385 amuit.
2567 5326 2740 5397 possit
2788 5323 2893 5379 sibi
2937 5322 3111 5375 instar
3147 5314 3226 5370 rei
3269 5307 3512 5370 venalis,

1948 5400 2202 5496 pietatem
2236 5430 2292 5478 et
2321 5421 2576 5478 virtutem
2610 5429 2966 5488 comparare;
3007 5410 3141 5482 quin
3174 5405 3356 5477 potius
3385 5400 3513 5471 plus

1948 5537 2277 5602 διανήξαιτο.

2020 5608 2154 5675 (29°)
2191 5608 2314 5673 Οὐχ
2344 5604 2457 5675 ὡς.
2485 5600 2610 5675 Haec
2641 5598 2943 5675 addidimus
2966 5633 2982 5658 ,
3015 5601 3072 5675 et
3108 5586 3384 5646 sententi:
3414 5596 3519 5656 po:

1953 5662 2212 5741 stulante,
2243 5662 2570 5729 e't'versione
2593 5673 2663 5727 ita
2689 5671 2992 5726 exhibentc.
3026 5662 3178 5718 Εοιτ.
