3838 6158
357 284 377 334 l
396 281 492 336 H'l
1543 280 1685 336 τιτι
1726 276 2156 336 BOSTBENSIS
2193 275 2501 332 EPISCOPI
3485 274 3506 326 1
3524 274 3543 327 l
3558 274 3622 327 t8

355 401 412 453 in
441 399 544 454 bac
570 414 629 453 re
657 400 964 458 sedandum
989 403 1039 457 ei
1066 402 1176 457 sit:
1214 403 1388 473 magis
1418 403 1563 456 enim
1593 402 1715 466 hic,
1742 410 1802 456 ut
1834 415 1935 471 par
1963 422 1976 462 λ

2082 398 2288 461 λείονος
2320 397 2543 470 ἱδρῶτος
2580 395 2717 467 πρὸς
2760 395 2921 450 τοῦτο
2974 394 3208 449 δεῖσθαι·
3264 392 3621 465 χειμάζεσθαι

355 499 483 554 est,
559 489 825 552 ﬂuttuat.
891 501 940 546 et
1006 501 1263 561 tanquam
1322 499 1645 562 tempestate
1694 491 1934 561 jactatur

2082 492 2142 564 ἀρ
2176 485 2375 562 μᾶλλον
2406 489 2497 543 τὸν
2518 488 2762 542 τοιοῦτον
2788 488 2935 552 είκδς
2954 488 3052 559 τὴν
3075 488 3334 552 διάνοιαν,
3370 489 3436 556 τῇ
3461 502 3622 557 φρον-

359 588 549 645 m'ens,
575 596 708 635 cura
740 590 796 637 et
832 583 1208 638 sollicitudine
1242 583 1299 637 in
1330 584 1471 638 bona
1492 592 1718 639 externa
1742 622 1757 648 ,
1788 591 1843 638 et
1878 583 1933 637 in

2082 585 2143 639 ίδι
2175 585 2528 658 μεριζόμενον
2557 583 2695 652 πρός
2725 599 2785 636 τε
2818 581 2886 635 τὰ
2917 581 3075 644 ἐκτὸς
3122 579 3257 650 πρός
3296 596 3358 633 τε
3386 579 3457 631 τὰ
3497 580 3622 649 περὶ

361 672 603 726 animam
632 675 834 743 partita
861 695 872 729 :
902 684 956 730 et
982 675 1084 730 nisi
1112 675 1387 730 existimet
1412 691 1535 731 esse
1560 690 1692 745 opes
1713 675 1937 730 omnino

2082 678 2141 747 ὴν
2195 676 2372 747 ψυχήν
2397 693 2409 705 ·
2463 674 2559 739 ὡς,
2600 675 2650 727 εί
2706 673 2781 745 μὴ
2834 671 3111 744 πάρεργον
3167 666 3306 725 εἶναι
3344 669 3624 732 παντελῶς

360 765 661 837 πάρεργον,
707 765 865 839 ἔργον
904 783 1032 822 vero
1074 768 1253 823 solum
1298 768 1592 822 amicitiam
1639 784 1762 823 cum
1805 768 1934 833 Deo,

2082 766 2132 819 δν
2185 765 2413 819 πλοῦτον
2481 763 2727 836 οἰηθείη,
2782 764 2942 835 ἔργον
2993 763 3051 816 δὲ
3108 763 3268 833 μόνον
3333 760 3434 832 τὴν
3490 761 3625 830 πρὸς

360 856 709 927 detuergctur
735 858 790 913 in
815 859 1108 913 amentiam
1134 858 1445 929 integrant;
1480 874 1591 913 non
1626 859 1936 931 intelligens

2082 854 2173 908 ἐὺν
2208 854 2410 925 φιλίαν,
2468 853 2893 926 βαπτισθήσεται
2941 854 3077 926 πρὸς
3123 854 3305 908 ἄνοιαν
3360 852 3624 921 παντελῆ,

360 964 444 1013 se,
471 952 651 1020 primo
675 959 732 1005 et
758 952 877 1007 solo
905 951 1051 1006 bono
1080 952 1306 1016 relicto,
1340 951 1549 1007 servire
1592 953 1825 1008 mortuis
1850 952 1939 1007 di-

2082 949 2122 1020 ,ἡ
2191 949 2427 1011 συνιεὶς.
2485 948 2581 1012 ὡς,
2637 948 2700 1001 τὺ
2757 947 2970 1019 πρῶτον
3033 948 3127 1001 καὶ
3189 946 3348 1018 μόνον
3419 944 3628 1014 ἀγαθὸν

361 1042 531 1109 vitiis,
561 1057 698 1113 quas
723 1058 846 1098 cuin
881 1043 1164 1113 reliquerit
1184 1044 1343 1108 aliis,
1373 1045 1492 1114 ipse
1519 1044 1711 1099 abibit.

2082 1040 2232 1105 άσας,
2264 1040 2504 1095 δουλεύει
2532 1040 2712 1113 νεκρῷ
2754 1041 2988 1112 πλούτῳ,
3025 1041 3082 1095 ὃν
3123 1038 3405 1095 ἀπολιπὼν
3445 1038 3628 1102 ἄλλοις

2046 1134 2346 1204 οἰχήσεται.

1033 1236 1164 1292 CAP.
1206 1235 1343 1292 Vlll.
1386 1237 1646 1307 Pauperis
1676 1248 1726 1292 et
1748 1237 1927 1294 divitis
1960 1240 2264 1300 discrimen.
2298 1243 2577 1317 Improbus
2603 1261 2764 1319 quare
2791 1246 2953 1303 dives.
2984 1270 2992 1280 ·

437 1356 515 1411 Ex
546 1370 703 1426 aequo
739 1355 904 1427 igitur
933 1365 1092 1410 vacat
1138 1355 1385 1427 periculo
1419 1357 1507 1411 via
1544 1357 1807 1426 virtutis;
1854 1374 1951 1413 nc-

2137 1362 2442 1428 Ἀκίνδυνος
2473 1364 2572 1434 μὲν
2602 1361 2694 1418 οὖν
2725 1364 2920 1435 ἐπίσης
2947 1362 3069 1417 οὔτε
3102 1364 3339 1435 πλουσίῳ
3364 1364 3491 1418 οὔτε
3531 1366 3635 1419 πέ-

368 1467 475 1521 que
499 1450 676 1516 diviti,
705 1463 881 1520 neque
908 1452 1132 1520 pauperi
1176 1448 1458 1519 impedita.
1490 1448 1639 1504 Inter
1667 1465 1726 1505 se
1770 1459 1951 1503 autem

2085 1474 2175 1528 ητι
2226 1456 2325 1529 τὴς
2356 1458 2555 1529 ἀρετῆς
2608 1460 2642 1529 ἡ
2698 1457 2914 1531 πορεία,
2948 1458 3010 1510 οὑ
3043 1458 3148 1529 μὴν
3173 1457 3281 1511 οὐδ’
3335 1459 3637 1527 ἀνέφικτος

370 1544 526 1599 dives
558 1550 613 1598 et
650 1557 854 1614 pauper
879 1542 1054 1598 solum
1089 1540 1344 1596 diiTerunt
1384 1549 1736 1597 externarum
1768 1558 1952 1597 rerum

2087 1547 2229 1601 ὑδενὶ
2268 1548 2477 1603 τούτοιν
2494 1566 2517 1603 ·,
2535 1548 2777 1621 ἀλλήλων
2821 1548 2877 1602 δὲ
2899 1547 3214 1620 διαφέρουσι
3251 1549 3411 1620 μόνον
3435 1551 3503 1619 τῇ
3524 1549 3637 1602 τῶν

368 1636 706 1699 accessione,
730 1650 851 1707 quae
885 1635 1057 1689 nihilo
1089 1636 1213 1706 plus
1246 1636 1389 1689 valet
1440 1634 1504 1689 ad
1542 1636 1597 1690 id
1637 1635 1782 1706 quod
1833 1651 1957 1707 pro-

2088 1637 2255 1704 ξωθεν
2287 1638 2568 1710 περιϐολῇ,
2606 1639 2772 1710 μηδὲν
2809 1640 3007 1711 ἐχούσῃ
3041 1639 3202 1693 πλέον
3234 1640 3372 1710 πρὸς
3401 1640 3464 1693 τὸ
3501 1658 3636 1713 προ-

372 1730 610 1799 positum
642 1737 748 1793 est,
777 1727 1190 1800 adipiscendum
1227 1748 1238 1783 :
1273 1737 1436 1799 atque
1460 1728 1565 1783 hoc
1598 1728 1821 1799 quidem
1862 1746 1956 1784 ne-

370 1821 619 1877 cessario
654 1820 839 1875 divina
888 1821 1158 1891 sapientia
1203 1821 1497 1893 disposuit.
1535 1820 1766 1888 Quando
1809 1822 1957 1877 enim

374 1929 581 1986 pauper
613 1921 903 1970 exercetur
931 1914 999 1969 ad
1030 1915 1375 1970 tolerantiam
1401 1914 1744 1986 capiendam,
1767 1916 1960 1971 videns

375 2006 522 2076 apud
553 2005 722 2059 alium
752 2006 1138 2077 .opulentiam;
1181 2007 1396 2061 animus
1434 2007 1598 2061 etiam
1641 2006 1826 2063 divitis
1863 2024 1960 2062 ex-

375 2096 629 2167 ploratur
679 2096 946 2152 tenuitate
1007 2097 1295 2167 pauperis;
1347 2096 1576 2152 inutiles
1631 2099 1777 2153 enim
1834 2106 1962 2153 sunt

378 2203 535 2259 opes,
568 2188 616 2243 si
644 2198 757 2243 non’
781 2188 924 2244 adsit
947 2197 1239 2259 paupertas
1274 2207 1287 2244 :
1326 2190 1416 2244 cui
1447 2189 1593 2245 enim
1626 2188 1859 2261 benigne
1883 2189 1964 2244 fa-

308 2342 321 2358 ,
376 2281 489 2336 ciet
518 2280 851 2351 opulentus?
876 2289 928 2335 et
953 2288 1244 2351 paupertas
1261 2297 1371 2337 non
1395 2289 1479 2337 est
1495 2290 1739 2353 spectata
1758 2290 1811 2337 et
1835 2298 1963 2353 pro-

380 2372 529 2438 bata,
557 2373 663 2429 nisi
689 2372 1015 2428 adversante
1053 2374 1352 2444 opulentia.
1392 2372 1638 2445 Denique
1678 2391 1857 2446 neque
1888 2375 1966 2429 di-

381 2464 548 2520 vitem
585 2479 710 2521 esse
740 2465 961 2521 beatum
999 2474 1104 2531 est,
1141 2481 1321 2537 neque
1363 2482 1659 2537 pauperem
1706 2483 1828 2523 esse
1860 2469 1987 2522 mi-.

379 2571 567 2611 serum
595 2574 610 2613 :
644 2558 1085 2628 quandoquidem
1109 2558 1259 2614 solus
1293 2558 1384 2614 ille
1420 2558 1511 2613 cui
1551 2558 1764 2614 accedit
1810 2559 1966 2613 ﬁrma

382 2648 583 2702 animae
614 2648 919 2703 secundum
949 2649 1207 2704 virtutem
1240 2648 1496 2715 felicitas,
1528 2651 1644 2705 sive
1674 2650 1828 2706 dives
1852 2651 1968 2705 sive

384 2755 592 2810 pauper
624 2740 716 2804 sit,
751 2755 975 2811 compos
996 2741 1117 2811 ejus
1148 2750 1232 2797 cst
1257 2742 1417 2812 cujus
1441 2757 1608 2797 causa
1657 2757 1689 2795 a
1738 2742 1847 2797 Dco
1889 2742 1969 2796 fa-

385 2838 509 2886 ctus
542 2837 627 2885 est
649 2830 810 2885 homo
844 2848 858 2885 :
894 2840 951 2885 ut
982 2830 1095 2900 jam
1123 2846 1260 2910 opus
1298 2834 1368 2887 sit
1398 2846 1430 2885 a
1462 2830 1571 2888 Deo
1616 2833 1884 2901 accipere,
1907 2840 1970 2886 ut

386 2924 497 2990 sit;
544 2938 577 2977 a
607 2939 667 2978 se
720 2938 850 2978 vero
909 2925 1180 2994 accipere,
1220 2933 1279 2980 ut
1312 2925 1491 2981 bonus
1540 2926 1634 2990 sit,
1678 2925 1972 2995 adjuvante

387 3016 499 3071 Deo
534 3036 546 3071 :
578 3017 695 3071 vult
733 3018 879 3072 enim
923 3017 1091 3084 Deus,
1153 3027 1213 3088 ut
1269 3019 1432 3074 homo
1493 3034 1618 3075 cum
1679 3020 1751 3074 sit
1803 3020 1972 3073 ratio-

387 3108 477 3164 nis
522 3110 819 3180 particeps,
873 3110 1073 3166 habeat
1126 3112 1334 3183 aliquid
1389 3126 1422 3164 a
1476 3127 1535 3167 se
1581 3109 1646 3165 ad
1675 3112 1969 3182 gloriosam

389 3201 669 3259 liduciatn.

460 3292 731 3360 Quocirca
759 3308 871 3348 non
909 3293 1321 3360 admirabitnur,
1367 3310 1546 3366 neque
1589 3296 1808 3352 beatum
1842 3312 1975 3368 prae-

389 3386 697 3442 dicab'uuus
730 3386 911 3442 virum
948 3387 1170 3442 divitem
1205 3388 1470 3443 maleficia
1513 3390 1971 3445 committentem:

392 3494 569 3550 neque
600 3478 944 3550 stupebimus
996 3488 1187 3535 contra
1223 3479 1315 3534 Dei
1351 3481 1770 3551 providentiam,
1808 3482 1973 3551 quod,

391 3573 489 3642 qui
519 3573 648 3629 talis
686 3582 795 3640 est,
821 3574 1030 3630 divitiis
1059 3574 1263 3629 amuat.
1296 3573 1437 3641 Quid
1458 3575 1601 3630 enim
1627 3576 1860 3645 amplius
1880 3575 1978 3629 ha-

395 3668 487 3722 bet
508 3669 591 3723 vir
616 3669 901 3738 improbus
949 3668 1142 3725 dives?
1169 3667 1311 3735 Quid
1348 3684 1478 3723 vero
1519 3684 1630 3722 non
1667 3668 1851 3724 minus
1883 3669 1978 3722 lia-

395 3758 530 3813 bet?
557 3758 757 3829 vigiliae.
784 3760 931 3815 enim
959 3770 1012 3815 et
1035 3760 1277 3830 pericula
1303 3768 1525 3829 propter
1550 3760 1848 3830 pecunias;
1880 3760 1980 3816 do-

397 3852 543 3907 lores
574 3866 708 3906 vero
735 3851 803 3907 de
825 3854 1169 3922 consumptis
1202 3852 1460 3922 majores,
1479 3867 1643 3923 quam
1674 3852 1980 3923 voluptates

396 3944 465 4000 de
490 3945 814 4017 acquisitis:
848 3962 956 4002 non
998 3949 1142 4002 enim
1179 3956 1291 4003 tam
1332 3947 1567 4004 delectat
1603 3949 1747 4017 quod
1803 3948 1978 4012 adest,

396 4051 564 4107 quam
598 4039 814 4092 cruciat
851 4039 998 4109 quod
1030 4040 1205 4107 abest,
1249 4048 1305 4094 et
1345 4055 1563 4111 semper
1605 4040 1873 4110 cupiditas
1904 4040 1985 4095 di-

402 4127 863 4197 vitiisjaugetur:
895 4130 968 4183 ita
1005 4138 1063 4185 ut
1113 4132 1231 4187 sine
1284 4131 1689 4187 intermissione
1724 4130 1983 4202 cogitatio

402 4221 607 4277 habitet
635 4236 762 4276 cum
784 4221 1069 4277 all‘cclione
1093 4222 1377 4285 ell‘renata,
1428 4238 1629 4293 corpus
1654 4239 1784 4277 vero
1813 4238 1983 4293 saepe-

401 4329 634 4370 numero
667 4315 1002 4385 cogitatione
1027 4317 1401 4371 contabescat.
1435 4314 1660 4370 Demutn
1684 4332 1805 4385 qua:
1834 4316 1983 4371 vide-

2059 1729 2343 1807 κείμενον·
2379 1731 2690 1807 ἀναγκαίως
2720 1731 2814 1784 καὶ
2845 1730 3005 1784 τοῦτο
3024 1731 3124 1802 τῆς
3154 1731 3247 1784 τοῦ
3278 1732 3414 1785 Θεοῦ
3442 1734 3636 1802 σοφίας

2059 1802 2349 1892 δίαθείσης.
2386 1802 2453 1874 Ὅ
2480 1839 2541 1875 τε
2570 1822 2678 1894 γὰρ
2699 1823 2865 1893 πένης
2885 1821 3308 1893 διαγυμνάζεται
3339 1823 3478 1895 πρὸς
3500 1842 3637 1897 καρο

2059 1914 2266 1985 τερίαν,
2303 1912 2530 1969 πλοῦτον
2567 1915 2697 1984 παρ’
2732 1913 2875 1985 ἄλλῳ
2904 1913 3115 1984 βλέπων
3134 1954 3150 1979 ,
3182 1915 3275 1969 καὶ
3304 1918 3333 1969 δ
3383 1915 3637 1979 πλούσιος

2060 2004 2413 2077 δοκιμάζεται
2452 2006 2552 2075 τὴν
2589 2004 2812 2077 γνώμην
2846 2008 2912 2077 τῇ
2944 2005 3038 2059 τοῦ
3076 2007 3445 2078 πτωχεύοντος
3484 2011 3637 2061 ἐντε-

2062 2097 2208 2168 λείᾳο
2242 2096 2471 2161 πλοῦτος
2506 2096 2605 2167 μὲν
2636 2097 2746 2169 γάρ
2791 2097 2864 2169 μὴ
2906 2102 3317 2172 παρακειμένης
3363 2101 3641 2172 πτωχείας

2063 2189 2365 2263 ἄχρηστοςο
2400 2189 2521 2244 τίνα
2567 2189 2676 2262 γὰρ
2707 2191 3023 2261 εύποιήσει;
3052 2193 3147 2245 καὶ
3188 2193 3348 2248 πενία
3380 2194 3642 2266 ἀδόκιμος

2068 2281 2142 2353 μὴ
2169 2281 2541 2351 ἀντικειμένου
2576 2280 2826 2336 πλούτου.
2854 2283 3031 2348 Ὂλως
3063 2284 3120 2337 δὲ
3151 2283 3273 2339 οὔτε
3307 2286 3367 2339 τὸ
3394 2286 3642 2340 πλουτεῖν

2068 2374 2357 2446 μακάριον,
2381 2372 2502 2426 οὔτε
2527 2373 2588 2426 τὸ
2608 2373 2860 2427 πένεσθαι
2888 2376 3115 2430 ἐλεεινόν
3137 2391 3151 2404 ·
3178 2376 3363 2448 ἐπειδή
3390 2394 3454 2446 γε
3482 2378 3643 2444 μόνος

2066 2470 2272 2531 ἐκεῖνος
2305 2467 2596 2539 μακάριος,
2622 2460 2667 2536 ᾧ
2695 2469 2983 2540 πρόσεστιν
3015 2471 3048 2540 ἡ
3095 2468 3311 2539 βέϐαιος
3333 2473 3432 2542 τῆς
3463 2471 3645 2543 ψυχῆς

2067 2561 2185 2616 κατ’
2220 2561 2419 2633 ἀρετὴν
2462 2561 2758 2632 εὐπραγία,
2791 2560 2955 2615 κάντε
2982 2561 3252 2627 πλούσιος,
3287 2562 3448 2617 κάντε
3477 2563 3645 2634 πένης

2070 2655 2288 2727 ὑπάρχῃ
2318 2656 2346 2708 ὁ
2385 2650 2656 2720 τοιοῦτος,
2686 2648 2753 2724 ἧς
2795 2653 2979 2707 ἕνεκεν
3024 2654 3161 2725 πρὸς
3195 2654 3329 2707 Θεοῦ
3360 2653 3649 2723 ἄνθρωπος

2070 2745 2359 2815 γεγένηται
2380 2758 2393 2772 ⁸
2421 2742 2498 2806 ὡς
2527 2742 2645 2796 δέον
2687 2742 2839 2815 παρά
2871 2743 2970 2815 μὲν
3004 2744 3138 2798 Θεοῦ
3171 2744 3231 2798 τὸ
3255 2742 3395 2797 εἶναι
3440 2743 3648 2805 λαϐεῖν,

2073 2837 2202 2907 παρ⁸
2230 2834 2422 2889 ἑαυτοῦ
2455 2834 2512 2887 δὲ
2546 2835 2607 2888 τὸ
2638 2835 2842 2904 ἀγαθὸν
2874 2836 3264 2907 προσγενέσθαι
3286 2837 3494 2899 λαϐεῖν,
3529 2854 3653 2889 συν-

2075 2926 2367 2998 εργοῦντος
2417 2926 2552 2980 Θεοῦ
2573 2944 2588 2958 ο
2624 2925 2870 2997 βούλεται
2895 2928 3003 3000 γὰρ
3034 2928 3169 2993 Θεὸς
3196 2931 3290 2983 καὶ
3322 2930 3451 3002 παρ’
3485 2928 3652 2983 αὑτεῦ

1996 3068 2040 3124 C
2071 3020 2161 3072 τὸν
2188 3017 2472 3089 ἄνθρωπον
2511 3017 2654 3089 ἔχειν
2686 3018 2751 3073 ἄν
2772 3035 2844 3084 τι,
2876 3017 3089 3087 λογικὸν
3121 3019 3247 3073 ὄντα
3275 3019 3413 3090 πρὸς
3446 3018 3654 3083 ἔνδοξον

2075 3114 2406 3188 παρρησίαν.

2148 3297 2309 3349 Ὥστε
2365 3296 2426 3349 οὑ
2474 3295 2828 3368 θαυμάσομεν
2882 3296 3002 3350 οὑδὲ
3053 3295 3432 3368 μακαριοῦμεν
3486 3295 3659 3368 ἄνδρα

2086 3390 2337 3444 πλούσιον
2384 3389 2875 3463 κακοπραγοῦντα·
2922 3389 3045 3443 οὑδὲ
3091 3389 3537 3460 διαπορήσομεν,
3575 3390 3657 3442 ὅτι

2077 3484 2296 3538 πλουτεί
2321 3484 2560 3549 τοιοῦτος
2592 3483 2666 3538 ὢν
2705 3485 2840 3554 πρὸς
2863 3484 2963 3554 τὴν
2985 3481 3079 3536 τοῦ
3117 3481 3250 3535 Θεοῦ
3284 3481 3561 3553 πρόνοιαν.
3593 3480 3657 3534 Τί

2076 3577 2186 3649 γάρ
2214 3577 2450 3649 ὑπάρχει
2492 3576 2652 3630 πλέον
2680 3576 2834 3649 ἀνδρὶ
2865 3574 3084 3648 πονηρῷ
3117 3573 3471 3639 πλουτοῦντι;
3505 3571 3659 3627 Ti“:

2077 3669 2176 3722 οὑκ
2208 3667 2427 3722 ἔλαττον
2448 3667 2597 3738 αὑτῷ
2623 3666 2944 3738 πρόσεστιν;
2977 3664 3275 3739 ἀγρυπνίαι
3299 3663 3399 3736 μὲν
3432 3666 3526 3717 καὶ
3545 3664 3660 3718 κίν-

2078 3759 2221 3813 δυνοι
2247 3760 2336 3814 διὰ
2369 3760 2438 3814 τὰ
2472 3760 2729 3831 χρήματα
2747 3799 2763 3824 ,
2795 3758 2962 3814 λύπαι
2991 3758 3057 3811 δὲ’
3082 3757 3194 3812 τῶν
3217 3757 3659 3828 ἀναλισκομένων

2084 3854 2301 3925 μείζους
2330 3855 2473 3925 ἤπερ
2506 3853 2688 3925 ἡδοναὶ
2712 3851 2821 3905 τῶν
2858 3851 3257 3923 ποριζομένωνο
3291 3851 3351 3903 ού
3384 3851 3495 3922 γὰρ
3519 3848 3660 3901 οὕτω

2079 3946 2140 4000 τὸ
2194 3947 2366 4017 παρὸν
2408 3944 2709 4018 εὐφραίνει,
2741 3944 2817 4008 ὠς
2845 3943 2904 3997 τὸ
2929 3944 3066 3998 ἀπὸν
3107 3943 3295 3996 λυπεῖ·
3327 3941 3424 3995 καὶ
3463 3942 3552 3995 ἀεὶ
3590 3941 3661 3994 τὰ

2080 4035 2178 4105 τῆς
2207 4032 2504 4105 ἐπιθυμίας
2553 4032 2875 4098 συναύξεται
2905 4032 2982 4104 τῷ
3016 4032 3256 4101 πλούτῳ,
3294 4032 3372 4096 ὡς
3402 4032 3493 4085 τὸν
3517 4031 3659 4099 λογι-

2084 4124 2220 4195 σμὸν
2273 4123 2630 4188 ἀδιαλείπτως
2685 4128 2952 4179 συνοικεῖν
3001 4124 3218 4195 ἀσχέτῳ
3264 4122 3458 4192 πάθει,
3505 4124 3570 4177 τὸ
3605 4123 3663 4177 δὲ

2086 4216 2245 4289 σῶμα
2278 4217 2536 4281 πολλάκις
2559 4216 3069 4288 συγκατατήκεσθαι
3095 4216 3171 4287 τῷ
3204 4216 3483 4288 λογισμῷ-
3522 4217 3585 4269 τὸ
3607 4216 3663 4270 δὲ

2083 4310 2274 4365 δοκοῦν
2296 4311 2671 4383 πλεονεκτημα
2696 4309 2789 4365 τοῦ
2816 4310 3129 4382 περιουσίαν
3152 4310 3487 4381 κεκτημένου
3512 4308 3665 4380 χαλε-

402 4412 496 4456 tur
544 4404 893 4472 praestantior
934 4405 1179 4460 conditio
1226 4406 1557 4461 aﬂluentiam
1599 4421 1762 4477 opum
1803 4408 1976 4477 possi-

2087 4401 2330 4475 πώτερον
2362 4402 2675 4473 τυγχάνειῆ
2714 4402 3083 4474 μειονέκτημα
3108 4417 3123 4431 ·
3163 4399 3384 4470 τρυφῶν
3415 4399 3534 4469 (⁸50)
3560 4397 3665 4469 γὰρ

402 4494 604 4559 dentis,
654 4495 929 4559 dillicilior
968 4504 1022 4554 et
1065 4500 1347 4556 molestior
1396 4508 1482 4556 est
1520 4515 1680 4570 quam
1741 4499 1983 4556 conditio

403 4589 613 4657 egentis
649 4608 663 4644 :
694 4590 785 4645 ille
807 4590 959 4660 enim
981 4591 1193 4648 deliciis
1218 4600 1272 4647 et
1298 4592 1529 4647 mollitia
1568 4592 1767 4647 cubilis
1797 4600 1981 4657 utens,

404 4680 734 4751 quandoque
766 4682 819 4736 in
851 4683 1032 4738 varios
1080 4684 1302 4740 morbos
1353 4683 1563 4751 incidit,
1616 4700 1741 4739 cum
1778 4700 1984 4756 pauper

407 4776 658 4832 siccitate
717 4777 895 4833 victus
967 4778 1266 4833 necessarii
1334 4779 1700 4834 valetudinem
1766 4767 1997 4849 corpori'

407 4870 623 4926 ascivit.
652 4868 722 4923 At
752 4872 878 4940 quis
906 4869 1053 4925 dicat
1090 4885 1196 4923 non
1233 4885 1355 4925 esse
1383 4885 1583 4940 corpus
1613 4871 1971 4926 excellentius

406 4970 462 5016 et
490 4959 665 5030 magis
693 4960 1017 5015 honoratum
1050 4975 1214 5031 quam
1244 4961 1386 5015 bona
1433 4960 1696 5016 externa?
1726 4958 1885 5026 Quod
1935 4961 1983 5016 si

411 5051 672 5107 habitudo
710 5053 957 5121 corporis
1011 5053 1280 5107 valentior
1316 5053 1372 5106 in
1417 5052 1485 5107 iis
1536 5058 1850 5122 perseverat
1894 5052 1987 5122 qui

412 5145 741 5201 necessariis
770 5145 1046 5201 moderate
1087 5152 1346 5210 utuntur;
1383 5145 1451 5200 iis
1496 5160 1628 5199 vero
1672 5143 1766 5215 qui
1818 5159 1879 5199 se
1922 5144 1988 5199 ad

412 5237 807 5292 immoderatas
849 5236 1079 5292 delicias
1133 5237 1441 5301 dimittunt,
1505 5237 1669 5291 simul
1718 5237 1888 5292 robur
1936 5246 1992 5290 et

415 5328 645 5384 ﬁrmitas
666 5328 916 5400 corporis
947 5329 1258 5394 relaxatur;
1302 5343 1484 5383 annon
1524 5329 1694 5399 liquet
1716 5328 1817 5382 hac
1839 5337 1993 5398 parte

414 5430 468 5474 et
503 5422 603 5476 hac
627 5422 838 5477 ratione
865 5420 1154 5478 inferiores
1199 5436 1323 5476 esse
1366 5420 1589 5475 divitias
1638 5420 1996 5491 paupertate?

2088 4495 2182 4548 xui.
2210 4494 2369 4565 εὑνῆς
2396 4494 2695 4565 ἀπαλότητι
2728 4492 3029 4565 χρώμενος,
3066 4492 3148 4556 είς
3184 4490 3496 4564 ἀρρωστίας
3522 4488 3665 4554 ἐστιν

2087 4587 2177 4641 ὅτε
2199 4587 2446 4651 ποικίλας
2466 4587 2750 4657 ἐμπίπτει·
2767 4585 2859 4639 τοῦ
2885 4586 2941 4639 δὲ
2961 4585 3195 4655 πένητος
3209 4587 3274 4655 τῇ
3294 4581 3555 4654 ξηρότητι
3572 4581 3667 4650 τῆς

2088 4680 2393 4748 ἀναγκαίας
2436 4680 2645 4749 διαίτης
2689 4680 2751 4732 τὸ
2795 4679 3034 4747 ὑγιαῖνον
3066 4676 3146 4748 τῷ
3190 4673 3405 4746 σώματι
3446 4671 3665 4745 ποριζὸ-

2093 4790 2276 4843 μενον.
2331 4773 2525 4826 Καίτοι
2565 4772 2651 4837 τίς
2684 4772 2751 4826 ἂν
2804 4772 2959 4842 φαίη,
2994 4771 3070 4834 ὠς
3097 4769 3219 4841 οὑχὶ
3263 4769 3326 4822 τὸ
3357 4768 3522 4837 σῶμα
3564 4766 3671 4818 τῶν

2090 4864 2246 4929 ἐκτὸς
2275 4866 2701 4937 προτιμότερον;
2728 4865 2792 4917 El
2814 4864 2870 4917 δὲ
2893 4866 3001 4927 τοῖς
3036 4862 3104 4916 τὰ
3130 4861 3402 4928 ἀναγκαῖα
3430 4859 3673 4930 μετρίοις

2091 4956 2541 5029 ἐρρωμενεστέρα
2585 4955 2678 5009 τοῦ
2721 4955 2971 5026 σώματος
3008 4949 3125 5018 ἕξις
3167 4950 3433 5023 διαμένει,
3472 4951 3589 5011 τοῖς
3619 4946 3676 5000 δὲ

2092 5047 2229 5117 πρὸς
2280 5048 2517 5118 ἄμετρον
2560 5046 2770 5117 τρυφὴν
2822 5042 3281 5116 κεχαλασμένοις,
3334 5038 3679 5108 συγκατάγε-

2092 5156 2181 5193 ται
2210 5140 2306 5193 καὶ
2343 5138 2440 5193 τοῦ
2474 5139 2724 5210 σώματος
2763 5139 2792 5191 ὁ
2828 5139 3011 5202 τόνος’
3049 5137 3166 5200 πῶς
3197 5135 3297 5189 οὑκ
3326 5131 3572 5203 ἔνδηλον,
3605 5129 3679 5192 ὡς

2096 5232 2241 5288 κατὰ
2265 5233 2423 5287 τοῦτο
2454 5234 2547 5287 καὶ
2578 5232 2799 5287 ἔλαττον
2833 5232 2934 5303 τῆς
2971 5230 3161 5293 πενίας
3185 5229 3214 5281 ὁ
3240 5223 3510 5288 πλοῦτοςς
3542 5221 3681 5292 πλὴν

2097 5330 2146 5381 εἰ
2192 5328 2265 5399 μή
2320 5344 2403 5390 τις
2431 5326 2680 5398 εὑρεθείη
2736 5326 2831 5379 καὶ
2872 5323 2980 5377 τῶν
3023 5320 3334 5390 ἀναγκαίων
3386 5315 3679 5388 προσδεὴς.

2098 5422 2236 5492 ὅπερ
2266 5420 2520 5473 οὐδέποτε
2554 5419 2634 5491 τῷ
2665 5419 2787 5473 κατ’
2818 5416 3018 5489 ἀρετὴν
3063 5412 3334 5482 σπουδαίῳ
3368 5408 3681 5480 συμϐαίνει.

417 5526 778 5591 νημαι-(ψιλοὶ
804 5516 851 5574 si
878 5517 1002 5588 quis
1036 5515 1340 5586 reperiatur
1388 5514 1482 5584 qui
1528 5521 1683 5584 egeat
1706 5513 2071 5581 necessariis;
2110 5514 2255 5585 quod
2280 5514 2500 5585 quidem
2524 5528 2804 5584 nunquam
2840 5510 3088 5568 studioso
3107 5506 3329 5564 virtutis
3353 5502 3578 5559 accidit.

488 5613 744 5685 Nunquid
793 5615 1043 5685 voluptas
1091 5612 1340 5668 ciborum
1378 5620 1825 5691 sumptuosorum
1874 5626 1998 5680 pcr—

494 5739 606 5815 (30)
634 5738 797 5823 Forte
817 5741 1071 5809 τρυφαῖς.
1101 5738 1252 5792 Eon.

2178 5606 2326 5681 'Apa
2362 5610 2425 5681 δὴ
2465 5610 2572 5663 τῶν
2610 5608 2916 5663 πολυτελῶν
2945 5604 3252 5677 ἐδεσμάτων
3281 5604 3315 5673 ἡ
3347 5600 3512 5672 ἡδονὴ
3559 5610 3688 5652 συνι-
