3782 6166
348 246 481 301 “51

1542 246 1679 301 TITI
1721 245 2155 303 BOSTRENSIS
2194 244 2510 303 EPISCOP!

3497 246 3654 302 ilbi

419 359 527 417 Sed
552 361 696 417 dicet
726 362 950 432 aliquis,
983 362 1162 433 magis
1201 369 1552 434 torqueretur
1596 363 1936 419 conscientia

2108 362 2247 433 Φαίη
2274 362 2321 416 δ’
2365 362 2433 417 ἀν
2463 378 2570 426 τις,
2607 360 2685 425 ὼς
2719 358 2881 414 πλέον
2904 357 2972 414 ἂν
3014 356 3339 430 ἐϐασανίσθη
3382 356 3506 411 τῶν
3546 359 3646 411 ἁν-

348 455 652 518 hominum,
672 453 720 510 si
736 454 922 511 nullus
938 455 1218 511 maleﬁcus
1236 454 1615 525 deprehensus
1629 455 1936 525 puniretur:

347 553 541 600 contra
570 560 699 600 vero
720 548 902 601 evenit
928 552 990 599 ut
1027 546 1189 616 plane
1220 546 1293 602 sit
1322 546 1565 600 hortatio
1600 546 1849 616 quaedam
1871 544 1938 600 ad

349 635 679 692 maleﬁcium
699 636 1034 699 faciendum,
1053 636 1321 707 quosdam
1343 635 1623 692 maleﬁcos
1645 635 1941 706 aliquando

350 743 462 783 non
490 728 883 799 comprehendi
912 744 943 781 a
977 728 1190 799 legibus
1218 745 1233 782 :
1267 727 1411 783 unde
1441 735 1734 797 utrumque
1755 741 1943 782 neces-

352 820 563 875 sarium
600 826 706 883 est,
767 828 823 875 et
878 819 1123 874 incidere
1169 817 1479 874 maleﬁcum
1545 818 1602 873 in
1654 819 1822 889 leges,
1876 832 1943 873 ac

350 910 740 981 comprehendi
770 910 838 965 ad
859 910 1167 981 exemplum
1191 910 1404 964 vitandi
1435 910 1688 965 maleﬁcii
1717 927 1732 977 ;
1763 917 1820 966 et
1847 909 1944 965 ef-

353 1003 541 1073 fugere
585 1010 924 1058 tormentum
960 1008 1017 1058 et
1044 1002 1355 1057 cruciatum
1405 1002 1775 1074 cogitationis.
1831 1002 1946 1057 Hoc

346 1096 489 1151 mini
522 1097 666 1152 enim
693 1096 760 1151 ad
790 1095 1101 1168 eligendum
1121 1097 1380 1153 virtutem
1412 1106 1468 1152 et
1501 1097 1696 1152 vitium
1743 1096 1939 1156 libero.

350 1190 434 1247 sic
470 1190 612 1245 facto
652 1206 683 1245 a
735 1189 870 1252 Deo,
919 1190 1057 1247 foris
1095 1190 1348 1255 accedit,
1402 1201 1465 1247 ut
1508 1192 1747 1263 quodam
1779 1191 1942 1246 modo

351 1302 509 1343 mens
536 1286 659 1357 ejus
684 1285 995 1357 adjuvetur,
1048 1294 1102 1341 et
1135 1286 1295 1357 quasi
1344 1285 1602 1341 fulciatur
1645 1287 1843 1340 timore
1886 1291 1943 1338 ct

350 1380 639 1436 vacatione
677 1378 918 1444 timoris,
968 1378 1373 1433 hortationibus
1445 1386 1501 1433 et
1542 1375 1944 1431 dehortationi-

350 1472 478 1538 bus,
511 1471 707 1526 morbo
737 1477 793 1526 et
824 1470 1080 1537 sanitate,
1108 1477 1434 1541 paupertate
1478 1475 1535 1523 et
1566 1467 1764 1538 opibus
1793 1483 1808 1533 ;
1844 1467 1942 1522 de-

352 1565 520 1635 nique
558 1563 743 1618 omnia
771 1578 894 1633 quae.
913 1563 1191 1617 contraria
1235 1564 1378 1616 inter
1400 1575 1462 1616 se
1492 1558 1769 1623 videntur,
1811 1572 1946 1613 con~

353 1671 490 1712 sone
511 1671 575 1711 ac
608 1655 1005 1711 convenienter
1037 1654 1093 1709 in
1129 1667 1301 1707 unum
1326 1654 1561 1707 tendunt
1587 1659 1641 1706 et
1671 1656 1941 1722 spectant,

2042 455 2279 528 θρὼπων
2299 456 2333 526 ὴ
2355 453 2640 527 πρόθεσις,
2656 454 2706 506 εί
2733 452 2920 524 μηδεὶς
2945 450 3247 522 κακοῦργος
3272 450 3651 521 ἐλεγχόμενος

2043 552 2364 621 ἐτιμωρεῖτο
2381 565 2394 579 ·
2428 547 2618 616 γέγονε
2654 547 2712 601 δὲ
2736 544 3043 599 τούναντίον
3065 545 3325 613 ἄντικρυς
3346 542 3649 617 προτροπὴ

2042 640 2138 693 τοῦ
2172 644 2542 712 κακοπραγεῖν
2572 640 2635 692 τὸ
2667 639 2743 710 μὴ
2786 636 3299 708 καταλαμϐάνεσθαί
3330 654 3474 689 ποτε
3505 635 3649 705 πρὸς

2043 732 2151 786 τῶν
2178 732 2359 805 νόμων
2392 733 2555 796 ἐνίοις
2585 731 2695 785 τῶν
2726 731 3017 802 μετιόντων
3050 729 3119 784 τὰ
3147 729 3326 784 κακά·
3354 727 3491 782 ὅθεν
3517 727 3643 781 ἑκά-

2042 842 2201 896 τερον
2230 827 2545 896 ἀναγκαῖον,
2570 827 2666 880 καὶ
2689 825 2750 878 τὸ
2773 824 3181 895 παρεμπίπτειν
3201 822 3294 876 τὸν
3319 821 3645 892 κακοῦργον

2044 921 2125 983 είς
2155 919 2471 991 ἀνατροπῆς
2514 918 2841 989 ὑπόδειγμα,
2882 917 2978 972 καὶ
3034 916 3350 984 διαφεύγειν
3398 915 3647 986 βάσανον

2044 1011 2332 1083 λογισμοῦ.
2370 1011 2671 1084 Ἐλευθέρῳ
2702 1010 2813 1082 γὰρ
2839 1010 2918 1081 τῷ
2953 1009 3225 1082 ἀνθρώπῳ
3255 1008 3397 1081 πρὸς
3424 1010 3645 1081 αἵρεσιν

2045 1105 2249 1178 ἀρετῆς
2274 1105 2370 1160 καὶ
2408 1104 2625 1170 κακίας,
2666 1103 2810 1158 οὕτω
2839 1103 2978 1175 πρὸς
3009 1102 3144 1156 Θεοῦ
3170 1103 3482 1173 γενομένῳ,
3509 1100 3643 1167 ἔξω-

2047 1198 2139 1251 θεν
2192 1196 2539 1269 προῦπάρχει
2563 1214 2576 1227 ο
2608 1197 2702 1250 καὶ
2745 1196 2806 1249 τὸ
2857 1194 3164 1266 βοηθεῖσθαι
3204 1195 3298 1249 καὶ
3331 1194 3644 1265 ἐρείδεσθαι

2044 1291 2248 1365 τρόπον
2271 1290 2395 1345 τινὰ
2418 1291 2516 1362 τὴν
2540 1290 2797 1354 διάνοιαν,
2824 1284 2934 1343 οἷον
2959 1288 3049 1342 διὰ
3071 1288 3237 1358 φόϐου
3256 1290 3352 1343 καὶ
3378 1286 3641 1357 ἀφοϐίας,

2047 1381 2371 1455 προτροπῶν
2399 1398 2459 1435 τε
2490 1381 2584 1436 καὶ
2617 1381 2965 1456 ἀποτροπῶν,
3006 1381 3162 1435 νόσου
3188 1399 3250 1435 τε
3284 1382 3384 1435 καὶ
3422 1382 3638 1449 ὑγείας,

2046 1475 2240 1540 πενίας
2285 1491 2346 1529 τε
2380 1475 2475 1529 καὶ
2522 1473 2775 1536 πλούτου.
2808 1475 2902 1529 καὶ
2947 1475 3127 1529 πάντα
3169 1473 3238 1530 τά
3290 1475 3640 1529 ἀντικεῖσθαι

2047 1567 2296 1640 ἀλλήλοις
2318 1566 2602 1632 δοκοῦντα,
2633 1565 2938 1637 συμφώνως
2972 1566 3109 1638 πρὸς
3147 1566 3207 1620 ἓν
3240 1568 3433 1631 τείνει,
3466 1568 3550 1632 ὡς
3577 1567 3639 1621 ἂν

2046 1659 2139 1713 τὸν
2181 1658 2519 1732 ἀνθρώπινον
2562 1659 2686 1714 νοῦν
2718 1658 3072 1731 διαγυμνάζοι
3111 1660 3277 1732 μηδὲν
3320 1660 3639 1714 ἀποκαθεύ-

353 1755 415 1803 ut
446 1749 744 1802 humanam
769 1755 1009 1803 mentem
1038 1751 1357 1808 exerceant,
1390 1750 1446 1800 et
1485 1758 1647 1799 nemo
1680 1757 1741 1798 se
1780 1741 1944 1797 dedat

2081 1769 2178 1817 ειν,
2208 1751 2457 1807 ἐντεῦθεν
2492 1751 2549 1806 δὲ
2584 1751 2836 1806 κάκεῖθεν
2874 1752 3373 1825 κατακρουόμενον,
3411 1753 3640 1824 διεγρη-

354 1856 589 1907 somno;
616 1840 752 1910 quin
789 1840 973 1911 potius
1005 1838 1135 1893 hinc
1164 1844 1219 1894 et
1266 1838 1417 1892 illinc
1457 1836 1650 1908 pulsus
1694 1843 1748 1891 et
1789 1835 1942 1889 exci-

353 1941 527 1999 tatus,
555 1932 743 2003 vigilet
770 1931 838 1987 ad
862 1930 1099 1987 oﬁicium
1132 1930 1351 2002 pietatis
1379 1937 1435 1985 et
1463 1930 1684 1985 virtutis
1732 1928 1944 1984 obeun-

353 2027 505 2081 dum.
533 2023 591 2079 Si
619 2040 749 2081 vero
779 2023 1014 2085 accidat,
1050 2031 1109 2078 ut
1137 2023 1336 2094 aliquis
1366 2022 1627 2094 puniatur
1676 2035 1787 2076 non
1835 2035 1929 2077 so-

354 2118 469 2172 lum
497 2119 785 2183 innocens,
817 2116 914 2174 sed
942 2117 1029 2172 vir
1056 2115 1420 2180 admirabilis,
1453 2123 1509 2171 et
1556 2115 1625 2169 ab
1654 2129 1721 2170 eo
1766 2128 1945 2186 poena:

353 2214 580 2269 virtutis
632 2220 972 2284 repetantur,
1014 2210 1147 2284 quid
1186 2210 1442 2266 nocuerit
1472 2208 1810 2266 sustinenti?
1836 2207 1943 2262 Ar-

353 2308 471 2374 guit
498 2306 717 2378 quidem
748 2307 853 2362 hoc
881 2321 976 2363 eos
1006 2306 1100 2378 qui
1137 2306 1366 2372 faciunt,
1396 2320 1508 2360 non
1538 2320 1665 2360 eum
1693 2303 1785 2374 qui
1819 2318 1945 2359 sus-

362 2402 519 2465 tinet,
552 2403 680 2457 licet
710 2415 885 2472 usque
908 2400 976 2455 ad
1040 2406 1273 2455 mortem
1308 2399 1555 2469 iniquum
1609 2396 1942 2468 supplicium

358 2494 758 2565 progrediatur.
815 2492 919 2559 Qui
951 2492 1079 2547 talis
1125 2498 1229 2555 est,
1271 2491 1689 2571 anticipatione-
1722 2489 1941 2553 mortis,

355 2602 478 2658 quae
515 2587 800 2652 pertinent
856 2585 924 2640 ad
964 2586 1128 2640 vitam
1165 2585 1431 2647 futuram,
1471 2582 1768 2638 meditatus
1810 2588 1939 2635 est:

356 2681 444 2735 cui
471 2680 617 2735 enim
642 2680 776 2735 nihil
808 2696 976 2735 suave
998 2686 1309 2741 esteorum,
1334 2691 1456 2748 quas
1479 2676 1668 2731 multis
1686 2672 1942 2744 jucunda

358 2779 508 2835 sunt,
536 2788 639 2828 nec
679 2772 974 2837 acerbum,
1009 2785 1191 2826 annon
1249 2777 1335 2825 est
1386 2768 1478 2823 hic
1528 2774 1655 2822 ante
1706 2774 1942 2821 mortem

360 2864 486 2917 huic
512 2864 637 2918 vitae
666 2864 959 2919 mortuus?
987 2863 1090 2930 Qui
1147 2862 1237 2917 hic
1272 2876 1337 2917 ea
1380 2876 1504 2931 quae
1554 2859 1945 2915 existimantur

358 2952 571 3008 insidiae
610 2953 783 3017 factae,
835 2954 958 3008 loco
988 2952 1241 3008 beneﬁcii
1286 2959 1341 3006 et
1388 2951 1575 3022 gratia:
1602 2949 1776 3013 ducit,
1836 2963 1944 3020 qua

357 3053 647 3117 exspectat
676 3052 796 3116 post
826 3045 971 3101 hanc
1001 3045 1169 3100 vitam
1203 3044 1415 3113 majora
1461 3045 1606 3099 bona
1654 3044 1940 3115 consequi,

358 3155 520 3208 quam
552 3154 617 3194 ea
647 3154 767 3209 qua:
801 3139 1111 3207 relinquere
1144 3136 1381 3199 videtur,
1413 3136 1481 3191 ad
1519 3151 1642 3207 quae
1681 3136 1948 3191 abinimi-

2043 1844 2265 1918 γορέναι
2290 1844 2427 1917 πρὸς
2448 1844 2510 1899 τὺ
2538 1844 2696 1917 ἔργον
2723 1844 2824 1915 τῆς
2845 1844 3124 1910 εὐσεϐείας
3148 1844 3245 1900 καὶ
3274 1846 3377 1917 τῆς
3408 1847 3638 1918 ἀρετῆς.

2044 1939 2109 1992 Et
2138 1937 2197 1991 δὲ
2234 1938 2327 1991 καὶ
2379 1935 2705 2002 κολάζεσθαί
2748 1953 2869 1991 τινα
2894 1937 3203 2008 συμϐαίνοι,
3243 1937 3349 1991 οὐκ
3392 1938 3640 1992 ἀναίτιον

2048 2029 2229 2102 μόνον,
2260 2029 2395 2084 ἀλλά
2428 2029 2524 2085 καὶ
2558 2028 2859 2102 θαυμάσιον
2885 2030 3073 2101 ἄνδρα,
3106 2030 3202 2085 καὶ
3238 2029 3401 2100 δίκην
3433 2031 3639 2102 ἀρετῆς

2045 2120 2393 2177 ἀπαιτεῖσθαι
2421 2119 2643 2185 τοῦτον,
2675 2120 2729 2174 τί
2753 2119 2820 2174 ἂν
2850 2119 3048 2191 βλάϐος
3067 2120 3412 2193 προσαγάγοι
3438 2121 3523 2192 τῷ
3544 2122 3642 2176 πά-

2048 2231 2265 2287 οχοντις
2291 2213 2555 2285 διελέγχει
2590 2215 2688 2285 μὲν
2709 2212 2816 2286 γάρ
2837 2213 2964 2280 τοὺς
2985 2212 3294 2278 ποιοῦντας,
3308 2214 3375 2266 οὐ
3402 2213 3637 2285 βλάπτει

2044 2308 2103 2361 δὲ
2133 2306 2225 2360 τὸν
2253 2305 2612 2377 ὑπομένοντα,
2657 2304 2758 2358 κᾶν
2788 2303 2893 2368 ἕως
2921 2303 3150 2359 θανάτου
3180 2303 3424 2376 φέρηται
3449 2302 3527 2357 τὰ
3546 2304 3638 2373 τῆς

2046 2398 2242 2467 ἀλόγου
2277 2396 2567 2469 τιμωρίας.
2593 2395 2810 2460 Φθάσας
2847 2395 2956 2468 γὰρ
2993 2396 3087 2464 ὅγε
3137 2395 3409 2458 τοιοῦτος,
3455 2394 3637 2464 νεκρό⁸

2044 2507 2169 2562 τητι
2204 2487 2275 2541 τά
2325 2487 2462 2557 πρὸς
2512 2486 2605 2540 τὸν
2634 2485 2747 2558 βίον
2801 2486 3204 2558 μεμελέτηκεν·
3242 2479 3290 2555 ᾧ
3318 2485 3435 2557 γάρ
3476 2485 3636 2557 μηδὲν

2050 2582 2148 2651 μὲν
2187 2578 2285 2651 ἡδὺ
2314 2577 2422 2631 τῶν
2454 2580 2568 2642 τοῖς
2596 2576 2832 2643 πολλοῖς,
2867 2578 2901 2651 ἢ
2933 2578 3115 2650 ἀηδὲς,
3154 2576 3274 2641 πῶς
3293 2577 3424 2648 οὐχὶ
3448 2576 3637 2647 νεκρὸς

2046 2672 2140 2727 τοῦ
2175 2671 2292 2742 βίου
2325 2670 2420 2726 καὶ
2457 2669 2566 2743 πρὸ
2597 2669 2830 2725 θανάτου
2859 2671 2954 2739 ὅγε
2986 2669 3227 2733 τοιοῦτος
3256 2668 3631 2738 καθέστηκενς

2047 2767 2127 2829 είς
2159 2766 2319 2839 χάριν
2355 2766 2454 2838 τήν
2479 2781 2543 2833 γε
2588 2763 2949 2835 νομιζομένην
2989 2754 3284 2835 ἐπιϐουλὴν
3323 2764 3630 2834 δεχόμενος,

2047 2852 2081 2931 ᾗ
2117 2857 2257 2930 μετά
2285 2858 2377 2912 τὸν
2409 2856 2658 2930 παρόντα
2687 2855 2800 2927 βίον
2837 2855 3110 2931 προσδοκᾷ
3137 2855 3388 2928 μείζοσιν
3416 2857 3633 2926 ἀγαθοξ

2048 2950 2416 3018 ἐντεύξεσθαι,
2456 2944 2533 3006 ὧν
2578 2949 2868 3006 ἀπολιπεῖν
2909 2949 3076 3014 δοκεῖ,
3137 2949 3222 3019 ἐφ’
3255 2948 3293 3004 ἃ
3346 2951 3490 3023 πρὸς
3534 2951 3631 3003 τῶν

2049 3044 2258 3116 ἐχθρῶν
2285 3043 2496 3116 ταχέως
2528 3043 3058 3115 παραπεμπόμενος,
3086 3043 3163 3105 ὡς
3190 3043 3501 3122 εύεργέτας
3516 3044 3631 3106 τοὺς

2048 3135 2498 3199 ἐπιϐουλεύοντας
2524 3135 2658 3207 ἔχει.

356 3234 438 3289 cis
470 3233 586 3289 suis
614 3233 725 3288 cito
756 3231 1041 3295 dimissus,
1072 3240 1331 3301 tanquam
1362 3229 1638 3287 beneﬁcos
1667 3229 1818 3285 ducit
1842 3246 1941 3288 eos
1963 3231 2056 3303 qui
2085 3233 2137 3287 ei
2169 3230 2415 3288 insidiati
2450 3238 2601 3287 sunt.

741 3392 870 3449 CAP.
906 3391 975 3447 X.
1012 3390 1190 3449 Preme
1215 3401 1336 3447 sunt
1367 3402 1678 3464 argumenta
1708 3394 1938 3453 virtutis.
1970 3392 2202 3450 Manetis
2238 3393 2576 3465 blasphemia:
2606 3393 2665 3446 in
2690 3391 2791 3448 Dei
2826 3392 3233 3464 providentiam.

430 3552 549 3609 Alia
577 3555 740 3608 etiam
763 3552 973 3608 ratione
996 3552 1140 3623 apud
1168 3553 1418 3608 homines
1447 3553 1823 3609 necessarium
1851 3562 1941 3610 est

359 3648 603 3717 permitti
647 3661 678 3700 a
712 3646 824 3702 Deo
878 3654 1152 3701 tormenta
1201 3652 1255 3700 et
1301 3646 1622 3709 cruciatus.
1652 3654 1713 3701 ut
1766 3648 1941 3718 magis

362 3745 611 3807 spectata
637 3752 701 3793 ac
730 3739 958 3808 probata
1000 3737 1072 3793 sit
1103 3737 1274 3793 libera
1302 3739 1521 3794 virtutis
1564 3739 1861 3809 susceptio,
1894 3739 1941 3795 si

363 3844 542 3898 neque
568 3836 800 3884 mortem
831 3841 1090 3900 oppetere
1136 3828 1475 3887 reformidet.
1522 3828 1640 3886 Jam
1664 3846 1788 3886 cum
1839 3832 1937 3885 im-

362 3920 563 3990 probos
584 3928 639 3975 et
660 3922 901 3976 avaritia:
934 3920 1148 3977 deditos
1175 3921 1477 3980 viderimus
1516 3924 1815 3994 aliquando
1840 3924 1943 3980 im-

362 4014 571 4083 perium
595 4021 799 4079 tenere,
834 4022 889 4070 et
915 4015 981 4070 ad
1009 4017 1366 4087 magistratus
1395 4017 1561 4088 eligi;
1595 4018 1738 4074 scire
1774 4031 1944 4087 opor-

364 4113 440 4162 tet
471 4107 708 4178 permitti
753 4107 857 4163 hoc
890 4111 1232 4179 providentia
1269 4125 1335 4183 ac
1382 4111 1779 4181 gubernatione
1802 4110 1898 4166 Dei
1928 4130 1941 4165 :

364 4214 488 4254 cum
512 4199 656 4254 enim
685 4200 775 4269 qui
801 4208 929 4255 sunt
965 4202 1071 4257 sub
1110 4202 1340 4273 imperio
1373 4205 1615 4275 peccatis
1638 4204 1941 4270 abundant,

358 4288 569 4357 justum
594 4290 919 4361 supplicium
953 4301 1039 4347 est
1071 4292 1334 4362 iniquitas
1357 4309 1548 4348 eorum
1583 4294 1679 4365 qui
1710 4294 1945 4365 imperio

2117 3551 2229 3603 Καὶ
2257 3549 2429 3613 ἄλλως
2481 3551 2540 3604 ἐν
2577 3548 2887 3621 ἀνθρώποις
2942 3548 3217 3618 ἀναγκαία
3260 3549 3365 3620 τῆς
3404 3548 3623 3620 βασάνου

2046 3644 2080 3714 ἠ
2134 3643 2286 3715 ποιρά
2342 3642 2434 3696 τοῦ
2488 3640 2623 3696 Θεοῦ
2670 3641 3035 3716 συγχώρησις,
3069 3641 3146 3706 ὡς
3191 3640 3259 3696 ἂν
3292 3640 3624 3714 δοκιμωτέρα

2049 3735 2307 3806 τυγχάνοι
2344 3736 2378 3806 ἡ
2407 3734 2617 3808 αἵρεσις
2647 3735 2745 3805 τῆς
2770 3735 2990 3807 ἀρετῆς,
3025 3735 3074 3787 εί
3107 3733 3242 3805 μηδὲ
3272 3733 3507 3788 θάνατον
3544 3734 3623 3787 εὑ-

2047 3825 2283 3883 λαϐοῖτο.
2326 3827 2603 3899 Πονηροὺς
2624 3827 2682 3881 δὲ
2718 3829 2813 3881 καὶ
2838 3826 3252 3892 πλεονεκτικοὺς
3271 3827 3407 3882 ὅταν
3445 3828 3624 3899 ἴδωμεν

2049 3919 2195 3973 ἔστιν
2227 3920 2317 3973 ὅτε
2355 3918 2712 3991 κρατοῦντας,
2739 3920 2832 3973 καὶ
2863 3919 2962 3983 τὰς
2994 3919 3171 3991 ἀρχὰς
3190 3919 3620 3991 πιστευομένους·

2052 4010 2249 4075 ἰστέον,
2278 4012 2359 4064 ὅτι
2396 4011 2740 4083 συγχώρησις
2768 4013 2883 4065 ἐστι
2901 4011 2997 4065 καὶ
3016 4011 3175 4064 τοῦτο
3198 4011 3301 4083 τῆς
3327 4012 3624 4083 οἰκονομίας

2051 4100 2146 4155 τοῦ
2180 4102 2315 4156 Θεοῦ
2342 4118 2357 4134 ο
2418 4102 2638 4156 ἐπειδὰν
2683 4101 2793 4174 γὰρ
2821 4102 2890 4157 τά
2923 4102 3022 4172 τῆς
3057 4103 3335 4173 ἁμαρτίας
3372 4102 3622 4173 πλεονάζει

2051 4195 2162 4250 τῶν
2203 4195 2542 4268 ἀρχομένων,
2574 4195 2795 4261 κόλασις
2833 4195 2900 4249 ἂν
2935 4195 3150 4265 γένοιτο
3180 4194 3371 4249 δικαία
3410 4194 3521 4249 τῶν
3549 4197 3626 4263 ἁρ-

2051 4289 2255 4360 χόντων
2293 4291 2327 4358 ἡ
2360 4288 2569 4353 ἀδικία,
2623 4287 3048 4361 τιμωρουμένων
3080 4286 3117 4341 ἃ
3169 4287 3497 4359 πράττουσι,
3544 4288 3625 4341 καὶ

363 4389 629 4452 prtesunt,
662 4384 755 4454 qui
788 4385 1130 4440 ulciscuntur
1165 4401 1289 4456 qua:
1321 4386 1561 4452 faciunt,
1608 4393 1663 4442 et
1708 4387 1946 4457 puniunt

2081 4380 2385 4447 μολαζόντων
2432 4379 2470 4436 ἃ
2522 4380 2803 4435 ποιοῦσιν·
2869 4380 2947 4445 ὡς
3007 4379 3075 4434 ἂν
3133 4379 3349 4449 γένοιτο
3406 4381 3624 4452 μάλιστα

362 4491 485 4546 quae
511 4477 901 4533 committunt:
933 4486 994 4533 ut
1038 4479 1275 4535 maxime
1340 4486 1522 4550 pateat
1586 4495 1697 4535 non
1728 4481 1943 4536 contin-

363 4583 490 4637 gere
528 4581 586 4625 ut
634 4578 919 4639 peccatum
983 4570 1316 4640 impunitum
1363 4573 1455 4627 sit.
1489 4571 1693 4628 Rectus
1725 4573 1945 4644 quidem

364 4659 536 4713 videri
572 4667 748 4730 potest
775 4659 967 4728 judex,
998 4661 1128 4731 quia
1174 4676 1242 4716 ne
1277 4661 1407 4731 quid
1440 4663 1565 4717 mali
1598 4664 1945 4728 committat,

363 4767 457 4807 eos
480 4752 573 4822 qui
607 4753 960 4808 committunt
1014 4756 1193 4825 punit.
1230 4755 1326 4811 Sin
1360 4764 1543 4810 autem
1584 4756 1633 4811 is
1656 4757 1749 4827 qui
1794 4731 1959 4826 judi-o

362 4848 452 4894 cat
502 4841 695 4912 incipit
721 4857 785 4897 ea
834 4843 1125 4899 admittere
1172 4860 1294 4915 quat
1345 4845 1401 4899 in
1452 4846 1574 4901 aliis
1603 4845 1862 4913 vindicat,
1895 4855 1951 4901 ct

362 4933 539 5003 punit,
574 4934 876 5004 etquidem
914 4936 1250 5006 impensius,
1288 4944 1347 4990 ut
1406 4937 1667 5004 suadeat,
1707 4953 1765 4995 se
1812 4939 1952 4994 nihil

364 5025 490 5085 mali
522 5040 711 5097 agere;
739 5027 899 5096 plane
925 5035 1153 5098 apparet
1176 5028 1268 5097 jus
1299 5026 1515 5083 ﬁrmum
1546 5038 1601 5084 et
1634 5030 1792 5085 vaide
1819 5030 1950 5086 hor-

364 5115 522 5189 ribile
560 5131 683 5172 esse
712 5117 953 5174 incidere
996 5121 1053 5175 in
1104 5119 1422 5189 hujusmodi
1473 5122 1832 5193 magistratus
1881 5123 1950 5178 ad

366 5208 716 5267 sustinendas
767 5225 958 5281 poenas
1001 5221 1225 5284 prepter
1264 5214 1668 5284 improbitatem
1706 5231 1947 5271 morum.

374 5296 647 5356 Feruntur
676 5310 857 5358 autem
891 5304 945 5358 in
988 5304 1290 5376 Scripturis
1314 5305 1632 5374 hujusmodi
1669 5308 1953 5363 sententia:

375 5389 575 5446 divinae
611 5395 912 5451 manifestae
940 5404 1131 5452 contra
1159 5413 1255 5454 eos
1283 5398 1377 5469 qui
1419 5397 1764 5469 delinquunt.

442 5479 774 5540 Manichaaus
807 5496 987 5542 tamen
1037 5490 1486 5553 amentissimus,
1521 5496 1584 5543 ut
1608 5490 1805 5560 dogma
1853 5505 1951 5546 ne-

371 5569 559 5636 quitiae
587 5570 840 5641 ingenita:
870 5585 925 5631 et
948 5578 1303 5648 blasphemia;
1342 5580 1399 5633 in
1443 5577 1614 5633 Deum
1650 5578 1794 5647 apud
1821 5593 1947 5634 eum

378 5660 597 5713 ﬁrmum
646 5673 830 5730 esset,
893 5667 1098 5723 nullam
1146 5677 1357 5738 partem
1405 5669 1816 5740 gubernationis
1850 5670 1947 5734 Dei

2047 4471 2226 4543 δῆλον,
2252 4473 2334 4526 ὅτι
2361 4472 2677 4545 παρανομία
2718 4472 3063 4545 ἀτιμώρητος
3091 4473 3192 4525 οὐκ
3216 4471 3326 4543 εἴη.
3382 4474 3623 4545 Ὀρθότης

2052 4564 2150 4635 μὲν
2189 4563 2446 4619 δικαστοῦ
2482 4563 2682 4630 δόξειεν
2716 4563 2801 4627 ἂν,
2844 4564 3028 4635 ἐπειδὴ
3072 4582 3126 4617 τι
3166 4566 3240 4635 μὴ
3273 4566 3510 4637 πράττει
3540 4584 3625 4619 κα-

2049 4660 2164 4724 κὸν,
2184 4661 2310 4724 τοὺς
2338 4658 2626 4724 ποιοῦντας
2650 4659 2921 4720 κολάζειν.
2942 4662 3006 4713 Et
3034 4660 3078 4712 δ’
3106 4661 3352 4723 αύτοϋςό
3381 4661 3622 4726 δικάζων,

2048 4751 2157 4804 τῶν
2176 4769 2239 4819 γε
2255 4753 2513 4806 τοιούτων
2529 4753 2933 4823 ἀπαρχόμενος,
2951 4753 3078 4814 τοὺς
3101 4749 3170 4803 τὰ
3186 4751 3327 4805 αὐτά
3355 4752 3625 4822 μετιόντας

2049 4843 2290 4909 κολάζει,
2331 4844 2425 4897 καὶ
2483 4844 2720 4916 μάλιστα
2764 4843 3169 4914 δαψιλέστερον,
3224 4843 3303 4906 ὡς
3362 4844 3434 4897 ἂν
3468 4845 3625 4899 πείθοι

2054 4936 2221 5006 μηδὲν
2259 4937 2422 5000 αὐτὸς
2464 4936 2668 5007 φαῦλον
2707 4934 3169 5008 διαπράττεσθαι·
3207 4934 3477 5007 ἄντικρυς
3508 4954 3624 5008 κρα-

2048 5028 2179 5081 τοῦν
2209 5029 2303 5082 καὶ
2351 5028 2471 5082 λίαν
2515 5027 2745 5099 φοϐερὸν
2771 5027 3127 5097 ἀναφαίνεται
3155 5026 3217 5079 τὸ
3247 5026 3463 5079 δίκαιον
3508 5031 3625 5098 πρὸς

2048 5120 2111 5175 τὸ
2131 5121 2288 5193 δίκην
2305 5121 2597 5194 ὑπομένειν
2617 5122 2743 5185 τοὺς
2776 5120 2865 5174 διὰ
2896 5120 3196 5191 σκαιότητα
3220 5119 3449 5190 τρόπων
3471 5120 3623 5174 toto-3o

2049 5233 2163 5280 τοις
2188 5215 2413 5288 ἄρχουσι
2451 5213 2673 5278 δικαίως
2703 5211 3161 5283 περιπίπτοντας·
3194 5211 3510 5279 ἀποφάσεις
3530 5211 3621 5282 γὰρ

2051 5308 2146 5361 καὶ
2175 5307 2417 5362 τοιαῦται
2462 5309 2653 5377 σαφεῖς
2696 5303 2849 5375 παρά
2885 5303 3022 5357 Θεοῦ
3074 5301 3217 5356 κατά
3243 5302 3355 5356 τῶν
3390 5304 3619 5376 ἁμαρτα-

2051 5398 2249 5453 νόντων
2283 5400 2340 5451 ὲν
2367 5399 2609 5471 Γραφαῖς
2636 5400 2757 5461 ταῖς
2786 5395 2970 5465 ἁγίαις
3003 5394 3351 5465 γεγένηνται.

2135 5490 2194 5543 '0
2261 5489 2443 5561 μέντοι
2495 5489 2856 5560 χαλεπώτατα
2912 5490 3139 5553 Μανεὶς,
3179 5487 3269 5541 ἵνα
3311 5488 3451 5558 παρ’
3492 5484 3619 5556 αὐτῷ

2053 5583 2305 5654 κρατήσῃ
2347 5582 2408 5635 τδ
2450 5580 2631 5652 δόγμα
2670 5581 2770 5651 τῆς
2807 5582 3107 5651 ἀγεννήτου
3164 5577 3369 5656 κακίας
3412 5579 3508 5633 καὶ
3536 5578 3617 5656 τῆς

2053 5672 2193 5727 κατά
2220 5671 2355 5727 Θεοῦ
2393 5672 2758 5745 βλασφημίας,
2785 5671 2939 5726 οὐδὲν
2986 5671 3440 5742 ἀσυκοφάντητον
3468 5650 3615 5724 κατά-
