  <div class='ocr_page' id='page_1' title='image "/cluster/home/n/w/nwhite01/storage/ocr_20150623/18/nnc1.0046978550/594.png"; bbox 0 0 3782 6166; ppageno 0'>
   <div class='ocr_carea' id='block_1_1' title="bbox 140 318 275 372">
    <p class='ocr_par' dir='ltr' id='par_1_1' title="bbox 140 318 275 372">
     <span class='ocr_line' id='line_1_1' title="bbox 140 318 275 372; baseline 0.015 -2"><span class='ocrx_word' id='word_1_1' title='bbox 140 318 275 372; x_wconf 74' lang='lat' dir='ltr'><strong>H55</strong></span> 
     </span>
    </p>
   </div>
   <div class='ocr_carea' id='block_1_2' title="bbox 1190 303 2291 366">
    <p class='ocr_par' dir='ltr' id='par_1_2' title="bbox 1190 303 2291 366">
     <span class='ocr_line' id='line_1_2' title="bbox 1190 303 2291 366; baseline -0.006 0"><span class='ocrx_word' id='word_1_2' title='bbox 1190 305 1562 366; x_wconf 78' lang='lat' dir='ltr'><strong>ADVERSUS</strong></span> <span class='ocrx_word' id='word_1_3' title='bbox 1598 304 2027 363; x_wconf 67' lang='lat' dir='ltr'><strong>MANICHABOS</strong></span> <span class='ocrx_word' id='word_1_4' title='bbox 2064 304 2194 361; x_wconf 83' lang='lat' dir='ltr'><strong>LIB.</strong></span> <span class='ocrx_word' id='word_1_5' title='bbox 2229 303 2291 359; x_wconf 87' lang='lat' dir='ltr'><strong>ll.</strong></span> 
     </span>
    </p>
   </div>
   <div class='ocr_carea' id='block_1_3' title="bbox 3158 292 3393 356">
    <p class='ocr_par' dir='ltr' id='par_1_3' title="bbox 3158 292 3393 356">
     <span class='ocr_line' id='line_1_3' title="bbox 3158 292 3393 356; baseline 0.004 -1"><span class='ocrx_word' id='word_1_6' title='bbox 3158 292 3164 298; x_wconf 65' lang='grc'><em>’</em></span> <span class='ocrx_word' id='word_1_7' title='bbox 3244 299 3393 356; x_wconf 66' lang='grc'><strong>,1154</strong></span> 
     </span>
    </p>
   </div>
   <div class='ocr_carea' id='block_1_4' title="bbox 134 418 1705 504">
    <p class='ocr_par' dir='ltr' id='par_1_4' title="bbox 134 422 1705 504">
     <span class='ocr_line' id='line_1_4' title="bbox 134 422 1705 504; baseline -0.004 -16"><span class='ocrx_word' id='word_1_8' title='bbox 134 422 343 489; x_wconf 76' lang='grc' dir='ltr'><strong>λέλοιπε</strong></span> <span class='ocrx_word' id='word_1_9' title='bbox 374 433 474 504; x_wconf 86' lang='grc' dir='ltr'><strong>τῆς</strong></span> <span class='ocrx_word' id='word_1_10' title='bbox 500 432 594 487; x_wconf 90' lang='grc' dir='ltr'><strong>τοῦ</strong></span> <span class='ocrx_word' id='word_1_11' title='bbox 628 431 764 488; x_wconf 88' lang='grc' dir='ltr'><strong>Θεοῦ</strong></span> <span class='ocrx_word' id='word_1_12' title='bbox 795 432 1133 504; x_wconf 73' lang='grc' dir='ltr'><strong>διοικήσεως.</strong></span> <span class='ocrx_word' id='word_1_13' title='bbox 1168 430 1437 493; x_wconf 84' lang='grc' dir='ltr'><strong>Πολλάκις</strong></span> <span class='ocrx_word' id='word_1_14' title='bbox 1465 428 1528 495; x_wconf 35' lang='grc' dir='ltr'><strong>,δὲ</strong></span> <span class='ocrx_word' id='word_1_15' title='bbox 1561 427 1705 482; x_wconf 76' lang='grc' dir='ltr'><strong>ἔστιν</strong></span> 
     </span>
    </p>
   </div>
   <div class='ocr_carea' id='block_1_5' title="bbox 1891 418 3396 504">
    <p class='ocr_par' dir='ltr' id='par_1_5' title="bbox 1891 418 3396 496">
     <span class='ocr_line' id='line_1_5' title="bbox 1891 418 3396 496; baseline -0.005 -14"><span class='ocrx_word' id='word_1_16' title='bbox 1891 426 2198 490; x_wconf 74' lang='lat' dir='ltr'><strong>etermisit,</strong></span> <span class='ocrx_word' id='word_1_17' title='bbox 2238 422 2373 496; x_wconf 89' lang='lat' dir='ltr'><strong>quin</strong></span> <span class='ocrx_word' id='word_1_18' title='bbox 2428 436 2551 479; x_wconf 87' lang='lat' dir='ltr'><strong>eam</strong></span> <span class='ocrx_word' id='word_1_19' title='bbox 2613 420 3072 476; x_wconf 87' lang='lat' dir='ltr'><strong>culumniaretur.</strong></span> <span class='ocrx_word' id='word_1_20' title='bbox 3129 418 3396 475; x_wconf 76' lang='lat' dir='ltr'><strong>Videmus</strong></span> 
     </span>
    </p>
   </div>
   <div class='ocr_carea' id='block_1_6' title="bbox 139 522 1708 599">
    <p class='ocr_par' dir='ltr' id='par_1_6' title="bbox 139 522 1708 599">
     <span class='ocr_line' id='line_1_6' title="bbox 139 522 1708 599; baseline -0.003 -19"><span class='ocrx_word' id='word_1_21' title='bbox 139 527 267 581; x_wconf 75' lang='grc' dir='ltr'><strong>ίδετν</strong></span> <span class='ocrx_word' id='word_1_22' title='bbox 293 527 386 579; x_wconf 81' lang='grc' dir='ltr'><strong>καὶ</strong></span> <span class='ocrx_word' id='word_1_23' title='bbox 416 525 659 591; x_wconf 83' lang='grc' dir='ltr'><strong>δικαίους</strong></span> <span class='ocrx_word' id='word_1_24' title='bbox 677 526 1070 599; x_wconf 79' lang='grc' dir='ltr'><strong>ἡμαρτηκότας</strong></span> <span class='ocrx_word' id='word_1_25' title='bbox 1101 525 1207 579; x_wconf 80' lang='grc' dir='ltr'><strong>ὑπὸ</strong></span> <span class='ocrx_word' id='word_1_26' title='bbox 1233 523 1452 587; x_wconf 90' lang='grc' dir='ltr'><strong>ἀσεϐεῖς</strong></span> <span class='ocrx_word' id='word_1_27' title='bbox 1483 522 1708 593; x_wconf 81' lang='grc' dir='ltr'><strong>γενομέ-</strong></span> 
     </span>
    </p>
   </div>
   <div class='ocr_carea' id='block_1_7' title="bbox 135 614 1710 689">
    <p class='ocr_par' dir='ltr' id='par_1_7' title="bbox 135 614 1710 689">
     <span class='ocr_line' id='line_1_7' title="bbox 135 614 1710 689; baseline 0 -20"><span class='ocrx_word' id='word_1_28' title='bbox 135 632 285 679; x_wconf 90' lang='grc' dir='ltr'><strong>νους·</strong></span> <span class='ocrx_word' id='word_1_29' title='bbox 317 615 505 689; x_wconf 86' lang='grc' dir='ltr'><strong>ῶσπερ</strong></span> <span class='ocrx_word' id='word_1_30' title='bbox 530 618 725 688; x_wconf 84' lang='grc' dir='ltr'><strong>εὐγενῆ</strong></span> <span class='ocrx_word' id='word_1_31' title='bbox 756 618 923 672; x_wconf 89' lang='grc' dir='ltr'><strong>παῖδα</strong></span> <span class='ocrx_word' id='word_1_32' title='bbox 949 618 1118 689; x_wconf 78' lang='grc' dir='ltr'><strong>πατρὶ</strong></span> <span class='ocrx_word' id='word_1_33' title='bbox 1151 616 1225 688; x_wconf 80' lang='grc' dir='ltr'><strong>μὴ</strong></span> <span class='ocrx_word' id='word_1_34' title='bbox 1249 616 1587 688; x_wconf 86' lang='grc' dir='ltr'><strong>πειθόμενον,</strong></span> <span class='ocrx_word' id='word_1_35' title='bbox 1620 614 1710 670; x_wconf 88' lang='grc' dir='ltr'><strong>διά</strong></span> 
     </span>
    </p>
   </div>
   <div class='ocr_carea' id='block_1_8' title="bbox 136 706 1712 781">
    <p class='ocr_par' dir='ltr' id='par_1_8' title="bbox 136 706 1712 781">
     <span class='ocr_line' id='line_1_8' title="bbox 136 706 1712 781; baseline -0.001 -19"><span class='ocrx_word' id='word_1_36' title='bbox 136 706 288 772; x_wconf 82' lang='grc' dir='ltr'><strong>ξένου</strong></span> <span class='ocrx_word' id='word_1_37' title='bbox 317 709 669 780; x_wconf 85' lang='grc' dir='ltr'><strong>τυπτόμενον,</strong></span> <span class='ocrx_word' id='word_1_38' title='bbox 703 710 790 763; x_wconf 79' lang='grc' dir='ltr'><strong>ἵνα</strong></span> <span class='ocrx_word' id='word_1_39' title='bbox 817 709 954 780; x_wconf 86' lang='grc' dir='ltr'><strong>μετά</strong></span> <span class='ocrx_word' id='word_1_40' title='bbox 991 710 1089 780; x_wconf 82' lang='grc' dir='ltr'><strong>τῆς</strong></span> <span class='ocrx_word' id='word_1_41' title='bbox 1129 710 1420 781; x_wconf 82' lang='grc' dir='ltr'><strong>ἀλγηδόνος</strong></span> <span class='ocrx_word' id='word_1_42' title='bbox 1447 708 1556 762; x_wconf 90' lang='grc' dir='ltr'><strong>τῶν</strong></span> <span class='ocrx_word' id='word_1_43' title='bbox 1580 707 1712 778; x_wconf 88' lang='grc' dir='ltr'><strong>πλη-</strong></span> 
     </span>
    </p>
   </div>
   <div class='ocr_carea' id='block_1_9' title="bbox 134 800 1710 874">
    <p class='ocr_par' dir='ltr' id='par_1_9' title="bbox 134 800 1710 874">
     <span class='ocr_line' id='line_1_9' title="bbox 134 800 1710 874; baseline 0.001 -21"><span class='ocrx_word' id='word_1_44' title='bbox 134 801 264 867; x_wconf 85' lang='grc' dir='ltr'><strong>γῶν,</strong></span> <span class='ocrx_word' id='word_1_45' title='bbox 304 802 398 855; x_wconf 75' lang='grc' dir='ltr'><strong>καὶ</strong></span> <span class='ocrx_word' id='word_1_46' title='bbox 429 802 464 871; x_wconf 86' lang='grc' dir='ltr'><strong>ή</strong></span> <span class='ocrx_word' id='word_1_47' title='bbox 493 801 685 871; x_wconf 78' lang='grc' dir='ltr'><strong>ἀτιμία</strong></span> <span class='ocrx_word' id='word_1_48' title='bbox 723 800 816 855; x_wconf 89' lang='grc' dir='ltr'><strong>τοῦ</strong></span> <span class='ocrx_word' id='word_1_49' title='bbox 851 801 1266 873; x_wconf 84' lang='grc' dir='ltr'><strong>διακονουμένου</strong></span> <span class='ocrx_word' id='word_1_50' title='bbox 1307 801 1586 874; x_wconf 82' lang='grc' dir='ltr'><strong>μεταϐάλῃ</strong></span> <span class='ocrx_word' id='word_1_51' title='bbox 1618 802 1710 855; x_wconf 76' lang='grc' dir='ltr'><strong>τὸν</strong></span> 
     </span>
    </p>
   </div>
   <div class='ocr_carea' id='block_1_10' title="bbox 136 890 1710 964">
    <p class='ocr_par' dir='ltr' id='par_1_10' title="bbox 136 890 1710 964">
     <span class='ocr_line' id='line_1_10' title="bbox 136 890 1710 964; baseline 0.003 -22"><span class='ocrx_word' id='word_1_52' title='bbox 136 890 574 962; x_wconf 82' lang='grc' dir='ltr'><strong>πλημμελοῦντα·</strong></span> <span class='ocrx_word' id='word_1_53' title='bbox 594 892 650 944; x_wconf 79' lang='grc' dir='ltr'><strong>ἓν</strong></span> <span class='ocrx_word' id='word_1_54' title='bbox 660 892 767 964; x_wconf 89' lang='grc' dir='ltr'><strong>γάρ</strong></span> <span class='ocrx_word' id='word_1_55' title='bbox 782 910 834 946; x_wconf 91' lang='grc' dir='ltr'><strong>τι</strong></span> <span class='ocrx_word' id='word_1_56' title='bbox 850 893 945 946; x_wconf 83' lang='grc' dir='ltr'><strong>καὶ</strong></span> <span class='ocrx_word' id='word_1_57' title='bbox 964 892 1141 963; x_wconf 89' lang='grc' dir='ltr'><strong>μόνον,</strong></span> <span class='ocrx_word' id='word_1_58' title='bbox 1159 892 1263 962; x_wconf 70' lang='grc' dir='ltr'><strong>ἔφα</strong></span> <span class='ocrx_word' id='word_1_59' title='bbox 1270 909 1391 963; x_wconf 89' lang='grc' dir='ltr'><strong>μεν,</strong></span> <span class='ocrx_word' id='word_1_60' title='bbox 1404 892 1496 946; x_wconf 77' lang='grc' dir='ltr'><strong>καὶ</strong></span> <span class='ocrx_word' id='word_1_61' title='bbox 1512 892 1710 963; x_wconf 79' lang='grc' dir='ltr'><strong>ἀληθές</strong></span> 
     </span>
    </p>
   </div>
   <div class='ocr_carea' id='block_1_11' title="bbox 132 984 1709 1058">
    <p class='ocr_par' dir='ltr' id='par_1_11' title="bbox 132 984 1709 1058">
     <span class='ocr_line' id='line_1_11' title="bbox 132 984 1709 1058; baseline 0.002 -22"><span class='ocrx_word' id='word_1_62' title='bbox 132 986 301 1047; x_wconf 77' lang='grc' dir='ltr'><strong>ἐστιν,</strong></span> <span class='ocrx_word' id='word_1_63' title='bbox 324 984 399 1048; x_wconf 86' lang='grc' dir='ltr'><strong>ὡς</strong></span> <span class='ocrx_word' id='word_1_64' title='bbox 428 986 458 1037; x_wconf 85' lang='grc' dir='ltr'>ὁ</span> <span class='ocrx_word' id='word_1_65' title='bbox 478 984 611 1055; x_wconf 82' lang='grc' dir='ltr'><strong>πρὸς</strong></span> <span class='ocrx_word' id='word_1_66' title='bbox 636 985 771 1038; x_wconf 89' lang='grc' dir='ltr'><strong>Θεοῦ</strong></span> <span class='ocrx_word' id='word_1_67' title='bbox 789 986 1078 1056; x_wconf 85' lang='grc' dir='ltr'><strong>γενόμενος</strong></span> <span class='ocrx_word' id='word_1_68' title='bbox 1093 985 1379 1058; x_wconf 75' lang='grc' dir='ltr'><strong>ἄνθρωπος</strong></span> <span class='ocrx_word' id='word_1_69' title='bbox 1398 986 1709 1039; x_wconf 76' lang='grc' dir='ltr'><strong>ἀπαιτεῖται</strong></span> 
     </span>
    </p>
   </div>
   <div class='ocr_carea' id='block_1_12' title="bbox 132 1074 1707 1149">
    <p class='ocr_par' dir='ltr' id='par_1_12' title="bbox 132 1074 1707 1149">
     <span class='ocr_line' id='line_1_12' title="bbox 132 1074 1707 1149; baseline 0.002 -21"><span class='ocrx_word' id='word_1_70' title='bbox 132 1074 272 1130; x_wconf 85' lang='grc' dir='ltr'><strong>κατά</strong></span> <span class='ocrx_word' id='word_1_71' title='bbox 290 1075 381 1129; x_wconf 81' lang='grc' dir='ltr'><strong>τὸν</strong></span> <span class='ocrx_word' id='word_1_72' title='bbox 404 1075 517 1146; x_wconf 80' lang='grc' dir='ltr'><strong>βίον</strong></span> <span class='ocrx_word' id='word_1_73' title='bbox 537 1076 599 1129; x_wconf 80' lang='grc' dir='ltr'><strong>τὸ</strong></span> <span class='ocrx_word' id='word_1_74' title='bbox 614 1076 826 1130; x_wconf 78' lang='grc' dir='ltr'><strong>συνέσει</strong></span> <span class='ocrx_word' id='word_1_75' title='bbox 847 1077 1105 1149; x_wconf 83' lang='grc' dir='ltr'><strong>λογισμοῦ</strong></span> <span class='ocrx_word' id='word_1_76' title='bbox 1132 1076 1474 1149; x_wconf 86' lang='grc' dir='ltr'><strong>κατορθῶσαι</strong></span> <span class='ocrx_word' id='word_1_77' title='bbox 1490 1078 1552 1131; x_wconf 87' lang='grc' dir='ltr'><strong>τὸ</strong></span> <span class='ocrx_word' id='word_1_78' title='bbox 1567 1077 1707 1132; x_wconf 83' lang='grc' dir='ltr'><strong>κατὰ</strong></span> 
     </span>
    </p>
   </div>
   <div class='ocr_carea' id='block_1_13' title="bbox 135 1161 1709 1241">
    <p class='ocr_par' dir='ltr' id='par_1_13' title="bbox 135 1161 1709 1241">
     <span class='ocr_line' id='line_1_13' title="bbox 135 1161 1709 1241; baseline 0.004 -24"><span class='ocrx_word' id='word_1_79' title='bbox 135 1165 299 1235; x_wconf 86' lang='grc' dir='ltr'><strong>μηδὲν</strong></span> <span class='ocrx_word' id='word_1_80' title='bbox 327 1166 534 1221; x_wconf 85' lang='grc' dir='ltr'><strong>ἀδικεῖν</strong></span> <span class='ocrx_word' id='word_1_81' title='bbox 544 1168 641 1239; x_wconf 86' lang='grc' dir='ltr'><strong>τὴν</strong></span> <span class='ocrx_word' id='word_1_82' title='bbox 658 1169 878 1239; x_wconf 81' lang='grc' dir='ltr'><strong>ἀρετήν’</strong></span> <span class='ocrx_word' id='word_1_83' title='bbox 895 1161 1015 1240; x_wconf 84' lang='grc' dir='ltr'><strong>ᾧδή</strong></span> <span class='ocrx_word' id='word_1_84' title='bbox 1036 1187 1118 1233; x_wconf 87' lang='grc' dir='ltr'><strong>τις</strong></span> <span class='ocrx_word' id='word_1_85' title='bbox 1142 1168 1426 1241; x_wconf 85' lang='grc' dir='ltr'><strong>προσέχων</strong></span> <span class='ocrx_word' id='word_1_86' title='bbox 1447 1170 1539 1223; x_wconf 78' lang='grc' dir='ltr'><strong>καὶ</strong></span> <span class='ocrx_word' id='word_1_87' title='bbox 1563 1170 1709 1241; x_wconf 84' lang='grc' dir='ltr'><strong>μόνῳ</strong></span> 
     </span>
    </p>
   </div>
   <div class='ocr_carea' id='block_1_14' title="bbox 133 1256 1708 1334">
    <p class='ocr_par' dir='ltr' id='par_1_14' title="bbox 133 1256 1708 1334">
     <span class='ocr_line' id='line_1_14' title="bbox 133 1256 1708 1334; baseline 0.003 -23"><span class='ocrx_word' id='word_1_88' title='bbox 133 1257 286 1327; x_wconf 77' lang='lat'><strong>(50&#39;),</strong></span> <span class='ocrx_word' id='word_1_89' title='bbox 311 1256 750 1332; x_wconf 83' lang='grc' dir='ltr'><strong>[μακαριώτατος</strong></span> <span class='ocrx_word' id='word_1_90' title='bbox 772 1260 839 1315; x_wconf 84' lang='grc' dir='ltr'><strong>ἂν</strong></span> <span class='ocrx_word' id='word_1_91' title='bbox 857 1261 1088 1331; x_wconf 87' lang='grc' dir='ltr'><strong>γένοιτο,</strong></span> <span class='ocrx_word' id='word_1_92' title='bbox 1118 1261 1246 1334; x_wconf 78' lang='grc' dir='ltr'><strong>κᾶν]</strong></span> <span class='ocrx_word' id='word_1_93' title='bbox 1269 1262 1433 1334; x_wconf 77' lang='grc' dir='ltr'><strong>μηδὲν</strong></span> <span class='ocrx_word' id='word_1_94' title='bbox 1455 1262 1639 1333; x_wconf 72' lang='grc' dir='ltr'><strong>ἕτερόν</strong></span> <span class='ocrx_word' id='word_1_95' title='bbox 1654 1280 1708 1316; x_wconf 89' lang='grc' dir='ltr'><strong>τι</strong></span> 
     </span>
    </p>
   </div>
   <div class='ocr_carea' id='block_1_15' title="bbox 131 1343 1709 1426">
    <p class='ocr_par' dir='ltr' id='par_1_15' title="bbox 131 1343 1709 1426">
     <span class='ocr_line' id='line_1_15' title="bbox 131 1343 1709 1426; baseline 0.003 -22"><span class='ocrx_word' id='word_1_96' title='bbox 131 1353 271 1406; x_wconf 86' lang='grc' dir='ltr'><strong>κατά</strong></span> <span class='ocrx_word' id='word_1_97' title='bbox 284 1353 375 1405; x_wconf 79' lang='grc' dir='ltr'><strong>τὸν</strong></span> <span class='ocrx_word' id='word_1_98' title='bbox 391 1352 502 1422; x_wconf 81' lang='grc' dir='ltr'><strong>βίον</strong></span> <span class='ocrx_word' id='word_1_99' title='bbox 521 1353 640 1426; x_wconf 78' lang='grc' dir='ltr'><strong>ἔχῃ.</strong></span> <span class='ocrx_word' id='word_1_100' title='bbox 658 1351 828 1406; x_wconf 85' lang='grc' dir='ltr'><strong>Τοῦτο</strong></span> <span class='ocrx_word' id='word_1_101' title='bbox 841 1354 1020 1408; x_wconf 81' lang='grc' dir='ltr'><strong>τοίνυν</strong></span> <span class='ocrx_word' id='word_1_102' title='bbox 1035 1371 1058 1407; x_wconf 90' lang='grc' dir='ltr'><strong>ε</strong></span> <span class='ocrx_word' id='word_1_103' title='bbox 1069 1353 1158 1407; x_wconf 80' lang='grc' dir='ltr'><strong>ίδι⁹</strong></span> <span class='ocrx_word' id='word_1_104' title='bbox 1172 1354 1294 1407; x_wconf 85' lang='grc' dir='ltr'><strong>ὅλου</strong></span> <span class='ocrx_word' id='word_1_105' title='bbox 1309 1353 1404 1408; x_wconf 90' lang='grc' dir='ltr'><strong>τοῦ</strong></span> <span class='ocrx_word' id='word_1_106' title='bbox 1421 1343 1549 1425; x_wconf 76' lang='grc' dir='ltr'><strong>περὶ</strong></span> <span class='ocrx_word' id='word_1_107' title='bbox 1571 1356 1709 1425; x_wconf 84' lang='grc' dir='ltr'><strong>Προ-</strong></span> 
     </span>
    </p>
   </div>
   <div class='ocr_carea' id='block_1_16' title="bbox 130 1443 1709 1516">
    <p class='ocr_par' dir='ltr' id='par_1_16' title="bbox 130 1443 1709 1516">
     <span class='ocr_line' id='line_1_16' title="bbox 130 1443 1709 1516; baseline 0.003 -21"><span class='ocrx_word' id='word_1_108' title='bbox 130 1443 278 1507; x_wconf 82' lang='grc' dir='ltr'><strong>νοίας</strong></span> <span class='ocrx_word' id='word_1_109' title='bbox 334 1444 493 1513; x_wconf 91' lang='grc' dir='ltr'><strong>λόγου</strong></span> <span class='ocrx_word' id='word_1_110' title='bbox 549 1444 937 1516; x_wconf 85' lang='grc' dir='ltr'><strong>μνημονεύοιτο</strong></span> <span class='ocrx_word' id='word_1_111' title='bbox 958 1486 974 1510; x_wconf 93' lang='grc'><strong>,</strong></span> <span class='ocrx_word' id='word_1_112' title='bbox 1037 1445 1191 1500; x_wconf 78' lang='grc' dir='ltr'><strong>οὐδὲν</strong></span> <span class='ocrx_word' id='word_1_113' title='bbox 1241 1445 1309 1500; x_wconf 84' lang='grc' dir='ltr'><strong>ἂν</strong></span> <span class='ocrx_word' id='word_1_114' title='bbox 1354 1445 1709 1500; x_wconf 73' lang='grc' dir='ltr'><strong>ὑποπτεύοιτο</strong></span> 
     </span>
    </p>
   </div>
   <div class='ocr_carea' id='block_1_17' title="bbox 132 1535 1707 1609">
    <p class='ocr_par' dir='ltr' id='par_1_17' title="bbox 132 1535 1707 1609">
     <span class='ocr_line' id='line_1_17' title="bbox 132 1535 1707 1609; baseline 0.004 -23"><span class='ocrx_word' id='word_1_115' title='bbox 132 1535 267 1607; x_wconf 77' lang='grc' dir='ltr'><strong>πρὸς</strong></span> <span class='ocrx_word' id='word_1_116' title='bbox 322 1536 616 1608; x_wconf 83' lang='grc' dir='ltr'><strong>ἀνισότητα</strong></span> <span class='ocrx_word' id='word_1_117' title='bbox 675 1540 769 1591; x_wconf 79' lang='grc' dir='ltr'><strong>καὶ</strong></span> <span class='ocrx_word' id='word_1_118' title='bbox 830 1536 1055 1602; x_wconf 75' lang='grc' dir='ltr'><strong>ἀταξίαν</strong></span> <span class='ocrx_word' id='word_1_119' title='bbox 1108 1536 1217 1591; x_wconf 90' lang='grc' dir='ltr'><strong>τῶν</strong></span> <span class='ocrx_word' id='word_1_120' title='bbox 1264 1537 1401 1609; x_wconf 75' lang='grc' dir='ltr'><strong>πρὸς</strong></span> <span class='ocrx_word' id='word_1_121' title='bbox 1445 1537 1579 1591; x_wconf 85' lang='grc' dir='ltr'><strong>Θεοῦ</strong></span> <span class='ocrx_word' id='word_1_122' title='bbox 1626 1538 1707 1592; x_wconf 84' lang='grc' dir='ltr'><strong>δι-</strong></span> 
     </span>
    </p>
   </div>
   <div class='ocr_carea' id='block_1_18' title="bbox 129 1622 1708 1705">
    <p class='ocr_par' dir='ltr' id='par_1_18' title="bbox 129 1622 1708 1705">
     <span class='ocr_line' id='line_1_18' title="bbox 129 1622 1708 1705; baseline 0.007 -33"><span class='ocrx_word' id='word_1_123' title='bbox 129 1622 492 1693; x_wconf 75' lang='grc' dir='ltr'><strong>ιικουμένων·</strong></span> <span class='ocrx_word' id='word_1_124' title='bbox 524 1627 572 1678; x_wconf 86' lang='grc' dir='ltr'><strong>εί</strong></span> <span class='ocrx_word' id='word_1_125' title='bbox 620 1627 717 1697; x_wconf 79' lang='grc' dir='ltr'><strong>μὲν</strong></span> <span class='ocrx_word' id='word_1_126' title='bbox 757 1625 866 1705; x_wconf 84' lang='grc' dir='ltr'><strong>γὰρ</strong></span> <span class='ocrx_word' id='word_1_127' title='bbox 914 1626 1065 1698; x_wconf 79' lang='grc' dir='ltr'><strong>εὖροι</strong></span> <span class='ocrx_word' id='word_1_128' title='bbox 1111 1645 1194 1691; x_wconf 91' lang='grc' dir='ltr'><strong>τις</strong></span> <span class='ocrx_word' id='word_1_129' title='bbox 1217 1627 1307 1692; x_wconf 84' lang='grc' dir='ltr'><strong>ἂν,</strong></span> <span class='ocrx_word' id='word_1_130' title='bbox 1335 1626 1410 1691; x_wconf 83' lang='grc' dir='ltr'><strong>ὡς</strong></span> <span class='ocrx_word' id='word_1_131' title='bbox 1436 1628 1579 1699; x_wconf 78' lang='grc' dir='ltr'><strong>ἄλλῳ</strong></span> <span class='ocrx_word' id='word_1_132' title='bbox 1610 1629 1708 1700; x_wconf 84' lang='grc' dir='ltr'><strong>μὲν</strong></span> 
     </span>
    </p>
   </div>
   <div class='ocr_carea' id='block_1_19' title="bbox 130 1716 1710 1793">
    <p class='ocr_par' dir='ltr' id='par_1_19' title="bbox 130 1716 1710 1793">
     <span class='ocr_line' id='line_1_19' title="bbox 130 1716 1710 1793; baseline 0.007 -27"><span class='ocrx_word' id='word_1_133' title='bbox 130 1716 334 1769; x_wconf 84' lang='grc' dir='ltr'><strong>ἀνεῖται</strong></span> <span class='ocrx_word' id='word_1_134' title='bbox 390 1718 495 1788; x_wconf 66' lang='grc' dir='ltr'><strong>τῆς</strong></span> <span class='ocrx_word' id='word_1_135' title='bbox 545 1717 801 1782; x_wconf 82' lang='grc' dir='ltr'><strong>εὐσεϐοῦς</strong></span> <span class='ocrx_word' id='word_1_136' title='bbox 861 1720 1061 1792; x_wconf 82' lang='grc' dir='ltr'><strong>ἀρετῆς</strong></span> <span class='ocrx_word' id='word_1_137' title='bbox 1115 1723 1149 1792; x_wconf 87' lang='grc' dir='ltr'><strong>ή</strong></span> <span class='ocrx_word' id='word_1_138' title='bbox 1205 1722 1427 1792; x_wconf 86' lang='grc' dir='ltr'><strong>πορεία,</strong></span> <span class='ocrx_word' id='word_1_139' title='bbox 1487 1721 1632 1793; x_wconf 79' lang='grc' dir='ltr'><strong>ἄλλῳ</strong></span> <span class='ocrx_word' id='word_1_140' title='bbox 1652 1724 1710 1778; x_wconf 76' lang='grc' dir='ltr'><strong>δὲ</strong></span> 
     </span>
    </p>
   </div>
   <div class='ocr_carea' id='block_1_20' title="bbox 1814 514 3394 589">
    <p class='ocr_par' dir='ltr' id='par_1_20' title="bbox 1814 514 3394 589">
     <span class='ocr_line' id='line_1_20' title="bbox 1814 514 3394 589; baseline -0.007 -14"><span class='ocrx_word' id='word_1_141' title='bbox 1814 534 1959 588; x_wconf 81' lang='lat' dir='ltr'><strong>saepe</strong></span> <span class='ocrx_word' id='word_1_142' title='bbox 2012 519 2196 589; x_wconf 85' lang='lat' dir='ltr'><strong>justos</strong></span> <span class='ocrx_word' id='word_1_143' title='bbox 2241 517 2335 588; x_wconf 87' lang='lat' dir='ltr'><strong>qui</strong></span> <span class='ocrx_word' id='word_1_144' title='bbox 2379 515 2729 586; x_wconf 89' lang='lat' dir='ltr'><strong>deliquerunt</strong></span> <span class='ocrx_word' id='word_1_145' title='bbox 2800 514 2903 570; x_wconf 89' lang='lat' dir='ltr'><strong>sub</strong></span> <span class='ocrx_word' id='word_1_146' title='bbox 2962 514 3169 569; x_wconf 86' lang='lat' dir='ltr'><strong>ditione</strong></span> <span class='ocrx_word' id='word_1_147' title='bbox 3205 519 3261 568; x_wconf 91' lang='lat' dir='ltr'><strong>et</strong></span> <span class='ocrx_word' id='word_1_148' title='bbox 3290 528 3394 581; x_wconf 82' lang='lat' dir='ltr'><strong>po-</strong></span> 
     </span>
    </p>
   </div>
   <div class='ocr_carea' id='block_1_21' title="bbox 1813 604 3395 680">
    <p class='ocr_par' dir='ltr' id='par_1_21' title="bbox 1813 604 3395 680">
     <span class='ocr_line' id='line_1_21' title="bbox 1813 604 3395 680; baseline -0.008 -14"><span class='ocrx_word' id='word_1_149' title='bbox 1813 618 2010 666; x_wconf 90' lang='lat' dir='ltr'><strong>testate</strong></span> <span class='ocrx_word' id='word_1_150' title='bbox 2037 610 2331 680; x_wconf 88' lang='lat' dir='ltr'><strong>impiorum</strong></span> <span class='ocrx_word' id='word_1_151' title='bbox 2373 623 2526 673; x_wconf 89' lang='lat' dir='ltr'><strong>esse,</strong></span> <span class='ocrx_word' id='word_1_152' title='bbox 2568 614 2629 662; x_wconf 91' lang='lat' dir='ltr'><strong>ut</strong></span> <span class='ocrx_word' id='word_1_153' title='bbox 2678 606 2761 662; x_wconf 88' lang='lat' dir='ltr'><strong>sic</strong></span> <span class='ocrx_word' id='word_1_154' title='bbox 2808 605 3183 675; x_wconf 79' lang='lat' dir='ltr'><strong>castigentur,</strong></span> <span class='ocrx_word' id='word_1_155' title='bbox 3246 604 3395 659; x_wconf 85' lang='lat' dir='ltr'><strong>sicut</strong></span> 
     </span>
    </p>
   </div>
   <div class='ocr_carea' id='block_1_22' title="bbox 1813 699 3395 773">
    <p class='ocr_par' dir='ltr' id='par_1_22' title="bbox 1813 699 3395 773">
     <span class='ocr_line' id='line_1_22' title="bbox 1813 699 3395 773; baseline -0.008 -15"><span class='ocrx_word' id='word_1_156' title='bbox 1813 717 1938 758; x_wconf 86' lang='lat' dir='ltr'><strong>cum</strong></span> <span class='ocrx_word' id='word_1_157' title='bbox 1973 716 2275 773; x_wconf 88' lang='lat' dir='ltr'><strong>generosus</strong></span> <span class='ocrx_word' id='word_1_158' title='bbox 2299 699 2465 763; x_wconf 79' lang='lat' dir='ltr'><strong>(ilius,</strong></span> <span class='ocrx_word' id='word_1_159' title='bbox 2495 699 2589 769; x_wconf 90' lang='lat' dir='ltr'><strong>qui</strong></span> <span class='ocrx_word' id='word_1_160' title='bbox 2625 700 2763 767; x_wconf 86' lang='lat' dir='ltr'><strong>patri</strong></span> <span class='ocrx_word' id='word_1_161' title='bbox 2803 713 2912 751; x_wconf 92' lang='lat' dir='ltr'><strong>non</strong></span> <span class='ocrx_word' id='word_1_162' title='bbox 2945 705 3118 766; x_wconf 90' lang='lat' dir='ltr'><strong>paret,</strong></span> <span class='ocrx_word' id='word_1_163' title='bbox 3150 711 3183 749; x_wconf 94' lang='lat' dir='ltr'><strong>a</strong></span> <span class='ocrx_word' id='word_1_164' title='bbox 3232 709 3395 765; x_wconf 83' lang='lat' dir='ltr'><strong>pere-</strong></span> 
     </span>
    </p>
   </div>
   <div class='ocr_carea' id='block_1_23' title="bbox 1813 791 3395 866">
    <p class='ocr_par' dir='ltr' id='par_1_23' title="bbox 1813 791 3395 866">
     <span class='ocr_line' id='line_1_23' title="bbox 1813 791 3395 866; baseline -0.004 -17"><span class='ocrx_word' id='word_1_165' title='bbox 1813 796 1974 866; x_wconf 86' lang='lat' dir='ltr'><strong>grino</strong></span> <span class='ocrx_word' id='word_1_166' title='bbox 2003 805 2055 851; x_wconf 68' lang='lat' dir='ltr'><strong>et</strong></span> <span class='ocrx_word' id='word_1_167' title='bbox 2090 796 2303 865; x_wconf 91' lang='lat' dir='ltr'><strong>hospite</strong></span> <span class='ocrx_word' id='word_1_168' title='bbox 2330 795 2685 857; x_wconf 81' lang='lat' dir='ltr'><strong>verberatur,</strong></span> <span class='ocrx_word' id='word_1_169' title='bbox 2742 799 2802 845; x_wconf 90' lang='lat' dir='ltr'><strong>ut</strong></span> <span class='ocrx_word' id='word_1_170' title='bbox 2832 791 2993 845; x_wconf 88' lang='lat' dir='ltr'><strong>dolor</strong></span> <span class='ocrx_word' id='word_1_171' title='bbox 3023 791 3304 860; x_wconf 81' lang='lat' dir='ltr'><strong>plagarum</strong></span> <span class='ocrx_word' id='word_1_172' title='bbox 3338 798 3395 843; x_wconf 91' lang='lat' dir='ltr'><strong>et</strong></span> 
     </span>
    </p>
   </div>
   <div class='ocr_carea' id='block_1_24' title="bbox 1814 884 3395 959">
    <p class='ocr_par' dir='ltr' id='par_1_24' title="bbox 1814 884 3395 959">
     <span class='ocr_line' id='line_1_24' title="bbox 1814 884 3395 959; baseline -0.005 -17"><span class='ocrx_word' id='word_1_173' title='bbox 1814 888 2113 959; x_wconf 79' lang='lat' dir='ltr'><strong>ignominia</strong></span> <span class='ocrx_word' id='word_1_174' title='bbox 2162 888 2388 943; x_wconf 84' lang='lat' dir='ltr'><strong>verbera</strong></span> <span class='ocrx_word' id='word_1_175' title='bbox 2443 884 2755 941; x_wconf 81' lang='lat' dir='ltr'><strong>adhibentis</strong></span> <span class='ocrx_word' id='word_1_176' title='bbox 2802 884 3213 954; x_wconf 86' lang='lat' dir='ltr'><strong>deliuquentem</strong></span> <span class='ocrx_word' id='word_1_177' title='bbox 3271 897 3395 935; x_wconf 81' lang='lat' dir='ltr'><strong>mu-</strong></span> 
     </span>
    </p>
   </div>
   <div class='ocr_carea' id='block_1_25' title="bbox 1815 972 3392 1038">
    <p class='ocr_par' dir='ltr' id='par_1_25' title="bbox 1815 972 3392 1038">
     <span class='ocr_line' id='line_1_25' title="bbox 1815 972 3392 1038; baseline -0.005 -5"><span class='ocrx_word' id='word_1_178' title='bbox 1815 989 1970 1034; x_wconf 91' lang='lat' dir='ltr'><strong>tent:</strong></span> <span class='ocrx_word' id='word_1_179' title='bbox 2008 994 2175 1033; x_wconf 89' lang='lat' dir='ltr'><strong>unum</strong></span> <span class='ocrx_word' id='word_1_180' title='bbox 2198 982 2344 1033; x_wconf 88' lang='lat' dir='ltr'><strong>enim</strong></span> <span class='ocrx_word' id='word_1_181' title='bbox 2367 991 2449 1033; x_wconf 89' lang='lat' dir='ltr'><strong>est</strong></span> <span class='ocrx_word' id='word_1_182' title='bbox 2482 993 2548 1032; x_wconf 92' lang='lat' dir='ltr'><strong>ac</strong></span> <span class='ocrx_word' id='word_1_183' title='bbox 2588 979 2766 1032; x_wconf 88' lang='lat' dir='ltr'><strong>solum</strong></span> <span class='ocrx_word' id='word_1_184' title='bbox 2799 984 2854 1032; x_wconf 92' lang='lat' dir='ltr'><strong>et</strong></span> <span class='ocrx_word' id='word_1_185' title='bbox 2886 991 3098 1038; x_wconf 90' lang='lat' dir='ltr'><strong>verum,</strong></span> <span class='ocrx_word' id='word_1_186' title='bbox 3135 984 3196 1029; x_wconf 93' lang='lat' dir='ltr'><strong>ut</strong></span> <span class='ocrx_word' id='word_1_187' title='bbox 3243 972 3392 1027; x_wconf 72' lang='lat' dir='ltr'><strong>dixi-</strong></span> 
     </span>
    </p>
   </div>
   <div class='ocr_carea' id='block_1_26' title="bbox 1815 1065 3394 1141">
    <p class='ocr_par' dir='ltr' id='par_1_26' title="bbox 1815 1065 3394 1141">
     <span class='ocr_line' id='line_1_26' title="bbox 1815 1065 3394 1141; baseline -0.005 -16"><span class='ocrx_word' id='word_1_188' title='bbox 1815 1088 1960 1137; x_wconf 87' lang='lat' dir='ltr'><strong>mus,</strong></span> <span class='ocrx_word' id='word_1_189' title='bbox 1985 1070 2132 1141; x_wconf 91' lang='lat' dir='ltr'><strong>quod</strong></span> <span class='ocrx_word' id='word_1_190' title='bbox 2164 1070 2307 1126; x_wconf 87' lang='lat' dir='ltr'><strong>Deus</strong></span> <span class='ocrx_word' id='word_1_191' title='bbox 2348 1070 2418 1124; x_wconf 90' lang='lat' dir='ltr'><strong>ab</strong></span> <span class='ocrx_word' id='word_1_192' title='bbox 2444 1070 2667 1125; x_wconf 81' lang='lat' dir='ltr'><strong>homine</strong></span> <span class='ocrx_word' id='word_1_193' title='bbox 2698 1070 2755 1124; x_wconf 92' lang='lat' dir='ltr'><strong>in</strong></span> <span class='ocrx_word' id='word_1_194' title='bbox 2780 1070 2895 1123; x_wconf 89' lang='lat' dir='ltr'><strong>vita</strong></span> <span class='ocrx_word' id='word_1_195' title='bbox 2927 1068 3179 1138; x_wconf 85' lang='lat' dir='ltr'><strong>requirit,</strong></span> <span class='ocrx_word' id='word_1_196' title='bbox 3212 1074 3272 1119; x_wconf 94' lang='lat' dir='ltr'><strong>ut</strong></span> <span class='ocrx_word' id='word_1_197' title='bbox 3306 1065 3394 1121; x_wconf 85' lang='lat' dir='ltr'><strong>ef-</strong></span> 
     </span>
    </p>
   </div>
   <div class='ocr_carea' id='block_1_27' title="bbox 1814 1162 3392 1235">
    <p class='ocr_par' dir='ltr' id='par_1_27' title="bbox 1814 1162 3392 1235">
     <span class='ocr_line' id='line_1_27' title="bbox 1814 1162 3392 1235; baseline -0.003 -15"><span class='ocrx_word' id='word_1_198' title='bbox 1814 1165 1960 1220; x_wconf 80' lang='lat' dir='ltr'><strong>ﬁciat</strong></span> <span class='ocrx_word' id='word_1_199' title='bbox 1992 1165 2225 1235; x_wconf 84' lang='lat' dir='ltr'><strong>sapienti</strong></span> <span class='ocrx_word' id='word_1_200' title='bbox 2277 1163 2645 1233; x_wconf 79' lang='lat' dir='ltr'><strong>cogitatione,</strong></span> <span class='ocrx_word' id='word_1_201' title='bbox 2706 1179 2775 1218; x_wconf 90' lang='lat' dir='ltr'><strong>ne</strong></span> <span class='ocrx_word' id='word_1_202' title='bbox 2841 1164 3100 1219; x_wconf 80' lang='lat' dir='ltr'><strong>virtutem</strong></span> <span class='ocrx_word' id='word_1_203' title='bbox 3160 1162 3268 1216; x_wconf 87' lang='lat' dir='ltr'><strong>ulla</strong></span> <span class='ocrx_word' id='word_1_204' title='bbox 3322 1179 3392 1217; x_wconf 80' lang='lat' dir='ltr'><strong>ex</strong></span> 
     </span>
    </p>
   </div>
   <div class='ocr_carea' id='block_1_28' title="bbox 1813 1256 3387 1329">
    <p class='ocr_par' dir='ltr' id='par_1_28' title="bbox 1813 1256 3387 1329">
     <span class='ocr_line' id='line_1_28' title="bbox 1813 1256 3387 1329; baseline -0.001 -18"><span class='ocrx_word' id='word_1_205' title='bbox 1813 1269 1969 1329; x_wconf 86' lang='lat' dir='ltr'><strong>parte</strong></span> <span class='ocrx_word' id='word_1_206' title='bbox 2001 1256 2244 1313; x_wconf 85' lang='lat' dir='ltr'><strong>oil&#39;endat</strong></span> <span class='ocrx_word' id='word_1_207' title='bbox 2275 1274 2289 1311; x_wconf 89' lang='lat'><strong>:</strong></span> <span class='ocrx_word' id='word_1_208' title='bbox 2319 1256 2467 1326; x_wconf 91' lang='lat' dir='ltr'><strong>quod</strong></span> <span class='ocrx_word' id='word_1_209' title='bbox 2496 1257 2715 1326; x_wconf 86' lang='lat' dir='ltr'><strong>quidem</strong></span> <span class='ocrx_word' id='word_1_210' title='bbox 2740 1258 2784 1311; x_wconf 91' lang='lat' dir='ltr'><strong>si</strong></span> <span class='ocrx_word' id='word_1_211' title='bbox 2811 1257 3057 1312; x_wconf 88' lang='lat' dir='ltr'><strong>attendat</strong></span> <span class='ocrx_word' id='word_1_212' title='bbox 3085 1258 3169 1310; x_wconf 85' lang='lat' dir='ltr'><strong>vel</strong></span> <span class='ocrx_word' id='word_1_213' title='bbox 3202 1258 3387 1311; x_wconf 88' lang='lat' dir='ltr'><strong>solum</strong></span> 
     </span>
    </p>
   </div>
   <div class='ocr_carea' id='block_1_29' title="bbox 1813 1348 3393 1420">
    <p class='ocr_par' dir='ltr' id='par_1_29' title="bbox 1813 1348 3393 1420">
     <span class='ocr_line' id='line_1_29' title="bbox 1813 1348 3393 1420; baseline -0.003 -15"><span class='ocrx_word' id='word_1_214' title='bbox 1813 1350 1952 1413; x_wconf 87' lang='lat' dir='ltr'><strong>hoc,</strong></span> <span class='ocrx_word' id='word_1_215' title='bbox 2010 1350 2363 1406; x_wconf 89' lang='lat' dir='ltr'><strong>beatissimus</strong></span> <span class='ocrx_word' id='word_1_216' title='bbox 2417 1349 2523 1413; x_wconf 88' lang='lat' dir='ltr'><strong>sit,</strong></span> <span class='ocrx_word' id='word_1_217' title='bbox 2562 1350 2813 1420; x_wconf 82' lang='lat' dir='ltr'><strong>quamvis</strong></span> <span class='ocrx_word' id='word_1_218' title='bbox 2847 1349 2984 1403; x_wconf 89' lang='lat' dir='ltr'><strong>nihil</strong></span> <span class='ocrx_word' id='word_1_219' title='bbox 3015 1348 3161 1403; x_wconf 87' lang='lat' dir='ltr'><strong>aliud</strong></span> <span class='ocrx_word' id='word_1_220' title='bbox 3197 1348 3255 1402; x_wconf 90' lang='lat' dir='ltr'><strong>in</strong></span> <span class='ocrx_word' id='word_1_221' title='bbox 3284 1348 3393 1401; x_wconf 87' lang='lat' dir='ltr'><strong>vita</strong></span> 
     </span>
    </p>
   </div>
   <div class='ocr_carea' id='block_1_30' title="bbox 1813 1439 3393 1514">
    <p class='ocr_par' dir='ltr' id='par_1_30' title="bbox 1813 1439 3393 1514">
     <span class='ocr_line' id='line_1_30' title="bbox 1813 1439 3393 1514; baseline -0.001 -17"><span class='ocrx_word' id='word_1_222' title='bbox 1813 1443 2029 1499; x_wconf 88' lang='lat' dir='ltr'><strong>habeat.</strong></span> <span class='ocrx_word' id='word_1_223' title='bbox 2063 1442 2178 1498; x_wconf 84' lang='lat' dir='ltr'><strong>Hoc</strong></span> <span class='ocrx_word' id='word_1_224' title='bbox 2200 1442 2370 1514; x_wconf 77' lang='lat' dir='ltr'><strong>igitur</strong></span> <span class='ocrx_word' id='word_1_225' title='bbox 2409 1442 2456 1497; x_wconf 91' lang='lat' dir='ltr'><strong>si</strong></span> <span class='ocrx_word' id='word_1_226' title='bbox 2496 1442 2553 1496; x_wconf 92' lang='lat' dir='ltr'><strong>in</strong></span> <span class='ocrx_word' id='word_1_227' title='bbox 2594 1442 2850 1497; x_wconf 90' lang='lat' dir='ltr'><strong>universo</strong></span> <span class='ocrx_word' id='word_1_228' title='bbox 2880 1456 3131 1497; x_wconf 90' lang='lat' dir='ltr'><strong>sermone</strong></span> <span class='ocrx_word' id='word_1_229' title='bbox 3160 1440 3229 1495; x_wconf 87' lang='lat' dir='ltr'><strong>de</strong></span> <span class='ocrx_word' id='word_1_230' title='bbox 3255 1439 3393 1495; x_wconf 79' lang='lat' dir='ltr'><strong>Pro-</strong></span> 
     </span>
    </p>
   </div>
   <div class='ocr_carea' id='block_1_31' title="bbox 1812 1532 3394 1604">
    <p class='ocr_par' dir='ltr' id='par_1_31' title="bbox 1812 1532 3394 1604">
     <span class='ocr_line' id='line_1_31' title="bbox 1812 1532 3394 1604; baseline -0.003 -14"><span class='ocrx_word' id='word_1_231' title='bbox 1812 1536 2055 1591; x_wconf 89' lang='lat' dir='ltr'><strong>videntia</strong></span> <span class='ocrx_word' id='word_1_232' title='bbox 2082 1541 2568 1597; x_wconf 84' lang='lat' dir='ltr'><strong>commemoretur,</strong></span> <span class='ocrx_word' id='word_1_233' title='bbox 2592 1534 2742 1588; x_wconf 89' lang='lat' dir='ltr'><strong>nulla</strong></span> <span class='ocrx_word' id='word_1_234' title='bbox 2781 1533 3021 1604; x_wconf 87' lang='lat' dir='ltr'><strong>suspicio</strong></span> <span class='ocrx_word' id='word_1_235' title='bbox 3051 1532 3394 1603; x_wconf 85' lang='lat' dir='ltr'><strong>relinquetur</strong></span> 
     </span>
    </p>
   </div>
   <div class='ocr_carea' id='block_1_32' title="bbox 1812 1623 3398 1698">
    <p class='ocr_par' dir='ltr' id='par_1_32' title="bbox 1812 1623 3398 1698">
     <span class='ocr_line' id='line_1_32' title="bbox 1812 1623 3398 1698; baseline -0.005 -15"><span class='ocrx_word' id='word_1_236' title='bbox 1812 1628 1881 1683; x_wconf 88' lang='lat' dir='ltr'><strong>de</strong></span> <span class='ocrx_word' id='word_1_237' title='bbox 1913 1628 2282 1698; x_wconf 79' lang='lat' dir='ltr'><strong>inaequalitate</strong></span> <span class='ocrx_word' id='word_1_238' title='bbox 2310 1634 2365 1681; x_wconf 90' lang='lat' dir='ltr'><strong>et</strong></span> <span class='ocrx_word' id='word_1_239' title='bbox 2399 1624 2809 1696; x_wconf 81' lang='lat' dir='ltr'><strong>perturbatione</strong></span> <span class='ocrx_word' id='word_1_240' title='bbox 2833 1623 3047 1677; x_wconf 85' lang='lat' dir='ltr'><strong>ordinis</strong></span> <span class='ocrx_word' id='word_1_241' title='bbox 3078 1625 3134 1677; x_wconf 89' lang='lat' dir='ltr'><strong>in</strong></span> <span class='ocrx_word' id='word_1_242' title='bbox 3168 1623 3237 1678; x_wconf 88' lang='lat' dir='ltr'><strong>iis</strong></span> <span class='ocrx_word' id='word_1_243' title='bbox 3272 1638 3398 1692; x_wconf 74' lang='lat' dir='ltr'><strong>quae</strong></span> 
     </span>
    </p>
   </div>
   <div class='ocr_carea' id='block_1_33' title="bbox 1814 1714 3399 1790">
    <p class='ocr_par' dir='ltr' id='par_1_33' title="bbox 1814 1714 3399 1790">
     <span class='ocr_line' id='line_1_33' title="bbox 1814 1714 3399 1790; baseline -0.002 -16"><span class='ocrx_word' id='word_1_244' title='bbox 1814 1736 1844 1774; x_wconf 90' lang='lat' dir='ltr'><strong>a</strong></span> <span class='ocrx_word' id='word_1_245' title='bbox 1874 1720 1984 1776; x_wconf 88' lang='lat' dir='ltr'><strong>Deo</strong></span> <span class='ocrx_word' id='word_1_246' title='bbox 2025 1720 2425 1790; x_wconf 71' lang='lat' dir='ltr'><strong>gubernantur.</strong></span> <span class='ocrx_word' id='word_1_247' title='bbox 2461 1717 2516 1771; x_wconf 90' lang='lat' dir='ltr'><strong>Si</strong></span> <span class='ocrx_word' id='word_1_248' title='bbox 2547 1717 2672 1787; x_wconf 90' lang='lat' dir='ltr'><strong>quis</strong></span> <span class='ocrx_word' id='word_1_249' title='bbox 2727 1718 2872 1770; x_wconf 88' lang='lat' dir='ltr'><strong>enim</strong></span> <span class='ocrx_word' id='word_1_250' title='bbox 2922 1714 3183 1785; x_wconf 58' lang='lat' dir='ltr'><strong>reperire;</strong></span> <span class='ocrx_word' id='word_1_251' title='bbox 3208 1726 3399 1785; x_wconf 89' lang='lat' dir='ltr'><strong>posset</strong></span> 
     </span>
    </p>
   </div>
   <div class='ocr_carea' id='block_1_34' title="bbox 130 1808 1705 1885">
    <p class='ocr_par' dir='ltr' id='par_1_34' title="bbox 130 1808 1705 1885">
     <span class='ocr_line' id='line_1_34' title="bbox 130 1808 1705 1885; baseline 0.008 -27"><span class='ocrx_word' id='word_1_252' title='bbox 130 1808 569 1875; x_wconf 81' lang='grc' dir='ltr'><strong>ἀποκέκλεισται,</strong></span> <span class='ocrx_word' id='word_1_253' title='bbox 605 1811 839 1867; x_wconf 73' lang='grc' dir='ltr'><strong>ἐνταῦθα</strong></span> <span class='ocrx_word' id='word_1_254' title='bbox 890 1814 1026 1885; x_wconf 86' lang='grc' dir='ltr'><strong>πρὸς</strong></span> <span class='ocrx_word' id='word_1_255' title='bbox 1060 1813 1122 1867; x_wconf 85' lang='grc' dir='ltr'><strong>τὸ</strong></span> <span class='ocrx_word' id='word_1_256' title='bbox 1152 1814 1249 1868; x_wconf 83' lang='grc' dir='ltr'><strong>νῦν</strong></span> <span class='ocrx_word' id='word_1_257' title='bbox 1290 1815 1581 1884; x_wconf 85' lang='grc' dir='ltr'><strong>κεφάλαιον</strong></span> <span class='ocrx_word' id='word_1_258' title='bbox 1606 1816 1705 1871; x_wconf 73' lang='grc' dir='ltr'><strong>τῶν</strong></span> 
     </span>
    </p>
   </div>
   <div class='ocr_carea' id='block_1_35' title="bbox 1891 1808 3392 1885">
    <p class='ocr_par' dir='ltr' id='par_1_35' title="bbox 1891 1808 3392 1877">
     <span class='ocr_line' id='line_1_35' title="bbox 1891 1808 3392 1877; baseline -0.003 -11"><span class='ocrx_word' id='word_1_259' title='bbox 1891 1814 1958 1866; x_wconf 89' lang='lat' dir='ltr'><strong>od</strong></span> <span class='ocrx_word' id='word_1_260' title='bbox 1992 1812 2116 1866; x_wconf 90' lang='lat' dir='ltr'><strong>aliis</strong></span> <span class='ocrx_word' id='word_1_261' title='bbox 2150 1813 2332 1865; x_wconf 78' lang='lat' dir='ltr'><strong>laxata</strong></span> <span class='ocrx_word' id='word_1_262' title='bbox 2361 1818 2510 1866; x_wconf 86' lang='lat' dir='ltr'><strong>esset</strong></span> <span class='ocrx_word' id='word_1_263' title='bbox 2551 1811 2664 1863; x_wconf 90' lang='lat' dir='ltr'><strong>vita</strong></span> <span class='ocrx_word' id='word_1_264' title='bbox 2694 1810 2915 1864; x_wconf 88' lang='lat' dir='ltr'><strong>virtutis</strong></span> <span class='ocrx_word' id='word_1_265' title='bbox 2946 1808 3048 1877; x_wconf 74' lang='lat' dir='ltr'><strong>piae</strong></span> <span class='ocrx_word' id='word_1_266' title='bbox 3081 1815 3135 1861; x_wconf 87' lang='lat' dir='ltr'><strong>et</strong></span> <span class='ocrx_word' id='word_1_267' title='bbox 3164 1815 3392 1874; x_wconf 51' lang='lat' dir='ltr'><strong>sancta,</strong></span> 
     </span>
    </p>
   </div>
   <div class='ocr_carea' id='block_1_36' title="bbox 129 1900 1713 1978">
    <p class='ocr_par' dir='ltr' id='par_1_36' title="bbox 129 1900 1713 1978">
     <span class='ocr_line' id='line_1_36' title="bbox 129 1900 1713 1978; baseline 0.007 -27"><span class='ocrx_word' id='word_1_268' title='bbox 129 1900 345 1968; x_wconf 82' lang='grc' dir='ltr'><strong>ἀγαθῶν</strong></span> <span class='ocrx_word' id='word_1_269' title='bbox 374 1902 469 1956; x_wconf 76' lang='grc' dir='ltr'><strong>καὶ</strong></span> <span class='ocrx_word' id='word_1_270' title='bbox 519 1905 551 1974; x_wconf 85' lang='grc' dir='ltr'><strong>ἡ</strong></span> <span class='ocrx_word' id='word_1_271' title='bbox 593 1905 847 1975; x_wconf 83' lang='grc' dir='ltr'><strong>ἀνισότης</strong></span> <span class='ocrx_word' id='word_1_272' title='bbox 882 1905 1133 1978; x_wconf 89' lang='grc' dir='ltr'><strong>διαϐολὴν</strong></span> <span class='ocrx_word' id='word_1_273' title='bbox 1175 1905 1245 1959; x_wconf 83' lang='grc' dir='ltr'><strong>ἂν</strong></span> <span class='ocrx_word' id='word_1_274' title='bbox 1270 1904 1414 1976; x_wconf 78' lang='grc' dir='ltr'><strong>ἔχειν</strong></span> <span class='ocrx_word' id='word_1_275' title='bbox 1444 1906 1590 1972; x_wconf 78' lang='grc' dir='ltr'><strong>ἔδοξε</strong></span> <span class='ocrx_word' id='word_1_276' title='bbox 1615 1909 1713 1978; x_wconf 80' lang='grc' dir='ltr'><strong>τῆς</strong></span> 
     </span>
    </p>
   </div>
   <div class='ocr_carea' id='block_1_37' title="bbox 129 1990 1712 2069">
    <p class='ocr_par' dir='ltr' id='par_1_37' title="bbox 129 1990 1712 2069">
     <span class='ocr_line' id='line_1_37' title="bbox 129 1990 1712 2069; baseline 0.008 -26"><span class='ocrx_word' id='word_1_277' title='bbox 129 1990 474 2063; x_wconf 78' lang='grc' dir='ltr'><strong>διοικήσεως·</strong></span> <span class='ocrx_word' id='word_1_278' title='bbox 503 1996 552 2047; x_wconf 83' lang='grc' dir='ltr'><strong>εί</strong></span> <span class='ocrx_word' id='word_1_279' title='bbox 589 1994 645 2048; x_wconf 81' lang='grc' dir='ltr'><strong>δὲ</strong></span> <span class='ocrx_word' id='word_1_280' title='bbox 673 1997 741 2050; x_wconf 88' lang='grc' dir='ltr'><strong>δι’</strong></span> <span class='ocrx_word' id='word_1_281' title='bbox 767 1991 828 2051; x_wconf 70' lang='grc' dir='ltr'><strong>οὗ</strong></span> <span class='ocrx_word' id='word_1_282' title='bbox 876 1998 970 2052; x_wconf 79' lang='grc' dir='ltr'><strong>καὶ</strong></span> <span class='ocrx_word' id='word_1_283' title='bbox 1000 1998 1162 2069; x_wconf 85' lang='grc' dir='ltr'><strong>μόνου</strong></span> <span class='ocrx_word' id='word_1_284' title='bbox 1201 1999 1395 2069; x_wconf 79' lang='grc' dir='ltr'><strong>γένοιτ’</strong></span> <span class='ocrx_word' id='word_1_285' title='bbox 1418 2000 1483 2055; x_wconf 86' lang='grc' dir='ltr'><strong>ἄν</strong></span> <span class='ocrx_word' id='word_1_286' title='bbox 1515 2019 1597 2065; x_wconf 90' lang='grc' dir='ltr'><strong>τις</strong></span> <span class='ocrx_word' id='word_1_287' title='bbox 1636 2001 1712 2065; x_wconf 84' lang='grc' dir='ltr'><strong>ὡς</strong></span> 
     </span>
    </p>
   </div>
   <div class='ocr_carea' id='block_1_38' title="bbox 129 2084 1710 2163">
    <p class='ocr_par' dir='ltr' id='par_1_38' title="bbox 129 2084 1710 2163">
     <span class='ocr_line' id='line_1_38' title="bbox 129 2084 1710 2163; baseline 0.006 -27"><span class='ocrx_word' id='word_1_288' title='bbox 129 2084 341 2155; x_wconf 78' lang='grc' dir='ltr'><strong>ἀληθῶς</strong></span> <span class='ocrx_word' id='word_1_289' title='bbox 368 2086 656 2157; x_wconf 85' lang='grc' dir='ltr'><strong>μακάριος,</strong></span> <span class='ocrx_word' id='word_1_290' title='bbox 682 2088 839 2142; x_wconf 90' lang='grc' dir='ltr'><strong>τοῦτο</strong></span> <span class='ocrx_word' id='word_1_291' title='bbox 873 2089 1049 2144; x_wconf 81' lang='grc' dir='ltr'><strong>κοινὸν</strong></span> <span class='ocrx_word' id='word_1_292' title='bbox 1075 2091 1269 2162; x_wconf 78' lang='grc' dir='ltr'><strong>ἐπίσης</strong></span> <span class='ocrx_word' id='word_1_293' title='bbox 1302 2092 1440 2163; x_wconf 74' lang='grc' dir='ltr'><strong>πρὸς</strong></span> <span class='ocrx_word' id='word_1_294' title='bbox 1464 2092 1710 2159; x_wconf 77' lang='grc' dir='ltr'><strong>ἐξουσίαν</strong></span> 
     </span>
    </p>
   </div>
   <div class='ocr_carea' id='block_1_39' title="bbox 127 2178 1709 2257">
    <p class='ocr_par' dir='ltr' id='par_1_39' title="bbox 127 2178 1709 2257">
     <span class='ocr_line' id='line_1_39' title="bbox 127 2178 1709 2257; baseline 0.008 -30"><span class='ocrx_word' id='word_1_295' title='bbox 127 2180 237 2241; x_wconf 84' lang='grc' dir='ltr'><strong>τοῖς</strong></span> <span class='ocrx_word' id='word_1_296' title='bbox 274 2178 448 2233; x_wconf 75' lang='grc' dir='ltr'><strong>ἅπασι</strong></span> <span class='ocrx_word' id='word_1_297' title='bbox 464 2181 770 2251; x_wconf 74' lang='grc' dir='ltr'><strong>πρόκειταιο</strong></span> <span class='ocrx_word' id='word_1_298' title='bbox 804 2182 965 2237; x_wconf 88' lang='grc' dir='ltr'><strong>ποίαν</strong></span> <span class='ocrx_word' id='word_1_299' title='bbox 996 2184 1257 2257; x_wconf 73' lang='grc' dir='ltr'><strong>διαφορὰν</strong></span> <span class='ocrx_word' id='word_1_300' title='bbox 1275 2184 1419 2238; x_wconf 79' lang='grc' dir='ltr'><strong>εἴποι</strong></span> <span class='ocrx_word' id='word_1_301' title='bbox 1440 2186 1709 2257; x_wconf 82' lang='grc' dir='ltr'><strong>γε(51)άν</strong></span> 
     </span>
    </p>
   </div>
   <div class='ocr_carea' id='block_1_40' title="bbox 128 2265 1711 2345">
    <p class='ocr_par' dir='ltr' id='par_1_40' title="bbox 128 2265 1711 2345">
     <span class='ocr_line' id='line_1_40' title="bbox 128 2265 1711 2345; baseline 0.008 -26"><span class='ocrx_word' id='word_1_302' title='bbox 128 2285 227 2331; x_wconf 80' lang='grc' dir='ltr'><strong>τις,</strong></span> <span class='ocrx_word' id='word_1_303' title='bbox 250 2269 353 2323; x_wconf 77' lang='grc' dir='ltr'><strong>κᾶν</strong></span> <span class='ocrx_word' id='word_1_304' title='bbox 432 2271 716 2338; x_wconf 84' lang='grc' dir='ltr'><strong>φιλαίτιος,</strong></span> <span class='ocrx_word' id='word_1_305' title='bbox 753 2275 785 2345; x_wconf 83' lang='grc' dir='ltr'><strong>ἢ</strong></span> <span class='ocrx_word' id='word_1_306' title='bbox 827 2275 1136 2345; x_wconf 84' lang='grc' dir='ltr'><strong>ἀνισότητα,</strong></span> <span class='ocrx_word' id='word_1_307' title='bbox 1162 2276 1434 2331; x_wconf 86' lang='grc' dir='ltr'><strong>όπότετῶν</strong></span> <span class='ocrx_word' id='word_1_308' title='bbox 1468 2278 1623 2343; x_wconf 78' lang='grc' dir='ltr'><strong>ἐκτὸς</strong></span> <span class='ocrx_word' id='word_1_309' title='bbox 1652 2279 1711 2333; x_wconf 86' lang='grc' dir='ltr'><strong>αί</strong></span> 
     </span>
    </p>
   </div>
   <div class='ocr_carea' id='block_1_41' title="bbox 128 2358 1712 2437">
    <p class='ocr_par' dir='ltr' id='par_1_41' title="bbox 128 2358 1712 2437">
     <span class='ocr_line' id='line_1_41' title="bbox 128 2358 1712 2437; baseline 0.006 -29"><span class='ocrx_word' id='word_1_310' title='bbox 128 2358 430 2426; x_wconf 78' lang='grc' dir='ltr'><strong>πλεονεξίαι</strong></span> <span class='ocrx_word' id='word_1_311' title='bbox 478 2358 633 2426; x_wconf 79' lang='grc' dir='ltr'><strong>αὖθις</strong></span> <span class='ocrx_word' id='word_1_312' title='bbox 677 2364 815 2435; x_wconf 76' lang='grc' dir='ltr'><strong>πρὸς</strong></span> <span class='ocrx_word' id='word_1_313' title='bbox 845 2365 1070 2437; x_wconf 80' lang='grc' dir='ltr'><strong>ἰσότητα</strong></span> <span class='ocrx_word' id='word_1_314' title='bbox 1110 2367 1222 2428; x_wconf 87' lang='grc' dir='ltr'><strong>τοῖς</strong></span> <span class='ocrx_word' id='word_1_315' title='bbox 1262 2365 1541 2437; x_wconf 82' lang='grc' dir='ltr'><strong>λογισμοῖς</strong></span> <span class='ocrx_word' id='word_1_316' title='bbox 1582 2366 1712 2419; x_wconf 82' lang='grc' dir='ltr'><strong>ἀνα-</strong></span> 
     </span>
    </p>
   </div>
   <div class='ocr_carea' id='block_1_42' title="bbox 127 2448 1717 2528">
    <p class='ocr_par' dir='ltr' id='par_1_42' title="bbox 127 2448 1717 2528">
     <span class='ocr_line' id='line_1_42' title="bbox 127 2448 1717 2528; baseline 0.009 -29"><span class='ocrx_word' id='word_1_317' title='bbox 127 2448 398 2517; x_wconf 78' lang='grc' dir='ltr'><strong>κλῶνται;</strong></span> <span class='ocrx_word' id='word_1_318' title='bbox 452 2453 529 2517; x_wconf 84' lang='grc' dir='ltr'><strong>ὼς</strong></span> <span class='ocrx_word' id='word_1_319' title='bbox 579 2454 679 2508; x_wconf 78' lang='grc' dir='ltr'><strong>οὐκ</strong></span> <span class='ocrx_word' id='word_1_320' title='bbox 719 2455 937 2509; x_wconf 79' lang='grc' dir='ltr'><strong>ἔλαττον</strong></span> <span class='ocrx_word' id='word_1_321' title='bbox 1012 2456 1108 2526; x_wconf 84' lang='grc' dir='ltr'><strong>μὲν</strong></span> <span class='ocrx_word' id='word_1_322' title='bbox 1157 2457 1191 2527; x_wconf 78' lang='grc' dir='ltr'><strong>ἢ</strong></span> <span class='ocrx_word' id='word_1_323' title='bbox 1240 2458 1334 2510; x_wconf 82' lang='grc' dir='ltr'><strong>καὶ</strong></span> <span class='ocrx_word' id='word_1_324' title='bbox 1376 2457 1577 2528; x_wconf 84' lang='grc' dir='ltr'><strong>μᾶλλον</strong></span> <span class='ocrx_word' id='word_1_325' title='bbox 1599 2456 1717 2527; x_wconf 83' lang='grc' dir='ltr'><strong>ἡδο-</strong></span> 
     </span>
    </p>
   </div>
   <div class='ocr_carea' id='block_1_43' title="bbox 133 2541 1712 2620">
    <p class='ocr_par' dir='ltr' id='par_1_43' title="bbox 133 2541 1712 2620">
     <span class='ocr_line' id='line_1_43' title="bbox 133 2541 1712 2620; baseline 0.006 -27"><span class='ocrx_word' id='word_1_326' title='bbox 133 2541 292 2608; x_wconf 80' lang='grc' dir='ltr'><strong>μένου</strong></span> <span class='ocrx_word' id='word_1_327' title='bbox 346 2542 444 2597; x_wconf 86' lang='grc' dir='ltr'><strong>τοῦ</strong></span> <span class='ocrx_word' id='word_1_328' title='bbox 493 2545 727 2616; x_wconf 80' lang='grc' dir='ltr'><strong>πένητος</strong></span> <span class='ocrx_word' id='word_1_329' title='bbox 778 2542 860 2610; x_wconf 75' lang='grc' dir='ltr'><strong>οἷς</strong></span> <span class='ocrx_word' id='word_1_330' title='bbox 917 2547 1286 2620; x_wconf 68' lang='grc' dir='ltr'><strong>προσφέρεται</strong></span> <span class='ocrx_word' id='word_1_331' title='bbox 1322 2549 1564 2619; x_wconf 71' lang='grc' dir='ltr'><strong>τροφίοις</strong></span> <span class='ocrx_word' id='word_1_332' title='bbox 1616 2548 1712 2603; x_wconf 87' lang='grc' dir='ltr'><strong>τοῦ</strong></span> 
     </span>
    </p>
   </div>
   <div class='ocr_carea' id='block_1_44' title="bbox 128 2634 382 2705">
    <p class='ocr_par' dir='ltr' id='par_1_44' title="bbox 128 2634 382 2705">
     <span class='ocr_line' id='line_1_44' title="bbox 128 2634 382 2705; baseline 0.024 -20"><span class='ocrx_word' id='word_1_333' title='bbox 128 2634 382 2705; x_wconf 80' lang='grc' dir='ltr'><strong>πλησίου.</strong></span> 
     </span>
    </p>
   </div>
   <div class='ocr_carea' id='block_1_45' title="bbox 1819 1899 3389 1970">
    <p class='ocr_par' dir='ltr' id='par_1_45' title="bbox 1819 1899 3389 1970">
     <span class='ocr_line' id='line_1_45' title="bbox 1819 1899 3389 1970; baseline -0.005 -12"><span class='ocrx_word' id='word_1_334' title='bbox 1819 1905 1943 1960; x_wconf 89' lang='lat' dir='ltr'><strong>aliis</strong></span> <span class='ocrx_word' id='word_1_335' title='bbox 1970 1919 2101 1960; x_wconf 87' lang='lat' dir='ltr'><strong>vero</strong></span> <span class='ocrx_word' id='word_1_336' title='bbox 2150 1905 2374 1970; x_wconf 85' lang='lat' dir='ltr'><strong>clausa;</strong></span> <span class='ocrx_word' id='word_1_337' title='bbox 2415 1903 2691 1957; x_wconf 88' lang='lat' dir='ltr'><strong>videretur</strong></span> <span class='ocrx_word' id='word_1_338' title='bbox 2720 1911 2912 1957; x_wconf 86' lang='lat' dir='ltr'><strong>contra</strong></span> <span class='ocrx_word' id='word_1_339' title='bbox 2948 1903 3051 1955; x_wconf 84' lang='lat' dir='ltr'><strong>hoc</strong></span> <span class='ocrx_word' id='word_1_340' title='bbox 3090 1906 3257 1969; x_wconf 91' lang='lat' dir='ltr'><strong>caput</strong></span> <span class='ocrx_word' id='word_1_341' title='bbox 3287 1899 3389 1953; x_wconf 89' lang='lat' dir='ltr'><strong>bo-</strong></span> 
     </span>
    </p>
   </div>
   <div class='ocr_carea' id='block_1_46' title="bbox 1818 1987 3396 2062">
    <p class='ocr_par' dir='ltr' id='par_1_46' title="bbox 1818 1987 3396 2062">
     <span class='ocr_line' id='line_1_46' title="bbox 1818 1987 3396 2062; baseline -0.006 -13"><span class='ocrx_word' id='word_1_342' title='bbox 1818 2009 2012 2049; x_wconf 87' lang='lat' dir='ltr'><strong>norum</strong></span> <span class='ocrx_word' id='word_1_343' title='bbox 2037 2008 2161 2050; x_wconf 88' lang='lat' dir='ltr'><strong>esse</strong></span> <span class='ocrx_word' id='word_1_344' title='bbox 2198 1994 2253 2047; x_wconf 87' lang='lat' dir='ltr'><strong>in</strong></span> <span class='ocrx_word' id='word_1_345' title='bbox 2287 1992 2656 2062; x_wconf 64' lang='lat' dir='ltr'><strong>inaequalitate</strong></span> <span class='ocrx_word' id='word_1_346' title='bbox 2712 1989 2991 2045; x_wconf 87' lang='lat' dir='ltr'><strong>accusatio</strong></span> <span class='ocrx_word' id='word_1_347' title='bbox 3044 1987 3396 2058; x_wconf 80' lang='lat' dir='ltr'><strong>gubernatio-</strong></span> 
     </span>
    </p>
   </div>
   <div class='ocr_carea' id='block_1_47' title="bbox 1817 2077 3400 2153">
    <p class='ocr_par' dir='ltr' id='par_1_47' title="bbox 1817 2077 3400 2153">
     <span class='ocr_line' id='line_1_47' title="bbox 1817 2077 3400 2153; baseline -0.004 -14"><span class='ocrx_word' id='word_1_348' title='bbox 1817 2086 1922 2139; x_wconf 80' lang='lat' dir='ltr'><strong>nis.</strong></span> <span class='ocrx_word' id='word_1_349' title='bbox 1956 2083 2051 2137; x_wconf 90' lang='lat' dir='ltr'><strong>Sin</strong></span> <span class='ocrx_word' id='word_1_350' title='bbox 2079 2098 2206 2136; x_wconf 84' lang='lat' dir='ltr'><strong>vero</strong></span> <span class='ocrx_word' id='word_1_351' title='bbox 2248 2081 2303 2136; x_wconf 92' lang='lat' dir='ltr'><strong>id</strong></span> <span class='ocrx_word' id='word_1_352' title='bbox 2349 2098 2460 2153; x_wconf 81' lang='lat' dir='ltr'><strong>quo</strong></span> <span class='ocrx_word' id='word_1_353' title='bbox 2499 2082 2618 2137; x_wconf 91' lang='lat' dir='ltr'><strong>solo</strong></span> <span class='ocrx_word' id='word_1_354' title='bbox 2671 2088 2850 2151; x_wconf 83' lang='lat' dir='ltr'><strong>potest</strong></span> <span class='ocrx_word' id='word_1_355' title='bbox 2882 2079 3009 2150; x_wconf 89' lang='lat' dir='ltr'><strong>quis</strong></span> <span class='ocrx_word' id='word_1_356' title='bbox 3036 2094 3161 2133; x_wconf 82' lang='lat' dir='ltr'><strong>vere</strong></span> <span class='ocrx_word' id='word_1_357' title='bbox 3200 2077 3400 2133; x_wconf 85' lang='lat' dir='ltr'><strong>beatus</strong></span> 
     </span>
    </p>
   </div>
   <div class='ocr_carea' id='block_1_48' title="bbox 1816 2173 3394 2247">
    <p class='ocr_par' dir='ltr' id='par_1_48' title="bbox 1816 2173 3394 2247">
     <span class='ocr_line' id='line_1_48' title="bbox 1816 2173 3394 2247; baseline -0.003 -15"><span class='ocrx_word' id='word_1_358' title='bbox 1816 2194 1938 2233; x_wconf 89' lang='lat' dir='ltr'><strong>esse</strong></span> <span class='ocrx_word' id='word_1_359' title='bbox 1986 2177 2241 2232; x_wconf 86' lang='lat' dir='ltr'><strong>omnibus</strong></span> <span class='ocrx_word' id='word_1_360' title='bbox 2292 2192 2447 2247; x_wconf 77' lang='lat' dir='ltr'><strong>:eque</strong></span> <span class='ocrx_word' id='word_1_361' title='bbox 2500 2174 2865 2231; x_wconf 83' lang='lat' dir='ltr'><strong>communiter</strong></span> <span class='ocrx_word' id='word_1_362' title='bbox 2915 2173 3257 2245; x_wconf 88' lang='lat' dir='ltr'><strong>propositum</strong></span> <span class='ocrx_word' id='word_1_363' title='bbox 3287 2184 3394 2239; x_wconf 88' lang='lat' dir='ltr'><strong>est,</strong></span> 
     </span>
    </p>
   </div>
   <div class='ocr_carea' id='block_1_49' title="bbox 1815 2266 3394 2340">
    <p class='ocr_par' dir='ltr' id='par_1_49' title="bbox 1815 2266 3394 2340">
     <span class='ocr_line' id='line_1_49' title="bbox 1815 2266 3394 2340; baseline -0.003 -16"><span class='ocrx_word' id='word_1_364' title='bbox 1815 2278 1875 2324; x_wconf 89' lang='lat' dir='ltr'><strong>ut</strong></span> <span class='ocrx_word' id='word_1_365' title='bbox 1909 2270 2086 2340; x_wconf 89' lang='lat' dir='ltr'><strong>possit</strong></span> <span class='ocrx_word' id='word_1_366' title='bbox 2118 2284 2241 2325; x_wconf 90' lang='lat' dir='ltr'><strong>esse</strong></span> <span class='ocrx_word' id='word_1_367' title='bbox 2297 2284 2523 2339; x_wconf 91' lang='lat' dir='ltr'><strong>compos</strong></span> <span class='ocrx_word' id='word_1_368' title='bbox 2584 2268 2741 2338; x_wconf 86' lang='lat' dir='ltr'><strong>ejus;</strong></span> <span class='ocrx_word' id='word_1_369' title='bbox 2777 2280 2941 2337; x_wconf 90' lang='lat' dir='ltr'><strong>quam</strong></span> <span class='ocrx_word' id='word_1_370' title='bbox 2980 2266 3394 2336; x_wconf 77' lang='lat' dir='ltr'><strong>oppressionem</strong></span> 
     </span>
    </p>
   </div>
   <div class='ocr_carea' id='block_1_50' title="bbox 1815 2351 3396 2431">
    <p class='ocr_par' dir='ltr' id='par_1_50' title="bbox 1815 2351 3396 2431">
     <span class='ocr_line' id='line_1_50' title="bbox 1815 2351 3396 2431; baseline -0.002 -16"><span class='ocrx_word' id='word_1_371' title='bbox 1815 2370 1911 2416; x_wconf 88' lang='lat' dir='ltr'><strong>aut</strong></span> <span class='ocrx_word' id='word_1_372' title='bbox 1942 2362 2366 2431; x_wconf 71' lang='lat' dir='ltr'><strong>inaequalitatem</strong></span> <span class='ocrx_word' id='word_1_373' title='bbox 2411 2351 2609 2431; x_wconf 80' lang='lat' dir='ltr'><strong>poterit</strong></span> <span class='ocrx_word' id='word_1_374' title='bbox 2654 2360 2779 2430; x_wconf 87' lang='lat' dir='ltr'><strong>quis</strong></span> <span class='ocrx_word' id='word_1_375' title='bbox 2817 2359 3058 2428; x_wconf 87' lang='lat' dir='ltr'><strong>objicere</strong></span> <span class='ocrx_word' id='word_1_376' title='bbox 3095 2359 3396 2429; x_wconf 85' lang='lat' dir='ltr'><strong>quamlibet</strong></span> 
     </span>
    </p>
   </div>
   <div class='ocr_carea' id='block_1_51' title="bbox 1814 2452 3395 2524">
    <p class='ocr_par' dir='ltr' id='par_1_51' title="bbox 1814 2452 3395 2524">
     <span class='ocr_line' id='line_1_51' title="bbox 1814 2452 3395 2524; baseline -0.001 -17"><span class='ocrx_word' id='word_1_377' title='bbox 1814 2455 2109 2509; x_wconf 89' lang='lat' dir='ltr'><strong>accusandi</strong></span> <span class='ocrx_word' id='word_1_378' title='bbox 2155 2452 2432 2524; x_wconf 80' lang='lat' dir='ltr'><strong>cupidus?</strong></span> <span class='ocrx_word' id='word_1_379' title='bbox 2499 2452 2955 2523; x_wconf 85' lang='lat' dir='ltr'><strong>Quandoquidem</strong></span> <span class='ocrx_word' id='word_1_380' title='bbox 3011 2452 3212 2506; x_wconf 86' lang='lat' dir='ltr'><strong>habere</strong></span> <span class='ocrx_word' id='word_1_381' title='bbox 3269 2452 3395 2521; x_wconf 88' lang='lat' dir='ltr'><strong>plus</strong></span> 
     </span>
    </p>
   </div>
   <div class='ocr_carea' id='block_1_52' title="bbox 1815 2544 3399 2616">
    <p class='ocr_par' dir='ltr' id='par_1_52' title="bbox 1815 2544 3399 2616">
     <span class='ocr_line' id='line_1_52' title="bbox 1815 2544 3399 2616; baseline -0.003 -15"><span class='ocrx_word' id='word_1_382' title='bbox 1815 2548 2084 2601; x_wconf 82' lang='lat' dir='ltr'><strong>bonorum</strong></span> <span class='ocrx_word' id='word_1_383' title='bbox 2114 2558 2462 2603; x_wconf 79' lang='lat' dir='ltr'><strong>externorum</strong></span> <span class='ocrx_word' id='word_1_384' title='bbox 2514 2563 2709 2603; x_wconf 82' lang='lat' dir='ltr'><strong>rursus</strong></span> <span class='ocrx_word' id='word_1_385' title='bbox 2729 2547 3040 2602; x_wconf 87' lang='lat' dir='ltr'><strong>rationibus</strong></span> <span class='ocrx_word' id='word_1_386' title='bbox 3067 2544 3135 2599; x_wconf 90' lang='lat' dir='ltr'><strong>ad</strong></span> <span class='ocrx_word' id='word_1_387' title='bbox 3170 2545 3399 2616; x_wconf 66' lang='lat' dir='ltr'><strong>aequali-</strong></span> 
     </span>
    </p>
   </div>
   <div class='ocr_carea' id='block_1_53' title="bbox 1814 2639 3401 2709">
    <p class='ocr_par' dir='ltr' id='par_1_53' title="bbox 1814 2639 3401 2709">
     <span class='ocr_line' id='line_1_53' title="bbox 1814 2639 3401 2709; baseline 0 -16"><span class='ocrx_word' id='word_1_388' title='bbox 1814 2647 1980 2695; x_wconf 89' lang='lat' dir='ltr'><strong>tatem</strong></span> <span class='ocrx_word' id='word_1_389' title='bbox 2026 2648 2351 2707; x_wconf 86' lang='lat' dir='ltr'><strong>revocatur,</strong></span> <span class='ocrx_word' id='word_1_390' title='bbox 2398 2646 2458 2695; x_wconf 90' lang='lat' dir='ltr'><strong>ut</strong></span> <span class='ocrx_word' id='word_1_391' title='bbox 2486 2654 2599 2695; x_wconf 84' lang='lat' dir='ltr'><strong>non</strong></span> <span class='ocrx_word' id='word_1_392' title='bbox 2661 2640 2843 2696; x_wconf 89' lang='lat' dir='ltr'><strong>minus</strong></span> <span class='ocrx_word' id='word_1_393' title='bbox 2890 2640 2976 2696; x_wconf 89' lang='lat' dir='ltr'><strong>vel</strong></span> <span class='ocrx_word' id='word_1_394' title='bbox 3021 2639 3188 2694; x_wconf 87' lang='lat' dir='ltr'><strong>etiam</strong></span> <span class='ocrx_word' id='word_1_395' title='bbox 3220 2639 3401 2709; x_wconf 83' lang='lat' dir='ltr'><strong>magis</strong></span> 
     </span>
    </p>
   </div>
   <div class='ocr_carea' id='block_1_54' title="bbox 126 2728 1900 2808">
    <p class='ocr_par' dir='ltr' id='par_1_54' title="bbox 126 2728 1900 2808">
     <span class='ocr_line' id='line_1_54' title="bbox 126 2728 1900 2808; baseline 0.007 -29"><span class='ocrx_word' id='word_1_396' title='bbox 126 2728 424 2784; x_wconf 76' lang='lat' dir='ltr'><strong>delectetur</strong></span> <span class='ocrx_word' id='word_1_397' title='bbox 452 2746 657 2801; x_wconf 70' lang='lat' dir='ltr'><strong>pauper</strong></span> <span class='ocrx_word' id='word_1_398' title='bbox 688 2732 757 2789; x_wconf 91' lang='lat' dir='ltr'><strong>iis</strong></span> <span class='ocrx_word' id='word_1_399' title='bbox 784 2733 924 2790; x_wconf 91' lang='lat' dir='ltr'><strong>cibis</strong></span> <span class='ocrx_word' id='word_1_400' title='bbox 951 2734 1043 2805; x_wconf 87' lang='lat' dir='ltr'><strong>qui</strong></span> <span class='ocrx_word' id='word_1_401' title='bbox 1074 2736 1124 2790; x_wconf 91' lang='lat' dir='ltr'><strong>ei</strong></span> <span class='ocrx_word' id='word_1_402' title='bbox 1153 2735 1484 2793; x_wconf 87' lang='lat' dir='ltr'><strong>adhibentur</strong></span> <span class='ocrx_word' id='word_1_403' title='bbox 1530 2752 1695 2808; x_wconf 85' lang='lat' dir='ltr'><strong>quam</strong></span> <span class='ocrx_word' id='word_1_404' title='bbox 1728 2737 1900 2792; x_wconf 87' lang='lat' dir='ltr'><strong>dives.</strong></span> 
     </span>
    </p>
   </div>
   <div class='ocr_carea' id='block_1_55' title="bbox 192 2842 1710 2925">
    <p class='ocr_par' dir='ltr' id='par_1_55' title="bbox 192 2842 1710 2925">
     <span class='ocr_line' id='line_1_55' title="bbox 192 2842 1710 2925; baseline 0.007 -29"><span class='ocrx_word' id='word_1_405' title='bbox 192 2843 304 2897; x_wconf 76' lang='grc' dir='ltr'><strong>Καὶ</strong></span> <span class='ocrx_word' id='word_1_406' title='bbox 351 2842 421 2899; x_wconf 66' lang='grc' dir='ltr'><strong>τὰ</strong></span> <span class='ocrx_word' id='word_1_407' title='bbox 470 2846 596 2917; x_wconf 73' lang='grc' dir='ltr'><strong>περὶ</strong></span> <span class='ocrx_word' id='word_1_408' title='bbox 651 2847 861 2919; x_wconf 90' lang='grc' dir='ltr'><strong>σκέπην</strong></span> <span class='ocrx_word' id='word_1_409' title='bbox 909 2849 966 2902; x_wconf 83' lang='grc' dir='ltr'><strong>δὲ</strong></span> <span class='ocrx_word' id='word_1_410' title='bbox 1008 2851 1208 2920; x_wconf 88' lang='grc' dir='ltr'><strong>ὁμοίως</strong></span> <span class='ocrx_word' id='word_1_411' title='bbox 1239 2850 1372 2922; x_wconf 73' lang='grc' dir='ltr'><strong>ἔχει,</strong></span> <span class='ocrx_word' id='word_1_412' title='bbox 1417 2852 1521 2906; x_wconf 81' lang='grc' dir='ltr'><strong>κᾶν</strong></span> <span class='ocrx_word' id='word_1_413' title='bbox 1543 2848 1710 2925; x_wconf 81' lang='grc' dir='ltr'><strong>ἦττον</strong></span> 
     </span>
    </p>
   </div>
   <div class='ocr_carea' id='block_1_56' title="bbox 128 2933 1703 3016">
    <p class='ocr_par' dir='ltr' id='par_1_56' title="bbox 128 2933 1703 3016">
     <span class='ocr_line' id='line_1_56' title="bbox 128 2933 1703 3016; baseline 0.009 -32"><span class='ocrx_word' id='word_1_414' title='bbox 128 2933 359 3005; x_wconf 77' lang='grc' dir='ltr'><strong>ὑπάρχει</strong></span> <span class='ocrx_word' id='word_1_415' title='bbox 375 2936 554 3004; x_wconf 87' lang='grc' dir='ltr'><strong>τίμια,</strong></span> <span class='ocrx_word' id='word_1_416' title='bbox 568 2940 661 2992; x_wconf 73' lang='grc' dir='ltr'><strong>καὶ</strong></span> <span class='ocrx_word' id='word_1_417' title='bbox 679 2939 847 3002; x_wconf 85' lang='grc' dir='ltr'><strong>τύπος</strong></span> <span class='ocrx_word' id='word_1_418' title='bbox 864 2939 1168 3011; x_wconf 86' lang='grc' dir='ltr'><strong>αίσθήσεως</strong></span> <span class='ocrx_word' id='word_1_419' title='bbox 1184 2942 1251 2995; x_wconf 82' lang='grc' dir='ltr'><strong>τά</strong></span> <span class='ocrx_word' id='word_1_420' title='bbox 1270 2943 1514 3009; x_wconf 82' lang='grc' dir='ltr'><strong>συνήθως</strong></span> <span class='ocrx_word' id='word_1_421' title='bbox 1533 2962 1608 2997; x_wconf 89' lang='grc' dir='ltr'><strong>πα</strong></span> <span class='ocrx_word' id='word_1_422' title='bbox 1618 2962 1703 3016; x_wconf 87' lang='grc' dir='ltr'><strong>ρα-</strong></span> 
     </span>
    </p>
   </div>
   <div class='ocr_carea' id='block_1_57' title="bbox 126 3026 1701 3102">
    <p class='ocr_par' dir='ltr' id='par_1_57' title="bbox 126 3026 1701 3102">
     <span class='ocr_line' id='line_1_57' title="bbox 126 3026 1701 3102; baseline 0.009 -25"><span class='ocrx_word' id='word_1_423' title='bbox 126 3026 374 3096; x_wconf 78' lang='grc' dir='ltr'><strong>κείμενα,</strong></span> <span class='ocrx_word' id='word_1_424' title='bbox 428 3029 505 3091; x_wconf 84' lang='grc' dir='ltr'><strong>ὼς</strong></span> <span class='ocrx_word' id='word_1_425' title='bbox 560 3032 765 3102; x_wconf 81' lang='grc' dir='ltr'><strong>μηδένα</strong></span> <span class='ocrx_word' id='word_1_426' title='bbox 807 3032 902 3086; x_wconf 90' lang='grc' dir='ltr'><strong>τοῦ</strong></span> <span class='ocrx_word' id='word_1_427' title='bbox 967 3033 1211 3099; x_wconf 85' lang='grc' dir='ltr'><strong>πλείονος</strong></span> <span class='ocrx_word' id='word_1_428' title='bbox 1252 3037 1701 3100; x_wconf 83' lang='grc' dir='ltr'><strong>ὲπαισθάνεσθαι,</strong></span> 
     </span>
    </p>
   </div>
   <div class='ocr_carea' id='block_1_58' title="bbox 124 3101 1776 3202">
    <p class='ocr_par' dir='ltr' id='par_1_58' title="bbox 124 3101 1776 3202">
     <span class='ocr_line' id='line_1_58' title="bbox 124 3101 1776 3202; baseline 0.01 -33"><span class='ocrx_word' id='word_1_429' title='bbox 124 3117 207 3170; x_wconf 76' lang='grc' dir='ltr'><strong>διὰ</strong></span> <span class='ocrx_word' id='word_1_430' title='bbox 232 3121 331 3190; x_wconf 82' lang='grc' dir='ltr'><strong>τῆς</strong></span> <span class='ocrx_word' id='word_1_431' title='bbox 353 3101 637 3193; x_wconf 77' lang='grc' dir='ltr'><strong>συνηθείας</strong></span> <span class='ocrx_word' id='word_1_432' title='bbox 649 3125 751 3194; x_wconf 79' lang='grc' dir='ltr'><strong>τῆς</strong></span> <span class='ocrx_word' id='word_1_433' title='bbox 771 3127 1516 3202; x_wconf 84' lang='grc' dir='ltr'><strong>αίσθήσεωςάμαυρουμένης</strong></span> <span class='ocrx_word' id='word_1_434' title='bbox 1533 3148 1548 3161; x_wconf 75' lang='grc' dir='ltr'><strong>ο</strong></span> <span class='ocrx_word' id='word_1_435' title='bbox 1574 3132 1709 3202; x_wconf 79' lang='grc' dir='ltr'><strong>μηδὲ</strong></span> <span class='ocrx_word' id='word_1_436' title='bbox 1735 3101 1776 3157; x_wconf 77' lang='lat' dir='ltr'><strong><em>C</em></strong></span> 
     </span>
    </p>
   </div>
   <div class='ocr_carea' id='block_1_59' title="bbox 124 3208 1710 3293">
    <p class='ocr_par' dir='ltr' id='par_1_59' title="bbox 124 3208 1710 3293">
     <span class='ocr_line' id='line_1_59' title="bbox 124 3208 1710 3293; baseline 0.009 -32"><span class='ocrx_word' id='word_1_437' title='bbox 124 3208 281 3264; x_wconf 81' lang='grc' dir='ltr'><strong>ἄλλον</strong></span> <span class='ocrx_word' id='word_1_438' title='bbox 313 3212 411 3265; x_wconf 86' lang='grc' dir='ltr'><strong>τοῦ</strong></span> <span class='ocrx_word' id='word_1_439' title='bbox 463 3213 767 3281; x_wconf 79' lang='grc' dir='ltr'><strong>ἐλάττονος,</strong></span> <span class='ocrx_word' id='word_1_440' title='bbox 796 3220 890 3272; x_wconf 78' lang='grc' dir='ltr'><strong>καὶ</strong></span> <span class='ocrx_word' id='word_1_441' title='bbox 944 3219 1132 3273; x_wconf 88' lang='grc' dir='ltr'><strong>τοῦτον</strong></span> <span class='ocrx_word' id='word_1_442' title='bbox 1173 3220 1262 3274; x_wconf 83' lang='grc' dir='ltr'><strong>διά</strong></span> <span class='ocrx_word' id='word_1_443' title='bbox 1312 3221 1598 3293; x_wconf 81' lang='grc' dir='ltr'><strong>συνηθείας</strong></span> <span class='ocrx_word' id='word_1_444' title='bbox 1648 3223 1710 3277; x_wconf 77' lang='grc' dir='ltr'><strong>τὸ</strong></span> 
     </span>
    </p>
   </div>
   <div class='ocr_carea' id='block_1_60' title="bbox 124 3303 1707 3387">
    <p class='ocr_par' dir='ltr' id='par_1_60' title="bbox 124 3303 1707 3387">
     <span class='ocr_line' id='line_1_60' title="bbox 124 3303 1707 3387; baseline 0.01 -34"><span class='ocrx_word' id='word_1_445' title='bbox 124 3303 301 3358; x_wconf 80' lang='grc' dir='ltr'><strong>ἐνδέον</strong></span> <span class='ocrx_word' id='word_1_446' title='bbox 332 3306 471 3377; x_wconf 84' lang='grc' dir='ltr'><strong>πρὸς</strong></span> <span class='ocrx_word' id='word_1_447' title='bbox 519 3308 618 3380; x_wconf 82' lang='grc' dir='ltr'><strong>τὴν</strong></span> <span class='ocrx_word' id='word_1_448' title='bbox 658 3309 909 3381; x_wconf 75' lang='grc' dir='ltr'><strong>αἴσθησιν</strong></span> <span class='ocrx_word' id='word_1_449' title='bbox 948 3312 1022 3383; x_wconf 83' lang='grc' dir='ltr'><strong>μὴ</strong></span> <span class='ocrx_word' id='word_1_450' title='bbox 1058 3312 1281 3381; x_wconf 78' lang='grc' dir='ltr'><strong>ἄγοντα.</strong></span> <span class='ocrx_word' id='word_1_451' title='bbox 1325 3314 1534 3369; x_wconf 78' lang='grc' dir='ltr'><strong>Αὐτίκα</strong></span> <span class='ocrx_word' id='word_1_452' title='bbox 1573 3313 1707 3387; x_wconf 83' lang='grc' dir='ltr'><strong>βάρ-</strong></span> 
     </span>
    </p>
   </div>
   <div class='ocr_carea' id='block_1_61' title="bbox 129 3393 1708 3477">
    <p class='ocr_par' dir='ltr' id='par_1_61' title="bbox 129 3393 1708 3477">
     <span class='ocr_line' id='line_1_61' title="bbox 129 3393 1708 3477; baseline 0.009 -30"><span class='ocrx_word' id='word_1_453' title='bbox 129 3393 282 3468; x_wconf 81' lang='grc' dir='ltr'><strong>ϐαροι</strong></span> <span class='ocrx_word' id='word_1_454' title='bbox 318 3400 519 3469; x_wconf 76' lang='grc' dir='ltr'><strong>γυμνοὶ</strong></span> <span class='ocrx_word' id='word_1_455' title='bbox 563 3401 625 3454; x_wconf 92' lang='grc' dir='ltr'><strong>τό</strong></span> <span class='ocrx_word' id='word_1_456' title='bbox 657 3418 721 3470; x_wconf 88' lang='grc' dir='ltr'><strong>γε</strong></span> <span class='ocrx_word' id='word_1_457' title='bbox 772 3403 934 3457; x_wconf 84' lang='grc' dir='ltr'><strong>πλέον</strong></span> <span class='ocrx_word' id='word_1_458' title='bbox 972 3403 1066 3458; x_wconf 84' lang='grc' dir='ltr'><strong>τοῦ</strong></span> <span class='ocrx_word' id='word_1_459' title='bbox 1118 3404 1367 3477; x_wconf 84' lang='grc' dir='ltr'><strong>σώματος</strong></span> <span class='ocrx_word' id='word_1_460' title='bbox 1411 3406 1708 3476; x_wconf 84' lang='grc' dir='ltr'><strong>διάγοντες,</strong></span> 
     </span>
    </p>
   </div>
   <div class='ocr_carea' id='block_1_62' title="bbox 126 3488 1709 3569">
    <p class='ocr_par' dir='ltr' id='par_1_62' title="bbox 126 3488 1709 3569">
     <span class='ocr_line' id='line_1_62' title="bbox 126 3488 1709 3569; baseline 0.008 -29"><span class='ocrx_word' id='word_1_461' title='bbox 126 3488 218 3540; x_wconf 76' lang='grc' dir='ltr'><strong>καὶ</strong></span> <span class='ocrx_word' id='word_1_462' title='bbox 272 3489 545 3562; x_wconf 84' lang='grc' dir='ltr'><strong>ἀστρωτοι</strong></span> <span class='ocrx_word' id='word_1_463' title='bbox 587 3492 975 3562; x_wconf 82' lang='grc' dir='ltr'><strong>καθεύδοντες,</strong></span> <span class='ocrx_word' id='word_1_464' title='bbox 1021 3498 1114 3550; x_wconf 80' lang='grc' dir='ltr'><strong>καὶ</strong></span> <span class='ocrx_word' id='word_1_465' title='bbox 1159 3497 1384 3568; x_wconf 84' lang='grc' dir='ltr'><strong>λυπροῖς</strong></span> <span class='ocrx_word' id='word_1_466' title='bbox 1420 3499 1709 3569; x_wconf 87' lang='grc' dir='ltr'><strong>αίδέσμασι</strong></span> 
     </span>
    </p>
   </div>
   <div class='ocr_carea' id='block_1_63' title="bbox 122 3578 1709 3663">
    <p class='ocr_par' dir='ltr' id='par_1_63' title="bbox 122 3578 1709 3663">
     <span class='ocr_line' id='line_1_63' title="bbox 122 3578 1709 3663; baseline 0.009 -32"><span class='ocrx_word' id='word_1_467' title='bbox 122 3578 491 3652; x_wconf 83' lang='grc' dir='ltr'><strong>διαιτώμενοι,</strong></span> <span class='ocrx_word' id='word_1_468' title='bbox 546 3586 646 3638; x_wconf 88' lang='grc' dir='ltr'><strong>ούκ</strong></span> <span class='ocrx_word' id='word_1_469' title='bbox 679 3586 969 3659; x_wconf 83' lang='grc' dir='ltr'><strong>ἠνέσχοντο</strong></span> <span class='ocrx_word' id='word_1_470' title='bbox 1003 3587 1223 3643; x_wconf 86' lang='grc' dir='ltr'><strong>πώποτε</strong></span> <span class='ocrx_word' id='word_1_471' title='bbox 1257 3591 1574 3644; x_wconf 84' lang='grc' dir='ltr'><strong>καταλιπεῖν</strong></span> <span class='ocrx_word' id='word_1_472' title='bbox 1609 3591 1709 3663; x_wconf 83' lang='grc' dir='ltr'><strong>τὴν</strong></span> 
     </span>
    </p>
   </div>
   <div class='ocr_carea' id='block_1_64' title="bbox 126 3670 1707 3751">
    <p class='ocr_par' dir='ltr' id='par_1_64' title="bbox 126 3670 1707 3751">
     <span class='ocr_line' id='line_1_64' title="bbox 126 3670 1707 3751; baseline 0.009 -29"><span class='ocrx_word' id='word_1_473' title='bbox 126 3670 288 3741; x_wconf 80' lang='grc' dir='ltr'><strong>φίλην</strong></span> <span class='ocrx_word' id='word_1_474' title='bbox 310 3672 542 3739; x_wconf 88' lang='grc' dir='ltr'><strong>δίαιταν,</strong></span> <span class='ocrx_word' id='word_1_475' title='bbox 567 3674 642 3739; x_wconf 85' lang='grc' dir='ltr'><strong>ὡς</strong></span> <span class='ocrx_word' id='word_1_476' title='bbox 667 3676 756 3730; x_wconf 88' lang='grc' dir='ltr'><strong>διά</strong></span> <span class='ocrx_word' id='word_1_477' title='bbox 784 3677 885 3749; x_wconf 83' lang='grc' dir='ltr'><strong>τῆς</strong></span> <span class='ocrx_word' id='word_1_478' title='bbox 910 3677 1197 3751; x_wconf 86' lang='grc' dir='ltr'><strong>συνηθείας</strong></span> <span class='ocrx_word' id='word_1_479' title='bbox 1225 3680 1286 3735; x_wconf 81' lang='grc' dir='ltr'><strong>τὸ</strong></span> <span class='ocrx_word' id='word_1_480' title='bbox 1314 3681 1490 3735; x_wconf 76' lang='grc' dir='ltr'><strong>ἐνδέον</strong></span> <span class='ocrx_word' id='word_1_481' title='bbox 1527 3682 1707 3738; x_wconf 80' lang='grc' dir='ltr'><strong>αὐτῶν</strong></span> 
     </span>
    </p>
   </div>
   <div class='ocr_carea' id='block_1_65' title="bbox 127 3763 1706 3845">
    <p class='ocr_par' dir='ltr' id='par_1_65' title="bbox 127 3763 1706 3845">
     <span class='ocr_line' id='line_1_65' title="bbox 127 3763 1706 3845; baseline 0.009 -29"><span class='ocrx_word' id='word_1_482' title='bbox 127 3763 295 3833; x_wconf 84' lang='grc' dir='ltr'><strong>μηδὲν</strong></span> <span class='ocrx_word' id='word_1_483' title='bbox 330 3765 690 3838; x_wconf 79' lang='grc' dir='ltr'><strong>καθορῶντες,</strong></span> <span class='ocrx_word' id='word_1_484' title='bbox 732 3769 929 3840; x_wconf 82' lang='grc' dir='ltr'><strong>μᾶλλον</strong></span> <span class='ocrx_word' id='word_1_485' title='bbox 957 3772 1014 3825; x_wconf 82' lang='grc' dir='ltr'><strong>δὲ</strong></span> <span class='ocrx_word' id='word_1_486' title='bbox 1038 3772 1243 3844; x_wconf 92' lang='grc' dir='ltr'><strong>ταύτην</strong></span> <span class='ocrx_word' id='word_1_487' title='bbox 1279 3774 1400 3845; x_wconf 87' lang='grc' dir='ltr'><strong>μηδ’</strong></span> <span class='ocrx_word' id='word_1_488' title='bbox 1421 3775 1706 3830; x_wconf 85' lang='grc' dir='ltr'><strong>ἀπολιπεῖν</strong></span> 
     </span>
    </p>
   </div>
   <div class='ocr_carea' id='block_1_66' title="bbox 122 3850 1702 3936">
    <p class='ocr_par' dir='ltr' id='par_1_66' title="bbox 122 3850 1702 3936">
     <span class='ocr_line' id='line_1_66' title="bbox 122 3850 1702 3936; baseline 0.009 -29"><span class='ocrx_word' id='word_1_489' title='bbox 122 3850 305 3909; x_wconf 77' lang='grc' dir='ltr'><strong>οἷοίτε</strong></span> <span class='ocrx_word' id='word_1_490' title='bbox 331 3856 513 3921; x_wconf 73' lang='grc' dir='ltr'><strong>ὄντες·</strong></span> <span class='ocrx_word' id='word_1_491' title='bbox 562 3857 595 3929; x_wconf 79' lang='grc' dir='ltr'>ἦ</span> <span class='ocrx_word' id='word_1_492' title='bbox 638 3858 829 3915; x_wconf 81' lang='grc' dir='ltr'><strong>θᾶττον</strong></span> <span class='ocrx_word' id='word_1_493' title='bbox 865 3863 961 3933; x_wconf 79' lang='grc' dir='ltr'><strong>μὲν</strong></span> <span class='ocrx_word' id='word_1_494' title='bbox 988 3864 1056 3918; x_wconf 84' lang='grc' dir='ltr'><strong>ἂν</strong></span> <span class='ocrx_word' id='word_1_495' title='bbox 1085 3864 1261 3920; x_wconf 80' lang='grc' dir='ltr'><strong>καὶτὸ</strong></span> <span class='ocrx_word' id='word_1_496' title='bbox 1296 3866 1561 3936; x_wconf 81' lang='grc' dir='ltr'><strong>ὑγιαίνειν</strong></span> <span class='ocrx_word' id='word_1_497' title='bbox 1596 3885 1702 3922; x_wconf 91' lang='grc' dir='ltr'><strong>κα-</strong></span> 
     </span>
    </p>
   </div>
   <div class='ocr_carea' id='block_1_67' title="bbox 122 3947 1708 4031">
    <p class='ocr_par' dir='ltr' id='par_1_67' title="bbox 122 3947 1708 4031">
     <span class='ocr_line' id='line_1_67' title="bbox 122 3947 1708 4031; baseline 0.008 -31"><span class='ocrx_word' id='word_1_498' title='bbox 122 3947 423 4015; x_wconf 72' lang='grc' dir='ltr'><strong>ταλίποιεν,</strong></span> <span class='ocrx_word' id='word_1_499' title='bbox 483 3949 675 4004; x_wconf 75' lang='grc' dir='ltr'><strong>θᾶττον</strong></span> <span class='ocrx_word' id='word_1_500' title='bbox 728 3953 773 4005; x_wconf 85' lang='grc' dir='ltr'><strong>δ’</strong></span> <span class='ocrx_word' id='word_1_501' title='bbox 830 3953 895 4008; x_wconf 81' lang='grc' dir='ltr'><strong>ἀν</strong></span> <span class='ocrx_word' id='word_1_502' title='bbox 922 3956 1016 4008; x_wconf 80' lang='grc' dir='ltr'><strong>καὶ</strong></span> <span class='ocrx_word' id='word_1_503' title='bbox 1057 3956 1119 4010; x_wconf 80' lang='grc' dir='ltr'><strong>τὸ</strong></span> <span class='ocrx_word' id='word_1_504' title='bbox 1160 3956 1297 4030; x_wconf 83' lang='grc' dir='ltr'><strong>πρὸς</strong></span> <span class='ocrx_word' id='word_1_505' title='bbox 1340 3960 1587 4031; x_wconf 83' lang='grc' dir='ltr'><strong>κρυμοὺς</strong></span> <span class='ocrx_word' id='word_1_506' title='bbox 1612 3961 1708 4015; x_wconf 62' lang='grc' dir='ltr'><strong>καὶ⁹</strong></span> 
     </span>
    </p>
   </div>
   <div class='ocr_carea' id='block_1_68' title="bbox 123 4040 1322 4119">
    <p class='ocr_par' dir='ltr' id='par_1_68' title="bbox 123 4040 1322 4119">
     <span class='ocr_line' id='line_1_68' title="bbox 123 4040 1322 4119; baseline 0.008 -26"><span class='ocrx_word' id='word_1_507' title='bbox 123 4040 357 4112; x_wconf 66' lang='grc' dir='ltr'><strong>ἡλιακὴν</strong></span> <span class='ocrx_word' id='word_1_508' title='bbox 388 4041 560 4111; x_wconf 87' lang='grc' dir='ltr'><strong>φλόγα</strong></span> <span class='ocrx_word' id='word_1_509' title='bbox 589 4046 877 4117; x_wconf 83' lang='grc' dir='ltr'><strong>καρτερεῖν</strong></span> <span class='ocrx_word' id='word_1_510' title='bbox 903 4046 1322 4119; x_wconf 86' lang='grc' dir='ltr'><strong>ἀποκτήσαιντο.</strong></span> 
     </span>
    </p>
   </div>
   <div class='ocr_carea' id='block_1_69' title="bbox 1894 2849 3399 2922">
    <p class='ocr_par' dir='ltr' id='par_1_69' title="bbox 1894 2849 3399 2922">
     <span class='ocr_line' id='line_1_69' title="bbox 1894 2849 3399 2922; baseline -0.003 -17"><span class='ocrx_word' id='word_1_511' title='bbox 1894 2849 2155 2905; x_wconf 86' lang='lat' dir='ltr'><strong>Similiter</strong></span> <span class='ocrx_word' id='word_1_512' title='bbox 2176 2851 2359 2907; x_wconf 78' lang='lat' dir='ltr'><strong>evenit</strong></span> <span class='ocrx_word' id='word_1_513' title='bbox 2393 2852 2448 2905; x_wconf 94' lang='lat' dir='ltr'><strong>in</strong></span> <span class='ocrx_word' id='word_1_514' title='bbox 2484 2851 2554 2907; x_wconf 91' lang='lat' dir='ltr'><strong>iis</strong></span> <span class='ocrx_word' id='word_1_515' title='bbox 2586 2865 2707 2922; x_wconf 63' lang='lat' dir='ltr'><strong>quae</strong></span> <span class='ocrx_word' id='word_1_516' title='bbox 2740 2850 2808 2906; x_wconf 90' lang='lat' dir='ltr'><strong>ad</strong></span> <span class='ocrx_word' id='word_1_517' title='bbox 2855 2859 3228 2922; x_wconf 76' lang='lat' dir='ltr'><strong>tegumentum</strong></span> <span class='ocrx_word' id='word_1_518' title='bbox 3272 2862 3399 2903; x_wconf 80' lang='lat' dir='ltr'><strong>cor-</strong></span> 
     </span>
    </p>
   </div>
   <div class='ocr_carea' id='block_1_70' title="bbox 1817 2940 3399 3013">
    <p class='ocr_par' dir='ltr' id='par_1_70' title="bbox 1817 2940 3399 3013">
     <span class='ocr_line' id='line_1_70' title="bbox 1817 2940 3399 3013; baseline -0.002 -16"><span class='ocrx_word' id='word_1_519' title='bbox 1817 2943 1967 3012; x_wconf 83' lang='lat' dir='ltr'><strong>poris</strong></span> <span class='ocrx_word' id='word_1_520' title='bbox 1990 2944 2261 3012; x_wconf 90' lang='lat' dir='ltr'><strong>pertinent</strong></span> <span class='ocrx_word' id='word_1_521' title='bbox 2290 2961 2303 2997; x_wconf 92' lang='lat'>:</span> <span class='ocrx_word' id='word_1_522' title='bbox 2335 2944 2588 3013; x_wconf 87' lang='lat' dir='ltr'><strong>quamvis</strong></span> <span class='ocrx_word' id='word_1_523' title='bbox 2618 2942 2809 2997; x_wconf 89' lang='lat' dir='ltr'><strong>viliora</strong></span> <span class='ocrx_word' id='word_1_524' title='bbox 2842 2944 2954 2999; x_wconf 89' lang='lat' dir='ltr'><strong>sint</strong></span> <span class='ocrx_word' id='word_1_525' title='bbox 2980 2982 2996 3006; x_wconf 93' lang='lat'><strong>,</strong></span> <span class='ocrx_word' id='word_1_526' title='bbox 3044 2955 3268 2997; x_wconf 87' lang='lat' dir='ltr'><strong>sensum</strong></span> <span class='ocrx_word' id='word_1_527' title='bbox 3312 2940 3399 2995; x_wconf 85' lang='lat' dir='ltr'><strong>in-</strong></span> 
     </span>
    </p>
   </div>
   <div class='ocr_carea' id='block_1_71' title="bbox 1814 3035 3400 3107">
    <p class='ocr_par' dir='ltr' id='par_1_71' title="bbox 1814 3035 3400 3107">
     <span class='ocr_line' id='line_1_71' title="bbox 1814 3035 3400 3107; baseline -0.001 -19"><span class='ocrx_word' id='word_1_528' title='bbox 1814 3035 2052 3090; x_wconf 85' lang='lat' dir='ltr'><strong>formant</strong></span> <span class='ocrx_word' id='word_1_529' title='bbox 2093 3051 2215 3107; x_wconf 65' lang='lat' dir='ltr'><strong>quae</strong></span> <span class='ocrx_word' id='word_1_530' title='bbox 2269 3037 2320 3092; x_wconf 91' lang='lat' dir='ltr'><strong>ei</strong></span> <span class='ocrx_word' id='word_1_531' title='bbox 2367 3046 2774 3092; x_wconf 87' lang='lat' dir='ltr'><strong>consueverunt</strong></span> <span class='ocrx_word' id='word_1_532' title='bbox 2827 3035 3057 3107; x_wconf 86' lang='lat' dir='ltr'><strong>apponi,</strong></span> <span class='ocrx_word' id='word_1_533' title='bbox 3117 3043 3179 3089; x_wconf 92' lang='lat' dir='ltr'><strong>ut</strong></span> <span class='ocrx_word' id='word_1_534' title='bbox 3234 3048 3400 3088; x_wconf 90' lang='lat' dir='ltr'><strong>nemo</strong></span> 
     </span>
    </p>
   </div>
   <div class='ocr_carea' id='block_1_72' title="bbox 1813 3126 3397 3198">
    <p class='ocr_par' dir='ltr' id='par_1_72' title="bbox 1813 3126 3397 3198">
     <span class='ocr_line' id='line_1_72' title="bbox 1813 3126 3397 3198; baseline 0 -17"><span class='ocrx_word' id='word_1_535' title='bbox 1813 3127 1959 3197; x_wconf 83' lang='lat' dir='ltr'><strong>quod</strong></span> <span class='ocrx_word' id='word_1_536' title='bbox 1993 3129 2117 3198; x_wconf 91' lang='lat' dir='ltr'><strong>plus</strong></span> <span class='ocrx_word' id='word_1_537' title='bbox 2168 3137 2254 3184; x_wconf 85' lang='lat' dir='ltr'><strong>est</strong></span> <span class='ocrx_word' id='word_1_538' title='bbox 2307 3129 2538 3197; x_wconf 87' lang='lat' dir='ltr'><strong>sentiat,</strong></span> <span class='ocrx_word' id='word_1_539' title='bbox 2575 3145 2739 3185; x_wconf 90' lang='lat' dir='ltr'><strong>sensu</strong></span> <span class='ocrx_word' id='word_1_540' title='bbox 2784 3128 3185 3184; x_wconf 86' lang='lat' dir='ltr'><strong>consuetudine</strong></span> <span class='ocrx_word' id='word_1_541' title='bbox 3230 3126 3397 3181; x_wconf 84' lang='lat' dir='ltr'><strong>hebe-</strong></span> 
     </span>
    </p>
   </div>
   <div class='ocr_carea' id='block_1_73' title="bbox 1811 3223 3385 3295">
    <p class='ocr_par' dir='ltr' id='par_1_73' title="bbox 1811 3223 3385 3295">
     <span class='ocr_line' id='line_1_73' title="bbox 1811 3223 3385 3295; baseline 0.003 -20"><span class='ocrx_word' id='word_1_542' title='bbox 1811 3230 1957 3287; x_wconf 87' lang='lat' dir='ltr'><strong>tato;</strong></span> <span class='ocrx_word' id='word_1_543' title='bbox 1999 3236 2100 3277; x_wconf 91' lang='lat' dir='ltr'><strong>nec</strong></span> <span class='ocrx_word' id='word_1_544' title='bbox 2135 3223 2277 3277; x_wconf 90' lang='lat' dir='ltr'><strong>alius</strong></span> <span class='ocrx_word' id='word_1_545' title='bbox 2305 3223 2449 3293; x_wconf 90' lang='lat' dir='ltr'><strong>quod</strong></span> <span class='ocrx_word' id='word_1_546' title='bbox 2496 3223 2679 3279; x_wconf 87' lang='lat' dir='ltr'><strong>minus</strong></span> <span class='ocrx_word' id='word_1_547' title='bbox 2710 3231 2796 3278; x_wconf 89' lang='lat' dir='ltr'><strong>est</strong></span> <span class='ocrx_word' id='word_1_548' title='bbox 2832 3224 2960 3293; x_wconf 87' lang='lat' dir='ltr'><strong>quia</strong></span> <span class='ocrx_word' id='word_1_549' title='bbox 2999 3233 3221 3295; x_wconf 85' lang='lat' dir='ltr'><strong>propter</strong></span> <span class='ocrx_word' id='word_1_550' title='bbox 3247 3241 3385 3281; x_wconf 82' lang='lat' dir='ltr'><strong>con-</strong></span> 
     </span>
    </p>
   </div>
   <div class='ocr_carea' id='block_1_74' title="bbox 1812 3313 3398 3385">
    <p class='ocr_par' dir='ltr' id='par_1_74' title="bbox 1812 3313 3398 3385">
     <span class='ocr_line' id='line_1_74' title="bbox 1812 3313 3398 3385; baseline 0.002 -18"><span class='ocrx_word' id='word_1_551' title='bbox 1812 3313 2159 3368; x_wconf 88' lang='lat' dir='ltr'><strong>suetudinem</strong></span> <span class='ocrx_word' id='word_1_552' title='bbox 2215 3329 2323 3368; x_wconf 92' lang='lat' dir='ltr'><strong>non</strong></span> <span class='ocrx_word' id='word_1_553' title='bbox 2379 3315 2612 3385; x_wconf 88' lang='lat' dir='ltr'><strong>percipit</strong></span> <span class='ocrx_word' id='word_1_554' title='bbox 2643 3329 2809 3371; x_wconf 90' lang='lat' dir='ltr'><strong>sensu</strong></span> <span class='ocrx_word' id='word_1_555' title='bbox 2865 3315 3011 3385; x_wconf 89' lang='lat' dir='ltr'><strong>quod</strong></span> <span class='ocrx_word' id='word_1_556' title='bbox 3044 3316 3218 3372; x_wconf 88' lang='lat' dir='ltr'><strong>deest.</strong></span> <span class='ocrx_word' id='word_1_557' title='bbox 3257 3315 3398 3371; x_wconf 76' lang='lat' dir='ltr'><strong>Hine</strong></span> 
     </span>
    </p>
   </div>
   <div class='ocr_carea' id='block_1_75' title="bbox 1810 3403 3399 3477">
    <p class='ocr_par' dir='ltr' id='par_1_75' title="bbox 1810 3403 3399 3477">
     <span class='ocr_line' id='line_1_75' title="bbox 1810 3403 3399 3477; baseline 0.001 -19"><span class='ocrx_word' id='word_1_558' title='bbox 1810 3405 2073 3458; x_wconf 91' lang='lat' dir='ltr'><strong>continuo</strong></span> <span class='ocrx_word' id='word_1_559' title='bbox 2099 3403 2157 3457; x_wconf 84' lang='lat' dir='ltr'><strong>lit</strong></span> <span class='ocrx_word' id='word_1_560' title='bbox 2214 3412 2271 3458; x_wconf 93' lang='lat' dir='ltr'><strong>ut</strong></span> <span class='ocrx_word' id='word_1_561' title='bbox 2301 3403 2549 3477; x_wconf 82' lang='lat' dir='ltr'><strong>Barbari,</strong></span> <span class='ocrx_word' id='word_1_562' title='bbox 2585 3405 2729 3475; x_wconf 91' lang='lat' dir='ltr'><strong>quod</strong></span> <span class='ocrx_word' id='word_1_563' title='bbox 2754 3406 2934 3475; x_wconf 88' lang='lat' dir='ltr'><strong>majus</strong></span> <span class='ocrx_word' id='word_1_564' title='bbox 2964 3413 3069 3470; x_wconf 89' lang='lat' dir='ltr'><strong>est,</strong></span> <span class='ocrx_word' id='word_1_565' title='bbox 3102 3410 3251 3461; x_wconf 87' lang='lat' dir='ltr'><strong>nudo</strong></span> <span class='ocrx_word' id='word_1_566' title='bbox 3270 3421 3399 3460; x_wconf 90' lang='lat' dir='ltr'><strong>cor-</strong></span> 
     </span>
    </p>
   </div>
   <div class='ocr_carea' id='block_1_76' title="bbox 1811 3498 3397 3570">
    <p class='ocr_par' dir='ltr' id='par_1_76' title="bbox 1811 3498 3397 3570">
     <span class='ocr_line' id='line_1_76' title="bbox 1811 3498 3397 3570; baseline 0.002 -19"><span class='ocrx_word' id='word_1_567' title='bbox 1811 3512 1942 3568; x_wconf 88' lang='lat' dir='ltr'><strong>pore</strong></span> <span class='ocrx_word' id='word_1_568' title='bbox 1972 3498 2143 3553; x_wconf 89' lang='lat' dir='ltr'><strong>vitam</strong></span> <span class='ocrx_word' id='word_1_569' title='bbox 2170 3498 2450 3570; x_wconf 85' lang='lat' dir='ltr'><strong>degentes,</strong></span> <span class='ocrx_word' id='word_1_570' title='bbox 2480 3507 2534 3553; x_wconf 92' lang='lat' dir='ltr'><strong>et</strong></span> <span class='ocrx_word' id='word_1_571' title='bbox 2571 3498 2692 3553; x_wconf 86' lang='lat' dir='ltr'><strong>sine</strong></span> <span class='ocrx_word' id='word_1_572' title='bbox 2725 3498 2973 3568; x_wconf 86' lang='lat' dir='ltr'><strong>stragula</strong></span> <span class='ocrx_word' id='word_1_573' title='bbox 2999 3506 3152 3553; x_wconf 86' lang='lat' dir='ltr'><strong>veste</strong></span> <span class='ocrx_word' id='word_1_574' title='bbox 3183 3499 3397 3554; x_wconf 86' lang='lat' dir='ltr'><strong>cuban-</strong></span> 
     </span>
    </p>
   </div>
   <div class='ocr_carea' id='block_1_77' title="bbox 1814 3589 3397 3664">
    <p class='ocr_par' dir='ltr' id='par_1_77' title="bbox 1814 3589 3397 3664">
     <span class='ocr_line' id='line_1_77' title="bbox 1814 3589 3397 3664; baseline 0.003 -21"><span class='ocrx_word' id='word_1_575' title='bbox 1814 3599 1919 3658; x_wconf 90' lang='lat' dir='ltr'><strong>tes,</strong></span> <span class='ocrx_word' id='word_1_576' title='bbox 1949 3600 2004 3644; x_wconf 86' lang='lat' dir='ltr'><strong>et</strong></span> <span class='ocrx_word' id='word_1_577' title='bbox 2044 3592 2254 3662; x_wconf 91' lang='lat' dir='ltr'><strong>asperis</strong></span> <span class='ocrx_word' id='word_1_578' title='bbox 2289 3589 2625 3646; x_wconf 90' lang='lat' dir='ltr'><strong>indumentis</strong></span> <span class='ocrx_word' id='word_1_579' title='bbox 2668 3598 2925 3655; x_wconf 82' lang='lat' dir='ltr'><strong>utentes,</strong></span> <span class='ocrx_word' id='word_1_580' title='bbox 2974 3606 3256 3662; x_wconf 87' lang='lat' dir='ltr'><strong>nunquam</strong></span> <span class='ocrx_word' id='word_1_581' title='bbox 3299 3608 3397 3664; x_wconf 86' lang='lat' dir='ltr'><strong>pa-</strong></span> 
     </span>
    </p>
   </div>
   <div class='ocr_carea' id='block_1_78' title="bbox 1814 3680 3393 3752">
    <p class='ocr_par' dir='ltr' id='par_1_78' title="bbox 1814 3680 3393 3752">
     <span class='ocr_line' id='line_1_78' title="bbox 1814 3680 3393 3752; baseline -0.001 -16"><span class='ocrx_word' id='word_1_582' title='bbox 1814 3688 2057 3737; x_wconf 88' lang='lat' dir='ltr'><strong>terentur</strong></span> <span class='ocrx_word' id='word_1_583' title='bbox 2085 3689 2146 3735; x_wconf 95' lang='lat' dir='ltr'><strong>ut</strong></span> <span class='ocrx_word' id='word_1_584' title='bbox 2202 3681 2572 3752; x_wconf 87' lang='lat' dir='ltr'><strong>relinquerent</strong></span> <span class='ocrx_word' id='word_1_585' title='bbox 2604 3680 2875 3736; x_wconf 84' lang='lat' dir='ltr'><strong>rationem</strong></span> <span class='ocrx_word' id='word_1_586' title='bbox 2908 3680 3126 3737; x_wconf 91' lang='lat' dir='ltr'><strong>vivendi</strong></span> <span class='ocrx_word' id='word_1_587' title='bbox 3156 3690 3393 3752; x_wconf 90' lang='lat' dir='ltr'><strong>gratam,</strong></span> 
     </span>
    </p>
   </div>
   <div class='ocr_carea' id='block_1_79' title="bbox 1812 3774 3394 3846">
    <p class='ocr_par' dir='ltr' id='par_1_79' title="bbox 1812 3774 3394 3846">
     <span class='ocr_line' id='line_1_79' title="bbox 1812 3774 3394 3846; baseline 0.001 -17"><span class='ocrx_word' id='word_1_588' title='bbox 1812 3776 1989 3846; x_wconf 92' lang='lat' dir='ltr'><strong>utqui</strong></span> <span class='ocrx_word' id='word_1_589' title='bbox 2016 3782 2243 3846; x_wconf 86' lang='lat' dir='ltr'><strong>propter</strong></span> <span class='ocrx_word' id='word_1_590' title='bbox 2292 3775 2750 3831; x_wconf 86' lang='lat' dir='ltr'><strong>consuetudinem</strong></span> <span class='ocrx_word' id='word_1_591' title='bbox 2784 3775 2917 3845; x_wconf 91' lang='lat' dir='ltr'><strong>quid</strong></span> <span class='ocrx_word' id='word_1_592' title='bbox 2967 3775 3050 3832; x_wconf 89' lang='lat' dir='ltr'><strong>eis</strong></span> <span class='ocrx_word' id='word_1_593' title='bbox 3087 3774 3230 3831; x_wconf 89' lang='lat' dir='ltr'><strong>desit</strong></span> <span class='ocrx_word' id='word_1_594' title='bbox 3281 3790 3394 3830; x_wconf 89' lang='lat' dir='ltr'><strong>non</strong></span> 
     </span>
    </p>
   </div>
   <div class='ocr_carea' id='block_1_80' title="bbox 1811 3867 3396 3939">
    <p class='ocr_par' dir='ltr' id='par_1_80' title="bbox 1811 3867 3396 3939">
     <span class='ocr_line' id='line_1_80' title="bbox 1811 3867 3396 3939; baseline 0.001 -17"><span class='ocrx_word' id='word_1_595' title='bbox 1811 3868 2159 3939; x_wconf 87' lang='lat' dir='ltr'><strong>intelligunt,</strong></span> <span class='ocrx_word' id='word_1_596' title='bbox 2196 3869 2307 3923; x_wconf 85' lang='lat' dir='ltr'><strong>imo</strong></span> <span class='ocrx_word' id='word_1_597' title='bbox 2344 3868 2439 3939; x_wconf 92' lang='lat' dir='ltr'><strong>qui</strong></span> <span class='ocrx_word' id='word_1_598' title='bbox 2472 3884 2582 3923; x_wconf 87' lang='lat' dir='ltr'><strong>non</strong></span> <span class='ocrx_word' id='word_1_599' title='bbox 2620 3876 2851 3939; x_wconf 88' lang='lat' dir='ltr'><strong>possunt</strong></span> <span class='ocrx_word' id='word_1_600' title='bbox 2880 3867 3023 3922; x_wconf 85' lang='lat' dir='ltr'><strong>hanc</strong></span> <span class='ocrx_word' id='word_1_601' title='bbox 3064 3868 3396 3938; x_wconf 86' lang='lat' dir='ltr'><strong>relinquere,</strong></span> 
     </span>
    </p>
   </div>
   <div class='ocr_carea' id='block_1_81' title="bbox 1812 3960 3397 4030">
    <p class='ocr_par' dir='ltr' id='par_1_81' title="bbox 1812 3960 3397 4030">
     <span class='ocr_line' id='line_1_81' title="bbox 1812 3960 3397 4030; baseline -0.001 -15"><span class='ocrx_word' id='word_1_602' title='bbox 1812 3967 1867 4015; x_wconf 87' lang='lat' dir='ltr'><strong>et</strong></span> <span class='ocrx_word' id='word_1_603' title='bbox 1898 3961 2081 4030; x_wconf 89' lang='lat' dir='ltr'><strong>potius</strong></span> <span class='ocrx_word' id='word_1_604' title='bbox 2111 3974 2177 4015; x_wconf 90' lang='lat' dir='ltr'><strong>ac</strong></span> <span class='ocrx_word' id='word_1_605' title='bbox 2204 3960 2468 4016; x_wconf 88' lang='lat' dir='ltr'><strong>libentius</strong></span> <span class='ocrx_word' id='word_1_606' title='bbox 2506 3960 2821 4014; x_wconf 86' lang='lat' dir='ltr'><strong>desinerent</strong></span> <span class='ocrx_word' id='word_1_607' title='bbox 2879 3968 3027 4015; x_wconf 90' lang='lat' dir='ltr'><strong>recte</strong></span> <span class='ocrx_word' id='word_1_608' title='bbox 3072 3961 3256 4016; x_wconf 88' lang='lat' dir='ltr'><strong>valere</strong></span> <span class='ocrx_word' id='word_1_609' title='bbox 3279 4000 3296 4027; x_wconf 91' lang='lat'><strong>,</strong></span> <span class='ocrx_word' id='word_1_610' title='bbox 3341 3969 3397 4017; x_wconf 89' lang='lat' dir='ltr'><strong>et</strong></span> 
     </span>
    </p>
   </div>
   <div class='ocr_carea' id='block_1_82' title="bbox 1813 4051 3109 4124">
    <p class='ocr_par' dir='ltr' id='par_1_82' title="bbox 1813 4051 3109 4124">
     <span class='ocr_line' id='line_1_82' title="bbox 1813 4051 3109 4124; baseline 0.001 -18"><span class='ocrx_word' id='word_1_611' title='bbox 1813 4052 2038 4124; x_wconf 67' lang='lat' dir='ltr'><strong>mallent</strong></span> <span class='ocrx_word' id='word_1_612' title='bbox 2068 4051 2272 4123; x_wconf 82' lang='lat' dir='ltr'><strong>frigora</strong></span> <span class='ocrx_word' id='word_1_613' title='bbox 2300 4058 2354 4107; x_wconf 91' lang='lat' dir='ltr'><strong>et</strong></span> <span class='ocrx_word' id='word_1_614' title='bbox 2381 4051 2632 4107; x_wconf 89' lang='lat' dir='ltr'><strong>ardorem</strong></span> <span class='ocrx_word' id='word_1_615' title='bbox 2677 4051 2811 4105; x_wconf 90' lang='lat' dir='ltr'><strong>solis</strong></span> <span class='ocrx_word' id='word_1_616' title='bbox 2850 4051 3109 4107; x_wconf 89' lang='lat' dir='ltr'><strong>tolerare.</strong></span> 
     </span>
    </p>
   </div>
   <div class='ocr_carea' id='block_1_83' title="bbox 700 4202 2791 4280">
    <p class='ocr_par' dir='ltr' id='par_1_83' title="bbox 700 4202 2791 4280">
     <span class='ocr_line' id='line_1_83' title="bbox 700 4202 2791 4280; baseline 0.003 -23"><span class='ocrx_word' id='word_1_617' title='bbox 700 4202 830 4259; x_wconf 73' lang='lat' dir='ltr'><strong>CAP.</strong></span> <span class='ocrx_word' id='word_1_618' title='bbox 868 4203 962 4259; x_wconf 81' lang='lat' dir='ltr'><strong>XI.</strong></span> <span class='ocrx_word' id='word_1_619' title='bbox 996 4205 1310 4261; x_wconf 83' lang='lat' dir='ltr'><strong>Communia</strong></span> <span class='ocrx_word' id='word_1_620' title='bbox 1340 4206 1595 4262; x_wconf 87' lang='lat' dir='ltr'><strong>bonorum</strong></span> <span class='ocrx_word' id='word_1_621' title='bbox 1628 4215 1678 4262; x_wconf 85' lang='lat' dir='ltr'><strong>et</strong></span> <span class='ocrx_word' id='word_1_622' title='bbox 1717 4209 2001 4263; x_wconf 84' lang='lat' dir='ltr'><strong>malorum.</strong></span> <span class='ocrx_word' id='word_1_623' title='bbox 2040 4208 2193 4264; x_wconf 85' lang='lat' dir='ltr'><strong>Bella</strong></span> <span class='ocrx_word' id='word_1_624' title='bbox 2229 4226 2325 4264; x_wconf 88' lang='lat' dir='ltr'><strong>cur</strong></span> <span class='ocrx_word' id='word_1_625' title='bbox 2354 4208 2497 4265; x_wconf 80' lang='lat' dir='ltr'><strong>Deus</strong></span> <span class='ocrx_word' id='word_1_626' title='bbox 2532 4210 2791 4280; x_wconf 79' lang='lat' dir='ltr'><strong>permittit</strong></span> 
     </span>
    </p>
   </div>
   <div class='ocr_carea' id='block_1_84' title="bbox 192 4342 1712 4416">
    <p class='ocr_par' dir='ltr' id='par_1_84' title="bbox 192 4342 1712 4416">
     <span class='ocr_line' id='line_1_84' title="bbox 192 4342 1712 4416; baseline 0.001 -19"><span class='ocrx_word' id='word_1_627' title='bbox 192 4344 305 4397; x_wconf 77' lang='grc' dir='ltr'><strong>Καὶ</strong></span> <span class='ocrx_word' id='word_1_628' title='bbox 331 4343 468 4414; x_wconf 84' lang='grc' dir='ltr'><strong>πρός</strong></span> <span class='ocrx_word' id='word_1_629' title='bbox 501 4360 566 4412; x_wconf 88' lang='grc' dir='ltr'><strong>γε</strong></span> <span class='ocrx_word' id='word_1_630' title='bbox 590 4342 651 4397; x_wconf 73' lang='grc' dir='ltr'><strong>τὸ</strong></span> <span class='ocrx_word' id='word_1_631' title='bbox 689 4343 788 4415; x_wconf 80' lang='grc' dir='ltr'><strong>ζῇν</strong></span> <span class='ocrx_word' id='word_1_632' title='bbox 821 4343 996 4407; x_wconf 76' lang='grc' dir='ltr'><strong>οὐδεὶς</strong></span> <span class='ocrx_word' id='word_1_633' title='bbox 1016 4344 1228 4408; x_wconf 77' lang='grc' dir='ltr'><strong>οὐδενὸς</strong></span> <span class='ocrx_word' id='word_1_634' title='bbox 1248 4344 1408 4398; x_wconf 81' lang='grc' dir='ltr'><strong>πλέον</strong></span> <span class='ocrx_word' id='word_1_635' title='bbox 1426 4343 1539 4416; x_wconf 74' lang='grc' dir='ltr'><strong>ἔχει</strong></span> <span class='ocrx_word' id='word_1_636' title='bbox 1570 4344 1712 4398; x_wconf 91' lang='grc' dir='ltr'><strong>κατά</strong></span> 
     </span>
    </p>
   </div>
   <div class='ocr_carea' id='block_1_85' title="bbox 123 4417 1784 4506">
    <p class='ocr_par' dir='ltr' id='par_1_85' title="bbox 123 4417 1784 4506">
     <span class='ocr_line' id='line_1_85' title="bbox 123 4417 1784 4506; baseline 0.002 -19"><span class='ocrx_word' id='word_1_637' title='bbox 123 4434 214 4487; x_wconf 83' lang='grc' dir='ltr'><strong>τὸν</strong></span> <span class='ocrx_word' id='word_1_638' title='bbox 276 4434 390 4505; x_wconf 83' lang='grc' dir='ltr'><strong>βίον</strong></span> <span class='ocrx_word' id='word_1_639' title='bbox 414 4453 426 4465; x_wconf 81' lang='lat'><strong>-</strong></span> <span class='ocrx_word' id='word_1_640' title='bbox 479 4435 654 4487; x_wconf 76' lang='grc' dir='ltr'><strong>κοιναὶ</strong></span> <span class='ocrx_word' id='word_1_641' title='bbox 685 4436 783 4505; x_wconf 82' lang='grc' dir='ltr'><strong>μὲν</strong></span> <span class='ocrx_word' id='word_1_642' title='bbox 826 4434 935 4506; x_wconf 84' lang='grc' dir='ltr'><strong>γάρ</strong></span> <span class='ocrx_word' id='word_1_643' title='bbox 970 4437 1135 4489; x_wconf 81' lang='grc' dir='ltr'><strong>πᾶσιν</strong></span> <span class='ocrx_word' id='word_1_644' title='bbox 1172 4437 1230 4489; x_wconf 90' lang='grc' dir='ltr'><strong>αί</strong></span> <span class='ocrx_word' id='word_1_645' title='bbox 1270 4437 1495 4504; x_wconf 57' lang='grc' dir='ltr'><strong>φυσικαὶ⁵</strong></span> <span class='ocrx_word' id='word_1_646' title='bbox 1522 4436 1708 4490; x_wconf 88' lang='grc' dir='ltr'><strong>διανα-</strong></span> <span class='ocrx_word' id='word_1_647' title='bbox 1742 4417 1784 4471; x_wconf 68' lang='grc' dir='ltr'><strong>θ</strong></span> 
     </span>
    </p>
   </div>
   <div class='ocr_carea' id='block_1_86' title="bbox 124 4526 1710 4599">
    <p class='ocr_par' dir='ltr' id='par_1_86' title="bbox 124 4526 1710 4599">
     <span class='ocr_line' id='line_1_86' title="bbox 124 4526 1710 4599; baseline 0.002 -20"><span class='ocrx_word' id='word_1_648' title='bbox 124 4526 356 4589; x_wconf 89' lang='grc' dir='ltr'><strong>παύσεις</strong></span> <span class='ocrx_word' id='word_1_649' title='bbox 378 4526 713 4580; x_wconf 85' lang='grc' dir='ltr'><strong>ἀνακλίσεὼν</strong></span> <span class='ocrx_word' id='word_1_650' title='bbox 741 4544 801 4580; x_wconf 86' lang='grc' dir='ltr'><strong>τε</strong></span> <span class='ocrx_word' id='word_1_651' title='bbox 835 4528 929 4581; x_wconf 81' lang='grc' dir='ltr'><strong>καὶ</strong></span> <span class='ocrx_word' id='word_1_652' title='bbox 959 4526 1162 4590; x_wconf 77' lang='grc' dir='ltr'><strong>ὕπνων,</strong></span> <span class='ocrx_word' id='word_1_653' title='bbox 1211 4528 1386 4581; x_wconf 78' lang='grc' dir='ltr'><strong>κοιναὶ</strong></span> <span class='ocrx_word' id='word_1_654' title='bbox 1413 4528 1469 4581; x_wconf 80' lang='grc' dir='ltr'><strong>δὲ</strong></span> <span class='ocrx_word' id='word_1_655' title='bbox 1511 4529 1710 4599; x_wconf 76' lang='grc' dir='ltr'><strong>τροφαὶ</strong></span> 
     </span>
    </p>
   </div>
   <div class='ocr_carea' id='block_1_87' title="bbox 122 4618 1714 4690">
    <p class='ocr_par' dir='ltr' id='par_1_87' title="bbox 122 4618 1714 4690">
     <span class='ocr_line' id='line_1_87' title="bbox 122 4618 1714 4690; baseline 0.001 -19"><span class='ocrx_word' id='word_1_656' title='bbox 122 4621 219 4672; x_wconf 69' lang='grc' dir='ltr'><strong>καὶ</strong></span> <span class='ocrx_word' id='word_1_657' title='bbox 241 4618 592 4683; x_wconf 86' lang='grc' dir='ltr'><strong>ἀπολαύσεις,</strong></span> <span class='ocrx_word' id='word_1_658' title='bbox 635 4619 781 4682; x_wconf 76' lang='grc' dir='ltr'><strong>εἴτις</strong></span> <span class='ocrx_word' id='word_1_659' title='bbox 808 4620 867 4672; x_wconf 81' lang='grc' dir='ltr'><strong>τὸ</strong></span> <span class='ocrx_word' id='word_1_660' title='bbox 899 4618 999 4690; x_wconf 81' lang='grc' dir='ltr'><strong>μὲν</strong></span> <span class='ocrx_word' id='word_1_661' title='bbox 1034 4619 1287 4689; x_wconf 72' lang='grc' dir='ltr'><strong>διάφορον</strong></span> <span class='ocrx_word' id='word_1_662' title='bbox 1316 4619 1552 4683; x_wconf 84' lang='grc' dir='ltr'><strong>συνετῶς</strong></span> <span class='ocrx_word' id='word_1_663' title='bbox 1573 4637 1714 4688; x_wconf 89' lang='grc' dir='ltr'><strong>παρ-</strong></span> 
     </span>
    </p>
   </div>
   <div class='ocr_carea' id='block_1_88' title="bbox 123 4710 1714 4783">
    <p class='ocr_par' dir='ltr' id='par_1_88' title="bbox 123 4710 1714 4783">
     <span class='ocr_line' id='line_1_88' title="bbox 123 4710 1714 4783; baseline 0 -20"><span class='ocrx_word' id='word_1_664' title='bbox 123 4712 292 4774; x_wconf 86' lang='grc' dir='ltr'><strong>έλθοι,</strong></span> <span class='ocrx_word' id='word_1_665' title='bbox 323 4710 425 4783; x_wconf 83' lang='grc' dir='ltr'><strong>τὴν</strong></span> <span class='ocrx_word' id='word_1_666' title='bbox 474 4711 531 4765; x_wconf 81' lang='grc' dir='ltr'><strong>δὲ</strong></span> <span class='ocrx_word' id='word_1_667' title='bbox 562 4714 756 4783; x_wconf 80' lang='grc' dir='ltr'><strong>χρῆσιν</strong></span> <span class='ocrx_word' id='word_1_668' title='bbox 783 4714 849 4781; x_wconf 80' lang='grc' dir='ltr'><strong>τῇ</strong></span> <span class='ocrx_word' id='word_1_669' title='bbox 890 4710 1136 4782; x_wconf 74' lang='grc' dir='ltr'><strong>αἰσθήσει</strong></span> <span class='ocrx_word' id='word_1_670' title='bbox 1186 4710 1501 4780; x_wconf 76' lang='grc' dir='ltr'><strong>δοκιμάζοι·</strong></span> <span class='ocrx_word' id='word_1_671' title='bbox 1536 4712 1714 4764; x_wconf 73' lang='grc' dir='ltr'><strong>κοιναὶ</strong></span> 
     </span>
    </p>
   </div>
   <div class='ocr_carea' id='block_1_89' title="bbox 123 4801 1712 4875">
    <p class='ocr_par' dir='ltr' id='par_1_89' title="bbox 123 4801 1712 4875">
     <span class='ocr_line' id='line_1_89' title="bbox 123 4801 1712 4875; baseline -0.001 -19"><span class='ocrx_word' id='word_1_672' title='bbox 123 4801 180 4856; x_wconf 85' lang='grc' dir='ltr'><strong>δὲ</strong></span> <span class='ocrx_word' id='word_1_673' title='bbox 220 4804 325 4856; x_wconf 79' lang='grc' dir='ltr'><strong>οὐκ</strong></span> <span class='ocrx_word' id='word_1_674' title='bbox 378 4802 595 4857; x_wconf 75' lang='grc' dir='ltr'><strong>ἔλαττον</strong></span> <span class='ocrx_word' id='word_1_675' title='bbox 625 4802 868 4875; x_wconf 84' lang='grc' dir='ltr'><strong>ἀκριϐῶς</strong></span> <span class='ocrx_word' id='word_1_676' title='bbox 906 4803 1000 4856; x_wconf 73' lang='grc' dir='ltr'><strong>καὶ</strong></span> <span class='ocrx_word' id='word_1_677' title='bbox 1022 4803 1076 4855; x_wconf 89' lang='grc' dir='ltr'><strong>αί</strong></span> <span class='ocrx_word' id='word_1_678' title='bbox 1106 4801 1274 4855; x_wconf 91' lang='grc' dir='ltr'><strong>λύπαι</strong></span> <span class='ocrx_word' id='word_1_679' title='bbox 1302 4802 1491 4872; x_wconf 77' lang='grc' dir='ltr'><strong>ψυχῶν</strong></span> <span class='ocrx_word' id='word_1_680' title='bbox 1524 4820 1585 4855; x_wconf 90' lang='grc' dir='ltr'><strong>τε</strong></span> <span class='ocrx_word' id='word_1_681' title='bbox 1618 4803 1712 4855; x_wconf 77' lang='grc' dir='ltr'><strong>καὶ</strong></span> 
     </span>
    </p>
   </div>
   <div class='ocr_carea' id='block_1_90' title="bbox 127 4892 1714 4968">
    <p class='ocr_par' dir='ltr' id='par_1_90' title="bbox 127 4892 1714 4968">
     <span class='ocr_line' id='line_1_90' title="bbox 127 4892 1714 4968; baseline -0.001 -22"><span class='ocrx_word' id='word_1_682' title='bbox 127 4895 401 4965; x_wconf 84' lang='grc' dir='ltr'><strong>σωμάτων</strong></span> <span class='ocrx_word' id='word_1_683' title='bbox 424 4911 437 4923; x_wconf 94' lang='grc'><strong>·</strong></span> <span class='ocrx_word' id='word_1_684' title='bbox 471 4896 567 4949; x_wconf 78' lang='grc' dir='ltr'><strong>καὶ</strong></span> <span class='ocrx_word' id='word_1_685' title='bbox 594 4896 793 4966; x_wconf 81' lang='grc' dir='ltr'><strong>μᾶλλον</strong></span> <span class='ocrx_word' id='word_1_686' title='bbox 822 4894 1071 4968; x_wconf 78' lang='grc' dir='ltr'><strong>εὑρεθείη</strong></span> <span class='ocrx_word' id='word_1_687' title='bbox 1113 4912 1195 4958; x_wconf 91' lang='grc' dir='ltr'><strong>τις</strong></span> <span class='ocrx_word' id='word_1_688' title='bbox 1226 4892 1293 4947; x_wconf 87' lang='grc' dir='ltr'><strong>ἂν</strong></span> <span class='ocrx_word' id='word_1_689' title='bbox 1316 4893 1522 4947; x_wconf 90' lang='grc' dir='ltr'><strong>τούτων</strong></span> <span class='ocrx_word' id='word_1_690' title='bbox 1548 4895 1714 4963; x_wconf 81' lang='grc' dir='ltr'><strong>ὑπερ-</strong></span> 
     </span>
    </p>
   </div>
   <div class='ocr_carea' id='block_1_91' title="bbox 136 4984 1707 5058">
    <p class='ocr_par' dir='ltr' id='par_1_91' title="bbox 136 4984 1707 5058">
     <span class='ocr_line' id='line_1_91' title="bbox 136 4984 1707 5058; baseline -0.001 -18"><span class='ocrx_word' id='word_1_691' title='bbox 136 4985 258 5058; x_wconf 73' lang='grc' dir='ltr'><strong>ὂολὴ</strong></span> <span class='ocrx_word' id='word_1_692' title='bbox 285 4986 438 5058; x_wconf 84' lang='grc' dir='ltr'><strong>παρὰ</strong></span> <span class='ocrx_word' id='word_1_693' title='bbox 464 4990 576 5052; x_wconf 85' lang='grc' dir='ltr'><strong>τοῖς</strong></span> <span class='ocrx_word' id='word_1_694' title='bbox 610 4988 772 5041; x_wconf 85' lang='grc' dir='ltr'><strong>πλέον</strong></span> <span class='ocrx_word' id='word_1_695' title='bbox 810 4987 951 5039; x_wconf 83' lang='grc' dir='ltr'><strong>κατά</strong></span> <span class='ocrx_word' id='word_1_696' title='bbox 986 4987 1077 5039; x_wconf 82' lang='grc' dir='ltr'><strong>τὸν</strong></span> <span class='ocrx_word' id='word_1_697' title='bbox 1108 4985 1220 5055; x_wconf 89' lang='grc' dir='ltr'><strong>βίον</strong></span> <span class='ocrx_word' id='word_1_698' title='bbox 1267 4984 1411 5056; x_wconf 73' lang='grc' dir='ltr'><strong>ἔχειν</strong></span> <span class='ocrx_word' id='word_1_699' title='bbox 1437 4984 1707 5039; x_wconf 85' lang='grc' dir='ltr'><strong>δοκοῦσιν.</strong></span> 
     </span>
    </p>
   </div>
   <div class='ocr_carea' id='block_1_92' title="bbox 133 5073 1709 5144">
    <p class='ocr_par' dir='ltr' id='par_1_92' title="bbox 133 5073 1709 5144">
     <span class='ocr_line' id='line_1_92' title="bbox 133 5073 1709 5144; baseline -0.002 -16"><span class='ocrx_word' id='word_1_700' title='bbox 133 5075 295 5129; x_wconf 79' lang='grc' dir='ltr'><strong>Ὥστε</strong></span> <span class='ocrx_word' id='word_1_701' title='bbox 345 5077 439 5129; x_wconf 75' lang='grc' dir='ltr'><strong>καὶ</strong></span> <span class='ocrx_word' id='word_1_702' title='bbox 480 5075 685 5130; x_wconf 90' lang='grc' dir='ltr'><strong>τούτων</strong></span> <span class='ocrx_word' id='word_1_703' title='bbox 735 5076 878 5130; x_wconf 75' lang='grc' dir='ltr'><strong>κατά</strong></span> <span class='ocrx_word' id='word_1_704' title='bbox 916 5076 978 5128; x_wconf 78' lang='grc' dir='ltr'><strong>τὸ</strong></span> <span class='ocrx_word' id='word_1_705' title='bbox 1013 5074 1211 5144; x_wconf 84' lang='grc' dir='ltr'><strong>ἀληθὲς</strong></span> <span class='ocrx_word' id='word_1_706' title='bbox 1239 5073 1411 5139; x_wconf 80' lang='grc' dir='ltr'><strong>οὕτως</strong></span> <span class='ocrx_word' id='word_1_707' title='bbox 1457 5076 1709 5144; x_wconf 80' lang='grc' dir='ltr'><strong>ἐχόντων,</strong></span> 
     </span>
    </p>
   </div>
   <div class='ocr_carea' id='block_1_93' title="bbox 132 5164 1713 5238">
    <p class='ocr_par' dir='ltr' id='par_1_93' title="bbox 132 5164 1713 5238">
     <span class='ocr_line' id='line_1_93' title="bbox 132 5164 1713 5238; baseline -0.001 -18"><span class='ocrx_word' id='word_1_708' title='bbox 132 5167 234 5221; x_wconf 86' lang='grc' dir='ltr'><strong>ποῦ</strong></span> <span class='ocrx_word' id='word_1_709' title='bbox 259 5168 327 5222; x_wconf 81' lang='grc' dir='ltr'><strong>ἂν</strong></span> <span class='ocrx_word' id='word_1_710' title='bbox 350 5167 436 5238; x_wconf 76' lang='grc' dir='ltr'><strong>εἴη</strong></span> <span class='ocrx_word' id='word_1_711' title='bbox 473 5168 535 5222; x_wconf 82' lang='grc' dir='ltr'><strong>τὸ</strong></span> <span class='ocrx_word' id='word_1_712' title='bbox 558 5168 739 5223; x_wconf 86' lang='grc' dir='ltr'><strong>άνισον</strong></span> <span class='ocrx_word' id='word_1_713' title='bbox 785 5168 885 5238; x_wconf 83' lang='grc' dir='ltr'><strong>τῆς</strong></span> <span class='ocrx_word' id='word_1_714' title='bbox 921 5166 1015 5222; x_wconf 85' lang='grc' dir='ltr'><strong>τοῦ</strong></span> <span class='ocrx_word' id='word_1_715' title='bbox 1058 5164 1192 5219; x_wconf 86' lang='grc' dir='ltr'><strong>Θεοῦ</strong></span> <span class='ocrx_word' id='word_1_716' title='bbox 1219 5166 1558 5237; x_wconf 77' lang='grc' dir='ltr'><strong>διοικήσεως,</strong></span> <span class='ocrx_word' id='word_1_717' title='bbox 1590 5184 1713 5220; x_wconf 89' lang='grc' dir='ltr'><strong>ποι-</strong></span> 
     </span>
    </p>
   </div>
   <div class='ocr_carea' id='block_1_94' title="bbox 131 5257 1712 5332">
    <p class='ocr_par' dir='ltr' id='par_1_94' title="bbox 131 5257 1712 5332">
     <span class='ocr_line' id='line_1_94' title="bbox 131 5257 1712 5332; baseline -0.001 -19"><span class='ocrx_word' id='word_1_718' title='bbox 131 5260 342 5326; x_wconf 88' lang='grc' dir='ltr'><strong>κιλίαν,</strong></span> <span class='ocrx_word' id='word_1_719' title='bbox 395 5262 495 5315; x_wconf 85' lang='grc' dir='ltr'><strong>ούκ</strong></span> <span class='ocrx_word' id='word_1_720' title='bbox 536 5261 827 5332; x_wconf 87' lang='grc' dir='ltr'><strong>ἀνισότητα</strong></span> <span class='ocrx_word' id='word_1_721' title='bbox 876 5264 988 5324; x_wconf 88' lang='grc' dir='ltr'><strong>τοῖς</strong></span> <span class='ocrx_word' id='word_1_722' title='bbox 1027 5258 1146 5313; x_wconf 85' lang='grc' dir='ltr'><strong>καθ’</strong></span> <span class='ocrx_word' id='word_1_723' title='bbox 1178 5259 1326 5330; x_wconf 81' lang='grc' dir='ltr'><strong>ἡμᾶς</strong></span> <span class='ocrx_word' id='word_1_724' title='bbox 1366 5257 1712 5325; x_wconf 86' lang='grc' dir='ltr'><strong>ἀντιθέντος;</strong></span> 
     </span>
    </p>
   </div>
   <div class='ocr_carea' id='block_1_95' title="bbox 130 5349 1718 5423">
    <p class='ocr_par' dir='ltr' id='par_1_95' title="bbox 130 5349 1718 5423">
     <span class='ocr_line' id='line_1_95' title="bbox 130 5349 1718 5423; baseline 0 -20"><span class='ocrx_word' id='word_1_725' title='bbox 130 5350 319 5423; x_wconf 70' lang='grc' dir='ltr'><strong>ἕτερον</strong></span> <span class='ocrx_word' id='word_1_726' title='bbox 354 5351 466 5423; x_wconf 86' lang='grc' dir='ltr'><strong>γὰρ</strong></span> <span class='ocrx_word' id='word_1_727' title='bbox 493 5351 748 5422; x_wconf 85' lang='grc' dir='ltr'><strong>τυγχάνει</strong></span> <span class='ocrx_word' id='word_1_728' title='bbox 793 5350 1034 5404; x_wconf 78' lang='grc' dir='ltr'><strong>ποικιλία</strong></span> <span class='ocrx_word' id='word_1_729' title='bbox 1072 5350 1260 5419; x_wconf 77' lang='grc' dir='ltr'><strong>σοφίας</strong></span> <span class='ocrx_word' id='word_1_730' title='bbox 1294 5350 1353 5403; x_wconf 82' lang='grc' dir='ltr'><strong>έν</strong></span> <span class='ocrx_word' id='word_1_731' title='bbox 1376 5349 1566 5420; x_wconf 81' lang='grc' dir='ltr'><strong>κόσμῳ</strong></span> <span class='ocrx_word' id='word_1_732' title='bbox 1603 5349 1718 5403; x_wconf 56' lang='grc' dir='ltr'><strong>δια*</strong></span> 
     </span>
    </p>
   </div>
   <div class='ocr_carea' id='block_1_96' title="bbox 131 5442 1716 5515">
    <p class='ocr_par' dir='ltr' id='par_1_96' title="bbox 131 5442 1716 5515">
     <span class='ocr_line' id='line_1_96' title="bbox 131 5442 1716 5515; baseline 0.001 -20"><span class='ocrx_word' id='word_1_733' title='bbox 131 5443 442 5514; x_wconf 80' lang='grc' dir='ltr'><strong>πρέπουσα,</strong></span> <span class='ocrx_word' id='word_1_734' title='bbox 505 5445 600 5497; x_wconf 76' lang='grc' dir='ltr'><strong>καὶ</strong></span> <span class='ocrx_word' id='word_1_735' title='bbox 635 5444 818 5515; x_wconf 68' lang='grc' dir='ltr'><strong>ἕτερον</strong></span> <span class='ocrx_word' id='word_1_736' title='bbox 856 5442 1050 5508; x_wconf 81' lang='grc' dir='ltr'><strong>ἀταξία</strong></span> <span class='ocrx_word' id='word_1_737' title='bbox 1079 5442 1417 5514; x_wconf 87' lang='grc' dir='ltr'><strong>διοικήσεως.</strong></span> <span class='ocrx_word' id='word_1_738' title='bbox 1452 5443 1517 5496; x_wconf 89' lang='grc' dir='ltr'><strong>Εί</strong></span> <span class='ocrx_word' id='word_1_739' title='bbox 1546 5442 1604 5496; x_wconf 84' lang='grc' dir='ltr'><strong>δέ</strong></span> <span class='ocrx_word' id='word_1_740' title='bbox 1634 5460 1716 5507; x_wconf 93' lang='grc' dir='ltr'><strong>τις</strong></span> 
     </span>
    </p>
   </div>
   <div class='ocr_carea' id='block_1_97' title="bbox 132 5534 1715 5608">
    <p class='ocr_par' dir='ltr' id='par_1_97' title="bbox 132 5534 1715 5608">
     <span class='ocr_line' id='line_1_97' title="bbox 132 5534 1715 5608; baseline 0.001 -19"><span class='ocrx_word' id='word_1_741' title='bbox 132 5534 290 5607; x_wconf 74' lang='grc' dir='ltr'><strong>εὖροι</strong></span> <span class='ocrx_word' id='word_1_742' title='bbox 330 5534 396 5590; x_wconf 80' lang='grc' dir='ltr'><strong>ἂν</strong></span> <span class='ocrx_word' id='word_1_743' title='bbox 442 5537 567 5599; x_wconf 81' lang='grc' dir='ltr'><strong>τοὺς</strong></span> <span class='ocrx_word' id='word_1_744' title='bbox 616 5535 714 5607; x_wconf 83' lang='grc' dir='ltr'><strong>μὲν</strong></span> <span class='ocrx_word' id='word_1_745' title='bbox 743 5534 973 5599; x_wconf 84' lang='grc' dir='ltr'><strong>ἀπαθεῖς</strong></span> <span class='ocrx_word' id='word_1_746' title='bbox 1017 5535 1180 5605; x_wconf 85' lang='grc' dir='ltr'><strong>φύσει</strong></span> <span class='ocrx_word' id='word_1_747' title='bbox 1231 5534 1341 5589; x_wconf 90' lang='grc' dir='ltr'><strong>τῶν</strong></span> <span class='ocrx_word' id='word_1_748' title='bbox 1384 5534 1715 5608; x_wconf 85' lang='grc' dir='ltr'><strong>ἀνθρώπων,</strong></span> 
     </span>
    </p>
   </div>
   <div class='ocr_carea' id='block_1_98' title="bbox 206 5673 1702 5746">
    <p class='ocr_par' dir='ltr' id='par_1_98' title="bbox 206 5673 1702 5746">
     <span class='ocr_line' id='line_1_98' title="bbox 206 5673 1702 5746; baseline -0.003 -15"><span class='ocrx_word' id='word_1_749' title='bbox 206 5674 348 5746; x_wconf 77' lang='lat'><strong>(30‘)</strong></span> <span class='ocrx_word' id='word_1_750' title='bbox 386 5676 580 5742; x_wconf 70' lang='grc' dir='ltr'><strong>Πόνῳ.</strong></span> <span class='ocrx_word' id='word_1_751' title='bbox 611 5674 741 5739; x_wconf 81' lang='lat' dir='ltr'><strong>Post</strong></span> <span class='ocrx_word' id='word_1_752' title='bbox 785 5674 925 5729; x_wconf 83' lang='lat' dir='ltr'><strong>hanc</strong></span> <span class='ocrx_word' id='word_1_753' title='bbox 970 5688 1157 5727; x_wconf 90' lang='lat' dir='ltr'><strong>vocem</strong></span> <span class='ocrx_word' id='word_1_754' title='bbox 1203 5673 1466 5746; x_wconf 84' lang='lat' dir='ltr'><strong>nonnulla</strong></span> <span class='ocrx_word' id='word_1_755' title='bbox 1509 5673 1702 5746; x_wconf 82' lang='lat' dir='ltr'><strong>deesse</strong></span> 
     </span>
    </p>
   </div>
   <div class='ocr_carea' id='block_1_99' title="bbox 138 5744 1699 5819">
    <p class='ocr_par' dir='ltr' id='par_1_99' title="bbox 138 5744 1699 5819">
     <span class='ocr_line' id='line_1_99' title="bbox 138 5744 1699 5819; baseline -0.005 -16"><span class='ocrx_word' id='word_1_756' title='bbox 138 5744 414 5803; x_wconf 80' lang='lat' dir='ltr'><strong>videntur.</strong></span> <span class='ocrx_word' id='word_1_757' title='bbox 445 5746 598 5817; x_wconf 69' lang='lat' dir='ltr'><strong>(Quae</strong></span> <span class='ocrx_word' id='word_1_758' title='bbox 630 5762 732 5802; x_wconf 84' lang='lat' dir='ltr'><strong>nos</strong></span> <span class='ocrx_word' id='word_1_759' title='bbox 778 5746 1101 5815; x_wconf 82' lang='lat' dir='ltr'><strong>supplendo,</strong></span> <span class='ocrx_word' id='word_1_760' title='bbox 1134 5744 1291 5799; x_wconf 85' lang='lat' dir='ltr'><strong>uncis</strong></span> <span class='ocrx_word' id='word_1_761' title='bbox 1329 5744 1699 5819; x_wconf 83' lang='lat' dir='ltr'><strong>inclusimus.)</strong></span> 
     </span>
    </p>
   </div>
   <div class='ocr_carea' id='block_1_100' title="bbox 1889 4345 3396 4418">
    <p class='ocr_par' dir='ltr' id='par_1_100' title="bbox 1889 4345 3396 4418">
     <span class='ocr_line' id='line_1_100' title="bbox 1889 4345 3396 4418; baseline 0.003 -21"><span class='ocrx_word' id='word_1_762' title='bbox 1889 4345 2068 4415; x_wconf 82' lang='lat' dir='ltr'><strong>Atque</strong></span> <span class='ocrx_word' id='word_1_763' title='bbox 2112 4345 2179 4401; x_wconf 91' lang='lat' dir='ltr'><strong>ad</strong></span> <span class='ocrx_word' id='word_1_764' title='bbox 2225 4347 2394 4401; x_wconf 90' lang='lat' dir='ltr'><strong>vitam</strong></span> <span class='ocrx_word' id='word_1_765' title='bbox 2439 4345 2760 4418; x_wconf 88' lang='lat' dir='ltr'><strong>degendam,</strong></span> <span class='ocrx_word' id='word_1_766' title='bbox 2793 4361 2856 4401; x_wconf 89' lang='lat' dir='ltr'><strong>ac</strong></span> <span class='ocrx_word' id='word_1_767' title='bbox 2890 4345 3396 4418; x_wconf 80' lang='lat' dir='ltr'><strong>jucunde.quidem</strong></span> 
     </span>
    </p>
   </div>
   <div class='ocr_carea' id='block_1_101' title="bbox 1813 4434 3390 4511">
    <p class='ocr_par' dir='ltr' id='par_1_101' title="bbox 1813 4434 3390 4511">
     <span class='ocr_line' id='line_1_101' title="bbox 1813 4434 3390 4511; baseline 0.001 -20"><span class='ocrx_word' id='word_1_768' title='bbox 1813 4434 2136 4507; x_wconf 83' lang='lat' dir='ltr'><strong>degendam,</strong></span> <span class='ocrx_word' id='word_1_769' title='bbox 2168 4454 2329 4494; x_wconf 88' lang='lat' dir='ltr'><strong>nemo</strong></span> <span class='ocrx_word' id='word_1_770' title='bbox 2377 4439 2502 4510; x_wconf 87' lang='lat' dir='ltr'><strong>plus</strong></span> <span class='ocrx_word' id='word_1_771' title='bbox 2549 4454 2714 4510; x_wconf 89' lang='lat' dir='ltr'><strong>quam</strong></span> <span class='ocrx_word' id='word_1_772' title='bbox 2759 4440 2902 4495; x_wconf 91' lang='lat' dir='ltr'><strong>alius</strong></span> <span class='ocrx_word' id='word_1_773' title='bbox 2940 4439 3114 4511; x_wconf 70' lang='lat' dir='ltr'><strong>,babet</strong></span> <span class='ocrx_word' id='word_1_774' title='bbox 3162 4439 3219 4493; x_wconf 91' lang='lat' dir='ltr'><strong>in</strong></span> <span class='ocrx_word' id='word_1_775' title='bbox 3260 4438 3390 4493; x_wconf 86' lang='lat' dir='ltr'><strong>vita.</strong></span> 
     </span>
    </p>
   </div>
   <div class='ocr_carea' id='block_1_102' title="bbox 1817 4528 3395 4602">
    <p class='ocr_par' dir='ltr' id='par_1_102' title="bbox 1817 4528 3395 4602">
     <span class='ocr_line' id='line_1_102' title="bbox 1817 4528 3395 4602; baseline 0.001 -19"><span class='ocrx_word' id='word_1_776' title='bbox 1817 4528 2143 4584; x_wconf 85' lang='lat' dir='ltr'><strong>Communia</strong></span> <span class='ocrx_word' id='word_1_777' title='bbox 2192 4538 2321 4587; x_wconf 90' lang='lat' dir='ltr'><strong>sunt</strong></span> <span class='ocrx_word' id='word_1_778' title='bbox 2371 4532 2651 4597; x_wconf 90' lang='lat' dir='ltr'><strong>omnibus,</strong></span> <span class='ocrx_word' id='word_1_779' title='bbox 2686 4531 2885 4602; x_wconf 89' lang='lat' dir='ltr'><strong>quibus</strong></span> <span class='ocrx_word' id='word_1_780' title='bbox 2932 4538 3128 4585; x_wconf 89' lang='lat' dir='ltr'><strong>natura</strong></span> <span class='ocrx_word' id='word_1_781' title='bbox 3175 4543 3395 4585; x_wconf 76' lang='lat' dir='ltr'><strong>recrea-</strong></span> 
     </span>
    </p>
   </div>
   <div class='ocr_carea' id='block_1_103' title="bbox 1823 4620 3399 4690">
    <p class='ocr_par' dir='ltr' id='par_1_103' title="bbox 1823 4620 3399 4690">
     <span class='ocr_line' id='line_1_103' title="bbox 1823 4620 3399 4690; baseline 0.002 -20"><span class='ocrx_word' id='word_1_782' title='bbox 1823 4634 1966 4683; x_wconf 91' lang='lat' dir='ltr'><strong>mur,</strong></span> <span class='ocrx_word' id='word_1_783' title='bbox 2006 4620 2393 4676; x_wconf 88' lang='lat' dir='ltr'><strong>accubatioues</strong></span> <span class='ocrx_word' id='word_1_784' title='bbox 2442 4631 2497 4676; x_wconf 92' lang='lat' dir='ltr'><strong>et</strong></span> <span class='ocrx_word' id='word_1_785' title='bbox 2543 4620 2795 4690; x_wconf 88' lang='lat' dir='ltr'><strong>epulares</strong></span> <span class='ocrx_word' id='word_1_786' title='bbox 2828 4621 3037 4687; x_wconf 88' lang='lat' dir='ltr'><strong>somni;</strong></span> <span class='ocrx_word' id='word_1_787' title='bbox 3080 4620 3399 4675; x_wconf 83' lang='lat' dir='ltr'><strong>communia</strong></span> 
     </span>
    </p>
   </div>
   <div class='ocr_carea' id='block_1_104' title="bbox 1820 4709 3399 4783">
    <p class='ocr_par' dir='ltr' id='par_1_104' title="bbox 1820 4709 3399 4783">
     <span class='ocr_line' id='line_1_104' title="bbox 1820 4709 3399 4783; baseline 0.004 -22"><span class='ocrx_word' id='word_1_788' title='bbox 1820 4709 2101 4774; x_wconf 88' lang='lat' dir='ltr'><strong>alimenta,</strong></span> <span class='ocrx_word' id='word_1_789' title='bbox 2126 4718 2181 4766; x_wconf 92' lang='lat' dir='ltr'><strong>et</strong></span> <span class='ocrx_word' id='word_1_790' title='bbox 2207 4726 2398 4767; x_wconf 90' lang='lat' dir='ltr'><strong>eorum</strong></span> <span class='ocrx_word' id='word_1_791' title='bbox 2431 4710 2644 4767; x_wconf 81' lang='lat' dir='ltr'><strong>fructus</strong></span> <span class='ocrx_word' id='word_1_792' title='bbox 2672 4727 2736 4766; x_wconf 81' lang='lat' dir='ltr'><strong>ac</strong></span> <span class='ocrx_word' id='word_1_793' title='bbox 2760 4711 3161 4781; x_wconf 87' lang='lat' dir='ltr'><strong>jucunditates,</strong></span> <span class='ocrx_word' id='word_1_794' title='bbox 3192 4712 3238 4768; x_wconf 92' lang='lat' dir='ltr'><strong>si</strong></span> <span class='ocrx_word' id='word_1_795' title='bbox 3265 4714 3399 4783; x_wconf 84' lang='lat' dir='ltr'><strong>quis</strong></span> 
     </span>
    </p>
   </div>
   <div class='ocr_carea' id='block_1_105' title="bbox 1819 4801 3393 4875">
    <p class='ocr_par' dir='ltr' id='par_1_105' title="bbox 1819 4801 3393 4875">
     <span class='ocr_line' id='line_1_105' title="bbox 1819 4801 3393 4875; baseline 0.004 -22"><span class='ocrx_word' id='word_1_796' title='bbox 1819 4801 2117 4868; x_wconf 83' lang='lat' dir='ltr'><strong>prudenter</strong></span> <span class='ocrx_word' id='word_1_797' title='bbox 2154 4803 2526 4872; x_wconf 66' lang='lat' dir='ltr'><strong>praestantiam</strong></span> <span class='ocrx_word' id='word_1_798' title='bbox 2558 4802 2777 4873; x_wconf 85' lang='lat' dir='ltr'><strong>quidem</strong></span> <span class='ocrx_word' id='word_1_799' title='bbox 2826 4818 3016 4859; x_wconf 91' lang='lat' dir='ltr'><strong>eorum</strong></span> <span class='ocrx_word' id='word_1_800' title='bbox 3070 4814 3393 4875; x_wconf 60' lang='lat' dir='ltr'><strong>praetereat,</strong></span> 
     </span>
    </p>
   </div>
   <div class='ocr_carea' id='block_1_106' title="bbox 1803 4894 3400 4966">
    <p class='ocr_par' dir='ltr' id='par_1_106' title="bbox 1803 4894 3400 4966">
     <span class='ocr_line' id='line_1_106' title="bbox 1803 4894 3400 4966; baseline 0.006 -22"><span class='ocrx_word' id='word_1_801' title='bbox 1803 4908 1980 4946; x_wconf 88' lang='lat' dir='ltr'><strong>.usum</strong></span> <span class='ocrx_word' id='word_1_802' title='bbox 2014 4908 2141 4947; x_wconf 89' lang='lat' dir='ltr'><strong>vero</strong></span> <span class='ocrx_word' id='word_1_803' title='bbox 2174 4909 2340 4949; x_wconf 89' lang='lat' dir='ltr'><strong>sensu</strong></span> <span class='ocrx_word' id='word_1_804' title='bbox 2372 4895 2685 4965; x_wconf 85' lang='lat' dir='ltr'><strong>experiatur</strong></span> <span class='ocrx_word' id='word_1_805' title='bbox 2708 4902 2762 4950; x_wconf 89' lang='lat' dir='ltr'><strong>et</strong></span> <span class='ocrx_word' id='word_1_806' title='bbox 2807 4895 3020 4966; x_wconf 91' lang='lat' dir='ltr'><strong>probet.</strong></span> <span class='ocrx_word' id='word_1_807' title='bbox 3065 4894 3400 4953; x_wconf 81' lang='lat' dir='ltr'><strong>Communes</strong></span> 
     </span>
    </p>
   </div>
   <div class='ocr_carea' id='block_1_107' title="bbox 1820 4985 3399 5058">
    <p class='ocr_par' dir='ltr' id='par_1_107' title="bbox 1820 4985 3399 5058">
     <span class='ocr_line' id='line_1_107' title="bbox 1820 4985 3399 5058; baseline 0.003 -19"><span class='ocrx_word' id='word_1_808' title='bbox 1820 4985 1949 5039; x_wconf 91' lang='lat' dir='ltr'><strong>item</strong></span> <span class='ocrx_word' id='word_1_809' title='bbox 1979 4992 2107 5040; x_wconf 89' lang='lat' dir='ltr'><strong>sunt</strong></span> <span class='ocrx_word' id='word_1_810' title='bbox 2134 5001 2243 5040; x_wconf 92' lang='lat' dir='ltr'><strong>non</strong></span> <span class='ocrx_word' id='word_1_811' title='bbox 2274 4987 2457 5043; x_wconf 92' lang='lat' dir='ltr'><strong>minus</strong></span> <span class='ocrx_word' id='word_1_812' title='bbox 2485 4999 2673 5043; x_wconf 80' lang='lat' dir='ltr'><strong>exacte</strong></span> <span class='ocrx_word' id='word_1_813' title='bbox 2696 4989 3000 5043; x_wconf 86' lang='lat' dir='ltr'><strong>animarum</strong></span> <span class='ocrx_word' id='word_1_814' title='bbox 3020 4996 3074 5043; x_wconf 92' lang='lat' dir='ltr'><strong>et</strong></span> <span class='ocrx_word' id='word_1_815' title='bbox 3100 5003 3399 5058; x_wconf 85' lang='lat' dir='ltr'><strong>corporum</strong></span> 
     </span>
    </p>
   </div>
   <div class='ocr_carea' id='block_1_108' title="bbox 1817 5076 3396 5149">
    <p class='ocr_par' dir='ltr' id='par_1_108' title="bbox 1817 5076 3396 5149">
     <span class='ocr_line' id='line_1_108' title="bbox 1817 5076 3396 5149; baseline 0.001 -18"><span class='ocrx_word' id='word_1_816' title='bbox 1817 5076 2071 5143; x_wconf 87' lang='lat' dir='ltr'><strong>dolores;</strong></span> <span class='ocrx_word' id='word_1_817' title='bbox 2121 5085 2284 5147; x_wconf 92' lang='lat' dir='ltr'><strong>atque</strong></span> <span class='ocrx_word' id='word_1_818' title='bbox 2305 5079 2360 5131; x_wconf 92' lang='lat' dir='ltr'><strong>in</strong></span> <span class='ocrx_word' id='word_1_819' title='bbox 2386 5077 2471 5134; x_wconf 89' lang='lat' dir='ltr'><strong>his</strong></span> <span class='ocrx_word' id='word_1_820' title='bbox 2505 5079 2723 5149; x_wconf 89' lang='lat' dir='ltr'><strong>quidem</strong></span> <span class='ocrx_word' id='word_1_821' title='bbox 2758 5079 2931 5149; x_wconf 89' lang='lat' dir='ltr'><strong>magis</strong></span> <span class='ocrx_word' id='word_1_822' title='bbox 2964 5079 3271 5149; x_wconf 87' lang='lat' dir='ltr'><strong>reperietur</strong></span> <span class='ocrx_word' id='word_1_823' title='bbox 3299 5093 3396 5139; x_wconf 79' lang='lat' dir='ltr'><strong>ex-</strong></span> 
     </span>
    </p>
   </div>
   <div class='ocr_carea' id='block_1_109' title="bbox 1817 5169 3397 5240">
    <p class='ocr_par' dir='ltr' id='par_1_109' title="bbox 1817 5169 3397 5240">
     <span class='ocr_line' id='line_1_109' title="bbox 1817 5169 3397 5240; baseline 0 -17"><span class='ocrx_word' id='word_1_824' title='bbox 1817 5170 2129 5238; x_wconf 88' lang='lat' dir='ltr'><strong>superantia</strong></span> <span class='ocrx_word' id='word_1_825' title='bbox 2186 5169 2328 5239; x_wconf 90' lang='lat' dir='ltr'><strong>apud</strong></span> <span class='ocrx_word' id='word_1_826' title='bbox 2365 5185 2462 5226; x_wconf 89' lang='lat' dir='ltr'><strong>eos</strong></span> <span class='ocrx_word' id='word_1_827' title='bbox 2519 5172 2614 5240; x_wconf 91' lang='lat' dir='ltr'><strong>qui</strong></span> <span class='ocrx_word' id='word_1_828' title='bbox 2658 5171 2714 5224; x_wconf 93' lang='lat' dir='ltr'><strong>in</strong></span> <span class='ocrx_word' id='word_1_829' title='bbox 2764 5171 2871 5226; x_wconf 88' lang='lat' dir='ltr'><strong>vita</strong></span> <span class='ocrx_word' id='word_1_830' title='bbox 2902 5171 3026 5240; x_wconf 90' lang='lat' dir='ltr'><strong>plus</strong></span> <span class='ocrx_word' id='word_1_831' title='bbox 3058 5170 3262 5226; x_wconf 82' lang='lat' dir='ltr'><strong>habere</strong></span> <span class='ocrx_word' id='word_1_832' title='bbox 3314 5169 3397 5224; x_wconf 81' lang='lat' dir='ltr'><strong>vi-</strong></span> 
     </span>
    </p>
   </div>
   <div class='ocr_carea' id='block_1_110' title="bbox 1816 5258 3393 5331">
    <p class='ocr_par' dir='ltr' id='par_1_110' title="bbox 1816 5258 3393 5331">
     <span class='ocr_line' id='line_1_110' title="bbox 1816 5258 3393 5331; baseline 0.001 -19"><span class='ocrx_word' id='word_1_833' title='bbox 1816 5258 2035 5314; x_wconf 88' lang='lat' dir='ltr'><strong>dentur.</strong></span> <span class='ocrx_word' id='word_1_834' title='bbox 2073 5258 2254 5326; x_wconf 85' lang='lat' dir='ltr'><strong>Quare</strong></span> <span class='ocrx_word' id='word_1_835' title='bbox 2283 5274 2407 5315; x_wconf 91' lang='lat' dir='ltr'><strong>cum</strong></span> <span class='ocrx_word' id='word_1_836' title='bbox 2445 5259 2558 5314; x_wconf 64' lang='lat' dir='ltr'><strong>haec</strong></span> <span class='ocrx_word' id='word_1_837' title='bbox 2580 5260 2655 5313; x_wconf 89' lang='lat' dir='ltr'><strong>ita</strong></span> <span class='ocrx_word' id='word_1_838' title='bbox 2681 5260 2813 5324; x_wconf 87' lang='lat' dir='ltr'><strong>sint,</strong></span> <span class='ocrx_word' id='word_1_839' title='bbox 2843 5260 2933 5314; x_wconf 90' lang='lat' dir='ltr'><strong>ubi</strong></span> <span class='ocrx_word' id='word_1_840' title='bbox 2968 5263 3075 5316; x_wconf 87' lang='lat' dir='ltr'><strong>erit</strong></span> <span class='ocrx_word' id='word_1_841' title='bbox 3112 5260 3393 5331; x_wconf 73' lang='lat' dir='ltr'><strong>inaequali-</strong></span> 
     </span>
    </p>
   </div>
   <div class='ocr_carea' id='block_1_111' title="bbox 1816 5351 3394 5423">
    <p class='ocr_par' dir='ltr' id='par_1_111' title="bbox 1816 5351 3394 5423">
     <span class='ocr_line' id='line_1_111' title="bbox 1816 5351 3394 5423; baseline 0.001 -18"><span class='ocrx_word' id='word_1_842' title='bbox 1816 5361 1898 5408; x_wconf 85' lang='lat' dir='ltr'><strong>tas</strong></span> <span class='ocrx_word' id='word_1_843' title='bbox 1933 5353 1988 5406; x_wconf 92' lang='lat' dir='ltr'><strong>in</strong></span> <span class='ocrx_word' id='word_1_844' title='bbox 2016 5353 2415 5423; x_wconf 88' lang='lat' dir='ltr'><strong>gubernatione</strong></span> <span class='ocrx_word' id='word_1_845' title='bbox 2441 5352 2571 5417; x_wconf 86' lang='lat' dir='ltr'><strong>Dei,</strong></span> <span class='ocrx_word' id='word_1_846' title='bbox 2624 5356 2719 5423; x_wconf 92' lang='lat' dir='ltr'><strong>qui</strong></span> <span class='ocrx_word' id='word_1_847' title='bbox 2748 5353 3065 5408; x_wconf 86' lang='lat' dir='ltr'><strong>varietatem</strong></span> <span class='ocrx_word' id='word_1_848' title='bbox 3090 5392 3107 5418; x_wconf 92' lang='lat'><strong>,</strong></span> <span class='ocrx_word' id='word_1_849' title='bbox 3145 5367 3256 5407; x_wconf 92' lang='lat' dir='ltr'><strong>non</strong></span> <span class='ocrx_word' id='word_1_850' title='bbox 3305 5351 3394 5407; x_wconf 86' lang='lat' dir='ltr'><strong>in-</strong></span> 
     </span>
    </p>
   </div>
   <div class='ocr_carea' id='block_1_112' title="bbox 1817 5443 3397 5515">
    <p class='ocr_par' dir='ltr' id='par_1_112' title="bbox 1817 5443 3397 5515">
     <span class='ocr_line' id='line_1_112' title="bbox 1817 5443 3397 5515; baseline -0.001 -18"><span class='ocrx_word' id='word_1_851' title='bbox 1817 5443 2184 5514; x_wconf 65' lang='lat' dir='ltr'><strong>aequalitatem</strong></span> <span class='ocrx_word' id='word_1_852' title='bbox 2208 5444 2263 5499; x_wconf 91' lang='lat' dir='ltr'><strong>in</strong></span> <span class='ocrx_word' id='word_1_853' title='bbox 2294 5444 2460 5500; x_wconf 90' lang='lat' dir='ltr'><strong>rebus</strong></span> <span class='ocrx_word' id='word_1_854' title='bbox 2480 5445 2687 5500; x_wconf 90' lang='lat' dir='ltr'><strong>nostris</strong></span> <span class='ocrx_word' id='word_1_855' title='bbox 2713 5445 2933 5515; x_wconf 83' lang='lat' dir='ltr'><strong>posuit?</strong></span> <span class='ocrx_word' id='word_1_856' title='bbox 2956 5444 3103 5499; x_wconf 89' lang='lat' dir='ltr'><strong>aliud</strong></span> <span class='ocrx_word' id='word_1_857' title='bbox 3134 5444 3279 5514; x_wconf 79' lang='lat' dir='ltr'><strong>enim</strong></span> <span class='ocrx_word' id='word_1_858' title='bbox 3305 5451 3397 5499; x_wconf 86' lang='lat' dir='ltr'><strong>est</strong></span> 
     </span>
    </p>
   </div>
   <div class='ocr_carea' id='block_1_113' title="bbox 1819 5535 3393 5611">
    <p class='ocr_par' dir='ltr' id='par_1_113' title="bbox 1819 5535 3393 5611">
     <span class='ocr_line' id='line_1_113' title="bbox 1819 5535 3393 5611; baseline 0.003 -21"><span class='ocrx_word' id='word_1_859' title='bbox 1819 5535 2058 5592; x_wconf 87' lang='lat' dir='ltr'><strong>varietas</strong></span> <span class='ocrx_word' id='word_1_860' title='bbox 2087 5536 2366 5606; x_wconf 74' lang='lat' dir='ltr'><strong>sapientia:</strong></span> <span class='ocrx_word' id='word_1_861' title='bbox 2398 5551 2521 5607; x_wconf 70' lang='lat' dir='ltr'><strong>quae</strong></span> <span class='ocrx_word' id='word_1_862' title='bbox 2553 5536 2609 5591; x_wconf 92' lang='lat' dir='ltr'><strong>in</strong></span> <span class='ocrx_word' id='word_1_863' title='bbox 2650 5536 2853 5592; x_wconf 91' lang='lat' dir='ltr'><strong>mundo</strong></span> <span class='ocrx_word' id='word_1_864' title='bbox 2886 5537 3139 5594; x_wconf 84' lang='lat' dir='ltr'><strong>decorem</strong></span> <span class='ocrx_word' id='word_1_865' title='bbox 3180 5536 3393 5611; x_wconf 63' lang='lat' dir='ltr'><strong>habet;</strong></span> 
     </span>
    </p>
   </div>
   <div class='ocr_carea' id='block_1_114' title="bbox 1878 5671 2925 5749">
    <p class='ocr_par' dir='ltr' id='par_1_114' title="bbox 1878 5671 2925 5749">
     <span class='ocr_line' id='line_1_114' title="bbox 1878 5671 2925 5749; baseline 0.001 -22"><span class='ocrx_word' id='word_1_866' title='bbox 1878 5671 1995 5743; x_wconf 75' lang='lat' dir='ltr'><strong>(3i)</strong></span> <span class='ocrx_word' id='word_1_867' title='bbox 2020 5672 2195 5728; x_wconf 79' lang='grc' dir='ltr'><strong>Εἴποι</strong></span> <span class='ocrx_word' id='word_1_868' title='bbox 2228 5689 2312 5745; x_wconf 65' lang='grc' dir='ltr'><strong>γε.</strong></span> <span class='ocrx_word' id='word_1_869' title='bbox 2347 5671 2501 5749; x_wconf 62' lang='lat' dir='ltr'><strong>Vulg:</strong></span> <span class='ocrx_word' id='word_1_870' title='bbox 2531 5672 2735 5728; x_wconf 71' lang='grc' dir='ltr'><strong>ἕποιεν.</strong></span> <span class='ocrx_word' id='word_1_871' title='bbox 2768 5671 2925 5728; x_wconf 82' lang='lat' dir='ltr'><strong>Em.</strong></span> 
     </span>
    </p>
   </div>
  </div>
