3782 6166
414 264 551 320 “35

1555 258 1682 314 I‘lTl
1722 255 2151 314 BOSTRENSIS
2189 253 2499 312 EPISCOPI

3539 255 3679 311 H56

410 383 556 437 aliud
583 382 920 454 perturbatio
946 381 1154 437 ordinis
1198 382 1253 436 in
1304 381 1720 453 gubernatione.
1747 380 1805 435 Si
1859 380 1962 452 qui:

2129 380 2212 443 οὓς
2273 378 2330 432 δὲ
2385 376 2657 449 ἐμπαθεῖς
2718 376 2839 431 καθ’
2899 376 3159 449 ἑκάτερον
3227 375 3405 449 ψυχήν
3458 391 3525 430 τι
3584 377 3682 430 καὶ

408 475 648 545 reperire
668 481 855 545 posset
884 473 1021 529 alios
1052 474 1272 544 quidem
1302 473 1553 529 homines
1584 482 1783 527 natura
1808 473 1876 526 ab
1907 472 1988 526 af-

411 566 742 621 fectionibus
774 567 969 620 animae
1018 574 1072 621 et
1128 566 1372 634 corporis
1422 565 1646 631 liberos,
1677 565 1812 621 alios
1859 580 1988 620 vero

409 675 518 714 non
561 661 792 727 liberos;
829 675 1025 714 rursus
1056 659 1193 714 alios
1232 658 1351 713 sine
1381 658 1507 713 cibo
1534 658 1781 712 viventes
1803 698 1817 723 ,
1852 659 1988 714 alios

408 750 535 804 cibo
568 752 775 804 alentes
805 751 1006 815 vitam;
1052 756 1147 802 aut
1191 748 1326 802 alios
1357 749 1451 818 qui
1482 748 1778 817 nequitiam
1817 750 1989 803 susci-

408 856 537 909 pere
591 857 700 895 non
756 849 1001 910 possent,
1034 841 1172 896 alios
1219 840 1311 910 qui
1368 850 1628 911 possent;
1688 840 1814 894 item
1850 841 1986 896 alios

406 932 703 996 mortales,
751 933 888 987 alios
923 932 1298 987 immortales:
1328 938 1478 987 recte
1517 934 1618 987 iste
1650 932 1988 1001 inmqualita—

404 1033 511 1077 tem
560 1023 975 1094 gubernationis
1010 1024 1470 1094 reprehenderet,
1506 1032 1560 1078 et
1618 1024 1984 1079 turbationem

403 1113 648 1178 ordinis,
694 1113 850 1183 quasi
886 1114 1061 1184 magis
1093 1115 1379 1170 sortitione
1431 1130 1596 1184 quam
1640 1113 1852 1169 ratione
1895 1130 1984 1170 res

400 1217 621 1262 nostras
663 1205 807 1262 Deus
857 1214 1196 1277 procuraret.
1250 1205 1378 1272 Sed,
1411 1208 1457 1262 si
1508 1206 1649 1262 idem
1684 1207 1880 1262 modus
1926 1209 1981 1262 in

2092 471 2284 541 σῶμαο
2359 470 2454 523 καὶ
2510 471 2636 532 τοὺς
2689 470 2787 540 μὲν
2818 470 2943 524 ἀνευ
2983 469 3192 541 τροφῆς
3228 469 3363 540 (διο)
3392 488 3409 502 ·
3459 467 3498 541 ἢ
3550 470 3682 530 τοὺς

2093 561 2193 632 μὲν
2219 560 2603 623 ἀνεπιδέκτους
2631 561 2848 625 κακίας,
2871 560 2997 623 τοὺς
3021 559 3077 613 δὲ
3114 558 3395 623 δεκτικούς
3414 577 3429 590 ⁸
3457 559 3543 613 ἔτι
3572 559 3680 631 μὴν
3708 574 3717 587 ’

2085 654 2215 717 τοὺς
2268 652 2365 724 μὲν
2404 651 2653 723 θνητοὺς,
2693 653 2820 715 τοὺς
2865 652 2922 706 δὲ
2962 651 3294 715 ἀθανάτους·
3337 650 3528 714 καλῶς
3566 650 3683 704 ἀνὰ

2085 744 2329 808 τοιοῦτος
2362 744 2590 809 ἀταξίαν
2614 760 2673 795 τε
2695 746 2790 797 καὶ
2813 743 3106 812 ἀνισότητα
3131 741 3378 796 κατείποι
3413 742 3521 811 τῆς
3544 740 3681 795 διοι-

2087 838 2318 908 κήσεως,
2370 837 2445 901 ώς
2502 835 2886 906 ἀποκληρώσει
2927 836 3033 889 τινὶ
3097 835 3295 906 μᾶλλον
3321 835 3356 905 ἢ
3405 834 3559 905 λόγῳ
3588 834 3679 887 τοῦ

2084 929 2221 984 Θεοῦ
2268 930 2337 983 τά
2401 928 2523 983 καθ’
2551 930 2696 1000 ἡμᾶς
2722 928 3069 991 διοικοῦντος.
3101 928 3164 980 Et
3188 927 3243 980 δὲ
3279 927 3490 998 τρόπος
3523 926 3627 997 μὲν
3653 928 3681 978 δ

2084 1022 2249 1085 αὐτὸς
2294 1024 2409 1085 τοῖς
2470 1023 2605 1074 πᾶσι
2657 1021 2944 1090 γενέσεως,
2998 1020 3096 1091 μία
3137 1019 3193 1072 δὲ
3222 1019 3314 1073 καὶ
3339 1021 3376 1089 ἠ
3403 1019 3553 1089 αὐτὴ
3583 1020 3681 1087 τῆς

2084 1113 2299 1182 φύσεως
2354 1115 2386 1183 ή
2436 1113 2714 1184 ἀνατροφὴ
2742 1151 2756 1176 ,
2816 1112 2927 1165 τῶν
2962 1112 3018 1165 δὲ
3047 1112 3396 1180 ἀναγκαίων,
3434 1106 3516 1165 ὧν
3549 1112 3679 1165 ἄνευ

2084 1209 2342 1278 συστῆναι
2363 1207 2641 1269 ἀδύνατον,
2667 1207 2821 1277 κοινὴ
2855 1209 2967 1269 τοῖς
2991 1205 3194 1259 ἂπασιν
3220 1204 3417 1276 ἐπίσης
3449 1207 3486 1275 ή
3520 1221 3683 1276 χορηο

402 1304 525 1349 ortu
555 1296 838 1358 omnium,
885 1311 993 1349 una
1022 1302 1077 1349 et
1126 1294 1315 1350 eadem
1372 1304 1582 1349 naturae
1609 1294 1895 1358 educatio;
1927 1310 1956 1350 e

2129 1302 2196 1365 ία,
2229 1300 2382 1364 τέλος
2431 1299 2487 1353 δὲ
2532 1299 2641 1352 τῶν
2691 1300 2947 1353 ἀπάντων
2980 1297 3039 1351 ἓν
3078 1297 3171 1351 καὶ
3206 1297 3402 1367 μόνον·
3429 1296 3538 1366 τῆς
3565 1297 3678 1349 ίσό-

400 1403 592 1442 eorum
615 1403 737 1457 quae
767 1389 1079 1443 necessaria
1109 1394 1275 1452 sunt,
1318 1387 1437 1443 sine
1468 1387 1669 1458 quibus
1701 1387 1811 1442 vita
1858 1386 1961 1458 deg

2129 1410 2240 1463 qtoq
2268 1392 2405 1464 πρὸς
2466 1391 2643 1462 ἄκραν
2679 1390 2965 1462 ἀκρίϐειαν
3003 1390 3061 1443 ὲν
3107 1388 3279 1451 ἀπασι
3307 1387 3674 1457 φαινομένης.

401 1496 511 1535 non
540 1488 755 1550 potest,
799 1480 1109 1535 communis
1146 1488 1233 1534 est
1280 1479 1539 1534 omnibus
1568 1495 1632 1534 ex
1669 1494 1826 1550 aequo
1855 1495 1962 1549 sup

2139 1484 2337 1553 τυφλὸς
2356 1483 2635 1547 παντελῶς
2664 1485 2691 1535 ὁ
2716 1482 3016 1535 διαϐάλλων
3046 1482 3125 1544 είς
3151 1480 3378 1546 ἀταξίαν
3402 1478 3503 1532 τοῦ
3537 1478 3673 1532 Θεοῦ

399 1573 696 1643 peditatio;
730 1571 854 1627 ﬁnis
885 1578 1067 1627 autem
1101 1571 1343 1626 omnium
1368 1587 1512 1627 unus
1544 1579 1598 1627 et
1627 1574 1779 1628 solus
1806 1591 1818 1626 :
1853 1587 1962 1626 cun

2129 1593 2176 1647 πν
2237 1576 2514 1647 πρόνοιαν,
2547 1576 2579 1646 ἦ
2618 1575 2832 1646 ἐχθροῖς
2876 1574 3087 1644 ὄμμασι
3127 1570 3377 1643 καθορῶν
3418 1570 3496 1624 τὰ
3530 1570 3673 1642 πρά*

399 1673 660 1737 appareat
688 1679 902 1720 summa
933 1664 1218 1734 aequalitas
1255 1664 1307 1718 in
1346 1666 1602 1722 omnibus
1626 1705 1642 1731 ,
1681 1667 1768 1721 vel
1796 1681 1962 1722 caecus

2129 1685 2282 1733 ιατα,
2297 1670 2495 1739 ἥκιστα
2511 1666 2823 1720 πιστεύεται
2836 1665 3060 1728 δίκαιος.
3080 1666 3142 1718 Εἰ
3155 1663 3264 1735 γὰρ
3276 1665 3309 1733 ὴ
3325 1661 3671 1734 διαφοράτὴν

397 1774 625 1828 prorsus
650 1767 752 1822 est,
786 1757 877 1826 qui
903 1755 993 1811 Dei
1030 1756 1424 1825 providentiam
1456 1765 1718 1829 tanquam
1748 1773 1856 1813 non
1883 1775 1962 1813 or-

2129 1760 2301 1828 ταξίαν
2324 1760 2454 1831 ἔχει,
2477 1760 2539 1813 τὸ
2557 1760 2780 1829 κόσμιον
2791 1759 2890 1828 τῆς
2907 1757 3193 1820 ποικιλίας,
3210 1757 3435 1829 τεχνίτῃ
3450 1773 3521 1824 γε
3540 1773 3673 1808 παν-

397 1848 640 1903 dinatam
674 1854 927 1911 accusat,
973 1847 1057 1901 vel
1094 1847 1269 1901 oculis
1315 1850 1596 1905 malevolis
1648 1857 1701 1906 et
1739 1850 1962 1906 inimici:

2129 1852 2225 1921 ἱφῳ
2245 1852 2365 1905 λίαν
2382 1852 2669 1923 ἁρμόττον,
2689 1852 2717 1903 ὁ
2740 1849 2976 1913 τοιοῦτος
2998 1847 3298 1902 διαϐάλλει.
3317 1848 3432 1900 Καὶ
3464 1844 3671 1917 προῖὼν

398 1954 486 1995 res
516 1940 732 2010 aspicit,
757 1948 812 1995 et
839 1940 908 1994 ob
936 1954 1059 1994 eam
1088 1954 1312 1994 causam
1349 1956 1459 1996 non
1496 1952 1581 1998 est
1627 1942 1824 2013 dignus
1851 1944 1962 2000 ﬁde.

2129 1943 2351 2009 ικιξέτω
2378 1944 2471 1996 καὶ
2502 1942 2560 1995 τὸ
2580 1942 2817 1996 ποικίλον
2833 1941 2939 1994 τῶν
2965 1941 3289 2011 χρωμάτων,
3311 1938 3544 1992 καὶτῶν
3568 1937 3671 1990 ἐδε-

398 2029 635 2099 Etenim,
670 2032 717 2088 si
759 2032 1096 2102 perturbatio
1131 2033 1342 2090 ordinis
1394 2036 1449 2089 in
1481 2036 1744 2092 varietate
1800 2037 1962 2093 inest.

2129 2036 2304 2103 κάτων
2324 2035 2417 2089 καὶ
2441 2034 2700 2106 πομάτων
2719 2034 2780 2086 τὸ
2811 2033 3066 2103 διάφορον
3083 2049 3096 2062 ·
3127 2033 3269 2102 άπερ
3294 2028 3669 2100 ἀναλαμϐάνει

396 2121 662 2179 decorum
696 2124 1004 2189 varietatis,
1045 2124 1192 2194 quod
1224 2126 1524 2196 sapientem
1555 2127 1819 2183 artiﬁcem
1858 2144 1962 2184 ma-

2129 2149 2143 2183 ι
2195 2131 2515 2202 θαυμασίως
2552 2128 2650 2193 τὰς
2698 2127 2977 2199 αἰσθήσεις
3004 2125 3119 2196 ,τῶν
3176 2122 3665 2195 προσφερομένων.

394 2232 634 2288 gnopere
685 2216 861 2283 decet,
919 2220 1271 2289 reprehendit
1315 2222 1439 2278 iste.
1494 2221 1692 2294 Pergat
1748 2226 1910 2280 etiam
1966 2226 2279 2298 improbare
2341 2227 2661 2281 varietatem
2721 2224 2970 2278 colorum
3000 2262 3016 2287 ,
3071 2228 3127 2275 et
3178 2220 3565 2275 diversitatem
3609 2232 3669 2271 ac

394 2309 757 2365 differentiam
808 2311 1059 2367 ciborum
1101 2328 1165 2369 ac
1198 2315 1518 2385 potionum,
1548 2333 1670 2388 quae
1704 2316 2029 2375 mirabiliter
2061 2337 2261 2377 sensus
2291 2328 2542 2375 recreant
2573 2333 2765 2374 eorum
2803 2316 3007 2386 qui-bus
3037 2310 3394 2367 adhibentur.

467 2406 605 2461 Hinc
646 2408 879 2478 profecti
910 2418 1039 2463 sunt
1073 2411 1369 2467 miserrimi
1415 2412 1705 2482 homines,
1756 2416 1850 2485 qui
1906 2415 1973 2470 ad

392 2497 797 2555 defendendum
837 2501 1008 2557 fatum
1041 2501 1299 2557 videntur
1334 2504 1440 2560 sibi
1490 2506 1815 2563 conﬁrmare
1864 2523 1978 2562 ma-

393 2599 507 2653 lum
548 2600 936 2670 inaequalitatis
958 2640 973 2663 ,
1021 2601 1238 2655 duobus
1271 2599 1557 2669 principiis
1593 2598 1922 2656 introductis
1956 2618 1969 2655 :

392 2700 678 2749 ostensum
709 2701 895 2747 tamen
923 2702 1008 2749 est
1045 2693 1410 2764 prudentibus
1441 2693 1649 2747 nullam
1697 2692 1753 2747 in
1804 2692 1971 2748 rebus

392 2785 597 2841 nostris
626 2786 1052 2855 inaequalitatem
1084 2800 1227 2841 esse.

465 2874 604 2939 Quia
640 2890 774 2929 vero
802 2875 945 2929 bella
972 2875 1137 2931 etiam
1183 2875 1507 2944 assignant,
1561 2881 1616 2929 et
1663 2874 1972 2930 attribuunt

391 2965 650 3035 nequitiae
674 3002 693 3031 ,
726 2965 1001 3035 quomodo
1036 2965 1187 3018 varia
1235 2964 1365 3029 fata,
1394 2964 1639 3034 ipsorum
1672 2966 1931 3035 opinione
1953 3006 1970 3032 ,

2159 2415 2439 2470 Ἐντεῦθεν
2464 2412 2686 2486 ἐξῆλθον
2703 2414 2752 2467 οί
2770 2411 2890 2465 λίαν
2918 2408 3266 2471 ἀθλιώτατοι,
3290 2404 3438 2476 πρὸς
3462 2404 3659 2475 εἱμαρ-

2078 2508 2248 2579 μένην
2273 2506 2335 2560 τὸ
2363 2506 2562 2560 ἄτοπον
2608 2505 2710 2575 τῆς
2766 2502 3083 2572 ἀνισότητος
3110 2498 3199 2551 διὰ
3240 2499 3367 2550 ταῖν
3398 2496 3549 2549 δυοῖν
3575 2496 3666 2565 ἀρ-

2073 2603 2196 2672 χαίν
2259 2598 2508 2669 βεϐαιοῦν
2560 2596 2845 2661 δοκοῦντες
2868 2613 2881 2627 ·
2912 2592 3047 2648 ἀλλά
3094 2591 3373 2645 δέδεικται
3411 2590 3518 2659 μὲν
3558 2591 3665 2650 τοίς

2074 2693 2362 2764 ἔμφροσιν,
2392 2691 2468 2755 ὡς
2510 2688 2737 2760 οὐδεμία
2762 2705 2845 2752 τις
2888 2685 3141 2755 ἀνισότης
3172 2682 3386 2735 ἔνεστιν
3442 2682 3508 2735 ὲν
3557 2684 3663 2743 τοῖς

2072 2782 2196 2837 καθ’
2219 2783 2384 2853 ἡμᾶς.

2150 2874 2368 2945 Ἐπειδὴ
2409 2872 2467 2926 δὲ
2498 2872 2619 2933 ικαὶ
2660 2870 2787 2934 τοὺς
2830 2868 3099 2940 πολέμους
3130 2868 3197 2938 τῇ
3227 2866 3407 2938 κακίᾳ
3434 2863 3660 2936 προσνέ-

2081 2983 2260 3038 μουσι,
2289 2966 2411 3020 τίνα
2438 2964 2637 3036 τρόπον
2654 2962 2988 3033 εἱμαρμέναι
3010 2959 3261 3030 διάφοροι
3286 2959 3413 3011 κατ’
3444 2954 3657 3017 αὐτοὺς,

393 3057 695 3111 multorum
726 3056 1023 3127 aliquando
1045 3056 1277 3110 millium
1309 3055 1364 3110 in
1393 3070 1563 3109 unum
1590 3062 1827 3125 tempus,
1858 3055 1962 3110 imo

2129 3057 2284 3111 ›λλῶν
2308 3056 2455 3110 ἐστιν
2480 3058 2569 3110 ὅτε
2594 3055 2847 3127 χιλιάδων
2884 3054 2976 3122 ὑφ’
3008 3052 3105 3105 ἕνα
3137 3050 3357 3122 καιρὸν,
3388 3047 3659 3119 μᾶλλονδὲ

392 3147 449 3203 in
480 3162 643 3202 unam
679 3147 871 3203 horam
913 3147 1203 3202 incidunt?
1239 3162 1311 3201 an
1361 3161 1534 3201 unum
1573 3144 1745 3201 fatum
1779 3146 1962 3201 conci-

2129 3150 2179 3202 τὸ
2207 3149 2337 3220 μίαν
2376 3148 2526 3220 ὥραν
2560 3145 2914 3209 πιπτουσῶν;
2953 3140 3063 3215 ἆρα
3093 3143 3192 3214 μία
3231 3159 3318 3206 τις
3353 3138 3658 3212 εἱμαρμένη

389 3240 489 3294 liat
520 3240 620 3295 hos
658 3248 712 3294 et
757 3240 977 3310 copulat
1005 3241 1149 3294 inter
1178 3238 1278 3295 se?
1335 3253 1520 3293 annon
1564 3246 1651 3293 est
1678 3238 1962 3293 ridiculum

2129 3242 2335 3295 wa'mtst
2395 3240 2620 3304 τούτους
2649 3240 2738 3307 ὑφ’
2795 3239 3004 3309 έαυτῇ;
3062 3237 3158 3290 καὶ
3212 3235 3333 3298 πῶς
3375 3235 3441 3287 οὺ
3488 3234 3654 3304 πάντη

387 3330 705 3386 existimare
736 3331 873 3387 hoc?
906 3330 983 3385 Ex
1009 3345 1118 3401 quo
1149 3331 1209 3384 ﬁt
1233 3337 1293 3384 ut
1336 3330 1677 3401 inaequalitas
1710 3330 1829 3398 fati,
1853 3344 1962 3401 qua

2129 3334 2230 3387 ῶτό
2266 3350 2330 3402 γε
2375 3331 2780 3404 ὑπολαμϐάνειν
2849 3330 3220 3399 γελοιότατονς
3256 3327 3425 3381 Ὅθεν
3459 3326 3522 3379 τὸ
3566 3324 3657 3396 μὲν

387 3430 474 3479 est
508 3425 692 3494 gravis
732 3425 959 3480 morbus
990 3424 1328 3488 errantium,
1367 3425 1548 3478 locum
1589 3425 1646 3478 in
1675 3425 1840 3480 rebus
1864 3431 1962 3479 nol

2129 3443 2256 3480 νισον
2284 3425 2385 3495 τῆς
2412 3424 2774 3496 εἱμαρμένης,
2813 3421 2874 3475 τὸ
2897 3419 3132 3492 χαλεπὸν
3157 3417 3268 3471 τῶν
3301 3412 3656 3485 πεπλανημέ-

392 3514 610 3570 habeat.
656 3513 803 3569 Bella
838 3523 1019 3569 autem
1051 3515 1382 3585 principium
1436 3521 1662 3571 sumunt
1689 3530 1753 3570 ex
1788 3515 1962 3571 avaril

2129 3535 2183 3572 υν
2242 3518 2479 3589 νόσημα,
2532 3520 2713 3588 χώραν
2769 3516 2826 3567 ὲν
2867 3516 2977 3577 τοῖς
3033 3513 3357 3583 πράγμασιν
3383 3510 3487 3564 οὐκ
3513 3508 3654 3578 ἔχει’

391 3605 503 3671 tia;
556 3615 823 3677 geruntur
867 3614 1048 3661 autem
1095 3609 1369 3676 permissu
1403 3605 1539 3661 Dei:
1587 3607 1790 3661 malum
1822 3607 1962 3671 enin,

2129 3610 2299 3681 ελεμοι
2349 3609 2405 3663 δὲ
2441 3608 2538 3680 τὴν
2609 3607 2707 3679 μὲν
2753 3605 2924 3678 ἀρχὴν
2968 3606 3032 3658 ὲκ
3081 3601 3403 3667 πλεονεξίας
3446 3597 3656 3670 λαμϐά-

387 3692 584 3749 horum
618 3704 702 3750 est
749 3696 866 3765 ipsa
899 3709 1087 3758 causa,
1128 3695 1181 3749 id
1230 3704 1317 3751 est
1359 3696 1651 3766 cupiditas,
1685 3709 1808 3767 quae
1837 3710 1960 3758 ava;

2131 3719 2239 3766 υσι,
2263 3700 2363 3772 τὴν
2405 3699 2462 3752 δὲ
2505 3698 2786 3770 ἐνέργειαν
2838 3696 2976 3768 πρὸς
3016 3694 3153 3749 Θεοῦ
3196 3693 3657 3765 συγχωρουμὲηεν

386 3783 569 3837 ritiam
603 3786 782 3854 parit:
820 3785 966 3855 quod
1005 3786 1229 3856 quidem
1258 3788 1461 3841 malum
1506 3787 1577 3840 ab
1625 3786 1962 3842 hominibus:

2129 3808 2283 3863 γουσι·
2320 3792 2488 3846 κακὸν
2531 3792 2627 3863 μὲν
2654 3790 2764 3860 γὰρ
2805 3788 3009 3842 τούτων
3051 3789 3085 3859 ἡ
3119 3787 3368 3858 ἀφορμὴ,
3414 3785 3559 3854 λέγω
3597 3783 3657 3852 δὴ

388 3889 500 3929 non
533 3890 564 3928 a
592 3874 702 3930 Deo
736 3877 1139 3946 proﬁciscitur,
1190 3885 1251 3932 ut
1282 3878 1339 3932 in
1373 3877 1443 3934 iis
1471 3892 1594 3949 quae
1618 3876 1774 3949 prius
1820 3876 1962 3932 dicta

2129 3901 2167 3952 ις
2217 3880 2531 3946 πλεονεξίας
2586 3883 2620 3952 ἡ
2663 3879 2960 3951 ἐπιθυμία·
2998 3880 3137 3950 ὅπερ
3186 3873 3657 3949 ἀνθρώπων,ἀλλ⁹

388 3972 518 4020 sunt
547 3968 880 4035 patefactum
912 3976 1019 4025 est.

2133 3972 2189 4043 χὶ
2234 3972 2372 4026 Θεοῦ
2422 3971 2825 4043 πλημμέλημα,
2850 3974 2961 4036 τοῖς
3011 3969 3327 4042 ἔμπροσθεν
3371 3968 3654 4022 δέδεικται.

665 4084 796 4140 CAP.
834 4085 948 4141 XII.
983 4085 1132 4142 Mors
1162 4085 1267 4143 non
1299 4088 1463 4144 mala.
1489 4087 1600 4144 Cur
1628 4104 1745 4143 vero
1777 4088 2010 4143 timetur.
2040 4087 2321 4145 Justorum
2353 4099 2404 4144 et
2445 4092 2727 4161 impiorum
2767 4089 2955 4144 mortis
2986 4087 3135 4157 ﬁnis,
3171 4086 3375 4158 qualis.

460 4194 606 4253 Mors
634 4208 845 4252 naturae
870 4206 954 4254 est
984 4214 1094 4256 non
1120 4200 1281 4254 mala.
1309 4200 1476 4255 Ortus
1499 4209 1554 4257 et
1580 4216 1733 4257 mors
1755 4207 1956 4255 natura

376 4297 518 4347 sunt
546 4304 577 4343 a
614 4288 722 4345 Deo
770 4291 1023 4357 sancita;
1070 4307 1180 4346 non
1236 4292 1455 4362 quidem
1503 4300 1563 4346 ut
1604 4299 1835 4362 pereant
1868 4293 1963 4361 qui

387 4381 732 4448 moriuntur,
780 4382 875 4436 sed
921 4390 982 4435 ut
1041 4390 1386 4453 apponantur
1431 4382 1498 4438 iis
1529 4383 1624 4453 qui
1657 4390 1806 4438 sunt.
1842 4382 1963 4438 Non

385 4471 531 4526 enim
569 4480 717 4527 esset
746 4470 879 4527 Boni
924 4472 1059 4529 solis
1085 4472 1398 4528 hominibus
1425 4472 1519 4541 qui
1577 4479 1705 4526 sunt
1773 4471 1960 4542 largiri

387 4572 448 4617 ut
477 4565 587 4619 sint
612 4572 665 4618 et
703 4565 815 4618 nati
851 4565 994 4630 sint,
1047 4565 1144 4621 sed
1180 4566 1345 4621 etiam
1389 4580 1485 4620 eos
1539 4565 1634 4635 qui
1680 4579 1790 4619 non
1831 4571 1963 4620 sunt

385 4655 626 4711 creando
653 4657 951 4728 adjungere
989 4657 1057 4711 ad
1092 4673 1188 4712 eos
1218 4656 1311 4727 qui
1367 4665 1535 4712 sunt:
1585 4664 1647 4710 ut
1693 4658 1786 4727 qui
1833 4666 1963 4711 sunt

387 4747 524 4809 nati,
549 4762 718 4802 cursu
752 4748 881 4802 vitae
909 4748 1045 4803 satis
1083 4762 1329 4813 emenso,
1356 4755 1417 4801 ut
1467 4762 1497 4801 a
1527 4762 1696 4802 cursu
1747 4748 1966 4818 requie-

386 4846 564 4903 scant,
613 4848 840 4896 mortem
872 4841 1145 4911 accipiant
1198 4856 1306 4896 non
1340 4857 1463 4912 qua:
1496 4855 1592 4896 eos
1625 4841 1692 4896 ad
1720 4856 1962 4911 pereun-

387 4931 516 4986 dum
557 4931 764 4996 ducat,
815 4932 910 4987 sed
960 4948 1081 5002 quae
1112 4932 1222 4988 alio
1255 4934 1503 5005 singulos
1547 4948 1647 5004 pro
1698 4932 1963 5005 dignitate

386 5022 722 5089 transferat,
759 5030 813 5079 et
850 5024 942 5094 qui
991 5039 1102 5078 non
1152 5032 1312 5086 sunt,
1363 5024 1571 5080 aditum
1618 5024 1857 5079 habeant
1894 5023 1962 5078 ad

386 5112 712 5181 capiendum
760 5124 964 5169 ortum.
1017 5112 1160 5169 Mors
1220 5113 1387 5184 igitur
1428 5113 1546 5183 lege
1585 5120 1797 5166 natura:
1829 5127 1963 5167 san-

386 5204 494 5257 cita
523 5218 632 5257 non
661 5212 746 5258 est
800 5205 963 5267 mala,
997 5219 1328 5275 quocunque
1367 5204 1531 5257 modo
1557 5202 1773 5257 accidat
1806 5220 1818 5256 :
1860 5217 1963 5257 nec

386 5296 532 5349 enim
584 5296 967 5365 inquirendum
1020 5304 1104 5349 est
1152 5296 1221 5350 de
1268 5297 1436 5352 variis
1467 5295 1689 5351 casibus
1736 5302 1960 5366 propter

387 5402 526 5454 quos
552 5388 770 5442 accidit.
805 5386 957 5443 Unus
999 5388 1196 5443 modus
1229 5390 1540 5445 communis
1571 5388 1830 5443 omnibus
1866 5404 1966 5444 co-

427 5522 595 5601 _7(3l")
637 5525 808 5601 Ἀττευ
845 5524 1196 5601 τροφ.[ι)ερει
1223 5525 1311 5580 hic
1337 5525 1553 5601 aliquid
1591 5535 1651 5579 ut
1675 5527 1959 5601 ﬁatoppo—

394 5596 520 5665 sum
551 5596 689 5665 inter
726 5597 925 5665 bonum
961 5605 1014 5648 et
1048 5596 1269 5663 malum,
1302 5598 1547 5651 ciborum
1582 5598 1871 5665 penuriam
1902 5604 1956 5650 et

394 5658 778 5713 abundantiam
797 5680 812 5729 ;
830 5664 950 5718 ideo
983 5658 1352 5733 reponendum
1369 5668 1554 5735 credo,
1579 5658 1706 5729 tab;
1735 5666 1793 5720 δὲ
1820 5665 1958 5737 μετὰ

2139 4203 2377 4268 Θάνατος
2418 4203 2475 4257 δὲ
2531 4204 2630 4275 τῆς
2679 4204 2895 4273 φύσεως
2933 4202 2993 4256 οὐ
3042 4200 3250 4264 κακός·
3299 4201 3525 4269 γένεσις
3556 4203 3654 4274 γὰρ

2068 4294 2165 4349 καὶ¹
2198 4294 2422 4359 θάνατος
2451 4288 2595 4367 πρὸξ
2612 4294 2745 4348 Θεοῦ
2766 4295 2938 4367 ,φύσει
2962 4292 3390 4364 νενομοθέτηται
3413 4310 3430 4324 ·
3470 4295 3531 4348 οὐ
3555 4294 3654 4347 τῶν

2066 4405 2129 4456 γε
2151 4386 2521 4441 τελευτώντων
2572 4387 2960 4459 ἀπολλυμένων
2981 4425 2996 4450 ,
3043 4385 3181 4440 ἀλλά
3218 4385 3335 4453 τῶν
3361 4388 3653 4457 γινομένων

2067 4481 2180 4543 τοῖς
2224 4475 2344 4532 οὖσι
2378 4477 2845 4552 προστιθεμένων.
2895 4476 3128 4546 Ἀγαθοῦ
3155 4476 3266 4547 (52)
3307 4476 3421 4547 γὰρ
3459 4479 3561 4531 οὐκ
3594 4477 3652 4529 ἂν

2069 4570 2154 4642 εἴη
2183 4570 2244 4624 τὸ
2274 4571 2455 4641 μόνοις
2512 4574 2624 4634 τοῖς
2671 4566 2823 4625 οὖσιν
2855 4567 3163 4640 ἀνθρώποις
3206 4568 3269 4622 τὸ
3309 4565 3456 4623 εἷναί
3480 4586 3539 4623 τε
3568 4570 3653 4622 καὶ

2068 4663 2347 4731 γεγονέναι
2387 4662 2698 4731 δωρεῖσθαι,
2742 4661 2878 4715 ἀλλά
2922 4660 3018 4713 καὶ
3049 4661 3175 4723 τοὺς
3212 4660 3287 4731 μὴ
3315 4660 3485 4725 ὄντας
3527 4677 3652 4731 προ⁴

2069 4756 2493 4821 κατασκευάζειν
2511 4758 2622 4819 τοῖς
2637 4751 2809 4809 οὖσιν·
2822 4754 2896 4818 ὡς
2911 4752 2977 4807 ἂν
2995 4753 3049 4806 οἵ
3060 4770 3120 4806 τε
3130 4752 3441 4823 γενόμενοι,
3452 4754 3653 4823 διαδρα-

2073 4846 2263 4917 μόντες
2290 4846 2576 4918 αὐτάρκως
2607 4846 2700 4900 τοῦ
2728 4844 2843 4916 βίου
2890 4846 2950 4897 τὸ
2986 4843 3225 4909 στάδιον,
3260 4842 3392 4895 ἀντὶ
3417 4844 3651 4897 ἀναπαυ-

2072 4953 2209 5001 σεως
2261 4936 2357 4990 τοῦ
2404 4937 2605 5009 δρόμου
2662 4936 2757 4990 τὸν
2803 4935 3032 4989 θάνατον
3083 4933 3328 4987 λάϐωσιν
3349 4974 3366 5000 ,
3422 4935 3528 4988 οὐκ
3583 4934 3653 4993 εἰς

2069 5024 2342 5079 ἀπώλειαν
2395 5027 2593 5090 αὐτοὺς
2648 5026 2870 5093 ἄγοντα,
2925 5023 3039 5077 ἀλλ’
3109 5023 3353 5094 ἑτέρωσε
3378 5022 3530 5076 κατά
3567 5021 3650 5090 τὴν

2069 5117 2223 5184 ἀξίαν
2268 5118 2501 5171 ἑκάστου
2557 5118 2860 5188 μετάγοντα
2886 5132 2899 5145 ·
2933 5116 3069 5170 οἵτε
3103 5115 3177 5186 μὴ
3218 5114 3379 5179 ὄντες
3430 5114 3650 5186 πάροδον

2069 5209 2146 5271 είς
2168 5208 2231 5261 τὸ
2261 5208 2514 5277 γενέσθαι
2560 5208 2818 5262 λάϐωσιν.
2848 5206 3058 5262 Οὐκοῦν
3090 5205 3329 5270 θάνατος
3352 5208 3384 5259 ὁ
3408 5208 3479 5278 τῇ
3509 5206 3653 5275 φύσει

2067 5299 2557 5372 νενομοθετημένος
2594 5300 2657 5352 οὐ
2718 5299 2973 5371 πονηρὸς,
3014 5297 3117 5352 κάν
3165 5297 3428 5351 ὁπωσοῦν
3482 5298 3648 5350 ἐπίοι’

2068 5390 2189 5443 οὐδὲ
2216 5389 2325 5463 γὰρ
2346 5391 2407 5443 τὸ
2435 5389 2689 5463 διάφορον
2721 5389 2830 5443 τῶν
2872 5388 3271 5462 περιστάσεων,
3301 5387 3373 5440 δι’
3393 5380 3490 5458 ὧν
3516 5387 3651 5440 ἐπει·-

2068 5526 2320 5603 οτρᾳιρῇς,⁸
2333 5525 2469 5603 ἰίίοτΔ
2489 5542 2608 5603 vero
2624 5527 2725 5603 _qui
2739 5525 2902 5603 _cilgis_
2919 5526 3190 5603 fruuntur.
3203 5523 3387 5603 .B_._\sx.
3559 5590 3610 5603 Α.

2105 5590 2118 5598 ⁷
2141 5590 2252 5664 (5'2)
2286 5590 2569 5664 Ἀγαθοῦ.
2615 5590 2773 5663 Boni,
2818 5590 2927 5653 hoc
2950 5606 3054 5663 est,
3086 5596 3202 5650 Dei.
3242 5594 3428 5652 Tuan.
3458 5624 3536 5638 —
3558 5590 3643 5649 Sic

2072 5680 2213 5735 saepe
2240 5665 2417 5735 alibi.‘
