3782 6166
110 1074 130 1140 ἰ

80 5838 107 5850 κ

148 222 179 279 ⁷1
196 222 295 279 I57

1188 200 1585 285 'onsasus
1624 227 2053 285 mmoumos
2089 229 2222 286 LIB.
2264 230 2327 285 η.

3279 235 3414 292 1Ιῗ8

154 360 254 410 σιν,
288 329 620 410 ἐξεταστέον.
657 345 796 401 Ἕνα
841 345 898 401 δὲ
949 347 1149 419 τρόπον
1197 349 1376 403 κοινὸν
1409 352 1522 412 τοῖς
1558 351 1691 402 πᾶσι

1874 349 2179 405 noscendus
2220 355 2337 414 est,
2378 348 2470 418 qui
2527 354 2612 403 est
2650 347 2933 404 discessus
2972 348 3170 404 animae
3214 364 3246 403 a
3284 364 3412 406 cor-

150 436 277 490 ὄντα
326 437 611 506 γνωστέον,
675 438 818 508 λέγω
861 439 926 512 δὴ
974 441 1036 494 τὸ
1083 441 1157 513 μὴ
1190 440 1310 514 δίχα
1355 442 1726 514 περιστάσεώς

147 544 289 592 τινος
338 531 432 582 καὶ
486 530 730 603 ἀνάγκης
779 533 1082 604 ἀναχωρεῖν
1117 533 1293 605 ψυχὴν
1316 534 1426 588 ἀπὸ
1450 533 1723 607 σώματος,

148 621 282 674 ἀλλά
305 622 639 693 παραμένειν
665 624 771 686 ’ἐως
818 624 885 679 ἂν
912 626 972 678 τὸ
1019 626 1246 695 φυσικὸν
1274 628 1444 698 αὐτῆς
1477 628 1727 697 καταγώ-

145 730 265 784 γιον
289 716 646 787 ἁκαθαίρετον
684 718 955 789 διαμένοιο
994 719 1169 789 τούτῳ
1200 720 1380 790 μέντοι
1408 721 1486 792 τῷ
1511 720 1726 792 φυσικῷ

149 808 241 861 καὶ
295 807 460 878 κοινῷ
511 812 842 882 συνυπάρχει
888 829 943 864 τι
996 811 1134 876 δέος,
1164 813 1301 885 ὅπερ
1341 815 1422 878 είς
1453 816 1724 887 τιμωρίας

150 901 382 970 ὑποψίαν
428 901 741 970 ἀναγκαίως
784 903 1187 974 παρείληπται,
1215 905 1277 957 οὐ
1314 905 1497 975 μέντοι
1534 907 1589 959 ἐν
1612 909 1725 969 τοῖς

148 994 333 1060 πᾶσιν,
364 994 478 1047 ἀλλ’
505 991 587 1058 οἷς
607 1010 671 1063 γε
706 995 959 1065 ήδιάνοια
997 997 1395 1073 πρόχειροςείς
1429 996 1722 1069 ἁμαρτίαν,

146 1084 280 1154 πρὸς
329 1084 644 1157 ἀνατροπὴν
668 1085 892 1158 ταύτης.
937 1086 995 1141 '0
1027 1087 1125 1158 μὲν
1167 1087 1276 1157 γάρ
1324 1086 1549 1158 ἔμφρων
1602 1091 1722 1142 κατ’

145 1173 365 1245 ἀρετὴν,
400 1174 575 1248 ἄραγε
631 1176 725 1230 τοῦ
791 1177 1152 1249 πλημμελεῖν,
1218 1180 1312 1232 καὶ
1359 1179 1454 1234 τοῦ
1518 1180 1724 1234 οἴεσθαι

151 1269 420 1341 μοχθηρὸν
469 1267 608 1325 εἶναι
640 1271 733 1326 τὸν
769 1270 998 1327 θάνατον
1044 1274 1418 1345 ἀπήλλακται·
1450 1279 1478 1331 ό
1510 1278 1566 1331 δὲ
1602 1277 1723 1348 φιλ-

146 1361 510 1432 αμαρτήμων,
530 1361 636 1414 ἀπὸ
656 1361 753 1432 μὲν
781 1362 880 1433 τῆς
912 1364 1082 1435 αὐτῆς
1113 1366 1296 1430 ἀνοίας
1316 1367 1408 1435 ἀφ’
1423 1363 1603 1439 ἧσπερ
1629 1368 1723 1421 καὶ

147 1451 476 1523 πλημμελεῖ,
499 1453 589 1506 τὸν
613 1452 841 1507 θάνατον
867 1454 1194 1510 εὐλαϐεῖται.
1250 1459 1572 1528 ’Λναγκαῖον
1603 1460 1724 1531 μέν·

146 1561 225 1597 τοι
249 1545 347 1615 τῆς
379 1545 565 1609 ἀνοίας
607 1545 718 1617 ἔχει
750 1546 812 1600 τὸ
844 1548 1083 1603 τοιοῦτον
1108 1551 1599 1624 παρακολούθημα,
1635 1554 1721 1607 ἵνα

145 1635 203 1687 τὸ
224 1635 376 1699 ἀδεὲς
418 1635 636 1701 δεδιὼς,
674 1637 703 1691 ὃ
748 1639 1022 1710 προσῆκεν
1053 1640 1269 1711 ἀληθῶς
1300 1642 1547 1708 δεδιέναι,
1578 1643 1720 1712 λέγω

143 1728 204 1799 δὴ
227 1730 323 1800 τῆς
352 1730 626 1801 ἁμαρτίας
669 1730 907 1802 διαφύγῃ
940 1732 1039 1800 τὴν
1087 1732 1311 1804 βλάϐην.
1350 1735 1599 1788 Ἐπειδὰν
1625 1733 1718 1789 οὖν

144 1820 409 1893 πλεονάσῃ
432 1823 561 1892 παρ’
595 1820 771 1875 ἔθνεσι
813 1822 880 1876 τά
931 1824 1032 1893 τῆς
1067 1825 1360 1897 ἁμαρτίας,
1396 1823 1464 1899 ἦς
1492 1845 1554 1896 γε
1582 1846 1716 1899 τυγ-

145 1912 288 1981 χάνει
336 1912 394 1965 ἓν
455 1909 594 1976 εἶδος
636 1914 696 1966 τὸ
726 1914 822 1984 τῆς
855 1914 1179 1986 ἀπληστίας,
1219 1918 1429 1981 ἑαυτοῖς
1453 1920 1716 1991 παραίτια

143 2002 495 2074 γίγνεταιτῆς
514 2003 654 2056 κατὰ
681 2003 743 2056 τὸ
767 2005 1091 2076 φαινόμενον
1117 2009 1406 2079 τιμωρίας,
1429 2011 1549 2081 ἥτις
1571 2011 1717 2066 κατά

147 2094 240 2163 μὲν
267 2094 326 2147 τὸ
349 2094 545 2166 ἀληθὲς
574 2096 649 2159 ὡς
678 2096 777 2149 οὑκ
805 2096 872 2150 ἂν
888 2097 972 2168 εἴη
1006 2100 1245 2171 τιμωρία
1261 2099 1527 2168 λέλεκται,
1555 2104 1714 2173 φύσει

142 2189 287 2259 κοινῇ
325 2187 468 2240 κατὰ
504 2189 722 2242 πάντων
771 2189 1050 2263 ὡρισμένη
1074 2208 1087 2222 ·
1123 2192 1403 2264 εὐεργετεί
1421 2193 1477 2246 δὲ
1502 2195 1628 2259 τούς
1652 2213 1712 2249 τε

140 2281 431 2346 πίπτοντας
483 2285 541 2336 ὲν
571 2282 791 2354 πολέμῳ
834 2285 1080 2350 καὶτοὺς
1122 2285 1570 2358 διασωζομένους,
1602 2293 1713 2353 τοῖς

142 2372 540 2445 μὲν-ἁμαρτίας
580 2375 732 2437 τέλος
754 2376 1089 2448 παρέχουσα,
1150 2379 1262 2440 τοῖς
1300 2377 1355 2430 δὲ
1412 2378 1712 2451 ὑπόδειγμα

139 2464 283 2528 δέους
311 2465 616 2536 ἐμποιοῦσα
640 2483 652 2497 ·
696 2468 972 2538 εὐεργετεῖ
1007 2467 1085 2531 δὲ,
1115 2466 1215 2521 κᾶν
1245 2468 1440 2522 δίκαιοι
1468 2469 1547 2541 τῷ
1577 2471 1714 2543 πλή-

140 2556 216 2610 θει
254 2558 693 2611 συναπέλθωσιν·
753 2559 829 2622 ὡς
854 2559 962 2632 γάρ
1000 2562 1111 2623 τοῖς
1166 2561 1374 2625 ἀδίκοις
1417 2561 1568 2626 τέλος
1612 2569 1712 2634 τῆς

138 2648 344 2713 ἀδικίας
381 2651 411 2702 ὁ
437 2651 685 2715 θάνατος,
719 2651 861 2705 οὑτω
886 2651 942 2704 δὲ
974 2652 1069 2706 καὶ
1095 2653 1324 2718 δικαίοις
1354 2653 1430 2718 ὡς
1462 2658 1709 2727 νικηταῖς

136 2741 324 2811 τρόπον
356 2742 481 2795 τινὰ
505 2745 781 2814 στεφάνων
805 2744 946 2816 ἀρχή

202 2919 360 2973 Ὠττε
390 2919 690 2991 θαυμάσιον
731 2919 821 2973 διὰ
859 2921 957 2992 τῆς
998 2921 1275 2991 πανσόφου
1317 2922 1571 2994 προνοίας
1614 2921 1705 2976 τοῦ

134 3012 258 3065 Θεοῦ
294 3011 611 3083 συμϐαίνει’
647 3013 709 3067 τὸ
746 3012 855 3085 γὰρ
881 3013 1070 3067 δοκοῦν
1104 3013 1371 3078 κολάζειν,
1405 3016 1701 3086 εὐεργετεῖ·
1731 3048 1775 3105 c

136 3106 221 3158 mi.
245 3106 367 3160 οὐδὲ⁹
394 3106 460 3160 δι’
485 3100 560 3159 ὧν
579 3106 647 3160 αὑ
659 3106 741 3169 τὸς
763 3104 1020 3178 ἄντικρυς
1044 3105 1440 3170 κατασκευάζει
1465 3104 1705 3177 ἀνιαρῶν

134 3194 263 3252 εἶναι
291 3197 611 3262 δοκούντων,
650 3198 793 3252 ἀλλά
814 3199 880 3252 δι’
905 3192 979 3251 ὧν
1007 3197 1317 3268 ἀνθρώποις
1350 3197 1704 3267 αὐτομολοῦσι

136 3290 417 3362 συγχωρεῖ·
448 3287 588 3341 ὥστε
629 3288 863 3355 πόλεμος
891 3290 991 3343 οὐκ
1028 3289 1189 3361 ἔργον
1214 3287 1371 3353 Θεοῦ,
1411 3289 1548 3342 ἀλλὰ
1572 3306 1705 3358 συγ-

133 3379 360 3452 χώρησις
397 3379 669 3449 ἀναγκαία
702 3381 782 3442 είς
819 3380 918 3450 μὲν
962 3379 1196 3448 ὑποψίαν
1241 3379 1512 3451 τιμωρίας
1562 3379 1703 3433 κατά

131 3473 223 3542 τῆς
250 3474 544 3546 ἁμαρτίας,
588 3472 729 3526 κατὰ
758 3473 814 3525 δὲ
852 3473 914 3526 τὸ
951 3471 1169 3542 ἀληθὲς,
1214 3475 1295 3535 είς
1327 3471 1479 3536 τέλος
1509 3473 1698 3544 αὐτῆς.

134 3564 251 3619 ἔνθα
278 3567 380 3620 κᾶν
407 3566 612 3629 δίκαιος
637 3566 801 3638 πέσῃ,
839 3566 1044 3618 δίκαιον
1073 3564 1129 3618 δὲ
1158 3563 1416 3635 πολεμεῖν
1449 3563 1699 3630 ἀπεικὸς,

136 3656 383 3725 μειζόνως
408 3659 793 3729 εὐεργετεῖταισ
831 3658 1013 3727 μεῖζον
1037 3656 1146 3728 γὰρ
1178 3655 1272 3709 τοῦ
1303 3654 1576 3725 παυθῆναι
1606 3673 1703 3708 κα-

135 3750 245 3813 κίας
275 3749 333 3805 τὸ
369 3751 595 3822 καρπῶν
635 3749 940 3803 ἀπολαῦσαι
967 3749 1075 3802 τῶν
1107 3748 1208 3820 τῆς
1251 3750 1455 3822 ἀρετῆς
1499 3751 1697 3815 πόνων,

132 3839 257 3911 ὅπερ
296 3841 543 3894 εὐσεϐέσι
600 3841 738 3912 μετὰ
782 3840 1009 3895 θάνατον
1058 3842 1313 3913 ὑπάρχει.
1362 3844 1424 3895 υἱ
1464 3841 1520 3895 δὲ
1565 3843 1701 3916 πρὸς

133 3930 289 3984 ταῦτα
319 3933 731 4003 διαμαχόμενοι,
774 3934 903 4004 πρὶν
938 3935 998 3987 τὸ
1032 3934 1260 3987 καθόλου
1293 3934 1562 4003 διελέγξαι
1596 3953 1698 3989 κα-

133 4021 240 4088 κὸν,
270 4025 331 4077 τὸ
375 4025 539 4097 μέρος
580 4025 977 4080 διαϐάλλουσιν·
1024 4029 1072 4080 εί
1114 4026 1223 4099 γάρ
1249 4027 1324 4091 ὡς
1363 4029 1472 4081 ἀπὸ
1503 4030 1701 4093 κακίας

132 4114 506 4190 ὑφεστηκυίας,
535 4122 629 4173 καὶ
655 4120 827 4190 ἀρχῆς
853 4119 1111 4191 ἀνάρχου,
1128 4120 1254 4183 τοὺς
1279 4121 1548 4193 πολέμους
1568 4123 1717 4199 ἡμῖν⁸

130 4209 595 4280 κατακομίζουσιν,
625 4212 784 4265 αὐτόν
811 4229 873 4281 γε
913 4211 1003 4264 τὸν
1029 4210 1257 4266 θάνατον
1284 4213 1379 4267 καὶ
1409 4213 1567 4284 μόνον
1596 4231 1698 4267 κα-

130 4299 266 4355 κίσαι
298 4304 573 4375 προσῆκον
603 4300 671 4374 ἦν
701 4305 903 4368 αὐτοῖς·
939 4304 1189 4377 περιττὸν
1221 4305 1330 4375 γὰρ
1363 4304 1461 4369 τὰς
1489 4306 1699 4378 προφά-

1828 458 1978 512 pore,
2013 458 2121 496 non
2154 442 2276 497 sine
2315 456 2451 497 casu
2494 441 2733 511 quodam
2787 448 2844 496 et
2895 440 3246 509 necessitate,
3312 444 3409 499 Sed

1826 532 2256 602 exspectandum
2303 543 2422 595 est,
2460 532 2705 602 quandiu
2764 531 3105 587 domicilium
3159 533 3412 586 naturale

1825 622 1985 677 durat
2011 631 2062 679 et
2086 639 2196 679 non
2226 625 2581 680 dissolvitur:
2619 640 2745 679 cum
2796 626 2901 679 hoc
2945 632 3129 678 tamen
3161 625 3407 679 naturali

1825 715 2103 771 domicilio
2131 724 2187 770 et
2209 715 2488 771 Communi
2529 717 2693 772 simul
2734 717 2878 771 inest
2911 716 3135 787 quidam
3176 725 3357 772 metus
3393 757 3408 779 ,

1825 808 1917 878 qui
1941 808 2159 879 quidem
2192 809 2509 864 necessario
2533 809 2601 863 de
2638 815 2897 878 suspecto
2919 808 3191 879 supplicio
3225 810 3408 865 susci-

1824 901 2007 969 pitur;
2045 914 2154 955 non
2195 909 2379 956 tamen
2407 902 2479 956 ab
2506 902 2801 968 omnibus,
2835 903 2930 957 sed
2978 906 3048 958 ab
3088 903 3155 959 iis
3204 904 3407 974 quibus

1824 1009 1980 1049 mens
2012 1001 2096 1049 est
2124 1003 2374 1066 prompta
2412 1004 2466 1049 et
2512 994 2691 1050 lacilis
2726 996 2791 1049 ad
2837 1005 3120 1066 peccatum
3149 1012 3164 1062 ;
3199 998 3267 1051 ad
3300 998 3408 1052 hu-

1818 1084 1911 1153 jus
1960 1083 2106 1138 enim
2150 1084 2490 1138 aversionem
2538 1093 2718 1139 metus
2778 1085 2870 1139 ille
2917 1085 3238 1154 suscipitur.
3302 1085 3406 1152 Qui

1822 1176 1967 1231 enim
2002 1175 2149 1245 degit
2179 1190 2248 1230 ex
2291 1176 2513 1238 virtute,
2549 1175 2597 1231 is
2633 1176 2854 1246 quidem
2913 1192 3143 1247 peccare
3185 1177 3403 1238 desivit,

1822 1277 1877 1324 et
1904 1285 2013 1324 non
2028 1271 2285 1340 opinatur
2313 1269 2505 1324 duram
2540 1284 2661 1324 esse
2692 1277 2943 1324 mortem.
2970 1269 3074 1334 Qui
3092 1284 3222 1324 vero
3254 1269 3407 1324 dedi-

1823 1371 1911 1420 tus
1943 1372 2026 1420 est
2055 1364 2296 1434 peccatis
2327 1403 2343 1428 ,
2399 1362 2591 1418 eadem
2629 1361 2997 1432 imprudentia
3037 1378 3144 1432 qua
3177 1370 3401 1433 peccat,

1822 1461 2049 1509 mortem
2077 1454 2250 1509 timet.
2285 1453 2672 1513 Necessarium
2706 1464 2884 1508 tamen
2936 1461 3021 1509 est
3052 1463 3111 1508 ut
3136 1456 3277 1525 hanc
3304 1457 3405 1509 im-

1820 1546 2165 1617 prudentiam
2204 1546 2292 1601 hic
2322 1555 2503 1601 metus
2541 1553 2945 1616 consequatur,
3001 1555 3070 1624 ut.
3109 1547 3203 1618 qui
3245 1547 3407 1601 time-

1818 1640 1912 1695 bat
1936 1641 1989 1695 id
2017 1641 2072 1695 in
2106 1655 2216 1711 quo
2244 1655 2358 1695 non
2384 1648 2503 1696 erat
2532 1640 2719 1704 timor,
2746 1655 2873 1695 vere
2907 1639 3097 1694 timeat
3143 1639 3288 1710 quod
3327 1641 3403 1693 ti-

1753 1712 1792 1766 Β
1823 1748 1970 1787 mere
1997 1741 2232 1804 oportet,
2262 1734 2544 1809 damnum,
2581 1733 2828 1804 inquam,
2864 1747 2929 1787 ex
2969 1739 3215 1802 peccato.
3261 1731 3401 1798 Quia

1817 1825 1987 1895 igitur
2021 1834 2211 1897 gentes
2250 1827 2494 1897 peccatis
2526 1827 2858 1889 redundant,
2893 1842 3126 1897 quorum
3187 1826 3401 1897 species

1820 1932 1926 1971 una
1964 1925 2048 1973 est
2076 1918 2443 1974 insatiabilem
2488 1933 2653 1982 esse,
2712 1918 2844 1987 ipsae
2892 1925 3023 1971 sunt
3076 1916 3181 1971 sibi
3232 1932 3399 1971 causa

1819 2009 2108 2079 supplicii,
2146 2009 2200 2064 id
2237 2017 2321 2065 est
2357 2009 2580 2078 mortis;
2620 2009 2765 2080 quod
2824 2009 3043 2078 quidem
3074 2009 3282 2063 dictum
3316 2016 3402 2062 est

1785 2087 1925 2153 ‘non
1961 2114 2083 2153 esse
2113 2114 2239 2153 vere
2277 2098 2630 2169 supplicium,
2663 2098 2807 2168 quod
2849 2106 3047 2152 natura
3093 2105 3181 2153 est
3215 2099 3398 2152 omni—

1815 2191 1917 2245 bus
1949 2189 2253 2256 delinitum,
2304 2191 2570 2246 benellcio
2631 2198 2813 2245 autem
2858 2189 3023 2244 allicit
3057 2205 3153 2245 eos
3205 2190 3299 2261 qui
3342 2191 3396 2245 in

1815 2282 1957 2336 bello
1979 2280 2210 2348 cadunt,
2256 2289 2310 2336 et
2344 2297 2439 2338 eos
2470 2282 2563 2352 qui
2607 2283 2846 2341 evadunt
2879 2282 3188 2337 incolumes
3222 2300 3235 2337 :
3284 2281 3397 2336 illis

1814 2374 2034 2444 quidem
2073 2374 2234 2428 linem
2264 2372 2525 2444 peccandi
2570 2373 2746 2436 alfcrt,
2782 2374 2865 2429 bis
2892 2389 3022 2429 vero
3075 2373 3391 2443 exemplum

1814 2465 2028 2520 timoris
2066 2465 2340 2535 proponit.
2370 2462 2546 2518 Adicit
2587 2471 2769 2518 autem
2803 2464 3090 2531 benelicio,
3137 2464 3266 2518 licet
3312 2462 3398 2531 ju-

1814 2559 1885 2614 sti
1914 2575 2036 2614 cum
2069 2559 2420 2614 multitudine
2467 2558 2614 2630 vulgi
2647 2573 2678 2611 a
2710 2557 2821 2612 vita
2873 2558 3135 2613 recedant
3168 2575 3183 2625 ;
3248 2557 3395 2613 sicut

1812 2650 1955 2705 enim
2010 2650 2228 2721 injustis
2261 2666 2411 2706 mors
2462 2660 2547 2706 est
2587 2649 2710 2704 linis
2753 2649 3059 2719 injustitiae,
3097 2649 3180 2703 sic
3220 2647 3393 2718 justis

1812 2753 2071 2814 tanquam
2101 2744 2404 2800 victoribus
2452 2743 2858 2815 quodammodo
2902 2753 2986 2798 est
3028 2742 3249 2796 initium
3298 2756 3395 2795 co-

1811 2852 2095 2891 ranarum.

1887 2926 2040 2983 Unde
2072 2927 2177 2982 hoc
2218 2942 2316 2997 per
2352 2926 2749 2997 providentiam
2781 2924 2875 2981 Dei
2924 2923 3393 2996 sapientissimam

1812 3018 2130 3073 admirabile
2174 3019 2375 3083 evenit,
2426 3027 2484 3071 ut
2509 3017 2654 3088 quod
2685 3015 2899 3071 videtur
2940 3014 3156 3085 punire,
3186 3011 3396 3068 beneﬁ-

1807 3111 1951 3164 cium
1984 3110 2095 3165 ftat.
2128 3109 2248 3165 Non
2276 3111 2399 3166 dico
2432 3110 2601 3165 videri
2632 3109 2829 3179 punire
2872 3125 2967 3177 per
3005 3123 3067 3162 ea
3101 3123 3222 3177 qua:
3247 3107 3397 3161 Deus

1803 3201 1952 3257 haud
1984 3203 2148 3257 dubie
2182 3202 2333 3267 facit,
2384 3218 2505 3272 quae
2545 3201 2744 3256 acerba
2777 3209 2832 3255 et
2868 3214 3064 3270 aspera
3107 3199 3387 3263 videntur,

1803 3292 1901 3350 sed
1947 3307 2045 3362 per
2090 3308 2155 3348 ea
2204 3308 2324 3363 quae
2369 3292 2687 3347 hominibus
2731 3289 3038 3361 transfugis
3085 3290 3388 3360 permittit;

1802 3383 2155 3456 quamobrem
2190 3383 2393 3438 bellum
2420 3384 2653 3438 istorum
2681 3397 2793 3436 non
2831 3388 2913 3436 est
2941 3396 3081 3452 opus
3112 3380 3232 3445 Dei,
3272 3381 3372 3436 sed

1801 3473 2095 3544 permissio
2144 3473 2479 3529 necessaria.
2527 3471 2588 3528 In
2630 3473 2869 3543 speciem
2905 3472 3125 3543 quidem
3172 3471 3386 3543 adpu-

1801 3565 2063 3621 niendum
2095 3572 2402 3635 peccatum,
2436 3580 2565 3620 vere
2596 3574 2775 3621 autem
2805 3565 2873 3620 ad
2901 3563 3287 3635 imponendum
3322 3564 3387 3617 li-

1800 3673 1925 3714 nem
1970 3667 2230 3729 peccato;
2279 3657 2372 3713 ubi
2421 3659 2668 3728 quamvis
2690 3657 2874 3726 justus
2939 3657 3098 3711 cadat
3155 3655 3384 3727 (justum

1800 3759 1980 3807 autem
2018 3752 2220 3807 bellare
2252 3768 2362 3807 non
2395 3752 2611 3824 decet),
2650 3753 2829 3822 majus
2862 3752 3185 3806 beneﬁcium
3237 3754 3381 3807 acci-

1798 3844 1910 3915 pit;
1966 3843 2147 3915 majus-
2189 3845 2337 3900 enim
2376 3853 2461 3899 est
2509 3844 2792 3915 percipere
2840 3842 3082 3897 fructum
3127 3843 3383 3898 laborum

1799 3920 2036 4001 virtutis,
2072 3935 2221 4007 quod
2255 3936 2360 4006 piis
2403 3943 2528 4006 post
2575 3944 2806 3991 mortem
2854 3934 3150 4005 contingit,
3192 3946 3407 4004 -quam‘

1798 4028 2049 4083 desinere
2097 4043 2346 4099 peccare.
2396 4027 2501 4093 Qui
2539 4035 2734 4083 .autem
2792 4034 2984 4081 contra
3032 4025 3149 4080 haec
3200 4023 3381 4080 disce-

1797 4127 1972 4190 ptant,
2025 4119 2344 4190 priusquam
2395 4118 2629 4189 probent
2682 4118 2886 4174 bellum
2935 4133 3061 4174 esse
3110 4132 3175 4171 ex
3228 4115 3380 4170 omni

1797 4222 1952 4283 parte
1994 4213 2219 4280 malum,
2256 4206 2467 4282 partem
2500 4211 2623 4280 ejus
2663 4221 2946 4267 accusant.
2985 4209 3044 4266 Si
3086 4209 3231 4265 enim
3260 4207 3378 4263 bel-

1798 4304 1975 4359 lorum
2009 4305 2276 4375 originem
2315 4319 2383 4360 ex
2439 4305 2684 4375 nequitia
2750 4320 2847 4374 per
2884 4319 2945 4361 se
2994 4303 3290 4358 exsistente
3323 4306 3379 4353 (et

131 4406 233 4457 σεις
265 4394 559 4462 ἐξετάζειν,
586 4395 678 4450 τοῦ
704 4397 1019 4466 ἀναγκαίως
1054 4398 1444 4468 συμϐαίνοντος
1471 4398 1691 4470 ἀκρίτου

1903 4395 2174 4466 principio
2219 4395 2463 4467 ingenito
2521 4393 2649 4449 duci
2696 4394 2909 4459 dicunt,
2950 4393 3238 4464 oportebat
3279 4405 3379 4447 eos

131 4481 390 4550 μένοντος.

1800 4486 1974 4556 ipsam
2023 4494 2276 4551 mortem,
2320 4492 2375 4539 et
2418 4483 2637 4555 quidem
2684 4486 2856 4539 solam
2905 4486 3381 4555 vituperare:su-

128 4588 511 4641 pervacaneum
535 4581 679 4633 enim
706 4589 788 4636 est
817 4595 1016 4636 causas
1045 4580 1312 4636 bellorum
1343 4586 1603 4636 excutere
1635 4588 1689 4636 et
1724 4581 2022 4653 inquirere,
2055 4596 2181 4637 cum
2208 4581 2353 4652 quod
2382 4581 2698 4639 necessario
2726 4579 2945 4645 accidit,
2998 4581 3055 4635 in
3122 4579 3178 4635 id
3224 4577 3374 4649 judio

128 4666 260 4720 cium
288 4686 397 4725 non
431 4671 608 4728 cadat.

875 4808 1006 4864 CAP.
1045 4806 1178 4862 XIII.
1221 4806 1447 4862 Mortem
1482 4807 1683 4861 malam
1711 4822 1815 4861 non
1849 4821 1983 4869 esse,
2016 4805 2208 4859 iterum
2246 4805 2617 4875 conﬁrmatur.

166 4937 305 5007 ’Πῶς
335 4946 380 5000 δ’
412 4946 476 5000 ἂν
523 4946 613 5000 τόν
666 4947 892 5000 θάνατον
938 4946 1162 4999 κακίσαι
1207 4945 1506 5017 δυνηθεῖεν,
1554 4947 1688 4999 ἁπο-

123 5028 302 5089 λὺοντά
335 5056 400 5106 γε
434 5040 531 5110 τῆς
565 5038 714 5110 ὕλης,
753 5038 894 5091 κατά
924 5038 1015 5092 τὸν
1039 5038 1195 5107 λόγον
1225 5037 1319 5091 τοῦ
1348 5037 1683 5104 ἀπατεῶνος,

122 5121 210 5193 τὴν
235 5125 439 5198 ψυχην;
466 5130 627 5181 Ὥστε
654 5130 794 5182 κατά
821 5130 918 5199 μὲν
945 5129 1044 5199 τὴν
1081 5127 1264 5200 κοινὴν
1298 5127 1453 5193 δόξαν
1486 5129 1685 5199 ἥκιστά

121 5228 178 5281 γε
211 5215 431 5283 θάνατος
457 5220 643 5274 κακόν·
683 5220 745 5273 τὸ
771 5220 881 5291 γάρ
911 5220 1223 5288 ἀναγκαίως
1245 5221 1359 5282 τοῖς
1384 5220 1516 5271 πᾶσι
1548 5236 1685 5289 συμ-

122 5307 286 5364 ϐαῖνον
311 5314 370 5366 οὑ
398 5314 586 5367 κακόν·
627 5315 800 5386 μάτην
831 5312 993 5366 αὑτὸν
1019 5312 1104 5367 διὰ
1134 5313 1257 5377 τοὺς
1288 5312 1554 5382 πολέμους
1575 5311 1686 5365 δια-

121 5401 404 5472 ϐάλλουσιν,
444 5407 595 5461 οὐδὲν
643 5406 804 5459 πλέον
849 5406 1123 5474 ἐπάγοντα
1169 5405 1278 5458 τῶν
1322 5404 1464 5458 κατὰ
1515 5403 1675 5474 φύσιν

120 5493 497 5567 ἀποκειμένων.
533 5501 597 5553 Εἰ
621 5499 677 5553 δέ
701 5517 786 5563 τις
816 5498 914 5570 τὴν
937 5499 1208 5570 πρόφασιν
1240 5498 1412 5570 αὐτὴν
1438 5496 1545 5551 τῶν
1574 5515 1674 5551 πο-

118 5579 283 5653 λέμων
308 5593 541 5658 κακίζοι,
581 5592 680 5645 εἴτ’
710 5587 804 5645 οὖν
844 5590 1032 5663 ὀργὴν,
1068 5590 1164 5643 εἴτ’
1195 5589 1415 5662 ἔχθραν,
1439 5591 1549 5643 εἴτε
1581 5590 1675 5643 καὶ

122 5675 429 5751 πλεονεξίαν,
465 5686 563 5739 οὐκ
598 5685 663 5741 ἂν
705 5680 1055 5760 διαμαρτάνοι
1092 5683 1185 5737 τοῦ
1224 5683 1550 5755 πρέποντος
1583 5683 1675 5736 ἀν-

1861 4945 2147 5015 Quomodo
2190 4955 2369 5000 autem
2404 4953 2635 5015 possunt
2666 4953 2899 5002 mortem
2932 4948 3133 5003 malam
3161 4949 3365 5017 dicere,

1791 5052 1936 5107 quae,
1963 5042 2023 5089 ut
2053 5034 2385 5090 Manichacus
2401 5035 2667 5092 fallaciter
2688 5037 2876 5103 tradit,
2909 5038 3147 5093 animam
3186 5055 3218 5095 a
3247 5058 3367 5095 ma—

1789 5129 1927 5184 teria
1969 5127 2206 5182 liberat?
2251 5126 2429 5194 Quare
2480 5130 2761 5183 communi
2805 5131 3051 5185 omnium
3094 5135 3369 5188 sententia

1788 5231 2132 5286 nequaquam
2169 5218 2373 5270 malum
2405 5224 2490 5271 est
2526 5233 2713 5273 mors:
2745 5217 2889 5288 quod
2919 5220 3063 5274 enim
3105 5237 3366 5278 necessa-

1785 5312 1871 5367 rio
1901 5310 2156 5366 onmibus
2188 5311 2408 5376 accidit,
2455 5328 2564 5367 non
2606 5321 2690 5368 est
2733 5315 2957 5367 malum.
2992 5314 3233 5370 Inaniter
3265 5332 3369 5371 au.-

1786 5412 1892 5460 tem
1927 5416 2181 5468 mortem,
2202 5419 2325 5475 qua:
2356 5416 2579 5475 propter
2629 5407 2771 5461 bella
2806 5404 3027 5472 accidit,
3060 5421 3361 5481 accusant;

1784 5510 1904 5566 quae
1927 5495 2063 5549 nihil
2086 5497 2324 5566 amplius
2348 5495 2505 5550 allert
2543 5512 2705 5567 quam
2730 5496 2889 5567 quod
2921 5499 3223 5554 secundum
3261 5517 3361 5555 mu-

1785 5597 1961 5641 turam
1994 5589 2349 5643 constitutum
2392 5597 2493 5643 est.
2527 5588 2584 5642 Si
2611 5590 2734 5659 quis
2766 5605 2897 5644 vero
2925 5591 3099 5661 ipsam
3132 5608 3359 5649 causam

1782 5681 2049 5737 bellorum
2081 5682 2279 5736 malam
2306 5695 2430 5739 esse
2453 5681 2624 5751 dicat,
2652 5683 2768 5740 sive
2794 5683 2876 5739 ira
2906 5685 3000 5751 sit,
3027 5686 3142 5742 sive
3171 5683 3366 5744 inimi-
