3782 6166
429 289 567 344 “59

1590 290 1733 347 ’ῙΙΤΙ
1769 287 2199 347 Βοδτιωςειε
2234 287 2547 347 EPISCOPI

3561 291 3691 350 “60

427 410 577 473 citia,
622 408 737 465 sive
781 397 1035 474 avaritia,
1085 426 1196 466 non
1236 410 1511 467 aberravit
1551 426 1585 465 a
1631 416 1785 467 recto
1823 417 1881 465 et
1916 410 1997 465 de-

2182 408 2343 473 ὡποις
2374 410 2556 481 μέντοι
2580 409 2855 478 λογιστέον
2886 409 3044 467 τοῦτό
3074 428 3158 483 γε,
3194 414 3478 487 μοχθηρίᾳ
3504 417 3691 490 προθέ

427 505 593 560 centi.
627 504 1001 561 Tribuendum
1034 512 1218 562 tamen
1246 514 1333 562 est
1360 506 1466 561 hoc
1495 505 1810 561 hominibus
1834 518 2003 576 pravo

428 598 613 654 animo
642 598 871 654 allectis.

501 710 655 778 Quod
696 720 875 766 autem
923 726 1073 766 mors
1115 710 1256 765 mala
1298 709 1525 765 minime
1557 710 1666 778 sit,
1699 709 1792 764 illa
1837 709 2001 765 etiam

431 808 642 860 ratione
669 813 725 860 et
764 805 850 859 via
890 804 1108 874 probari
1145 813 1347 874 potest.
1396 802 1452 858 Si
1499 803 1646 858 enim
1693 818 1842 858 mors
1892 818 2001 856 non

431 898 687 952 omnibus
713 898 932 953 deﬁnita
968 905 1021 952 et
1057 897 1277 952 decreta
1306 902 1476 959 esset,
1500 894 1772 950 accideret
1821 904 1882 949 ut
1912 894 1995 965 ju-

432 1004 550 1049 stus
608 1008 822 1062 semper
868 992 1145 1046 laboraret
1196 991 1253 1045 in
1294 990 1473 1046 stadio
1518 989 1736 1045 virtutis
1791 988 2001 1042 nullum

429 1087 664 1139 fructum
696 1084 1003 1155 percipiens
1050 1091 1244 1150 printer
1274 1081 1528 1145 sudores,
1565 1090 1619 1137 et
1661 1080 1901 1150 injustus
1945 1081 2003 1135 in

426 1176 795 1247 voluptatibus
847 1183 1197 1246 peccatorum
1237 1175 1563 1230 immortalis
1614 1173 1868 1244 degeret;
1913 1187 2004 1228 es-

427 1279 617 1341 setque
659 1277 952 1338 utrumque
989 1268 1148 1325 valde
1190 1268 1511 1324 absurdum.
1549 1267 1617 1321 At
1670 1282 1818 1322 mors
1863 1265 2002 1334 inju-

424 1370 564 1415 stam
598 1360 931 1428 voluplatem
979 1358 1317 1429 delinquenti
1357 1357 1608 1428 reprimit
1657 1366 1711 1412 et
1740 1357 1999 1421 cobibet;

424 1460 477 1505 et
506 1450 659 1521 justo
686 1452 860 1507 labori
892 1450 1129 1520 quietem
1165 1449 1343 1506 affert.
1377 1451 1592 1506 Etenim
1635 1451 1764 1519 quia
1812 1465 2002 1505 neces-

427 1545 632 1598 sarium
685 1542 1061 1598 esr'homines
1103 1558 1265 1614 posse
1320 1558 1572 1613 peccare,
1614 1541 1669 1597 id
1725 1543 1871 1612 quod
1916 1548 2003 1597 est

423 1651 591 1691 causa
648 1643 706 1689 ut
732 1637 945 1705 possint
976 1652 1042 1691 ex
1065 1637 1270 1690 virtute
1300 1637 1512 1703 vivere;
1547 1643 1789 1706 potestas
1820 1646 2000 1691 autem

427 1744 457 1781 a
489 1728 597 1782 Deo
636 1727 763 1783 data
806 1728 875 1782 ad
922 1726 1348 1798 comparandam
1413 1728 1672 1783 virtutem
1712 1728 1855 1798 apud
1887 1742 1987 1782 ma‘

2107 518 2245 566 σεως
2271 501 2413 556 οὓτω
2435 495 2874 573 διατεθέιμένοις.

2178 703 2298 757 Ὀτι
2321 703 2377 757 δὲ
2414 706 2444 759 ό
2479 703 2709 769 θάνατος
2729 706 2929 777 ἥκιστα
2956 707 3145 771 κακὸς,
3176 706 3416 781 δειχθείη
3456 710 3686 781 μάλιστα

2106 796 2171 850 ἂν
2204 796 2446 859 ἐκείνως·
2481 798 2530 849 εί
2555 799 2663 868 γὰρ
2692 797 2766 868 μὴ
2791 797 2932 851 κατὰ
2953 797 3169 851 πάντων
3198 798 3424 870 ὥριστο,
3465 802 3499 853 ὃ
3526 820 3591 856 τε
3620 803 3688 856 δί-

2104 904 2258 950 καιος
2278 887 2367 941 διὰ
2395 887 2595 951 παντὸς
2620 886 2685 941 ἂν
2716 887 2897 942 ἐπόνει
2923 888 3058 957 πρὸς
3088 889 3308 962 ἀρετὴν,
3337 890 3504 945 οὐδὲν
3534 892 3686 946 πλέον

2102 979 2211 1032 τῶν
2246 979 2482 1051 ἱδρώτων
2503 979 2903 1052 καρπούμενος,
2929 981 2958 1034 ὅ
2983 998 3043 1035 τε
3070 981 3252 1045 ἄδικος
3278 984 3338 1036 ἐν
3369 984 3604 1055 ⁴ἡδοναῖς
3631 986 3687 1039 ἂν

2102 1069 2210 1123 τῶν
2240 1071 2654 1142 ἁμαρτημάτων
2685 1071 2951 1136 ἀθάνατος
2974 1072 3149 1143 διῆγε·
3179 1074 3273 1127 καὶ
3298 1070 3367 1145 ἦν
3398 1074 3470 1130 ἂν
3506 1078 3690 1131 ἑκάτε-

2105 1180 2199 1235 ρον
2228 1163 2349 1217 λίαν
2374 1164 2598 1218 ἄτοπον.
2635 1165 2690 1218 '0
2709 1163 2767 1219 δὲ
2800 1165 3026 1229 θάνατος
3050 1167 3145 1220 καὶ
3162 1167 3260 1238 τὴν
3285 1168 3480 1222 ἄδικον
3500 1169 3691 1240 ἡδονὴν

2102 1253 2179 1325 τῷ
2194 1253 2600 1326 πλημμελοῦντι
2616 1255 3088 1321 καταστέλλει,καὶ
3102 1256 3191 1310 τὸν
3205 1257 3419 1313 δίκαιον
3436 1261 3610 1315 πόνον
3622 1262 3693 1331 τῷ

2101 1345 2578 1417 δικαιοπραγοῦντι
2592 1347 2949 1401 καταπαύσει·
2967 1348 3149 1420 ἐπειδὴ
3165 1349 3274 1422 γὰρ
3288 1352 3604 1421 ἀναγκαῖον
3616 1356 3695 1407 ἀν-

2103 1435 2343 1508 θρώποις
2360 1436 2422 1489 τὸ
2437 1435 2696 1490 δύνασθαι
2712 1438 3068 1510 ἁμαρτάνειν,
3093 1441 3265 1494 αἴτιον
3301 1441 3361 1496 ὃν
3397 1443 3503 1497 τοῦ
3540 1444 3696 1499 δύνα-

2104 1526 2229 1581 σθαι
2256 1527 2554 1601 κατορθοῦν
2571 1546 2585 1562 ·
2609 1530 2642 1600 ἠ
2668 1529 2726 1582 δὲ
2751 1529 2966 1593 ἐξουσία
2982 1532 3132 1603 παρὰ
3154 1532 3289 1586 Θεοῦ
3314 1533 3547 1589 δοθεῖσα
3562 1539 3694 1609 πρὸς

2101 1619 2201 1689 τὴν
2230 1619 2396 1673 καλοῦ
2414 1619 2656 1688 κάγαθοῦ
2685 1620 2880 1690 κτῆσιν
2910 1623 3062 1694 παρὰ
3087 1627 3200 1688 τοῖς
3223 1625 3441 1680 πλείοσι
3463 1628 3612 1699 πρὸς
3638 1629 3693 1681 ab

2103 1706 2323 1761 εὔκολον
2352 1708 2454 1779 τῆς
2481 1710 2757 1781 ἁμαρτίας
2795 1711 3095 1766 ἀποκλίνει’
3128 1715 3203 1778 ὡς
3227 1715 3693 1793 θαυμασιωτέραν

421 1818 597 1887 jorcm
627 1829 836 1890 partem
870 1796 1153 1874 homin—um
1199 1820 1266 1874 ad
1302 1819 1618 1874 facilitatem
1651 1796 1860 1891 peccati
1897 1818 1996 1874 de-

2182 1818 2237 1855 αι
2274 1801 2373 1873 τὴν
2416 1803 2617 1874 ἀρετὴν
2647 1804 2938 1878 δυσχερείᾳ
2970 1808 3455 1882 συγκεκραμένην,
3494 1813 3694 1883 ὠφέλι-

426 1913 595 1965 clinat
620 1952 634 1976 ,
672 1920 732 1968 ut
761 1913 1136 1968 admirabilior
1168 1914 1240 1967 sit
1266 1913 1442 1968 virtus
1475 1912 1784 1969 diilicultati
1823 1913 1999 1968 admi-

431 2010 537 2067 sta,
571 2002 719 2058 utilis
750 2013 835 2059 est
879 2004 1127 2074 utrisque
1173 2019 1343 2068 mors,
1369 2003 1519 2073 justo
1551 2011 1607 2058 et
1648 2002 1885 2073 injuste;
1920 2001 2000 2056 illi

426 2092 644 2163 quidem
673 2094 910 2164 quietem
950 2107 981 2146 a
1012 2092 1294 2149 laboribus
1322 2093 1498 2158 ail‘ert,
1555 2092 1683 2146 huic
1717 2107 1845 2147 vero
1873 2106 2001 2163 pec-

427 2196 672 2241 calorum
706 2185 888 2241 ﬁnem.

499 2296 556 2353 Si
589 2298 754 2369 igitur
776 2313 926 2353 mors
958 2296 1100 2352 bona
1127 2304 1232 2363 est,
1264 2302 1319 2352 et
1346 2311 1457 2351 non
1488 2296 1666 2353 solum
1698 2312 1807 2352 non
1836 2296 2001 2355 mala.

427 2395 488 2449 ut
517 2400 800 2443 ostensum
843 2394 950 2452 est,
995 2394 1049 2443 ct
1082 2403 1193 2441 non
1238 2387 1402 2442 solvit
1430 2386 1690 2451 animam,
1726 2394 1788 2440 ut
1830 2385 2006 2441 Mani-

426 2480 611 2534 climus
661 2479 938 2547 opinatur,
974 2492 1005 2532 a
1054 2477 1283 2532 materia
1332 2492 1454 2549 qua:
1503 2493 1615 2532 non
1648 2483 1754 2542 est,
1804 2476 1900 2533 sed
1936 2491 2002 2533 eo

428 2570 593 2625 modo
627 2585 788 2640 quem
831 2568 1107 2633 diximus;
1154 2585 1325 2640 quare
1361 2570 1693 2641 principium
1744 2571 2003 2641 nequitia:

428 2666 485 2719 in
513 2665 669 2720 bellis
698 2663 1153 2734 excogitabimus,
1188 2672 1243 2719 et
1277 2678 1388 2718 non
1418 2664 1603 2733 potius
1647 2664 1825 2718 solum
1858 2665 2003 2734 inju-

427 2762 573 2808 stum
611 2754 852 2807 animum
894 2767 959 2807 ac
1010 2753 1346 2807 voluntatem
1381 2752 1807 2808 accusabimus?
1846 2752 2002 2819 Quod

426 2846 573 2900 enim
622 2845 749 2900 inde
793 2845 994 2907 evenit,
1043 2843 1190 2913 quod
1243 2845 1463 2914 quidem
1503 2843 1860 2914 providentia:
1906 2842 2001 2900 Dei

427 2937 816 3006 assignabitur,
837 2937 1084 3005 justum;
1125 2950 1236 2989 non
1256 2950 1322 2989 ex
1344 2935 1487 2989 bello
1513 2935 1719 3002 solum,
1749 2935 1842 2991 sed
1865 2951 2002 3006 quo-

427 3042 643 3096 cunque
686 3027 848 3083 modo
877 3042 1026 3081 mors
1061 3024 1297 3089 accidat,
1338 3025 1593 3081 universe
1631 3026 1837 3080 bonum
1879 3041 2003 3082 esse

427 3125 644 3182 natura,
689 3117 746 3173 in
796 3118 1173 3188 superioribus
1217 3117 1538 3172 conclusum
1590 3124 1645 3173 et
1686 3117 1999 3173 confectum

2110 1894 2211 1965 μός
2232 1910 2296 1962 γε
2327 1894 2356 1946 ὁ
2377 1892 2604 1958 θάνατος
2633 1896 2931 1967 ἑκατέροις,
2963 1898 3155 1971 δικαίῳ
3178 1918 3237 1954 τε
3272 1904 3371 1955 καὶ
3622 1906 3693 1977 τῷ

2110 1985 2209 2056 μὲν
2233 1985 2552 2040 ἀνάπαυλαν
2575 1986 2683 2040 τῶν
2710 1988 2909 2054 πόνων,
2936 1988 3016 2061 τῷ
3041 1990 3097 2045 δὲ
3127 1991 3280 2056 τέλος
3304 1993 3421 2049 τῶν
3444 1996 3695 2068 ἁμαρτη-

2110 2077 2297 2148 μάτων
2327 2077 2605 2151 παρέχων.

2190 2287 2418 2357 Ἀγαθοῦ
2446 2289 2625 2343 τοίνυν
2652 2291 3060 2364 εὑρισκομένου,
3082 2294 3204 2365 οὐχὶ
3229 2295 3397 2365 μόνον
3424 2298 3503 2370 μὴ
3528 2299 3693 2354 κακοῦ

2107 2381 2200 2435 τοῦ
2233 2383 2482 2449 θανάτου,
2525 2385 2585 2437 οὐ
2624 2385 2765 2439 κατὰ
2800 2386 2892 2439 τὸν
2929 2387 3205 2451 Μάνεντος
3232 2389 3417 2458 λόγον,
3452 2391 3534 2454 ὡς
3561 2394 3690 2446 ἀπο-

2106 2474 2323 2541 λύοντος
2350 2477 2450 2547 τῆς
2478 2476 2552 2550 μὴ
2572 2476 2740 2550 οὔσης
2766 2478 2899 2553 ὕλης
2919 2480 3017 2553 τὴν
3036 2481 3231 2554 ψυχὴν,
3263 2482 3406 2538 ἀλλὰ
3430 2485 3530 2539 τὸν
3555 2489 3694 2558 εἰρη-

2110 2568 2270 2639 μένον
2291 2568 2509 2640 τρόπον,
2551 2569 2644 2623 τοῦ
2683 2571 2827 2635 τίνος
2855 2571 3014 2644 χάριν
3040 2574 3215 2646 ἀρχὴν
3239 2576 3444 2640 κακίας
3475 2580 3685 2650 ἐπινοή-

2106 2673 2299 2728 σαιμεν
2339 2658 2405 2713 ἂν
2435 2661 2547 2723 τοῖς
2590 2659 2872 2730 πολέμοις,
2920 2662 3041 2733 οὐχὶ
3080 2663 3137 2716 δὲ
3174 2664 3333 2735 μόνον
3374 2667 3480 2737 τὴν
3510 2666 3691 2720 ἄδικον

2105 2749 2362 2820 πρόθεσιν
2388 2748 2497 2803 τῶν
2526 2749 2823 2821 χρωμένων
2852 2750 3252 2824 διαϐαλοῦμεν;
3290 2753 3365 2805 Τὸ
3406 2754 3523 2826 γὰρ
3570 2757 3692 2809 ἁπο-

2107 2840 2311 2907 6αῖνον,
2348 2842 2483 2913 ὅπερ
2520 2843 2587 2897 ἄν
2628 2860 2714 2907 τις
2746 2843 3019 2913 λογίσαιτο
3046 2848 3111 2917 τῇ
3150 2846 3377 2917 προνοίᾳ
3404 2846 3504 2899 τοῦ
3535 2846 3688 2911 Θεοῦ,

2105 2932 2334 2998 δίκαιον,
2375 2934 2475 2986 οὐκ
2514 2935 2581 2988 ἐκ
2620 2935 2855 3008 πολέμου
2905 2938 3096 3008 μόνον,
3138 2938 3271 2991 ἀλλὰ
3316 2939 3463 2992 κατὰ
3517 2940 3689 2994 πάντα

2105 3026 2304 3097 τρόπον
2335 3025 2563 3081 καθόλου
2597 3031 2664 3099 τῇ
2699 3029 2860 3097 φύσει
2890 3030 3113 3098 ἀγαθὸν,
3145 3031 3205 3084 οὐ
3236 3033 3396 3102 μόνον
3424 3033 3489 3085 οὗ
3527 3033 3690 3087 κακὸν

2106 3121 2219 3182 τοῖς
2241 3118 2546 3190 ἔμπροσθεν
2570 3121 2888 3193 ἀπεδείχθη.
2919 3123 3082 3176 Ὥστε
3100 3123 3191 3176 τὸν
3212 3124 3449 3195 πόλεμον
3471 3124 3689 3195 διαϐλη-

425 3217 528 3266 ost.
562 3209 742 3276 Quare
766 3209 969 3264 bellum
997 3217 1082 3265 est
1116 3210 1510 3274 accusandum,
1547 3225 1660 3265 non
1705 3225 1854 3266 mors
1881 3224 1997 3281 qua:

2182 3228 2247 3274 1v,
2281 3212 2341 3264 οὐ
2377 3213 2466 3266 τὸν
2498 3214 2864 3268 ἀποϐαίνοντα
2894 3215 3121 3270 θάνατον
3154 3219 3552 3288 συμφερόντως
3583 3218 3689 3271 κεί-

427 3300 556 3356 inde
587 3301 806 3365 accidit,
840 3316 961 3372 quae
1010 3301 1212 3356 utiliter
1259 3303 1556 3356 constituta
1591 3309 1699 3366 est,
1747 3302 1844 3357 sed
1883 3302 2003 3356 ani-

426 3408 551 3449 mus
576 3408 640 3448 ac
670 3396 1013 3465 propositum
1045 3408 1155 3447 non
1182 3391 1331 3463 juste
1355 3393 1499 3448 bello
1522 3394 1814 3461 utentium,
1843 3395 2003 3465 cujus

429 3499 539 3541 non
561 3492 648 3543 est
672 3496 863 3541 auctor
886 3485 979 3556 qui
1012 3499 1100 3541 res
1127 3492 1350 3542 nostras
1377 3493 1656 3557 procurat.

2111 3320 2289 3375 μενον,
2314 3305 2449 3358 ἀλλὰ
2476 3305 2583 3359 τῶν
2607 3307 2927 3378 χρωμένων,
2958 3309 3052 3361 καὶ
3087 3308 3319 3379 μάλιστα
3353 3309 3428 3380 μὴ
3460 3309 3688 3373 δικαίαις·

2106 3395 2203 3466 τὴν
2232 3395 2507 3466 πρόθεσιν,
2536 3391 2605 3469 ἧς
2641 3398 2735 3466 ὅγε
2775 3399 3017 3471 προνοῶν
3047 3398 3156 3454 τῶν
3189 3399 3310 3455 καθ’
3343 3402 3501 3470 ἡμᾶς
3543 3402 3693 3455 ἅναξ»

2109 3503 2245 3551 τιος.

884 3586 1012 3677 CAP:
1051 3619 1189 3676 XIV.
1227 3618 1525 3686 Sterilitas,
1558 3619 1749 3691 fames,
1779 3627 1933 3675 terra:
1966 3629 2162 3688 motus,
2196 3640 2267 3677 an
2293 3640 2326 3679 α
2358 3624 2488 3681 Deo.
2515 3624 2670 3680 Mala
2709 3626 3007 3682 hominibus
3043 3626 3221 3684 utilia.

498 3761 715 3816 Rursus
762 3764 845 3814 est
889 3754 1037 3812 aliud
1072 3771 1244 3826 genus
1275 3769 1466 3810 eorum
1500 3770 1621 3825 qua:
1667 3752 2000 3810 Manichaeus

429 3849 877 3909 dementissimus
900 3857 1143 3909 accusat,
1167 3853 1328 3900 terra:
1353 3853 1559 3900 motum
1591 3845 1737 3911 dico,
1770 3852 2000 3916 pestem,

432 3944 628 4018 famem
655 3957 720 3997 ex
746 3941 1049 4002 sterilitate,
1074 3954 1141 3992 ex
1174 3938 1402 4007 locustis
1433 3946 1488 3992 et
1511 3937 1635 3993 aliis
1661 3937 1999 4006 hujusmodi,

430 4044 691 4105 tanquam
723 4048 753 4087 a
784 4033 1051 4102 principio
1082 4031 1363 4085 contrario
1397 4031 1510 4084 haec
1534 4029 1955 4100 proﬁciscantur
1982 4048 1996 4085 :

431 4128 611 4182 sciunt
633 4141 764 4180 vero
790 4141 1001 4190 omnes,
1038 4126 1213 4180 solere
1238 4125 1558 4195 plerumque
1599 4139 1791 4179 omnes
1825 4123 2001 4178 homi-

430 4232 551 4283 nes,
600 4216 789 4287 paucis
833 4216 1101 4286 exceptis,
1151 4216 1205 4270 in
1247 4217 1412 4272 rebus
1446 4217 1585 4272 laetis
1636 4223 1691 4271 et
1722 4214 2001 4286 prosperis

430 4309 613 4363 laxare
634 4317 864 4370 mentes,
884 4316 938 4361 et
954 4306 1334 4363 ail‘ectionibus
1360 4308 1736 4372 succumbere,
1758 4308 2001 4361 nullam—

428 4417 536 4471 que
565 4401 783 4455 virtutis
812 4408 865 4454 et
892 4400 1140 4453 laborum
1168 4399 1385 4469 pietatis
1414 4398 1737 4454 memoriam
1765 4398 1997 4453 habere:

428 4502 593 4564 atque
624 4492 728 4547 hoc
761 4492 978 4562 quidem
1009 4490 1409 4563 quodammodo
1440 4497 1806 4546 consentanee
1854 4491 2001 4545 acci-

2178 3753 2344 3823 Αὗθις
2368 3758 2555 3830 ἕτερον
2577 3753 2737 3823 εἶδος,
2763 3753 2838 3813 ὧν
2865 3761 2894 3814 ό
2919 3759 3275 3831 χαλεπώτατα
3291 3760 3505 3826 Μανεὶς
3525 3763 3693 3816 aitai-

2107 3867 2217 3918 ται,
2249 3851 2492 3922 σεισμὸν,
2517 3851 2611 3905 καὶ
2642 3850 2847 3922 λοιμὸν,
2889 3853 2983 3905 καὶ
3019 3852 3195 3923 λιμὸν,
3229 3852 3473 3924 ἀφοριῶν
3508 3871 3574 3907 τε
3603 3856 3691 3907 καὶ

2107 3941 2363 4014 ἀκρίδων,
2388 3944 2482 3995 καὶ
2506 3941 2614 3996 τῶν
2638 3942 2914 4009 τοιούτων,
2938 3943 3013 4007 ὡς
3038 3943 3099 4008 ἐξ
3121 3944 3366 4008 ἐναντίας
3390 3945 3578 4017 ἀρχῆς
3602 3949 3693 3999 καὶ

2105 4034 2265 4088 τοῦτο
2282 4034 2582 4105 γινόμενον·
2611 4035 2768 4106 δῆλον
2790 4035 2847 4089 δὲ
2868 4038 2979 4098 τοῖς
3003 4036 3224 4099 ἆπασιν,
3256 4036 3331 4100 ὡς
3355 4038 3412 4089 ἐν
3434 4038 3550 4108 μὲν
3572 4042 3689 4100 ταῖς

2107 4125 2224 4180 λίαν
2250 4126 2536 4198 εὐθυμίαις
2562 4144 2623 4180 τε
2654 4128 2748 4181 καὶ
2774 4129 3103 4201 εὐπραγίαις
3134 4128 3387 4183 εἰώθασιν
3411 4130 3498 4193 ὡς
3518 4132 3617 4184 ἐπὶ
3634 4133 3690 4184 τὸ

2107 4216 2264 4280 πολὺ,
2294 4216 2432 4289 πλὴν
2459 4216 2677 4286 ὀλίγων,
2710 4217 2909 4281 πάντες
2945 4217 3219 4289 ἄνθρωποι
3262 4218 3686 4289 διαχαυνούσθαι

2105 4307 2203 4379 τὴν
2231 4308 2487 4372 διάνοιαν,
2511 4308 2604 4361 καὶ
2632 4311 2743 4371 τοῖς
2766 4308 2991 4362 πάθεσιν
3014 4310 3574 4375 ὑποκατακλίνεσθαι,
3601 4313 3687 4366 καὶ

2112 4403 2330 4471 μνήμην
2379 4400 2583 4471 ἀρετῆς
2630 4416 2709 4453 τεν
2743 4400 2838 4453 καὶ
2885 4399 3063 4453 πόνων
3111 4399 3391 4464 εὐσεϐείας
3421 4402 3687 4474 οὐδεμίαν

2109 4491 2280 4562 ἔχειν·
2314 4492 2406 4546 κα)⁵
2433 4490 2597 4545 τοῦτό
2627 4509 2689 4561 γε
2721 4492 2946 4555 εἰκότως
2975 4492 3173 4564 τρόπον
3205 4492 3326 4545 τινὰ
3369 4511 3432 4546 συ
3442 4496 3685 4565 μϐαίνει.

430 4559 529 4640 dit.
572 4559 868 4656 Postquam
907 4559 1054 4639 enim
1097 4584 1321 4640 satietas
1349 4582 1599 4638 ciborum
1639 4591 1693 4637 et
1716 4582 1997 4652 potionum

2182 4583 2364 4651 πειδὰν
2396 4583 2505 4654 γὰρ
2527 4559 2810 4654 πλησμονὴ
2834 4559 3023 4636 σιτίων.
3041 4601 3101 4636 τε
3125 4586 3217 4637 καὶ
3237 4585 3417 4638 ποτῶν
3442 4559 3688 4660 ἀμετρος

434 4675 791 4731 immoderata
820 4684 1041 4746 pr0pter
1068 4689 1318 4745 magnam
1352 4675 1651 4729 ubertatem
1688 4673 2004 4728 hominibus

431 4767 648 4830 incidit,
692 4777 880 4822 ventre
914 4767 1196 4837 pinguiore
1242 4764 1409 4832 factu,
1460 4765 1772 4820 crassitudo
1808 4764 2006 4821 mentis

429 4864 483 4910 et
511 4857 765 4913 remissio
795 4855 1140 4928 cogitationis
1169 4855 1385 4910 accedit
1414 4874 1428 4910 :
1453 4856 1636 4910 anima
1667 4865 1847 4909 autem
1880 4869 2007 4925 gra-

429 4957 558 5003 vata
596 4949 886 5019 subjicitur
918 4947 1205 5003 aiieclibus
1237 4964 1268 5003 a
1310 4949 1526 5001 ratione
1568 4946 1782 5001 alienis.
1811 4944 1867 4999 Si
1900 4958 2004 5015 qua

431 5055 561 5095 vero
589 5041 871 5095 calamitas
921 5040 1085 5095 exiis
1114 5054 1252 5110 quas
1305 5039 1716 5093 numeravimus
1763 5037 1994 5100 accidat,

431 5135 616 5190 minus
641 5144 838 5189 curant
857 5143 1099 5188 ventrem
1137 5131 1405 5194 homines.
1441 5132 1732 5200 minusque
1761 5130 2005 5198 volupta-

430 5229 581 5283 tibus
622 5228 956 5283 inserviunt:
994 5224 1412 5297 temperantiam
1443 5232 1625 5277 autem
1661 5230 1716 5278 et
1748 5221 2002 5291 pietatem

432 5337 531 5390 pro
558 5321 703 5376 virili
747 5326 1154 5383 consectantur,
1193 5326 1266 5383 et,
1309 5316 1490 5388 quoad
1510 5315 1625 5371 ﬁeri
1661 5322 1861 5385 potest,
1892 5329 2006 5368 me-

432 5413 597 5467 liores
622 5426 803 5466 mores
829 5410 1082 5475 induunt,
1124 5410 1298 5481 pressi
1343 5409 1518 5480 magis
1543 5423 1707 5479 quam
1743 5406 2000 5462 secundis

433 5503 597 5560 rebus
640 5503 918 5559 laetiﬁcati.
953 5502 1085 5570 Quae
1121 5503 1288 5573 igitur
1328 5502 1588 5573 nequitia:
1633 5502 1999 5556 attribuemus

434 5596 690 5664 opinione
728 5596 1043 5651 Manichaai?
1106 5595 1269 5650 illane
1328 5610 1451 5665 quae
1511 5594 1700 5650 sensui
1776 5593 1998 5663 quidem

436 5687 628 5740 acerba
657 5695 806 5753 sunt,
837 5688 1030 5744 eﬂ‘ectu
1062 5704 1189 5745 vero
1222 5688 1377 5744 valde
1404 5686 1595 5743 utilia?
1629 5684 1763 5752 Quae
1804 5700 1997 5741 rursus

2100 4674 2188 4728 διὰ
2229 4674 2430 4746 πολλὴν
2468 4676 2726 4747 εὐπορίαν
2759 4676 3065 4749 ἀνθρώποις
3101 4677 3411 4746 ἐγγένηται,
3446 4682 3686 4751 γαστρὸς

2102 4767 2361 4820 ἐπιπλέον
2390 4767 2769 4838 πιαινομένης,
2795 4767 3095 4838 παχύνεται
3123 4769 3219 4838 μὲν
3246 4770 3274 4821 ό
3293 4768 3440 4832 νοῦς,
3472 4770 3688 4824 ὑπτιοῦ-

2102 4876 2194 4914 ται
2218 4859 2275 4912 δὲ
2299 4861 2327 4912 ὁ
2354 4859 2630 4930 λογισμός·
2667 4858 3009 4931 βαρυνομένη
3028 4860 3087 4914 δὲ
3113 4863 3145 4933 ἠ
3170 4859 3337 4931 ψυχὴ,
3367 4863 3490 4925 τοῖς
3510 4863 3689 4932 ἀλογία

2107 4970 2254 5017 στοις
2280 4952 2510 5006 πάθεσιν
2537 4952 2920 5006 ὑποϐάλλεται.
2956 4953 3021 5005 Εἰ
3061 4953 3120 5006 δέ
3153 4970 3239 5016 τις
3287 4954 3545 5027 συμϐαίη
3586 4956 3688 5009 τῶν

2102 5045 2549 5116 καταλεγομένων
2579 5045 2896 5118 συμφορῶν,
2926 5041 3088 5118 ἦττον
3123 5046 3222 5116 μὲν
3248 5048 3495 5118 γαστρὸς
3531 5066 3686 5120 φρον-

2101 5137 2341 5202 τίζουσιν
2368 5136 2662 5208 ἄνθρωποι,
2694 5132 2855 5208 ἧττον
2879 5136 2936 5189 δὲ
2965 5139 3086 5199 ταῖς
3114 5136 3327 5206 ἡδοναῖς
3346 5136 3683 5199 δουλεύουσι,

2107 5229 2458 5302 σωφροσύνην
2485 5246 2545 5281 τε
2571 5228 2666 5282 καὶ
2697 5227 3002 5293 εὐσέϐειαν,
3035 5229 3133 5299 ὅση
3148 5228 3399 5299 δύναμις,
3421 5229 3690 5300 μεταδιώ-

2104 5338 2280 5374 κουσι*
2313 5321 2407 5374 καὶ
2451 5320 2785 5390 βελτιοῦνται
2826 5320 2916 5372 τὸν
2943 5319 3166 5392 τρόπον,
3195 5320 3271 5384 ὡς
3298 5316 3413 5374 οἷόν
3442 5339 3535 5385 τε,
3570 5339 3687 5375 πιε-

2108 5413 2322 5484 ζόμενοι
2353 5413 2552 5484 μᾶλλον
2592 5412 2625 5483 ἢ
2658 5412 3063 5483 εὐθηνούμενοι.
3109 5413 3250 5466 Ποῖα
3280 5412 3464 5468 τοίνυν
3526 5430 3688 5486 προσ·-

2107 5505 2354 5575 οίσαιμεν
2380 5506 2445 5575 τῇ
2468 5503 2636 5575 κακίᾳ
2660 5505 2800 5558 κατὰ
2820 5505 2911 5557 τὸν
2944 5505 3155 5559 ἐκείνου
3180 5504 3341 5573 λόγον
3362 5522 3377 5572 ;
3406 5511 3480 5561 τὰ
3498 5511 3569 5579 τῇ
3593 5507 3686 5577 μὲν

2105 5592 2352 5663 αἰσθήσει
2373 5590 2611 5663 λυπηρά,
2635 5595 2701 5665 τῇ
2722 5594 2777 5646 δὲ
2806 5594 3056 5666 ἐνεργείᾳ
3080 5595 3202 5647 λίαν
3228 5595 3529 5668 ὼφέλιμα;
3560 5600 3689 5652 Ποῖα

2104 5683 2160 5738 δὲ
2187 5683 2264 5755 τῷ
2288 5683 2513 5754 ἀγαθῷ;
2546 5684 2616 5739 τὰ
2633 5675 2762 5755 ἡδέα
2791 5687 2912 5758 μὲν,
2939 5687 3054 5740 ἔστι
3079 5688 3121 5741 δ’
3148 5689 3238 5743 ὅτε
3267 5690 3683 5761 βλαϐερώτατας
