3782 6166
125 205 269 263 ίέϐἰ

1208 216 1573 275 ADVERSUS
1610 218 2034 277 MANICHEOS
2066 219 2191 276 LIB.
2234 220 2297 276 ll.

3217 229 3356 284 “62

128 326 250 399 (55)
275 330 370 383 καὶ
403 330 520 395 πῶς
551 332 612 385 οὐ
641 333 782 400 δόξει
806 334 1149 405 παιδαγωγὸς
1170 333 1310 393 εἶναι
1339 341 1536 411 μᾶλλον
1566 341 1681 415 πρὸς

1800 342 1978 399 bono?
2003 340 2247 410 jucunda
2285 355 2374 406 ne,
2427 354 2547 410 quae
2593 341 2920 413 quandoque
2960 344 3353 401 nocentissima

127 420 338 491 ἀρετὴν
371 422 406 492 ὴ
443 425 609 478 κακία
644 426 735 479 τοῦ
774 426 1013 495 ἀγαθούς
1045 429 1301 494 πολλάκις
1336 434 1465 504 γὰρ,
1497 433 1589 497 οὓς
1623 435 1697 505 μὴ

130 511 435 580 μετέϐαλεν
466 515 557 567 ἐπὶ
587 516 648 569 τὸ
687 520 930 589 κρεῖττον
960 518 1211 590 εύθηνία,
1256 524 1576 592 μετεποίησέ
1616 542 1699 589 τις

128 603 527 673 προσπεσοῦσα
555 605 697 678 λύπη
722 608 815 660 καὶ
841 610 1112 681 συμφορά·
1141 610 1346 664 δέονται
1368 611 1476 685 γὰρ
1495 613 1699 686 ἅνθρω-

127 708 224 744 ποι
268 694 365 746 καὶ
403 694 653 751 τοιούτων
699 698 858 752 τινῶν
894 700 1245 771 ἀναμνήσεων
1282 701 1422 755 κατά
1454 705 1696 776 καιροὺς,

127 783 273 855 πρὸς
298 784 357 838 τὸ
382 786 737 859 διεγείρεσθαι
773 791 864 843 τὸν
893 790 1038 857 νοῦν,
1070 792 1165 846 καὶ
1195 793 1292 863 τῆς
1324 792 1563 858 πλείονος
1601 797 1701 866 ρᾳ-

129 873 350 946 στώνης
376 878 824 936 ἀπαλλάττεσθαι.

199 966 269 1019 ΕΞ
294 969 392 1037 μὲν
407 970 513 1041 γὰρ
531 972 754 1043 εύθηνου
762 974 952 1045 μένους
970 971 1037 1047 ἦν
1061 976 1185 1031 ἰδεῖν
1197 976 1412 1041 αὐτοὺς,
1439 978 1545 1033 τῶν
1567 978 1697 1049 γοῦν

130 1059 389 1127 μεγάλων
407 1061 753 1134 ἀδικημάτων
765 1067 1151 1139 ἀπεχομένους,
1174 1074 1367 1146 μέτρια
1381 1074 1438 1129 δὲ
1452 1073 1558 1145 πλη
1566 1090 1698 1144 μμε-

126 1150 380 1216 λοῦντας,
392 1149 459 1225 ἦν
474 1156 538 1210 ἄν
550 1174 633 1220 τις
647 1156 863 1227 εὔλογος
877 1162 1209 1235 καταδρομὴ,
1224 1165 1300 1229 ὡς
1313 1167 1373 1219 οὐ
1387 1165 1525 1220 κατά
1540 1165 1695 1234 λόγον

127 1242 226 1295 καὶ
248 1243 358 1297 τῶν
370 1246 624 1302 τοιούτων
644 1250 1060 1320 συμϐαινόντων·
1077 1256 1125 1307 εί
1139 1255 1195 1309 δὲ
1222 1256 1357 1327 πρὸς
1371 1259 1579 1311 τελείαν
1599 1256 1693 1312 τοῦ

126 1336 493 1405 χορηγοῦντος
513 1337 678 1410 λήθην
697 1342 795 1413 τὴν
824 1341 1044 1415 διηνεκῆ
1066 1343 1174 1398 τῶν
1198 1347 1506 1416 ἀναγκαίων
1529 1348 1695 1417 ἀφθο-

127 1426 251 1479 νίαν
273 1427 656 1498 λαμϐάνουσιν·
673 1434 968 1503 ἀναγκαῖόν
996 1453 1125 1490 ποτε
1155 1440 1248 1492 καὶ
1261 1439 1322 1494 τὸ
1338 1440 1693 1508 διεγείρεσθαι

126 1526 250 1587 ταῖς
279 1528 582 1595 συμφοραῖς
602 1528 681 1590 εἰς
706 1526 923 1598 μνήμην
942 1526 1097 1595 Θεοῦ,
1113 1520 1221 1596 ᾧγε
1244 1529 1518 1601 προσῆκεν
1542 1531 1691 1584 ἀδιά-

127 1613 350 1668 λειπτον
393 1616 489 1685 τῆς
531 1616 672 1689 ὑπὲρ
712 1619 868 1689 ήμῶν
915 1619 1235 1689 κηδεμονίας
1275 1619 1550 1691 ὁμολογεῖν
1595 1620 1691 1692 τὴν

1798 435 1962 490 sunt?
1993 449 2135 503 saepe
2177 433 2346 498 enim,
2395 448 2535 503 quos
2582 434 2915 504 prosperitas
2963 435 3031 487 ad
3073 436 3350 491 meliorem

1797 525 2005 595 frugem
2033 540 2143 579 non
2173 525 2423 588 mutavit,
2458 524 2640 580 luctus
2668 533 2721 579 et
2753 525 3037 580 calamitas
3067 535 3351 582 converte.

1796 624 1966 670 runt:
2007 613 2251 685 indigent
2293 615 2438 669 enim
2491 615 2736 672 homines
2788 617 3114 687 quandoque
3159 617 3353 686 hujus-

1796 703 1942 758 modi
1986 704 2447 761 admonitionibus
2485 704 2554 759 ad
2601 707 2942 762 excitandam
3002 715 3261 774 mentem,
3295 720 3350 765 et

1796 804 1857 850 ut
1886 811 1919 851 a
1946 798 2115 852 multa
2144 798 2484 855 mollitudine
2503 798 2821 854 liberentur.

1863 967 1920 1024 Si
1960 972 2103 1024 enim
2132 971 2440 1027 videremus
2486 974 2740 1030 secundis
2781 976 2946 1032 rebus
2986 974 3266 1046 florentes,
3315 996 3345 1037 ε

1795 1061 2007 1131 magnis
2030 1061 2218 1116 saltem
2247 1062 2462 1131 injuriis
2486 1063 2779 1130 abstinere,
2812 1076 2865 1121 et
2887 1083 3051 1137 parva
3080 1071 3347 1126 maleﬁcia

1797 1150 2169 1214 committere,
2228 1159 2413 1222 posset
2468 1151 2663 1221 aliquis
2708 1168 2830 1207 cum
2868 1158 3188 1223 rationein
3228 1161 3346 1217 haec

1795 1240 1997 1308 invehi,
2032 1249 2289 1310 tanquam
2333 1250 2521 1297 contra
2555 1244 2818 1299 rationem
2867 1247 3218 1305 acciderent:
3256 1254 3341 1308 sin

1793 1347 1921 1387 vero
1950 1332 2226 1389 abundare
2246 1349 2459 1405 semper
2477 1336 2821 1401 necessariis,
2849 1338 3173 1397 oblivionem
3202 1359 3346 1399 sum-

1793 1440 1936 1479 mam
1983 1426 2256 1497 largitoris
2296 1427 2449 1483 all‘ert
2496 1429 2650 1496 istis,
2700 1446 2922 1488 necesse
2969 1441 3087 1500 est,
3137 1444 3199 1492 ut
3245 1438 3344 1493 ali—

1792 1515 2009 1586 quando
2056 1518 2457 1577 calamitatibus
2491 1523 2749 1577 memoria
2782 1522 2878 1579 Dei
2910 1526 3207 1596 excitetur;
3253 1532 3342 1585 cui

1793 1610 2076 1679 Oportebat
2106 1610 2224 1667 sine
2257 1612 2659 1669 intermissione
2685 1616 2892 1684 gratias
2921 1632 3081 1689 agere
3109 1635 3211 1689 pro
3241 1638 3340 1677 no-

126 1704 317 1776 χάριν.
344 1706 507 1761 Ὥστε
539 1708 801 1762 νουθετῶν
829 1709 959 1774 Θεὸς
982 1710 1299 1783 ἀνθρώπους
1331 1714 1602 1783 οἰκονομεῖ
1626 1712 1681 1765 τὰ

1793 1709 2027 1756 strarum
2069 1717 2250 1757 rerum
2282 1704 2619 1774 providentia
2667 1715 2721 1762 et
2746 1712 3153 1777 procuratione.
3188 1710 3344 1770 Unde

126 1795 377 1860 τοιαῦτα,
426 1797 525 1850 οὐκ
563 1798 730 1869 ὀργῆς
777 1815 921 1861 τινος
952 1799 1115 1853 πάθει
1144 1800 1524 1870 κατεχόμενος,
1559 1798 1692 1853 ἀλλὰ

129 1886 459 1957 κηδεμονίας
493 1888 586 1941 καὶ
617 1889 718 1959 τῆς
743 1889 850 1942 τῶν
879 1889 1145 1960 δεομένων
1170 1891 1500 1962 ἐπιστροφῆς
1531 1908 1692 1962 μετα-

130 1976 471 2047 ποιούμενος.
496 1979 628 2031 Οὺδέ
651 1979 759 2051 γάρ
780 1980 969 2049 φιλανθ
979 1980 1184 2051 ρωπίας
1204 1982 1302 2052 τῆς
1327 1982 1584 2036 ἀνωτάτω
1599 1981 1691 2036 καὶ

128 2068 392 2139 ἀκριϐοῦς
423 2068 488 2123 ἂν
528 2071 611 2142 εἴη
642 2072 704 2124 τὸ
736 2070 1149 2143 ὑποκορίζεσθαι
1174 2089 1236 2141 γε
1269 2073 1592 2145 χρηστότητι
1621 2073 1692 2127 τά

125 2159 450 2230 ἀνθρώπινα
486 2160 653 2232 πάθη,
696 2161 789 2214 καὶ
821 2162 899 2233 τῷ
930 2161 1313 2234 ἀνεπιπλήκτῳ
1338 2163 1434 2235 τὴν
1463 2163 1691 2235 αὔξησιν

127 2250 313 2314 αὐτοῖς
346 2252 677 2321 ἐπιτρέπειν·
708 2252 1014 2307 τούναντίον
1043 2251 1151 2323 γὰρ
1178 2250 1495 2323 τοῦτο’πρὸς
1527 2254 1692 2305 ἀπαν-

127 2341 377 2413 θρωπίαν
402 2344 527 2415 ὁρᾷ,
558 2343 691 2412 είγε,
726 2342 1042 2414 βουλόμενος
1068 2344 1167 2412 τῆς
1189 2343 1328 2397 κατὰ
1353 2343 1413 2396 τὸ
1442 2343 1692 2414 φαινόμε-

124 2450 214 2486 νον
243 2433 321 2504 μὴ
347 2432 651 2499 ἐξίστασθαι
672 2434 1053 2506 χρηστότητος,
1070 2433 1365 2499 ἐπιϐούλως
1380 2434 1688 2506 συγχωροίη

127 2524 262 2592 πρὸς
291 2524 510 2577 ἔκλυσιν
542 2525 738 2588 κακίας
764 2526 939 2596 πάντη
964 2526 1323 2580 καταπίπτειν
1347 2526 1471 2588 τοὺς
1491 2524 1692 2596 ἀνθρώ-

127 2631 279 2678 πους·
320 2615 461 2683 λέγω
496 2613 571 2678 δὲ,
610 2615 678 2668 τὰ
712 2617 922 2686 χρηστά
958 2616 1239 2688 παρέχων,
1267 2615 1362 2670 καὶ
1394 2615 1458 2668 τά
1485 2614 1691 2687 νομιζό-

132 2723 263 2777 μενα
317 2707 536 2779 λυπηρά
582 2709 893 2776 ἀναγκαίως
951 2710 1163 2777 ἐπάγει·
1203 2708 1325 2762 οὐδὲ
1362 2708 1470 2779 γὰρ
1507 2708 1689 2780 πατὴρ

128 2799 550 2870 πλημμελοῦντα
568 2800 729 2853 παῖδα
748 2799 961 2854 τύπτων
983 2798 1363 2871 ἀπάνθρωπος·
1385 2798 1688 2853 τούναντίον

130 2887 225 2953 μὲν
246 2885 363 2953 οὖν,
390 2893 437 2942 εί
467 2891 539 2960 μὴ
573 2890 708 2962 πρὸς
739 2890 1121 2962 ἐπιστρέφειαν
1149 2889 1270 2959 ἄγοι
1293 2887 1498 2953 τοῦτον,
1524 2889 1585 2942 ού
1609 2888 1690 2942 δό-

1793 1792 2090 1850 admonens
2120 1793 2260 1850 Deus
2285 1795 2552 1860 homines,
2581 1798 2712 1851 talia
2737 1798 3019 1869 dispensat
3048 1816 3113 1856 ac
3146 1804 3345 1874 guber-

1792 1889 1907 1947 nat,
1942 1899 2049 1937 non
2083 1885 2471 1955 perturbationi
2518 1872 2617 1942 irai
2654 1890 2976 1957 inserviens,
3030 1891 3125 1948 sed
3154 1872 3342 1948 curam

1792 1975 2123 2045 amplectens
2151 1993 2246 2033 eos
2275 1980 2646 2043 convertendi,
2675 1995 2813 2050 quos
2842 1996 2981 2051 opus
3006 1991 3090 2037 est
3117 1999 3345 2042 conver-

1791 2072 1922 2119 tere.
1965 2064 2074 2121 Nec
2120 2067 2263 2122 enim
2309 2068 2776 2130 excellentissima;
2831 2079 2886 2126 et
2917 2072 3169 2142 perfectae
3215 2092 3344 2148 erga

1791 2153 2036 2210 homines
2067 2155 2348 2211 charitatis
2370 2165 2534 2222 esset,
2564 2156 2829 2215 humanas
2861 2161 3211 2232 aegritudines
3230 2180 3342 2235 prae

1791 2242 2012 2299 lenitate
2032 2251 2355 2317 extenuare,
2382 2254 2437 2300 et
2474 2246 2865 2302 incrementum
2918 2250 3000 2305 eis
3025 2253 3342 2320 permittere

1790 2350 1901 2390 non
1930 2337 2257 2407 increpando
2285 2357 2298 2392 :
2324 2337 2455 2408 quin
2482 2338 2664 2409 potius
2692 2346 2902 2407 contra,
2936 2342 3003 2397 ad
3029 2343 3341 2400 inhumani-

1789 2436 1953 2483 tatem
1977 2429 2078 2484 hoc
2113 2438 2400 2499 spectaret,
2433 2430 2477 2486 si
2506 2444 2628 2485 cum
2665 2432 2824 2488 vellet
2852 2449 2961 2489 non
2989 2437 3240 2494 recedere
3273 2443 3341 2495 ab

1787 2532 1850 2573 ea
1900 2518 2119 2575 lenitate
2147 2535 2267 2590 quae
2312 2521 2545 2590 speciem
2589 2528 2802 2577 tantum
2849 2524 3032 2592 habet,
3076 2529 3342 2586 insidiose

1787 2608 2121 2677 permitteret
2151 2609 2208 2663 in
2249 2608 2660 2665 dissolutionem
2691 2613 2945 2683 nequitiae
2973 2619 3196 2674 omnino
3239 2621 3340 2676 hoc

1788 2698 1961 2755 mines
1993 2699 2258 2756 decidere.
2289 2699 2418 2756 Dico
2443 2710 2621 2756 autem
2654 2703 2795 2759 lenia
2837 2707 3074 2777 praebere
3104 2711 3337 2777 ratione,

1794 2799 1848 2844 et
1893 2806 1957 2846 ea
2002 2806 2121 2861 quae
2164 2792 2356 2848 acerba
2388 2802 2666 2865 putantur,
2709 2800 3021 2856 necessario
3070 2800 3336 2873 inﬂigere.

1786 2877 1899 2933 Nec
1922 2880 2067 2935 enim
2096 2886 2249 2951 pater
2275 2897 2399 2937 cum
2429 2882 2597 2938 ﬁlium
2635 2886 3035 2958 delinquentem
3071 2894 3336 2956 verberat.

127 2978 204 3046 Εει
252 2980 421 3049 φειδὼ
461 2981 727 3052 πατρικὴν
748 2982 1113 3035 ἐνδείκνυσθαι
1135 2998 1149 3011 ·
1198 2980 1317 3034 οὐδὲ
1352 2980 1563 3051 τέμνων
1591 2980 1681 3034 καὶ

1789 2967 2119 3025 inhumanas
2153 2979 2237 3026 est
2266 2989 2279 3026 :
2308 2980 2496 3026 contra
2523 2976 2725 3044 potius,
2753 2977 2801 3032 si
2832 2978 2975 3034 hunc
3010 2980 3079 3035 ad
3112 2998 3338 3040 conver-

127 3073 293 3126 καίων
327 3072 508 3142 ίατρὸς
541 3051 713 3125 ἑλκῶν
751 3073 936 3142 νομάς·
969 3071 1082 3125 ἀλλ’
1120 3073 1229 3142 ὅσῳ
1265 3071 1357 3125 τοῦ
1395 3071 1553 3139 λόγου
1584 3071 1681 3143 τῆς

1786 3060 1992 3115 sionem
2023 3076 2134 3115 non
2164 3062 2487 3128 traduceret,
2525 3075 2804 3135 paternam
2846 3072 3240 3139 providentiam
3275 3090 3343 3130 ac

125 3163 318 3235 τέχνης
340 3166 729 3235 μεταποιεῖται,
758 3164 992 3233 τοσούτῳ
1013 3163 1322 3233 φειδόμενος
1343 3161 1435 3215 τοῦ
1458 3162 1685 3233 κάμνον-

123 3269 211 3317 τος
244 3256 510 3327 προσάγει
549 3254 644 3325 τὴν
678 3252 941 3322 ἀλγηδόνα
984 3252 1092 3305 τῶν
1125 3249 1533 3323 αὐστηροτέρων
1559 3248 1684 3320 βοη-

126 3345 402 3417 θημάτων,
436 3348 512 3410 ὡς
541 3346 909 3414 ἀπολουμένου
936 3346 1032 3414 μὲν
1057 3343 1192 3415 πρὸς
1232 3341 1337 3395 τῶν
1377 3339 1545 3393 ἐλκῶν
1586 3340 1680 3395 τοῦ

126 3438 441 3508 κάμνοντος,
481 3442 530 3493 εί
566 3439 639 3512 μὴ
673 3438 856 3492 τοῦτον
884 3437 1171 3510 βοηθηθείη
1204 3433 1294 3487 τὸν
1326 3433 1543 3505 τρόπον’
1571 3448 1675 3484 σω-

124 3527 419 3601 θησομένου
452 3531 528 3596 δέ,
559 3531 727 3602 τομῆς
752 3546 811 3583 τε
840 3529 935 3583 καὶ
956 3528 1247 3599 καυτῆρος,
1280 3527 1330 3578 εί
1364 3524 1493 3588 δέοι,
1522 3539 1680 3595 προσ-

122 3620 419 3689 ἀγομένων.

1784 3150 2212 3205 misericordiam
2246 3152 2446 3210 habere
2470 3170 2578 3210 non
2611 3158 2904 3214 videretur.
2935 3160 3045 3217 Nec
3065 3166 3209 3218 enim
3235 3181 3341 3220 me-

1782 3240 1937 3295 dicus
1967 3255 2088 3294 cum
2118 3252 2268 3296 secat
2291 3250 2347 3298 et
2392 3245 2501 3297 urit
2543 3245 2699 3301 ulcus
2732 3264 2976 3318 serpens,
3011 3252 3340 3312 inhumanus

1782 3338 1900 3398 est;
1952 3331 2061 3385 imo
2101 3344 2307 3402 quanto
2359 3334 2532 3404 magis
2585 3339 2853 3393 rationem
2910 3342 3042 3398 artis
3095 3343 3337 3411 adhibet,

1783 3432 1933 3479 tanto
1977 3425 2150 3496 magis
2177 3434 2236 3481 ut
2277 3438 2537 3497 aegrotum
2586 3440 2761 3496 sanet,
2795 3432 3037 3490 dolorem
3079 3452 3146 3492 ex
3177 3454 3334 3494 seve-

1784 3516 2023 3572 rioribus
2068 3518 2323 3573 remediis
2353 3518 2596 3588 inducit;
2629 3529 2886 3592 tanquam
2917 3527 3235 3587 interiturus
3258 3532 3340 3586 'sit

1782 3623 1922 3678 aeger
1971 3609 2040 3662 ab
2084 3607 2378 3672 ulceribus,
2421 3610 2527 3663 nisi
2561 3611 2664 3665 hoc
2703 3611 2864 3667 modo
2910 3616 3201 3672 auxiliatur
3247 3622 3334 3688 ei;

1782 3702 2059 3758 sanandus
2091 3716 2239 3767 vero,
2274 3702 2513 3759 sectione
2542 3711 2596 3759 et
2624 3706 2837 3761 ustione
2870 3708 3151 3764 adhibitis.

265 3828 417 3883 .Cu.
450 3826 566 3881 XV.
606 3826 874 3882 Malorum
909 3828 1168 3895 asperitas
1207 3823 1502 3880 hominibus
1534 3819 1829 3886 tribuenda,
1859 3820 1950 3891 qui
1979 3818 2133 3873 malis
2163 3817 2472 3872 abutuntur.
2506 3819 2689 3876 Manes
2734 3839 2907 3876 secum
2938 3835 3158 3895 pugnat.

148 3938 149 3941 “
189 3944 371 4011 Ὥστε,
401 3945 542 3999 κατά
579 3945 641 3998 τὸ
680 3945 999 4014 ὑπόδειγμα,
1033 3943 1305 4016 ἄνθρωποί
1344 3945 1479 3996 εἰσιν
1518 3942 1567 3994 οἱ
1604 3940 1675 3994 τά

121 4053 181 4104 γε
220 4039 418 4111 ἀνιαρά
462 4038 738 4100 ποιοῦντες
760 4037 883 4092 καθ’
917 4036 1123 4090 ἑαυτῶν
1163 4036 1359 4106 μᾶλλον
1388 4035 1421 4106 ἢ
1463 4034 1492 4086 ὁ
1521 4034 1672 4096 Θεὸς,

118 4128 166 4180 οἱ
203 4129 303 4201 τὴν
346 4129 535 4199 χρείαν
573 4128 666 4182 καὶ
696 4129 822 4191 τοὺς
856 4128 1079 4199 καιροὺς
1108 4127 1362 4197 προθέσει
1395 4142 1460 4194 γε
1500 4126 1675 4195 οίκείᾳ

1841 3938 2223 4004 Quamobrem,
2255 3945 2315 3991 ut
2355 3938 2455 3993 ho‘c
2482 3940 2784 4011 exemplum
2839 3942 3037 4008 docet,
3090 3944 3339 4002 homines

1774 4032 1957 4101 potius
1984 4044 2147 4099 quam
2176 4028 2318 4085 Deus
2369 4038 2515 4097 sunt,
2547 4033 2639 4101 qui
2667 4048 2858 4103 aspera
2889 4042 2943 4090 et
2992 4037 3186 4091 acerba
3234 4037 3338 4092 sibi

1776 4124 2035 4188 inferunt,
2069 4124 2161 4193 qui
2191 4139 2347 4179 usum
2376 4132 2432 4178 et
2450 4128 2881 4195 opportunitates
2914 4131 3173 4200 temporis
3206 4146 3338 4202 pro—

120 4218 717 4287 προκατασκευάζοντες
738 4218 827 4270 διὰ
850 4218 957 4270 τῶν
985 4217 1199 4270 οἰκείων
1224 4214 1412 4291 παθῶν
1430 4231 1443 4245 ·
1471 4214 1545 4278 ὡς
1567 4215 1674 4286 γὰρ

1786 4215 1954 4284 posito
1982 4215 2201 4284 proprio
2236 4230 2332 4285 per
2377 4215 2601 4273 affectus
2644 4233 2775 4274 suos
2807 4230 3149 4290 pracparant:
3194 4223 3337 4277 sicut

118 4310 204 4363 τοῦ
234 4313 508 4383 καυτῆρος
540 4313 639 4381 οὐχ
668 4311 697 4362 ὁ
739 4309 919 4381 ἰατρὸς
960 4312 1102 4362 ποιεῖ
1125 4306 1215 4360 τὸν
1254 4307 1439 4379 καιρόν
1485 4324 1544 4360 τε
1583 4306 1675 4359 καὶ

116 4401 207 4473 τὴν
232 4404 443 4476 χρείαν,
472 4403 606 4457 ἀλλὰ
626 4403 687 4455 τὸ
715 4402 1068 4472 ὑποκείμενον
1091 4400 1244 4465 ἕλκος
1265 4400 1466 4455 καὶτὸν
1495 4398 1673 4469 ίατρὸν

118 4493 409 4565 ἐπείγεται,
444 4496 535 4550 καὶ
581 4495 671 4548 τὸν
708 4497 954 4565 καυτῆρα
995 4492 1166 4558 καλεῖ,
1200 4492 1339 4546 οὕτω
1374 4492 1437 4563 δὴ
1480 4492 1573 4545 καὶ
1603 4490 1673 4544 τὰ

118 4584 426 4658 ἀνθρώπινα
485 4586 630 4657 πάθη
683 4584 1034 4656 προκαλεῖται
1083 4583 1191 4636 τῶν
1244 4584 1324 4646 εἰς
1378 4581 1671 4654 θεραπείαν

119 4680 488 4733 συντεινόντων
516 4678 667 4748 παρᾶ
699 4677 834 4730 Θεοῦ
866 4676 964 4749 τὴν
1001 4675 1334 4746 ἐπιμέλειαν,
1367 4675 1568 4746 ἥκιστά
1606 4692 1670 4744 γε

115 4771 433 4844 ἀνεχομένου
457 4771 564 4824 τῶν
592 4768 912 4840 ἀνθρώπων,
945 4768 1020 4832 ὡς
1053 4767 1252 4821 οίκείου
1288 4766 1449 4838 ἔργου
1476 4768 1549 4838 μὴ
1581 4767 1669 4822 διὰ

116 4866 306 4930 παντὸς
342 4867 588 4936 προνοεῖν
610 4880 624 4893 ·
667 4860 930 4934 ἐπέτρεψε
963 4861 1059 4931 μὲν
1100 4860 1204 4934 γὰρ
1230 4859 1534 4931 ἀνθρώποις
1570 4861 1669 4931 τῆς

114 4955 303 5029 ἀρετῆς
351 4960 446 5012 καὶ
476 4958 576 5027 τῆς
618 4954 1020 5025 καλοκαγαθίας
1051 4953 1353 5025 ἐλευθέριον
1384 4954 1529 5024 ἔχειν
1567 4955 1668 5024 τὴν

114 5047 330 5117 αἰρεσιν.
372 5049 672 5121 ’Υπερείδει
707 5047 888 5119 μέντοι
928 5045 989 5099 τὸ
1026 5046 1161 5118 πρὸς
1196 5046 1266 5100 τὰ
1296 5044 1441 5117 πάθη
1472 5045 1666 5117 σαθρὸν

112 5140 256 5209 ἡμῶν
286 5143 351 5196 δι’
379 5138 454 5198 ὧν
477 5142 718 5214 ἐναργῶς
741 5142 886 5196 ἔστιν
911 5143 998 5195 ὅτε
1018 5141 1256 5194 νουθετεῖ
1282 5143 1375 5194 καὶ
1402 5139 1665 5210 ἐπιπλήτ-

112 5248 183 5283 τει
203 5251 214 5264 ·
247 5236 371 5289 οὔτε
400 5236 660 5309 διηνεκῶς
693 5236 912 5303 ἐπάγων
937 5233 1007 5286 τά
1035 5231 1428 5304 αύστηρότερα,
1464 5230 1551 5282 ἵνα
1587 5228 1660 5300 μὴ

112 5326 170 5395 τῇ
208 5326 418 5401 ἀνάγκῃ
463 5328 563 5399 τῆς
613 5325 914 5397 κατηφείας
959 5324 1019 5377 τὸ
1066 5322 1365 5393 ἐλευθέριον
1414 5318 1618 5390 ἐκϐάλῃ
1643 5336 1657 5349 ·

112 5411 221 5469 οὔτε
257 5417 452 5486 ἄφετον
496 5419 671 5488 πάντη
713 5417 813 5489 τὴν
859 5414 1033 5487 ὁρμὴν
1064 5416 1161 5485 τῆς
1210 5412 1488 5486 ῥᾳστώνης
1527 5413 1658 5483 ἡμῖν

170 5532 272 5603 (35)
306 5535 415 5590 Καὶ
462 5534 677 5600 mbo...

113 5614 249 5661 quam
278 5604 467 5659 bonum
483 5608 509 5662 Ρ
530 5606 653 5660 Haec
677 5603 933 5674 fugerunt
968 5604 1339 5673 interpretem.

373 5701 641 5760 PATROL.
676 5700 796 5760 Gn.
838 5699 1064 5761 XVIII.

1774 4308 1919 4361 enim
1943 4306 2182 4387 medicus
2208 4323 2316 4361 non
2363 4306 2513 4372 facit,
2563 4319 2618 4363 ut
2649 4326 2787 4381 opus
2831 4312 2903 4368 sit
2933 4327 3088 4368 urere
3118 4324 3171 4368 et
3197 4322 3336 4368 tem-

1775 4414 1875 4470 pus
1907 4399 2120 4463 urendi,
2145 4399 2240 4455 sed
2273 4400 2430 4456 ulcus
2460 4410 2514 4456 et
2545 4402 2813 4457 medicum
2838 4404 3059 4459 adducit
3084 4412 3137 4460 et
3164 4406 3336 4460 ustio-

1773 4507 1895 4547 nem
1924 4502 2111 4559 vocat;
2167 4492 2248 4547 sic
2301 4493 2548 4549 humanae
2593 4493 2904 4550 affectiones
2936 4493 3102 4551 Deum
3146 4511 3333 4551 accer-

1772 4592 1900 4639 sunt
1925 4584 1993 4638 ad
2012 4599 2076 4639 ea
2101 4584 2423 4649 adhibenda,
2444 4601 2563 4655 quae
2584 4585 2649 4639 ad
2672 4587 3003 4641 curationem
3026 4589 3331 4657 pertinent;

1771 4677 1865 4746 qui
1894 4678 2115 4732 minime
2161 4678 2381 4747 patitur,
2410 4678 2542 4747 quin
2591 4676 2902 4733 hominibus
2959 4693 3171 4749 semper
3208 4689 3331 4735 tan-

1768 4783 1931 4839 quam
1965 4769 2115 4839 operi
2153 4784 2252 4824 suo
2279 4769 2500 4838 provida
2530 4784 2660 4823 cura
2694 4770 3011 4841 prospiciat.
3042 4771 3332 4827 Commisit

1768 4861 1912 4916 enim
1947 4860 2276 4925 hominibus,
2313 4872 2373 4916 ut
2432 4861 2692 4917 haberent
2738 4862 2963 4918 liberam
3009 4864 3328 4919 electionem

1767 4951 1990 5007 virtutis
2018 4967 2081 5006 ac
2117 4953 2421 5021 probitatis.
2458 4953 2614 5017 Quod
2643 4961 2824 5009 tamen
2855 4956 2911 5010 in
2949 4956 3108 5011 nobis
3134 4966 3219 5011 est
3246 4956 3332 5010 in-

1768 5043 1979 5098 ﬁrmum
2008 5044 2074 5098 ad
2101 5044 2431 5107 affectiones,
2466 5044 2622 5100 fulcit
2665 5060 2730 5101 ac
2765 5047 2943 5100 ﬁrmat
2981 5062 3077 5116 per
3120 5061 3183 5101 ea
3211 5061 3332 5115 quae

1765 5135 2036 5191 interdum
2068 5135 2135 5189 ad
2169 5135 2566 5190 admonendum
2595 5143 2649 5191 et
2688 5135 3072 5206 increpandum
3105 5136 3330 5190 manife-

1765 5237 1852 5284 sto
1911 5229 2162 5298 adhibet;
2214 5245 2389 5298 neque
2437 5239 2697 5299 perpetuo
2749 5245 2869 5301 qua:
2922 5228 3225 5284 austeriora
3276 5237 3331 5284 et

1764 5323 2044 5378 acerbiora
2072 5329 2221 5389 sunt,
2247 5323 2532 5386 inducens,
2570 5331 2628 5378 ut
2666 5324 2989 5379 necessitate
3013 5329 3066 5377 et
3106 5323 3158 5376 vi
3193 5337 3329 5376 mce-

1763 5417 1906 5472 roris
1934 5416 2236 5472 libertatem
2271 5431 2379 5471 non
2405 5415 2689 5483 excludat;
2733 5432 2909 5486 neque
2936 5429 3129 5470 rursus
3161 5414 3327 5469 relin-

740 5532 984 5603 ἀγαθοῦ.
1047 5531 1114 5586 Et
1167 5530 1424 5602 quomodo
1481 5530 1679 5585 malum
1728 5547 1831 5587 non
1885 5532 2144 5587 videbitur
2190 5548 2300 5587 esse
2337 5531 2650 5601 padagogus
2700 5530 2769 5586 ad
2817 5531 3099 5596 virtutem,
3142 5528 3323 5599 potius

2920 5650 3001 5751 37‘
