3782 6166
501 275 638 331 1163

1641 277 1773 333 TITI
1818 274 2241 333 BOSTRENSIS
2278 277 2586 335 EPISCOP!

3595 285 3719 338 H’id

495 406 670 462 quens
702 391 860 447 nobis
909 391 1204 462 appetitum
1233 395 1463 466 segnitie
1507 381 1740 450 omnino.
1772 399 2033 461 solutum.

2148 398 2592 468 καταλιμπάνων,
2645 399 2733 452 ἴνα
2786 399 2859 469 μὴ
2903 399 3001 462 τὰς
3045 397 3340 468 προλήψεις
3381 397 3496 450 τῶν
3541 397 3719 450 παθῶν

495 497 564 538 ne
610 483 1026 553 anticipationes
1062 484 1405 540 aﬂ‘ectionum
1465 487 1584 541 sine
1635 489 1922 544 curatione
1973 489 2058 543 di-

495 576 713 642 mittat;
756 584 1048 647 utrumque
1077 578 1339 646 sapientia
1373 578 1633 633 incﬂ‘abili
1664 579 1733 633 ad
1767 580 2053 634 utilitatem

496 668 772 724 hominum
793 667 1069 738 dispensat
1087 677 1138 723 et
1159 670 1488 735 moderatur,
1517 671 1608 741 qui
1629 672 2056 742 uniuscujusque

493 769 706 832 tempus
740 770 1101 832 opportunum
1135 766 1304 819 novit.

564 852 755 908 Statim
791 862 848 907 ut
879 854 1079 910 videris
1133 863 1288 910 terrae
1343 863 1550 911 motum
1602 866 1696 911 aut
1747 857 2051 913 siccitatem

492 952 586 997 aut
624 945 986 1002 incursionem
1044 948 1374 1003 locustarum
1403 988 1417 1012 ,
1477 949 1639 1003 simul
1689 964 1820 1004 sane
1863 965 2052 1004 omnes

493 1033 604 1090 fere
625 1036 870 1094 homines
905 1039 1085 1093 videas
1107 1039 1172 1092 ad
1209 1048 1406 1095 metum
1436 1043 1621 1106 ﬂexos,
1658 1050 1710 1096 et
1739 1042 1805 1095 ad
1843 1044 2050 1112 suppli-

489 1127 719 1181 candum
753 1130 801 1183 ci
844 1132 933 1199 qui
969 1139 1144 1201 potest
1183 1133 1295 1187 haec
1340 1135 1626 1203 depellere.
1681 1135 1738 1188 Si
1777 1145 1954 1189 autem
1987 1151 2049 1190 ea

487 1233 608 1288 qua:
641 1221 806 1275 videri
839 1223 1012 1277 solent
1037 1225 1274 1293 jucunda
1298 1233 1350 1280 et
1381 1226 1608 1295 placida,
1641 1227 1928 1280 humanam
1959 1243 2050 1280 ra-

487 1307 684 1363 tionem
713 1311 887 1364 laxam
931 1328 993 1366 ac
1025 1314 1308 1368 remissam
1341 1315 1609 1382 reddunt;
1661 1317 1887 1371 molesta
1922 1332 2049 1372 vero

485 1407 538 1452 et
565 1401 757 1456 acerba
805 1405 1066 1469 excitant,
1102 1412 1154 1459 et
1196 1406 1261 1458 ad
1306 1413 1504 1460 statum
1536 1407 1707 1478 magis
1739 1410 1883 1478 pium
1917 1423 2049 1462 con-

486 1500 748 1547 vertunt:
790 1509 856 1548 an
915 1512 1026 1548 non
1073 1497 1218 1550 dicat
1259 1497 1457 1566 aliquis
1484 1536 1498 1560 ,
1557 1498 1647 1552 illa
1681 1499 1897 1568 quidem
1950 1515 2048 1569 pro

484 1585 826 1652 corporibus,
864 1587 976 1641 haec
1010 1603 1137 1641 vero
1164 1603 1261 1658 pro
1291 1590 1487 1644 animis
1514 1605 1543 1643 a
1569 1589 1677 1645 Deo
1712 1592 2048 1661 gubernari?

483 1672 621 1728 Num
676 1679 834 1746 igitur
875 1695 995 1748 qua:
1047 1680 1255 1736 animas
1290 1683 1354 1734 ad
1388 1683 1639 1752 pietatem
1692 1691 1745 1738 et
1790 1684 2041 1737 virtutem

483 1779 842 1831 commovent,
878 1771 1195 1840 appellanda
1226 1781 1354 1826 sunt
1391 1774 1569 1826 mala?
1596 1775 1696 1828 etsi
1726 1774 1868 1829 enim
1920 1791 2044 1830 sen-

481 1857 566 1910 sui
604 1859 974 1914 sull'erentium
1008 1863 1231 1917 molesta
1257 1873 1454 1919 suntet
1481 1866 1677 1931 tristia,
1715 1866 1784 1920 ad
1811 1868 2042 1923 salutem

485 1961 662 2004 tamen
701 1951 975 2007 hominum
1010 1957 1320 2011 necessario
1351 1958 1688 2028 inﬂiguntur.

551 2038 878 2096 Manichacus
923 2057 1050 2096 vero
1096 2044 1318 2101 demens
1362 2062 1578 2117 semper
1618 2065 1677 2103 se
1724 2064 1906 2104 secum
1942 2066 2042 2120 pu-

479 2146 646 2202 gnare
680 2133 908 2203 ignorat.
945 2133 1154 2188 Etenim
1199 2139 1243 2192 si
1289 2139 1524 2194 accretio
1570 2142 1809 2196 materia:
1839 2153 2038 2210 nocet,

477 2225 603 2293 quis
635 2241 742 2280 non
765 2227 982 2293 sentiat,
1007 2237 1195 2282 contra
1227 2244 1386 2299 quam
1415 2231 1566 2296 dicit,
1600 2233 1887 2289 accidere?
1923 2237 2038 2289 Λιι-

478 2316 690 2386 gebitur
718 2319 860 2372 enim
895 2318 1007 2373 hzcc
1035 2328 1225 2374 contra
1260 2322 1542 2386 homines,
1587 2325 1678 2394 qui
1722 2341 1933 2395 semper
1983 2331 2036 2384 in

477 2407 641 2462 rebus
672 2409 806 2465 lmtis
830 2419 883 2464 et
912 2411 1164 2466 secundis
1198 2422 1362 2479 sunt,
1412 2421 1464 2468 et
1494 2415 1704 2472 deliciis
1737 2417 2036 2490 indulgent,

475 2505 532 2553 et
567 2501 740 2554 ventri
763 2509 817 2555 et
845 2503 1214 2572 voluptatibus
1241 2504 1381 2558 infra
1407 2497 1648 2562 ventrem
1683 2509 1994 2566 deserviunt
2021 2530 2036 2566 :

475 2589 752 2644 minuetur
782 2609 909 2647 vero
939 2595 1286 2650 vehementer
1307 2595 1466 2661 fame,
1498 2607 1668 2667 peste.
1702 2610 1894 2667 morte,
1917 2620 2038 2674 quae

474 2694 582 2734 non
608 2683 927 2750 permittunt
950 2687 1210 2754 proiicere
1231 2701 1349 2741 eam
1381 2689 1446 2743 ad
1488 2691 1815 2759 injustitiam
1846 2708 2036 2752 accre-

474 2775 660 2829 tionis.
691 2775 1052 2840 Quamobrem
1077 2789 1504 2836 consentaneum
1537 2792 1674 2846 erat,
1709 2793 1767 2838 ut
1799 2786 1912 2840 hazc
1939 2804 2037 2857 po-

473 2865 585 2920 tius
617 2876 834 2922 vocaret
861 2868 1022 2933 bona,
1050 2874 1438 2928 convenienter
1474 2890 1576 2929 suo
1609 2875 1961 2934 fundamento
1983 2888 2038 2935 et

473 2958 762 3028 principio,
797 2975 958 3029 qnam
977 2963 1114 3015 mala
1141 2983 1154 3018 :
1187 2964 1265 3019 sic
1291 2965 1434 3018 enim
1462 2968 1736 3023 meliorem
1769 2973 2034 3026 rationem

2158 490 2408 552 ἀνιάτους
2441 489 2607 563 ἀφίῃ·
2655 489 2888 561 ἑκάτερα
2912 489 2968 543 δὲ
3000 490 3219 560 ἀρρήτῳ
3255 487 3420 559 σοφία
3463 504 3604 557 προς
3632 490 3715 539 ﬁv—

2157 578 2387 650 θρώπων
2436 579 2698 648 ὠφέλειαν
2745 583 3016 650 οἰκονομεῖ
3083 580 3308 633 ἑκάστου
3387 579 3485 632 τὸν
3535 579 3718 631 δέονπ

2155 669 2343 741 καιρὸν
2377 669 2756 740 ἐπιστάμενος.

2223 853 2426 906 Αὐτίκα
2480 852 2608 916 ἴδοις
2653 853 2718 906 ἂν
2779 853 3018 925 σεισμὸν,
3069 853 3101 923 ἢ
3155 853 3359 924 ὄμϐρου
3410 851 3713 919 ἔνδειαν,ἦ

2153 945 2387 1016 ἀκρίδων
2429 944 2713 1016 ἐπιφορὰν,
2837 945 2953 1015 ἅμα
3005 946 3185 1015 σχεδὸν
3230 948 3482 1006 ἅπαντας
3515 944 3715 1013 ἀνθρώ-

2152 1054 2285 1100 πους
2317 1036 2451 1106 πρὸς
2486 1037 2768 1091 εὐλάϐειαν
2799 1037 3255 1107 ἐπικλινομένους,
3298 1038 3391 1089 καὶ
3427 1035 3572 1106 πρὸς
3619 1037 3717 1087 ἱκε-

2153 1128 2272 1180 σίαν
2311 1127 2404 1180 τοῦ
2451 1132 2779 1198 μεταγαγεῖν
2819 1129 2886 1182 τὰ
2920 1128 3144 1182 τοιαῦτα
3189 1127 3517 1197 δυναμένου.
3572 1127 3636 1179 Εἰ
3669 1127 3720 1179 δε

2148 1221 2216 1273 τὰ
2261 1221 2358 1291 μὲν
2387 1221 2644 1274 δοκοῦντα
2677 1221 2920 1292 συνήθως
2958 1221 3089 1290 ἡδέα
3138 1221 3226 1273 καὶ
3255 1218 3473 1290 χρηστὰ
3499 1219 3596 1270 τὸν
3637 1220 3720 1272 ἀν-

2150 1310 2414 1380 θρώπινον
2457 1312 2713 1381 λογισμὸν
2755 1313 2955 1364 ὑπτιςῖ.
2996 1311 3064 1364 τὰ
3102 1312 3158 1364 δὲ
3201 1311 3399 1380 ἀνιαρὰ
3438 1309 3718 1378 διεγείρει,

2149 1405 2242 1456 καὶ
2274 1405 2562 1476 συστρέφει
2595 1405 2728 1476 πρὸς
2765 1403 3149 1474 εὐσεϐεστέραν
3189 1403 3533 1456 κατάστασιν
3554 1419 3570 1432 ο
3613 1401 3720 1463 πῶς

2146 1497 2244 1549 οὐκ
2274 1497 2337 1551 ἄν
2364 1515 2447 1560 τις
2475 1499 2656 1551 ἐκεῖνα
2685 1498 2779 1567 μὲν
2805 1498 2941 1568 ὑπὲρ
2970 1497 3256 1566 σωμάτων,
3282 1495 3462 1548 ταῦτα
3495 1495 3558 1547 δὲ
3591 1495 3718 1565 ὑπὲρ

2144 1589 2328 1659 ψυχῶν
2362 1589 2493 1659 φαίη
2521 1589 2654 1660 πρὸς
2689 1589 2822 1642 Θεοῦ
2846 1588 3192 1652 διοικεῖσθαι;
3221 1584 3345 1658 Ἆρ’
3391 1583 3494 1639 οὖν
3552 1586 3623 1638 τὰ
3653 1585 3720 1636 διο

2147 1682 2426 1753 εγείροντα
2455 1681 2631 1751 ψυχὰς
2664 1683 2742 1743 εἰς
2764 1680 3040 1733 εὐσέϐειαν
3063 1697 3119 1732 τε
3150 1681 3240 1733 καὶ
3261 1680 3467 1751 ἀρετὴν
3498 1679 3719 1747 κλητέον

2143 1773 2287 1827 κακά
2312 1791 2325 1836 ;
2355 1773 2454 1827 κᾶν
2483 1775 2590 1844 γὰρ
2615 1775 2679 1842 τῇ
2704 1772 2951 1843 αἰσθήσει
2978 1770 3086 1824 τῶν
3113 1770 3496 1840 ὑποκειμένων
3522 1768 3716 1838 ἀνιαρὰ

2139 1865 2402 1935 τυγχάνῃ,
2452 1864 2587 1934 πρὺς
2639 1863 2818 1934 μέντοι
2877 1862 3150 1933 σωτηρίαν
3199 1860 3513 1932 ἀνθρώπων
3558 1862 3715 1926 ἀναγ-

2141 1957 2308 2020 καίως
2331 1956 2616 2021 ἐπάγεται.
2928 1965 2934 1975 ·

2221 2050 2280 2102 Ὀ
2323 2050 2500 2120 μέντοι
2530 2049 2663 2120 πρὸς
2693 2048 2942 2120 ἀλήθειαν
2971 2049 3161 2119 Μάνης
3193 2045 3368 2116 πάντη
3400 2042 3586 2113 ἑαυτῷ
3623 2060 3714 2112 μσς

2139 2139 2364 2210 χόμενος
2389 2142 2606 2209 ἀγνοεῖο
2640 2144 2687 2194 εἰ
2735 2141 2842 2212 γὰρ
2883 2140 3179 2209 ἐπιϐλαϐὴς
3219 2139 3319 2207 τῆς
3366 2137 3510 2205 ὕλης
3542 2137 3577 2205 ή
3627 2134 3713 2186 αὖ-

2142 2229 2312 2303 ξησις,
2354 2233 2438 2296 τίς
2487 2235 2585 2286 οὐκ
2621 2233 2685 2286 ἂν
2729 2233 2988 2297 αἴσθοιτο,
3025 2233 3100 2294 ώς
3137 2229 3450 2283 τούναντίον
3498 2229 3530 2299 ἥ
3575 2228 3712 2294 λέγει

2141 2324 2454 2396 συμϐαίνει;
2490 2324 2858 2396 Δὺξηθήσεται
2896 2327 2991 2395 μὲν
3015 2323 3130 2395 γὰρ
3160 2323 3296 2393 αὕτη
3332 2324 3480 2374 κατὰ
3505 2318 3710 2386 magna-

2138 2435 2254 2471 πων
2286 2418 2659 2482 ἀδιαλείπτως,
2701 2418 3128 2488 εὐθηνουμένων,
3158 2416 3250 2469 καὶ
3275 2417 3522 2488 τρυφαῖς
3564 2415 3711 2480 ἐσχο-

2137 2510 2394 2574 λακότων,
2429 2511 2624 2581 γαστρὶ
2666 2509 2758 2562 καὶ
2804 2512 2913 2573 τοῖς
2950 2509 3086 2579 μετά
3140 2506 3385 2576 γαστέρα
3437 2503 3710 2557 δουλευόν-

2135 2620 2241 2656 των
2267 2620 2281 2635 ο
2319 2603 2677 2673 μειωθήσεται
2713 2601 2769 2654 δὲ
2811 2603 2889 2664 εἰς
2918 2602 2986 2653 τὰ
3023 2600 3256 2671 μάλιστα
3292 2597 3382 2649 διὰ
3417 2595 3598 2665 λιμῶν
3627 2594 3709 2645 καὶ

2135 2695 2335 2766 λοιμῶν
2373 2697 2466 2748 καὶ
2506 2695 2748 2748 θανάτων
2782 2693 3022 2764 πρόοδον,
3059 2691 3231 2761 ταύτῃ
3273 2690 3349 2760 μὴ
3392 2687 3710 2756 ἐπιτρεπόν-

2134 2802 2243 2839 των
2277 2786 2411 2858 πρδς
2438 2784 2648 2839 ἀδικίαν
2677 2782 2976 2853 αὐξήσεως,
3005 2783 3164 2834 Ὥστε
3204 2780 3300 2832 καὶ
3333 2779 3489 2840 εἰκὸς
3520 2773 3589 2846 ἦν
3620 2777 3707 2827 αὖ·

2133 2875 2225 2929 τὸν
2251 2875 2430 2945 ἀγαθὰ
2461 2876 2628 2928 ταῦτα
2660 2875 2840 2928 καλεῖν
2866 2875 3003 2928 κατὰ
3035 2873 3132 2944 τὴν
3161 2871 3424 2925 ὑπόθεσιν
3459 2872 3560 2939 τὴν
3590 2871 3704 2921 ἐαυ·

2134 2967 2226 3020 τοῦ
2284 2968 2480 3038 μᾶλλον
2511 2967 2542 3038 ἢ
2575 2967 2750 3021 κακά·
2779 2967 2920 3020 οὕτω
2955 2965 2997 3018 δ’
3024 2965 3088 3018 ἂν
3131 2965 3274 3029 ἔδοξε
3305 2962 3584 3032 βελτίονος
3619 2964 3702 3026 ἐξα

474 3049 747 3106 videretur
779 3062 1079 3120 assecutus,
1119 3071 1280 3124 quam
1316 3057 1362 3110 si
1409 3073 1598 3113 rursus
1631 3063 1837 3117 ratione
1893 3063 2033 3120 refe-

2143 3059 2350 3113 ικέσθαι
2382 3060 2563 3128 λόγου,
2587 3062 2634 3112 εἰ
2664 3060 2736 3130 μὴ
2765 3059 2923 3113 πάλιν
2949 3057 3014 3110 τὰ
3041 3056 3168 3128 ἡδέα
3194 3055 3332 3126 πρὸς
3363 3053 3536 3116 ἄλλας
3563 3055 3701 3105 ἐναν-

473 3159 598 3198 rens
622 3143 857 3215 jucunda
901 3146 966 3201 ad
1007 3149 1111 3200 alia
1159 3150 1431 3203 contraria
1480 3151 1781 3221 principia,
1838 3169 2031 3212 rursus

471 3237 612 3291 mala
647 3245 928 3300 vocasset;
963 3247 1191 3309 utraque
1233 3242 1377 3296 enim
1412 3250 1540 3308 sunt
1571 3244 1708 3299 bona
1741 3248 1950 3303 ratione
1999 3264 2032 3303 a

474 3327 581 3383 Deo
610 3328 755 3383 data.
789 3331 860 3382 At
891 3330 980 3386 ille
1025 3331 1269 3401 gaudens
1319 3342 1542 3402 peccato
1571 3338 1636 3391 ad
1677 3340 2032 3395 constituen-

469 3417 590 3473 dam
620 3427 673 3475 et
711 3420 1051 3475 conﬂandam
1086 3423 1383 3493 nequitiam
1417 3440 1511 3494 per
1546 3441 1624 3490 se,
1663 3437 1720 3481 ut
1750 3430 2026 3498 Opinatnr,

469 3511 876 3578 consistentem,
910 3513 1150 3568 dolorem
1201 3516 1343 3584 capit
1391 3532 1458 3571 ex
1513 3521 1902 3579 monitionibus
1935 3523 2029 3581 Dei

466 3601 798 3667 ellicacihus,
827 3604 1025 3673 quibus
1073 3607 1324 3661 meliores
1360 3606 1488 3662 facti
1533 3609 1801 3677 homines,
1838 3622 1891 3670 ct
1922 3631 2027 3669 sa:-

464 3709 760 3763 penumero
830 3697 996 3768 aliqui
1045 3697 1280 3766 perfecte
1331 3699 1399 3753 ad
1457 3701 1709 3757 virtutem
1753 3705 2026 3775 traducti,

466 3785 661 3856 dogma
691 3786 808 3856 ejus
842 3787 1040 3844 falsum
1063 3805 1185 3844 esse
1217 3789 1514 3845 declarant.

535 3875 614 3930 Ad
646 3877 758 3931 lucc
788 3881 990 3943 omnia,
1025 3880 1070 3935 si
1106 3896 1215 3935 non
1264 3881 1535 3937 accideret
1579 3885 1871 3955 aliquando
1895 3929 1911 3954 ,
1967 3897 2028 3944 ut

466 3985 585 4040 quite
629 3968 772 4025 Deus
803 3973 1167 4026 communiter
1205 3976 1459 4029 omnibus
1506 3975 1820 4032 hominibus
1859 3979 2027 4034 donat

463 4069 518 4116 et
573 4062 824 4132 largitur,
881 4063 1316 4133 prohiberentur,
1347 4065 1684 4136 largitionem
1731 4085 1920 4124 eormn
1961 4085 2026 4126 ac

465 4153 953 4224 suppeditationem
995 4154 1063 4208 ad
1110 4153 1218 4208 vim
1249 4156 1480 4225 alicujus
1514 4167 1722 4213 naturae
1771 4161 2028 4216 immuta-

464 4244 590 4299 bilis
628 4245 873 4300 homines
923 4245 1270 4312 retulissent;
1307 4262 1482 4317 neque
1515 4265 1638 4304 cum
1670 4252 2022 4320 acciperent,

464 4336 670 4402 gratias
698 4335 949 4407 largienti
977 4337 1250 4407 egissent;
1273 4354 1448 4409 neque
1475 4339 1757 4405 habentes,
1782 4358 2020 4412 unquam

465 4427 766 4498 petiissent.

532 4516 826 4574 Privantur
857 4518 1025 4588 igitur
1054 4516 1326 4573 interdum
1373 4517 1441 4572 ad
1476 4519 1638 4575 breve
1667 4530 1879 4591 tempus
1905 4563 1920 4588 ,
1962 4533 2022 4578 ut

462 4620 681 4682 petant;
711 4621 765 4667 et
794 4627 987 4667 rursus
1017 4612 1311 4682 accipiunt,
1344 4619 1402 4666 ut
1423 4613 1626 4684 gratias
1659 4625 1822 4684 agant
1851 4618 1901 4670 ei
1927 4618 2021 4686 qui

461 4705 586 4769 dat,
619 4713 976 4775 agnoscentes
1021 4705 1199 4774 ipsum
1233 4720 1355 4759 esse
1400 4705 1492 4774 qui
1535 4707 1770 4774 pmbet,
1824 4716 1877 4761 et
1911 4723 2020 4762 non

461 4797 567 4849 alia
597 4797 864 4866 quaepiam
892 4805 1086 4850 natura
1116 4796 1467 4866 suppeditans
1493 4806 1686 4865 praeter
1711 4796 1898 4861 Deum,
1924 4815 2021 4852 ex-

463 4902 586 4956 pers
619 4886 809 4953 judicii
839 4894 892 4942 et
926 4887 1301 4942 immutabilis.
1345 4885 1473 4942 Vult
1528 4898 1708 4942 autem
1764 4887 1926 4951 Dcus,
1961 4897 2020 4944 ut

457 4979 508 5034 ei
530 4979 734 5050 gratias
765 4978 996 5033 habeant
1035 4979 1302 5042 homines,
1333 4994 1442 5049 quo
1483 4978 1759 5048 digniores
1798 4980 1928 5035 ﬁant
1959 4991 2019 5036 ut

460 5073 602 5126 dona
638 5071 756 5140 ejus
783 5071 1070 5140 accipiant,
1105 5086 1213 5124 non
1261 5079 1317 5123 ut
1349 5071 1465 5140 ipse
1505 5070 1740 5125 fructum
1781 5073 2016 5142 aliquem

459 5162 564 5217 sibi
611 5171 795 5216 metat.
837 5159 963 5214 Vult
1010 5167 1190 5214 autem
1225 5175 1320 5214 eos
1359 5161 1500 5214 bona
1547 5169 1752 5229 petere,
1784 5171 1844 5214 ut
1873 5162 2018 5215 acci-

461 5253 668 5321 pientes
695 5267 792 5316 ea,
841 5267 966 5306 eum
1019 5251 1256 5324 sentiant
1282 5251 1373 5320 qui
1407 5252 1755 5321 suppeditat:
1790 5252 1882 5321 qui
1928 5253 2018 5307 lae-

529 5405 640 5476 (δέ)
679 5405 834 5474 Πρὸς
869 5404 938 5476 δὲ
979 5405 1139 5459 τοὺτ.
1176 5403 1298 5458 Ηιοο
1330 5405 1596 5460 habentur
1631 5407 1683 5459 in
1727 5404 2017 5459 Parallelis

461 5471 860 5546 pa‘ntascfpag.
889 5475 1012 5546 788,
1038 5476 1536 5546 exstatitque_ittl't'a
1564 5478 1620 5530 in
1651 5475 1922 5546 Supplem.
1949 5475 2018 5530 ad

461 5539 760 5616 hos_i_i_brus
789 5539 892 5616 Titi
929 5545 1258 5616 Bostrensis,
1279 5539 1314 5616 ’ᾗ
1348 5542 1434 5600 ΙΙΙ.

551 5609 639 5686 ἒξ)
865 5613 989 5686 Leg.
1017 5628 1141 5686 cum
1162 5609 1363 5686 Rara'll.
1392 5617 1440 5667 εἰ
1467 5615 1815 5686 μηδεμία-τίς
1847 5619 2011 5669 ἐστιν.

604 5682 638 5746 i)
689 5680 864 5734 Ἀνέθ.
909 5680 1108 5736 Ρὶιιτιιι.
1153 5683 1443 5754 ἠθέλησαν.
1467 5680 1618 5740 ’Μοιί
1651 5684 1729 5756 τῷ
1764 5686 1883 5756 Θεῷ
1916 5701 2014 5756 pro

2133 3151 2254 3215 τίας
2298 3153 2471 3223 ἀρχὰς
2501 3151 2579 3222 τῷ
2623 3151 2763 3221 λόγῳ
2809 3151 3008 3220 φέρων,
3044 3145 3196 3211 αὖθις
3243 3147 3393 3201 κακὰ
3443 3145 3703 3217 προσηγὸ-

2139 3261 2355 3315 ρευσενο
2410 3244 2588 3312 ἀγαθά
2631 3244 2739 3314 γὰρ
2787 3243 3066 3313 ἀμφότερα
3115 3241 3257 3310 λόγῳ
3303 3240 3448 3310 πρὸς
3508 3235 3700 3306 ἀγαθοῦ

2132 3336 2266 3390 Θεοῦ
2311 3337 2640 3406 ἐπαγόμενα.
2696 3336 2753 3388 Ὀ
2803 3336 2857 3388 δὲ
2905 3334 3108 3404 χαίρων
3158 3335 3223 3402 τῇ
3273 3333 3530 3402 ἁμαρτία
3579 3330 3701 3402 πρὸς

2134 3429 2389 3482 σύστασιν
2425 3429 2522 3500 τῆς
2556 3426 2890 3498 ὑφεστώσης,
2936 3427 3009 3489 ὡς
3046 3426 3236 3486 οἱέται,
3272 3425 3502 3487 κακίας,
3531 3423 3701 3475 λυπεῖ-

2129 3537 2220 3574 ται
2251 3521 2383 3590 πρὸς
2416 3521 2513 3584 τὰς
2544 3521 2782 3589 ὲνεργεῖς
2813 3517 2905 3571 τοῦ
2947 3519 3081 3570 Θεοῦ
3124 3516 3497 3587 νουθετήσεις.
3541 3515 3610 3566 δι’
3634 3508 3698 3567 ὧν

2131 3611 2402 3681 ἄνθρωποι
2454 3609 2842 3680 βελτιούμενοι,
2897 3608 3156 3671 πολλάκις
3197 3608 3254 3660 δὲ
3299 3607 3436 3659 ἔνιοι
3488 3603 3698 3664 τελείως

2129 3703 2266 3773 πρὶς
2301 3701 2361 3754 τὸ
2391 3703 2632 3772 κρεῖττον
2665 3697 3138 3769 μεταϐαλλόμενοι,
3174 3694 3488 3748 ἀσύστατόν
3519 3709 3580 3760 γε
3613 3691 3698 3742 αἱ·

2127 3794 2219 3847 τοῦ
2244 3793 2301 3846 τὸ
2331 3793 2504 3863 δόγμα
2535 3792 2633 3860 τῆς
2662 3791 2865 3861 πλάνης
2894 3789 3270 3857 ἀποφαίνουσι.

2198 3883 2340 3953 Πρδς
2365 3882 2421 3934 δὲ
2452 3879 2660 3943 τούτοις
2686 3881 2793 3948 (54)
2830 3880 2998 3932 ἅπασι
3031 3877 3138 3930 τῶν
3167 3875 3414 3947 συνήθως
3439 3876 3546 3928 ὑπὸ
3575 3875 3699 3927 Θεοῦ

2125 3971 2480 4044 δωρουμένων
2534 3973 2682 4039 κοινῇ
2727 3971 2890 4023 πᾶσιν
2939 3968 3246 4038 ἀνθρώποις
3296 3968 3543 4037 μηδεμία
3593 3967 3695 4036 (531

2126 4063 2271 4115 ἔστιν
2308 4065 2394 4116 ὅτε
2433 4061 2707 4114 συνέϐαινε
2747 4058 3000 4123 κώλυσις,
3035 4061 3176 4130 φορᾷ
3216 4057 3437 4127 φύσεως
3465 4058 3530 4110 ἄν
3565 4074 3693 4118 τινος

2126 4154 2498 4224 ἀμεταϐλήτου
2535 4153 2632 4223 τήν
2666 4151 2927 4222 χορηγίαν
2965 4151 3142 4203 αὐτῶν
3182 4148 3451 4202 ἀνέθεσαν
3485 4151 3593 4219 (36)
3623 4151 3695 4202 ἀδ-

2126 4244 2365 4316 θρωποι·
2411 4244 2505 4298 καὶ
2557 4244 2657 4296 οὐκ
2695 4241 2934 4312 ἂνομὲν,
2977 4241 3257 4311 δεχόμενοι
3303 4239 3507 4304 ταῦτα,
3553 4243 3690 4318 χάριν

2123 4335 2474 4406 ὡμολόγησαν
2503 4333 2581 4406 τῷ
2613 4334 2824 4399 διδόντι,
2854 4335 2953 4387 οὐκ
2981 4334 3045 4388 ἂν
3083 4333 3137 4385 δὲ
3170 4333 3410 4403 ᾔτησαν,
3452 4331 3529 4402 μὴ
3557 4331 3686 4400 ἔχων

2055 4419 2100 4476 D
2127 4445 2237 4491 τες.

2194 4519 2510 4590 Στεροῠνται
2535 4516 2820 4589 τοιγαροῦν
2849 4516 3016 4570 ὲνίοτε
3041 4515 3179 4586 πρὸς
3197 4515 3405 4584 ὀλίγον,
3439 4521 3532 4574 ἴνα
3557 4519 3686 4586 αἰτή-

2124 4627 2291 4663 σωσυ
2325 4611 2416 4663 καὶ
2464 4609 2706 4679 δέχονται
2750 4604 2924 4671 αὖθις,
2972 4606 3057 4659 ἵνα
3100 4605 3262 4676 χάριν
3309 4607 3687 4680 ὡμολογὴππ

2120 4700 2197 4770 τῷ
2228 4699 2582 4771 χορηγοῦντι·
2631 4698 3005 4768 γινώσκοντες,
3048 4697 3123 4760 ὡς
3166 4698 3334 4758 αὐτός
3383 4700 3456 4767 γέ
3507 4697 3686 4752 ἐστι·ιὸ

2122 4792 2391 4864 παρέχων,
2423 4793 2516 4845 καὶ
2539 4793 2600 4844 οὐ
2635 4792 2791 4860 φύσις
2821 4788 2952 4861 ἄλλη
2977 4805 3061 4851 τις
3085 4789 3236 4858 παρὰ
3262 4789 3360 4842 τὸν
3389 4789 3532 4843 Θεὸν
3560 4792 3685 4859 ἀκριο

2119 4886 2212 4949 τός
2248 4903 2306 4938 τε
2335 4885 2428 4939 καὶ
2456 4885 2828 4957 ἁμετάϐλητος
2854 4884 2965 4951 (37)
3005 4885 3039 4952 ἡ
3073 4883 3410 4953 χορηγοῦσα.
3451 4882 3683 4938 Βούλεται

2118 4977 2174 5030 δὲ
2207 4978 2237 5028 ὁ
2274 4976 2403 5040 Θεὸς
2429 4977 2622 5029 εἰδέναι
2654 4976 2813 5047 χάριν
2852 4973 3170 5042 ἀνθρώπους
3204 4974 3382 5044 αὐτῷ,
3415 4976 3513 5027 ἵνα
3545 4973 3683 5041 ἀξιώ-

2117 5087 2262 5141 τεροι
2293 5070 2387 5123 τοῦ
2429 5069 2723 5140 λαμϐάνειν
2766 5067 2832 5120 τὰ
2875 5069 3005 5138 παρ’
3045 5064 3208 5118 αὐτοῦ
3253 5068 3560 5133 γένωνται,
3602 5067 3680 5131 οἰχ

2120 5163 2206 5215 ἵνα
2244 5181 2296 5217 τι
2341 5161 2697 5234 καρπώσηται
2743 5161 2823 5223 εἰς
2868 5158 3076 5213 ἑαυτόν.
3117 5157 3381 5212 Βούλεται
3421 5159 3483 5214 δὲ
3527 5157 3679 5228 ἀγαθὲ

2117 5253 2337 5316 τούτους
2381 5255 2583 5315 αἰτεῖν,
2640 5251 2727 5304 ἴνα
2772 5249 3050 5324 δεχόμενοι
3106 5249 3370 5319 αἴσθησιν
3417 5251 3520 5304 τοῦ
3573 5263 3679 5320 χορ·

2117 5405 2195 5460 τῶ
2216 5406 2429 5460 διδόντι.

2166 5459 2302 5546 ⁸(57)
2354 5459 3043 5547 Ἆμετάσλητος.γΡτιιδιι11.
3099 5477 3543 5547 ἀμεταμέλητος.
3584 5471 3652 5526 L0

2118 5561 2242 5600 cum
2296 5548 2566 5616 integrum
2605 5551 2686 5600 sic
2726 5546 2904 5602 reddit
2949 5546 3184 5600 Billius:
3215 5549 3671 5615 Agnosccntes...-.

2119 5633 2221 5670 non
2245 5615 2468 5671 alteram
2491 5619 2727 5684 quamvis
2749 5629 2939 5684 p‘rwter
2965 5618 3126 5670 Deum
3153 5629 3402 5669 naturam
3420 5631 3554 5678 esse,
3576 5624 3674 5684 qui

2120 5687 2586 5743 indiscrimiuatim
2613 5697 2662 5742 et
2692 5689 2803 5742 sine
2822 5689 3129 5754 pauitentia
3159 5688 3540 5740 subministra.
