3782 6166
132 245 293 301 1163
652 248 659 254 ’
1193 244 1559 302 ADVERSUS
1606 242 2027 301 MANICHEOS
2066 243 2190 301 LIB.
2234 244 2295 305 ll.
3228 246 3363 303 “66

126 358 411 428 ηγοῦντος
432 358 603 431 ,ἔχωσι
624 378 640 393 ο
672 361 849 435 χαίρει
889 361 985 434 μὲν
1016 362 1123 433 γὰρ
1163 361 1231 416 τὰ
1256 364 1382 435 παρ’
1410 361 1599 417 ἑαυτοῦ
1634 362 1684 416 δι

1814 369 1961 416 tatur
1986 360 2181 417 dandis
2219 363 2368 430 suis;
2402 362 2496 419 sed
2528 365 2699 436 magis
2735 364 2966 429 laetatur,
2994 378 3117 419 cum
3142 361 3235 419 dat
3279 363 3365 418 di-

125 448 269 514 δούς
292 469 307 481 ο
342 451 516 523 χαίρει
550 452 607 505 δὲ
654 453 850 524 μᾶλλον
895 452 1064 518 ἀξίοις
1090 453 1262 517 διδούς
1287 468 1300 482 '
1340 453 1415 517 ὡς
1460 454 1558 525 τῆς
1590 453 1684 522 φιλι

1805 453 1927 524 gnis
1958 472 1970 507 :
2013 461 2269 524 tanquam
2300 453 2606 524 benignitas
2637 470 2765 527 erga
2820 456 3067 510 homines
3097 453 3364 525 quodam-

129 540 464 615 ανὲρωπίας
504 544 701 615 τρόπον
736 545 856 599 τινὰ
900 545 1323 616 άτιμαζομένης,
1356 547 1404 599 εἰ
1451 546 1524 616 μὴ
1570 544 1684 615 πρὸ‹

1806 543 1968 598 modo
2029 544 2349 599 inhonorata
2404 546 2510 611 sit,
2579 546 2685 601 nisi
2748 548 2916 617 gratis
2969 553 3025 602 et
3087 544 3363 601 benevolis

125 632 498 706 εὐαισθήτους
535 637 802 705 γίγνοιτοο
838 636 1058 706 εὐλόγου
1086 637 1142 691 δὲ
1181 636 1299 690 λίαν
1342 636 1684 706 ἀποφαινομέ·

1807 633 2118 690 hominibus
2154 634 2508 702 exhibeatur;
2554 651 2675 706 quae
2701 638 2857 691 valde
2902 636 3099 692 rationi
3126 649 3361 691 consen-

125 738 264 793 νης,
300 724 348 776 εί
379 726 514 797 πρὺς
537 726 596 778 τὸ
620 725 862 797 δέχεσθαι
885 727 975 782 τὸν
999 727 1332 800 χορηγοῦντα
1363 728 1501 798 ὑπὲρ
1530 727 1684 780 πάντα

1804 732 1963 779 tanea
2013 732 2145 780 tunc
2195 734 2436 797 apparet,
2463 742 2586 782 eum
2636 728 2675 781 ii
2723 729 2817 799 qui
2850 729 2994 784 bona
3044 727 3361 800 accipiunt,

127 813 323 885 ἔχοιεν
348 818 396 869 οἰ
422 818 719 888 δεχόμενοι.

1804 818 2058 873 omnibus
2087 817 2245 873 bonis
2290 818 2602 889 largientem
2637 830 2976 890 prmponunt.

560 930 687 987 Car.
728 930 865 987 XVI.
906 930 1054 987 Mors
1089 932 1408 997 necessaria,
1436 941 1492 985 ut
1520 930 1789 985 nativitas.
1820 926 1970 983 Mala
1994 929 2247 997 proﬁcere
2284 944 2496 983 rursum
2524 928 2939 986 demonstratur.

207 1049 332 1106 Κᾶν
376 1050 555 1114 πόλεις
599 1050 655 1103 δὲ
700 1049 1107 1105 καταπίπτωσιν
1159 1050 1524 1121 ὲπιφυομένης
1576 1050 1701 1103 ἀσε-

124 1143 318 1206 ϐείας,
362 1136 448 1196 οἶα
486 1142 548 1211 δὴ
589 1141 682 1195 καὶ
727 1141 915 1215 πρώην
961 1142 1053 1195 ἐπὶ
1105 1139 1200 1194 τοῦ
1245 1141 1362 1195 λίαν
1405 1140 1702 1211 ἀσεϐήσειν-

122 1254 229 1300 τος
252 1236 364 1306 (58)
398 1234 490 1287 καὶ
521 1233 626 1286 τῶν
652 1233 881 1287 εἰδώλων
908 1232 1006 1305 τὴν
1039 1232 1243 1305 πλάνην
1273 1232 1697 1304 άναμνήσαντος,

124 1327 420 1398 φθείρεται
470 1328 502 1396 ή
552 1325 812 1396 ἁμαρτία,
856 1326 950 1378 καὶ
1005 1326 1246 1395 μειοῦται
1295 1327 1326 1396 ὴ
1381 1323 1519 1377 κατά
1565 1322 1697 1377 Θεοῦ

124 1418 348 1488 πλάνη·
380 1418 607 1471 θανάτου
647 1416 705 1470 δὲ
745 1417 885 1471 κατὰ
928 1416 1084 1486 φύσιν
1118 1417 1278 1470 πλέον
1321 1415 1471 1469 οὐδὲν
1516 1415 1697 1484 γίγνε-

122 1527 261 1564 ’παι⁸
298 1510 391 1564 καὶ
423 1511 619 1581 ἣκιστα
656 1509 822 1561 κακὸν
851 1508 914 1561 τὴ
951 1509 1051 1579 τῆς
1091 1507 1238 1572 θείας
1280 1509 1656 1580 ἐπιστρεφείις
1680 1524 1694 1539 ο

122 1602 447 1656 τούναντίον
490 1601 588 1673 μὲν
617 1597 727 1666 οὖν,
759 1601 834 1664 ὡς
865 1603 921 1653 ὲν
969 1600 1252 1672 φαρμάκου
1291 1600 1439 1662 εῖδει,
1467 1600 1693 1669 ἀγαθόν·

1872 1044 1938 1101 Et
1962 1046 2006 1102 si
2041 1046 2285 1101 civitates
2313 1045 2601 1100 concidant
2636 1053 2823 1100 exorta
2854 1044 3167 1116 impietate,
3216 1049 3361 1104 sicut

1802 1152 1974 1209 nuper
1994 1137 2240 1208 contigit,
2274 1152 2393 1193 cum
2442 1137 2533 1192 ille
2569 1136 2919 1207 impiissimus
2948 1137 3317 1195 dominaretur
3343 1179 3359 1203 ,

1800 1235 1855 1280 et
1889 1242 2130 1281 errorem
2155 1227 2474 1282 idololatriae
2500 1228 2764 1284 recoleret
2798 1243 2861 1284 ac
2900 1237 3209 1293 renovaret,
3228 1246 3354 1300 pec-

1800 1327 1979 1372 catum
2013 1319 2383 1385 interimitur,
2436 1327 2490 1374 et
2543 1323 2698 1374 error
2754 1320 2808 1374 in
2839 1319 3007 1375 Deum
3050 1320 3354 1377 minuitur:

1801 1411 1934 1464 nihil
1983 1426 2112 1467 vero
2146 1413 2378 1482 amplius
2410 1413 2606 1467 accidit
2638 1428 2801 1484 quam
2857 1428 3003 1471 mors
3055 1417 3355 1471 secundum

1801 1488 2090 1569 naturam
2119 1511 2172 1558 et
2221 1506 2365 1574 quod
2399 1504 2456 1564 fit
2502 1505 2570 1560 ad
2621 1504 2857 1560 divinam
2904 1507 3353 1569 conversionem,

1801 1605 2139 1662 nequaquam
2160 1593 2357 1648 malum
2382 1604 2483 1659 est,
2505 1596 2597 1650 sed
2615 1604 2802 1650 contra
2829 1596 3010 1665 potius
3031 1597 3232 1652 bonum
3253 1605 3355 1661 est,

123 1676 308 1746 κακὴν
339 1692 394 1746 δὲ
419 1693 575 1763 μόνον
616 1691 676 1745 τὸ
707 1692 804 1762 τὴν
852 1691 1228 1762 συμφέρουσαν
1256 1689 1558 1759 οἰκονομίαν
1596 1705 1684 1742 κα-

1798 1689 2050 1751 tanquam
2101 1683 2335 1752 speciem
2390 1683 2671 1739 medicinae
2725 1683 2951 1740 habens.
2995 1685 3191 1740 Malum
3227 1700 3356 1741 vero

124 1784 343 1848 κίζειν·
382 1786 411 1837 ὁ
455 1783 562 1855 γὰρ
590 1782 926 1837 παιδοποιίαν
957 1782 1251 1836 διαϐάλλων
1291 1783 1364 1846 ὡς
1407 1780 1699 1852 αὐξητικὴν

123 1877 236 1946 τῆς
299 1874 448 1946 ῦλης,
507 1867 680 1940 οὗτος,
740 1875 966 1930 θάνατον
1024 1874 1215 1947 ἁθρόον
1268 1874 1376 1945 (59)
1439 1873 1696 1937 κακίζων,

125 1966 263 2020 νοῦν
292 1984 352 2034 γε
398 1966 730 2040 ἀνθρώπινον
766 1962 853 2038 ἆρ’
893 1966 1035 2037 ἔχειν
1075 1965 1140 2020 ἂν
1184 1964 1384 2034 δοκοίη,
1419 1964 1699 2035 μαχόμενα

125 2055 259 2108 λίαν
312 2057 485 2126 ἑαυτῷ
544 2056 971 2127 φανταζόμενος
1028 2055 1165 2108 Ἀλλ’
1217 2053 1337 2107 οὔτε
1390 2053 1698 2106 παιδοποιία

125 2148 305 2216 κακὴ,
335 2148 395 2201 τὸ
424 2148 643 2214 ἀείζωον
673 2148 749 2219 τῷ
772 2148 946 2219 Θνητῷ
972 2148 1115 2217 γένει
1142 2147 1388 2211 ποιοῦσα,
1413 2146 1506 2200 καὶ
1534 2163 1699 2217 προσ-

125 2239 354 2292 τεθεῖσα
385 2243 449 2313 τῇ
482 2240 810 2315 δημιουργίᾳ
840 2241 965 2304 τοὺς
1008 2240 1385 2310 γιγνομένους·
1435 2237 1559 2292 οὔτε
1604 2238 1699 2293 θά-

128 2347 319 2395 νατος,
348 2333 450 2386 κᾶν
480 2333 644 2396 πολὺς
684 2332 893 2406 ἁθρόως
924 2332 1259 2403 ἐπενεχθείη,
1300 2331 1551 2402 πονηρὸς,
1597 2332 1696 2386 οὐκ

127 2423 233 2474 ἐπὶ
276 2422 445 2493 ζημίᾳ
477 2423 616 2477 κατὰ
639 2423 935 2495 ἀνθρώπων
964 2424 1069 2478 ὑπὸ
1096 2424 1229 2478 θεοῦ
1269 2423 1537 2494 κείμενος,
1581 2423 1694 2476 ἀλλ’

128 2515 227 2567 ἐπ’
273 2514 507 2588 ὠφελείᾳ
550 2520 616 2588 τῇ
661 2517 939 2586 ἀνωτάτω,
985 2516 1212 2581 δικαίοις
1256 2532 1316 2569 τε
1355 2516 1449 2569 καὶ
1490 2515 1694 2579 ἀδίκοις

128 2606 461 2678 ὡρισμένος.

205 2777 282 2832 To
321 2776 378 2831 δὲ
429 2778 568 2834 κατὰ
616 2780 777 2851 μέρος
827 2781 1040 2853 ἑκάστῳ
1092 2781 1383 2854 συμϐαῖνον
1430 2780 1691 2851 φυσικῶς,

126 2869 293 2923 τοῦτο
333 2869 541 2935 πολλοῖς
582 2872 790 2941 ἁθρόως
831 2875 880 2926 εί
920 2873 1166 2938 ἐπέλθοι,
1206 2873 1346 2929 κατὰ
1394 2874 1554 2944 φύσιν
1595 2874 1693 2945 μὲν

128 2960 337 3023 ἔπεισι,
380 2963 473 3016 καὶ
506 2962 665 3017 πλέον
698 2963 847 3019 οὐδέν
873 2980 885 2994 ·
920 2965 1155 3037 τοσούτῳ
1180 2966 1235 3020 δὲ
1261 2967 1320 3020 οὐ
1355 2967 1495 3020 κατὰ
1529 2967 1692 3038 μέρος

129 3050 360 3122 μείζονα
394 3052 485 3107 τοῦ
508 3055 910 3125 οίκονομοῦντος
935 3057 1031 3129 τὴν
1063 3056 1382 3128 κηδεμονίαν
1416 3056 1690 3127 σημαίνει,

126 3145 247 3215 ὅσῳ
274 3146 334 3200 τὸ
369 3146 464 3216 μὲν
488 3147 638 3201 οὐδὲν
661 3149 953 3220 τεκμήριον
986 3150 1358 3221 κατακρίσεως
1380 3149 1486 3204 τῶν
1518 3150 1694 3219 ἁμαρ-

123 3235 399 3291 τανόντων
429 3237 569 3308 ἔχει·
609 3238 668 3292 τὸ
702 3239 757 3292 δὲ
797 3242 861 3311 τῇ
904 3241 1043 3296 κατᾶ
1085 3242 1145 3296 τὸ
1184 3242 1501 3312 φαινόμενον
1530 3240 1695 3309 ἀγαν-

125 3329 384 3398 ακτήσει,
440 3331 567 3393 τοὺς
602 3329 701 3401 μὲν
730 3330 1089 3396 τελευτῶντας
1125 3332 1216 3388 τὸν
1253 3333 1537 3404 είρημένον
1590 3333 1694 3386 πάρ

126 3418 226 3472 λαι
247 3418 446 3491 τρόπον
473 3422 767 3492 εὐεργετεῖ,
790 3425 916 3487 τοὺς
951 3423 1009 3479 δὲ
1038 3423 1244 3490 ζῶντας
1280 3425 1617 3496 ἐπιστρέφει.

201 3676 354 3732 mss
379 3695 483 3743 τις,
522 3678 730 3733 πολλῶν
770 3680 1026 3749 πολλάκις
1053 3682 1307 3737 τοιούτων
1335 3684 1688 3755 γιγνομένων,

122 3769 368 3825 δείκνυσι
411 3771 499 3825 τὸν
528 3772 862 3843 ἀνθρώπινον
903 3773 1014 3844 βίον
1057 3777 1169 3838 τοῖς
1201 3775 1382 3840 αὐτοῖς
1426 3776 1692 3847 ἐμπλεκό-

128 3880 294 3934 μενον
318 3864 632 3936 ἀδικήμασι,
661 3864 1037 3937 παραπλήσιον
1059 3867 1178 3937 ἐμοί
1199 3882 1261 3934 γε
1284 3866 1429 3920 δοκεῖ
1463 3867 1689 3939 πάσχειν

125 3952 438 4018 ὀτοιοῦτος,
499 3954 552 4007 εῖ
604 3971 710 4018 τις,
769 3956 827 4011 ἐν
878 3954 1092 4026 λίμναις
1142 3956 1233 4010 καὶ
1282 3956 1516 4031 θαλάττῃ
1562 3960 1690 4022 τοὺς

129 4044 321 4115 ἰχθύας
368 4045 530 4119 δρῶν,
564 4045 727 4101 οἴοιτο
759 4048 857 4119 τὴν
898 4048 1207 4119 ἀλιευτικὴν
1241 4049 1434 4123 τέχνην
1475 4051 1685 4122 ἀργεῖν,

122 4139 256 4203 τοὺς
283 4137 627 4211 θηρωμένους
671 4141 768 4212 οὐχ
809 4139 968 4210 ὁρῶν,
1002 4141 1127 4205 τοὺς
1176 4140 1233 4194 δὲ
1262 4142 1588 4213 νηχομένους
1628 4144 1687 4197 ὲν

123 4234 244 4296 τοῖς
271 4231 423 4287 ὕδασι
469 4232 711 4303 βλέπων·
755 4233 788 4304 ἢ
830 4231 1037 4306 ὥσπερ,
1082 4234 1136 4287 εί
1178 4251 1261 4298 τις
1305 4235 1532 4298 πολλοὺς
1583 4234 1686 4288 κά-

1800 1781 2006 1827 tantum
2037 1781 2138 1840 est,
2168 1774 2352 1829 utilem
2401 1773 2492 1829 Dei
2542 1776 2987 1852 gubernationem
3022 1777 3352 1847 improbare.

1798 1863 1902 1931 Qui
1953 1866 2098 1920 enim
2156 1868 2589 1936 procreationem
2650 1867 2942 1923 liberorum
3004 1867 3357 1939 reprehendit

1796 1965 2052 2029 tanquam
2101 1967 2384 2029 augentem
2437 1961 2740 2027 materiam,
2773 1976 2896 2015 eum
2953 1969 3183 2017 mortem
3231 1961 3355 2015 uni-

1796 2065 2005 2104 versam
2036 2050 2335 2119 improbet;
2372 2065 2440 2105 an
2464 2050 2754 2106 humanam
2786 2058 3019 2107 mentem
3043 2051 3243 2106 habere
3271 2051 3355 2105 vi-

1795 2141 1972 2203 detur,
2005 2140 2159 2196 valde
2211 2142 2314 2197 sibi
2345 2142 2445 2212 ipsi
2491 2142 2850 2214 repugnantia
2886 2143 3216 2214 cogitatione
3250 2143 3353 2198 fin-

1794 2231 1961 2302 gens?
1988 2231 2056 2284 At
2091 2247 2265 2302 neque
2310 2234 2614 2304 procreatio
2643 2235 2784 2288 mala
2814 2240 2918 2299 est,
2955 2249 3077 2304 qua:
3120 2235 3255 2301 facit
3291 2244 3351 2294 ut

1797 2335 1966 2393 genus
1996 2320 2221 2375 mortale
2250 2335 2461 2392 semper
2487 2322 2653 2391 vivat,
2684 2330 2737 2379 et
2772 2323 3020 2394 adjungit
3070 2324 3137 2382 ad
3184 2323 3352 2380 fabri-

1794 2424 1912 2463 eam
1940 2410 2128 2465 mundi
2148 2425 2242 2466 eos
2261 2409 2353 2481 qui
2382 2419 2769 2481 procreantur;
2798 2428 2971 2483 neque
2994 2428 3139 2469 mors
3159 2429 3351 2485 quam-

1793 2501 1876 2557 vis
1899 2502 2146 2558 universe
2175 2501 2462 2567 iuferatur,
2494 2504 2634 2558 mala
2658 2512 2770 2572 est;
2802 2521 2902 2560 nec
2941 2520 2971 2560 a
3003 2504 3114 2561 Deo
3143 2507 3350 2563 consti-

1792 2600 1928 2655 tuta,
1962 2599 2020 2645 ut
2045 2592 2293 2649 homines
2323 2592 2591 2663 iacturam
2623 2601 2677 2649 et
2698 2594 2956 2653 damnum
2991 2596 3213 2660 faciant,
3252 2597 3347 2652 sed

1794 2682 1861 2738 ad
1888 2683 2170 2738 utilitatem
2194 2699 2459 2740 summam
2484 2685 2649 2754 justis
2679 2693 2733 2741 et
2760 2685 2981 2756 iniustis
3001 2688 3223 2743 decreta
3243 2700 3344 2746 est.

1861 2770 2016 2839 Quod
2052 2782 2232 2829 autem
2264 2776 2557 2846 unicuique
2593 2778 2842 2846 privatim
2883 2777 3082 2832 accidit
3110 2785 3350 2832 natura-

1792 2859 1936 2924 liter,
1965 2860 2069 2915 hoc
2098 2861 2141 2916 si
2176 2863 2360 2919 multis
2392 2863 2687 2921 confertim
2723 2864 2996 2932 adveniat,
3025 2869 3349 2925 naturaliter

1793 2950 2010 3020 quidem
2058 2952 2361 3024 contingit;
2412 2953 2656 3026 nihilque
2717 2955 2952 3026 amplius
3002 2967 3127 3020 est,
3184 2973 3348 3029 quam

1793 3041 1936 3112 quod
1963 3041 2194 3113 singulis
2232 3044 2497 3116 contingit
2525 3066 2538 3101 :
2570 3045 2662 3103 scd
2686 3052 2837 3100 tanto
2869 3047 3130 3114 majorem
3158 3063 3347 3106 curam

1793 3131 2167 3201 gubernantis,
2207 3149 2368 3205 quam
2399 3136 2529 3190 illud
2555 3137 2700 3206 quod
2731 3137 2984 3208 privatim
3022 3139 3243 3203 accidit,
3271 3141 3348 3195 si-

1793 3223 2031 3292 gnificat,
2060 3235 2262 3295 quanto
2290 3226 2345 3280 in
2395 3227 2489 3281 illo
2542 3229 2753 3299 privato
2805 3229 2987 3284 minus
3042 3230 3227 3285 indicii
3263 3240 3350 3288 est

1786 3314 1980 3384 judicii
2007 3315 2173 3371 divini
2194 3317 2246 3372 iu
2265 3317 2660 3388 delinquentes.
2691 3318 2806 3375 lloe
2826 3328 3006 3376 autem
3041 3323 3346 3392 generalius

1789 3415 2010 3477 propter
2035 3408 2271 3476 speciem
2296 3425 2455 3479 quam
2482 3410 2642 3466 habet
2669 3409 2867 3466 divina:
2901 3412 3015 3477 ira),
3048 3414 3344 3469 morientes

1790 3497 2007 3566 quidem
2035 3498 2294 3555 beneﬁcio
2323 3499 2502 3564 allicit,
2534 3500 2678 3556 sicut
2723 3509 2849 3557 ante
2881 3504 3207 3574 explicatum
3236 3514 3341 3571 est,

1789 3589 2032 3645 viventes
2066 3605 2193 3646 vero
2220 3592 2502 3647 convertit.

1863 3677 1921 3733 Si
1950 3679 2073 3749 quis
2102 3694 2230 3734 vero
2263 3679 2503 3750 obiiciat,
2530 3678 2780 3751 quamvis
2825 3681 2997 3736 multa
3029 3681 3343 3753 hujus'uodi

1790 3785 2160 3841 saepenumero
2200 3770 2363 3838 fiant,
2413 3771 2766 3828 nihilominus
2816 3778 2997 3827 tamen
3051 3773 3344 3829 humanam

1787 3862 1959 3916 vitam
1991 3862 2193 3917 eisdem
2231 3863 2511 3918 maleliciis
2540 3862 2870 3935 implicatam
2904 3878 3027 3919 esse
3058 3865 3342 3932 similiter;

1790 3953 1877 4007 hic
1905 3953 2119 4023 quidem
2143 3952 2350 4023 judicio
2390 3969 2509 4009 meo
2539 3953 2688 4018 facit,
2737 3963 2799 4009 ut
2848 3954 2895 4017 si
2929 3957 3053 4027 quis
3084 3957 3260 4027 pisces
3286 3957 3344 4012 in

1788 4044 1910 4099 lacu
1954 4053 2048 4099 aut
2103 4045 2242 4100 mari
2291 4044 2518 4112 videns,
2549 4048 2826 4105 existimet
2876 4058 3049 4107 artem
3097 4050 3344 4121 piscandi

1787 4136 2017 4193 otiosam
2042 4143 2096 4192 et
2128 4137 2372 4194 inutilem
2422 4154 2578 4204 esse,
2601 4141 2751 4212 'quia
2798 4142 2978 4213 pisces
3015 4148 3203 4213 captos
3233 4158 3343 4197 non

1784 4228 1951 4293 videt,
1975 4234 2224 4285 natantes
2251 4230 2305 4284 in
2337 4230 2493 4300 aquis
2532 4230 2713 4287 videt:
2747 4239 2842 4286 aut
2878 4233 3100 4303 perinde
3151 4240 3256 4297 est,
3284 4242 3344 4288 ut

126 4340 359 4395 μνοντας
394 4325 555 4396 ὁρῶν,
609 4326 774 4397 μηδὲν
824 4326 922 4397 τὴν
956 4304 1202 4396 ἰατρικὴν
1254 4327 1532 4399 ἐνέργειαν
1567 4328 1684 4398 οίη-

1798 4320 1834 4374 5i
1861 4319 1984 4388 quis
2012 4320 2212 4376 multos
2239 4329 2474 4391 aegrotos
2503 4335 2753 4384 cernens,
2779 4322 3115 4377 curationem
3144 4322 3341 4377 medici

121 4415 270 4486 θείη.

196 4505 413 4563 Πολλῶν
443 4508 553 4581 γὰρ
579 4508 1050 4581 εὐεργετουμένων
1081 4510 1162 4573 είς
1187 4509 1462 4565 εὐσέϐειάν
1503 4528 1564 4565 τε
1593 4512 1686 4565 καὶ

119 4598 344 4671 ἀρετὴν,
374 4600 440 4653 δι’
466 4594 541 4655 ὧν
570 4601 716 4655 ἔστιν
743 4602 832 4655 ὅτε
872 4598 941 4654 τὰ
970 4599 1175 4671 φοϐερά
1213 4601 1342 4665 Θεὸς
1392 4602 1683 4670 οἰκονομεῖ.

116 4694 152 4746 ὁ
201 4689 462 4758 φιλαίτιος
500 4692 560 4746 τὺ
607 4692 706 4763 μὲν
751 4692 1176 4764 κατορθούμενον
1216 4693 1481 4763 ἀρνεῖται,
1522 4691 1585 4745 τὸ
1626 4692 1684 4746 δὲ

118 4783 420 4856 φιλόνεικον
445 4784 554 4838 τῶν
592 4783 800 4839 πολλῶν
826 4786 905 4849 είς
934 4784 1205 4856 ἁμαρτίαν
1240 4782 1504 4847 ὀνειδίζει.

192 4960 381 5015 Καίτοι
406 4960 584 5031 φαμὲν
607 4960 713 5015 οὐδ’
738 4960 900 5029 ἡμεῖς
934 4957 1307 5027 ἁναγκαστικά
1334 4959 1445 5021 τοῖς
1472 4956 1682 5021 πολλοῖς

115 5051 261 5109 εἶναι
282 5053 351 5108 τά
384 5050 629 5112 τοιαῦτα,
665 5049 782 5106 ἀλλ’
813 5051 1189 5122 ἁποτρεπτικὰ
1220 5049 1313 5103 τοῦ
1347 5050 1679 5121 ἁμαρτάνειν

115 5146 231 5206 τοῖς
271 5140 699 5213 εὐγνωμονοῦσιν
719 5157 732 5172 ·
766 5139 962 5194 αὐτίκα
994 5138 1130 5208 πρὸς
1160 5137 1337 5208 ὀλίγον
1364 5140 1679 5210 ὲπαγόμενα

111 5233 324 5306 ταχέως
371 5232 734 5300 ἀποπαύεται,
785 5234 873 5289 ἵνα
929 5233 1004 5305 μὴ
1056 5231 1311 5304 βιάσηται
1366 5232 1584 5304 μᾶλλον,
1639 5233 1674 5304 ἢ

190 5407 301 5479 (58)
361 5409 515 5464 Δίαν
565 5409 736 5466 ἀσεϐ.
798 5407 1076 5465 Iulianum
1134 5407 1460 5479 Apostatam
1519 5403 1673 5460 dicit.

109 5478 296 5631 ita;
335 5547 863 5631 θάνατογέθρςέρν-
1317 5551 1403 5631 εει
1430 5558 1679 5631 me:

108 5614 214 5682 tia,
246 5618 445 5674 malum
466 5626 588 5674 erat
613 5614 968 5674 Manicheum
1002 5624 1188 5673 natum
1220 5630 1364 5680 esse,
1395 5629 1504 5685 quo
1536 5614 1673 5669 nihil

1788 4411 1924 4468 nihil
1945 4427 2067 4468 esse
2094 4412 2407 4468 arbitretur.

1852 4500 1987 4555 Cum
2022 4501 2166 4555 enim
2196 4501 2349 4556 multi
2385 4501 2671 4572 proficiant
2697 4500 2766 4556 ad
2793 4500 3047 4571 pietatem
3079 4509 3134 4557 et
3160 4502 3337 4557 virtu-

1782 4600 1912 4655 tem,
1956 4592 2063 4646 illis
2111 4592 2555 4662 pertimescendis
2592 4607 2712 4662 quae
2741 4590 2883 4647 Deus
2917 4591 3209 4661 aliquando
3237 4609 3336 4650 sua

1781 4683 2172 4756 gubernatione
2193 4691 2477 4754 operatur;
2506 4684 2599 4753 qui
2627 4684 2952 4739 criminandi
2979 4686 3160 4741 studio
3182 4696 3335 4742 tene-

1778 4783 1891 4838 tur,
1920 4775 2063 4846 quod
2086 4774 2382 4846 perfectum
2406 4784 2490 4831 est
2517 4784 2696 4847 negat,
2718 4777 2927 4847 etquod
2953 4779 3108 4833 multi
3127 4779 3182 4834 in
3209 4794 3337 4850 pee-

1778 4879 1900 4924 cato
1923 4876 2328 4937 perseverantes
2351 4870 2712 4935 contendunt,
2740 4870 3053 4942 exprobrat.

1847 4958 2009 5028 Atqui
2042 4973 2215 5029 neque
2233 4972 2333 5014 nos
2360 4957 2593 5015 dicimus
2623 4959 2820 5016 habere
2844 4962 2973 5015 talia
3002 4961 3109 5016 vim
3132 4976 3331 5032 cogen-

1779 5048 1831 5106 di
1860 5052 2080 5113 multos,
2112 5051 2206 5107 sed
2229 5052 2550 5108 dehortandi
2577 5069 2606 5107 a
2635 5061 2860 5123 peccato
2881 5061 3068 5124 gratos
3088 5061 3142 5109 et
3169 5054 3334 5108 bene-

1777 5140 1963 5204 volos;
1996 5155 2116 5211 quae
2138 5142 2202 5195 ad
2234 5142 2397 5198 breve
2423 5150 2635 5213 tempus
2663 5143 3335 5214 invecta,celeriterquie~

1777 5237 1960 5297 scunt,
1997 5247 2067 5287 ne
2114 5234 2289 5305 magis
2322 5234 2429 5288 vim
2460 5234 2703 5301 afferant,
2735 5250 2899 5305 quam
2929 5234 3185 5291 suasione
3214 5250 3334 5291 mu-

1777 5407 1878 5462 sibi
1904 5409 2296 5483 repugnantius
2324 5409 2508 5483 dicere
2536 5418 2766 5483 poterat.
2798 5411 2916 5483 Ipse
2938 5412 3082 5467 enim
3109 5413 3333 5483 putabat

1776 5493 1837 5533 se
1876 5494 2058 5532 verum
2094 5479 2287 5545 doama
2319 5479 2551 5535 tradere.
2585 5482 2788 5537 Docere
2824 5479 3008 5538 autem
3044 5479 3329 5540 veritatem

1774 5556 1837 5601 ut
1864 5549 2112 5619 putabat,
2137 5551 2262 5620 quis
2299 5549 2443 5606 dicat
2477 5552 2677 5607 malum
2704 5554 2864 5610 esse?
2884 5550 2960 5609 In.

1835 5816 1861 5856 ἐ
