3838 6158
470 334 603 389 I167

1585 328 1720 384 TITI
1757 326 2186 384 BOSTRENSIS
2224 325 2531 384 EPISCUPI

3561 325 3697 383 1168

465 454 583 504 teut
611 466 622 500 :
649 461 843 501 rursus
864 460 1150 517 vero,qu:e
1174 458 1330 503 erant
1356 447 1413 502 in
1438 449 1850 514 consuetudine,
1875 466 2026 506 exer—

2131 448 2307 502 πειθοί
2338 446 2649 520 μεταϐάλῃ·
2703 440 2859 509 αὖθις
2902 445 2959 498 δὲ
3001 444 3071 499 τά
3112 445 3313 517 συνήθη
3361 446 3696 503 πολιτεύεται

467 545 681 599 centur,
715 537 771 590 in
821 538 1021 608 quibus
1059 540 1275 604 animus
1308 546 1364 596 et
1413 542 1665 597 voluntas
1697 556 1891 597 eorum
1932 541 2027 613 qui

467 630 659 684 mutati
689 639 836 695 sunt,
865 638 1139 700 spectatur
1192 643 1246 686 et
1305 633 1658 702 exploratur.
1716 640 1777 686 ut
1832 633 1867 686 ii
1914 633 2029 687 sola

468 720 728 774 memoria
787 720 1155 789 exemplorum
1203 720 1573 775 infirmitatem
1610 735 1764 775 suam
1802 720 2029 774 fulciant

468 821 521 865 et
552 812 850 877 stabiliant,
878 812 971 882 qui
1010 822 1137 867 sunt
1163 813 1301 883 grati
1347 821 1401 866 et
1433 814 1592 883 aequi.
1627 812 1736 867 Imo
1775 827 1904 867 vero
1929 828 2030 882 po-

470 906 574 959 tius
614 904 902 958 dicendum
931 913 1048 969 est,
1101 904 1147 958 si
1179 918 1302 959 cum
1335 904 1465 957 talia
1504 906 1838 975 contingant,
1870 904 2031 974 pauci

470 995 689 1066 quidam
720 1002 774 1048 et
806 995 961 1050 valde
990 995 1100 1049 rari
1134 1003 1263 1050 sunt
1305 997 1398 1067 qui
1451 997 1616 1052 vitam
1664 1005 1911 1062 mutant;
1961 1011 2030 1052 an

469 1102 577 1142 non
609 1088 779 1142 multo
811 1088 933 1158 plus
986 1087 1054 1141 ad
1097 1088 1394 1159 nequitiam
1438 1089 1695 1160 cogitatio
1750 1088 2030 1143 hominum

469 1176 817 1247 profecisset,
845 1179 891 1234 si
924 1195 1020 1249 per
1049 1179 1164 1235 haec
1188 1196 1309 1251 quae
1340 1181 1627 1246 accidunt,
1665 1196 1774 1236 non
1803 1179 1953 1236 fieret
1998 1194 2029 1234 a

470 1272 705 1339 peccatis
735 1272 1022 1327 avocatio?

537 1361 692 1429 Quod
714 1364 758 1418 si
791 1363 971 1420 nullus
1000 1363 1127 1418 hinc
1151 1364 1441 1419 utilitatem
1468 1370 1705 1434 caperet,
1736 1364 1878 1434 quod
1919 1362 2032 1433 qui-

468 1453 589 1509 dem
640 1454 848 1509 fatuum
886 1460 970 1510 est
1020 1455 1235 1521 dicere;
1288 1462 1571 1526 praestaret
1630 1453 2030 1525 reprehendere

468 1546 737 1611 homines,
782 1547 872 1616 qui
902 1561 1003 1602 nec
1030 1547 1133 1601 hoc
1164 1546 1381 1617 quidem
1418 1545 1579 1600 modo
1612 1545 1791 1616 juvari
1820 1545 2027 1611 volunt,

470 1652 629 1706 quam
656 1637 868 1706 culpam
888 1637 1225 1707 negligentiae
1250 1637 1306 1691 in
1330 1636 1498 1692 Deum
1526 1636 1844 1699 transferre,
1872 1636 2030 1706 quasi

470 1742 579 1782 non
608 1729 840 1799 amplius
890 1729 1074 1784 studio
1108 1729 1458 1785 convertendi
1492 1736 1768 1796 utentem;
1797 1743 1903 1797 qua
1943 1743 2030 1782 ra-

2099 609 2102 613 ν
2128 539 2190 592 τὺ
2212 538 2429 608 δόκιμον
2458 538 2557 609 τῆς
2595 537 2907 607 προθέσεως
2940 540 3051 601 τοῖς
3083 537 3577 609 μεταϐαλλομένοις
3600 541 3695 611 ἐμ-

2129 628 2405 692 ποιοῦντα,
2436 629 2524 682 ἵνα
2545 628 2638 681 καὶ
2675 628 2841 699 μόνην
2863 628 2969 680 τῶν
3001 629 3410 699 ὑποδειγμάτων
3436 630 3537 700 τὴν
3567 633 3697 703 μνή-

2133 736 2241 791 μην
2278 721 2393 773 ἀντ’
2444 721 2764 790 ἐρείσματος
2811 720 2985 790 ἔχοιεν
3023 720 3121 791 τῆς
3167 721 3375 774 ἑαυτῶν
3420 722 3696 787 ἀσθενείας

2128 814 2178 866 οί
2221 811 2575 884 εὐγνώμονες.
2615 814 2831 886 Ῥητέον
2859 814 2916 867 δὲ
2964 814 3184 884 μᾶλλον,
3224 815 3319 879 ὡς,
3351 818 3399 869 εί
3440 817 3555 877 καὶ,
3596 816 3697 870 τῶν

2127 904 2383 960 τοιούτων
2417 904 2840 976 συμϐαινόντων,
2871 906 3039 973 ὀλίγοι
3079 907 3223 971 τινὲς
3275 908 3368 960 καὶ
3402 908 3698 981 εὐαρίθμηο

2126 1013 2210 1050 τοι
2251 995 2606 1066 τυγχάνουσιν
2635 996 2683 1047 οἱ
2720 994 3145 1064 διαμειϐόμενοι,
3181 994 3296 1058 πῶς
3341 995 3444 1048 οὐκ
3484 996 3554 1049 ἂν
3604 998 3698 1048 ἐπο

2131 1088 2331 1141 έδωκεν
2360 1086 2455 1139 ἐπὶ
2506 1086 2757 1140 πλεῖστον
2795 1086 3061 1157 πονηρίας
3099 1085 3209 1139 τῶν
3237 1086 3545 1159 ἀνθρώπων
3570 1090 3599 1141 ό
3619 1087 3702 1141 λο-

2129 1178 2345 1251 γισμὸς,
2392 1180 2548 1249 εἴπερ
2597 1179 2631 1249 ἡ
2681 1176 2769 1231 διὰ
2818 1176 2924 1231 τῶν
2976 1178 3233 1233 τοιούτων
3277 1178 3571 1251 ἀποτροπὴ
3628 1178 3702 1252 μὴ

2129 1273 2273 1325 ἐπίοι
2299 1289 2313 1338 ;
3489 1301 3495 1304 α

2200 1363 2263 1416 El
2299 1361 2354 1414 δὲ
2387 1363 2480 1416 καὶ
2522 1362 2707 1434 μηδεὶς
2743 1361 2987 1417 ἐντεῦθεν
3020 1362 3299 1432 ὠφελεῖτο,
3329 1364 3467 1433 ὅπερ
3497 1364 3702 1433 ἠλίθιον

2129 1456 2320 1518 εἰπεῖν,
2355 1454 2561 1525 βέλτιον
2590 1455 2910 1525 ἀνθρώπους
2945 1456 3281 1527 ἐλέγχεσθαι,
3308 1456 3381 1520 ὡς
3410 1457 3551 1528 μηδὲ
3585 1455 3701 1511 τοῦ-

2128 1562 2220 1600 τον
2238 1547 2329 1599 τὸν
2353 1545 2549 1615 τρόπον
2570 1545 2890 1611 ἐνδιδόντας,
2919 1546 2953 1618 ἢ
2982 1547 3115 1601 Θεὸν
3139 1548 3397 1619 ἀμελείας
3425 1548 3493 1602 ἂν
3523 1548 3701 1601 αἰτίαν

2130 1636 2373 1708 ὑπέχειν,
2402 1637 2477 1701 ὡς
2515 1637 2711 1708 μηκέτι
2759 1638 3113 1709 ἐπιστρεφείᾳ
3145 1637 3441 1710 χρώμενοψ
3482 1632 3529 1705 ᾧ
3566 1655 3699 1709 χρη-

2132 1730 2283 1783 στέον
2316 1730 2456 1799 λόγῳ
2484 1728 2625 1782 κατά
2647 1729 2755 1783 τῶν
2784 1730 2857 1801 μὴ
2893 1730 3385 1801 ἐπαισθανομένων·
3415 1731 3575 1802 δῆλον
3596 1731 3702 1802 γὰρ

469 1819 616 1873 tione
650 1819 905 1875 utendum
941 1828 1026 1876 est
1070 1821 1125 1875 in
1165 1837 1259 1877 eos
1315 1821 1409 1891 qui
1441 1822 1647 1874 nullum
1687 1834 1905 1877 sensum
1944 1828 2026 1874 ta-

2131 1824 2242 1885 τοῖς
2264 1821 2618 1891 εὐγνώμοσιν,
2641 1820 2717 1884 ὡς
2740 1822 2799 1874 οὐ
2831 1822 2989 1892 μόνον
3016 1822 3150 1893 πρὸς
3175 1822 3236 1875 τὸ
3260 1824 3507 1894 κρεῖττον
3536 1839 3700 1892 μετα-

470 1909 598 1961 lium
640 1910 881 1980 capiunt.
933 1909 1028 1965 Est
1067 1917 1246 1966 autem
1288 1920 1622 1980 compertum
1667 1910 1735 1965 iis
1780 1911 1872 1980 qui
1905 1916 2026 1965 sunt

2134 1912 2293 1984 ϐολῆς
2324 1915 2351 1967 ὁ
2385 1912 2545 1982 φόϐος
2577 1914 2721 1982 ἀγει,
2754 1913 2890 1968 ἀλλά
2916 1914 3010 1966 καὶ
3036 1917 3148 1978 τοῖς
3175 1914 3350 1977 ἄλλοις
3374 1916 3699 1985 ἀπορρήτοις

469 2000 605 2067 grati
638 2008 691 2055 et
718 2000 879 2071 aequi,
906 2017 1015 2057 non
1050 2002 1226 2055 solum
1256 2002 1470 2072 aliquos
1500 2001 1567 2055 ad
1600 2000 1891 2071 perfectam
1920 2018 2026 2056 mu-

2139 2006 2279 2075 μειοῖ
2309 2005 2407 2076 τὴν
2436 2007 2569 2076 πρὸς
2600 2006 2810 2060 ἀδικίαν
2840 2004 3013 2077 ὁρμήν
3043 2007 3137 2059 καὶ
3168 2006 3391 2076 τόλμαν.

471 2091 725 2147 tationem
775 2092 831 2145 in
878 2093 1071 2148 melius
1105 2095 1423 2164 capiendam
1473 2102 1678 2148 metum
1734 2094 2032 2166 impellere,
2077 2096 2172 2150 sed
2203 2097 2324 2152 aliis
2366 2096 2529 2154 etiam
2582 2098 2885 2169 appetitum
2929 2109 2982 2154 et
3031 2098 3314 2153 audaciam
3360 2098 3427 2153 ad
3481 2094 3701 2165 injusti-

471 2186 596 2240 tiam
627 2184 840 2242 occulte
863 2185 1205 2243 imminuere.

1454 2302 1594 2359 CAP.
1620 2303 1782 2359 XVII.
1826 2302 2039 2359 Creatio
2066 2304 2234 2358 noctis
2260 2311 2311 2357 et
2347 2302 2702 2359 tenebrarum.

532 2415 831 2473 Veniamus
858 2415 1113 2486 deinceps
1139 2404 1208 2471 ad
1236 2417 1500 2473 rationem
1526 2418 1841 2484 creationis,
1872 2434 2026 2490 quam

2210 2417 2487 2488 ’Έλθωμεν
2511 2417 2575 2489 δὴ
2607 2415 2791 2470 λοιπὸν
2818 2416 2912 2470 καὶ
2949 2418 3028 2479 είς
3063 2415 3154 2469 τὸν
3186 2417 3314 2487 περὶ
3343 2415 3700 2490 δημιουργίας

470 2511 574 2566 iste
622 2509 814 2581 planus
853 2508 1247 2575 calumniatur;
1291 2524 1357 2564 ac
1405 2510 1641 2579 primum
1677 2512 1743 2567 de
1780 2496 2026 2566 tenebris

2135 2506 2289 2576 λόγον
2339 2510 2476 2577 πρὸς
2518 2508 2613 2562 τοῦ
2663 2507 2978 2571 ἀπατεῶνας
3023 2509 3560 2579 συκοφαντουμένης·
3610 2511 3700 2561 καὶ

468 2606 523 2654 ει
552 2607 713 2655 nocte
754 2600 1110 2669 inquiramus,
1155 2601 1298 2669 quod
1331 2601 1673 2670 potissimum
1714 2603 1817 2657 iste
1860 2612 2026 2659 mente

2137 2598 2348 2669 πρῶτόν
2367 2616 2431 2670 γε
2453 2601 2580 2672 περὶ
2607 2601 2827 2663 σκότους
2853 2600 2944 2652 καὶ
2966 2598 3157 2661 νυκτὸς
3186 2598 3548 2671 ἐξετάσωμεν,
3568 2600 3698 2669 ὅπερ

468 2700 700 2747 caecatus
727 2692 995 2761 vituperat
1022 2709 1036 2745 :
1070 2691 1325 2746 tenebras
1358 2692 1502 2745 enim
1531 2708 1651 2763 quae
1682 2692 1737 2745 in
1768 2698 1926 2746 nocte
1952 2707 2026 2761 ap.

2139 2689 2372 2761 μάλιστα
2414 2692 2628 2757 κακίζει
2673 2690 2770 2762 τὴν
2804 2690 3041 2745 διάνοιαν
3086 2692 3476 2761 ἐσκοτωμένοςδ
3514 2693 3698 2756 σκότος

469 2790 681 2851 parent,
708 2784 923 2837 illarum
966 2782 1312 2838 tenebrarum
1342 2781 1669 2838 Manichtcus
1689 2782 1889 2852 cogitat
1915 2798 2026 2838 esse

2137 2783 2245 2854 γὰρ
2274 2785 2330 2837 ἐν
2359 2784 2513 2838 νυκτὶ
2545 2783 2886 2854 φαινόμενον,
2917 2783 3124 2837 ἐκείνου
3154 2782 3247 2836 τοῦ
3282 2784 3506 2847 σκότους
3527 2786 3558 2836 ὁ
3579 2784 3696 2838 Μά-

469 2874 624 2945 quasi
648 2889 743 2944 per
775 2890 834 2929 se
867 2874 998 2941 sint,
1029 2873 1282 2944 intelligit
1313 2888 1435 2928 esse
1457 2873 1737 2938 indicium,
1774 2874 1893 2943 ejus
1925 2874 2026 2928 sci-

2132 2890 2230 2945 νης
2257 2868 2396 2928 εἶναι
2430 2874 2753 2945 φαντάζεται
2780 2874 2855 2938 ὡς
2888 2874 2967 2940 ὃν,
2991 2876 3287 2946 τεκμήριον
3317 2875 3412 2929 τοῦ
3452 2876 3527 2949 μὴ
3553 2878 3698 2941 ὄντος

468 2967 616 3030 licet,
644 2966 789 3036 quod
817 2981 926 3020 non
957 2972 1075 3032 est;
1126 2966 1262 3020 nihil
1289 2966 1507 3035 penitus
1540 2967 1766 3032 videns,
1800 2981 1900 3021 nec
1941 2966 2026 3020 in-

2131 2963 2414 3035 λαμϐἀνει,
2454 2966 2619 3038 μηδὲν
2641 2966 2920 3030 παντελῶς
2951 2967 3089 3037 μήτε
3119 2965 3351 3036 βλέπων,
3382 2969 3519 3039 μήτε
3548 2970 3695 3033 νοῶν,

469 3057 739 3128 telligens,
788 3056 885 3113 sed
926 3055 993 3110 ad
1028 3057 1202 3110 instar
1232 3057 1358 3112 caeci
1393 3056 1630 3112 hominis
1667 3056 1722 3110 in
1776 3072 1863 3112 res
1891 3056 2026 3127 ipsas

2138 3055 2274 3108 ἀλλά
2314 3057 2511 3125 τυφλοῦ
2555 3057 2709 3129 δίκην
2740 3059 2852 3121 τοῖς
2896 3059 3182 3129 πράγμασι
3222 3061 3565 3131 προσπαίωνο
3610 3063 3698 3116 καὶ

468 3148 745 3205 offendens
775 3157 827 3203 et
874 3147 1198 3215 incurrens;
1226 3153 1491 3217 vocatque
1526 3147 1796 3211 tenebras,
1828 3154 1883 3203 et
1914 3149 2026 3203 vel-

2136 3146 2292 3200 καλεϊ
2322 3148 2532 3215 σκότος,
2559 3150 2652 3202 καὶ
2675 3150 2837 3203 οἱονεὶ
2863 3150 3094 3221 φρίττει,
3125 3149 3200 3214 ὡς
3236 3152 3369 3222 μηδὲ
3401 3152 3561 3221 λόγου
3586 3154 3697 3208 656-

469 3244 547 3297 uti
594 3243 797 3306 horret,
850 3248 910 3296 ut
951 3258 1059 3296 non
1099 3256 1236 3311 opus
1285 3241 1483 3296 habeat
1528 3241 1917 3313 disputatione,
1968 3249 2029 3297 ut

469 3331 680 3389 falsitas
720 3332 977 3388 doctrinae
1003 3332 1122 3402 ejus
1152 3331 1617 3403 argumentatione
1641 3331 2023 3398 concludatur,

471 3433 532 3479 ut
565 3424 658 3495 qui
692 3439 889 3479 nomen
917 3423 996 3478 rei
1023 3438 1054 3478 e
1092 3438 1152 3480 se
1180 3423 1297 3493 ipsa
1315 3423 1632 3493 vituperatae
1663 3433 1904 3493 usurpet.
1939 3421 2032 3477 Di-

468 3513 698 3570 cendum
755 3526 886 3583 ergo
940 3521 1056 3575 est,
1114 3510 1299 3566 vocari
1347 3511 1565 3581 quidem
1605 3511 1705 3566 has
1750 3511 2027 3575 tenebras,

467 3620 576 3660 non
602 3611 785 3657 tamen
817 3600 1115 3657 secundum
1148 3600 1508 3657 substantiam
1541 3600 1841 3655 exsistere:
1871 3599 2030 3656 adve-

466 3697 623 3751 niunt
649 3695 813 3758 enim,
863 3699 918 3747 et
948 3692 1210 3748 recedunt
1245 3690 1516 3763 quotidie,
1551 3698 1789 3762 suntque
1834 3707 2029 3748 conse-

466 3794 700 3857 quentes
732 3785 789 3839 in
817 3783 1037 3839 modum
1068 3784 1306 3849 umbrae;
1341 3799 1451 3838 non
1490 3789 1618 3840 sunt
1665 3785 1811 3840 enim
1833 3792 2028 3840 creata:

465 3894 565 3949 per
614 3894 674 3933 se
724 3887 783 3931 ut
823 3877 1153 3943 substantia,
1193 3890 1571 3948 nequaquam;
1606 3876 1810 3931 mundo
1845 3884 2024 3933 autem

464 3976 668 4028 creato.
721 3976 803 4023 est
830 3968 1040 4023 umbra.
1090 3964 1346 4022 Nascitur
1378 3967 1524 4023 enim
1555 3967 1739 4032 homo,
1795 3968 1890 4039 qui
1928 3984 2027 4038 pcr

466 4076 526 4115 se
555 4071 670 4127 est;
699 4060 945 4130 sequitur
980 4066 1161 4114 autem
1196 4074 1320 4114 eum
1347 4059 1539 4114 umbra
1572 4058 1872 4114 secundum
1903 4075 2022 4114 mo-

466 4150 569 4205 lem
599 4147 847 4219 corporis
872 4188 886 4211 ,
917 4156 971 4202 et
999 4149 1311 4219 neutiquam
1335 4161 1457 4201 cum
1488 4161 1552 4200 eo
1592 4148 1712 4217 ipso
1758 4146 2024 4203 fabricata

463 4246 570 4301 est,
606 4238 702 4293 sed
735 4236 953 4292 advenit
983 4245 1042 4291 ut
1073 4239 1235 4292 situm
1265 4245 1318 4292 et
1347 4237 1583 4291 locatum
1614 4246 1697 4291 est
1721 4251 1939 4307 corpus,
1968 4246 2023 4293 et

465 4338 525 4386 ut
549 4338 636 4387 est
660 4329 880 4385 luminis
908 4330 1170 4385 circuitus
1195 4336 1249 4383 et
1271 4328 1573 4383 conversio.
1607 4327 1885 4397 Siquidem
1915 4343 2023 4383 nox

2140 3255 2297 3309 μενος
2341 3240 2476 3310 πρὸς
2519 3241 2789 3307 ἀπόδειξιν
2829 3242 2928 3313 τῆς
2978 3242 3168 3297 ἐαυτοῦ
3212 3243 3585 3313 ψευδολογίας,
3626 3246 3697 3309 ὡς

2136 3328 2358 3384 αὐτόθεν
2388 3329 2805 3402 διαϐεϐοημένου
2836 3333 3159 3405 πράγματος
3189 3334 3248 3386 τὸ
3276 3334 3449 3404 ὄνομα
3486 3334 3698 3405 λαμϐά-

2135 3434 2261 3475 νων.
2304 3420 2522 3491 Ῥητέον
2555 3422 2752 3488 τοίνυν,
2796 3420 2872 3486 ὡς
2915 3422 3071 3476 τοῦτο
3110 3423 3174 3495 δὴ
3221 3425 3410 3489 σκότος
3452 3427 3698 3480 καλεῖται

2136 3508 2254 3579 μὲν,
2283 3509 2343 3563 οὐ
2376 3510 2481 3582 μὴν
2518 3510 2788 3584 ὑφέστηκε
2821 3515 2940 3567 κατ’
2980 3514 3184 3569 οὐσίανο
3224 3517 3612 3587 ἐπισυμϐαίνει
3641 3519 3698 3574 δὲ

2132 3599 2252 3654 καθ’
2286 3601 2497 3672 ἡμέραν
2524 3601 2619 3655 καὶ
2645 3603 3062 3675 ἀποσυμϐαίνει,
3085 3606 3572 3679 παρακολούθημα,
3602 3611 3698 3662 καὶ

2132 3691 2291 3755 σκιᾶς
2318 3692 2519 3761 τρόπον
2556 3693 2818 3764 ὑπάρχον·
2848 3694 3302 3769 δεδημιούργηται
3337 3698 3437 3766 μὲν
3470 3701 3582 3770 γὰρ
3618 3701 3697 3762 είς

2129 3782 2425 3836 ὑπόστασιν
2453 3784 2640 3847 οὐσίας
2668 3784 2937 3855 οὐδαμῶς,
2986 3787 3187 3857 κόσμου
3230 3789 3323 3843 καὶ
3358 3788 3696 3861 δημιουργη-

2130 3873 2333 3939 θέντος,
2377 3874 2505 3929 σκιά
2538 3875 2813 3946 τυγχάνει’
2849 3877 3131 3948 ἄνθρωπος
3168 3878 3408 3933 τίκτεται
3452 3880 3551 3950 μὲν
3584 3882 3694 3951 γὰρ

2128 3965 2250 4018 καθ’
2284 3966 2496 4032 ἑαυτὸν,
2528 3968 2923 4039 παρακολουθεῖ
2958 3969 3016 4023 δὲ
3056 3971 3204 4041 αὐτῷ
3244 3971 3378 4043 πρὸς
3404 3971 3495 4026 τὸν
3528 3973 3693 4041 ὄγκοι

2127 4056 2220 4111 τοῦ
2255 4057 2501 4128 σώματος
2527 4059 2561 4131 ἡ
2592 4060 2734 4114 σκιά·
2768 4064 2858 4116 καὶ
2881 4062 2940 4115 οὐ
2965 4063 3134 4131 δήπου
3158 4063 3690 4131 ωγκατεσκευάσθαι

2126 4148 2324 4214 δόξειεν
2357 4153 2413 4205 ἐν
2456 4150 2653 4222 ἐαυτῷ,
2699 4151 2814 4206 ἀλλ’
2855 4153 3228 4224 ἐπισυμϐαξνει
3273 4155 3410 4227 πρὸς
3454 4156 3555 4227 τὴν
3594 4153 3686 4209 τοῦ

2130 4242 2378 4313 σώματος
2420 4242 2591 4307 θέσιν,
2633 4244 2726 4297 καὶ
2772 4244 2908 4316 πρὸς
2946 4244 3045 4317 τήν
3082 4247 3175 4299 τοῦ
3209 4247 3383 4315 φωτὸς
3414 4246 3682 4317 περίοδον.

2126 4332 2280 4387 Οὕτω
2309 4334 2499 4405 δήκαὶ
2546 4335 2641 4402 νὺξ
2673 4337 2763 4389 καὶ
2818 4336 3025 4400 σκότος,
3086 4336 3395 4402 σωματικοῦ
3451 4336 3547 4391 τοῦ
3596 4337 3684 4391 κό-

462 4433 519 4480 et
541 4424 795 4488 tenebrae,
829 4438 953 4477 cum
980 4422 1050 4478 sit
1082 4422 1316 4476 mundus
1341 4435 1654 4489 corporeus,
1681 4421 2021 4475 solummodo

2131 4442 2262 4496 σμου
2312 4426 2510 4500 δηλαδὴ
2564 4429 2953 4499 τυγχάνοντος,
3007 4428 3471 4499 παρακολούθημα
3527 4431 3682 4498 μόνον

466 4527 593 4572 sunt
639 4524 1058 4586 consequentes,
1117 4529 1225 4568 non
1270 4519 1450 4567 autem
1491 4520 1618 4569 sunt
1651 4511 1930 4567 fabricata:
1969 4512 2027 4567 in

464 4609 685 4665 modum
716 4608 1035 4665 substantiae
1062 4614 1276 4661 creata.

531 4694 667 4751 Cum
690 4696 832 4752 enim
863 4695 945 4749 sol
972 4695 1222 4749 diurnum
1252 4709 1469 4750 cursum
1500 4693 1748 4756 absolvit,
1774 4702 1827 4750 et
1859 4695 2026 4749 verti-

462 4794 555 4840 tur
599 4787 667 4840 ad
715 4800 965 4841 recessus
1005 4784 1272 4855 proprios,
1303 4799 1525 4840 necesse
1551 4791 1635 4840 est
1668 4800 1728 4840 ea
1752 4800 1872 4854 qum
1898 4792 2027 4839 sunt

465 4877 608 4931 intra
659 4876 939 4940 mundum,
1006 4876 1188 4930 omnia
1239 4875 1561 4940 inumbrari,
1616 4890 1740 4930 cum
1771 4876 1845 4930 sit
1867 4883 2024 4931 extra

465 4970 610 5041 quod
652 4969 942 5035 illuminat,
978 4969 1056 5023 sic
1105 4967 1214 5022 Deo
1257 4968 1517 5022 volente‘:
1555 4983 1774 5034 causas,
1815 4984 1913 5022 cur
1949 4968 2024 5021 ita

465 5058 715 5125 voluerit,
742 5059 903 5127 paulo
935 5066 1057 5127 post
1090 5071 1187 5127 pro
1217 5058 1423 5112 viribus
1456 5058 1717 5114 dicemus.
1750 5057 1886 5112 Illud
1920 5065 2024 5112 sta-

463 5153 562 5207 tim
596 5150 881 5207 dicendum
922 5160 1025 5215 est,
1066 5165 1185 5220 quae
1218 5144 1416 5205 habent
1453 5150 1650 5204 molem
1702 5165 2020 5221 corpoream

464 5244 699 5299 interdiu
732 5244 786 5296 in
833 5242 1160 5296 contrariam
1198 5246 1402 5311 partem
1433 5240 1654 5297 luminis
1708 5244 1870 5313 positi
1901 5260 2023 5299 um-

464 5335 591 5390 bras
632 5335 856 5402 jacere;
902 5343 957 5388 et
998 5331 1323 5387 transfertur
1359 5333 1522 5387 simul
1563 5348 1686 5388 cum
1720 5334 1925 5390 lumine
1961 5336 2019 5391 in

461 5425 791 5491 contrarium
827 5425 1052 5492 umbra;
1099 5434 1153 5479 et
1182 5424 1271 5479 ubi
1299 5432 1382 5479 cst
1422 5440 1594 5495 usque
1628 5424 1696 5480 ad
1741 5425 2019 5482 meridiem

462 5517 565 5581 sol,
611 5517 686 5571 ibi
722 5525 805 5572 est
829 5524 949 5586 post
977 5515 1256 5571 meridiem
1301 5516 1513 5570 umbra.
1554 5514 1652 5570 Ubi
1684 5525 1863 5572 autem
1898 5533 2018 5573 um-

2126 4517 2292 4581 ἐστὶν,
2323 4518 2383 4570 οὐ
2409 4519 2513 4589 μὴν
2538 4519 3017 4591 δημιουργήματος
3042 4520 3240 4591 τρόπον
3268 4519 3526 4583 οὐσιῶδες
3559 4537 3681 4574 κατ-

2125 4610 2468 4665 εσκεύασται.

2194 4702 2300 4755 Τοῦ
2322 4701 2429 4774 γὰρ
2448 4702 2599 4774 ήλίου
2615 4702 2706 4756 τὸν
2728 4701 3084 4773 μεθημερινδν
3100 4701 3294 4774 δρόμον
3315 4702 3676 4771 περαίνοντος.

2124 4792 2261 4864 πρὸς
2287 4793 2342 4846 δὲ
2373 4794 2472 4857 τὰς
2498 4794 2630 4858 ἰδίας
2658 4794 3029 4865 ἀναχωρήσεις
3066 4792 3421 4865 τρεπομένου,
3462 4792 3558 4846 τοῦ
3590 4792 3679 4845 κό-

2127 4903 2263 4957 σμου
2305 4886 2371 4939 τὰ
2408 4885 2558 4949 ἐντὸς
2601 4886 2904 4953 ἐπάναγκες
2938 4885 3149 4939 ἅπαντα
3190 4884 3538 4950 σκιάζεσθαι,
3580 4884 3679 4950 ἔξω

2121 4976 2475 5047 τυγχάνοντος
2513 4974 2604 5028 τοῦ
2648 4975 2987 5044 φωτίζοντος,
3027 4975 3167 5029 οὕτω
3200 4976 3265 5045 δὴ
3308 4975 3446 5029 Θεοῦ
3494 4976 3678 5046 βουλη-

2123 5068 2324 5131 θέντος,
2371 5066 2438 5120 δι’
2479 5066 2545 5130 ἀς
2591 5067 2768 5131 αἰτίας
2813 5067 3004 5139 μικρὸν
3046 5066 3269 5139 ὕστερον
3308 5068 3384 5131 ὡς
3421 5068 3677 5138 δυνάμεις

2120 5160 2372 5232 ἐροῦμεψ
2422 5158 2617 5213 αὐτίκα
2660 5159 2753 5212 καὶ
2787 5158 2904 5229 μεθ’
2937 5159 3149 5229 ἡμέραν
3183 5158 3319 5229 πρὸς
3351 5158 3412 5210 τὸ
3441 5158 3675 5212 ἀντικεί-

2125 5267 2283 5321 μενον
2318 5251 2478 5321 μέρος
2506 5250 2605 5319 τῆς
2628 5248 2721 5302 τοῦ
2741 5250 2916 5317 φωτὸς
2945 5249 3166 5313 θέσεως,
3192 5250 3261 5303 τά
3286 5251 3551 5320 ἀνέχοντα
3572 5250 3674 5305 τῶν

2121 5342 2444 5412 σωματικῶν
2475 5340 2650 5409 ὄγκων
2677 5341 3033 5413 παραπέμπει
3067 5341 3168 5405 τὰς
3209 5342 3385 5406 σκιὰς,
3421 5344 3517 5396 καὶ
3545 5360 3675 5413 συμ-

2121 5430 2535 5503 μεταϐαίνειτῷ
2570 5432 2709 5501 φωτὶ
2743 5432 2880 5503 πρὸς
2920 5432 3224 5485 τούναντίον
3258 5434 3291 5504 ή
3321 5435 3470 5487 σκιά-
3498 5434 3590 5487 καὶ
3614 5433 3669 5486 οὐ

2120 5522 2218 5593 μὲν
2238 5522 2343 5585 ἕως
2364 5520 2708 5592 μεσημϐρίας
2730 5520 2901 5591 ἥλιος,
2927 5520 3065 5591 μετά
3082 5521 3284 5575 ταύτην
3299 5522 3508 5590 γίνεται
3530 5519 3667 5575 cui

460 5614 558 5665 bra
586 5617 708 5679 post
741 5608 1040 5671 meridiem,
1076 5610 1157 5664 sol
1189 5619 1273 5665 est
1305 5617 1427 5680 post
1460 5611 1624 5665 hunc.
1657 5608 1863 5665 Umbra
1886 5626 2016 5666 vero

2131 5616 2149 5684 ή
2177 5612 2234 5665 δέ
2257 5612 2385 5667 σκιὰ
2409 5612 2525 5684 μεθ’
2548 5614 2779 5685 ἡμέραν,
2803 5614 2897 5666 καὶ
2923 5616 2982 5667 οὐ
3005 5612 3278 5676 παντελῶς
3303 5614 3511 5677 σκότος·
3533 5615 3668 5667 ἐπει-

458 5700 655 5758 diurna
694 5701 885 5755 umbra
930 5708 1032 5766 est,
1082 5696 1270 5756 etnon
1315 5702 1538 5759 omnino
1565 5702 1834 5770 tenebras;
1886 5703 2011 5773 quia

2131 5702 2176 5775 ἰὴ
2206 5703 2268 5756 τὸ
2294 5703 2543 5775 περιέχον
2573 5704 2905 5775 πανταχόθεν
2936 5705 3174 5775 ἀνεῳγὸς
3195 5705 3290 5758 καὶ
3321 5708 3436 5769 τοῖς
3460 5704 3669 5773 σκιαζο-
