3838 6158
208 238 350 297 H69

1257 240 1621 296 ADVERSUS
1656 235 2078 294 MANICHEO'S
2114 233 2241 289 LIB.
2283 231 2347 289 II.

3306 227 3444 282 I170

207 355 398 424 μένοις
423 356 605 417 τόποις
624 353 718 408 τοῦ
746 355 981 424 φέγγους
1004 357 1232 428 παρέχει
1256 358 1352 429 τὴν
1385 360 1684 430 μετουσίαν.
1711 359 1751 412 Ε

1872 356 2016 426 quod
2043 356 2284 410 continet
2310 366 2432 406 cum
2459 349 2533 406 sit
2558 349 2797 419 undique
2819 355 3086 419 apertum,
3116 346 3257 402 locis
3276 348 3442 403 etiam

202 444 341 512 γοῦν
361 440 508 497 οἷκόν
531 461 653 498 τινα
680 444 897 508 τελείως
927 446 1289 512 ἀποκλείσεις,
1314 449 1390 510 ὡς
1424 450 1554 520 μηδὲ
1589 448 1776 520 στενὴν

201 533 341 602 γοῦν
371 534 573 589 εἴσοδον
599 535 915 590 καταλιπεῖν
946 536 1023 607 τῷ
1064 539 1201 606 φωτὶ
1239 538 1406 610 αὐτῷ,
1449 540 1617 593 νύκτα
1655 558 1775 593 ποι-

201 626 365 694 ήσεις
387 625 483 678 καὶ
512 628 569 679 ἐν
596 626 930 699 μεσημϐρίᾳ.
959 626 1128 681 Τοῦτο
1157 629 1220 701 δὴ
1250 632 1344 684 καὶ
1368 634 1426 685 ὲν
1450 633 1603 685 νυκτὶ
1627 632 1775 700 γίνε-

204 733 300 769 ται
333 717 469 786 πρὸς
496 720 622 783 τοὺς
657 719 818 783 ίδίους
846 719 1057 792 χώρους
1082 721 1234 791 ἡλίου
1262 725 1573 794 γενομένου.
1610 725 1775 778 Ὥστε

202 807 244 876 ἡ
270 805 365 871 νὺξ
401 807 654 879 στέρησις
683 808 749 863 ἂν
780 810 862 881 εἴη
899 810 1092 881 φωτός.
1132 812 1306 867 Μάθοι
1328 814 1373 867 δ’
1410 816 1474 870 ἀν
1501 832 1583 878 τις
1614 817 1776 884 σαφέ-

205 914 398 968 στερον
439 899 502 950 τὸ
542 900 841 969 γινόμενον,
875 903 923 956 εί
967 904 1225 974 νοήσειεν,
1275 905 1350 970 ὡς
1387 906 1444 959 ἐν
1472 908 1626 962 νυκτὶ
1673 907 1771 978 μέν

204 987 326 1039 ἐστὶ
345 1004 447 1041 που
469 987 737 1059 διαμένων
766 990 858 1043 καὶ¹
887 990 1145 1063 ὑπάρχων
1167 994 1196 1046 6
1218 994 1389 1065 ἥλιος,
1413 994 1530 1066 μεθ’
1558 996 1771 1067 ἡμέραν

201 1077 266 1129 δὲ
301 1078 533 1150 οὐδαμοῦ
566 1080 628 1133 τὸ
674 1083 881 1148 σκότος,
930 1081 1064 1138 ἀλλά
1111 1085 1385 1149 παντελῶς
1426 1086 1771 1158 διαλυόμενον

203 1168 546 1235 ἀφανίζεται.
577 1170 741 1225 Ὥστε
771 1172 946 1242 φωτὸς
978 1173 1078 1244 μὲν
1104 1174 1323 1244 γέγονεν
1345 1177 1521 1245 οὐσία,
1548 1179 1770 1243 σκότους

200 1259 263 1312 δὲ
295 1260 563 1332 οὐδαμῶς.

1874 463 1994 518 quae
2025 446 2269 501 umbram
2295 444 2517 508 habent,
2565 441 2767 512 praebet
2815 441 3042 496 luminis
3071 440 3447 510 participatio-

1874 553 2019 593 nem.
2074 536 2258 606 Itaque
2303 535 2349 590 si
2393 534 2612 588 domum
2659 534 2969 603 quampiam
3014 548 3081 587 ex
3114 533 3261 586 omni
3291 542 3445 602 parte

1870 628 2007 684 bene
2040 626 2280 690 claudas,
2328 633 2383 680 et
2405 640 2581 696 neque
2609 624 2696 678 vel
2729 631 2998 694 angustus
3041 623 3223 678 aditus
3252 621 3444 677 lumini

1870 721 2230 791 relinquatur,
2268 725 2482 773 noctem
2527 716 2725 773 eﬂicies
2754 717 2917 772 etiam
2948 716 3003 770 in
3049 714 3293 771 meridie.
3330 711 3444 767 Hoc

1874 817 2057 864 autem
2088 808 2146 862 ﬁt
2200 809 2254 862 in
2285 814 2464 872 nocte,
2500 806 2616 860 sole
2649 806 2769 859 loca
2800 818 2899 859 sua
2941 802 3211 857 ambiente
3255 807 3308 856 et
3337 799 3445 853 cir-

1879 904 2192 953 cumeunte.
2237 893 2391 950 Unde
2430 910 2537 949 nox
2579 901 2663 950 est
2700 892 2931 963 privatio
2979 891 3219 946 luminis.
3259 888 3444 943 Potest

1878 994 2058 1043 autem
2095 987 2199 1042 hoc
2235 986 2381 1057 quod
2413 985 2489 1050 ﬁt,
2512 978 2727 1040 ‘clarius
2770 983 3078 1055 percipi,‘si
3115 981 3239 1052 quis
3264 980 3446 1035 consi-

1878 1079 2053 1139 derat,
2082 1076 2284 1131 alicubi
2322 1090 2449 1132 esse
2479 1084 2533 1130 et
2570 1091 2792 1131 manere
2834 1082 3002 1129 noctu
3037 1074 3229 1136 solem,
3274 1071 3444 1125 inter-

1875 1167 1969 1224 diu
1999 1185 2126 1225 vero
2174 1183 2442 1239 nusquam
2474 1182 2596 1223 esse
2634 1168 2908 1234 tenebras,
2950 1164 3046 1222 sed
3073 1163 3291 1235 penitus
3316 1162 3432 1216 dis-

1875 1264 2011 1318 solvi
2057 1270 2113 1318 et
2159 1262 2301 1317 tolli.
2342 1245 2523 1327 Quare
2558 1259 2865 1316 substantia
2896 1256 3117 1312 luminis
3162 1254 3303 1310 facta
3333 1260 3437 1321 est,

1873 1368 1985 1408 non
2032 1360 2212 1409 autem
2245 1353 2616 1411 tenebrarum.

940 1457 1070 1513 CAP.
1112 1456 1300 1514 XVIII.
1343 1459 1532 1516 Noctis
1560 1462 1860 1518 necessitas.
1896 1461 2164 1517 Utilitates
2189 1478 2253 1518 ea:
2274 1479 2337 1519 ea
2369 1464 2705 1533 proﬂuentes.

277 1566 584 1640 Σκοπητέον
636 1569 682 1623 δ’
732 1570 881 1642 ὅμως
933 1574 1125 1638 νυκτὸς
1174 1575 1298 1629 ὅσον
1345 1576 1406 1629 τὸ
1456 1577 1767 1646 ἀναγκαῖον.

1947 1577 2414 1634 Considerandum
2461 1592 2593 1634 vero
2645 1584 2751 1642 est,
2813 1589 2977 1647 quam
3024 1573 3096 1631 sit
3128 1575 3433 1630 necessaria

206 1660 397 1714 Ἔστιν
442 1661 722 1717 ἀνάπαυλα
770 1663 985 1737 πρῶτον
1033 1667 1185 1739 κοινὴ
1228 1671 1340 1732 τοῖς
1371 1670 1567 1723 πᾶσιν·
1603 1672 1632 1723 6
1662 1670 1757 1741 γὰρ

1870 1684 2001 1725 nox.
2047 1669 2322 1737 Primum,
2377 1678 2461 1727 est
2506 1670 2818 1726 communis
2866 1667 3086 1740 requies
3146 1667 3433 1733 omnibus;

205 1748 330 1820 μεθ’
360 1751 575 1823 ἡμέραν
603 1751 768 1818 ὕπνος
798 1755 860 1808 τὸ
894 1756 1188 1827 ἀναγκαῖον
1218 1759 1316 1829 τῆς
1345 1760 1537 1825 νυκτὸς
1568 1758 1767 1831 μᾶλλον

202 1840 651 1914 παραδείκνυσιν,
699 1838 767 1916 ἦς
814 1863 879 1916 γε
926 1847 1178 1911 τοσοῦτος
1230 1850 1487 1921 ὑπάρχων
1520 1852 1549 1903 6
1577 1851 1767 1922 χρόνος

199 1934 305 2004 ούχ
352 1934 531 1999 ἱκανὸς
568 1936 930 1993 διαναπαῦσαι
968 1939 1067 2004 τὰς
1110 1941 1389 2013 αἰσθήσεις
1432 1942 1761 2014 ἀνθρώποις·

202 2026 300 2078 καὶ
330 2025 421 2079 τοῦ
459 2027 556 2097 μὲν
607 2027 724 2099 μεθ’
751 2029 960 2101 ἡμέραν
1000 2030 1167 2085 ὕπνου
1209 2033 1308 2086 οὐκ
1350 2033 1438 2106 ίση
1482 2036 1594 2099 τοῖς
1632 2037 1765 2089 πᾶσι

202 2119 430 2190 μετοχίγ
458 2119 519 2172 τὸ
545 2119 601 2173 δὲ
638 2122 695 2176 ὲν
726 2124 882 2177 νυκτὶ
909 2124 1107 2193 κοινὸν,
1142 2126 1235 2179 καὶ
1270 2125 1467 2198 ἐπίσης
1491 2129 1604 2191 τοῖς
1631 2128 1764 2180 πᾶσι

197 2213 303 2283 τῆς
331 2211 734 2280 διαναπαύσεως
774 2216 835 2269 τὸ
875 2216 1091 2288 μέτρον,
1141 2219 1242 2273 οὐκ
1289 2217 1411 2289 ἔχον
1451 2218 1763 2289 ἀνωμαλίαν

201 2302 342 2374 πρὸς
372 2302 441 2357 τὰ
471 2303 699 2374 βιωτικὰ
725 2306 1184 2380 πλεονεκτήματα.
1216 2310 1393 2382 Ὅπερ
1416 2310 1515 2364 οὑκ
1546 2310 1764 2364 ἔλαττον

196 2393 302 2464 τὴν
335 2394 554 2465 ἰσότητα
585 2396 680 2450 τοῦ
702 2398 1040 2471 Δημιουργοῦ
1064 2399 1140 2463 ὡς
1164 2399 1300 2470 πρὸς
1319 2399 1376 2452 ἒν
1397 2399 1637 2469 γένος,τδ
1654 2400 1762 2455 τῶν

196 2483 503 2556 ἀνθρώπιον
542 2488 893 2561 μαρτύρεται.
928 2491 1155 2544 Ἔπειτα
1195 2491 1561 2555 είδιαπαντὺς
1587 2492 1764 2564 ὑπῆρ-

197 2593 296 2645 χεν
334 2576 516 2650 ἡμέρα
544 2579 855 2656 ἀδιάδεκτον
889 2580 1087 2653 ἔχουσα
1130 2582 1189 2636 τὸ
1231 2581 1521 2654 διάστημα,
1556 2583 1655 2637 οὐκ
1694 2583 1761 2639 ἂν

195 2669 477 2741 ἐμετρήθη
519 2671 707 2742 χρόνος
756 2673 836 2736 είς
887 2673 1024 2746 μέρη
1072 2674 1146 2745 μὴ
1191 2674 1545 2746 τετμημένος.
1595 2675 1663 2728 Ἡ
1703 2673 1762 2727 δὲ

198 2760 320 2814 καθ’
340 2761 552 2834 ἡμέραν
577 2764 672 2819 τοῦ
704 2765 895 2837 χρόνου
923 2766 1065 2837 τομὴ
1090 2766 1178 2820 διὰ
1198 2766 1306 2826 τῶν
1329 2767 1529 2840 μορίων
1556 2766 1762 2824 τούτων

195 2853 650 2926 καταριθμεῖσθαι
682 2860 841 2911 ποιεῖ·
877 2858 1043 2930 χωρὶς
1085 2859 1142 2914 δὲ
1185 2858 1376 2930 χρόνου
1420 2858 1762 2928 διαγνώσεως

194 2947 392 3015 ἄλογος
419 2948 486 3002 ἂν
511 2949 568 3002 ἐν
599 2952 712 3015 τοῖς
735 2949 942 3004 πλείοσι
980 2950 1198 3020 γέγονεν
1231 2950 1535 3022 ἀνθρώποις
1561 2954 1589 3005 6
1624 2951 1759 3022 βίοςι

194 3040 260 3092 τὸ
285 3039 343 3093 δὲ
372 3041 436 3112 δὴ
479 3042 679 3112 μεῖζον,
717 3043 817 3096 οὐκ
847 3041 913 3096 ἂν
950 3044 1124 3112 φωτὸς
1164 3043 1385 3113 γέγονεν
1436 3042 1755 3107 ἀπόλαυσις,

198 3131 424 3196 σκότους
456 3133 529 3203 μὴ
562 3136 967 3207 παρακειμένου
997 3135 1089 3188 τὸν
1128 3134 1411 3206 εἰρημένον
1439 3134 1637 3206 τρόπον
1669 3152 1765 3188 νυ-

194 3221 469 3292 κτερινοῦ.
512 3222 631 3289 Φῶς
667 3225 776 3297 γὰρ
806 3226 1111 3297 σωματικὸν
1140 3227 1500 3292 ἀδιάλειπτον,
1536 3229 1646 3283 οὐδ’
1676 3229 1758 3282 ὅτι

190 3311 314 3380 φῶς
341 3314 506 3379 ἐστιν,
532 3316 775 3388 ἐγνώσθη
800 3316 884 3372 ἄν’
917 3318 1052 3390 πρὸς
1084 3318 1191 3391 γὰρ
1212 3320 1613 3391 ἀντιδιαστολὴν
1635 3320 1760 3374 σκό-

187 3419 322 3466 τους
351 3404 465 3472 φῶς
495 3404 806 3477 ὠνόμασται
849 3409 942 3463 καὶ
986 3409 1155 3464 ἐστίν.
1186 3412 1299 3465 Οὐκ
1330 3411 1396 3465 ἂν
1426 3406 1518 3465 οὖν
1550 3412 1760 3483 θαυμα-

193 3493 323 3545 στόν
353 3512 408 3548 τι
444 3491 532 3564 ἦν,
574 3498 648 3562 ὡς
677 3498 791 3552 ἐστι
824 3500 1207 3573 δημιούργημα
1234 3502 1423 3571 φανὲν,
1458 3505 1506 3556 εί
1548 3503 1691 3574 μήγε
1721 3504 1764 3574 ἡκ

187 3581 345 3650 θέσις
367 3586 460 3641 τοῦ
491 3587 771 3654 δοκοῦντος
798 3591 1124 3646 ἀντικεῖσθαι
1154 3593 1538 3663 παρεδείκνυεν
1566 3593 1714 3647 αὑτό.

1868 1778 2096 1818 somnus
2152 1764 2299 1818 enim
2329 1764 2561 1819 diurnus
2616 1761 2792 1833 magis
2832 1761 3214 1817 necessitatem
3258 1757 3441 1815 noctis

1866 1853 2129 1918 declarat,
2184 1854 2346 1923 cujus
2388 1854 2607 1925 quidem
2652 1861 2868 1922 tempus
2898 1859 3008 1906 tam
3059 1851 3278 1921 longum
3323 1863 3449 1905 non.

1865 1941 2065 1997 sutlicit
2118 1944 2456 2011 hominibus,
2514 1950 2637 1999 uta
2688 1944 2942 1999 sensibus
2975 1942 3340 2012 requiescant,
3378 1951 3439 1998 et

1865 2032 2122 2088 diurnum
2171 2051 2422 2091 somnum
2470 2050 2666 2106 capere
2706 2050 2817 2090 non
2861 2034 3142 2105 azqualiter
3178 2033 3442 2089 omnibus

1862 2123 1991 2179 licet
2037 2143 2051 2178 :
2093 2126 2150 2180 in
2196 2134 2358 2182 nocte
2414 2142 2545 2183 vero
2593 2124 3034 2186 communisest
3072 2126 3343 2181 omnibus
3379 2136 3435 2181 et

1861 2216 2084 2285 aequalis
2122 2233 2375 2273 mensura
2427 2219 2494 2272 ad
2542 2218 2987 2289 requiescendum
3016 2257 3032 2283 ,
3093 2218 3299 2272 nullam
3341 2218 3431 2272 in-

1860 2309 2221 2378 aequalitatem
2248 2311 2455 2373 habens
2484 2310 2550 2366 ad
2571 2312 2827 2368 avaritias
2846 2311 2972 2366 vita:
2989 2320 3044 2365 et
3067 2312 3189 2381 plus
3199 2309 3429 2365 habendi

1862 2398 2206 2467 cupiditates.
2259 2401 2415 2467 Quod
2453 2401 2672 2473 quidem
2704 2417 2815 2457 non
2847 2402 3028 2457 minus
3063 2400 3428 2471 aequalitatem

1862 2489 2139 2546 Creatoris
2177 2500 2444 2556 testatur,
2495 2502 2749 2562 tanquam
2798 2492 2891 2547 uni
2922 2491 3104 2563 generi
3147 2489 3430 2545 hominum

1861 2583 2144 2653 aequaliter
2188 2584 2593 2654 prospicientis.
2658 2583 2884 2649 Deinde,
2942 2584 2989 2640 si
3033 2597 3245 2653 semper
3283 2595 3431 2637 esset

1860 2675 1999 2741 dies,
2036 2686 2090 2733 et
2129 2678 2306 2747 spatio
2330 2677 2438 2733 diei
2470 2693 2579 2732 non
2618 2678 2938 2734 succederet
2982 2690 3091 2730 nox
3116 2715 3132 2740 ,
3162 2689 3271 2729 non
3302 2687 3430 2742 pos-

1861 2769 2244 2824 semusmetiri
2272 2775 2487 2839 tempus
2514 2784 2623 2822 non
2651 2769 2885 2824 divisum
2912 2770 2967 2823 in
2993 2775 3195 2838 partes.
3225 2764 3431 2820 Divisio

1861 2868 2043 2915 autem
2080 2858 2262 2914 diurni
2296 2859 2559 2930 temporis
2590 2859 2742 2926 facit,
2790 2868 2847 2913 ut
2875 2860 3035 2914 liceat
3075 2866 3291 2927 tempus
3335 2871 3431 2926 per

1859 2948 1959 3005 bas
1988 2950 2283 3019 particulas
2313 2965 2621 3005 numerare.
2681 2949 2798 3005 Nisi
2843 2960 3024 3003 autem
3057 2955 3272 3017 tempus
3318 2946 3433 3001 dis-

1858 3047 2195 3105 cerneretur,
2252 3040 2308 3095 in
2338 3042 2527 3096 multis
2575 3041 2740 3096 rebus
2769 3055 2877 3095 non
2909 3047 3094 3110 posset
3117 3036 3431 3093 hominibus

1855 3135 1997 3190 ratio
2050 3136 2172 3189 vitae
2223 3135 2351 3190 iniri
2385 3142 2440 3190 et
2495 3142 2781 3201 constare;
2815 3140 2868 3189 et
2899 3133 3042 3203 quod
3090 3132 3268 3200 majus
3320 3139 3425 3195 est,

1857 3240 1968 3280 non
2007 3236 2155 3281 esset
2186 3226 2440 3297 voluptas
2475 3226 2698 3282 luminis
2742 3225 2981 3289 fruendi,
3033 3225 3079 3280 si
3111 3240 3219 3279 non
3244 3235 3428 3281 essent

1857 3317 2092 3372 tenebrae
2128 3324 2411 3372 nocturnae
2440 3316 2496 3372 in
2525 3318 2775 3387 proximo
2811 3332 2877 3373 eo
2902 3316 3063 3371 modo
3093 3331 3252 3385 quem
3284 3314 3427 3370 dixi-

1861 3424 2007 3464 mus.
2062 3407 2271 3463 Lumen
2315 3407 2462 3464 enim
2516 3422 2835 3481 corporeum
2874 3407 3193 3461 continuum
3248 3419 3426 3474 neque

1860 3499 2003 3569 quod
2025 3500 2207 3555 lumen
2239 3505 2406 3565 esset,
2446 3506 2866 3569 cognosceretur
2896 3517 2907 3550 :
2939 3498 3123 3555 lumen
3149 3496 3293 3551 enim
3320 3494 3425 3557 ,di-

1819 3660 1825 3666 ,
1858 3593 1998 3647 citur
2032 3600 2088 3646 et
2115 3602 2218 3656 est,
2265 3599 2326 3646 ut
2355 3607 2387 3646 a
2427 3590 2667 3646 tenebris
2696 3590 3077 3661 distinguatur.
3108 3587 3228 3643 Non
3258 3585 3422 3657 igitur

186 3685 363 3742 esset,
409 3688 469 3734 ut
522 3695 645 3737 esse
691 3690 914 3753 apparet
952 3683 1310 3741 admiratione
1352 3685 1575 3757 dignum
1617 3699 1648 3739 a
1703 3682 1813 3741 Deo
1857 3691 2120 3751 creatum,
2155 3683 2263 3740 nisi
2303 3682 2636 3755 comparatio
2682 3682 2800 3753 ejus
2842 3682 2989 3754 quod
3037 3679 3252 3736 videtur
3282 3693 3419 3734 con-

186 3771 443 3837 trarium,
474 3772 606 3828 illud
632 3775 962 3831 ostenderet.
1206 3840 1209 3845 ς

262 3864 425 3918 Ὥστε
456 3868 550 3918 καὶ
577 3867 748 3922 τᾶλλα·
772 3867 868 3940 μὲν
900 3867 1070 3922 πολλά
1095 3870 1253 3942 χάριν
1280 3870 1639 3942 ὁμολογητέον
1660 3869 1754 3922 ἐπὶ

184 3958 257 4026 τῇ
276 3956 430 4009 νυκτὶ
454 3957 532 4028 τῷ
553 3959 812 4032 πανσόφῳ
839 3964 1183 4035 Δημιουργῷο
1212 3962 1444 4034 μάλιστα
1475 3963 1519 4016 δ’
1549 3964 1631 4016 ὅτι
1658 3962 1750 4016 τοῦ

182 4046 366 4115 φωτὸς
389 4050 607 4119 ἐμποιεῖ
623 4050 719 4122 τὴν
734 4052 981 4124 αἴσθησίν
998 4073 1056 4109 τε
1077 4057 1171 4110 καὶ
1188 4055 1286 4127 τὴν
1304 4055 1620 4122 ἀπόλαυσιν,
1648 4056 1749 4110 οὐκ

183 4133 257 4188 ἃν
286 4135 459 4201 ἄλλως
491 4136 929 4208 διαγνωσθέντος,
952 4143 1141 4216 ὅτιπερ
1167 4144 1331 4198 ἐστίν,

269 4306 408 4361 Ἀλλ’
436 4308 734 4381 ἐκπλαγείη
761 4329 845 4376 τις
883 4312 949 4368 ἂν
980 4314 1079 4386 τὴν
1113 4314 1348 4387 ἄρρητον
1378 4315 1472 4369 τοῦ
1502 4316 1635 4371 Θεοῦ
1664 4335 1749 4371 σο-

1931 3862 2297 3930 Quamobrcm
2344 3870 2561 3935 oportet
2594 3863 2800 3935 gratias
2839 3877 2997 3935 agene
3027 3862 3157 3930 Deo,
3202 3865 3417 3934 sapien-

1856 3956 2070 4012 tissimo
2089 3955 2357 4021 Creatori,
2384 3973 2509 4012 cum
2538 3966 2759 4028 propter
2785 3958 2889 4012 alia
2922 3958 3115 4022 multa.
3150 3966 3265 4012 tum
3297 3973 3416 4013 ma-

1854 4050 1999 4104 xime
2022 4048 2151 4119 quia
2176 4049 2323 4115 fecit,
2359 4056 2419 4103 ut
2446 4051 2631 4105 lumen
2659 4051 2984 4106 sentiremus
3019 4058 3074 4105 et
3099 4065 3165 4106 eo
3209 4050 3419 4107 fruere-

1853 4156 2016 4208 mur;
2048 4141 2193 4211 quod
2242 4140 2464 4197 quidem
2509 4155 2632 4198 esse
2664 4156 2775 4197 non
2808 4142 2965 4196 aliter
2990 4141 3300 4198 discernere
3320 4156 3419 4216 po-

1851 4233 2169 4289 tuissemus.

1921 4326 2019 4379 Est
2053 4334 2233 4381 autem
2267 4324 2612 4397 obstupenda
2655 4325 2944 4381 ineﬂ‘abilis
2979 4324 3075 4381 Dei
3126 4326 3414 4396 sapientia,

182 4398 334 4468 «ρίαν,
368 4399 471 4466 ὅτι,
502 4401 768 4456 τοσούτων
804 4404 898 4457 καὶ
936 4403 1015 4458 ἔτι
1036 4383 1284 4460 πλεόνων
1333 4409 1641 4477 ἀναγκαίων
1686 4426 1745 4463 τε

1864 4417 1991 4485 ιυοᾶ
2019 4432 2143 4471 cum
2182 4424 2263 4471 tot
2306 4424 2360 4472 et
2403 4383 2581 4472 adhuc
2610 4418 2796 4487 plures
2826 4418 3149 4473 necessaria;
3175 4383 3416 4475 bomini-
3520 4408 3523 4411 1

178 4484 280 4538 καὶ
312 4486 595 4557 χρησίμων
635 4489 724 4542 διὰ
772 4490 1018 4571 σκότους..
1036 4494 1341 4566 ἀνθρώποις
1375 4497 1745 4570 ὑπαρχόντων,

178 4576 331 4645 ὅμως
351 4577 408 4629 δὲ
440 4578 624 4650 ἐπειδὴ
651 4581 872 4646 σκότους
898 4579 964 4654 ἦν
992 4584 1161 4656 ὄνομά
1189 4604 1246 4639 τε
1280 4589 1373 4641 καὶ
1402 4591 1651 4661 πρᾶγμα,
1684 4592 1745 4645 οὑ

178 4668 583 4723 κατεσκεύακεν
602 4671 732 4724 αὐτὸ
758 4675 880 4726 κατ’
908 4674 1113 4742 οὐσίαν,
1145 4676 1282 4730 ἀλλά
1312 4680 1623 4747 συμϐαίνειν
1652 4681 1746 4735 καλ⁸

173 4758 603 4828 ἀποσυμϐαίνειν
632 4762 762 4816 αὐτὸ
800 4765 1117 4836 πεποίηκεψ
1147 4766 1234 4821 ἵνα
1266 4768 1360 4821 καὶ
1394 4769 1467 4831 ὡς
1499 4768 1558 4824 ὃν
1589 4770 1660 4823 τά
1685 4788 1745 4824 τε

174 4847 414 4918 ῥηθέντα
444 4852 535 4905 καλ⁵
561 4851 643 4906 ἔτι
672 4853 840 4908 πλείω
864 4857 1095 4930 παρέχῃ,
1124 4860 1216 4912 καὶ
1244 4860 1319 4922 ὡς
1357 4861 1431 4931 μὴ
1458 4860 1515 4914 ὃν
1543 4863 1743 4931 ἥκιστα
1772 4900 1777 4907 ς

170 4942 399 5015 διαϐάλῃ
420 4945 511 4999 τὸν
524 4949 886 5021 Δημιουργόν.
919 4952 1236 5023 Ἀμεμπτος
1259 4957 1545 5028 τοιγαροῦν
1563 4961 1596 5027 ἡ
1624 4959 1740 5025 νὺξ,

171 5032 312 5088 ἀλλά
343 5037 435 5090 καὶ
460 5036 733 5109 θαυμασία
755 5042 1023 5106 παντοίως
1045 5046 1112 5115 τῇ
1141 5047 1353 5117 χρήσει.

244 5210 382 5264 Φασὶ
420 5211 477 5264 δὲ
520 5212 724 5287 λῃστὴν
759 5216 818 5269 ὲν
857 5218 1012 5270 νυκτὶ
1054 5224 1399 5292 κακουργεῖν.
1444 5224 1553 5277 Καὶ
1582 5224 1635 5276 τί
1661 5225 1742 5279 δεῖ

170 5301 308 5370 σ.ρὸς
338 5300 437 5373 τὴν
465 5301 673 5371 νύκτα;
706 5306 755 5358 εί
784 5305 894 5377 γὰρ
923 5307 998 5378 μὴ
1036 5309 1307 5382 ὲανεδέχετο
1338 5314 1431 5367 καὶ
1462 5315 1520 5366 ὲν
1551 5316 1738 5387 ἡμέρᾳ

169 5398 545 5466 κακοπραγεῖν
595 5396 719 5461 τοὺς
770 5397 1142 5471 βουλομένους,
1188 5404 1354 5475 ἐχρῆν
1404 5406 1502 5476 τῆς
1547 5407 1737 5473 νυκτὸς

167 5483 548 5540 διαϐάλλεσθαι
582 5488 673 5541 τὸν
696 5490 905 5562 καιρόν.
952 5493 1103 5547 Ἐπεὶ
1128 5494 1184 5548 δὲ
1216 5494 1312 5567 τὴν
1336 5497 1616 5570 εὐκαιρίαν
1638 5500 1736 5570 τῆς

170 5578 503 5651 κακουργίας
534 5583 562 5635 6
592 5582 732 5654 δρῶν
763 5584 1038 5655 ἀναμένει,
1080 5587 1181 5641 κᾶν
1220 5589 1279 5641 ὲν
1306 5588 1517 5662 ἡμέρᾳ,
1544 5590 1646 5645 κᾶν
1678 5593 1735 5645 ὲν

167 5670 325 5724 νυκτὶ
358 5672 684 5742 παραπέσοι.
716 5673 812 5746 τὴν
844 5675 1097 5746 πρόθεσιν
1117 5678 1227 5733 ’τοῦ
1262 5679 1513 5751 δρῶντος,
1554 5683 1614 5737 ού
1643 5683 1735 5737 τὸν

1848 4506 1951 4561 bus
1989 4515 2043 4562 et
2083 4516 2402 4578 opportunae
2447 4508 2711 4565 utilitates
2754 4524 2820 4564 ex
2850 4509 3093 4564 tenebris
3122 4511 3412 4576 exsistant,

1844 4605 2025 4655 tamen
2052 4602 2179 4670 quia
2207 4608 2324 4656 erat
2354 4617 2549 4656 nomen
2576 4608 2631 4656 et
2663 4616 2749 4657 res
2778 4602 3150 4666 tenebrarum,
3182 4618 3295 4657 non
3330 4603 3415 4659 ie-

1846 4688 1919 4743 cit
1945 4705 2038 4745 eas
2063 4691 2363 4746 secundum
2398 4691 2780 4754 substantiam,
2809 4694 2904 4748 sed
2933 4693 3062 4748 fecit
3087 4700 3146 4747 ut
3168 4695 3415 4749 venirent

1844 4788 1898 4833 et
1946 4781 2307 4851 recederent;
2356 4792 2417 4838 ut
2451 4786 2611 4855 quasi
2658 4794 2843 4842 essent
2872 4801 2936 4842 ea
2987 4802 3106 4856 quae
3148 4786 3409 4848 diximus,

1843 4877 1899 4924 et
1929 4870 2106 4927 adhuc
2131 4873 2286 4942 plura
2324 4875 2609 4931 commoda
2641 4878 2987 4947 praeberent;
3033 4886 3087 4932 et
3117 4878 3276 4948 quasi
3300 4891 3412 4934 non

1842 4969 2049 5027 essent,
2097 4963 2322 5020 minime
2350 4966 2537 5021 mundi
2565 4967 2862 5024 fabricator
2888 4979 3261 5026 accusaretur.
3296 4967 3407 5026 Ex-

1841 5060 1926 5105 tra
1977 5054 2192 5124 culpam
2240 5057 2407 5127 igitur
2441 5065 2496 5113 et
2539 5062 2817 5130 querelam
2856 5067 2941 5116 est
2975 5076 3107 5129 nox,
3136 5061 3268 5132 quin
3307 5076 3405 5130 ρο-
3510 5097 3514 5100 ‹

1840 5140 1950 5196 tius
1984 5159 2087 5198 usu
2128 5152 2212 5201 est
2254 5148 2511 5205 omnibus
2542 5148 2722 5206 modis
2763 5150 3019 5206 mirabili.

1914 5230 2019 5287 Sed
2063 5233 2239 5300 aiunt,
2272 5235 2535 5291 latronem
2569 5246 2735 5293 noctu
2762 5239 3099 5294 latrocinari.
3137 5238 3245 5294 Sed
3274 5240 3403 5310 quid

1838 5320 1944 5376 hoc
1965 5330 2156 5377 contra
2186 5325 2439 5381 noctem?
2471 5328 2517 5382 si
2543 5328 2686 5382 enim
2717 5344 2828 5383 non
2863 5328 3201 5400 contingeret
3222 5328 3290 5384 de
3315 5327 3404 5385 die

1840 5412 2154 5468 latrocinari
2200 5431 2294 5471 eos
2360 5418 2454 5488 qui
2506 5419 2819 5475 latrocinari
2856 5421 3069 5486 volunt,
3129 5429 3403 5492 oporteret

1837 5510 2051 5573 tempus
2084 5515 2410 5563 nocturnum
2442 5524 2722 5567 accusare.
2754 5510 2862 5566 Sed
2878 5513 3005 5583 quia
3032 5512 3171 5568 latro
3196 5527 3401 5585 oppor-

1839 5596 2123 5650 tunitatem
2158 5596 2292 5653 furti
2330 5610 2635 5670 exspectat,
2678 5605 2795 5659 sive
2827 5604 2914 5660 die
2936 5606 3051 5661 sive
3078 5612 3243 5662 nocte
3272 5607 3404 5662 inci-

1838 5687 1948 5756 ἀοι,
1993 5690 2209 5749 animus
2240 5693 2564 5749 maleﬁcium
2608 5694 2879 5765 facientis,
2914 5714 3023 5753 non
3073 5710 3285 5771 tempus
3312 5706 3407 5758 est.
