3782 6166
418 275 550 331 ΗΠ

1522 279 1661 336 τιτι
1699 276 2122 335 BOSTRENSIS
2173 276 2480 334 EPISCUPI

3500 282 3628 335 “73

420 389 633 446 crimini
682 388 962 448 dandum:
1006 400 1378 450 verumtamen
1428 396 1475 450 si
1543 395 1824 452 malellcus
1874 410 1980 450 no-

2091 395 2270 465 καιρὸν
2291 396 2591 451 αἰτιατέον
2619 395 2757 468 πλὴν
2790 397 2836 449 εί
2864 396 3017 451 νυκτί
3042 414 3104 466 γε
3131 397 3376 451 ἐπείθετο
3402 397 3634 468 κακοῦρα

417 486 493 539 cti
534 495 767 556 pareret.
810 484 1073 542 dormiret
1103 502 1277 555 sane;
1323 489 1428 545 boc
1463 490 1608 545 enim
1659 490 1834 546 solum
1866 504 1976 545 nox

415 575 591 646 jubet.

2082 505 2178 557 γος
2217 490 2385 555 ἀπας,
2425 487 2712 542 ἐκάθευδεν
2747 487 2830 542 ἀν·
2865 489 3023 544 τοῦτο
3051 489 3156 561 γὰρ
3187 490 3281 544 καὶ
3311 489 3471 561 μόνον
3504 504 3632 562 παρ-

2080 580 2271 649 εγγυᾴ.

1322 693 1450 750 CAP.
1487 692 1627 751 XIX.
1671 693 1939 748 Hendacii
1968 708 2087 746 cum
2130 694 2355 749 tenebris
2388 697 2737 767 comparatio.

488 802 755 861 Prmterea
816 802 1272 864 considerandum
1317 819 1401 865 est
1446 809 1696 865 similiter
1737 810 1878 865 inter
1921 823 1980 863 se

420 897 697 951 contraria
745 896 916 953 videri
956 899 1137 953 lumen
1189 907 1244 952 et
1273 899 1547 962 tenebras,
1588 899 1979 967 veritatemque

419 997 471 1043 et
507 988 867 1043 mendacium.
911 988 1067 1055 Quod
1095 991 1238 1044 enim
1275 1000 1360 1046 est
1400 991 1579 1046 lumen
1609 992 1843 1061 corpori,
1876 990 1980 1044 hoc

419 1087 505 1136 cst
544 1081 748 1137 veritas
782 1082 1009 1149 animae;
1060 1090 1114 1136 et
1147 1080 1295 1152 quod
1349 1083 1585 1137 tenebrze
1624 1083 1818 1147 oculis,
1872 1083 1979 1136 hoc

421 1172 726 1242 ignorantia
754 1181 808 1228 et
839 1173 1179 1227 mendacium
1219 1173 1407 1228 menti.
1452 1172 1624 1229 llomo
1658 1175 1802 1229 enim
1844 1175 1981 1229 nihil

421 1263 568 1318 aliud
616 1271 701 1320 est
741 1280 903 1335 quam
946 1265 1126 1318 anima
1188 1271 1244 1319 et
1294 1280 1515 1336 corpus.
1568 1263 1796 1336 Utrique
1839 1267 1979 1335 parti

421 1356 731 1426 suppeditat
770 1355 936 1421 Deus,
973 1356 1187 1427 corpori
1217 1356 1438 1426 lumen;
1476 1373 1570 1429 per
1597 1374 1798 1429 corpus
1835 1360 1979 1413 enim

418 1447 623 1503 lumine
664 1463 928 1518 corporeo
958 1447 1200 1517 fruitur;
1249 1465 1344 1519 per
1388 1450 1625 1506 animam
1667 1464 1796 1505 vero
1840 1451 1984 1505 veri-

420 1546 530 1593 tate
555 1539 843 1609 spirituali.

489 1630 643 1686 Sicut
678 1641 857 1686 autem
901 1646 1010 1685 non
1051 1638 1181 1686 sunt
1225 1632 1460 1688 tenebras
1504 1633 1803 1690 secundum
1850 1634 1980 1690 sub-

2152 809 2465 883 Θεωρητέον
2496 812 2561 884 δὴ
2595 812 2686 866 ἐπὶ
2720 812 2948 877 τούτοις,
2988 811 3064 876 ὥς
3088 811 3362 880 ἀναλόγως
3395 811 3638 882 ἀλλήλοις

2081 903 2416 958 ἀντικεῖσθαι
2444 904 2609 971 δοκεῖ,
2629 904 2744 974 φῶς
2776 922 2833 959 τε
2868 905 2959 958 καὶ
2981 905 3187 968 σκότος,
3213 904 3440 975 ἀλήθειά
3459 921 3523 956 τε
3550 906 3639 956 καὶ

2079 994 2296 1065 ψεῦδος·
2321 996 2459 1067 ὅπερ
2483 996 2591 1067 γὰρ
2626 994 2739 1066 φῶς
2769 995 3000 1065 σώματι,
3028 994 3186 1048 τοῦτο
3218 994 3443 1067 ἀλήθεια
3471 995 3633 1065 ψυχῇ·

2081 1087 2173 1140 καὶ
2213 1087 2347 1158 ὅπερ
2390 1088 2575 1152 σκότος
2618 1085 2933 1157 ὀφθαλμοῖς,
2965 1086 3130 1139 ,τοῦτο
3173 1085 3356 1154 ἄγνοια
3396 1084 3491 1138 καὶ
3526 1085 3642 1138 σκό-

2080 1195 2171 1240 τος
2191 1177 2300 1246 (i0)
2330 1177 2554 1248 διανοίᾳ.
2593 1176 2908 1248 Ἀνθρωπος
2943 1176 3042 1246 μὲν
3080 1175 3187 1246 γὰρ
3212 1174 3359 1228 οὐδὲν
3385 1176 3574 1245 ἕτερον
3607 1173 3640 1243 ἦ

2082 1270 2226 1340 ψυχή
2261 1286 2318 1323 τε
2347 1271 2440 1323 καὶ
2468 1269 2643 1340 σῶμαο
2672 1268 2822 1341 παρὰ
2859 1269 2915 1322 δὲ
2943 1267 3077 1321 Θεοῦ
3100 1268 3236 1340 πρὸς
3264 1266 3525 1338 ἑκάτερον
3550 1266 3643 1335 τὴν

2085 1361 2347 1432 χορηγίαν
2385 1360 2544 1431 ἔχων,
2587 1359 2675 1413 διά
2711 1360 2808 1431 μὲν
2837 1358 3081 1431 σώματος
3126 1357 3436 1430 σωματικοῦ
3469 1356 3646 1426 φωτὸς

2084 1448 2365 1512 ἀπολαύει,
2395 1448 2484 1502 διά
2509 1448 2565 1502 δὲ
2588 1448 2765 1519 ψυχῆς
2795 1448 2989 1519 νοητῆς
3017 1447 3288 1518 ἀληθείας.

2156 1628 2367 1699 Ὠσπερ
2397 1626 2453 1682 δὲ
2497 1628 2685 1691 σκότος
2729 1628 2849 1681 κατ’
2893 1626 3076 1681 οὐσίαν
3114 1627 3210 1697 μὲν
3246 1626 3345 1696 οὐχ
3385 1624 3646 1695 ὑπάρχει,

418 1721 706 1788 stantiam,
751 1722 928 1777 solum
978 1732 1159 1779 autem
1211 1738 1307 1780 eas
1356 1723 1612 1781 advenire
1655 1727 1981 1797 permissum

2091 1722 2295 1774 επιὲναι
2338 1718 2395 1772 δὲ
2439 1718 2851 1791 συγκεχώρηται
2905 1718 3083 1790 μόνον,
3129 1717 3204 1780 ὡς
3248 1715 3647 1780 ἀποδέδεικται,

416 1822 524 1876 est.
557 1814 699 1870 sicut
725 1822 1005 1870 ostensum
1034 1823 1154 1879 est;
1192 1815 1273 1871 sic
1302 1815 1465 1871 etiam
1495 1818 1837 1872 mendacium
1877 1834 1985 1873 non

419 1910 603 1959 manet
632 1904 701 1960 ab
724 1903 905 1974 aliqua
934 1904 1242 1961 substantia
1270 1920 1367 1976 per
1390 1920 1450 1962 se
1471 1907 1787 1974 exsistente,
1821 1923 1984 1979 quam

419 1995 511 2052 ille
558 1996 886 2068 principium
931 1997 1230 2068 ingenitum
1266 2005 1444 2062 vocat,
1495 2013 1671 2068 neque
1707 2008 1792 2055 est
1850 2000 1983 2054 sub-

419 2090 621 2145 stantia
650 2090 915 2161 quaepiam
958 2106 1055 2162 per
1096 2105 1156 2146 se
1194 2090 1464 2148 essistens
1494 2105 1569 2157 ,ae
1607 2092 1816 2148 vivens.
1877 2091 1985 2147 Sed

417 2181 535 2237 sola
561 2183 889 2252 cogitatione
931 2198 1076 2246 esse,
1121 2197 1441 2239 concessum
1479 2192 1582 2249 cst,
1624 2193 1679 2239 et
1729 2183 1984 2240 advenire

417 2281 585 2344 atque
613 2276 870 2330 recedere
908 2274 1163 2330 similiter
1208 2282 1268 2330 ut
1294 2276 1583 2341 tenebras;
1617 2276 1779 2347 idque
1825 2278 1983 2333 valde

421 2364 627 2419 utiliter
655 2372 710 2419 et
742 2364 1062 2419 necessario
1099 2383 1111 2421 :
1150 2364 1256 2421 nisi
1288 2366 1435 2419 enim
1470 2366 1729 2436 cogitatio
1761 2367 1986 2421 menda-

417 2456 492 2511 cii
539 2471 662 2513 esse
714 2464 898 2527 posset
943 2457 1213 2526 permissu
1246 2458 1371 2520 Dei.
1419 2459 1668 2515 veritatis
1694 2459 1845 2529 Optio
1875 2474 1985 2514 non

420 2559 570 2607 esset
612 2551 667 2605 in
695 2548 1009 2606 hominibus
1036 2557 1281 2620 spectata
1314 2557 1368 2607 et
1407 2551 1656 2623 probata,
1696 2560 1750 2606 et
1781 2550 1986 2606 frustra

420 2644 818 2707 nominaretur,
871 2643 976 2697 nisi
1027 2643 1349 2712 permissum
1390 2651 1563 2709 esset,
1600 2659 1721 2699 esse
1762 2643 1986 2699 menda-

417 2736 563 2790 ciem
605 2735 956 2805 cogitatione.
990 2733 1161 2790 Nemo
1186 2736 1332 2790 enim
1373 2743 1519 2792 esset
1542 2736 1750 2791 amicus
1786 2738 1985 2789 verita-

416 2826 514 2892 tis,
548 2826 658 2882 nisi
694 2832 1016 2898 potestatem
1047 2826 1274 2883 haberet
1312 2829 1588 2898 cogitandi
1617 2827 1980 2883 mendacium.

416 2916 537 2975 Non
568 2918 692 2974 dico
728 2933 849 2975 esse
875 2919 1222 2975 mendacium
1252 2918 1570 2989 adiunctum
1616 2920 1848 2983 veritati,
1887 2920 1983 2975 sed

415 3009 561 3081 quod
606 3009 757 3079 optio
803 3011 1049 3066 veritatis
1099 3026 1208 3066 non
1247 3011 1523 3093 videretur
1568 3026 1709 3077 esse,
1747 3013 1853 3067 nisi
1883 3027 1982 3083 p0-

419 3109 587 3157 testas
612 3101 912 3157 mentiendi
946 3102 1223 3171 adjaceret
1246 3118 1259 3154 :
1285 3104 1429 3173 quod
1456 3105 1674 3175 quidem
1695 3106 1982 3160 veraeibus

415 3191 663 3263 prodest,
696 3206 806 3247 non
835 3192 1076 3247 veritati.
1119 3190 1344 3263 Oportet
1376 3195 1519 3250 enim
1550 3209 1671 3250 eum
1701 3197 1791 3267 qui
1820 3210 1984 3251 verax

415 3289 522 3346 est,
549 3290 609 3338 ut
636 3298 806 3353 penes
842 3298 967 3338 eum
1001 3284 1073 3338 sit
1110 3285 1351 3350 mentiri,
1375 3300 1406 3340 a
1439 3302 1547 3356 quo
1578 3301 1700 3341 cum
1726 3288 1983 3352 abstinet,

415 3386 581 3430 verax
609 3383 719 3431 est.
756 3372 928 3431 Posse
963 3390 1093 3447 ergo
1121 3378 1336 3432 mentiri
1368 3377 1525 3433 aliert
1557 3379 1893 3442 hominibus.
1927 3387 1985 3434 ut

415 3464 703 3520 veritatem
732 3465 1023 3520 mendacio
1046 3474 1397 3536 anteponant.
1442 3466 1596 3522 Sicut
1632 3470 1819 3538 posita:
1845 3477 1989 3524 tene-

414 3555 527 3611 brze
570 3570 796 3612 sensum
842 3557 1071 3611 luminis
1134 3566 1355 3613 movent
1410 3567 1464 3614 et
1498 3560 1759 3624 excitant,
1802 3568 1987 3615 tamen

413 3648 561 3703 sicut
602 3648 783 3703 lumen
830 3647 887 3701 in
928 3645 1167 3703 tenebris
1206 3649 1349 3704 lucet
1400 3649 1670 3720 (dissolvit
1713 3651 1856 3705 enim
1890 3665 1986 3706 eas

413 3737 733 3804 adveniens,
758 3737 960 3808 quippe
988 3754 1110 3793 cum
1137 3754 1245 3794 non
1270 3741 1380 3795 sint
1406 3741 1709 3797 secundum
1734 3743 1986 3799 substan-

413 3828 593 3901 tiam),
622 3829 701 3885 sic
724 3830 923 3885 veritas
955 3831 1177 3887 vincens
1209 3832 1576 3900 mendacium,
1604 3834 1825 3889 omnino
1855 3850 1993 3889 con-

414 3921 606 3983 vincit,
630 3920 776 3991 quod
817 3930 1053 3987 nonest,
1103 3924 1436 3993 cogitatione
1475 3940 1596 3981 esse
1626 3937 1845 3996 propter
1891 3943 1987 3997 po-

412 4016 661 4067 testatem
693 4012 1060 4083 cogitationis,
1112 4013 1166 4068 id
1194 4023 1281 4071 est
1347 4018 1476 4086 quia
1517 4019 1746 4087 cogitari
1783 4026 1985 4088 potest.

416 4099 701 4165 Quomodo
740 4102 885 4157 enim
927 4111 1106 4173 potest
1154 4108 1279 4176 quis
1330 4107 1614 4163 veritatem
1656 4110 1879 4179 eligere,
1937 4112 1987 4167 si

415 4191 697 4261 suscipere
740 4192 1083 4249 mendacium
1130 4211 1240 4251 non
1276 4206 1360 4252 est
1393 4213 1560 4268 penes
1591 4199 1804 4269 ipsum?

487 4282 544 4337 Si
586 4283 753 4354 igitur
787 4286 1003 4341 ostendi
1032 4296 1217 4356 posset
1260 4304 1383 4345 esse
1413 4291 1664 4347 tenebras
1687 4292 1983 4347 secundum

2084 1813 2175 1867 τὸν
2203 1811 2366 1866 αὐτὸν
2394 1811 2593 1883 τρόπον
2617 1812 2711 1865 καὶ
2736 1810 2928 1880 ψεῦδος
2952 1810 3088 1883 (41),
3115 1809 3222 1863 ἀπό
3247 1825 3391 1872 τινος
3421 1808 3520 1877 μὲν
3559 1808 3651 1860 οὑ-

2087 1906 2207 1968 σίας
2238 1904 2577 1977 ὑφεστηκυῖά
2605 1920 2664 1957 τε
2692 1905 2785 1957 καὶ
2807 1902 2971 1967 ζῶσα·
2998 1902 3210 1974 ἐπινοίᾳ
3238 1901 3293 1955 δὲ
3326 1901 3483 1972 μόνον
3509 1895 3651 1953 εἶναι

2086 1998 2539 2070 συγκεχώρηται,
2595 1996 2907 2069 συμϐαίνειν
2954 2012 3014 2051 τε
3071 1995 3166 2048 καὶ
3217 1993 3650 2065 ἀποπμὸαίνειν

2084 2089 2478 2161 παραπλησίως
2508 2088 2586 2161 τῷ
2620 2089 2818 2153 σκότει,
2845 2088 3112 2143 καὶτοῦτο
3138 2087 3256 2142 λίαν
3279 2086 3567 2158 χρησίμως
3591 2102 3650 2139 τε

2083 2181 2178 2235 καὶ
2210 2182 2541 2249 ἀναγκαίως·
2562 2182 2611 2234 εἰ
2637 2180 2744 2249 γάρ
2784 2179 2856 2251 μὴ
2883 2181 3250 2252 ἐπετέτραπτο
3271 2179 3501 2249 ψεύδους
3533 2180 3653 2231 ὲπξ-

2083 2292 2221 2339 νοια,
2248 2273 2505 2344 ἀδόκιμος
2528 2273 2593 2327 ἂν
2613 2268 2679 2345 ἦν
2702 2273 2795 2327 καὶ
2810 2272 3163 2336 ἀϐασάνιστος
3185 2274 3303 2325 κατ’
3326 2271 3652 2341 ἀνθρώπους

2082 2365 2184 2436 τῆς
2211 2365 2466 2437 ἀληθείας
2492 2367 2526 2436 ἡ
2562 2365 2791 2436 αἵρεσιςο
2831 2364 3005 2435 μάτην
3030 2363 3074 2416 δ’
3103 2362 3168 2417 ἂν
3198 2364 3291 2416 καὶ
3315 2362 3649 2432 ὠνομάζετο,

2084 2460 2134 2511 εξ
2174 2456 2247 2529 μὴ
2270 2460 2330 2512 τὸ
2357 2457 2547 2527 ψεῦδος
2578 2455 2961 2527 συγκεχώρητο
2988 2458 3053 2526 τῇ
3087 2455 3317 2526 ὲπινοίᾳ’
3340 2454 3515 2517 οὐδεὶς
3545 2452 3655 2522 γὰρ

2083 2548 2150 2602 ἂν
2182 2545 2249 2619 ἦν
2283 2548 2600 2619 φιλαλήθης,
2639 2549 2687 2600 εἰ
2729 2546 2802 2617 μὴ
2834 2548 2928 2601 καὶ
2954 2546 3047 2599 τοῦ
3077 2544 3367 2615 ψεύδεσθαι
3407 2545 3505 2614 τὴν
3533 2543 3654 2595 ἐπί-

2083 2656 2237 2693 νοιαν
2261 2635 2402 2709 εἶχεν
2436 2640 2520 2709 ἐφ’
2549 2638 2737 2709 ἑαυτῷ.
2772 2639 2847 2692 Οὐ
2875 2639 3037 2709 φημὶ,
3064 2637 3146 2690 ὃτι
3179 2635 3653 2708 προσκεχαρισμέ-

2082 2747 2173 2785 νον
2210 2730 2274 2784 ἂν
2308 2731 2391 2800 εἴη
2436 2733 2502 2802 τῇ
2536 2730 2761 2802 ἀληθείᾳ
2800 2730 2861 2784 τὸ
2888 2729 3097 2800 ψεῦδος,
3133 2728 3247 2783 ἀλλ’
3272 2728 3355 2781 ὅτι
3393 2728 3495 2798 τῆς
3523 2728 3655 2797 ἀληη

2084 2821 2233 2884 θείας
2265 2822 2297 2891 ἡ
2331 2820 2538 2890 αἵρεσις
2569 2819 2669 2873 οὐκ
2702 2820 2766 2874 ἄν
2797 2836 2860 2887 γε
2904 2816 3041 2873 εἶναι
3078 2818 3270 2881 ἐδόκει,
3313 2818 3362 2870 εί
3401 2816 3480 2887 μὴ
3512 2833 3657 2885 παρ-

2082 2912 2259 2967 έκειτο
2301 2912 2395 2966 τοῦ
2449 2911 2739 2981 ψεύδεσθαι
2792 2913 2825 2982 ἡ
2875 2910 3117 2977 ἐξουσία*
3167 2910 3197 2963 ὂ
3241 2910 3307 2981 δὴ
3355 2909 3501 2975 ὑπὲρ
3545 2909 3657 2961 τῶν

2085 3003 2411 3075 φιλαλήθων,
2444 3004 2543 3073 οὐχ
2575 3000 2714 3073 ὑπὲρ
2739 3002 2837 3071 τῆς
2865 2999 3119 3069 ἀληθείας
3145 3000 3278 3052 ἐστί.
3316 3001 3410 3051 Δεῖ
3435 2998 3546 3070 γὰρ
3564 2998 3653 3051 τὸν

2086 3097 2416 3169 ἀληθεύοντα
2453 3094 2597 3167 ἔχειν
2626 3095 2710 3163 ἐφ’
2742 3092 2917 3163 ἐαυτῷ
2955 3094 3048 3146 καὶ
3076 3092 3137 3145 τὸ
3175 3090 3468 3161 ψεύδεσθαι
3506 3091 3655 3161 αὐτῷ

2085 3193 2305 3258 ἐξεῖναι,
2350 3185 2411 3244 οὗ
2456 3189 2790 3259 ἀπεχόμενος
2834 3185 3113 3256 ἀληθεύει-
3152 3184 3429 3257 Προσάγει
3477 3184 3653 3235 τοίνυν

2085 3282 2391 3356 ἀνθρώποις
2421 3282 2520 3351 τῆς
2552 3279 2809 3352 ἀληθείας
2841 3277 2938 3349 τὴν
2986 3276 3313 3348 προτιμησιν
3348 3274 3412 3327 τὸ
3457 3272 3651 3338 ἐξεῖναι

2082 3375 2395 3447 ψεύδεσθαι.
2445 3374 2653 3443 Ὠσπερ
2695 3370 2869 3440 φωτὸς
2912 3370 3157 3423 ἀνακινεῖ
3192 3368 3292 3439 τὴν
3326 3366 3581 3437 αἴσθησιν
3616 3365 3651 3433 ἠ

2085 3471 2233 3535 θέσις
2262 3469 2355 3524 τοῦ
2399 3469 2645 3531 σκότους·
2686 3466 2871 3537 ὥσπερ
2903 3464 3084 3536 μέντοι
3115 3462 3173 3515 τὸ
3201 3461 3317 3529 φῶς
3347 3463 3407 3513 ἐν
3433 3462 3498 3530 τῇ
3526 3476 3651 3511 σκο-

2082 3564 2174 3634 τίᾳ
2209 3562 2386 3632 φαίνει
2426 3559 2650 3629 (διαλύει
2682 3558 2789 3629 γὰρ
2818 3558 2948 3612 αὐτὸ
2987 3554 3159 3617 ἐπιὸν,
3194 3553 3288 3606 at:
3319 3552 3383 3621 δὴ
3420 3551 3495 3621 μὴ
3530 3548 3655 3602 κατ’

2083 3656 2269 3710 οὐσίαν
2313 3654 2598 3726 ὑπάρχον),
2642 3651 2812 3714 οὕτως
2861 3650 2956 3704 καὶ
2998 3651 3030 3720 ἡ
3075 3647 3334 3719 ἀλήθεια,
3370 3642 3514 3699 κατά
3555 3640 3647 3695 τοῦ

2081 3747 2309 3818 ψεύδους
2344 3744 2793 3819 κρατιστεύουσα,
2826 3741 3089 3811 διελέγχει
3118 3737 3398 3800 παντελῶς
3420 3736 3553 3790 αὐτὸ
3576 3732 3649 3805 μὴ

2084 3840 2169 3905 ὃν,
2210 3838 2421 3910 ἐπινοίᾳ
2466 3840 2532 3909 τῇ
2587 3835 2803 3906 ἐξουσίᾳ
2844 3831 2937 3887 τοῦ
2968 3830 3227 3901 λογισμοῦ
3258 3828 3543 3900 παρεισιδν
3570 3829 3649 3890 είς

2083 3932 2294 4002 αἵρεσιν
2323 3929 2543 3999 ἑαυτῆς⁸
2584 3927 2699 3991 πῶς
2737 3926 2846 3997 γάρ
2887 3924 2955 3978 ἄν
2979 3942 3061 3987 τις
3090 3922 3347 3991 ἀλήθειαν
3376 3921 3572 3982 ἕλοιτο,
3600 3920 3649 3971 εί

2089 4024 2163 4096 μὴ
2194 4025 2288 4076 καὶ
2310 4021 2402 4076 τοῦ
2427 4018 2797 4090 ἀντικειμένου
2823 4016 2921 4089 τὴν
2944 4015 3150 4087 αἵρεσιν
3176 4014 3288 4085 ἔχοι
3319 4013 3406 4082 ἐφ’
3438 4010 3648 4081 ἑαυτῷ,

2159 4303 2222 4357 Εἰ
2258 4302 2356 4373 μὲν
2379 4297 2472 4354 οὖν
2498 4300 2667 4367 δεῖξαι
2692 4299 2937 4364 δυνατὸν,
2958 4298 3035 4360 ὡς
3055 4296 3173 4350 κατ’
3196 4295 3387 4349 οὐσίαν
3414 4292 3648 4364 ὑπάρχει

412 4373 796 4438 substantiam,
855 4383 911 4429 et
954 4390 1063 4431 non
1117 4378 1375 4434 advenire
1418 4387 1475 4435 et
1524 4382 1796 4448 recedere,
1837 4384 1979 4440 sicut

2091 4396 2143 4449 τὸ
2166 4394 2375 4457 σκότος,
2400 4393 2520 4463 οὐχὶ
2542 4392 2599 4445 δὲ
2622 4409 2685 4445 συ
2694 4391 2908 4463 μϐαίνει
2928 4390 3021 4443 καὶ
3044 4386 3443 4457 ἀποωμὸαίνει
3469 4386 3651 4455 μόνον,

411 4466 616 4522 dictum
653 4474 758 4533 est,
789 4466 916 4537 poni
959 4467 1122 4523 etiam
1194 4477 1378 4539 posset
1439 4469 1576 4525 falsa
1618 4480 1673 4526 ct
1723 4473 1981 4529 mendosa

2091 4487 2160 4551 ὡς
2187 4485 2400 4556 εἴρηται
2421 4504 2435 4516 ο
2468 4484 2651 4555 τεθείη
2687 4484 2752 4537 ἂν
2779 4484 2873 4536 καὶ⁵
2900 4482 3099 4553 ψευδὴς
3122 4479 3312 4533 οὐσία·
3351 4480 3401 4531 εί
3435 4478 3493 4531 δὲ
3525 4477 3647 4546 μήτ’

412 4558 740 4614 substantia.
801 4558 901 4613 Sin
940 4574 1071 4614 vero
1104 4576 1205 4615 nec
1252 4561 1342 4616 ille
1386 4576 1490 4617 nec
1534 4563 1674 4619 alius
1699 4565 1981 4621 ostendere

2091 4581 2315 4641 ἐκεῖνος,
2342 4578 2478 4648 μήτε
2522 4577 2680 4640 ἄλλος
2716 4575 2883 4639 δεῖξαι
2928 4573 3168 4636 δύναται,
3201 4571 3277 4633 ὡς
3311 4568 3476 4623 τοῦτο
3497 4568 3563 4639 δὴ
3589 4567 3650 4619 τὸ

412 4657 610 4721 potest,
643 4665 755 4705 non
799 4649 1025 4706 dissolvi
1057 4651 1157 4707 bas
1209 4654 1468 4708 tenebras
1523 4670 1643 4724 quze
1699 4658 1765 4710 ad
1809 4657 1985 4713 instar

412 4742 617 4796 umbne
647 4742 803 4804 ﬁunt,
854 4749 915 4796 ut
942 4742 1124 4797 lumen
1169 4743 1389 4812 quidem
1420 4752 1585 4799 noctu
1619 4746 1866 4811 exsistat,
1898 4759 1981 4803 te-

412 4832 599 4888 nebras
621 4848 753 4888 vero
799 4833 1034 4889 interdiu
1071 4849 1180 4889 non
1221 4836 1363 4901 sint;
1410 4837 1580 4907 liquet
1602 4824 1797 4908 'neque
1825 4855 1980 4894 men-

408 4924 650 4988 dacitrm,
706 4925 851 4995 quod
891 4942 1015 4981 cum
1068 4927 1311 4981 tenebris
1341 4928 1749 4984 similitudinem
1797 4929 1977 4995 habet,

411 5029 509 5085 per
553 5030 614 5071 se
661 5015 928 5071 exsistere
970 5014 1145 5070 instar
1186 5014 1527 5081 substantiae,
1591 5017 1682 5073 sed
1726 5033 1981 5074 necessa—

411 5108 498 5161 rio
547 5107 809 5178 permitti,
862 5115 922 5162 ut
954 5107 1284 5178 cogitatione
1313 5114 1525 5164 tantum
1557 5110 1648 5175 sit,
1702 5110 1865 5182 idque
1910 5111 1981 5166 ad

410 5200 732 5255 electionem
762 5198 1037 5255 veritatis.

483 5376 591 5448 (ιο)
628 5378 867 5443 Σκότος.
903 5375 1133 5446 Legerat
1161 5374 1353 5446 ψεῦδος
1382 5375 1722 5441 Turrianus,
1764 5385 1818 5433 et
1856 5379 1979 5447 qui—

413 5446 534 5500 dem
559 5446 763 5517 Optime
795 5467 809 5503 :
847 5463 961 5517 non
988 5448 1155 5517 enim
1181 5455 1572 5516 cmnparautur
1614 5448 1702 5501 hic
1743 5446 1977 5504 tenebrae

414 5529 537 5568 eum
566 5516 828 5581 tenebris,
873 5516 969 5570 sed
1004 5516 1346 5570 mendacium
1384 5532 1505 5571 cum
1554 5526 1714 5571 nocte
1744 5525 1797 5571 et
1826 5530 1977 5574 tene-

416 5581 564 5656 bri_s_._
585 5587 1039 5656 quemadmodum
1069 5585 1159 5639 lux
1193 5600 1315 5656 eum
1346 5588 1595 5656 veritate.
1627 5586 1788 5642 BASN.

485 5650 618 5722 (ιιγ
638 5654 891 5722 Ψεῦδος.
943 5654 1150 5710 Desunt
1196 5654 1290 5712 hic
1333 5656 1393 5711 in
1423 5655 1613 5713 Graeco
1656 5658 1813 5728 plura
1852 5674 1975 5729 qua

2090 4667 2280 4729 σκότος
2310 4665 2431 4735 οὐχὶ
2459 4664 2705 4718 διάλυτόν
2732 4666 2849 4717 ἐστι
2883 4663 3040 4726 σκιᾶς
3067 4661 3265 4731 τρόπον
3299 4660 3649 4730 γιγνόμενον,

2081 4757 2158 4821 ὡς
2188 4756 2249 4810 τὸ
2277 4757 2376 4828 μὲν
2407 4756 2523 4824 φῶς
2547 4757 2812 4829 ὑπάρχειν
2838 4756 2927 4808 καὶ
2958 4756 3015 4807 ὲν
3052 4751 3228 4815 νυκτὶ,
3261 4751 3327 4804 τὸ
3353 4751 3411 4804 δὲ
3461 4751 3650 4812 σκότος

2082 4852 2139 4902 ὲν
2167 4850 2348 4920 ἡμέρᾳ
2385 4848 2457 4920 μὴ
2501 4847 2639 4901 εἶναι
2683 4848 2743 4899 τὸ
2773 4846 3047 4914 ἀναλόγως
3080 4843 3202 4914 ἕχον
3241 4842 3392 4913 αὖτῷ
3431 4841 3651 4913 ψεῦδος,

2082 4938 2260 5010 δῆλον,
2294 4939 2370 5001 ὡς
2402 4938 2509 4991 οὐδ’
2543 4937 2672 4990 αὐτὸ
2710 4937 3012 5005 ὑφέστηκεν
3048 4933 3235 4996 οὐσίας
3272 4933 3481 5003 τρόπον
3505 4930 3651 4994 τινὰ.

2078 5030 2387 5097 ἀναγκαίως
2403 5029 2457 5081 δὲ
2477 5028 2633 5099 μόνον
2645 5028 2763 5080 κατ’
2786 5026 3024 5079 ἐπίνοιαν
3052 5023 3432 5093 ἐπιγίγνεσθαι
3449 5039 3649 5094 συγκε-

2079 5121 2322 5193 χώρηται
2344 5120 2478 5192 πρὸς
2498 5120 2707 5191 αἵρεσιν
2740 5119 2837 5189 τῆς
2868 5116 3143 5190 ἀληθείας.

2077 5395 2300 5436 sensum
2356 5396 2466 5435 non
2517 5380 2678 5435 modo
2725 5380 3044 5441 obscurum,
3104 5378 3199 5434 sed
3257 5376 3642 5447 imperfectum

2075 5452 2329 5521 reddunt.
2370 5451 2458 5504 Sic
2489 5455 2792 5521 supplerem
2820 5470 2828 5479 ο
2865 5451 2930 5518 ῆν
2956 5447 3113 5521 αὐτὸς
3143 5445 3441 5521 ἀγέννητον
3471 5445 3644 5521 ἀρχὴν

2074 5520 2239 5589 λέγει,
2269 5522 2401 5591 μηδέ
2423 5516 2574 5574 ἐστιν
2597 5516 2753 5591 οὐσία
2776 5516 3114 5591 ὑφεστηκυῖά
3135 5516 3200 5573 τε
3223 5519 3319 5574 καὶ
3336 5516 3524 5584 ζῶσιέ
3544 5516 3609 5573 Ι.ὶὶ

2075 5589 2404 5662 respondent
2436 5593 2638 5663 optime
2671 5590 2879 5646 Latina.
2914 5589 2989 5644 In.
