  <div class='ocr_page' id='page_1' title='image "/cluster/home/n/w/nwhite01/storage/ocr_20150623/18/nnc1.0046978550/604.png"; bbox 0 0 3838 6158; ppageno 0'>
   <div class='ocr_carea' id='block_1_1' title="bbox 225 200 372 256">
    <p class='ocr_par' dir='ltr' id='par_1_1' title="bbox 225 200 372 256">
     <span class='ocr_line' id='line_1_1' title="bbox 225 200 372 256; baseline -0.02 0"><span class='ocrx_word' id='word_1_1' title='bbox 225 200 372 256; x_wconf 75' lang='lat' dir='ltr'><strong>H73</strong></span> 
     </span>
    </p>
   </div>
   <div class='ocr_carea' id='block_1_2' title="bbox 1310 207 2385 274">
    <p class='ocr_par' dir='ltr' id='par_1_2' title="bbox 1310 207 2385 274">
     <span class='ocr_line' id='line_1_2' title="bbox 1310 207 2385 274; baseline 0.013 -14"><span class='ocrx_word' id='word_1_2' title='bbox 1310 207 1678 268; x_wconf 77' lang='lat' dir='ltr'><strong>ADVERSUS</strong></span> <span class='ocrx_word' id='word_1_3' title='bbox 1703 210 2122 271; x_wconf 70' lang='lat' dir='ltr'><strong>MANICHA&#39;ZOS</strong></span> <span class='ocrx_word' id='word_1_4' title='bbox 2156 213 2285 270; x_wconf 80' lang='lat' dir='ltr'><strong>LIB.</strong></span> <span class='ocrx_word' id='word_1_5' title='bbox 2323 215 2385 274; x_wconf 87' lang='lat' dir='ltr'><strong>ll.</strong></span> 
     </span>
    </p>
   </div>
   <div class='ocr_carea' id='block_1_3' title="bbox 3308 223 3447 282">
    <p class='ocr_par' dir='ltr' id='par_1_3' title="bbox 3308 223 3447 282">
     <span class='ocr_line' id='line_1_3' title="bbox 3308 223 3447 282; baseline 0.029 -4"><span class='ocrx_word' id='word_1_6' title='bbox 3308 223 3447 282; x_wconf 57' lang='lat' dir='ltr'><strong>H73</strong></span> 
     </span>
    </p>
   </div>
   <div class='ocr_carea' id='block_1_4' title="bbox 314 300 1785 407">
    <p class='ocr_par' dir='ltr' id='par_1_4' title="bbox 314 300 1785 395">
     <span class='ocr_line' id='line_1_4' title="bbox 314 300 1785 395; baseline 0.027 -27"><span class='ocrx_word' id='word_1_7' title='bbox 314 314 530 385; x_wconf 76' lang='grc' dir='ltr'>Ἐπειδὴ</span> <span class='ocrx_word' id='word_1_8' title='bbox 558 312 615 367; x_wconf 69' lang='grc' dir='ltr'>δι</span> <span class='ocrx_word' id='word_1_9' title='bbox 658 313 720 368; x_wconf 77' lang='grc' dir='ltr'><strong>τδ</strong></span> <span class='ocrx_word' id='word_1_10' title='bbox 751 314 868 386; x_wconf 75' lang='grc' dir='ltr'><strong>φῶς</strong></span> <span class='ocrx_word' id='word_1_11' title='bbox 898 317 1018 370; x_wconf 81' lang='grc' dir='ltr'><strong>κατ’</strong></span> <span class='ocrx_word' id='word_1_12' title='bbox 1056 316 1242 375; x_wconf 70' lang='grc' dir='ltr'>οὐσίαν</span> <span class='ocrx_word' id='word_1_13' title='bbox 1269 300 1565 395; x_wconf 57' lang='lat' dir='ltr'><strong>seems.</strong></span> <span class='ocrx_word' id='word_1_14' title='bbox 1609 326 1785 394; x_wconf 74' lang='grc' dir='ltr'>σαφῶς</span> 
     </span>
    </p>
   </div>
   <div class='ocr_carea' id='block_1_5' title="bbox 1890 300 3445 407">
    <p class='ocr_par' dir='ltr' id='par_1_5' title="bbox 1962 327 3445 407">
     <span class='ocr_line' id='line_1_5' title="bbox 1962 327 3445 407; baseline 0.008 -25"><span class='ocrx_word' id='word_1_15' title='bbox 1962 327 2100 396; x_wconf 87' lang='lat' dir='ltr'><strong>Quia</strong></span> <span class='ocrx_word' id='word_1_16' title='bbox 2127 343 2256 384; x_wconf 85' lang='lat' dir='ltr'><strong>vero</strong></span> <span class='ocrx_word' id='word_1_17' title='bbox 2279 328 2460 384; x_wconf 85' lang='lat' dir='ltr'><strong>lumen</strong></span> <span class='ocrx_word' id='word_1_18' title='bbox 2500 329 2797 386; x_wconf 90' lang='lat' dir='ltr'><strong>secundum</strong></span> <span class='ocrx_word' id='word_1_19' title='bbox 2829 329 3188 389; x_wconf 74' lang='lat' dir='ltr'><strong>substantiam</strong></span> <span class='ocrx_word' id='word_1_20' title='bbox 3238 351 3335 407; x_wconf 88' lang='lat' dir='ltr'><strong>per</strong></span> <span class='ocrx_word' id='word_1_21' title='bbox 3383 352 3445 394; x_wconf 79' lang='lat' dir='ltr'><strong>se</strong></span> 
     </span>
    </p>
   </div>
   <div class='ocr_carea' id='block_1_6' title="bbox 222 406 1788 488">
    <p class='ocr_par' dir='ltr' id='par_1_6' title="bbox 222 406 1788 488">
     <span class='ocr_line' id='line_1_6' title="bbox 222 406 1788 488; baseline 0.005 -25"><span class='ocrx_word' id='word_1_22' title='bbox 222 408 341 481; x_wconf 78' lang='grc' dir='ltr'><strong>ἀρα</strong></span> <span class='ocrx_word' id='word_1_23' title='bbox 371 407 463 460; x_wconf 80' lang='grc' dir='ltr'>καὶ</span> <span class='ocrx_word' id='word_1_24' title='bbox 490 406 747 477; x_wconf 81' lang='grc' dir='ltr'>ἀλήθειαν</span> <span class='ocrx_word' id='word_1_25' title='bbox 783 410 1054 478; x_wconf 77' lang='grc' dir='ltr'><strong>νομίσειεν</strong></span> <span class='ocrx_word' id='word_1_26' title='bbox 1086 410 1151 466; x_wconf 83' lang='grc' dir='ltr'>ἄν</span> <span class='ocrx_word' id='word_1_27' title='bbox 1190 429 1276 477; x_wconf 89' lang='grc' dir='ltr'><strong>τις</strong></span> <span class='ocrx_word' id='word_1_28' title='bbox 1312 417 1432 468; x_wconf 85' lang='grc' dir='ltr'>κατ’</span> <span class='ocrx_word' id='word_1_29' title='bbox 1467 416 1653 472; x_wconf 87' lang='grc' dir='ltr'>ούσίαν</span> <span class='ocrx_word' id='word_1_30' title='bbox 1685 420 1788 488; x_wconf 85' lang='grc' dir='ltr'><strong>ὑφ-</strong></span> 
     </span>
    </p>
   </div>
   <div class='ocr_carea' id='block_1_7' title="bbox 222 500 1790 580">
    <p class='ocr_par' dir='ltr' id='par_1_7' title="bbox 222 500 1790 580">
     <span class='ocr_line' id='line_1_7' title="bbox 222 500 1790 580; baseline 0.006 -25"><span class='ocrx_word' id='word_1_31' title='bbox 222 500 473 565; x_wconf 81' lang='grc' dir='ltr'>εστάναι,</span> <span class='ocrx_word' id='word_1_32' title='bbox 494 501 579 553; x_wconf 81' lang='grc' dir='ltr'>ἵνα</span> <span class='ocrx_word' id='word_1_33' title='bbox 610 500 709 570; x_wconf 80' lang='grc' dir='ltr'><strong>τῆς</strong></span> <span class='ocrx_word' id='word_1_34' title='bbox 731 500 1020 571; x_wconf 81' lang='grc' dir='ltr'><strong>ἀναλογίας</strong></span> <span class='ocrx_word' id='word_1_35' title='bbox 1047 502 1286 577; x_wconf 75' lang='grc' dir='ltr'><strong>σώζηται</strong></span> <span class='ocrx_word' id='word_1_36' title='bbox 1308 509 1342 578; x_wconf 82' lang='grc' dir='ltr'><strong>ἡ</strong></span> <span class='ocrx_word' id='word_1_37' title='bbox 1371 508 1626 580; x_wconf 77' lang='grc' dir='ltr'>ἀκρίϐεια</span> <span class='ocrx_word' id='word_1_38' title='bbox 1647 527 1661 540; x_wconf 75' lang='grc' dir='ltr'><strong>ο</strong></span> <span class='ocrx_word' id='word_1_39' title='bbox 1694 510 1790 564; x_wconf 76' lang='grc' dir='ltr'>καὶ</span> 
     </span>
    </p>
   </div>
   <div class='ocr_carea' id='block_1_8' title="bbox 222 591 1792 672">
    <p class='ocr_par' dir='ltr' id='par_1_8' title="bbox 222 591 1792 672">
     <span class='ocr_line' id='line_1_8' title="bbox 222 591 1792 672; baseline 0.005 -25"><span class='ocrx_word' id='word_1_40' title='bbox 222 593 278 647; x_wconf 83' lang='grc' dir='ltr'><strong>τί</strong></span> <span class='ocrx_word' id='word_1_41' title='bbox 307 594 371 664; x_wconf 78' lang='grc' dir='ltr'>δὴ</span> <span class='ocrx_word' id='word_1_42' title='bbox 403 592 465 647; x_wconf 86' lang='grc' dir='ltr'><strong>τὸ</strong></span> <span class='ocrx_word' id='word_1_43' title='bbox 512 591 720 647; x_wconf 86' lang='grc' dir='ltr'>κωλύον</span> <span class='ocrx_word' id='word_1_44' title='bbox 753 592 885 647; x_wconf 84' lang='grc' dir='ltr'>Θεὸν</span> <span class='ocrx_word' id='word_1_45' title='bbox 916 596 1307 668; x_wconf 78' lang='grc' dir='ltr'>αὺτοαλήθειαν</span> <span class='ocrx_word' id='word_1_46' title='bbox 1348 594 1507 668; x_wconf 76' lang='grc' dir='ltr'>εἷναι,</span> <span class='ocrx_word' id='word_1_47' title='bbox 1543 600 1792 672; x_wconf 78' lang='grc' dir='ltr'>ἡγεῖσθαί</span> 
     </span>
    </p>
   </div>
   <div class='ocr_carea' id='block_1_9' title="bbox 220 683 1790 765">
    <p class='ocr_par' dir='ltr' id='par_1_9' title="bbox 220 683 1790 765">
     <span class='ocr_line' id='line_1_9' title="bbox 220 683 1790 765; baseline 0.006 -27"><span class='ocrx_word' id='word_1_48' title='bbox 220 702 286 738; x_wconf 87' lang='grc' dir='ltr'><strong>τε</strong></span> <span class='ocrx_word' id='word_1_49' title='bbox 315 685 411 740; x_wconf 75' lang='grc' dir='ltr'><strong>καὶ</strong></span> <span class='ocrx_word' id='word_1_50' title='bbox 445 683 721 754; x_wconf 81' lang='grc' dir='ltr'>νομίζειν;</span> <span class='ocrx_word' id='word_1_51' title='bbox 752 686 800 737; x_wconf 87' lang='grc' dir='ltr'><strong>εί</strong></span> <span class='ocrx_word' id='word_1_52' title='bbox 834 684 943 757; x_wconf 82' lang='grc' dir='ltr'><strong>γὰρ</strong></span> <span class='ocrx_word' id='word_1_53' title='bbox 974 687 1090 756; x_wconf 81' lang='grc' dir='ltr'><strong>φῶς</strong></span> <span class='ocrx_word' id='word_1_54' title='bbox 1115 691 1145 742; x_wconf 88' lang='grc' dir='ltr'><strong>ό</strong></span> <span class='ocrx_word' id='word_1_55' title='bbox 1168 688 1319 754; x_wconf 78' lang='grc' dir='ltr'>Θεὸς,</span> <span class='ocrx_word' id='word_1_56' title='bbox 1344 690 1461 760; x_wconf 79' lang='grc' dir='ltr'><strong>φῶς</strong></span> <span class='ocrx_word' id='word_1_57' title='bbox 1493 693 1701 765; x_wconf 76' lang='grc' dir='ltr'>νοητὸν,</span> <span class='ocrx_word' id='word_1_58' title='bbox 1729 693 1790 746; x_wconf 84' lang='grc' dir='ltr'><strong>οὑ</strong></span> 
     </span>
    </p>
   </div>
   <div class='ocr_carea' id='block_1_10' title="bbox 224 775 1792 856">
    <p class='ocr_par' dir='ltr' id='par_1_10' title="bbox 224 775 1792 856">
     <span class='ocr_line' id='line_1_10' title="bbox 224 775 1792 856; baseline 0.006 -27"><span class='ocrx_word' id='word_1_59' title='bbox 224 776 339 848; x_wconf 83' lang='grc' dir='ltr'>γὰρ</span> <span class='ocrx_word' id='word_1_60' title='bbox 367 775 433 847; x_wconf 83' lang='grc' dir='ltr'><strong>δὴ</strong></span> <span class='ocrx_word' id='word_1_61' title='bbox 461 775 676 845; x_wconf 80' lang='grc' dir='ltr'>ὁρατὸν,</span> <span class='ocrx_word' id='word_1_62' title='bbox 708 776 824 846; x_wconf 77' lang='grc' dir='ltr'><strong>φῶς</strong></span> <span class='ocrx_word' id='word_1_63' title='bbox 870 777 1049 847; x_wconf 80' lang='grc' dir='ltr'>δῆλον,</span> <span class='ocrx_word' id='word_1_64' title='bbox 1089 779 1163 845; x_wconf 77' lang='grc' dir='ltr'>ὡς</span> <span class='ocrx_word' id='word_1_65' title='bbox 1213 781 1470 853; x_wconf 81' lang='grc' dir='ltr'>ἀλήθεια·</span> <span class='ocrx_word' id='word_1_66' title='bbox 1523 782 1640 853; x_wconf 82' lang='grc' dir='ltr'><strong>φῶς</strong></span> <span class='ocrx_word' id='word_1_67' title='bbox 1682 783 1792 856; x_wconf 84' lang='grc' dir='ltr'><strong>γὰρ</strong></span> 
     </span>
    </p>
   </div>
   <div class='ocr_carea' id='block_1_11' title="bbox 221 865 1791 944">
    <p class='ocr_par' dir='ltr' id='par_1_11' title="bbox 221 865 1791 944">
     <span class='ocr_line' id='line_1_11' title="bbox 221 865 1791 944; baseline 0.008 -26"><span class='ocrx_word' id='word_1_68' title='bbox 221 866 413 938; x_wconf 74' lang='grc' dir='ltr'>νοερὸν</span> <span class='ocrx_word' id='word_1_69' title='bbox 449 865 598 919; x_wconf 76' lang='grc' dir='ltr'>οὐδὲν</span> <span class='ocrx_word' id='word_1_70' title='bbox 623 865 770 932; x_wconf 74' lang='grc' dir='ltr'>ἄλλο,</span> <span class='ocrx_word' id='word_1_71' title='bbox 803 867 944 939; x_wconf 73' lang='grc' dir='ltr'>πλὴν</span> <span class='ocrx_word' id='word_1_72' title='bbox 984 869 1273 940; x_wconf 74' lang='grc' dir='ltr'><strong>ἀληθείας⁸</strong></span> <span class='ocrx_word' id='word_1_73' title='bbox 1315 872 1465 943; x_wconf 82' lang='grc' dir='ltr'>ὅμως</span> <span class='ocrx_word' id='word_1_74' title='bbox 1490 874 1547 928; x_wconf 71' lang='grc' dir='ltr'><strong>δέ</strong></span> <span class='ocrx_word' id='word_1_75' title='bbox 1590 875 1705 944; x_wconf 83' lang='grc' dir='ltr'>φῶς</span> <span class='ocrx_word' id='word_1_76' title='bbox 1732 894 1791 930; x_wconf 86' lang='grc' dir='ltr'><strong>τε</strong></span> 
     </span>
    </p>
   </div>
   <div class='ocr_carea' id='block_1_12' title="bbox 218 957 1794 1041">
    <p class='ocr_par' dir='ltr' id='par_1_12' title="bbox 218 957 1794 1041">
     <span class='ocr_line' id='line_1_12' title="bbox 218 957 1794 1041; baseline 0.008 -31"><span class='ocrx_word' id='word_1_77' title='bbox 218 958 322 1011; x_wconf 80' lang='grc' dir='ltr'>καὶ</span> <span class='ocrx_word' id='word_1_78' title='bbox 371 957 733 1029; x_wconf 82' lang='grc' dir='ltr'>αὐτοαλήθεια</span> <span class='ocrx_word' id='word_1_79' title='bbox 783 961 1067 1030; x_wconf 81' lang='grc' dir='ltr'><strong>τυγχάνων</strong></span> <span class='ocrx_word' id='word_1_80' title='bbox 1117 964 1146 1016; x_wconf 91' lang='grc' dir='ltr'>ὀ</span> <span class='ocrx_word' id='word_1_81' title='bbox 1189 962 1324 1028; x_wconf 78' lang='grc' dir='ltr'>Θεὸς</span> <span class='ocrx_word' id='word_1_82' title='bbox 1366 965 1466 1019; x_wconf 74' lang='grc' dir='ltr'><strong>οὐκ</strong></span> <span class='ocrx_word' id='word_1_83' title='bbox 1520 966 1794 1041; x_wconf 80' lang='grc' dir='ltr'><strong>ἀδυναμίᾳ</strong></span> 
     </span>
    </p>
   </div>
   <div class='ocr_carea' id='block_1_13' title="bbox 216 1049 1789 1128">
    <p class='ocr_par' dir='ltr' id='par_1_13' title="bbox 216 1049 1789 1128">
     <span class='ocr_line' id='line_1_13' title="bbox 216 1049 1789 1128; baseline 0.008 -26"><span class='ocrx_word' id='word_1_84' title='bbox 216 1049 450 1121; x_wconf 77' lang='grc' dir='ltr'>ψεύδους</span> <span class='ocrx_word' id='word_1_85' title='bbox 479 1051 777 1121; x_wconf 77' lang='grc' dir='ltr'><strong>ἀπέχεται,</strong></span> <span class='ocrx_word' id='word_1_86' title='bbox 822 1052 957 1106; x_wconf 89' lang='grc' dir='ltr'><strong>ἀλλά</strong></span> <span class='ocrx_word' id='word_1_87' title='bbox 1002 1054 1077 1125; x_wconf 80' lang='grc' dir='ltr'>μὴ</span> <span class='ocrx_word' id='word_1_88' title='bbox 1129 1054 1449 1128; x_wconf 81' lang='grc' dir='ltr'>βουλόμενος</span> <span class='ocrx_word' id='word_1_89' title='bbox 1488 1057 1789 1128; x_wconf 74' lang='grc' dir='ltr'>ψεύσασθαί</span> 
     </span>
    </p>
   </div>
   <div class='ocr_carea' id='block_1_14' title="bbox 218 1139 1788 1218">
    <p class='ocr_par' dir='ltr' id='par_1_14' title="bbox 218 1139 1788 1218">
     <span class='ocr_line' id='line_1_14' title="bbox 218 1139 1788 1218; baseline 0.008 -25"><span class='ocrx_word' id='word_1_90' title='bbox 218 1156 383 1195; x_wconf 79' lang='grc' dir='ltr'>ποτε.</span> <span class='ocrx_word' id='word_1_91' title='bbox 415 1140 477 1192; x_wconf 81' lang='lat' dir='ltr'><strong>Ei</strong></span> <span class='ocrx_word' id='word_1_92' title='bbox 514 1139 571 1194; x_wconf 84' lang='grc' dir='ltr'><strong>δέ</strong></span> <span class='ocrx_word' id='word_1_93' title='bbox 595 1157 659 1208; x_wconf 82' lang='grc' dir='ltr'><strong>γε</strong></span> <span class='ocrx_word' id='word_1_94' title='bbox 706 1141 781 1213; x_wconf 79' lang='grc' dir='ltr'>μὴ</span> <span class='ocrx_word' id='word_1_95' title='bbox 806 1142 1046 1208; x_wconf 88' lang='grc' dir='ltr'>δύναται,</span> <span class='ocrx_word' id='word_1_96' title='bbox 1097 1146 1159 1198; x_wconf 83' lang='grc' dir='ltr'><strong>οὐ</strong></span> <span class='ocrx_word' id='word_1_97' title='bbox 1199 1145 1308 1218; x_wconf 80' lang='grc' dir='ltr'><strong>γὰρ</strong></span> <span class='ocrx_word' id='word_1_98' title='bbox 1351 1147 1549 1203; x_wconf 81' lang='grc' dir='ltr'>ἄτοπον</span> <span class='ocrx_word' id='word_1_99' title='bbox 1594 1151 1788 1215; x_wconf 82' lang='grc' dir='ltr'>εἰπεῖν,</span> 
     </span>
    </p>
   </div>
   <div class='ocr_carea' id='block_1_15' title="bbox 217 1229 1330 1305">
    <p class='ocr_par' dir='ltr' id='par_1_15' title="bbox 217 1229 1330 1305">
     <span class='ocr_line' id='line_1_15' title="bbox 217 1229 1330 1305; baseline 0.006 -22"><span class='ocrx_word' id='word_1_100' title='bbox 217 1229 408 1301; x_wconf 86' lang='grc' dir='ltr'>ἐπειδή</span> <span class='ocrx_word' id='word_1_101' title='bbox 435 1248 498 1299; x_wconf 87' lang='grc' dir='ltr'><strong>γε</strong></span> <span class='ocrx_word' id='word_1_102' title='bbox 525 1231 780 1286; x_wconf 77' lang='grc' dir='ltr'>οὐδέποτε</span> <span class='ocrx_word' id='word_1_103' title='bbox 801 1233 921 1303; x_wconf 72' lang='grc' dir='ltr'>οὐχὶ</span> <span class='ocrx_word' id='word_1_104' title='bbox 958 1232 1033 1304; x_wconf 89' lang='grc' dir='ltr'><strong>μὴ</strong></span> <span class='ocrx_word' id='word_1_105' title='bbox 1060 1232 1330 1305; x_wconf 81' lang='grc' dir='ltr'>βούλεται.</span> 
     </span>
    </p>
   </div>
   <div class='ocr_carea' id='block_1_16' title="bbox 1887 420 3444 500">
    <p class='ocr_par' dir='ltr' id='par_1_16' title="bbox 1887 420 3444 500">
     <span class='ocr_line' id='line_1_16' title="bbox 1887 420 3444 500; baseline 0.006 -24"><span class='ocrx_word' id='word_1_106' title='bbox 1887 422 2115 483; x_wconf 78' lang='lat' dir='ltr'><strong>exstitit,</strong></span> <span class='ocrx_word' id='word_1_107' title='bbox 2150 421 2310 493; x_wconf 81' lang='lat' dir='ltr'><strong>plane</strong></span> <span class='ocrx_word' id='word_1_108' title='bbox 2341 420 2656 477; x_wconf 79' lang='lat' dir='ltr'><strong>existimare</strong></span> <span class='ocrx_word' id='word_1_109' title='bbox 2692 421 2820 478; x_wconf 90' lang='lat' dir='ltr'><strong>licet</strong></span> <span class='ocrx_word' id='word_1_110' title='bbox 2850 438 2972 480; x_wconf 88' lang='lat' dir='ltr'><strong>esse</strong></span> <span class='ocrx_word' id='word_1_111' title='bbox 3016 426 3296 482; x_wconf 81' lang='lat' dir='ltr'><strong>veritatem</strong></span> <span class='ocrx_word' id='word_1_112' title='bbox 3344 444 3444 500; x_wconf 87' lang='lat' dir='ltr'><strong>per</strong></span> 
     </span>
    </p>
   </div>
   <div class='ocr_carea' id='block_1_17' title="bbox 1888 511 3444 588">
    <p class='ocr_par' dir='ltr' id='par_1_17' title="bbox 1888 511 3444 588">
     <span class='ocr_line' id='line_1_17' title="bbox 1888 511 3444 588; baseline 0.004 -21"><span class='ocrx_word' id='word_1_113' title='bbox 1888 526 1949 567; x_wconf 90' lang='lat' dir='ltr'><strong>se</strong></span> <span class='ocrx_word' id='word_1_114' title='bbox 1972 511 2272 568; x_wconf 86' lang='lat' dir='ltr'><strong>secundum</strong></span> <span class='ocrx_word' id='word_1_115' title='bbox 2305 512 2687 579; x_wconf 82' lang='lat' dir='ltr'><strong>substantiam,</strong></span> <span class='ocrx_word' id='word_1_116' title='bbox 2730 519 2790 568; x_wconf 87' lang='lat' dir='ltr'><strong>ut</strong></span> <span class='ocrx_word' id='word_1_117' title='bbox 2823 514 3194 573; x_wconf 85' lang='lat' dir='ltr'><strong>similitudinis</strong></span> <span class='ocrx_word' id='word_1_118' title='bbox 3221 532 3286 572; x_wconf 89' lang='lat' dir='ltr'><strong>ae</strong></span> <span class='ocrx_word' id='word_1_119' title='bbox 3315 534 3444 588; x_wconf 89' lang='lat' dir='ltr'><strong>pro-</strong></span> 
     </span>
    </p>
   </div>
   <div class='ocr_carea' id='block_1_18' title="bbox 1889 604 3444 681">
    <p class='ocr_par' dir='ltr' id='par_1_18' title="bbox 1889 604 3444 681">
     <span class='ocr_line' id='line_1_18' title="bbox 1889 604 3444 681; baseline 0.006 -22"><span class='ocrx_word' id='word_1_120' title='bbox 1889 605 2154 675; x_wconf 84' lang='lat' dir='ltr'><strong>portionis</strong></span> <span class='ocrx_word' id='word_1_121' title='bbox 2185 604 2326 659; x_wconf 88' lang='lat' dir='ltr'><strong>ratio</strong></span> <span class='ocrx_word' id='word_1_122' title='bbox 2356 604 2547 667; x_wconf 89' lang='lat' dir='ltr'><strong>limate</strong></span> <span class='ocrx_word' id='word_1_123' title='bbox 2576 612 2631 660; x_wconf 90' lang='lat' dir='ltr'><strong>ct</strong></span> <span class='ocrx_word' id='word_1_124' title='bbox 2673 604 2909 676; x_wconf 82' lang='lat' dir='ltr'><strong>perfecte</strong></span> <span class='ocrx_word' id='word_1_125' title='bbox 2938 616 3218 675; x_wconf 87' lang='lat' dir='ltr'><strong>servetur,</strong></span> <span class='ocrx_word' id='word_1_126' title='bbox 3247 609 3444 681; x_wconf 82' lang='lat' dir='ltr'><strong>ecquid</strong></span> 
     </span>
    </p>
   </div>
   <div class='ocr_carea' id='block_1_19' title="bbox 1889 692 3444 766">
    <p class='ocr_par' dir='ltr' id='par_1_19' title="bbox 1889 692 3444 766">
     <span class='ocr_line' id='line_1_19' title="bbox 1889 692 3444 766; baseline 0.006 -16"><span class='ocrx_word' id='word_1_127' title='bbox 1889 694 2158 766; x_wconf 83' lang='lat' dir='ltr'><strong>prohibet,</strong></span> <span class='ocrx_word' id='word_1_128' title='bbox 2186 693 2320 764; x_wconf 93' lang='lat' dir='ltr'><strong>quin</strong></span> <span class='ocrx_word' id='word_1_129' title='bbox 2352 692 2520 749; x_wconf 91' lang='lat' dir='ltr'><strong>Deum</strong></span> <span class='ocrx_word' id='word_1_130' title='bbox 2572 694 2742 765; x_wconf 75' lang='lat' dir='ltr'><strong>ipsam</strong></span> <span class='ocrx_word' id='word_1_131' title='bbox 2776 711 2873 766; x_wconf 90' lang='lat' dir='ltr'><strong>per</strong></span> <span class='ocrx_word' id='word_1_132' title='bbox 2903 713 2963 753; x_wconf 84' lang='lat' dir='ltr'><strong>se</strong></span> <span class='ocrx_word' id='word_1_133' title='bbox 3005 701 3281 756; x_wconf 89' lang='lat' dir='ltr'><strong>veritatem</strong></span> <span class='ocrx_word' id='word_1_134' title='bbox 3319 716 3444 759; x_wconf 83' lang='lat' dir='ltr'><strong>esse</strong></span> 
     </span>
    </p>
   </div>
   <div class='ocr_carea' id='block_1_20' title="bbox 1890 785 3442 856">
    <p class='ocr_par' dir='ltr' id='par_1_20' title="bbox 1890 785 3442 856">
     <span class='ocr_line' id='line_1_20' title="bbox 1890 785 3442 856; baseline 0.004 -15"><span class='ocrx_word' id='word_1_135' title='bbox 1890 785 2264 841; x_wconf 80' lang='lat' dir='ltr'><strong>existimemus</strong></span> <span class='ocrx_word' id='word_1_136' title='bbox 2302 790 2357 840; x_wconf 92' lang='lat' dir='ltr'><strong>et</strong></span> <span class='ocrx_word' id='word_1_137' title='bbox 2404 788 2760 856; x_wconf 87' lang='lat' dir='ltr'><strong>reputemus?</strong></span> <span class='ocrx_word' id='word_1_138' title='bbox 2789 787 2845 843; x_wconf 91' lang='lat' dir='ltr'><strong>Si</strong></span> <span class='ocrx_word' id='word_1_139' title='bbox 2879 790 3021 844; x_wconf 90' lang='lat' dir='ltr'><strong>enim</strong></span> <span class='ocrx_word' id='word_1_140' title='bbox 3049 790 3192 847; x_wconf 89' lang='lat' dir='ltr'><strong>Deus</strong></span> <span class='ocrx_word' id='word_1_141' title='bbox 3221 799 3305 848; x_wconf 91' lang='lat' dir='ltr'><strong>est</strong></span> <span class='ocrx_word' id='word_1_142' title='bbox 3355 792 3442 847; x_wconf 84' lang='lat' dir='ltr'><strong>lu-</strong></span> 
     </span>
    </p>
   </div>
   <div class='ocr_carea' id='block_1_21' title="bbox 1892 876 3443 954">
    <p class='ocr_par' dir='ltr' id='par_1_21' title="bbox 1892 876 3443 954">
     <span class='ocr_line' id='line_1_21' title="bbox 1892 876 3443 954; baseline 0.006 -24"><span class='ocrx_word' id='word_1_143' title='bbox 1892 892 2036 940; x_wconf 90' lang='lat' dir='ltr'><strong>men,</strong></span> <span class='ocrx_word' id='word_1_144' title='bbox 2062 876 2244 932; x_wconf 86' lang='lat' dir='ltr'><strong>lumen</strong></span> <span class='ocrx_word' id='word_1_145' title='bbox 2267 885 2445 931; x_wconf 88' lang='lat' dir='ltr'><strong>autem</strong></span> <span class='ocrx_word' id='word_1_146' title='bbox 2472 877 2828 950; x_wconf 83' lang='lat' dir='ltr'><strong>intelligibile,</strong></span> <span class='ocrx_word' id='word_1_147' title='bbox 2856 896 2965 936; x_wconf 92' lang='lat' dir='ltr'><strong>non</strong></span> <span class='ocrx_word' id='word_1_148' title='bbox 2988 883 3334 954; x_wconf 83' lang='lat' dir='ltr'><strong>aspectabile,</strong></span> <span class='ocrx_word' id='word_1_149' title='bbox 3361 884 3443 939; x_wconf 85' lang='lat' dir='ltr'><strong>lu-</strong></span> 
     </span>
    </p>
   </div>
   <div class='ocr_carea' id='block_1_22' title="bbox 1890 967 3443 1047">
    <p class='ocr_par' dir='ltr' id='par_1_22' title="bbox 1890 967 3443 1047">
     <span class='ocr_line' id='line_1_22' title="bbox 1890 967 3443 1047; baseline 0.009 -27"><span class='ocrx_word' id='word_1_150' title='bbox 1890 981 2018 1021; x_wconf 90' lang='lat' dir='ltr'><strong>men</strong></span> <span class='ocrx_word' id='word_1_151' title='bbox 2066 969 2274 1024; x_wconf 83' lang='lat' dir='ltr'><strong>scilicet</strong></span> <span class='ocrx_word' id='word_1_152' title='bbox 2316 967 2459 1023; x_wconf 72' lang='lat' dir='ltr'><strong>sicut</strong></span> <span class='ocrx_word' id='word_1_153' title='bbox 2497 970 2730 1040; x_wconf 86' lang='lat' dir='ltr'><strong>veritas;</strong></span> <span class='ocrx_word' id='word_1_154' title='bbox 2774 973 2952 1030; x_wconf 89' lang='lat' dir='ltr'><strong>lumen</strong></span> <span class='ocrx_word' id='word_1_155' title='bbox 2988 977 3132 1030; x_wconf 92' lang='lat' dir='ltr'><strong>enim</strong></span> <span class='ocrx_word' id='word_1_156' title='bbox 3161 977 3443 1047; x_wconf 79' lang='lat' dir='ltr'><strong>spiritualo</strong></span> 
     </span>
    </p>
   </div>
   <div class='ocr_carea' id='block_1_23' title="bbox 1891 1058 3441 1133">
    <p class='ocr_par' dir='ltr' id='par_1_23' title="bbox 1891 1058 3441 1133">
     <span class='ocr_line' id='line_1_23' title="bbox 1891 1058 3441 1133; baseline 0.009 -22"><span class='ocrx_word' id='word_1_157' title='bbox 1891 1058 2025 1111; x_wconf 86' lang='lat' dir='ltr'><strong>nihil</strong></span> <span class='ocrx_word' id='word_1_158' title='bbox 2055 1058 2200 1114; x_wconf 86' lang='lat' dir='ltr'><strong>aliud</strong></span> <span class='ocrx_word' id='word_1_159' title='bbox 2229 1067 2333 1124; x_wconf 90' lang='lat' dir='ltr'><strong>est,</strong></span> <span class='ocrx_word' id='word_1_160' title='bbox 2363 1075 2524 1131; x_wconf 91' lang='lat' dir='ltr'><strong>quam</strong></span> <span class='ocrx_word' id='word_1_161' title='bbox 2570 1062 2750 1119; x_wconf 86' lang='lat' dir='ltr'><strong>lumen</strong></span> <span class='ocrx_word' id='word_1_162' title='bbox 2781 1066 3055 1133; x_wconf 81' lang='lat' dir='ltr'><strong>veritatis;</strong></span> <span class='ocrx_word' id='word_1_163' title='bbox 3086 1067 3228 1124; x_wconf 88' lang='lat' dir='ltr'><strong>Deus</strong></span> <span class='ocrx_word' id='word_1_164' title='bbox 3259 1075 3441 1125; x_wconf 86' lang='lat' dir='ltr'><strong>tamen</strong></span> 
     </span>
    </p>
   </div>
   <div class='ocr_carea' id='block_1_24' title="bbox 1890 1153 3443 1225">
    <p class='ocr_par' dir='ltr' id='par_1_24' title="bbox 1890 1153 3443 1225">
     <span class='ocr_line' id='line_1_24' title="bbox 1890 1153 3443 1225; baseline 0.005 -19"><span class='ocrx_word' id='word_1_165' title='bbox 1890 1166 2013 1207; x_wconf 91' lang='lat' dir='ltr'><strong>cum</strong></span> <span class='ocrx_word' id='word_1_166' title='bbox 2046 1153 2228 1208; x_wconf 90' lang='lat' dir='ltr'><strong>lumen</strong></span> <span class='ocrx_word' id='word_1_167' title='bbox 2260 1163 2314 1209; x_wconf 91' lang='lat' dir='ltr'><strong>et</strong></span> <span class='ocrx_word' id='word_1_168' title='bbox 2354 1154 2472 1224; x_wconf 88' lang='lat' dir='ltr'><strong>ipsa</strong></span> <span class='ocrx_word' id='word_1_169' title='bbox 2523 1170 2620 1225; x_wconf 89' lang='lat' dir='ltr'><strong>per</strong></span> <span class='ocrx_word' id='word_1_170' title='bbox 2659 1171 2719 1212; x_wconf 89' lang='lat' dir='ltr'><strong>se</strong></span> <span class='ocrx_word' id='word_1_171' title='bbox 2751 1159 2953 1214; x_wconf 87' lang='lat' dir='ltr'><strong>veritas</strong></span> <span class='ocrx_word' id='word_1_172' title='bbox 2983 1158 3076 1224; x_wconf 87' lang='lat' dir='ltr'><strong>sit,</strong></span> <span class='ocrx_word' id='word_1_173' title='bbox 3104 1174 3132 1213; x_wconf 91' lang='lat' dir='ltr'><strong>a</strong></span> <span class='ocrx_word' id='word_1_174' title='bbox 3162 1159 3443 1215; x_wconf 85' lang='lat' dir='ltr'><strong>mendacio</strong></span> 
     </span>
    </p>
   </div>
   <div class='ocr_carea' id='block_1_25' title="bbox 1888 1241 3440 1320">
    <p class='ocr_par' dir='ltr' id='par_1_25' title="bbox 1888 1241 3440 1320">
     <span class='ocr_line' id='line_1_25' title="bbox 1888 1241 3440 1320; baseline 0.005 -26"><span class='ocrx_word' id='word_1_175' title='bbox 1888 1241 2145 1307; x_wconf 84' lang='lat' dir='ltr'><strong>abstinet,</strong></span> <span class='ocrx_word' id='word_1_176' title='bbox 2181 1257 2291 1298; x_wconf 90' lang='lat' dir='ltr'><strong>non</strong></span> <span class='ocrx_word' id='word_1_177' title='bbox 2323 1245 2450 1314; x_wconf 85' lang='lat' dir='ltr'><strong>quia</strong></span> <span class='ocrx_word' id='word_1_178' title='bbox 2479 1243 2659 1300; x_wconf 89' lang='lat' dir='ltr'><strong>deﬁcit</strong></span> <span class='ocrx_word' id='word_1_179' title='bbox 2686 1246 2732 1301; x_wconf 92' lang='lat' dir='ltr'><strong>ei</strong></span> <span class='ocrx_word' id='word_1_180' title='bbox 2762 1255 3021 1317; x_wconf 81' lang='lat' dir='ltr'><strong>potestas,</strong></span> <span class='ocrx_word' id='word_1_181' title='bbox 3054 1249 3147 1306; x_wconf 89' lang='lat' dir='ltr'><strong>sed</strong></span> <span class='ocrx_word' id='word_1_182' title='bbox 3173 1249 3299 1320; x_wconf 90' lang='lat' dir='ltr'><strong>quia</strong></span> <span class='ocrx_word' id='word_1_183' title='bbox 3332 1263 3440 1303; x_wconf 88' lang='lat' dir='ltr'><strong>non</strong></span> 
     </span>
    </p>
   </div>
   <div class='ocr_carea' id='block_1_26' title="bbox 215 1322 3442 1411">
    <p class='ocr_par' dir='ltr' id='par_1_26' title="bbox 215 1322 3442 1411">
     <span class='ocr_line' id='line_1_26' title="bbox 215 1322 3442 1411; baseline 0.006 -36"><span class='ocrx_word' id='word_1_184' title='bbox 215 1322 339 1375; x_wconf 85' lang='lat' dir='ltr'><strong>vult</strong></span> <span class='ocrx_word' id='word_1_185' title='bbox 374 1336 611 1392; x_wconf 87' lang='lat' dir='ltr'><strong>unquam</strong></span> <span class='ocrx_word' id='word_1_186' title='bbox 667 1325 904 1379; x_wconf 87' lang='lat' dir='ltr'><strong>mentiri.</strong></span> <span class='ocrx_word' id='word_1_187' title='bbox 965 1324 1022 1380; x_wconf 88' lang='lat' dir='ltr'><strong>Si</strong></span> <span class='ocrx_word' id='word_1_188' title='bbox 1067 1335 1398 1390; x_wconf 74' lang='lat' dir='ltr'><strong>autemnon</strong></span> <span class='ocrx_word' id='word_1_189' title='bbox 1437 1336 1640 1400; x_wconf 87' lang='lat' dir='ltr'><strong>potest,</strong></span> <span class='ocrx_word' id='word_1_190' title='bbox 1682 1346 1793 1389; x_wconf 89' lang='lat' dir='ltr'><strong>non</strong></span> <span class='ocrx_word' id='word_1_191' title='bbox 1831 1333 1982 1397; x_wconf 77' lang='lat' dir='ltr'><strong>enim</strong></span> <span class='ocrx_word' id='word_1_192' title='bbox 2009 1333 2308 1389; x_wconf 90' lang='lat' dir='ltr'><strong>absurdum</strong></span> <span class='ocrx_word' id='word_1_193' title='bbox 2329 1341 2413 1392; x_wconf 86' lang='lat' dir='ltr'><strong>est</strong></span> <span class='ocrx_word' id='word_1_194' title='bbox 2441 1336 2520 1391; x_wconf 89' lang='lat' dir='ltr'><strong>sic</strong></span> <span class='ocrx_word' id='word_1_195' title='bbox 2548 1336 2719 1407; x_wconf 85' lang='lat' dir='ltr'><strong>loqui,</strong></span> <span class='ocrx_word' id='word_1_196' title='bbox 2749 1338 2872 1396; x_wconf 90' lang='lat' dir='ltr'><strong>ideo</strong></span> <span class='ocrx_word' id='word_1_197' title='bbox 2899 1355 3010 1396; x_wconf 92' lang='lat' dir='ltr'><strong>non</strong></span> <span class='ocrx_word' id='word_1_198' title='bbox 3054 1347 3256 1411; x_wconf 80' lang='lat' dir='ltr'><strong>potest,</strong></span> <span class='ocrx_word' id='word_1_199' title='bbox 3311 1337 3442 1411; x_wconf 83' lang='lat' dir='ltr'><strong>quia</strong></span> 
     </span>
    </p>
   </div>
   <div class='ocr_carea' id='block_1_27' title="bbox 215 1424 678 1493">
    <p class='ocr_par' dir='ltr' id='par_1_27' title="bbox 215 1424 678 1493">
     <span class='ocr_line' id='line_1_27' title="bbox 215 1424 678 1493; baseline 0 -15"><span class='ocrx_word' id='word_1_200' title='bbox 215 1437 505 1493; x_wconf 78' lang='lat' dir='ltr'><strong>nunquam</strong></span> <span class='ocrx_word' id='word_1_201' title='bbox 540 1424 678 1479; x_wconf 86' lang='lat' dir='ltr'><strong>vult.</strong></span> 
     </span>
    </p>
   </div>
   <div class='ocr_carea' id='block_1_28' title="bbox 290 1509 1791 1596">
    <p class='ocr_par' dir='ltr' id='par_1_28' title="bbox 290 1509 1791 1596">
     <span class='ocr_line' id='line_1_28' title="bbox 290 1509 1791 1596; baseline 0.009 -29"><span class='ocrx_word' id='word_1_202' title='bbox 290 1509 387 1579; x_wconf 76' lang='grc' dir='ltr'><strong>Οἷς</strong></span> <span class='ocrx_word' id='word_1_203' title='bbox 433 1515 532 1585; x_wconf 82' lang='grc' dir='ltr'>μὲν</span> <span class='ocrx_word' id='word_1_204' title='bbox 560 1515 666 1588; x_wconf 80' lang='grc' dir='ltr'>γὰρ</span> <span class='ocrx_word' id='word_1_205' title='bbox 708 1514 804 1570; x_wconf 71' lang='grc' dir='ltr'>καὶ</span> <span class='ocrx_word' id='word_1_206' title='bbox 836 1515 898 1570; x_wconf 81' lang='grc' dir='ltr'><strong>τδ</strong></span> <span class='ocrx_word' id='word_1_207' title='bbox 951 1517 1231 1589; x_wconf 85' lang='grc' dir='ltr'>βούλεσθαι</span> <span class='ocrx_word' id='word_1_208' title='bbox 1267 1524 1361 1577; x_wconf 80' lang='grc' dir='ltr'><strong>καὶ</strong></span> <span class='ocrx_word' id='word_1_209' title='bbox 1400 1524 1460 1579; x_wconf 83' lang='grc' dir='ltr'><strong>τὸ</strong></span> <span class='ocrx_word' id='word_1_210' title='bbox 1505 1526 1601 1596; x_wconf 85' lang='grc' dir='ltr'><strong>μὴ,</strong></span> <span class='ocrx_word' id='word_1_211' title='bbox 1649 1525 1791 1581; x_wconf 77' lang='grc' dir='ltr'>κατὰ</span> 
     </span>
    </p>
   </div>
   <div class='ocr_carea' id='block_1_29' title="bbox 1963 1523 3439 1592">
    <p class='ocr_par' dir='ltr' id='par_1_29' title="bbox 1963 1523 3439 1592">
     <span class='ocr_line' id='line_1_29' title="bbox 1963 1523 3439 1592; baseline 0.001 -13"><span class='ocrx_word' id='word_1_212' title='bbox 1963 1523 2174 1592; x_wconf 85' lang='lat' dir='ltr'><strong>Quibus</strong></span> <span class='ocrx_word' id='word_1_213' title='bbox 2220 1528 2367 1583; x_wconf 91' lang='lat' dir='ltr'><strong>enim</strong></span> <span class='ocrx_word' id='word_1_214' title='bbox 2397 1527 2537 1584; x_wconf 89' lang='lat' dir='ltr'><strong>velle</strong></span> <span class='ocrx_word' id='word_1_215' title='bbox 2583 1533 2638 1583; x_wconf 92' lang='lat' dir='ltr'><strong>et</strong></span> <span class='ocrx_word' id='word_1_216' title='bbox 2669 1542 2779 1582; x_wconf 91' lang='lat' dir='ltr'><strong>non</strong></span> <span class='ocrx_word' id='word_1_217' title='bbox 2815 1526 2954 1581; x_wconf 90' lang='lat' dir='ltr'><strong>velle</strong></span> <span class='ocrx_word' id='word_1_218' title='bbox 2980 1523 3189 1580; x_wconf 79' lang='lat' dir='ltr'><strong>diverse</strong></span> <span class='ocrx_word' id='word_1_219' title='bbox 3221 1524 3439 1590; x_wconf 85' lang='lat' dir='ltr'><strong>accidit,</strong></span> 
     </span>
    </p>
   </div>
   <div class='ocr_carea' id='block_1_30' title="bbox 215 1606 1785 1691">
    <p class='ocr_par' dir='ltr' id='par_1_30' title="bbox 215 1606 1785 1685">
     <span class='ocr_line' id='line_1_30' title="bbox 215 1606 1785 1685; baseline 0.008 -27"><span class='ocrx_word' id='word_1_220' title='bbox 215 1606 474 1676; x_wconf 78' lang='grc' dir='ltr'>διάφορον</span> <span class='ocrx_word' id='word_1_221' title='bbox 507 1607 708 1678; x_wconf 84' lang='grc' dir='ltr'>τρόπον</span> <span class='ocrx_word' id='word_1_222' title='bbox 740 1609 1144 1681; x_wconf 78' lang='grc' dir='ltr'>ἐπισυμϐαίνει,</span> <span class='ocrx_word' id='word_1_223' title='bbox 1177 1612 1390 1679; x_wconf 89' lang='grc' dir='ltr'>τούτοις</span> <span class='ocrx_word' id='word_1_224' title='bbox 1430 1615 1666 1685; x_wconf 80' lang='grc' dir='ltr'><strong>εὐλόγως</strong></span> <span class='ocrx_word' id='word_1_225' title='bbox 1695 1619 1785 1671; x_wconf 72' lang='grc' dir='ltr'>καὶ</span> 
     </span>
    </p>
   </div>
   <div class='ocr_carea' id='block_1_31' title="bbox 1890 1606 3439 1691">
    <p class='ocr_par' dir='ltr' id='par_1_31' title="bbox 1890 1615 3439 1685">
     <span class='ocr_line' id='line_1_31' title="bbox 1890 1615 3439 1685; baseline 0 -16"><span class='ocrx_word' id='word_1_226' title='bbox 1890 1624 2036 1670; x_wconf 89' lang='lat' dir='ltr'><strong>recte</strong></span> <span class='ocrx_word' id='word_1_227' title='bbox 2063 1625 2117 1671; x_wconf 88' lang='lat' dir='ltr'><strong>et</strong></span> <span class='ocrx_word' id='word_1_228' title='bbox 2145 1618 2342 1673; x_wconf 89' lang='lat' dir='ltr'><strong>rationi</strong></span> <span class='ocrx_word' id='word_1_229' title='bbox 2370 1617 2756 1673; x_wconf 87' lang='lat' dir='ltr'><strong>convenienter</strong></span> <span class='ocrx_word' id='word_1_230' title='bbox 2784 1616 2870 1673; x_wconf 90' lang='lat' dir='ltr'><strong>his</strong></span> <span class='ocrx_word' id='word_1_231' title='bbox 2902 1615 3215 1671; x_wconf 82' lang='lat' dir='ltr'><strong>attribuitur</strong></span> <span class='ocrx_word' id='word_1_232' title='bbox 3242 1628 3439 1685; x_wconf 83' lang='lat' dir='ltr'><strong>posse:</strong></span> 
     </span>
    </p>
   </div>
   <div class='ocr_carea' id='block_1_32' title="bbox 214 1696 1792 1780">
    <p class='ocr_par' dir='ltr' id='par_1_32' title="bbox 214 1696 1792 1780">
     <span class='ocr_line' id='line_1_32' title="bbox 214 1696 1792 1780; baseline 0.01 -31"><span class='ocrx_word' id='word_1_233' title='bbox 214 1697 281 1750; x_wconf 73' lang='grc' dir='ltr'>τὸ</span> <span class='ocrx_word' id='word_1_234' title='bbox 333 1696 590 1753; x_wconf 88' lang='grc' dir='ltr'>δύνασθαι</span> <span class='ocrx_word' id='word_1_235' title='bbox 636 1697 962 1773; x_wconf 75' lang='grc' dir='ltr'><strong>ἀφώρισται.</strong></span> <span class='ocrx_word' id='word_1_236' title='bbox 1022 1703 1141 1776; x_wconf 84' lang='grc' dir='ltr'><strong>Θεῷ</strong></span> <span class='ocrx_word' id='word_1_237' title='bbox 1171 1705 1229 1759; x_wconf 85' lang='grc' dir='ltr'><strong>δέ</strong></span> <span class='ocrx_word' id='word_1_238' title='bbox 1276 1723 1359 1775; x_wconf 87' lang='grc' dir='ltr'><strong>γε,</strong></span> <span class='ocrx_word' id='word_1_239' title='bbox 1414 1708 1599 1780; x_wconf 80' lang='grc' dir='ltr'>ἐπειδὴ</span> <span class='ocrx_word' id='word_1_240' title='bbox 1645 1709 1792 1764; x_wconf 80' lang='grc' dir='ltr'>οὐδέ-</span> 
     </span>
    </p>
   </div>
   <div class='ocr_carea' id='block_1_33' title="bbox 216 1790 1791 1873">
    <p class='ocr_par' dir='ltr' id='par_1_33' title="bbox 216 1790 1791 1873">
     <span class='ocr_line' id='line_1_33' title="bbox 216 1790 1791 1873; baseline 0.01 -33"><span class='ocrx_word' id='word_1_241' title='bbox 216 1805 352 1842; x_wconf 83' lang='grc' dir='ltr'>ποτε</span> <span class='ocrx_word' id='word_1_242' title='bbox 391 1790 672 1860; x_wconf 76' lang='grc' dir='ltr'>συμϐαίνει</span> <span class='ocrx_word' id='word_1_243' title='bbox 701 1792 763 1846; x_wconf 86' lang='grc' dir='ltr'><strong>τὸ</strong></span> <span class='ocrx_word' id='word_1_244' title='bbox 795 1791 1100 1862; x_wconf 84' lang='grc' dir='ltr'>βούλεσθαι,</span> <span class='ocrx_word' id='word_1_245' title='bbox 1135 1796 1195 1852; x_wconf 81' lang='grc' dir='ltr'><strong>τὸ</strong></span> <span class='ocrx_word' id='word_1_246' title='bbox 1236 1797 1311 1869; x_wconf 84' lang='grc' dir='ltr'>μὴ</span> <span class='ocrx_word' id='word_1_247' title='bbox 1344 1798 1596 1854; x_wconf 86' lang='grc' dir='ltr'>δύνασθαι</span> <span class='ocrx_word' id='word_1_248' title='bbox 1624 1818 1791 1873; x_wconf 86' lang='grc' dir='ltr'>προσ-</span> 
     </span>
    </p>
   </div>
   <div class='ocr_carea' id='block_1_34' title="bbox 215 1882 1786 1964">
    <p class='ocr_par' dir='ltr' id='par_1_34' title="bbox 215 1882 1786 1964">
     <span class='ocr_line' id='line_1_34' title="bbox 215 1882 1786 1964; baseline 0.009 -30"><span class='ocrx_word' id='word_1_249' title='bbox 215 1882 456 1936; x_wconf 80' lang='grc' dir='ltr'>απτέον·</span> <span class='ocrx_word' id='word_1_250' title='bbox 510 1883 653 1938; x_wconf 77' lang='grc' dir='ltr'>οὕτω</span> <span class='ocrx_word' id='word_1_251' title='bbox 685 1886 891 1955; x_wconf 87' lang='grc' dir='ltr'>μέντοι,</span> <span class='ocrx_word' id='word_1_252' title='bbox 926 1888 1014 1943; x_wconf 86' lang='grc' dir='ltr'><strong>διὰ</strong></span> <span class='ocrx_word' id='word_1_253' title='bbox 1039 1889 1117 1943; x_wconf 75' lang='grc' dir='ltr'><strong>τὸι</strong></span> <span class='ocrx_word' id='word_1_254' title='bbox 1158 1892 1431 1963; x_wconf 86' lang='grc' dir='ltr'>μηδέποτε</span> <span class='ocrx_word' id='word_1_255' title='bbox 1486 1893 1786 1964; x_wconf 81' lang='grc' dir='ltr'>βούλεσθαι,</span> 
     </span>
    </p>
   </div>
   <div class='ocr_carea' id='block_1_35' title="bbox 216 1973 1787 2053">
    <p class='ocr_par' dir='ltr' id='par_1_35' title="bbox 216 1973 1787 2053">
     <span class='ocr_line' id='line_1_35' title="bbox 216 1973 1787 2053; baseline 0.008 -26"><span class='ocrx_word' id='word_1_256' title='bbox 216 1973 341 2045; x_wconf 77' lang='grc' dir='ltr'>οὐχὶ</span> <span class='ocrx_word' id='word_1_257' title='bbox 364 1973 451 2028; x_wconf 77' lang='grc' dir='ltr'>διὰ</span> <span class='ocrx_word' id='word_1_258' title='bbox 481 1975 543 2029; x_wconf 81' lang='grc' dir='ltr'>τὸ</span> <span class='ocrx_word' id='word_1_259' title='bbox 573 1976 648 2049; x_wconf 85' lang='grc' dir='ltr'>μὴ</span> <span class='ocrx_word' id='word_1_260' title='bbox 679 1977 937 2034; x_wconf 84' lang='grc' dir='ltr'>δύνασθαι</span> <span class='ocrx_word' id='word_1_261' title='bbox 980 1982 1181 2053; x_wconf 78' lang='grc' dir='ltr'>τρόπον</span> <span class='ocrx_word' id='word_1_262' title='bbox 1222 1984 1502 2048; x_wconf 82' lang='grc' dir='ltr'><strong>ἀσθενείας</strong></span> <span class='ocrx_word' id='word_1_263' title='bbox 1527 1985 1620 2040; x_wconf 78' lang='grc' dir='ltr'><strong>καὶ</strong></span> <span class='ocrx_word' id='word_1_264' title='bbox 1658 1986 1787 2040; x_wconf 84' lang='grc' dir='ltr'>ἀδυ-</span> 
     </span>
    </p>
   </div>
   <div class='ocr_carea' id='block_1_36' title="bbox 217 2066 1782 2148">
    <p class='ocr_par' dir='ltr' id='par_1_36' title="bbox 217 2066 1782 2148">
     <span class='ocr_line' id='line_1_36' title="bbox 217 2066 1782 2148; baseline 0.008 -27"><span class='ocrx_word' id='word_1_265' title='bbox 217 2066 453 2137; x_wconf 80' lang='grc' dir='ltr'>ναμίας’</span> <span class='ocrx_word' id='word_1_266' title='bbox 487 2068 548 2122; x_wconf 88' lang='grc' dir='ltr'>τὺ</span> <span class='ocrx_word' id='word_1_267' title='bbox 577 2070 675 2140; x_wconf 84' lang='grc' dir='ltr'><strong>μὲν</strong></span> <span class='ocrx_word' id='word_1_268' title='bbox 703 2070 811 2143; x_wconf 84' lang='grc' dir='ltr'>γὰρ</span> <span class='ocrx_word' id='word_1_269' title='bbox 833 2072 1215 2146; x_wconf 80' lang='grc' dir='ltr'><strong>δημιούργημα</strong></span> <span class='ocrx_word' id='word_1_270' title='bbox 1245 2077 1580 2148; x_wconf 77' lang='grc' dir='ltr'>πεπεδῆσθαι</span> <span class='ocrx_word' id='word_1_271' title='bbox 1606 2078 1782 2148; x_wconf 78' lang='grc' dir='ltr'>φύσει,</span> 
     </span>
    </p>
   </div>
   <div class='ocr_carea' id='block_1_37' title="bbox 215 2157 1786 2240">
    <p class='ocr_par' dir='ltr' id='par_1_37' title="bbox 215 2157 1786 2240">
     <span class='ocr_line' id='line_1_37' title="bbox 215 2157 1786 2240; baseline 0.009 -30"><span class='ocrx_word' id='word_1_272' title='bbox 215 2157 364 2226; x_wconf 80' lang='grc' dir='ltr'>λέγω</span> <span class='ocrx_word' id='word_1_273' title='bbox 394 2158 457 2231; x_wconf 78' lang='grc' dir='ltr'>δὴ</span> <span class='ocrx_word' id='word_1_274' title='bbox 494 2160 554 2213; x_wconf 85' lang='grc' dir='ltr'>τὺ</span> <span class='ocrx_word' id='word_1_275' title='bbox 594 2164 900 2232; x_wconf 75' lang='grc' dir='ltr'>σωματικὸν</span> <span class='ocrx_word' id='word_1_276' title='bbox 943 2165 1077 2235; x_wconf 80' lang='grc' dir='ltr'>φῶς,</span> <span class='ocrx_word' id='word_1_277' title='bbox 1132 2168 1234 2221; x_wconf 79' lang='grc' dir='ltr'><strong>οὐκ</strong></span> <span class='ocrx_word' id='word_1_278' title='bbox 1274 2168 1464 2238; x_wconf 82' lang='grc' dir='ltr'>ἄλογον</span> <span class='ocrx_word' id='word_1_279' title='bbox 1496 2170 1684 2240; x_wconf 78' lang='grc' dir='ltr'>φάναι,</span> <span class='ocrx_word' id='word_1_280' title='bbox 1711 2172 1786 2235; x_wconf 85' lang='grc' dir='ltr'>ὡς</span> 
     </span>
    </p>
   </div>
   <div class='ocr_carea' id='block_1_38' title="bbox 220 2249 1786 2335">
    <p class='ocr_par' dir='ltr' id='par_1_38' title="bbox 220 2249 1786 2335">
     <span class='ocr_line' id='line_1_38' title="bbox 220 2249 1786 2335; baseline 0.01 -32"><span class='ocrx_word' id='word_1_281' title='bbox 220 2249 299 2320; x_wconf 83' lang='grc' dir='ltr'>μὴ</span> <span class='ocrx_word' id='word_1_282' title='bbox 324 2250 411 2302; x_wconf 81' lang='grc' dir='ltr'>ἐπ’</span> <span class='ocrx_word' id='word_1_283' title='bbox 436 2252 584 2324; x_wconf 70' lang='grc' dir='ltr'>αὐτῷ</span> <span class='ocrx_word' id='word_1_284' title='bbox 605 2249 824 2308; x_wconf 72' lang='grc' dir='ltr'>εἶναιτὸ</span> <span class='ocrx_word' id='word_1_285' title='bbox 853 2251 991 2310; x_wconf 77' lang='grc' dir='ltr'>εἶναι</span> <span class='ocrx_word' id='word_1_286' title='bbox 1013 2259 1148 2326; x_wconf 80' lang='grc' dir='ltr'>φῶς,</span> <span class='ocrx_word' id='word_1_287' title='bbox 1174 2258 1288 2314; x_wconf 85' lang='grc' dir='ltr'>ἀλλ’</span> <span class='ocrx_word' id='word_1_288' title='bbox 1320 2262 1411 2315; x_wconf 79' lang='grc' dir='ltr'><strong>ἐπὶ</strong></span> <span class='ocrx_word' id='word_1_289' title='bbox 1432 2261 1508 2333; x_wconf 82' lang='grc' dir='ltr'>τῷ</span> <span class='ocrx_word' id='word_1_290' title='bbox 1530 2266 1786 2335; x_wconf 86' lang='grc' dir='ltr'>ποιήσαν-</span> 
     </span>
    </p>
   </div>
   <div class='ocr_carea' id='block_1_39' title="bbox 215 2343 1786 2429">
    <p class='ocr_par' dir='ltr' id='par_1_39' title="bbox 215 2343 1786 2429">
     <span class='ocr_line' id='line_1_39' title="bbox 215 2343 1786 2429; baseline 0.01 -35"><span class='ocrx_word' id='word_1_291' title='bbox 215 2357 273 2394; x_wconf 89' lang='grc' dir='ltr'><strong>τι</strong></span> <span class='ocrx_word' id='word_1_292' title='bbox 292 2358 307 2372; x_wconf 89' lang='grc'><strong>·</strong></span> <span class='ocrx_word' id='word_1_293' title='bbox 328 2343 423 2396; x_wconf 77' lang='grc' dir='ltr'><strong>τὸν</strong></span> <span class='ocrx_word' id='word_1_294' title='bbox 452 2344 508 2397; x_wconf 84' lang='grc' dir='ltr'>δὲ</span> <span class='ocrx_word' id='word_1_295' title='bbox 535 2346 876 2419; x_wconf 85' lang='grc' dir='ltr'>Δημιουργδν</span> <span class='ocrx_word' id='word_1_296' title='bbox 902 2349 1305 2422; x_wconf 80' lang='grc' dir='ltr'>ὑποϐεὸλῆσθαι</span> <span class='ocrx_word' id='word_1_297' title='bbox 1333 2353 1547 2423; x_wconf 80' lang='grc' dir='ltr'>φύσεως</span> <span class='ocrx_word' id='word_1_298' title='bbox 1571 2355 1786 2429; x_wconf 83' lang='grc' dir='ltr'>ἀνάγκῃ</span> 
     </span>
    </p>
   </div>
   <div class='ocr_carea' id='block_1_40' title="bbox 217 2431 1785 2516">
    <p class='ocr_par' dir='ltr' id='par_1_40' title="bbox 217 2431 1785 2516">
     <span class='ocr_line' id='line_1_40' title="bbox 217 2431 1785 2516; baseline 0.011 -32"><span class='ocrx_word' id='word_1_299' title='bbox 217 2431 343 2485; x_wconf 90' lang='grc' dir='ltr'>λίαν</span> <span class='ocrx_word' id='word_1_300' title='bbox 378 2433 575 2489; x_wconf 83' lang='grc' dir='ltr'>ἄτοπον</span> <span class='ocrx_word' id='word_1_301' title='bbox 609 2438 882 2508; x_wconf 78' lang='grc' dir='ltr'>ἡγεῖσθαι,</span> <span class='ocrx_word' id='word_1_302' title='bbox 911 2439 987 2505; x_wconf 85' lang='grc' dir='ltr'><strong>ὠς</strong></span> <span class='ocrx_word' id='word_1_303' title='bbox 1021 2440 1095 2513; x_wconf 73' lang='grc' dir='ltr'>μὴ</span> <span class='ocrx_word' id='word_1_304' title='bbox 1125 2444 1210 2496; x_wconf 83' lang='grc' dir='ltr'>ἐπ’</span> <span class='ocrx_word' id='word_1_305' title='bbox 1245 2442 1391 2516; x_wconf 81' lang='grc' dir='ltr'>αύτῷ</span> <span class='ocrx_word' id='word_1_306' title='bbox 1432 2440 1571 2500; x_wconf 84' lang='grc' dir='ltr'>εἶναι</span> <span class='ocrx_word' id='word_1_307' title='bbox 1611 2446 1785 2501; x_wconf 79' lang='grc' dir='ltr'>δοκεῖν</span> 
     </span>
    </p>
   </div>
   <div class='ocr_carea' id='block_1_41' title="bbox 217 2525 1782 2608">
    <p class='ocr_par' dir='ltr' id='par_1_41' title="bbox 217 2525 1782 2608">
     <span class='ocr_line' id='line_1_41' title="bbox 217 2525 1782 2608; baseline 0.01 -30"><span class='ocrx_word' id='word_1_308' title='bbox 217 2526 283 2578; x_wconf 83' lang='grc' dir='ltr'><strong>τὸ</strong></span> <span class='ocrx_word' id='word_1_309' title='bbox 334 2525 650 2599; x_wconf 78' lang='grc' dir='ltr'>ἀληθεύειν,</span> <span class='ocrx_word' id='word_1_310' title='bbox 704 2529 838 2585; x_wconf 84' lang='grc' dir='ltr'><strong>ἀλλά</strong></span> <span class='ocrx_word' id='word_1_311' title='bbox 885 2533 1022 2604; x_wconf 70' lang='grc' dir='ltr'>πρὸς</span> <span class='ocrx_word' id='word_1_312' title='bbox 1059 2534 1160 2603; x_wconf 83' lang='grc' dir='ltr'>τῆς</span> <span class='ocrx_word' id='word_1_313' title='bbox 1207 2536 1419 2605; x_wconf 80' lang='grc' dir='ltr'>φύσεως</span> <span class='ocrx_word' id='word_1_314' title='bbox 1469 2537 1782 2608; x_wconf 78' lang='grc' dir='ltr'>βεόιᾶσθαι,</span> 
     </span>
    </p>
   </div>
   <div class='ocr_carea' id='block_1_42' title="bbox 219 2616 1787 2698">
    <p class='ocr_par' dir='ltr' id='par_1_42' title="bbox 219 2616 1787 2698">
     <span class='ocr_line' id='line_1_42' title="bbox 219 2616 1787 2698; baseline 0.011 -29"><span class='ocrx_word' id='word_1_315' title='bbox 219 2616 467 2688; x_wconf 83' lang='grc' dir='ltr'>καίτοιγε</span> <span class='ocrx_word' id='word_1_316' title='bbox 512 2620 651 2694; x_wconf 82' lang='grc' dir='ltr'>ὅπερ</span> <span class='ocrx_word' id='word_1_317' title='bbox 687 2623 868 2687; x_wconf 83' lang='grc' dir='ltr'>ἐστὶν,</span> <span class='ocrx_word' id='word_1_318' title='bbox 905 2625 1037 2679; x_wconf 84' lang='grc' dir='ltr'>αὐτὸ</span> <span class='ocrx_word' id='word_1_319' title='bbox 1088 2627 1247 2698; x_wconf 86' lang='grc' dir='ltr'>μόνον</span> <span class='ocrx_word' id='word_1_320' title='bbox 1295 2629 1464 2685; x_wconf 86' lang='grc' dir='ltr'>ἐστίν.</span> <span class='ocrx_word' id='word_1_321' title='bbox 1526 2630 1665 2686; x_wconf 82' lang='grc' dir='ltr'>Ἀλλ’</span> <span class='ocrx_word' id='word_1_322' title='bbox 1702 2625 1787 2698; x_wconf 77' lang='grc' dir='ltr'><strong>οἷς</strong></span> 
     </span>
    </p>
   </div>
   <div class='ocr_carea' id='block_1_43' title="bbox 223 2707 1785 2797">
    <p class='ocr_par' dir='ltr' id='par_1_43' title="bbox 223 2707 1785 2797">
     <span class='ocr_line' id='line_1_43' title="bbox 223 2707 1785 2797; baseline 0.01 -35"><span class='ocrx_word' id='word_1_323' title='bbox 223 2707 327 2780; x_wconf 83' lang='grc' dir='ltr'>μὲν</span> <span class='ocrx_word' id='word_1_324' title='bbox 363 2711 763 2786; x_wconf 77' lang='grc' dir='ltr'>ἐδημιούργησε</span> <span class='ocrx_word' id='word_1_325' title='bbox 808 2716 1078 2771; x_wconf 84' lang='grc' dir='ltr'>ἐντέθεικε</span> <span class='ocrx_word' id='word_1_326' title='bbox 1120 2719 1181 2773; x_wconf 83' lang='grc' dir='ltr'><strong>τὸ</strong></span> <span class='ocrx_word' id='word_1_327' title='bbox 1226 2720 1385 2788; x_wconf 78' lang='grc' dir='ltr'>φύσει</span> <span class='ocrx_word' id='word_1_328' title='bbox 1427 2721 1520 2776; x_wconf 75' lang='grc' dir='ltr'>καὶ</span> <span class='ocrx_word' id='word_1_329' title='bbox 1572 2723 1785 2797; x_wconf 83' lang='grc' dir='ltr'>ἀνάγκῃ</span> 
     </span>
    </p>
   </div>
   <div class='ocr_carea' id='block_1_44' title="bbox 219 2797 1786 2879">
    <p class='ocr_par' dir='ltr' id='par_1_44' title="bbox 219 2797 1786 2879">
     <span class='ocr_line' id='line_1_44' title="bbox 219 2797 1786 2879; baseline 0.01 -26"><span class='ocrx_word' id='word_1_330' title='bbox 219 2797 363 2855; x_wconf 76' lang='grc' dir='ltr'>εἶναι</span> <span class='ocrx_word' id='word_1_331' title='bbox 404 2803 434 2857; x_wconf 83' lang='grc' dir='ltr'><strong><em>ὃ</em></strong></span> <span class='ocrx_word' id='word_1_332' title='bbox 495 2805 663 2858; x_wconf 84' lang='grc' dir='ltr'>εἰσιν·</span> <span class='ocrx_word' id='word_1_333' title='bbox 720 2806 869 2878; x_wconf 74' lang='grc' dir='ltr'>αὐτῷ</span> <span class='ocrx_word' id='word_1_334' title='bbox 928 2808 1111 2879; x_wconf 87' lang='grc' dir='ltr'>μέντοι</span> <span class='ocrx_word' id='word_1_335' title='bbox 1163 2811 1462 2867; x_wconf 78' lang='grc' dir='ltr'>ἐντέθεικεν</span> <span class='ocrx_word' id='word_1_336' title='bbox 1502 2814 1677 2879; x_wconf 78' lang='grc' dir='ltr'>οὐδεὶς</span> <span class='ocrx_word' id='word_1_337' title='bbox 1723 2815 1786 2869; x_wconf 82' lang='grc' dir='ltr'><strong>τὸ</strong></span> 
     </span>
    </p>
   </div>
   <div class='ocr_carea' id='block_1_45' title="bbox 220 2889 1786 2975">
    <p class='ocr_par' dir='ltr' id='par_1_45' title="bbox 220 2889 1786 2975">
     <span class='ocr_line' id='line_1_45' title="bbox 220 2889 1786 2975; baseline 0.011 -30"><span class='ocrx_word' id='word_1_338' title='bbox 220 2892 438 2965; x_wconf 80' lang='grc' dir='ltr'>ἀνάγκη</span> <span class='ocrx_word' id='word_1_339' title='bbox 469 2889 607 2949; x_wconf 83' lang='grc' dir='ltr'>εἶναι</span> <span class='ocrx_word' id='word_1_340' title='bbox 639 2896 909 2966; x_wconf 84' lang='grc' dir='ltr'>ἀλήθειαν.</span> <span class='ocrx_word' id='word_1_341' title='bbox 962 2899 1172 2954; x_wconf 80' lang='grc' dir='ltr'>Οὐκοῦν</span> <span class='ocrx_word' id='word_1_342' title='bbox 1210 2902 1422 2972; x_wconf 85' lang='grc' dir='ltr'>φύσεως</span> <span class='ocrx_word' id='word_1_343' title='bbox 1454 2904 1559 2975; x_wconf 84' lang='grc' dir='ltr'>μὲν</span> <span class='ocrx_word' id='word_1_344' title='bbox 1600 2906 1786 2962; x_wconf 84' lang='grc' dir='ltr'>ἐπάνω</span> 
     </span>
    </p>
   </div>
   <div class='ocr_carea' id='block_1_46' title="bbox 1889 1706 3441 1780">
    <p class='ocr_par' dir='ltr' id='par_1_46' title="bbox 1889 1706 3441 1780">
     <span class='ocr_line' id='line_1_46' title="bbox 1889 1706 3441 1780; baseline 0 -18"><span class='ocrx_word' id='word_1_345' title='bbox 1889 1706 2000 1763; x_wconf 92' lang='lat' dir='ltr'><strong>Deo</strong></span> <span class='ocrx_word' id='word_1_346' title='bbox 2033 1718 2209 1764; x_wconf 91' lang='lat' dir='ltr'><strong>autem</strong></span> <span class='ocrx_word' id='word_1_347' title='bbox 2244 1710 2501 1780; x_wconf 87' lang='lat' dir='ltr'><strong>quoniam</strong></span> <span class='ocrx_word' id='word_1_348' title='bbox 2539 1724 2817 1780; x_wconf 87' lang='lat' dir='ltr'><strong>nunquam</strong></span> <span class='ocrx_word' id='word_1_349' title='bbox 2865 1707 3064 1767; x_wconf 85' lang='lat' dir='ltr'><strong>accidit</strong></span> <span class='ocrx_word' id='word_1_350' title='bbox 3100 1707 3258 1772; x_wconf 83' lang='lat' dir='ltr'><strong>velle,</strong></span> <span class='ocrx_word' id='word_1_351' title='bbox 3303 1722 3441 1763; x_wconf 81' lang='lat' dir='ltr'><strong>con-</strong></span> 
     </span>
    </p>
   </div>
   <div class='ocr_carea' id='block_1_47' title="bbox 1888 1797 3439 1871">
    <p class='ocr_par' dir='ltr' id='par_1_47' title="bbox 1888 1797 3439 1871">
     <span class='ocr_line' id='line_1_47' title="bbox 1888 1797 3439 1871; baseline 0 -17"><span class='ocrx_word' id='word_1_352' title='bbox 1888 1797 2149 1855; x_wconf 85' lang='lat' dir='ltr'><strong>ﬁtendum</strong></span> <span class='ocrx_word' id='word_1_353' title='bbox 2190 1808 2274 1856; x_wconf 90' lang='lat' dir='ltr'><strong>est</strong></span> <span class='ocrx_word' id='word_1_354' title='bbox 2319 1816 2428 1856; x_wconf 92' lang='lat' dir='ltr'><strong>non</strong></span> <span class='ocrx_word' id='word_1_355' title='bbox 2473 1815 2634 1871; x_wconf 90' lang='lat' dir='ltr'><strong>posse</strong></span> <span class='ocrx_word' id='word_1_356' title='bbox 2670 1815 2795 1856; x_wconf 91' lang='lat' dir='ltr'><strong>eum</strong></span> <span class='ocrx_word' id='word_1_357' title='bbox 2827 1800 3079 1865; x_wconf 88' lang='lat' dir='ltr'><strong>mentiri;</strong></span> <span class='ocrx_word' id='word_1_358' title='bbox 3127 1800 3208 1855; x_wconf 85' lang='lat' dir='ltr'><strong>sic</strong></span> <span class='ocrx_word' id='word_1_359' title='bbox 3238 1806 3439 1863; x_wconf 89' lang='lat' dir='ltr'><strong>tamen,</strong></span> 
     </span>
    </p>
   </div>
   <div class='ocr_carea' id='block_1_48' title="bbox 1886 1890 3440 1966">
    <p class='ocr_par' dir='ltr' id='par_1_48' title="bbox 1886 1890 3440 1966">
     <span class='ocr_line' id='line_1_48' title="bbox 1886 1890 3440 1966; baseline 0.001 -21"><span class='ocrx_word' id='word_1_360' title='bbox 1886 1890 2014 1963; x_wconf 86' lang='lat' dir='ltr'><strong>quia</strong></span> <span class='ocrx_word' id='word_1_361' title='bbox 2045 1892 2253 1948; x_wconf 90' lang='lat' dir='ltr'><strong>scilicet</strong></span> <span class='ocrx_word' id='word_1_362' title='bbox 2274 1907 2382 1947; x_wconf 90' lang='lat' dir='ltr'><strong>non</strong></span> <span class='ocrx_word' id='word_1_363' title='bbox 2411 1900 2586 1966; x_wconf 88' lang='lat' dir='ltr'><strong>potest</strong></span> <span class='ocrx_word' id='word_1_364' title='bbox 2617 1893 2788 1960; x_wconf 85' lang='lat' dir='ltr'><strong>velle;</strong></span> <span class='ocrx_word' id='word_1_365' title='bbox 2824 1907 2935 1947; x_wconf 89' lang='lat' dir='ltr'><strong>non</strong></span> <span class='ocrx_word' id='word_1_366' title='bbox 2970 1900 3150 1947; x_wconf 89' lang='lat' dir='ltr'><strong>autem</strong></span> <span class='ocrx_word' id='word_1_367' title='bbox 3180 1894 3309 1964; x_wconf 91' lang='lat' dir='ltr'><strong>quia</strong></span> <span class='ocrx_word' id='word_1_368' title='bbox 3331 1907 3440 1947; x_wconf 87' lang='lat' dir='ltr'><strong>non</strong></span> 
     </span>
    </p>
   </div>
   <div class='ocr_carea' id='block_1_49' title="bbox 1886 1984 3440 2059">
    <p class='ocr_par' dir='ltr' id='par_1_49' title="bbox 1886 1984 3440 2059">
     <span class='ocr_line' id='line_1_49' title="bbox 1886 1984 3440 2059; baseline 0.001 -20"><span class='ocrx_word' id='word_1_369' title='bbox 1886 1994 2064 2056; x_wconf 81' lang='lat' dir='ltr'><strong>potest</strong></span> <span class='ocrx_word' id='word_1_370' title='bbox 2096 1986 2165 2042; x_wconf 88' lang='lat' dir='ltr'><strong>ad</strong></span> <span class='ocrx_word' id='word_1_371' title='bbox 2214 1989 2386 2045; x_wconf 85' lang='lat' dir='ltr'><strong>instar</strong></span> <span class='ocrx_word' id='word_1_372' title='bbox 2428 1988 2550 2059; x_wconf 87' lang='lat' dir='ltr'><strong>ejus</strong></span> <span class='ocrx_word' id='word_1_373' title='bbox 2591 1986 2680 2043; x_wconf 88' lang='lat' dir='ltr'><strong>cui</strong></span> <span class='ocrx_word' id='word_1_374' title='bbox 2710 1993 2795 2042; x_wconf 90' lang='lat' dir='ltr'><strong>est</strong></span> <span class='ocrx_word' id='word_1_375' title='bbox 2833 1985 3121 2042; x_wconf 88' lang='lat' dir='ltr'><strong>inﬁrmitas</strong></span> <span class='ocrx_word' id='word_1_376' title='bbox 3168 1992 3223 2041; x_wconf 93' lang='lat' dir='ltr'><strong>et</strong></span> <span class='ocrx_word' id='word_1_377' title='bbox 3259 1984 3440 2040; x_wconf 74' lang='lat' dir='ltr'><strong>deﬁcit</strong></span> 
     </span>
    </p>
   </div>
   <div class='ocr_carea' id='block_1_50' title="bbox 1884 2076 3438 2149">
    <p class='ocr_par' dir='ltr' id='par_1_50' title="bbox 1884 2076 3438 2149">
     <span class='ocr_line' id='line_1_50' title="bbox 1884 2076 3438 2149; baseline 0.001 -17"><span class='ocrx_word' id='word_1_378' title='bbox 1884 2080 2171 2148; x_wconf 83' lang='lat' dir='ltr'><strong>potestas:</strong></span> <span class='ocrx_word' id='word_1_379' title='bbox 2215 2088 2518 2136; x_wconf 89' lang='lat' dir='ltr'><strong>creaturam</strong></span> <span class='ocrx_word' id='word_1_380' title='bbox 2549 2079 2692 2135; x_wconf 89' lang='lat' dir='ltr'><strong>enim</strong></span> <span class='ocrx_word' id='word_1_381' title='bbox 2733 2077 2984 2149; x_wconf 87' lang='lat' dir='ltr'><strong>impediri</strong></span> <span class='ocrx_word' id='word_1_382' title='bbox 3037 2084 3093 2133; x_wconf 91' lang='lat' dir='ltr'><strong>et</strong></span> <span class='ocrx_word' id='word_1_383' title='bbox 3139 2076 3438 2148; x_wconf 79' lang='lat' dir='ltr'><strong>constringi</strong></span> 
     </span>
    </p>
   </div>
   <div class='ocr_carea' id='block_1_51' title="bbox 1884 2169 3439 2243">
    <p class='ocr_par' dir='ltr' id='par_1_51' title="bbox 1884 2169 3439 2243">
     <span class='ocr_line' id='line_1_51' title="bbox 1884 2169 3439 2243; baseline 0 -20"><span class='ocrx_word' id='word_1_384' title='bbox 1884 2178 2099 2237; x_wconf 86' lang='lat' dir='ltr'><strong>natura,</strong></span> <span class='ocrx_word' id='word_1_385' title='bbox 2133 2172 2335 2235; x_wconf 89' lang='lat' dir='ltr'><strong>lumen,</strong></span> <span class='ocrx_word' id='word_1_386' title='bbox 2363 2171 2607 2243; x_wconf 88' lang='lat' dir='ltr'><strong>inquam,</strong></span> <span class='ocrx_word' id='word_1_387' title='bbox 2638 2185 2957 2241; x_wconf 90' lang='lat' dir='ltr'><strong>corporeum</strong></span> <span class='ocrx_word' id='word_1_388' title='bbox 2983 2185 3094 2224; x_wconf 89' lang='lat' dir='ltr'><strong>non</strong></span> <span class='ocrx_word' id='word_1_389' title='bbox 3124 2169 3323 2224; x_wconf 79' lang='lat' dir='ltr'><strong>habere</strong></span> <span class='ocrx_word' id='word_1_390' title='bbox 3344 2183 3439 2240; x_wconf 84' lang='lat' dir='ltr'><strong>pe-</strong></span> 
     </span>
    </p>
   </div>
   <div class='ocr_carea' id='block_1_52' title="bbox 1884 2261 3436 2333">
    <p class='ocr_par' dir='ltr' id='par_1_52' title="bbox 1884 2261 3436 2333">
     <span class='ocr_line' id='line_1_52' title="bbox 1884 2261 3436 2333; baseline 0.001 -17"><span class='ocrx_word' id='word_1_391' title='bbox 1884 2277 1982 2317; x_wconf 88' lang='lat' dir='ltr'><strong>nes</strong></span> <span class='ocrx_word' id='word_1_392' title='bbox 2004 2276 2063 2317; x_wconf 90' lang='lat' dir='ltr'><strong>se</strong></span> <span class='ocrx_word' id='word_1_393' title='bbox 2088 2301 2104 2328; x_wconf 92' lang='lat'><strong>,</strong></span> <span class='ocrx_word' id='word_1_394' title='bbox 2141 2271 2200 2317; x_wconf 93' lang='lat' dir='ltr'><strong>ut</strong></span> <span class='ocrx_word' id='word_1_395' title='bbox 2233 2263 2305 2319; x_wconf 89' lang='lat' dir='ltr'><strong>sit</strong></span> <span class='ocrx_word' id='word_1_396' title='bbox 2336 2264 2542 2331; x_wconf 88' lang='lat' dir='ltr'><strong>lumen,</strong></span> <span class='ocrx_word' id='word_1_397' title='bbox 2584 2261 2679 2319; x_wconf 90' lang='lat' dir='ltr'><strong>sed</strong></span> <span class='ocrx_word' id='word_1_398' title='bbox 2711 2277 2875 2333; x_wconf 89' lang='lat' dir='ltr'><strong>penes</strong></span> <span class='ocrx_word' id='word_1_399' title='bbox 2905 2269 3181 2317; x_wconf 83' lang='lat' dir='ltr'><strong>auctorem</strong></span> <span class='ocrx_word' id='word_1_400' title='bbox 3213 2261 3436 2317; x_wconf 83' lang='lat' dir='ltr'><strong>luminis</strong></span> 
     </span>
    </p>
   </div>
   <div class='ocr_carea' id='block_1_53' title="bbox 1882 2350 3437 2419">
    <p class='ocr_par' dir='ltr' id='par_1_53' title="bbox 1882 2350 3437 2419">
     <span class='ocr_line' id='line_1_53' title="bbox 1882 2350 3437 2419; baseline -0.001 -11"><span class='ocrx_word' id='word_1_401' title='bbox 1882 2367 2023 2418; x_wconf 88' lang='lat' dir='ltr'><strong>esse,</strong></span> <span class='ocrx_word' id='word_1_402' title='bbox 2050 2367 2161 2408; x_wconf 89' lang='lat' dir='ltr'><strong>non</strong></span> <span class='ocrx_word' id='word_1_403' title='bbox 2194 2361 2275 2409; x_wconf 90' lang='lat' dir='ltr'><strong>est</strong></span> <span class='ocrx_word' id='word_1_404' title='bbox 2309 2354 2546 2408; x_wconf 89' lang='lat' dir='ltr'><strong>alienum</strong></span> <span class='ocrx_word' id='word_1_405' title='bbox 2580 2368 2613 2408; x_wconf 90' lang='lat' dir='ltr'><strong>a</strong></span> <span class='ocrx_word' id='word_1_406' title='bbox 2642 2354 2856 2409; x_wconf 86' lang='lat' dir='ltr'><strong>ratione</strong></span> <span class='ocrx_word' id='word_1_407' title='bbox 2883 2352 2964 2411; x_wconf 91' lang='lat' dir='ltr'><strong>sic</strong></span> <span class='ocrx_word' id='word_1_408' title='bbox 2994 2350 3218 2419; x_wconf 89' lang='lat' dir='ltr'><strong>dicere;</strong></span> <span class='ocrx_word' id='word_1_409' title='bbox 3247 2360 3437 2406; x_wconf 89' lang='lat' dir='ltr'><strong>aucto-</strong></span> 
     </span>
    </p>
   </div>
   <div class='ocr_carea' id='block_1_54' title="bbox 1882 2443 3439 2514">
    <p class='ocr_par' dir='ltr' id='par_1_54' title="bbox 1882 2443 3439 2514">
     <span class='ocr_line' id='line_1_54' title="bbox 1882 2443 3439 2514; baseline 0.002 -17"><span class='ocrx_word' id='word_1_410' title='bbox 1882 2458 1998 2499; x_wconf 91' lang='lat' dir='ltr'><strong>rem</strong></span> <span class='ocrx_word' id='word_1_411' title='bbox 2026 2459 2157 2499; x_wconf 82' lang='lat' dir='ltr'><strong>vero</strong></span> <span class='ocrx_word' id='word_1_412' title='bbox 2180 2444 2484 2514; x_wconf 89' lang='lat' dir='ltr'><strong>subjectum</strong></span> <span class='ocrx_word' id='word_1_413' title='bbox 2511 2460 2633 2501; x_wconf 90' lang='lat' dir='ltr'><strong>esse</strong></span> <span class='ocrx_word' id='word_1_414' title='bbox 2662 2443 2973 2501; x_wconf 89' lang='lat' dir='ltr'><strong>necessitati</strong></span> <span class='ocrx_word' id='word_1_415' title='bbox 3017 2451 3247 2509; x_wconf 70' lang='lat' dir='ltr'><strong>naturas,</strong></span> <span class='ocrx_word' id='word_1_416' title='bbox 3284 2443 3439 2500; x_wconf 84' lang='lat' dir='ltr'><strong>valde</strong></span> 
     </span>
    </p>
   </div>
   <div class='ocr_carea' id='block_1_55' title="bbox 1881 2532 3440 2606">
    <p class='ocr_par' dir='ltr' id='par_1_55' title="bbox 1881 2532 3440 2606">
     <span class='ocr_line' id='line_1_55' title="bbox 1881 2532 3440 2606; baseline 0.003 -21"><span class='ocrx_word' id='word_1_417' title='bbox 1881 2532 2179 2588; x_wconf 86' lang='lat' dir='ltr'><strong>absurdum</strong></span> <span class='ocrx_word' id='word_1_418' title='bbox 2219 2542 2304 2590; x_wconf 85' lang='lat' dir='ltr'><strong>est</strong></span> <span class='ocrx_word' id='word_1_419' title='bbox 2340 2533 2615 2606; x_wconf 78' lang='lat' dir='ltr'><strong>cogitare;</strong></span> <span class='ocrx_word' id='word_1_420' title='bbox 2651 2540 2711 2589; x_wconf 85' lang='lat' dir='ltr'><strong>ut</strong></span> <span class='ocrx_word' id='word_1_421' title='bbox 2752 2549 2861 2589; x_wconf 85' lang='lat' dir='ltr'><strong>non</strong></span> <span class='ocrx_word' id='word_1_422' title='bbox 2887 2533 3135 2590; x_wconf 87' lang='lat' dir='ltr'><strong>videatur</strong></span> <span class='ocrx_word' id='word_1_423' title='bbox 3161 2550 3325 2605; x_wconf 84' lang='lat' dir='ltr'><strong>penes</strong></span> <span class='ocrx_word' id='word_1_424' title='bbox 3357 2534 3440 2604; x_wconf 88' lang='lat' dir='ltr'><strong>ip-</strong></span> 
     </span>
    </p>
   </div>
   <div class='ocr_carea' id='block_1_56' title="bbox 1884 2624 3435 2694">
    <p class='ocr_par' dir='ltr' id='par_1_56' title="bbox 1884 2624 3435 2694">
     <span class='ocr_line' id='line_1_56' title="bbox 1884 2624 3435 2694; baseline 0.001 -16"><span class='ocrx_word' id='word_1_425' title='bbox 1884 2638 2003 2678; x_wconf 91' lang='lat' dir='ltr'><strong>sum</strong></span> <span class='ocrx_word' id='word_1_426' title='bbox 2037 2639 2159 2679; x_wconf 90' lang='lat' dir='ltr'><strong>esse</strong></span> <span class='ocrx_word' id='word_1_427' title='bbox 2190 2640 2379 2680; x_wconf 91' lang='lat' dir='ltr'><strong>verum</strong></span> <span class='ocrx_word' id='word_1_428' title='bbox 2408 2626 2608 2689; x_wconf 86' lang='lat' dir='ltr'><strong>dicere,</strong></span> <span class='ocrx_word' id='word_1_429' title='bbox 2629 2624 2724 2681; x_wconf 91' lang='lat' dir='ltr'><strong>sed</strong></span> <span class='ocrx_word' id='word_1_430' title='bbox 2752 2639 2784 2679; x_wconf 91' lang='lat' dir='ltr'><strong>a</strong></span> <span class='ocrx_word' id='word_1_431' title='bbox 2813 2634 3007 2680; x_wconf 87' lang='lat' dir='ltr'><strong>natura</strong></span> <span class='ocrx_word' id='word_1_432' title='bbox 3036 2640 3133 2694; x_wconf 89' lang='lat' dir='ltr'><strong>per</strong></span> <span class='ocrx_word' id='word_1_433' title='bbox 3160 2625 3270 2680; x_wconf 89' lang='lat' dir='ltr'><strong>vim</strong></span> <span class='ocrx_word' id='word_1_434' title='bbox 3292 2626 3435 2694; x_wconf 80' lang='lat' dir='ltr'><strong>cogi,</strong></span> 
     </span>
    </p>
   </div>
   <div class='ocr_carea' id='block_1_57' title="bbox 1882 2714 3437 2787">
    <p class='ocr_par' dir='ltr' id='par_1_57' title="bbox 1882 2714 3437 2787">
     <span class='ocr_line' id='line_1_57' title="bbox 1882 2714 3437 2787; baseline 0.003 -19"><span class='ocrx_word' id='word_1_435' title='bbox 1882 2729 2007 2769; x_wconf 89' lang='lat' dir='ltr'><strong>cum</strong></span> <span class='ocrx_word' id='word_1_436' title='bbox 2040 2714 2240 2786; x_wconf 89' lang='lat' dir='ltr'><strong>alioqui</strong></span> <span class='ocrx_word' id='word_1_437' title='bbox 2268 2717 2446 2787; x_wconf 83' lang='lat' dir='ltr'><strong>ipsum</strong></span> <span class='ocrx_word' id='word_1_438' title='bbox 2471 2716 2645 2772; x_wconf 90' lang='lat' dir='ltr'><strong>solum</strong></span> <span class='ocrx_word' id='word_1_439' title='bbox 2677 2717 2769 2783; x_wconf 87' lang='lat' dir='ltr'><strong>sit,</strong></span> <span class='ocrx_word' id='word_1_440' title='bbox 2795 2716 2938 2787; x_wconf 90' lang='lat' dir='ltr'><strong>quod</strong></span> <span class='ocrx_word' id='word_1_441' title='bbox 2963 2716 3179 2786; x_wconf 86' lang='lat' dir='ltr'><strong>quidem</strong></span> <span class='ocrx_word' id='word_1_442' title='bbox 3216 2726 3318 2771; x_wconf 88' lang='lat' dir='ltr'><strong>est.</strong></span> <span class='ocrx_word' id='word_1_443' title='bbox 3364 2714 3437 2773; x_wconf 76' lang='lat' dir='ltr'><strong>[is</strong></span> 
     </span>
    </p>
   </div>
   <div class='ocr_carea' id='block_1_58' title="bbox 1881 2806 3439 2879">
    <p class='ocr_par' dir='ltr' id='par_1_58' title="bbox 1881 2806 3439 2879">
     <span class='ocr_line' id='line_1_58' title="bbox 1881 2806 3439 2879; baseline 0 -18"><span class='ocrx_word' id='word_1_444' title='bbox 1881 2813 2063 2863; x_wconf 89' lang='lat' dir='ltr'><strong>tamen</strong></span> <span class='ocrx_word' id='word_1_445' title='bbox 2092 2823 2212 2878; x_wconf 77' lang='lat' dir='ltr'><strong>qua:</strong></span> <span class='ocrx_word' id='word_1_446' title='bbox 2237 2807 2463 2875; x_wconf 86' lang='lat' dir='ltr'><strong>creavit,</strong></span> <span class='ocrx_word' id='word_1_447' title='bbox 2499 2808 2778 2879; x_wconf 91' lang='lat' dir='ltr'><strong>imposuit,</strong></span> <span class='ocrx_word' id='word_1_448' title='bbox 2804 2815 2864 2863; x_wconf 90' lang='lat' dir='ltr'><strong>ut</strong></span> <span class='ocrx_word' id='word_1_449' title='bbox 2891 2815 3082 2862; x_wconf 85' lang='lat' dir='ltr'><strong>natura</strong></span> <span class='ocrx_word' id='word_1_450' title='bbox 3115 2816 3169 2864; x_wconf 89' lang='lat' dir='ltr'><strong>et</strong></span> <span class='ocrx_word' id='word_1_451' title='bbox 3196 2806 3439 2864; x_wconf 84' lang='lat' dir='ltr'><strong>necessi-</strong></span> 
     </span>
    </p>
   </div>
   <div class='ocr_carea' id='block_1_59' title="bbox 1889 2899 3435 2971">
    <p class='ocr_par' dir='ltr' id='par_1_59' title="bbox 1889 2899 3435 2971">
     <span class='ocr_line' id='line_1_59' title="bbox 1889 2899 3435 2971; baseline 0.001 -19"><span class='ocrx_word' id='word_1_452' title='bbox 1889 2906 1998 2954; x_wconf 89' lang='lat' dir='ltr'><strong>tate</strong></span> <span class='ocrx_word' id='word_1_453' title='bbox 2028 2908 2213 2956; x_wconf 86' lang='lat' dir='ltr'><strong>essent</strong></span> <span class='ocrx_word' id='word_1_454' title='bbox 2243 2899 2389 2971; x_wconf 88' lang='lat' dir='ltr'><strong>quod</strong></span> <span class='ocrx_word' id='word_1_455' title='bbox 2421 2907 2571 2957; x_wconf 89' lang='lat' dir='ltr'><strong>sunt.</strong></span> <span class='ocrx_word' id='word_1_456' title='bbox 2621 2899 2730 2956; x_wconf 85' lang='lat' dir='ltr'><strong>Deo</strong></span> <span class='ocrx_word' id='word_1_457' title='bbox 2756 2907 2939 2955; x_wconf 87' lang='lat' dir='ltr'><strong>tamen</strong></span> <span class='ocrx_word' id='word_1_458' title='bbox 2970 2914 3132 2955; x_wconf 91' lang='lat' dir='ltr'><strong>nemo</strong></span> <span class='ocrx_word' id='word_1_459' title='bbox 3159 2899 3435 2970; x_wconf 89' lang='lat' dir='ltr'><strong>imposuit,</strong></span> 
     </span>
    </p>
   </div>
   <div class='ocr_carea' id='block_1_60' title="bbox 217 2979 1785 3068">
    <p class='ocr_par' dir='ltr' id='par_1_60' title="bbox 217 2981 1785 3068">
     <span class='ocr_line' id='line_1_60' title="bbox 217 2981 1785 3068; baseline 0.01 -32"><span class='ocrx_word' id='word_1_460' title='bbox 217 2984 251 3037; x_wconf 75' lang='grc' dir='ltr'><strong>ὁ</strong></span> <span class='ocrx_word' id='word_1_461' title='bbox 283 2981 472 3052; x_wconf 79' lang='grc' dir='ltr'>φύσεις</span> <span class='ocrx_word' id='word_1_462' title='bbox 500 2988 1044 3060; x_wconf 78' lang='grc' dir='ltr'>κατασκευασάμενος</span> <span class='ocrx_word' id='word_1_463' title='bbox 1062 3005 1077 3019; x_wconf 83' lang='lat'><strong>&#39;</strong></span> <span class='ocrx_word' id='word_1_464' title='bbox 1114 2992 1275 3056; x_wconf 71' lang='grc' dir='ltr'>αὐτὸς</span> <span class='ocrx_word' id='word_1_465' title='bbox 1300 2993 1355 3047; x_wconf 84' lang='grc' dir='ltr'><strong>δέ</strong></span> <span class='ocrx_word' id='word_1_466' title='bbox 1380 2995 1593 3064; x_wconf 85' lang='grc' dir='ltr'>φύσεως</span> <span class='ocrx_word' id='word_1_467' title='bbox 1618 2998 1785 3068; x_wconf 83' lang='grc' dir='ltr'>ἀνάγ-</span> 
     </span>
    </p>
   </div>
   <div class='ocr_carea' id='block_1_61' title="bbox 1890 2979 3440 3068">
    <p class='ocr_par' dir='ltr' id='par_1_61' title="bbox 1890 2987 3440 3061">
     <span class='ocr_line' id='line_1_61' title="bbox 1890 2987 3440 3061; baseline 0 -16"><span class='ocrx_word' id='word_1_468' title='bbox 1890 2998 1944 3045; x_wconf 85' lang='grc' dir='ltr'><strong>ιιι</strong></span> <span class='ocrx_word' id='word_1_469' title='bbox 1984 2991 2310 3046; x_wconf 89' lang='lat' dir='ltr'><strong>necessitate</strong></span> <span class='ocrx_word' id='word_1_470' title='bbox 2341 2998 2551 3046; x_wconf 62' lang='lat' dir='ltr'><strong>natura:</strong></span> <span class='ocrx_word' id='word_1_471' title='bbox 2576 2997 2723 3046; x_wconf 89' lang='lat' dir='ltr'><strong>esset</strong></span> <span class='ocrx_word' id='word_1_472' title='bbox 2739 2990 2959 3046; x_wconf 83' lang='lat' dir='ltr'><strong>veritas.</strong></span> <span class='ocrx_word' id='word_1_473' title='bbox 2991 2987 3166 3061; x_wconf 88' lang='lat' dir='ltr'><strong>Supra</strong></span> <span class='ocrx_word' id='word_1_474' title='bbox 3190 2999 3440 3045; x_wconf 86' lang='lat' dir='ltr'><strong>naturam</strong></span> 
     </span>
    </p>
   </div>
   <div class='ocr_carea' id='block_1_62' title="bbox 219 3075 1785 3221">
    <p class='ocr_par' dir='ltr' id='par_1_62' title="bbox 219 3075 1785 3221">
     <span class='ocr_line' id='line_1_62' title="bbox 219 3075 1785 3221; baseline 0.01 -93"><span class='ocrx_word' id='word_1_475' title='bbox 219 3092 328 3221; x_wconf 49' lang='grc' dir='ltr'><strong>ἕξις</strong></span> <span class='ocrx_word' id='word_1_476' title='bbox 351 3075 662 3148; x_wconf 84' lang='grc' dir='ltr'>ἐλεύθερος·</span> <span class='ocrx_word' id='word_1_477' title='bbox 705 3078 850 3135; x_wconf 75' lang='grc' dir='ltr'>οὕτω</span> <span class='ocrx_word' id='word_1_478' title='bbox 879 3080 988 3155; x_wconf 86' lang='grc' dir='ltr'>γὰρ</span> <span class='ocrx_word' id='word_1_479' title='bbox 1018 3082 1234 3156; x_wconf 80' lang='grc' dir='ltr'>ἀληθῶς</span> <span class='ocrx_word' id='word_1_480' title='bbox 1276 3086 1479 3155; x_wconf 82' lang='grc' dir='ltr'>ἀγαθὸς</span> <span class='ocrx_word' id='word_1_481' title='bbox 1518 3088 1785 3163; x_wconf 80' lang='grc' dir='ltr'>ὁμολογη-</span> 
     </span>
     <span class='ocr_line' id='line_1_63' title="bbox 279 3184 462 3221; baseline 0 0"><span class='ocrx_word' id='word_1_482' title='bbox 279 3184 462 3221; x_wconf 77' lang='grc' dir='ltr'><strong>Δσεται.</strong></span> 
     </span>
    </p>
   </div>
   <div class='ocr_carea' id='block_1_63' title="bbox 276 3184 462 3240">
    <p class='ocr_par' dir='ltr' id='par_1_63' title="bbox 276 3184 462 3240">
     <span class='ocr_line' id='line_1_64' title="bbox 276 3184 462 3240; baseline 0 -18"><span class='ocrx_word' id='word_1_483' title='bbox 276 3184 462 3240; x_wconf 64' lang='lat' dir='ltr'><strong>gustat.</strong></span> 
     </span>
    </p>
   </div>
   <div class='ocr_carea' id='block_1_64' title="bbox 291 3343 1781 3419">
    <p class='ocr_par' dir='ltr' id='par_1_64' title="bbox 291 3343 1781 3419">
     <span class='ocr_line' id='line_1_65' title="bbox 291 3343 1781 3419; baseline 0.008 -21"><span class='ocrx_word' id='word_1_484' title='bbox 291 3343 501 3399; x_wconf 79' lang='grc' dir='ltr'>Οὐκοῦν</span> <span class='ocrx_word' id='word_1_485' title='bbox 525 3344 612 3400; x_wconf 82' lang='grc' dir='ltr'>διὰ</span> <span class='ocrx_word' id='word_1_486' title='bbox 641 3345 747 3401; x_wconf 85' lang='grc' dir='ltr'>τῶν</span> <span class='ocrx_word' id='word_1_487' title='bbox 771 3347 1074 3419; x_wconf 77' lang='grc' dir='ltr'>εἰρημένων</span> <span class='ocrx_word' id='word_1_488' title='bbox 1109 3348 1239 3402; x_wconf 78' lang='grc' dir='ltr'>αὐτὸ</span> <span class='ocrx_word' id='word_1_489' title='bbox 1269 3348 1464 3419; x_wconf 80' lang='grc' dir='ltr'>ψεῦδος</span> <span class='ocrx_word' id='word_1_490' title='bbox 1493 3351 1594 3406; x_wconf 80' lang='grc' dir='ltr'><strong>οὐκ</strong></span> <span class='ocrx_word' id='word_1_491' title='bbox 1630 3353 1781 3410; x_wconf 75' lang='grc' dir='ltr'>ἐστι’</span> 
     </span>
    </p>
   </div>
   <div class='ocr_carea' id='block_1_65' title="bbox 214 3435 1783 3515">
    <p class='ocr_par' dir='ltr' id='par_1_65' title="bbox 214 3435 1783 3515">
     <span class='ocr_line' id='line_1_66' title="bbox 214 3435 1783 3515; baseline 0.008 -26"><span class='ocrx_word' id='word_1_492' title='bbox 214 3435 458 3508; x_wconf 76' lang='grc' dir='ltr'>ψεύστης</span> <span class='ocrx_word' id='word_1_493' title='bbox 489 3436 547 3491; x_wconf 86' lang='grc' dir='ltr'>δὲ</span> <span class='ocrx_word' id='word_1_494' title='bbox 589 3440 619 3492; x_wconf 87' lang='grc' dir='ltr'><strong>ό</strong></span> <span class='ocrx_word' id='word_1_495' title='bbox 667 3438 1027 3512; x_wconf 79' lang='grc' dir='ltr'>ψευδόμενος·</span> <span class='ocrx_word' id='word_1_496' title='bbox 1077 3441 1185 3496; x_wconf 83' lang='grc' dir='ltr'><strong>ἀπὸ</strong></span> <span class='ocrx_word' id='word_1_497' title='bbox 1209 3440 1318 3514; x_wconf 85' lang='grc' dir='ltr'>γὰρ</span> <span class='ocrx_word' id='word_1_498' title='bbox 1364 3442 1459 3497; x_wconf 90' lang='grc' dir='ltr'><strong>τοῦ</strong></span> <span class='ocrx_word' id='word_1_499' title='bbox 1510 3446 1783 3515; x_wconf 86' lang='grc' dir='ltr'>μετιόντος</span> 
     </span>
    </p>
   </div>
   <div class='ocr_carea' id='block_1_66' title="bbox 218 3527 1778 3608">
    <p class='ocr_par' dir='ltr' id='par_1_66' title="bbox 218 3527 1778 3608">
     <span class='ocr_line' id='line_1_67' title="bbox 218 3527 1778 3608; baseline 0.008 -27"><span class='ocrx_word' id='word_1_500' title='bbox 218 3527 496 3597; x_wconf 87' lang='grc' dir='ltr'>καλεῖται,</span> <span class='ocrx_word' id='word_1_501' title='bbox 539 3531 636 3602; x_wconf 84' lang='grc' dir='ltr'><strong>οὐχ</strong></span> <span class='ocrx_word' id='word_1_502' title='bbox 676 3533 706 3585; x_wconf 86' lang='grc' dir='ltr'><strong>ό</strong></span> <span class='ocrx_word' id='word_1_503' title='bbox 753 3532 1144 3604; x_wconf 84' lang='grc' dir='ltr'>μετερχόμενος</span> <span class='ocrx_word' id='word_1_504' title='bbox 1191 3533 1298 3587; x_wconf 84' lang='grc' dir='ltr'><strong>ἀπὸ</strong></span> <span class='ocrx_word' id='word_1_505' title='bbox 1338 3532 1432 3587; x_wconf 89' lang='grc' dir='ltr'><strong>τοῦ</strong></span> <span class='ocrx_word' id='word_1_506' title='bbox 1488 3537 1562 3608; x_wconf 82' lang='grc' dir='ltr'>μὴ</span> <span class='ocrx_word' id='word_1_507' title='bbox 1610 3537 1778 3603; x_wconf 73' lang='grc' dir='ltr'>ὄντος.</span> 
     </span>
    </p>
   </div>
   <div class='ocr_carea' id='block_1_67' title="bbox 216 3620 1778 3703">
    <p class='ocr_par' dir='ltr' id='par_1_67' title="bbox 216 3620 1778 3703">
     <span class='ocr_line' id='line_1_68' title="bbox 216 3620 1778 3703; baseline 0.006 -29"><span class='ocrx_word' id='word_1_508' title='bbox 216 3620 429 3686; x_wconf 76' lang='grc' dir='ltr'>Ψεῦδος</span> <span class='ocrx_word' id='word_1_509' title='bbox 466 3622 576 3694; x_wconf 84' lang='grc' dir='ltr'><strong>γὰρ</strong></span> <span class='ocrx_word' id='word_1_510' title='bbox 607 3623 713 3695; x_wconf 81' lang='grc' dir='ltr'>πρὸ</span> <span class='ocrx_word' id='word_1_511' title='bbox 746 3625 839 3678; x_wconf 89' lang='grc' dir='ltr'><strong>τοῦ</strong></span> <span class='ocrx_word' id='word_1_512' title='bbox 889 3626 1230 3691; x_wconf 80' lang='grc' dir='ltr'>ἐπινοοῦντος</span> <span class='ocrx_word' id='word_1_513' title='bbox 1267 3627 1399 3681; x_wconf 85' lang='grc' dir='ltr'><strong>αὐτό</strong></span> <span class='ocrx_word' id='word_1_514' title='bbox 1435 3629 1535 3682; x_wconf 82' lang='grc' dir='ltr'>οὐκ</span> <span class='ocrx_word' id='word_1_515' title='bbox 1567 3630 1632 3684; x_wconf 85' lang='grc' dir='ltr'><strong>ἂν</strong></span> <span class='ocrx_word' id='word_1_516' title='bbox 1661 3631 1778 3703; x_wconf 79' lang='grc' dir='ltr'>εἴη·</span> 
     </span>
    </p>
   </div>
   <div class='ocr_carea' id='block_1_68' title="bbox 218 3713 1778 3794">
    <p class='ocr_par' dir='ltr' id='par_1_68' title="bbox 218 3713 1778 3794">
     <span class='ocr_line' id='line_1_69' title="bbox 218 3713 1778 3794; baseline 0.006 -28"><span class='ocrx_word' id='word_1_517' title='bbox 218 3713 613 3784; x_wconf 75' lang='grc' dir='ltr'>παραπλησίως</span> <span class='ocrx_word' id='word_1_518' title='bbox 643 3716 700 3769; x_wconf 82' lang='grc' dir='ltr'>δὲ</span> <span class='ocrx_word' id='word_1_519' title='bbox 731 3717 822 3770; x_wconf 78' lang='grc' dir='ltr'><strong>καὶ</strong></span> <span class='ocrx_word' id='word_1_520' title='bbox 861 3718 1050 3782; x_wconf 83' lang='grc' dir='ltr'>σκότος</span> <span class='ocrx_word' id='word_1_521' title='bbox 1077 3720 1140 3772; x_wconf 83' lang='grc' dir='ltr'><strong>οὐ</strong></span> <span class='ocrx_word' id='word_1_522' title='bbox 1172 3717 1627 3793; x_wconf 86' lang='grc' dir='ltr'>δεδημιούργηται</span> <span class='ocrx_word' id='word_1_523' title='bbox 1659 3722 1778 3794; x_wconf 80' lang='grc' dir='ltr'>μὲν,</span> 
     </span>
    </p>
   </div>
   <div class='ocr_carea' id='block_1_69' title="bbox 1883 3080 3440 3155">
    <p class='ocr_par' dir='ltr' id='par_1_69' title="bbox 1883 3080 3440 3155">
     <span class='ocr_line' id='line_1_70' title="bbox 1883 3080 3440 3155; baseline -0.001 -19"><span class='ocrx_word' id='word_1_524' title='bbox 1883 3082 2048 3153; x_wconf 75' lang='lat' dir='ltr'><strong>igitur</strong></span> <span class='ocrx_word' id='word_1_525' title='bbox 2075 3089 2180 3145; x_wconf 89' lang='lat' dir='ltr'><strong>est,</strong></span> <span class='ocrx_word' id='word_1_526' title='bbox 2223 3083 2318 3155; x_wconf 88' lang='lat' dir='ltr'><strong>qui</strong></span> <span class='ocrx_word' id='word_1_527' title='bbox 2350 3091 2575 3138; x_wconf 87' lang='lat' dir='ltr'><strong>naturas</strong></span> <span class='ocrx_word' id='word_1_528' title='bbox 2618 3080 2933 3137; x_wconf 71' lang='lat' dir='ltr'><strong>fabricatuso</strong></span> <span class='ocrx_word' id='word_1_529' title='bbox 2953 3090 3076 3150; x_wconf 90' lang='lat' dir='ltr'><strong>est;</strong></span> <span class='ocrx_word' id='word_1_530' title='bbox 3119 3081 3234 3152; x_wconf 91' lang='lat' dir='ltr'><strong>ipse</strong></span> <span class='ocrx_word' id='word_1_531' title='bbox 3259 3090 3440 3136; x_wconf 85' lang='lat' dir='ltr'><strong>autem</strong></span> 
     </span>
    </p>
   </div>
   <div class='ocr_carea' id='block_1_70' title="bbox 1882 3171 3440 3230">
    <p class='ocr_par' dir='ltr' id='par_1_70' title="bbox 1882 3171 3440 3230">
     <span class='ocr_line' id='line_1_71' title="bbox 1882 3171 3440 3230; baseline 0 -2"><span class='ocrx_word' id='word_1_532' title='bbox 1882 3175 2019 3230; x_wconf 88' lang='lat' dir='ltr'><strong>liber</strong></span> <span class='ocrx_word' id='word_1_533' title='bbox 2046 3181 2133 3230; x_wconf 89' lang='lat' dir='ltr'><strong>est</strong></span> <span class='ocrx_word' id='word_1_534' title='bbox 2160 3189 2193 3228; x_wconf 89' lang='lat' dir='ltr'><strong>a</strong></span> <span class='ocrx_word' id='word_1_535' title='bbox 2223 3173 2553 3230; x_wconf 86' lang='lat' dir='ltr'><strong>necessitate</strong></span> <span class='ocrx_word' id='word_1_536' title='bbox 2593 3183 2801 3229; x_wconf 84' lang='lat' dir='ltr'><strong>naturae</strong></span> <span class='ocrx_word' id='word_1_537' title='bbox 2829 3191 2845 3228; x_wconf 90' lang='lat'><strong>:</strong></span> <span class='ocrx_word' id='word_1_538' title='bbox 2871 3173 2953 3229; x_wconf 84' lang='lat' dir='ltr'><strong>sic</strong></span> <span class='ocrx_word' id='word_1_539' title='bbox 2992 3174 3136 3229; x_wconf 90' lang='lat' dir='ltr'><strong>enim</strong></span> <span class='ocrx_word' id='word_1_540' title='bbox 3166 3186 3295 3229; x_wconf 90' lang='lat' dir='ltr'><strong>vere</strong></span> <span class='ocrx_word' id='word_1_541' title='bbox 3340 3171 3440 3228; x_wconf 82' lang='lat' dir='ltr'><strong>bo-</strong></span> 
     </span>
    </p>
   </div>
   <div class='ocr_carea' id='block_1_71' title="bbox 1883 3260 2602 3326">
    <p class='ocr_par' dir='ltr' id='par_1_71' title="bbox 1883 3260 2602 3326">
     <span class='ocr_line' id='line_1_72' title="bbox 1883 3260 2602 3326; baseline -0.003 -11"><span class='ocrx_word' id='word_1_542' title='bbox 1883 3275 2012 3315; x_wconf 87' lang='lat' dir='ltr'><strong>num</strong></span> <span class='ocrx_word' id='word_1_543' title='bbox 2041 3275 2174 3326; x_wconf 25' lang='lat' dir='ltr'><strong>esse,</strong></span> <span class='ocrx_word' id='word_1_544' title='bbox 2202 3260 2602 3314; x_wconf 88' lang='lat' dir='ltr'><strong>conﬁtebimur.</strong></span> 
     </span>
    </p>
   </div>
   <div class='ocr_carea' id='block_1_72' title="bbox 1950 3349 3438 3423">
    <p class='ocr_par' dir='ltr' id='par_1_72' title="bbox 1950 3349 3438 3423">
     <span class='ocr_line' id='line_1_73' title="bbox 1950 3349 3438 3423; baseline 0.001 -17"><span class='ocrx_word' id='word_1_545' title='bbox 1950 3351 2117 3423; x_wconf 78' lang='lat' dir='ltr'><strong>Igitur</strong></span> <span class='ocrx_word' id='word_1_546' title='bbox 2136 3368 2203 3407; x_wconf 81' lang='lat' dir='ltr'><strong>ex</strong></span> <span class='ocrx_word' id='word_1_547' title='bbox 2230 3353 2299 3408; x_wconf 87' lang='lat' dir='ltr'><strong>iis</strong></span> <span class='ocrx_word' id='word_1_548' title='bbox 2328 3366 2448 3422; x_wconf 71' lang='lat' dir='ltr'><strong>quae</strong></span> <span class='ocrx_word' id='word_1_549' title='bbox 2466 3352 2610 3406; x_wconf 85' lang='lat' dir='ltr'><strong>dicta</strong></span> <span class='ocrx_word' id='word_1_550' title='bbox 2638 3358 2785 3419; x_wconf 88' lang='lat' dir='ltr'><strong>sunt,</strong></span> <span class='ocrx_word' id='word_1_551' title='bbox 2802 3349 3006 3423; x_wconf 86' lang='lat' dir='ltr'><strong>pateﬁt,</strong></span> <span class='ocrx_word' id='word_1_552' title='bbox 3025 3366 3123 3422; x_wconf 88' lang='lat' dir='ltr'><strong>per</strong></span> <span class='ocrx_word' id='word_1_553' title='bbox 3135 3366 3194 3406; x_wconf 89' lang='lat' dir='ltr'><strong>se</strong></span> <span class='ocrx_word' id='word_1_554' title='bbox 3209 3352 3438 3408; x_wconf 87' lang='lat' dir='ltr'><strong>menda-</strong></span> 
     </span>
    </p>
   </div>
   <div class='ocr_carea' id='block_1_73' title="bbox 1881 3441 3440 3512">
    <p class='ocr_par' dir='ltr' id='par_1_73' title="bbox 1881 3441 3440 3512">
     <span class='ocr_line' id='line_1_74' title="bbox 1881 3441 3440 3512; baseline 0 -16"><span class='ocrx_word' id='word_1_555' title='bbox 1881 3443 2024 3497; x_wconf 91' lang='lat' dir='ltr'><strong>cium</strong></span> <span class='ocrx_word' id='word_1_556' title='bbox 2048 3456 2157 3497; x_wconf 90' lang='lat' dir='ltr'><strong>non</strong></span> <span class='ocrx_word' id='word_1_557' title='bbox 2184 3457 2337 3508; x_wconf 91' lang='lat' dir='ltr'><strong>esse;</strong></span> <span class='ocrx_word' id='word_1_558' title='bbox 2361 3442 2677 3498; x_wconf 90' lang='lat' dir='ltr'><strong>mendacem</strong></span> <span class='ocrx_word' id='word_1_559' title='bbox 2702 3456 2831 3497; x_wconf 90' lang='lat' dir='ltr'><strong>vero</strong></span> <span class='ocrx_word' id='word_1_560' title='bbox 2851 3455 2973 3499; x_wconf 86' lang='lat' dir='ltr'><strong>esse</strong></span> <span class='ocrx_word' id='word_1_561' title='bbox 2998 3455 3121 3496; x_wconf 91' lang='lat' dir='ltr'><strong>eum</strong></span> <span class='ocrx_word' id='word_1_562' title='bbox 3155 3441 3252 3512; x_wconf 91' lang='lat' dir='ltr'><strong>qui</strong></span> <span class='ocrx_word' id='word_1_563' title='bbox 3292 3456 3440 3497; x_wconf 64' lang='lat' dir='ltr'><strong>meno</strong></span> 
     </span>
    </p>
   </div>
   <div class='ocr_carea' id='block_1_74' title="bbox 1881 3532 3436 3602">
    <p class='ocr_par' dir='ltr' id='par_1_74' title="bbox 1881 3532 3436 3602">
     <span class='ocr_line' id='line_1_75' title="bbox 1881 3532 3436 3602; baseline 0 -14"><span class='ocrx_word' id='word_1_564' title='bbox 1881 3535 2047 3602; x_wconf 89' lang='lat' dir='ltr'><strong>titur;</strong></span> <span class='ocrx_word' id='word_1_565' title='bbox 2078 3548 2110 3588; x_wconf 82' lang='grc' dir='ltr'><strong>ιι</strong></span> <span class='ocrx_word' id='word_1_566' title='bbox 2135 3534 2428 3590; x_wconf 87' lang='lat' dir='ltr'><strong>mentiente</strong></span> <span class='ocrx_word' id='word_1_567' title='bbox 2466 3533 2609 3588; x_wconf 90' lang='lat' dir='ltr'><strong>enim</strong></span> <span class='ocrx_word' id='word_1_568' title='bbox 2633 3540 2860 3589; x_wconf 90' lang='lat' dir='ltr'><strong>vocatur</strong></span> <span class='ocrx_word' id='word_1_569' title='bbox 2903 3532 3292 3600; x_wconf 87' lang='lat' dir='ltr'><strong>mendacium;</strong></span> <span class='ocrx_word' id='word_1_570' title='bbox 3326 3547 3436 3588; x_wconf 90' lang='lat' dir='ltr'><strong>non</strong></span> 
     </span>
    </p>
   </div>
   <div class='ocr_carea' id='block_1_75' title="bbox 1880 3622 3441 3694">
    <p class='ocr_par' dir='ltr' id='par_1_75' title="bbox 1880 3622 3441 3694">
     <span class='ocr_line' id='line_1_76' title="bbox 1880 3622 3441 3694; baseline 0 -15"><span class='ocrx_word' id='word_1_571' title='bbox 1880 3634 2058 3680; x_wconf 90' lang='lat' dir='ltr'><strong>autem</strong></span> <span class='ocrx_word' id='word_1_572' title='bbox 2089 3625 2355 3681; x_wconf 88' lang='lat' dir='ltr'><strong>mentiens</strong></span> <span class='ocrx_word' id='word_1_573' title='bbox 2383 3631 2608 3679; x_wconf 89' lang='lat' dir='ltr'><strong>vocatur</strong></span> <span class='ocrx_word' id='word_1_574' title='bbox 2629 3623 2699 3678; x_wconf 91' lang='lat' dir='ltr'><strong>ab</strong></span> <span class='ocrx_word' id='word_1_575' title='bbox 2719 3638 2805 3688; x_wconf 91' lang='lat' dir='ltr'><strong>eo,</strong></span> <span class='ocrx_word' id='word_1_576' title='bbox 2827 3623 2971 3694; x_wconf 71' lang='lat' dir='ltr'><strong>quod</strong></span> <span class='ocrx_word' id='word_1_577' title='bbox 3013 3639 3121 3678; x_wconf 84' lang='lat' dir='ltr'><strong>non</strong></span> <span class='ocrx_word' id='word_1_578' title='bbox 3143 3630 3248 3679; x_wconf 87' lang='lat' dir='ltr'><strong>est.</strong></span> <span class='ocrx_word' id='word_1_579' title='bbox 3291 3622 3441 3679; x_wconf 88' lang='lat' dir='ltr'><strong>Men-</strong></span> 
     </span>
    </p>
   </div>
   <div class='ocr_carea' id='block_1_76' title="bbox 1880 3715 3433 3787">
    <p class='ocr_par' dir='ltr' id='par_1_76' title="bbox 1880 3715 3433 3787">
     <span class='ocr_line' id='line_1_77' title="bbox 1880 3715 3433 3787; baseline -0.001 -16"><span class='ocrx_word' id='word_1_580' title='bbox 1880 3716 2096 3772; x_wconf 89' lang='lat' dir='ltr'><strong>dacium</strong></span> <span class='ocrx_word' id='word_1_581' title='bbox 2123 3716 2267 3771; x_wconf 90' lang='lat' dir='ltr'><strong>enim</strong></span> <span class='ocrx_word' id='word_1_582' title='bbox 2294 3731 2405 3770; x_wconf 92' lang='lat' dir='ltr'><strong>non</strong></span> <span class='ocrx_word' id='word_1_583' title='bbox 2433 3722 2614 3787; x_wconf 90' lang='lat' dir='ltr'><strong>potest</strong></span> <span class='ocrx_word' id='word_1_584' title='bbox 2653 3730 2776 3773; x_wconf 88' lang='lat' dir='ltr'><strong>esse</strong></span> <span class='ocrx_word' id='word_1_585' title='bbox 2806 3725 3094 3786; x_wconf 87' lang='lat' dir='ltr'><strong>antequam</strong></span> <span class='ocrx_word' id='word_1_586' title='bbox 3128 3715 3433 3785; x_wconf 76' lang='lat' dir='ltr'><strong>cogitetur:</strong></span> 
     </span>
    </p>
   </div>
   <div class='ocr_carea' id='block_1_77' title="bbox 217 3806 1785 3883">
    <p class='ocr_par' dir='ltr' id='par_1_77' title="bbox 217 3806 1778 3883">
     <span class='ocr_line' id='line_1_78' title="bbox 217 3806 1778 3883; baseline 0.005 -25"><span class='ocrx_word' id='word_1_587' title='bbox 217 3806 636 3877; x_wconf 79' lang='grc' dir='ltr'>παρεισέρχεται</span> <span class='ocrx_word' id='word_1_588' title='bbox 665 3807 743 3873; x_wconf 84' lang='grc' dir='ltr'><strong>δὲ,</strong></span> <span class='ocrx_word' id='word_1_589' title='bbox 777 3807 905 3862; x_wconf 88' lang='grc' dir='ltr'><strong>σκιά</strong></span> <span class='ocrx_word' id='word_1_590' title='bbox 950 3808 1104 3862; x_wconf 79' lang='grc' dir='ltr'>τοῦδε</span> <span class='ocrx_word' id='word_1_591' title='bbox 1138 3808 1231 3862; x_wconf 90' lang='grc' dir='ltr'><strong>τοῦ</strong></span> <span class='ocrx_word' id='word_1_592' title='bbox 1276 3810 1474 3877; x_wconf 76' lang='grc' dir='ltr'>παντὸς</span> <span class='ocrx_word' id='word_1_593' title='bbox 1502 3811 1778 3883; x_wconf 75' lang='grc' dir='ltr'>ὑπάρχονο</span> 
     </span>
    </p>
   </div>
   <div class='ocr_carea' id='block_1_78' title="bbox 1890 3806 3432 3883">
    <p class='ocr_par' dir='ltr' id='par_1_78' title="bbox 1890 3806 3432 3873">
     <span class='ocr_line' id='line_1_79' title="bbox 1890 3806 3432 3873; baseline -0.002 -10"><span class='ocrx_word' id='word_1_594' title='bbox 1890 3807 2130 3863; x_wconf 82' lang='lat' dir='ltr'><strong>similiter</strong></span> <span class='ocrx_word' id='word_1_595' title='bbox 2156 3807 2393 3863; x_wconf 66' lang='lat' dir='ltr'><strong>tenebrae</strong></span> <span class='ocrx_word' id='word_1_596' title='bbox 2434 3822 2543 3861; x_wconf 90' lang='lat' dir='ltr'><strong>non</strong></span> <span class='ocrx_word' id='word_1_597' title='bbox 2572 3813 2699 3862; x_wconf 91' lang='lat' dir='ltr'><strong>sunt</strong></span> <span class='ocrx_word' id='word_1_598' title='bbox 2749 3814 2964 3873; x_wconf 76' lang='lat' dir='ltr'><strong>creatte,</strong></span> <span class='ocrx_word' id='word_1_599' title='bbox 2996 3806 3089 3862; x_wconf 91' lang='lat' dir='ltr'><strong>sed</strong></span> <span class='ocrx_word' id='word_1_600' title='bbox 3123 3806 3432 3871; x_wconf 82' lang='lat' dir='ltr'><strong>subierunt,</strong></span> 
     </span>
    </p>
   </div>
   <div class='ocr_carea' id='block_1_79' title="bbox 217 3895 1785 3976">
    <p class='ocr_par' dir='ltr' id='par_1_79' title="bbox 217 3899 1783 3976">
     <span class='ocr_line' id='line_1_80' title="bbox 217 3899 1783 3976; baseline 0.004 -24"><span class='ocrx_word' id='word_1_601' title='bbox 217 3899 358 3971; x_wconf 81' lang='grc' dir='ltr'>πλὴν</span> <span class='ocrx_word' id='word_1_602' title='bbox 386 3900 510 3954; x_wconf 85' lang='grc' dir='ltr'>ὅσον</span> <span class='ocrx_word' id='word_1_603' title='bbox 536 3899 598 3954; x_wconf 76' lang='grc' dir='ltr'><strong>τὸ</strong></span> <span class='ocrx_word' id='word_1_604' title='bbox 628 3900 726 3971; x_wconf 76' lang='grc' dir='ltr'>μὲν</span> <span class='ocrx_word' id='word_1_605' title='bbox 758 3901 945 3965; x_wconf 77' lang='grc' dir='ltr'>σκότος</span> <span class='ocrx_word' id='word_1_606' title='bbox 971 3903 1033 3955; x_wconf 77' lang='grc' dir='ltr'><strong>οὐ</strong></span> <span class='ocrx_word' id='word_1_607' title='bbox 1057 3902 1216 3973; x_wconf 86' lang='grc' dir='ltr'>μόνον</span> <span class='ocrx_word' id='word_1_608' title='bbox 1245 3903 1563 3976; x_wconf 83' lang='grc' dir='ltr'>ὑποτρέχειν</span> <span class='ocrx_word' id='word_1_609' title='bbox 1587 3922 1783 3974; x_wconf 81' lang='grc' dir='ltr'>συγκε-</span> 
     </span>
    </p>
   </div>
   <div class='ocr_carea' id='block_1_80' title="bbox 1890 3895 3436 3976">
    <p class='ocr_par' dir='ltr' id='par_1_80' title="bbox 1890 3895 3436 3968">
     <span class='ocr_line' id='line_1_81' title="bbox 1890 3895 3436 3968; baseline 0.001 -17"><span class='ocrx_word' id='word_1_610' title='bbox 1890 3896 2039 3952; x_wconf 76' lang='lat' dir='ltr'><strong>iactae</strong></span> <span class='ocrx_word' id='word_1_611' title='bbox 2072 3897 2265 3951; x_wconf 88' lang='lat' dir='ltr'><strong>umbra</strong></span> <span class='ocrx_word' id='word_1_612' title='bbox 2299 3896 2539 3952; x_wconf 91' lang='lat' dir='ltr'><strong>universi</strong></span> <span class='ocrx_word' id='word_1_613' title='bbox 2567 3916 2580 3951; x_wconf 89' lang='lat'><strong>:</strong></span> <span class='ocrx_word' id='word_1_614' title='bbox 2616 3904 2973 3968; x_wconf 68' lang='lat' dir='ltr'><strong>praeterquam</strong></span> <span class='ocrx_word' id='word_1_615' title='bbox 3008 3895 3155 3966; x_wconf 78' lang='lat' dir='ltr'><strong>quod</strong></span> <span class='ocrx_word' id='word_1_616' title='bbox 3196 3896 3436 3952; x_wconf 66' lang='lat' dir='ltr'><strong>tenebras</strong></span> 
     </span>
    </p>
   </div>
   <div class='ocr_carea' id='block_1_81' title="bbox 218 3986 1785 4065">
    <p class='ocr_par' dir='ltr' id='par_1_81' title="bbox 218 3989 1779 4065">
     <span class='ocr_line' id='line_1_82' title="bbox 218 3989 1779 4065; baseline 0.005 -23"><span class='ocrx_word' id='word_1_617' title='bbox 218 3989 485 4062; x_wconf 85' lang='grc' dir='ltr'>χώρηται,</span> <span class='ocrx_word' id='word_1_618' title='bbox 520 3990 656 4045; x_wconf 83' lang='grc' dir='ltr'><strong>ἀλλά</strong></span> <span class='ocrx_word' id='word_1_619' title='bbox 696 3992 794 4046; x_wconf 77' lang='grc' dir='ltr'><strong>καὶ</strong></span> <span class='ocrx_word' id='word_1_620' title='bbox 821 3991 943 4046; x_wconf 89' lang='grc' dir='ltr'>λίαν</span> <span class='ocrx_word' id='word_1_621' title='bbox 986 3992 1277 4065; x_wconf 77' lang='grc' dir='ltr'>ὠφελίμως</span> <span class='ocrx_word' id='word_1_622' title='bbox 1298 4010 1311 4024; x_wconf 89' lang='grc'><strong>·</strong></span> <span class='ocrx_word' id='word_1_623' title='bbox 1337 3995 1431 4049; x_wconf 90' lang='grc' dir='ltr'><strong>τοῦ</strong></span> <span class='ocrx_word' id='word_1_624' title='bbox 1465 3996 1522 4049; x_wconf 82' lang='grc' dir='ltr'>δὲ</span> <span class='ocrx_word' id='word_1_625' title='bbox 1549 3995 1779 4065; x_wconf 76' lang='grc' dir='ltr'>ψεύδους</span> 
     </span>
    </p>
   </div>
   <div class='ocr_carea' id='block_1_82' title="bbox 1890 3986 3441 4065">
    <p class='ocr_par' dir='ltr' id='par_1_82' title="bbox 1890 3986 3441 4058">
     <span class='ocr_line' id='line_1_83' title="bbox 1890 3986 3441 4058; baseline -0.001 -16"><span class='ocrx_word' id='word_1_626' title='bbox 1890 4003 1986 4042; x_wconf 83' lang='lat' dir='ltr'><strong>non</strong></span> <span class='ocrx_word' id='word_1_627' title='bbox 2012 3988 2188 4043; x_wconf 91' lang='lat' dir='ltr'><strong>solum</strong></span> <span class='ocrx_word' id='word_1_628' title='bbox 2234 3987 2419 4043; x_wconf 89' lang='lat' dir='ltr'><strong>subire</strong></span> <span class='ocrx_word' id='word_1_629' title='bbox 2460 3987 2742 4058; x_wconf 76' lang='lat' dir='ltr'><strong>permissa:</strong></span> <span class='ocrx_word' id='word_1_630' title='bbox 2782 3995 2933 4052; x_wconf 86' lang='lat' dir='ltr'><strong>sunt,</strong></span> <span class='ocrx_word' id='word_1_631' title='bbox 2963 3986 3058 4041; x_wconf 85' lang='lat' dir='ltr'><strong>sed</strong></span> <span class='ocrx_word' id='word_1_632' title='bbox 3086 3987 3241 4042; x_wconf 88' lang='lat' dir='ltr'><strong>valde</strong></span> <span class='ocrx_word' id='word_1_633' title='bbox 3269 3988 3441 4042; x_wconf 19' lang='lat' dir='ltr'><strong>etiam,</strong></span> 
     </span>
    </p>
   </div>
   <div class='ocr_carea' id='block_1_83' title="bbox 214 4077 1785 4159">
    <p class='ocr_par' dir='ltr' id='par_1_83' title="bbox 214 4082 1780 4159">
     <span class='ocr_line' id='line_1_84' title="bbox 214 4082 1780 4159; baseline 0.006 -26"><span class='ocrx_word' id='word_1_634' title='bbox 214 4084 248 4154; x_wconf 73' lang='grc' dir='ltr'><strong>ἡ</strong></span> <span class='ocrx_word' id='word_1_635' title='bbox 283 4082 495 4136; x_wconf 85' lang='grc' dir='ltr'>ἐπίνοια</span> <span class='ocrx_word' id='word_1_636' title='bbox 540 4082 638 4155; x_wconf 83' lang='grc' dir='ltr'>τὴν</span> <span class='ocrx_word' id='word_1_637' title='bbox 684 4083 784 4154; x_wconf 86' lang='grc' dir='ltr'>μὲν</span> <span class='ocrx_word' id='word_1_638' title='bbox 828 4084 1038 4155; x_wconf 79' lang='grc' dir='ltr'>αἵρεσιν</span> <span class='ocrx_word' id='word_1_639' title='bbox 1082 4084 1334 4155; x_wconf 82' lang='grc' dir='ltr'>διασαφεῖ</span> <span class='ocrx_word' id='word_1_640' title='bbox 1378 4086 1481 4157; x_wconf 85' lang='grc' dir='ltr'><strong>τῆς</strong></span> <span class='ocrx_word' id='word_1_641' title='bbox 1523 4086 1780 4159; x_wconf 81' lang='grc' dir='ltr'>ἀληθείας</span> 
     </span>
    </p>
   </div>
   <div class='ocr_carea' id='block_1_84' title="bbox 1890 4077 3437 4159">
    <p class='ocr_par' dir='ltr' id='par_1_84' title="bbox 1890 4077 3437 4149">
     <span class='ocr_line' id='line_1_85' title="bbox 1890 4077 3437 4149; baseline -0.001 -15"><span class='ocrx_word' id='word_1_642' title='bbox 1890 4079 2100 4135; x_wconf 80' lang='lat' dir='ltr'><strong>utiliter.</strong></span> <span class='ocrx_word' id='word_1_643' title='bbox 2128 4077 2394 4149; x_wconf 78' lang='lat' dir='ltr'><strong>Cogitatio</strong></span> <span class='ocrx_word' id='word_1_644' title='bbox 2420 4093 2548 4133; x_wconf 90' lang='lat' dir='ltr'><strong>vero</strong></span> <span class='ocrx_word' id='word_1_645' title='bbox 2587 4078 2853 4133; x_wconf 91' lang='lat' dir='ltr'><strong>mendacii</strong></span> <span class='ocrx_word' id='word_1_646' title='bbox 2885 4077 3204 4134; x_wconf 87' lang='lat' dir='ltr'><strong>electionem</strong></span> <span class='ocrx_word' id='word_1_647' title='bbox 3235 4079 3437 4134; x_wconf 82' lang='lat' dir='ltr'><strong>verita-</strong></span> 
     </span>
    </p>
   </div>
   <div class='ocr_carea' id='block_1_85' title="bbox 213 4165 1785 4251">
    <p class='ocr_par' dir='ltr' id='par_1_85' title="bbox 213 4173 1775 4251">
     <span class='ocr_line' id='line_1_86' title="bbox 213 4173 1775 4251; baseline 0.003 -24"><span class='ocrx_word' id='word_1_648' title='bbox 213 4173 368 4246; x_wconf 80' lang='grc' dir='ltr'><strong>παρά</strong></span> <span class='ocrx_word' id='word_1_649' title='bbox 403 4173 744 4247; x_wconf 86' lang='grc' dir='ltr'>ἀνθρώποις·</span> <span class='ocrx_word' id='word_1_650' title='bbox 793 4174 1192 4246; x_wconf 84' lang='grc' dir='ltr'>προτιμηθεῖσα</span> <span class='ocrx_word' id='word_1_651' title='bbox 1239 4176 1297 4231; x_wconf 82' lang='grc' dir='ltr'>δὲ</span> <span class='ocrx_word' id='word_1_652' title='bbox 1346 4178 1445 4249; x_wconf 85' lang='grc' dir='ltr'>τῆς</span> <span class='ocrx_word' id='word_1_653' title='bbox 1485 4177 1775 4251; x_wconf 84' lang='grc' dir='ltr'>ἀληθείας,</span> 
     </span>
    </p>
   </div>
   <div class='ocr_carea' id='block_1_86' title="bbox 1890 4165 3437 4251">
    <p class='ocr_par' dir='ltr' id='par_1_86' title="bbox 1890 4165 3437 4238">
     <span class='ocr_line' id='line_1_87' title="bbox 1890 4165 3437 4238; baseline 0.001 -17"><span class='ocrx_word' id='word_1_654' title='bbox 1890 4168 1949 4223; x_wconf 70' lang='lat' dir='ltr'><strong>tis</strong></span> <span class='ocrx_word' id='word_1_655' title='bbox 1972 4167 2114 4238; x_wconf 88' lang='lat' dir='ltr'><strong>apud</strong></span> <span class='ocrx_word' id='word_1_656' title='bbox 2157 4167 2407 4222; x_wconf 80' lang='lat' dir='ltr'><strong>homines</strong></span> <span class='ocrx_word' id='word_1_657' title='bbox 2438 4166 2702 4221; x_wconf 87' lang='lat' dir='ltr'><strong>declarat.</strong></span> <span class='ocrx_word' id='word_1_658' title='bbox 2746 4165 2881 4221; x_wconf 85' lang='lat' dir='ltr'><strong>Cum</strong></span> <span class='ocrx_word' id='word_1_659' title='bbox 2922 4181 3054 4222; x_wconf 90' lang='lat' dir='ltr'><strong>vero</strong></span> <span class='ocrx_word' id='word_1_660' title='bbox 3088 4168 3437 4238; x_wconf 88' lang='lat' dir='ltr'><strong>anteponitur</strong></span> 
     </span>
    </p>
   </div>
   <div class='ocr_carea' id='block_1_87' title="bbox 212 4257 1785 4339">
    <p class='ocr_par' dir='ltr' id='par_1_87' title="bbox 212 4261 1777 4339">
     <span class='ocr_line' id='line_1_88' title="bbox 212 4261 1777 4339; baseline 0.004 -24"><span class='ocrx_word' id='word_1_661' title='bbox 212 4261 597 4335; x_wconf 77' lang='grc' dir='ltr'>βλαϐερωτάτη</span> <span class='ocrx_word' id='word_1_662' title='bbox 629 4264 692 4333; x_wconf 81' lang='grc' dir='ltr'><strong>γέ</strong></span> <span class='ocrx_word' id='word_1_663' title='bbox 720 4264 858 4329; x_wconf 88' lang='grc' dir='ltr'>ἐστι,</span> <span class='ocrx_word' id='word_1_664' title='bbox 885 4266 979 4318; x_wconf 79' lang='grc' dir='ltr'><strong>καὶ</strong></span> <span class='ocrx_word' id='word_1_665' title='bbox 1002 4264 1145 4336; x_wconf 87' lang='grc' dir='ltr'>μάλα</span> <span class='ocrx_word' id='word_1_666' title='bbox 1169 4282 1233 4335; x_wconf 89' lang='grc' dir='ltr'><strong>γε</strong></span> <span class='ocrx_word' id='word_1_667' title='bbox 1275 4268 1499 4333; x_wconf 78' lang='grc' dir='ltr'>εἰκότως</span> <span class='ocrx_word' id='word_1_668' title='bbox 1521 4282 1536 4298; x_wconf 84' lang='lat'><strong><em>°</em></strong></span> <span class='ocrx_word' id='word_1_669' title='bbox 1582 4268 1777 4339; x_wconf 72' lang='grc' dir='ltr'>ψεῦδος</span> 
     </span>
    </p>
   </div>
   <div class='ocr_carea' id='block_1_88' title="bbox 1890 4257 3455 4339">
    <p class='ocr_par' dir='ltr' id='par_1_88' title="bbox 1890 4257 3455 4328">
     <span class='ocr_line' id='line_1_89' title="bbox 1890 4257 3455 4328; baseline 0 -14"><span class='ocrx_word' id='word_1_670' title='bbox 1890 4258 2091 4315; x_wconf 71' lang='lat' dir='ltr'><strong>veritati</strong></span> <span class='ocrx_word' id='word_1_671' title='bbox 2117 4258 2480 4320; x_wconf 88' lang='lat' dir='ltr'><strong>mendacium,</strong></span> <span class='ocrx_word' id='word_1_672' title='bbox 2502 4257 2949 4314; x_wconf 88' lang='lat' dir='ltr'><strong>nocentissimum</strong></span> <span class='ocrx_word' id='word_1_673' title='bbox 2971 4267 3075 4324; x_wconf 89' lang='lat' dir='ltr'><strong>est,</strong></span> <span class='ocrx_word' id='word_1_674' title='bbox 3100 4259 3260 4328; x_wconf 86' lang='lat' dir='ltr'><strong>idque</strong></span> <span class='ocrx_word' id='word_1_675' title='bbox 3282 4258 3455 4314; x_wconf 72' lang='lat' dir='ltr'><strong>valde-</strong></span> 
     </span>
    </p>
   </div>
   <div class='ocr_carea' id='block_1_89' title="bbox 208 4348 1785 4432">
    <p class='ocr_par' dir='ltr' id='par_1_89' title="bbox 208 4353 1772 4432">
     <span class='ocr_line' id='line_1_90' title="bbox 208 4353 1772 4432; baseline 0.004 -24"><span class='ocrx_word' id='word_1_676' title='bbox 208 4353 322 4426; x_wconf 80' lang='grc' dir='ltr'>γὰρ</span> <span class='ocrx_word' id='word_1_677' title='bbox 349 4354 484 4425; x_wconf 84' lang='grc' dir='ltr'>πρὸς</span> <span class='ocrx_word' id='word_1_678' title='bbox 508 4354 808 4427; x_wconf 79' lang='grc' dir='ltr'>ἀνθρώπων</span> <span class='ocrx_word' id='word_1_679' title='bbox 840 4358 1154 4424; x_wconf 88' lang='grc' dir='ltr'>ἐπινοεῖται,</span> <span class='ocrx_word' id='word_1_680' title='bbox 1186 4358 1376 4423; x_wconf 86' lang='grc' dir='ltr'>σκότος</span> <span class='ocrx_word' id='word_1_681' title='bbox 1403 4359 1461 4413; x_wconf 78' lang='grc' dir='ltr'>δὲ</span> <span class='ocrx_word' id='word_1_682' title='bbox 1490 4358 1551 4413; x_wconf 82' lang='grc' dir='ltr'><strong>τὸ</strong></span> <span class='ocrx_word' id='word_1_683' title='bbox 1580 4377 1772 4432; x_wconf 87' lang='grc' dir='ltr'>σωμα-</span> 
     </span>
    </p>
   </div>
   <div class='ocr_carea' id='block_1_90' title="bbox 1890 4348 3435 4432">
    <p class='ocr_par' dir='ltr' id='par_1_90' title="bbox 1890 4348 3435 4418">
     <span class='ocr_line' id='line_1_91' title="bbox 1890 4348 3435 4418; baseline -0.003 -11"><span class='ocrx_word' id='word_1_684' title='bbox 1890 4358 2275 4418; x_wconf 86' lang='lat' dir='ltr'><strong>:onseutanee;</strong></span> <span class='ocrx_word' id='word_1_685' title='bbox 2307 4349 2647 4404; x_wconf 89' lang='lat' dir='ltr'><strong>mendacium</strong></span> <span class='ocrx_word' id='word_1_686' title='bbox 2676 4349 2820 4405; x_wconf 89' lang='lat' dir='ltr'><strong>enim</strong></span> <span class='ocrx_word' id='word_1_687' title='bbox 2842 4348 2909 4403; x_wconf 87' lang='lat' dir='ltr'><strong>ab</strong></span> <span class='ocrx_word' id='word_1_688' title='bbox 2934 4348 3435 4404; x_wconf 26' lang='lat' dir='ltr'><strong>hominibusrexco-</strong></span> 
     </span>
    </p>
   </div>
   <div class='ocr_carea' id='block_1_91' title="bbox 207 4437 1785 4522">
    <p class='ocr_par' dir='ltr' id='par_1_91' title="bbox 207 4446 1774 4522">
     <span class='ocr_line' id='line_1_92' title="bbox 207 4446 1774 4522; baseline 0.006 -22"><span class='ocrx_word' id='word_1_689' title='bbox 207 4446 362 4501; x_wconf 72' lang='grc' dir='ltr'>τικὸν</span> <span class='ocrx_word' id='word_1_690' title='bbox 410 4446 562 4519; x_wconf 74' lang='grc' dir='ltr'>παρὰ</span> <span class='ocrx_word' id='word_1_691' title='bbox 615 4448 750 4502; x_wconf 87' lang='grc' dir='ltr'>Θεοῦ</span> <span class='ocrx_word' id='word_1_692' title='bbox 790 4451 985 4503; x_wconf 83' lang='grc' dir='ltr'>κεῖται.</span> <span class='ocrx_word' id='word_1_693' title='bbox 1013 4450 1104 4503; x_wconf 87' lang='grc' dir='ltr'>Διὸ</span> <span class='ocrx_word' id='word_1_694' title='bbox 1138 4452 1244 4520; x_wconf 79' lang='grc' dir='ltr'>χρὴ</span> <span class='ocrx_word' id='word_1_695' title='bbox 1281 4450 1343 4504; x_wconf 87' lang='grc' dir='ltr'><strong>τὸ</strong></span> <span class='ocrx_word' id='word_1_696' title='bbox 1399 4452 1497 4522; x_wconf 84' lang='grc' dir='ltr'><strong>μὲν</strong></span> <span class='ocrx_word' id='word_1_697' title='bbox 1548 4452 1774 4509; x_wconf 89' lang='grc' dir='ltr'>νοοῦντα</span> 
     </span>
    </p>
   </div>
   <div class='ocr_carea' id='block_1_92' title="bbox 1890 4437 3434 4522">
    <p class='ocr_par' dir='ltr' id='par_1_92' title="bbox 1890 4437 3434 4513">
     <span class='ocr_line' id='line_1_93' title="bbox 1890 4437 3434 4513; baseline -0.001 -19"><span class='ocrx_word' id='word_1_698' title='bbox 1890 4442 2103 4513; x_wconf 64' lang='grc' dir='ltr'>ςίιιιιιιπι</span> <span class='ocrx_word' id='word_1_699' title='bbox 2139 4447 2244 4501; x_wconf 85' lang='lat' dir='ltr'><strong>est.</strong></span> <span class='ocrx_word' id='word_1_700' title='bbox 2286 4439 2524 4495; x_wconf 77' lang='lat' dir='ltr'><strong>tenebrae</strong></span> <span class='ocrx_word' id='word_1_701' title='bbox 2570 4452 2698 4493; x_wconf 87' lang='lat' dir='ltr'><strong>vero</strong></span> <span class='ocrx_word' id='word_1_702' title='bbox 2735 4451 3010 4508; x_wconf 79' lang='lat' dir='ltr'><strong>corporeae</strong></span> <span class='ocrx_word' id='word_1_703' title='bbox 3047 4452 3076 4492; x_wconf 88' lang='lat' dir='ltr'><strong>a</strong></span> <span class='ocrx_word' id='word_1_704' title='bbox 3113 4437 3221 4493; x_wconf 88' lang='lat' dir='ltr'><strong>Deo</strong></span> <span class='ocrx_word' id='word_1_705' title='bbox 3244 4437 3434 4508; x_wconf 69' lang='lat' dir='ltr'><strong>posita</strong></span> 
     </span>
    </p>
   </div>
   <div class='ocr_carea' id='block_1_93' title="bbox 176 4528 1785 4617">
    <p class='ocr_par' dir='ltr' id='par_1_93' title="bbox 176 4535 1771 4617">
     <span class='ocr_line' id='line_1_94' title="bbox 176 4535 1771 4617; baseline 0.007 -28"><span class='ocrx_word' id='word_1_706' title='bbox 176 4544 188 4563; x_wconf 84' lang='lat'><em>‘</em></span> <span class='ocrx_word' id='word_1_707' title='bbox 209 4535 453 4607; x_wconf 75' lang='grc' dir='ltr'>φεύγειν,</span> <span class='ocrx_word' id='word_1_708' title='bbox 487 4539 548 4593; x_wconf 84' lang='grc' dir='ltr'><strong>τὸ</strong></span> <span class='ocrx_word' id='word_1_709' title='bbox 571 4539 630 4592; x_wconf 83' lang='grc' dir='ltr'><strong>δὲ</strong></span> <span class='ocrx_word' id='word_1_710' title='bbox 655 4540 729 4612; x_wconf 81' lang='grc' dir='ltr'>μὴ</span> <span class='ocrx_word' id='word_1_711' title='bbox 755 4539 1132 4615; x_wconf 83' lang='grc' dir='ltr'>λοιδορεῖσθαι,</span> <span class='ocrx_word' id='word_1_712' title='bbox 1163 4542 1475 4611; x_wconf 84' lang='grc' dir='ltr'>ἀναγκαίως</span> <span class='ocrx_word' id='word_1_713' title='bbox 1507 4545 1645 4617; x_wconf 82' lang='grc' dir='ltr'>πρὸς</span> <span class='ocrx_word' id='word_1_714' title='bbox 1675 4545 1771 4600; x_wconf 89' lang='grc' dir='ltr'><strong>τοῦ</strong></span> 
     </span>
    </p>
   </div>
   <div class='ocr_carea' id='block_1_94' title="bbox 1890 4528 3433 4617">
    <p class='ocr_par' dir='ltr' id='par_1_94' title="bbox 1890 4528 3433 4602">
     <span class='ocr_line' id='line_1_95' title="bbox 1890 4528 3433 4602; baseline -0.003 -12"><span class='ocrx_word' id='word_1_715' title='bbox 1890 4541 2025 4590; x_wconf 71' lang='lat' dir='ltr'><strong>sunt.</strong></span> <span class='ocrx_word' id='word_1_716' title='bbox 2046 4530 2256 4588; x_wconf 83' lang='lat' dir='ltr'><strong>Idcirco</strong></span> <span class='ocrx_word' id='word_1_717' title='bbox 2275 4538 2494 4602; x_wconf 83' lang='lat' dir='ltr'><strong>oportet</strong></span> <span class='ocrx_word' id='word_1_718' title='bbox 2524 4529 2903 4601; x_wconf 89' lang='lat' dir='ltr'><strong>illudquidem</strong></span> <span class='ocrx_word' id='word_1_719' title='bbox 2933 4528 3146 4601; x_wconf 77' lang='lat' dir='ltr'><strong>fugere;</strong></span> <span class='ocrx_word' id='word_1_720' title='bbox 3179 4529 3283 4585; x_wconf 88' lang='lat' dir='ltr'><strong>hoe</strong></span> <span class='ocrx_word' id='word_1_721' title='bbox 3303 4544 3433 4585; x_wconf 80' lang='lat' dir='ltr'><strong>vero</strong></span> 
     </span>
    </p>
   </div>
   <div class='ocr_carea' id='block_1_95' title="bbox 208 4619 1785 4703">
    <p class='ocr_par' dir='ltr' id='par_1_95' title="bbox 208 4629 851 4703">
     <span class='ocr_line' id='line_1_96' title="bbox 208 4629 851 4703; baseline 0 -18"><span class='ocrx_word' id='word_1_722' title='bbox 208 4629 553 4703; x_wconf 86' lang='grc' dir='ltr'>Δημιουργοῦ</span> <span class='ocrx_word' id='word_1_723' title='bbox 578 4632 851 4703; x_wconf 83' lang='grc' dir='ltr'>κείμενον.</span> 
     </span>
    </p>
   </div>
   <div class='ocr_carea' id='block_1_96' title="bbox 1890 4619 3434 4703">
    <p class='ocr_par' dir='ltr' id='par_1_96' title="bbox 1890 4619 3434 4695">
     <span class='ocr_line' id='line_1_97' title="bbox 1890 4619 3434 4695; baseline -0.003 -14"><span class='ocrx_word' id='word_1_724' title='bbox 1890 4641 1989 4681; x_wconf 83' lang='lat' dir='ltr'><strong>non</strong></span> <span class='ocrx_word' id='word_1_725' title='bbox 2030 4624 2367 4695; x_wconf 86' lang='lat' dir='ltr'><strong>vituperare,</strong></span> <span class='ocrx_word' id='word_1_726' title='bbox 2401 4620 2549 4692; x_wconf 89' lang='lat' dir='ltr'><strong>quod</strong></span> <span class='ocrx_word' id='word_1_727' title='bbox 2587 4619 2901 4676; x_wconf 88' lang='lat' dir='ltr'><strong>necessario</strong></span> <span class='ocrx_word' id='word_1_728' title='bbox 2934 4635 2966 4675; x_wconf 88' lang='lat' dir='ltr'><strong>a</strong></span> <span class='ocrx_word' id='word_1_729' title='bbox 2991 4622 3249 4677; x_wconf 81' lang='lat' dir='ltr'><strong>Creatore</strong></span> <span class='ocrx_word' id='word_1_730' title='bbox 3282 4621 3434 4694; x_wconf 82' lang='lat' dir='ltr'><strong>posi-</strong></span> 
     </span>
    </p>
   </div>
   <div class='ocr_carea' id='block_1_97' title="bbox 1877 4724 2128 4773">
    <p class='ocr_par' dir='ltr' id='par_1_97' title="bbox 1877 4724 2128 4773">
     <span class='ocr_line' id='line_1_98' title="bbox 1877 4724 2128 4773; baseline -0.016 0"><span class='ocrx_word' id='word_1_731' title='bbox 1877 4727 1990 4773; x_wconf 88' lang='lat' dir='ltr'><strong>tum</strong></span> <span class='ocrx_word' id='word_1_732' title='bbox 2022 4724 2128 4771; x_wconf 88' lang='lat' dir='ltr'><strong>est.</strong></span> 
     </span>
    </p>
   </div>
   <div class='ocr_carea' id='block_1_98' title="bbox 901 4827 2839 4905">
    <p class='ocr_par' dir='ltr' id='par_1_98' title="bbox 901 4827 2839 4905">
     <span class='ocr_line' id='line_1_99' title="bbox 901 4827 2839 4905; baseline -0.003 -17"><span class='ocrx_word' id='word_1_733' title='bbox 901 4832 1031 4889; x_wconf 69' lang='lat' dir='ltr'><strong>Car.</strong></span> <span class='ocrx_word' id='word_1_734' title='bbox 1066 4832 1183 4889; x_wconf 80' lang='lat' dir='ltr'><strong>XX.</strong></span> <span class='ocrx_word' id='word_1_735' title='bbox 1224 4831 1454 4887; x_wconf 64' lang='lat' dir='ltr'><strong>Heneti:</strong></span> <span class='ocrx_word' id='word_1_736' title='bbox 1489 4835 1743 4903; x_wconf 76' lang='lat' dir='ltr'><strong>stultitia,</strong></span> <span class='ocrx_word' id='word_1_737' title='bbox 1777 4833 2012 4905; x_wconf 77' lang='lat' dir='ltr'><strong>negantis</strong></span> <span class='ocrx_word' id='word_1_738' title='bbox 2052 4830 2194 4892; x_wconf 68' lang='lat' dir='ltr'><strong>rem:</strong></span> <span class='ocrx_word' id='word_1_739' title='bbox 2223 4846 2257 4883; x_wconf 90' lang='lat' dir='ltr'><strong>a</strong></span> <span class='ocrx_word' id='word_1_740' title='bbox 2282 4827 2393 4884; x_wconf 80' lang='lat' dir='ltr'><strong>Deo</strong></span> <span class='ocrx_word' id='word_1_741' title='bbox 2420 4827 2586 4898; x_wconf 68' lang='lat' dir='ltr'><strong>fuisse</strong></span> <span class='ocrx_word' id='word_1_742' title='bbox 2612 4836 2839 4883; x_wconf 76' lang='lat' dir='ltr'><strong>creatas.</strong></span> 
     </span>
    </p>
   </div>
   <div class='ocr_carea' id='block_1_99' title="bbox 1944 4960 3431 5033">
    <p class='ocr_par' dir='ltr' id='par_1_99' title="bbox 1944 4960 3431 5033">
     <span class='ocr_line' id='line_1_100' title="bbox 1944 4960 3431 5033; baseline 0.001 -16"><span class='ocrx_word' id='word_1_743' title='bbox 1944 4963 2229 5033; x_wconf 73' lang='lat' dir='ltr'><strong>Vituperat</strong></span> <span class='ocrx_word' id='word_1_744' title='bbox 2282 4970 2461 5017; x_wconf 86' lang='lat' dir='ltr'><strong>autem</strong></span> <span class='ocrx_word' id='word_1_745' title='bbox 2519 4975 2627 5017; x_wconf 88' lang='lat' dir='ltr'><strong>non</strong></span> <span class='ocrx_word' id='word_1_746' title='bbox 2673 4960 2774 5018; x_wconf 89' lang='lat' dir='ltr'><strong>has</strong></span> <span class='ocrx_word' id='word_1_747' title='bbox 2817 4961 2994 5015; x_wconf 82' lang='lat' dir='ltr'><strong>solum</strong></span> <span class='ocrx_word' id='word_1_748' title='bbox 3037 4960 3142 5017; x_wconf 83' lang='lat' dir='ltr'><strong>iste</strong></span> <span class='ocrx_word' id='word_1_749' title='bbox 3174 4961 3431 5019; x_wconf 63' lang='lat' dir='ltr'><strong>inaudita</strong></span> 
     </span>
    </p>
   </div>
   <div class='ocr_carea' id='block_1_100' title="bbox 1871 5052 3424 5124">
    <p class='ocr_par' dir='ltr' id='par_1_100' title="bbox 1871 5052 3424 5124">
     <span class='ocr_line' id='line_1_101' title="bbox 1871 5052 3424 5124; baseline -0.005 -10"><span class='ocrx_word' id='word_1_750' title='bbox 1871 5064 2063 5114; x_wconf 87' lang='lat' dir='ltr'><strong>contra</strong></span> <span class='ocrx_word' id='word_1_751' title='bbox 2104 5054 2270 5109; x_wconf 90' lang='lat' dir='ltr'><strong>Deum</strong></span> <span class='ocrx_word' id='word_1_752' title='bbox 2304 5054 2655 5124; x_wconf 70' lang='lat' dir='ltr'><strong>blasphemiae</strong></span> <span class='ocrx_word' id='word_1_753' title='bbox 2682 5053 2960 5119; x_wconf 88' lang='lat' dir='ltr'><strong>inventor;</strong></span> <span class='ocrx_word' id='word_1_754' title='bbox 2995 5052 3087 5108; x_wconf 90' lang='lat' dir='ltr'><strong>sed</strong></span> <span class='ocrx_word' id='word_1_755' title='bbox 3121 5054 3285 5108; x_wconf 88' lang='lat' dir='ltr'><strong>etiam</strong></span> <span class='ocrx_word' id='word_1_756' title='bbox 3308 5053 3424 5107; x_wconf 61' lang='lat' dir='ltr'><strong>ani-</strong></span> 
     </span>
    </p>
   </div>
   <div class='ocr_carea' id='block_1_101' title="bbox 279 4966 1768 5041">
    <p class='ocr_par' dir='ltr' id='par_1_101' title="bbox 279 4966 1768 5041">
     <span class='ocr_line' id='line_1_102' title="bbox 279 4966 1768 5041; baseline -0.001 -18"><span class='ocrx_word' id='word_1_757' title='bbox 279 4968 609 5040; x_wconf 77' lang='grc' dir='ltr'>Δοιδορεῖται</span> <span class='ocrx_word' id='word_1_758' title='bbox 649 4968 748 5037; x_wconf 79' lang='grc' dir='ltr'><strong>μὲν</strong></span> <span class='ocrx_word' id='word_1_759' title='bbox 790 4968 852 5021; x_wconf 85' lang='grc' dir='ltr'><strong>οὐ</strong></span> <span class='ocrx_word' id='word_1_760' title='bbox 890 4966 1047 5021; x_wconf 85' lang='grc' dir='ltr'>τοῦτο</span> <span class='ocrx_word' id='word_1_761' title='bbox 1074 4971 1233 5038; x_wconf 85' lang='grc' dir='ltr'>μόνον</span> <span class='ocrx_word' id='word_1_762' title='bbox 1273 4969 1301 5021; x_wconf 82' lang='grc' dir='ltr'><strong>ὁ</strong></span> <span class='ocrx_word' id='word_1_763' title='bbox 1326 4969 1425 5034; x_wconf 82' lang='grc' dir='ltr'>τῆς</span> <span class='ocrx_word' id='word_1_764' title='bbox 1454 4968 1768 5041; x_wconf 86' lang='grc' dir='ltr'>κενωτάτης</span> 
     </span>
    </p>
   </div>
   <div class='ocr_carea' id='block_1_102' title="bbox 205 5058 1769 5133">
    <p class='ocr_par' dir='ltr' id='par_1_102' title="bbox 205 5058 1769 5133">
     <span class='ocr_line' id='line_1_103' title="bbox 205 5058 1769 5133; baseline -0.001 -17"><span class='ocrx_word' id='word_1_765' title='bbox 205 5062 346 5116; x_wconf 76' lang='grc' dir='ltr'>κατὰ</span> <span class='ocrx_word' id='word_1_766' title='bbox 371 5058 503 5115; x_wconf 84' lang='grc' dir='ltr'>Θεοῦ</span> <span class='ocrx_word' id='word_1_767' title='bbox 527 5060 875 5131; x_wconf 84' lang='grc' dir='ltr'>βλασφημίας</span> <span class='ocrx_word' id='word_1_768' title='bbox 906 5061 1157 5133; x_wconf 81' lang='grc' dir='ltr'>εὑρετὴς,</span> <span class='ocrx_word' id='word_1_769' title='bbox 1182 5060 1318 5114; x_wconf 83' lang='grc' dir='ltr'>ἀλλὰ</span> <span class='ocrx_word' id='word_1_770' title='bbox 1343 5062 1438 5115; x_wconf 77' lang='grc' dir='ltr'><strong>καὶ</strong></span> <span class='ocrx_word' id='word_1_771' title='bbox 1471 5060 1630 5127; x_wconf 78' lang='grc' dir='ltr'>ζώοις</span> <span class='ocrx_word' id='word_1_772' title='bbox 1658 5065 1769 5126; x_wconf 76' lang='grc' dir='ltr'>τοῖς</span> 
     </span>
    </p>
   </div>
   <div class='ocr_carea' id='block_1_103' title="bbox 203 5142 1785 5225">
    <p class='ocr_par' dir='ltr' id='par_1_103' title="bbox 203 5149 1769 5225">
     <span class='ocr_line' id='line_1_104' title="bbox 203 5149 1769 5225; baseline -0.001 -17"><span class='ocrx_word' id='word_1_773' title='bbox 203 5152 401 5225; x_wconf 87' lang='grc' dir='ltr'>ἀγρίαν</span> <span class='ocrx_word' id='word_1_774' title='bbox 427 5149 588 5221; x_wconf 75' lang='grc' dir='ltr'>φύσιν</span> <span class='ocrx_word' id='word_1_775' title='bbox 629 5151 779 5223; x_wconf 74' lang='grc' dir='ltr'>παρὰ</span> <span class='ocrx_word' id='word_1_776' title='bbox 801 5151 896 5205; x_wconf 88' lang='grc' dir='ltr'><strong>τοῦ</strong></span> <span class='ocrx_word' id='word_1_777' title='bbox 927 5150 1271 5225; x_wconf 89' lang='grc' dir='ltr'>Δημιουργοῦ</span> <span class='ocrx_word' id='word_1_778' title='bbox 1307 5152 1550 5223; x_wconf 85' lang='grc' dir='ltr'>λαχοῦσι.</span> <span class='ocrx_word' id='word_1_779' title='bbox 1581 5152 1769 5223; x_wconf 83' lang='grc' dir='ltr'>σαφῶς</span> 
     </span>
    </p>
   </div>
   <div class='ocr_carea' id='block_1_104' title="bbox 1890 5142 3429 5225">
    <p class='ocr_par' dir='ltr' id='par_1_104' title="bbox 1890 5142 3429 5213">
     <span class='ocr_line' id='line_1_105' title="bbox 1890 5142 3429 5213; baseline -0.001 -13"><span class='ocrx_word' id='word_1_780' title='bbox 1890 5152 2102 5209; x_wconf 87' lang='lat' dir='ltr'><strong>nantes,</strong></span> <span class='ocrx_word' id='word_1_781' title='bbox 2127 5158 2247 5213; x_wconf 68' lang='lat' dir='ltr'><strong>quae</strong></span> <span class='ocrx_word' id='word_1_782' title='bbox 2291 5153 2538 5199; x_wconf 84' lang='lat' dir='ltr'><strong>naturam</strong></span> <span class='ocrx_word' id='word_1_783' title='bbox 2569 5157 2764 5199; x_wconf 61' lang='lat' dir='ltr'><strong>saevam</strong></span> <span class='ocrx_word' id='word_1_784' title='bbox 2806 5143 3010 5199; x_wconf 73' lang='lat' dir='ltr'><strong>sortitae</strong></span> <span class='ocrx_word' id='word_1_785' title='bbox 3039 5151 3167 5200; x_wconf 91' lang='lat' dir='ltr'><strong>sunt</strong></span> <span class='ocrx_word' id='word_1_786' title='bbox 3202 5158 3233 5196; x_wconf 90' lang='lat' dir='ltr'><strong>a</strong></span> <span class='ocrx_word' id='word_1_787' title='bbox 3260 5142 3429 5199; x_wconf 78' lang='lat' dir='ltr'><strong>Crea-</strong></span> 
     </span>
    </p>
   </div>
   <div class='ocr_carea' id='block_1_105' title="bbox 202 5234 1785 5315">
    <p class='ocr_par' dir='ltr' id='par_1_105' title="bbox 202 5241 1769 5315">
     <span class='ocr_line' id='line_1_106' title="bbox 202 5241 1769 5315; baseline -0.001 -17"><span class='ocrx_word' id='word_1_788' title='bbox 202 5243 360 5315; x_wconf 77' lang='grc' dir='ltr'>δίκην</span> <span class='ocrx_word' id='word_1_789' title='bbox 387 5241 581 5315; x_wconf 86' lang='grc' dir='ltr'>ἐχθροῦ</span> <span class='ocrx_word' id='word_1_790' title='bbox 614 5241 684 5295; x_wconf 82' lang='grc' dir='ltr'>τὰ</span> <span class='ocrx_word' id='word_1_791' title='bbox 717 5242 894 5297; x_wconf 84' lang='grc' dir='ltr'>πάντα</span> <span class='ocrx_word' id='word_1_792' title='bbox 921 5243 1187 5311; x_wconf 70' lang='grc' dir='ltr'>φιλαιτίου</span> <span class='ocrx_word' id='word_1_793' title='bbox 1210 5244 1352 5297; x_wconf 84' lang='grc' dir='ltr'><strong>κατὰ</strong></span> <span class='ocrx_word' id='word_1_794' title='bbox 1377 5243 1486 5297; x_wconf 87' lang='grc' dir='ltr'><strong>τῶν</strong></span> <span class='ocrx_word' id='word_1_795' title='bbox 1511 5244 1769 5315; x_wconf 86' lang='grc' dir='ltr'>δημιουρ-</span> 
     </span>
    </p>
   </div>
   <div class='ocr_carea' id='block_1_106' title="bbox 1890 5234 3427 5315">
    <p class='ocr_par' dir='ltr' id='par_1_106' title="bbox 1895 5234 3427 5306">
     <span class='ocr_line' id='line_1_107' title="bbox 1895 5234 3427 5306; baseline 0.001 -14"><span class='ocrx_word' id='word_1_796' title='bbox 1895 5253 2024 5304; x_wconf 89' lang='lat' dir='ltr'><strong>ore;</strong></span> <span class='ocrx_word' id='word_1_797' title='bbox 2054 5250 2206 5291; x_wconf 87' lang='lat' dir='ltr'><strong>more</strong></span> <span class='ocrx_word' id='word_1_798' title='bbox 2234 5235 2438 5290; x_wconf 90' lang='lat' dir='ltr'><strong>inimici</strong></span> <span class='ocrx_word' id='word_1_799' title='bbox 2467 5234 2563 5306; x_wconf 89' lang='lat' dir='ltr'><strong>qui</strong></span> <span class='ocrx_word' id='word_1_800' title='bbox 2598 5234 2779 5290; x_wconf 90' lang='lat' dir='ltr'><strong>omnia</strong></span> <span class='ocrx_word' id='word_1_801' title='bbox 2805 5249 3094 5302; x_wconf 88' lang='lat' dir='ltr'><strong>accusans,</strong></span> <span class='ocrx_word' id='word_1_802' title='bbox 3128 5235 3183 5293; x_wconf 88' lang='lat' dir='ltr'><strong>in</strong></span> <span class='ocrx_word' id='word_1_803' title='bbox 3209 5242 3427 5293; x_wconf 76' lang='lat' dir='ltr'><strong>creatu-</strong></span> 
     </span>
    </p>
   </div>
   <div class='ocr_carea' id='block_1_107' title="bbox 202 5324 1785 5409">
    <p class='ocr_par' dir='ltr' id='par_1_107' title="bbox 202 5333 1764 5409">
     <span class='ocr_line' id='line_1_108' title="bbox 202 5333 1764 5409; baseline -0.003 -18"><span class='ocrx_word' id='word_1_804' title='bbox 202 5336 463 5408; x_wconf 81' lang='grc' dir='ltr'>γημάτων</span> <span class='ocrx_word' id='word_1_805' title='bbox 496 5334 839 5409; x_wconf 76' lang='grc' dir='ltr'>κινούμενος.</span> <span class='ocrx_word' id='word_1_806' title='bbox 875 5333 1113 5403; x_wconf 86' lang='grc' dir='ltr'>Ἐλέγξει</span> <span class='ocrx_word' id='word_1_807' title='bbox 1152 5334 1208 5387; x_wconf 75' lang='grc' dir='ltr'><strong>δὲ</strong></span> <span class='ocrx_word' id='word_1_808' title='bbox 1256 5337 1284 5388; x_wconf 81' lang='grc' dir='ltr'>ὁ</span> <span class='ocrx_word' id='word_1_809' title='bbox 1312 5334 1468 5403; x_wconf 87' lang='grc' dir='ltr'>λόγος</span> <span class='ocrx_word' id='word_1_810' title='bbox 1496 5334 1592 5388; x_wconf 86' lang='grc' dir='ltr'><strong>τοῦ</strong></span> <span class='ocrx_word' id='word_1_811' title='bbox 1621 5335 1764 5388; x_wconf 82' lang='grc' dir='ltr'>ἁπα-</span> 
     </span>
    </p>
   </div>
   <div class='ocr_carea' id='block_1_108' title="bbox 1890 5324 3425 5409">
    <p class='ocr_par' dir='ltr' id='par_1_108' title="bbox 1890 5324 3425 5396">
     <span class='ocr_line' id='line_1_109' title="bbox 1890 5324 3425 5396; baseline 0.001 -15"><span class='ocrx_word' id='word_1_812' title='bbox 1890 5344 1961 5383; x_wconf 76' lang='lat' dir='ltr'><strong>as</strong></span> <span class='ocrx_word' id='word_1_813' title='bbox 1996 5327 2088 5382; x_wconf 84' lang='lat' dir='ltr'><strong>Dei</strong></span> <span class='ocrx_word' id='word_1_814' title='bbox 2134 5326 2431 5381; x_wconf 88' lang='lat' dir='ltr'><strong>invehitur.</strong></span> <span class='ocrx_word' id='word_1_815' title='bbox 2482 5324 2588 5381; x_wconf 90' lang='lat' dir='ltr'><strong>Sed</strong></span> <span class='ocrx_word' id='word_1_816' title='bbox 2632 5325 3020 5396; x_wconf 87' lang='lat' dir='ltr'><strong>blasphemiam</strong></span> <span class='ocrx_word' id='word_1_817' title='bbox 3054 5334 3325 5381; x_wconf 86' lang='lat' dir='ltr'><strong>amentem</strong></span> <span class='ocrx_word' id='word_1_818' title='bbox 3366 5334 3425 5383; x_wconf 75' lang='lat' dir='ltr'><strong>et</strong></span> 
     </span>
    </p>
   </div>
   <div class='ocr_carea' id='block_1_109' title="bbox 201 5419 1785 5497">
    <p class='ocr_par' dir='ltr' id='par_1_109' title="bbox 201 5424 1585 5497">
     <span class='ocr_line' id='line_1_110' title="bbox 201 5424 1585 5497; baseline -0.001 -14"><span class='ocrx_word' id='word_1_819' title='bbox 201 5425 402 5491; x_wconf 79' lang='grc' dir='ltr'>τεῶνος</span> <span class='ocrx_word' id='word_1_820' title='bbox 431 5426 531 5497; x_wconf 77' lang='grc' dir='ltr'>τὴν</span> <span class='ocrx_word' id='word_1_821' title='bbox 560 5426 753 5496; x_wconf 77' lang='grc' dir='ltr'>ἄλογον</span> <span class='ocrx_word' id='word_1_822' title='bbox 786 5425 880 5480; x_wconf 78' lang='grc' dir='ltr'>καὶ</span> <span class='ocrx_word' id='word_1_823' title='bbox 908 5427 965 5479; x_wconf 87' lang='grc' dir='ltr'><strong>ἐν</strong></span> <span class='ocrx_word' id='word_1_824' title='bbox 989 5424 1199 5489; x_wconf 85' lang='grc' dir='ltr'>τούτοις</span> <span class='ocrx_word' id='word_1_825' title='bbox 1219 5425 1585 5497; x_wconf 76' lang='grc' dir='ltr'>βλασφημίαν.</span> 
     </span>
    </p>
   </div>
   <div class='ocr_carea' id='block_1_110' title="bbox 1890 5419 3426 5497">
    <p class='ocr_par' dir='ltr' id='par_1_110' title="bbox 1890 5419 3426 5491">
     <span class='ocr_line' id='line_1_111' title="bbox 1890 5419 3426 5491; baseline 0.004 -17"><span class='ocrx_word' id='word_1_826' title='bbox 1890 5419 2154 5474; x_wconf 66' lang='lat' dir='ltr'><strong>recordem</strong></span> <span class='ocrx_word' id='word_1_827' title='bbox 2186 5420 2347 5475; x_wconf 87' lang='lat' dir='ltr'><strong>istius</strong></span> <span class='ocrx_word' id='word_1_828' title='bbox 2386 5419 2693 5490; x_wconf 73' lang='lat' dir='ltr'><strong>deceptoris</strong></span> <span class='ocrx_word' id='word_1_829' title='bbox 2733 5421 2789 5475; x_wconf 89' lang='lat' dir='ltr'><strong>in</strong></span> <span class='ocrx_word' id='word_1_830' title='bbox 2834 5420 3146 5491; x_wconf 73' lang='lat' dir='ltr'><strong>huiusmodi</strong></span> <span class='ocrx_word' id='word_1_831' title='bbox 3178 5420 3426 5480; x_wconf 80' lang='lat' dir='ltr'><strong>animan-</strong></span> 
     </span>
    </p>
   </div>
   <div class='ocr_carea' id='block_1_111' title="bbox 1871 5511 3248 5584">
    <p class='ocr_par' dir='ltr' id='par_1_111' title="bbox 1871 5511 3248 5584">
     <span class='ocr_line' id='line_1_112' title="bbox 1871 5511 3248 5584; baseline 0.003 -18"><span class='ocrx_word' id='word_1_832' title='bbox 1871 5511 2019 5567; x_wconf 90' lang='lat' dir='ltr'><strong>tibus</strong></span> <span class='ocrx_word' id='word_1_833' title='bbox 2047 5526 2227 5566; x_wconf 90' lang='lat' dir='ltr'><strong>sermo</strong></span> <span class='ocrx_word' id='word_1_834' title='bbox 2260 5523 2439 5569; x_wconf 77' lang='lat' dir='ltr'><strong>nostet</strong></span> <span class='ocrx_word' id='word_1_835' title='bbox 2473 5512 2781 5584; x_wconf 82' lang='lat' dir='ltr'><strong>redarguet.</strong></span> <span class='ocrx_word' id='word_1_836' title='bbox 3243 5518 3248 5523; x_wconf 86' lang='grc'><strong>’</strong></span> 
     </span>
    </p>
   </div>
   <div class='ocr_carea' id='block_1_112' title="bbox 272 5599 1785 5676">
    <p class='ocr_par' dir='ltr' id='par_1_112' title="bbox 272 5601 1765 5676">
     <span class='ocr_line' id='line_1_113' title="bbox 272 5601 1765 5676; baseline -0.001 -21"><span class='ocrx_word' id='word_1_837' title='bbox 272 5603 448 5676; x_wconf 81' lang='grc' dir='ltr'>Θηρία</span> <span class='ocrx_word' id='word_1_838' title='bbox 481 5603 589 5674; x_wconf 80' lang='grc' dir='ltr'>γὰρ</span> <span class='ocrx_word' id='word_1_839' title='bbox 622 5603 835 5659; x_wconf 75' lang='grc' dir='ltr'>ᾶπαντα</span> <span class='ocrx_word' id='word_1_840' title='bbox 875 5601 1179 5674; x_wconf 79' lang='grc' dir='ltr'>τετράποδά</span> <span class='ocrx_word' id='word_1_841' title='bbox 1214 5617 1274 5655; x_wconf 84' lang='grc' dir='ltr'><strong>τε</strong></span> <span class='ocrx_word' id='word_1_842' title='bbox 1310 5602 1403 5655; x_wconf 85' lang='grc' dir='ltr'>καὶ</span> <span class='ocrx_word' id='word_1_843' title='bbox 1435 5601 1638 5672; x_wconf 78' lang='grc' dir='ltr'>ἑρπετὰ</span> <span class='ocrx_word' id='word_1_844' title='bbox 1666 5616 1765 5655; x_wconf 86' lang='grc' dir='ltr'>κα-</span> 
     </span>
    </p>
   </div>
   <div class='ocr_carea' id='block_1_113' title="bbox 1890 5599 3426 5676">
    <p class='ocr_par' dir='ltr' id='par_1_113' title="bbox 1941 5599 3426 5676">
     <span class='ocr_line' id='line_1_114' title="bbox 1941 5599 3426 5676; baseline 0.001 -17"><span class='ocrx_word' id='word_1_845' title='bbox 1941 5599 2148 5659; x_wconf 85' lang='lat' dir='ltr'><strong>Omnes</strong></span> <span class='ocrx_word' id='word_1_846' title='bbox 2199 5604 2343 5659; x_wconf 88' lang='lat' dir='ltr'><strong>enim</strong></span> <span class='ocrx_word' id='word_1_847' title='bbox 2381 5602 2526 5660; x_wconf 88' lang='lat' dir='ltr'><strong>l&#39;eras</strong></span> <span class='ocrx_word' id='word_1_848' title='bbox 2572 5618 2639 5659; x_wconf 82' lang='lat' dir='ltr'><strong>ac</strong></span> <span class='ocrx_word' id='word_1_849' title='bbox 2676 5603 2902 5672; x_wconf 82' lang='lat' dir='ltr'><strong>bestias,</strong></span> <span class='ocrx_word' id='word_1_850' title='bbox 2950 5601 3328 5676; x_wconf 71' lang='lat' dir='ltr'><strong>quadrupedes</strong></span> <span class='ocrx_word' id='word_1_851' title='bbox 3358 5612 3426 5660; x_wconf 74' lang='grc' dir='ltr'><strong>αι</strong></span> 
     </span>
    </p>
   </div>
  </div>
