3838 6158
404 167 545 241 i475

1502 246 1517 253 -
1551 197 1685 254 TITI
1727 200 2151 260 BOSTRENSIS
2180 206 2482 265 EPISCOPI

3498 223 3666 277 i176

404 308 682 372 serpentes
708 317 834 359 cum
859 305 1154 378 vituperat,
1195 309 1416 381 perinde
1444 314 1574 369 mihi
1605 314 1787 372 facere
1816 318 1968 373 vide-

2074 320 2258 387 κίζων,
2315 325 2691 398 παραπλήσιόν
2726 344 2779 380 τι
2825 329 3052 400 πάσχειν
3092 349 3180 403 μοι
3229 333 3395 397 δοκεῖ,
3444 334 3659 409 ὥσπερ

403 404 514 460 tur,
548 404 609 451 ut
643 398 690 453 si
712 397 837 469 quis
865 415 1058 456 servus
1092 401 1309 460 deditus
1329 410 1569 475 peccatis
1591 417 1646 464 et
1674 410 1965 480 improbis-

404 487 601 552 simus,
641 489 747 543 alia
791 491 1009 561 quidem
1055 493 1263 550 domini
1296 505 1350 552 et
1378 501 1620 556 auctoris
1645 502 1731 557 sui
1771 518 1968 572 appro-

404 575 516 640 bet,
548 575 677 633 odio
706 587 885 635 autem
907 582 1103 637 habeat
1130 594 1183 638 et
1219 586 1540 656 criminetur
1582 588 1848 661 ﬂagellum
1879 608 1970 646 so-

405 665 515 720 lum
551 669 696 737 quod
722 678 979 741 apparet;
1026 672 1119 739 qui
1155 672 1276 743 ipso
1303 676 1522 745 quidem
1552 678 1679 732 odio
1709 680 1965 746 ostendit,

403 772 570 826 quam
614 762 987 817 necessarium
1047 763 1119 819 sit
1160 764 1432 837 ﬂagellum
1464 771 1773 839 appositum
1811 791 1822 826 :
1868 773 1968 827 ho-

404 850 580 906 mines
610 854 753 907 enim
780 854 965 910 faciles
993 867 1047 910 et
1072 858 1247 926 parati
1289 858 1355 913 ad
1388 861 1708 931 capiendam
1738 864 1968 920 oblivio-

403 958 526 997 nem
574 955 766 999 contra
817 944 1010 1014 Deum,
1066 951 1113 1005 si
1153 951 1290 1005 nihil
1337 952 1601 1009 haberent
1664 957 1719 1009 in
1765 958 1969 1013 fabrica

406 1037 595 1091 mundi
628 1037 771 1108 quod
802 1039 1024 1112 dignum
1053 1051 1175 1097 esSe
1210 1050 1357 1098 metu
1401 1057 1704 1116 appareret,
1735 1050 1968 1120 amplius

409 1128 628 1197 quidem
657 1132 1016 1200 procederent
1038 1134 1221 1189 animo
1252 1144 1305 1191 et
1333 1137 1610 1194 voluntate
1641 1148 1835 1194 contra
1864 1141 1970 1197 De—

401 1234 531 1281 um;
573 1223 815 1278 accusati
856 1239 988 1279 vero
1025 1234 1211 1281 essent
1255 1243 1364 1281 non
1391 1237 1560 1292 recte,
1595 1239 1779 1300 utpote
1820 1233 1969 1287 nulla

404 1325 462 1365 re
491 1326 681 1367 earum
713 1329 835 1384 quae
866 1325 1130 1386 apparent
1173 1319 1415 1375 excitati.
1462 1320 1576 1376 Etsi
1606 1322 1747 1376 enim
1777 1330 1971 1379 natura

401 1402 547 1458 inest
586 1405 745 1461 nobis
784 1406 1008 1463 libertas
1040 1409 1105 1463 ad
1136 1409 1443 1480 eligendum
1473 1411 1618 1482 quod
1651 1414 1844 1469 melius
1864 1424 1966 1479 est,

400 1502 586 1550 tamen
615 1504 838 1567 propter
867 1498 1142 1569 ignaviam
1188 1499 1349 1557 facile
1385 1503 1443 1557 in
1473 1503 1800 1561 oblivionem
1832 1506 1972 1560 inci-

399 1586 606 1643 dimus.
639 1587 807 1644 Multa
836 1590 1000 1661 igitur
1028 1601 1156 1647 sunt
1194 1609 1314 1663 quae
1339 1597 1650 1652 necessario
1681 1598 1966 1669 cogitatio.

402 1693 529 1733 nem
557 1688 803 1735 nostram
841 1682 910 1736 ad
953 1681 1123 1739 Deum
1154 1684 1350 1740 timore
1380 1687 1651 1743 excitant:
1683 1689 1825 1745 sicut
1850 1706 1971 1744 rur-

404 1783 502 1825 sus
538 1770 795 1840 plurima,
830 1787 951 1843 qua:
993 1774 1136 1830 hanc
1162 1776 1549 1846 cogitationem
1582 1794 1678 1849 per
1727 1780 1977 1853 benigni-

404 1867 593 1925 tatem,
624 1869 679 1917 et
715 1863 876 1919 bonis
929 1863 1145 1920 fruendi
1192 1867 1405 1937 c0piam
1451 1875 1506 1922 et
1554 1866 1862 1925 facultatem
1906 1871 1975 1926 ad

406 1951 646 2020 agendas
688 1952 894 2023 gratias
938 1952 1186 2009 Creatori
1235 1962 1498 2010 movent:
1540 1957 1786 2027 utrisque
1828 1957 1974 2012 enim

403 2042 707 2107 erudimur,
735 2054 788 2099 et
819 2045 1159 2100 instituimur
1191 2047 1258 2103 iis
1278 2048 1478 2117 quibus
1528 2055 1788 2118 tanquam
1816 2050 1976 2108 bonis

406 2131 659 2193 fruimur,
685 2141 741 2188 et
765 2134 833 2188 iis
862 2134 1061 2204 quibus
1091 2142 1347 2206 tanquam
1384 2135 1736 2192 horribilibus
1766 2146 1821 2192 et
1850 2153 1975 2207 per-

406 2224 751 2279 tirlescendis
777 2224 1169 2280 convertimur.

2069 411 2134 465 ἂν
2170 414 2224 465 ei
2266 431 2349 478 τις
2377 415 2813 488 φιλαμαρτήμων
2855 418 3040 483 δοῦλος
3076 423 3170 475 καὶ
3206 422 3325 477 λίαν
3376 424 3656 497 πονηρὸς,

2066 504 2135 557 τὰ
2171 505 2269 576 μὲν
2306 506 2439 561 ἄλλα
2479 508 2574 562 τοῦ
2617 508 2871 564 δεσπότου
2905 512 3068 565 αὐτοῦ
3107 514 3469 568 ἀκαταιτίατα
3503 518 3659 569 ἀπο-

2071 596 2293 668 δέχοιτο,
2337 600 2518 671 μισοίη
2560 600 2615 654 δὲ
2660 603 2755 655 καὶ
2785 602 3056 658 διαὸάλλοι
3105 606 3342 676 μάστιγά
3388 625 3496 660 που
3546 609 3659 660 καὶ

2072 690 2231 760 μόνον
2278 693 2639 764 φαινομένην·
2686 694 2835 766 αὐτῷ
2879 712 2944 765 γε
2989 697 3065 768 τῷ
3110 701 3283 769 μισεῖν
3322 701 3353 752 ό
3395 699 3661 763 τοιοῦτος

2067 779 2299 845 δεικνὺς,
2341 782 2417 847 ὼς
2451 784 2744 854 ἀναγκαῖον
2788 785 2849 839 τὸ
2887 787 3314 858 παρακείμενονο
3356 789 3655 860 ἄνθρωποι

2068 871 2199 943 γὰρ,
2251 872 2389 944 πρὸς
2438 873 2538 946 τὴν
2572 876 2713 930 κατὰ
2752 875 2887 930 Θεοῦ
2931 877 3097 949 λήθην
3128 878 3405 949 πρόχειροι
3427 880 3659 949 τυγχά-

2068 983 2283 1029 νοντες,
2326 967 2376 1018 εἰ
2435 966 2600 1037 μηδὲν
2640 966 2787 1032 ἀξιον
2829 967 2981 1031 δέους
3024 969 3342 1040 φαινόμενον
3384 967 3543 1041 εἶχον
3589 971 3661 1022 ἐν

2068 1056 2435 1128 δημιουργίᾳ,
2485 1057 2645 1111 πλέον
2697 1059 2794 1129 μὲν
2847 1058 2912 1113 ἂν
2952 1060 3326 1130 ἐχωρίσθησαν
3378 1061 3661 1132 προθέσει

2068 1148 2164 1203 τοῦ
2208 1149 2365 1215 Θεοῦ,
2419 1150 2715 1223 ᾐτιάθησαν
2753 1151 2811 1205 δὲ
2858 1152 2959 1205 οὐκ
2995 1152 3261 1220 εὐλόγως,
3297 1153 3395 1206 ἅτε
3440 1152 3515 1223 δὴ
3560 1152 3664 1205 διὰ

2072 1242 2296 1314 μηδενὸς
2328 1241 2436 1295 τῶν
2492 1243 2829 1315 φαινομένων
2879 1244 3284 1314 διεγειρόμενοι.
3324 1246 3391 1297 Εἰ
3429 1244 3554 1315 γὰρ
3584 1244 3665 1314 δὴ

2069 1336 2165 1388 καὶ
2194 1334 2485 1406 πρόσεστιν
2508 1336 2640 1406 ἡμῖν
2668 1334 2825 1404 φύσει
2857 1335 2917 1388 τὸ
2935 1334 3238 1406 ἐλευθέριον
3267 1336 3404 1408 πρὸς
3423 1336 3670 1407 αἵρεσιν

2068 1424 2163 1479 τοῦ
2195 1425 2536 1498 κρείττονος,
2579 1425 2715 1481 ἀλλά
2742 1443 2806 1494 γε
2855 1425 2943 1480 διὰ
2991 1426 3270 1498 ῥᾳστώνης
3309 1426 3519 1499 ῥαδίως
3565 1428 3669 1489 εἰς

2068 1516 2239 1587 λήθην
2280 1517 2645 1589 ἐμπίπτομεν.
2683 1517 2860 1572 Πολλὰ
2902 1518 3084 1571 τοίνυν
3133 1519 3279 1572 ἐστὶν
3321 1518 3665 1587 ἀναγκαίως

2070 1607 2139 1660 τὰ
2172 1607 2504 1679 διεγείροντα
2530 1607 2606 1678 τῷ
2635 1608 2743 1691 δέει
2789 1610 2925 1679 πρὸς
2956 1609 3049 1663 τὸν
3080 1609 3211 1663 Θεὸν
3242 1609 3337 1664 τδν
3366 1610 3667 1680 ἡμέτερον

2070 1699 2325 1771 λογισμόν
2347 1717 2361 1731 ο
2386 1700 2574 1770 ὥσπερ
2592 1696 2747 1765 αὖθις
2768 1702 3058 1773 πάμπολλα
3082 1702 3148 1757 τὰ
3169 1702 3422 1757 κινοῦντα
3444 1702 3663 1756 τοῦτον

2068 1791 2156 1845 διὰ
2180 1792 2540 1863 χρηστότητος
2569 1792 2662 1847 καὶ
2689 1792 3039 1857 ἀπολαύσεως
3064 1792 3279 1861 ἀγαθῶν
3308 1794 3389 1856 εἰς
3410 1791 3662 1863 χάριτος

2069 1883 2357 1954 ὁμολογίαν
2395 1883 2488 1937 τοῦ
2523 1885 2864 1957 Δημιουργοῦ
2887 1902 2899 1913 ·
2951 1882 3230 1957 ἑκατέροις
3261 1884 3370 1958 γὰρ
3399 1887 3661 1938 ἀποτεαι-

2069 1974 2484 2046 δαγωγούμεθα,
2512 1960 2623 2040 οἷός
2650 1994 2710 2030 τε
2743 1977 2818 2040 ὡς
2847 1978 3015 2048 ἡδέων
3042 1977 3404 2048 ἀπολαύομεν,
3430 1976 3533 2030 καὶ
3558 1974 3667 2038 οἷς

2068 2064 2144 2130 ὡς
2175 2064 2262 2119 διὰ
2296 2065 2540 2137 φοϐερῶν
2578 2068 3033 2141 ἐπιστρεφόμεθα.

1221 2338 1352 2396 Car.
1392 2340 1536 2396 XXI.
1580 2340 1750 2397 Nulla
1778 2344 1987 2398 malitia
2024 2344 2138 2400 sine
2171 2346 2465 2417 cognitione
2489 2355 2539 2401 et
2566 2347 2823 2401 libertate.

473 2455 629 2523 Quod
660 2456 826 2528 igitur
849 2471 1051 2513 saevum
1082 2464 1166 2513 est
1195 2465 1411 2521 natura,
1442 2458 1707 2514 horribile
1738 2468 1841 2524 est,
1871 2460 1968 2515 sed

401 2562 512 2603 non
541 2548 780 2615 malum;
814 2549 1021 2604 malitia
1049 2548 1193 2603 enim
1231 2556 1286 2603 et
1313 2549 1555 2617 nequitia
1588 2549 1799 2605 affectio
1821 2552 1967 2621 cogi-

298 2691 302 2694 .
402 2639 631 2695 tationis
663 2647 813 2694 sunt.
858 2639 1145 2710 Appetitus
1168 2648 1349 2694 autem
1379 2641 1644 2696 naturalis
1668 2642 1747 2697 sic
1772 2642 1969 2717 factus,

402 2733 471 2787 ab
499 2732 648 2787 omni
669 2733 829 2803 culpa
857 2739 910 2787 et
941 2733 1171 2787 crimine
1199 2733 1464 2789 liberatus
1486 2743 1591 2789 est.
1621 2733 1762 2789 Deus
1785 2742 1964 2790 autem

2141 2461 2372 2533 Φοὸερὸν
2398 2462 2575 2515 τοίνυν
2606 2460 2667 2513 τὸ
2700 2461 2888 2531 ἄγριον
2916 2459 3055 2513 κατά
3078 2458 3256 2529 φύσιν,
3279 2458 3336 2513 ού
3363 2457 3606 2528 πονηρόν
3625 2474 3651 2486 ’

2074 2554 2308 2625 πονηρία
2344 2552 2452 2624 γὰρ
2486 2554 2579 2606 καὶ
2624 2554 2794 2607 κακία
2841 2551 3101 2622 λογισμοῦ
3147 2549 3347 2614 πάθος’
3396 2549 3546 2620 ὁρμὴ
3581 2548 3651 2600 δὲ

2075 2643 2274 2715 φυσικὴ
2307 2643 2448 2698 οὕτω
2494 2643 2974 2715 κατεσκευασμένη
3019 2643 3198 2713 πάσης
3241 2642 3420 2705 αἰτίας
3454 2640 3649 2710 ἀπήλ-

2072 2734 2286 2790 λακται.
2322 2735 2454 2798 Θεὸς
2489 2735 2567 2799 δὲ,
2610 2735 2918 2807 φειδόμενος
2950 2732 3283 2806 ἀνθρώπων,
3315 2748 3651 2803 πεποιηκεν,

400 2822 774 2878 misericordia
809 2839 937 2895 erga
984 2823 1230 2880 homines
1278 2831 1460 2879 motus
1482 2864 1497 2891 ,
1548 2823 1699 2891 fecit,
1729 2835 1790 2880 ut
1822 2835 1966 2882 metu

2074 2828 2159 2883 ἵνα
2182 2828 2260 2899 τῷ
2284 2829 2391 2883 δέει
2414 2829 2522 2883 τῶν
2550 2828 2756 2898 ἀλόγων
2785 2827 2845 2881 τὸ
2874 2828 3088 2899 λογικὸν
3110 2829 3207 2899 τῆς
3232 2824 3653 2893 καλοκαγαθίας

401 2926 457 2973 et
485 2917 717 2973 horrore
737 2918 1034 2974 bestiarum
1056 2918 1265 2974 ratione
1291 2920 1613 2982 Carentium,
1645 2919 1968 2989 probitatem

2077 2920 2524 2993 μεταδιώξωμεν
2564 2920 2656 2975 καὶ
2688 2919 2856 2974 κακὸν
2896 2921 2955 2972 ἐν
2999 2917 3209 2981 τούτοις
3248 2916 3427 2970 οὐδέν·
3463 2915 3495 2967 ὅ
3531 2914 3647 2984 γὰρ

401 3027 523 3081 qua:
556 3011 625 3065 ad
655 3021 860 3082 partem
907 3013 1138 3068 rationis
1188 3020 1494 3081 compotem
1535 3012 1789 3083 pertinet,
1831 3027 1967 3066 con-

2075 3014 2149 3086 μὴ
2180 3008 2320 3067 οἶδεν
2350 3013 2429 3066 ὅτι
2481 3013 2648 3075 ἐστὶν,
2676 3010 2791 3075 πῶς
2832 3011 2997 3065 κακόν
3034 3012 3212 3074 ἐστιν;
3241 3009 3316 3071 ὡς
3342 3010 3441 3078 οὐχ
3472 3004 3648 3078 ἦττον

405 3112 742 3158 sectaremur
771 3123 782 3157 :
815 3112 869 3159 et
892 3104 1030 3158 nihil
1067 3105 1121 3158 in
1151 3104 1464 3174 huiusmodi
1499 3103 1692 3159 bestiis
1736 3119 1800 3157 ac
1838 3102 1968 3171 feris

2074 3104 2166 3157 καὶ
2202 3101 2372 3166 οὕτως
2403 3101 2482 3173 τῷ
2510 3103 2743 3156 Μάνεντι
2766 3103 2857 3156 καὶ
2885 3104 2914 3155 ὁ
2942 3099 3190 3172 περὶτῆς
3213 3099 3410 3164 κακίας
3441 3099 3647 3169 αὐτῆς,

403 3194 644 3261 malum;
677 3194 825 3266 quod
852 3195 997 3250 enim
1030 3211 1139 3249 non
1180 3196 1332 3251 novit
1361 3195 1507 3266 quod
1545 3202 1649 3260 est,
1697 3196 1968 3266 quomodo

2074 3195 2137 3267 ἢν
2174 3195 2515 3266 πλασάμενος
2542 3196 2714 3267 ἀρχὴν
2747 3195 3037 3264 ἀγέννητον
3061 3193 3230 3258 καλεῖ,
3252 3193 3408 3261 λόγος
3429 3190 3644 3259 διελέγ-

404 3287 608 3341 malum
650 3288 772 3342 est?
826 3294 888 3343 ut
922 3287 1035 3358 jam
1082 3302 1194 3342 non
1233 3289 1414 3343 minus
1458 3288 1537 3343 sic
1585 3289 1964 3360 redarguatur,

2074 3302 2254 3357 χεται’
2309 3287 2566 3358 λογισμὸν
2599 3288 2697 3359 μὲν
2736 3287 2845 3357 γὰρ
2894 3287 3029 3357 αὐτῇ
3067 3286 3160 3339 καὶ
3204 3283 3404 3353 γνῶσιν
3438 3282 3648 3346 κακίας

405 3376 550 3447 quod
583 3374 915 3433 Manichacus
949 3376 1113 3432 tradit
1139 3376 1207 3432 de
1239 3377 1505 3448 nequitia,
1545 3392 1708 3448 quam
1736 3379 1891 3432 ﬁnxit
1918 3387 1968 3433 et

2077 3379 2139 3432 ού
2172 3379 2405 3445 δίδωσιν,
2433 3380 2519 3432 ἵνα
2551 3381 2624 3451 μὴ
2655 3380 2747 3433 καὶ
2776 3378 3013 3448 τάγαθοῦ
3043 3378 3141 3450 τὴν
3166 3375 3415 3447 αἴσθησιν
3440 3374 3647 3445 ἔχουσα

404 3467 710 3539 ingenitum
742 3467 1071 3539 principium
1119 3476 1284 3522 vocat
1315 3485 1329 3522 :
1378 3482 1489 3521 non
1530 3468 1675 3523 enim
1706 3468 1895 3522 tribuit
1922 3470 1968 3523 ei

2075 3487 2139 3540 γε
2183 3470 2410 3542 εὑρεθῇο
2444 3469 2585 3523 οὕτω
2626 3470 2733 3542 γὰρ
2775 3468 3115 3539 ἀποδειχθείη
3150 3467 3225 3539 μὴ
3263 3464 3396 3521 οὖσα
3437 3466 3641 3519 κακίω

402 3561 782 3630 cogitationem
822 3565 877 3614 et
915 3558 1279 3629 cognitionem
1320 3558 1593 3629 nequitia,
1636 3575 1704 3614 ne
1738 3559 1783 3613 si
1814 3574 1968 3629 repe-

2074 3559 2274 3628 γνῶσις
2329 3558 2435 3631 γὰρ
2471 3558 2674 3628 ἀγαθοῦ
2736 3559 3011 3630 μαρτυρία
3057 3558 3272 3627 φύσεως
3320 3557 3380 3610 ού
3425 3556 3640 3626 κιικεῖςς⁸

402 3652 580 3707 riatur
606 3652 808 3707 habere
852 3667 1072 3707 sensum
1117 3650 1271 3715 boni,
1316 3650 1420 3705 hac
1451 3651 1659 3706 ratione
1686 3660 1965 3723 appareat,

2076 3651 2356 3720 ἀλόγιστον
2389 3651 2445 3705 δέ
2476 3651 2571 3705 καὶ
2599 3649 2850 3718 γνώσεως
2876 3649 3077 3723 ἔρημον
3105 3648 3273 3719 αὐτὴν
3295 3646 3642 3718 ὁριζόμενος,

401 3757 511 3797 non
537 3758 660 3799 esse
691 3743 964 3813 nequitia:
1005 3742 1245 3821 cognitio
1269 3744 1412 3797 enim
1435 3743 1562 3798 boni
1593 3744 1967 3798 testimonium

2074 3745 2163 3799 τοῦ
2210 3746 2347 3817 ὅπερ
2402 3746 2518 3798 ἐστὶ
2569 3743 2664 3798 καὶ
2690 3743 2827 3815 αὑτὴ
2861 3743 2958 3816 τὴν
3009 3742 3210 3812 γνῶσιν
3263 3741 3435 3811 αὐτὴν
3475 3741 3643 3808 ἀφαι-

399 3842 486 3889 est
513 3832 724 3889 natura:
747 3850 857 3889 non
888 3833 1061 3889 malae.
1094 3832 1424 3889 Manichacus
1456 3850 1604 3900 vero,
1635 3850 1757 3889 cum
1783 3835 1970 3904 nequi-
2077 3838 2272 3907 ρεῖται.

399 3925 533 3979 tiam
580 3927 770 3982 statuit
824 3927 1035 3981 ratione
1107 3939 1314 3991 carere,
1359 3936 1413 3981 et
1452 3926 1760 3998 cOgnitione
1813 3927 2081 3998 privatam
2134 3942 2277 3994 esse,
2316 3941 2434 3982 eam
2478 3925 2642 3981 etiam
2681 3927 2858 3995 privat
2912 3924 3219 3996 cognitione
3283 3923 3429 3994 ejus,
3491 3919 3643 3991 quod

400 4018 521 4075 ipsa
548 4027 651 4075 est.

459 4035 521 4074 sa
548 4035 651 4075 εει.

422 4035 531 4168 Ρὸἰ
565 4112 709 4168 enim
736 4113 933 4172 sentiat
958 4118 1012 4165 et
1039 4118 1349 4182 cognoscat,
1376 4109 1521 4181 quod
1552 4110 1695 4164 mala
1722 4117 1826 4174 est,
1851 4124 1970 4164 sen-

398 4205 497 4260 tiet
540 4203 763 4258 omnino
796 4201 1130 4255 contrarium
1180 4201 1416 4256 evadens
1473 4200 1634 4255 bona.
1684 4197 1962 4268 Siquidem

2143 4106 2207 4159 Ei
2234 4103 2343 4177 γὰρ
2376 4101 2628 4175 αἴσθηται
2658 4102 2751 4155 καὶ
2775 4100 2888 4172 γνῷ
2922 4100 3291 4172 κακυνομένη,
3313 4099 3641 4170 αἰσθησεται

2074 4198 2290 4261 πάντως
2334 4195 2426 4249 τοῦ
2484 4196 2725 4249 ἐναντίου
2777 4192 3184 4264 ἁγαθυνομένηι
3242 4194 3494 4265 φωρᾶται
3536 4194 3645 4264 γὰρ

398 4296 603 4350 malum
646 4294 858 4349 ratione
898 4292 1322 4362 deprehenditur
1375 4307 1541 4349 sensu
1592 4298 1647 4346 et
1682 4305 1968 4360 compara-

2074 4288 2316 4359 λογισμῷ
2346 4287 2406 4340 τὸ
2456 4287 2624 4341 κακὸν
2673 4289 2740 4357 τῇ
2775 4285 3056 4356 αἰσθήσει,
3103 4284 3196 4338 καὶ
3239 4289 3304 4357 τῇ
3335 4285 3644 4356 παραθέσει

400 4393 549 4445 tione
582 4387 709 4443 boni
746 4392 842 4442 :ut
873 4386 918 4442 si
957 4386 1308 4441 manifestum
1370 4385 1444 4439 sit
1487 4383 1709 4448 malum,
1752 4391 1969 4437 contra-

398 4479 541 4532 rium
562 4492 781 4548 quoque
799 4477 869 4531 sit
889 4475 1236 4531 manifestum
1258 4493 1271 4542 ;
1292 4489 1451 4528 omne
1462 4473 1605 4528 enim
1631 4473 1967 4527 contrarium

397 4571 647 4643 probatio
685 4580 739 4626 et
771 4569 931 4624 index
964 4577 1049 4625 est
1093 4567 1377 4632 contrarii,
1433 4566 1743 4637 cognitione
1787 4574 1967 4620 tamen

397 4671 454 4719 et
486 4662 717 4733 judicio.
748 4661 878 4716 Sine.
919 4662 1231 4732 cognitione
1266 4660 1409 4714 enim
1440 4668 1695 4714 neutrum
1726 4665 1810 4713 est
1835 4658 1968 4712 alte-

395 4754 513 4810 rius
543 4755 833 4829 judicatio.
869 4753 926 4808 Si
957 4754 1119 4824 igitur
1149 4752 1391 4822 nequitia
1432 4766 1491 4807 se
1523 4751 1695 4821 ipsam
1728 4750 1964 4821 ignorat,

394 4853 450 4901 et
484 4846 818 4917 cogitatione
856 4861 967 4900 non
995 4845 1222 4914 suscipit
1249 4845 1474 4905 malum,
1505 4858 1614 4896 non
1647 4843 1750 4897 erit
1773 4841 1967 4912 nequi-

396 4936 509 5006 tia;
541 4936 747 4993 frustra
777 4947 831 4992 et
858 4952 998 4992 vane
1036 4936 1389 4991 accusabitur
1416 4953 1431 5001 ;
1460 4934 1704 5005 nequitia
1735 4934 1876 4989 enim
1903 4934 1967 4988 li-

396 5025 527 5081 bera
557 5042 587 5079 a
619 5027 832 5083 ratione
889 5027 1082 5081 similis
1122 5033 1204 5083 est
1244 5024 1576 5096 phrenetico,
1630 5025 1685 5079 id
1724 5031 1830 5085 est,
1884 5022 1967 5076 fu-

397 5120 547 5175 rioso
571 5120 623 5173 in
653 5118 803 5175 febre
837 5127 932 5173 aut
969 5120 1023 5172 in
1051 5119 1158 5173 alio
1188 5134 1357 5186 casu;
1382 5118 1475 5188 qui
1506 5117 1652 5188 quod
1681 5116 1828 5179 facit,
1870 5131 1967 5170 ne-

395 5211 520 5273 scit,
566 5211 655 5265 cui
697 5225 890 5266 omnes
912 5211 1196 5281 ignoscere
1242 5209 1648 5276 consuevimus,
1688 5223 1753 5262 ac
1791 5207 1965 5277 magis

393 5302 614 5372 quidem
645 5303 710 5358 ad
748 5304 953 5357 luctum
989 5301 1280 5367 ﬂectimur,
1309 5318 1341 5356 a
1375 5303 1618 5372 nequitia
1667 5316 1790 5355 eum
1833 5301 1966 5354 libe-

393 5402 621 5461 rantes;
649 5411 772 5451 cum
798 5397 917 5451 sine
946 5411 1112 5451 causa
1140 5395 1391 5465 percutit,
1428 5406 1522 5449 aut
1549 5394 1713 5451 etiam
1742 5392 1962 5457 occidit,

395 5485 444 5540 si
472 5485 708 5556 gladium
727 5487 980 5557 reperiat.
1020 5485 1111 5542 Sic
1133 5488 1387 5542 omnibus
1414 5487 1518 5542 hoc
1548 5486 1838 5541 manifesto
1868 5501 1965 5556 pa-

391 5584 512 5646 tet;
543 5586 596 5635 ct
643 5578 747 5640 hoc
770 5579 1040 5650 judicium
1070 5594 1361 5637 commune
1392 5586 1477 5637 est
1500 5594 1563 5636 ac
1591 5585 1800 5635 natura:
1828 5593 1963 5635 con-

2070 4381 2165 4435 τοῦ
2203 4377 2440 4450 ἀγαθοῦο
2470 4379 2566 4443 ὡς,
2590 4380 2638 4432 εί
2666 4377 2824 4448 δῆλον
2851 4377 3107 4449 ὑπάρχοι,
3137 4377 3447 4432 τούναντίον
3474 4381 3629 4433 κατά-

2069 4474 2226 4544 δηλον
2269 4472 2454 4526 ἔσται·
2507 4471 2726 4541 ἐλεγχος
2777 4470 2885 4543 γὰρ
2944 4472 3052 4524 πᾶν
3110 4470 3350 4524 ἐναντίου
3397 4470 3645 4525 ἐναντίον

2067 4565 2264 4635 γνώσει
2300 4565 2483 4635 μέντοι
2518 4564 2614 4617 καὶ
2658 4562 2870 4636 κρίσειο
2918 4563 3046 4618 ἄνευ
3085 4562 3143 4616 δὲ
3172 4560 3448 4631 γνώσεως,
3494 4564 3645 4619 οὐδὲ.

2067 4674 2223 4729 τερον
2267 4657 2481 4728 θατέρῳ
2518 4655 2693 4728 δῆλον.
2745 4657 2810 4711 Εἰ
2840 4657 3017 4711 τοίνυν
3063 4657 3157 4710 καὶ
3203 4657 3401 4728 ἑαυτὴν
3432 4658 3641 4726 ἀγνοεῖ,

2073 4751 2168 4805 καί¹
2198 4749 2445 4820 λογισμῷ
2501 4750 2576 4821 μὴ
2618 4736 2822 4821 μέτεισι
2853 4749 2913 4801 τὸ
2946 4748 3113 4803 κακὸν
3142 4750 3175 4819 ἠ
3208 4750 3397 4812 κακία,
3431 4751 3537 4803 οὐκ
3576 4749 3644 4806 ἂν

2069 4842 2156 4912 εἴη
2186 4841 2352 4895 κακία
2373 4859 2386 4872 ·
2432 4841 2608 4913 μάτην
2639 4841 2683 4893 δ’
2726 4840 2793 4894 ἂν
2825 4840 3139 4908 ἐγκαλοίτο’
3172 4840 3427 4911 ὁμολογεῖ
3456 4841 3535 4904 δὲ,
3561 4840 3643 4897 ὅτι

2067 4935 2183 4987 ἐστί
2215 4932 2474 5004 λογισμοῦ
2500 4932 2666 4986 κακία
2690 4932 3111 5004 ἐλευθερουμένη
3133 4949 3148 4963 ·
3177 4933 3375 4986 αὐτίκα
3399 4937 3643 5005 φρενῖτις

2067 5028 2126 5082 ἐν
2153 5028 2470 5100 περιστάσει
2499 5026 2819 5099 πυρετῶν,ἢ
2848 5027 3004 5080 ἄλλου
3028 5027 3170 5090 τινὸς
3196 5030 3605 5097 συμπτώματος
3623 5044 3637 5057 ο

2065 5119 2166 5172 οὐκ
2207 5119 2369 5172 εἰδότι
2396 5119 2425 5172 ὃ
2460 5121 2602 5173 ποιεῖ
2643 5117 3032 5186 συγγινώσκειν
3067 5117 3304 5182 ἅπαντες
3343 5118 3637 5191 εἰώθαμεν,

2069 5210 2267 5281 μᾶλλον
2293 5210 2391 5281 μὲν
2413 5205 2505 5264 οὖν
2526 5210 2617 5263 καὶ
2641 5211 2720 5273 είς
2737 5204 2916 5263 οἶκτον
2944 5209 3424 5281 ἐπικαμπτόμεθα,
3443 5210 3639 5275 κακίας

2067 5302 2475 5374 ἐλευθεροῦντες
2518 5303 2609 5356 τὸν
2644 5302 2819 5374 μάτην
2857 5302 2955 5373 μὲν
2987 5300 3277 5366 τύπτοντα,
3312 5304 3361 5356 εί
3392 5304 3449 5357 δὲ
3488 5302 3637 5374 ξίφος

2066 5392 2239 5466 εὖροι,
2271 5393 2367 5447 καὶ⁹
2398 5393 2707 5462 φονεύοντα.
2743 5392 2899 5448 Οὕτω
2932 5411 2995 5462 γε
3028 5395 3162 5448 πᾶσι
3191 5394 3511 5464 κατάδηλον,
3544 5396 3641 5450 καὶ

2065 5485 2246 5557 κρίσις
2276 5483 2414 5557 αὕτη
2462 5486 2613 5557 κοινή
2642 5502 2699 5537 τε
2736 5485 2829 5537 καὶ
2871 5484 3082 5552 φύσεως
3115 5485 3426 5548 ἀκολουθία,
3456 5485 3517 5538 τὸ
3563 5485 3635 5555 μὴ

2065 5577 2233 5632 κακὸν
2272 5576 2558 5649 ὀνομάζειν
2612 5577 2675 5631 τὸ
2727 5579 2831 5634 οὐκ
2859 5578 2997 5642 εἱδὸς
3041 5579 3148 5632 ὅτι
3194 5578 3314 5648 δρᾷ.
3353 5578 3416 5660 εἰ
3461 5577 3636 5660 ⁴ιξοίνιιν
