3782 6166
238 297 381 353 ΗΤἹ

1311 278 1696 364 ADVERSUS
1735 309 2158 367 nauicumos
2194 312 2319 368 LIB.
2350 310 2413 366 ιι.

3332 315 3471 371 1178

240 422 381 490 μήτε
420 435 483 473 το
510 421 774 489 γινῶσκον
819 422 1021 492 ἀγαθὸν
1060 424 1281 497 κληθείη
1323 426 1644 495 ἀναγκαῖον,
1676 432 1806 502 μήτε

1914 433 2228 496 sectarium,
2268 446 2379 484 non
2419 429 2701 484 nominare
2732 431 2956 493 malum,
2985 429 3029 484 si
3065 429 3296 500 ignorat,
3327 429 3476 499 quod

238 513 305 566 τὸ
337 512 769 581 ἀγνοοῦνλὲαυτδ,
793 515 877 568 ὅτι
900 515 1099 580 δόξειεν
1130 516 1196 571 ἂν
1226 513 1363 572 εἶναι
1390 518 1590 573 κακία·
1619 522 1681 575 τὸ
1713 522 1811 592 μὲν

238 604 325 656 ὅτι
357 604 478 674 μηδ’
510 602 670 668 αὐτὸς
692 605 894 677 τίθησι,
921 607 982 661 τὸ
1027 607 1070 660 δ’
1106 610 1186 663 ὅτι
1227 610 1678 683 πεπλανημένως,
1716 614 1813 666 καὶ

239 694 399 761 ἐκτὸς
422 696 523 768 τῆς
548 699 730 769 κοινῆς
751 699 908 771 δόξης
934 700 1158 771 θέμενος
1180 703 1439 773 ὁρίζεται.
1469 705 1654 769 Οὕτως
1689 707 1811 759 οὐδὲ

240 786 429 858 θηρίον
462 788 614 842 οὐδὲν
658 790 846 854 κακὸν,
882 791 1143 863 λογισμοῦ
1187 795 1549 866 ἐστερημένον
1569 813 1582 826 ·
1606 796 1813 868 ἄνθρω-

240 895 346 943 πος
385 879 442 932 δὲ
475 880 752 952 κακοήθης
808 883 977 936 κακὸν
1009 882 1075 936 ἂν
1125 883 1247 954 εἴη,
1297 885 1543 956 λογισμῷ
1590 886 1808 957 μετιὼν,

240 970 387 1042 ἅπερ
405 973 606 1042 ἥκιστα
637 974 846 1041 ἀγνοεῖ·
873 976 906 1044 ὴ
935 974 1044 1045 γὰρ
1067 975 1161 1028 τοῦ
1188 975 1448 1047 λογισμοῦ
1478 980 1574 1049 τῆς
1600 978 1812 1046 φύσεως

239 1062 523 1134 προσθήκη
555 1064 707 1135 φέρει
743 1065 844 1135 τῆς
874 1065 1073 1129 κακίας
1110 1066 1172 1120 τὸ
1220 1066 1489 1140 ἔγκλημα,
1539 1087 1813 1140 προκατα-

240 1154 584 1220 σκευάζουσα
630 1155 788 1224 δῆλον
820 1152 958 1209 εἷναι
996 1156 1058 1209 τὸ
1104 1158 1510 1230 πραττόμενον·
1544 1162 1577 1231 ἡ
1612 1159 1667 1213 δὲ
1712 1160 1813 1228 τῆς

237 1245 494 1314 γνώσεως
525 1247 813 1319 ἀφαίρεσις
855 1249 954 1318 τῆς
990 1249 1187 1313 αἰτίας.
1235 1249 1389 1303 Οὕτω
1416 1251 1480 1321 δὴ
1517 1252 1677 1320 γνοὺς
1714 1252 1813 1322 μὲν

237 1335 526 1408 ἄνθρωπος
573 1337 774 1409 ἄμφω,
811 1338 1011 1410 ἀρετήν
1043 1356 1104 1392 τε
1148 1341 1243 1393 καὶ
1291 1341 1521 1404 κακίαν,
1564 1343 1700 1414 ὅπερ
1745 1341 1812 1397 ἂν

237 1425 448 1494 ἕληται,
468 1426 656 1495 φθάνει
684 1427 792 1499 γὰρ
824 1430 858 1498 ὴ
886 1426 1085 1496 γνῶσις
1115 1429 1213 1500 τὴν
1235 1430 1463 1502 αἵρεσιν,
1494 1431 1586 1484 ἀπ’
1606 1432 1810 1485 ἐκείνου

237 1515 489 1570 καλεῖται
508 1535 519 1546 ·
551 1518 680 1589 πρὶν
707 1517 765 1570 δὲ
800 1518 1004 1586 γνῶναι
1030 1520 1221 1590 νήπιον
1248 1521 1510 1592 ὑπάρχον,
1534 1522 1811 1595 οὐδέτερον

237 1607 350 1662 τῶν
391 1609 575 1680 ἄκρων
623 1610 886 1664 καλεῖται.
933 1611 1104 1680 Δῆλον
1134 1613 1312 1667 τοίνυν
1346 1613 1700 1685 πανταχόθεν,
1735 1617 1811 1679 ὼς

236 1699 320 1770 τῷ
343 1699 588 1772 λογισμῷ
613 1702 708 1755 καί
739 1705 805 1772 τῇ
843 1702 980 1773 μετά
1008 1703 1106 1775 τὴν
1138 1705 1338 1773 γνῶσιν
1373 1707 1581 1778 αἱρέσει
1613 1709 1810 1763 κακίαν

1911 521 2062 578 facit.
2098 521 2156 575 Si
2182 522 2347 592 igitur
2369 538 2539 592 neque
2564 524 2613 576 id
2651 521 2795 593 quod
2821 521 3121 592 cognoscit,
3149 521 3349 575 bonum
3378 535 3471 576 ne~

1910 611 2207 666 cessarium
2262 611 2580 678 vocabitur;
2641 613 2889 681 sequitur
2936 626 3109 680 neque
3140 609 3193 664 id
3241 610 3381 679 quod
3415 624 3476 664 se

1911 704 2088 773 ipsum
2120 711 2173 757 et
2215 703 2346 773 quid
2377 704 2469 767 sit,
2532 704 2762 773 ignorat,
2813 704 3107 774 nequitiam
3148 718 3271 775 esse
3299 720 3312 755 :
3338 717 3475 773 quo-

1910 810 2030 849 rum
2059 796 2284 849 alterum
2311 811 2483 865 neque
2506 797 2619 866 ipse
2650 797 2905 863 admittit,
2937 797 3168 852 alterum
3213 811 3342 851 vero
3378 811 3475 865 per

1910 902 2149 941 errorem
2190 897 2244 942 et
2281 896 2471 941 contra
2506 904 2845 943 communem
2878 889 3328 943 existimationem
3363 899 3476 943 sta-

1910 978 2034 1032 tuit.
2074 977 2164 1031 Sic
2185 993 2361 1048 neque
2403 978 2521 1034 fera
2546 980 2653 1034 ulla
2679 981 2817 1034 mala
2844 989 2946 1043 est,
2981 996 3102 1033 cum
3136 980 3207 1035 sit
3242 980 3474 1035 rationis

1911 1085 2106 1139 expers
2134 1088 2146 1124 :
2178 1071 2340 1131 homo
2394 1088 2524 1126 vero
2552 1073 2692 1128 male
2736 1079 3000 1134 moratus,
3031 1073 3208 1126 malus
3238 1081 3343 1138 est,
3379 1074 3469 1142 qui

1918 1162 2130 1216 ratione
2175 1169 2331 1216 utens
2357 1164 2594 1233 capessit
2635 1180 2755 1234 quae
2796 1179 2902 1217 non
2949 1166 3158 1235 ignorat
3187 1188 3199 1219 ;
3228 1167 3475 1219 accessio

1909 1254 2053 1310 enim
2072 1253 2300 1310 rationis
2328 1255 2392 1308 ad
2418 1263 2688 1322 naturam,
2719 1257 2970 1326 nequitia:
2995 1257 3197 1312 crimen
3226 1257 3470 1325 inducit;

1910 1360 2175 1419 praeparat
2204 1348 2348 1402 enim
2367 1350 2508 1403 ratio
2528 1350 2890 1418 cognitionem
2918 1350 3149 1404 actionis
3178 1361 3469 1420 susceptae;

1910 1440 2140 1510 privatio
2186 1447 2366 1495 autem
2407 1441 2737 1511 cognitionis
2783 1442 3018 1511 privatio
3067 1450 3152 1517 est
3199 1441 3370 1511 culpae
3417 1450 3473 1497 et

1911 1530 2175 1586 criminis.
2205 1530 2296 1585 Sic
2318 1531 2482 1586 homo
2506 1539 2796 1602 utrumque
2826 1548 3180 1603 cognoscens,
3213 1534 3470 1588 virtutem

1912 1621 2119 1676 scilicet
2157 1628 2211 1676 et
2244 1621 2456 1686 vitium,
2508 1623 2575 1676 ab
2618 1638 2682 1677 eo
2721 1624 2869 1699 quod
2908 1624 3077 1694 eligit,
3119 1625 3472 1691 nominatur;

1912 1713 2182 1768 antecedit
2234 1715 2377 1768 enim
2440 1715 2691 1770 electioni
2734 1715 2970 1785 cognitio
3023 1733 3037 1769 :
3090 1710 3243 1784 prius
3293 1724 3469 1770 autem

237 1807 301 1843 τε
333 1792 428 1845 καὶ
475 1792 1064 1865 ἀρετὴν-λογιζόμεθα.
1107 1796 1189 1849 Τά
1226 1797 1403 1851 τοίνυν
1435 1798 1675 1869 ἀμέτοχα
1715 1799 1806 1852 λο-

1911 1818 2072 1873 quam
2123 1812 2435 1873 cognoscat,
2484 1804 2620 1859 'dum
2657 1784 3038 1874 pueriparvus
3079 1811 3184 1867 est,
3218 1819 3247 1857 a
3277 1811 3476 1858 neutro

236 1882 440 1953 γισμοῦ
499 1883 661 1956 θηρία
718 1885 818 1939 οὐκ
850 1885 918 1939 ἂν
950 1885 1035 1957 εἴη
1086 1885 1264 1949 κακὰ,
1321 1888 1442 1943 οὐδὲ
1496 1892 1561 1943 ἐκ
1611 1890 1807 1955 κακίας

236 1975 683 2046 προενηνεγμένα
708 1994 722 2008 ·
758 1978 1056 2051 ἐπειδήπερ
1086 1979 1190 2034 κᾶν
1222 1979 1400 2052 ἐκείνη
1446 1978 1618 2044 οὕτως
1670 1980 1804 2052 ἔχοι,

236 2063 339 2116 οὐκ
362 2062 428 2117 ἂν
454 2065 539 2133 εῐη
562 2066 748 2120 κακία.

1910 1901 2154 1950 extremo
2195 1896 2541 1960 nominatur,
2599 1895 2653 1950 id
2704 1904 2786 1950 est
2841 1911 3016 1966 neque
3060 1896 3238 1951 bonus
3299 1911 3476 1965 neque

1916 1988 2093 2043 malus
2127 1987 2346 2043 dicitur.
2400 1987 2764 2055 Quamobrem
2792 2005 2855 2044 ex
2889 1989 3035 2043 omni
3078 1998 3231 2060 parte
3280 1990 3472 2059 liquet,

1908 2078 2164 2133 virtutem
2204 2086 2259 2133 et
2307 2078 2496 2133 vitium
2524 2079 2743 2143 rationi,
2795 2086 2848 2134 et
2877 2088 3000 2150 post
3047 2083 3311 2135 rationem
3372 2081 3476 2136 ele-

236 2154 408 2209 ctioni
439 2156 682 2211 attribui.
734 2155 928 2213 Bestia:
960 2159 1127 2230 igitur
1165 2176 1285 2230 qua:
1323 2175 1434 2214 non
1482 2169 1608 2216 sunt
1652 2163 1882 2220 rationis
1938 2168 2250 2238 participes,
2297 2183 2406 2224 non
2445 2177 2571 2224 sunt
2603 2184 2858 2241 nequam,
2887 2185 2988 2225 nec
3030 2185 3061 2224 a
3084 2170 3322 2240 nequitia
3347 2186 3473 2241 pro-

235 2247 450 2316 ductae,
502 2249 631 2320 quia
689 2250 734 2306 si
783 2252 873 2306 illa
928 2252 1004 2306 ita
1048 2267 1108 2308 se
1157 2253 1373 2317 habeat,
1421 2270 1532 2309 non
1573 2264 1658 2311 est
1710 2258 1973 2328 nequitia.

1182 2392 1310 2448 CAP.
1340 2374 1505 2450 XXli.
1548 2392 1876 2465 Serpentium
1903 2415 1966 2453 ac
1992 2400 2291 2455 morborum
2319 2402 2543 2457 utilitas.

312 2508 519 2573 Ἀλλως
547 2524 607 2561 τε
631 2508 761 2572 ἴδοις
783 2506 849 2562 ἂν
881 2508 1140 2571 πολλάκις
1170 2508 1263 2561 καὶ
1290 2508 1397 2562 τῶν
1433 2508 1677 2580 ἑρπετῶν
1705 2512 1807 2564 αὐ-

235 2599 344 2653 τῶν
377 2600 438 2653 τὸ
480 2599 880 2671 χαλεπώτατον,
912 2600 1055 2669 λέγω
1096 2599 1160 2670 δὴ
1201 2599 1291 2653 τὸν
1331 2600 1426 2663 ἰὸν,
1455 2602 1536 2665 εἰς
1568 2601 1808 2673 ἰατρείαν

235 2693 379 2762 πρὸς
412 2691 521 2745 τῶν
574 2691 980 2764 ἀκριϐεστάτων
1021 2690 1220 2761 ἰατρῶν
1257 2691 1682 2763 λαμϐανόμενον,
1716 2695 1810 2747 καὶ

232 2786 303 2855 τῇ
368 2783 476 2837 τῶν
507 2782 886 2855 ἀπομάχεσθαι
929 2782 1239 2853 δυναμένων
1282 2782 1575 2855 παραμίξει
1616 2785 1807 2840 καθαί-

236 2892 404 2948 ροντα
434 2875 540 2929 τῶν
572 2874 757 2929 παθῶν
789 2874 935 2928 ἔστιν
979 2875 1067 2927 ὅτε
1110 2873 1178 2926 τὰ
1221 2874 1599 2944 χαλεπώτατα·
1626 2876 1724 2940 τάς
1753 2877 1809 2931 δὲ

233 2968 451 3040 σάρκας
494 2967 662 3030 αὐτὰς
714 2966 916 3038 ἑτέρων
966 2966 1121 3020 εἰδῶν
1163 2983 1222 3019 τε
1273 2966 1366 3019 καὶ
1409 2966 1641 3038 βοτανῶν
1671 2986 1809 3039 συμ-

1985 2513 2256 2573 Praeterea
2297 2517 2483 2573 videre
2514 2517 2641 2573 licet
2674 2530 3068 2588 saepenumero,
3109 2515 3253 2586 quod
3295 2522 3381 2570 est
3414 2515 3471 2569 in

1914 2607 2255 2678 serpentibus
2302 2610 2744 2665 nocentissimum
2784 2626 2799 2664 :
2838 2622 3101 2662 venenum
3133 2606 3253 2660 dico
3295 2621 3324 2659 a
3360 2621 3474 2660 me-

1914 2695 2053 2750 dicis
2082 2694 2506 2752 absolutissimis
2538 2696 2607 2750 ad
2639 2694 2962 2749 medicinam
2989 2692 3257 2753 adhiberi,
3286 2697 3341 2744 et
3379 2691 3477 2745 mi-

1917 2794 2001 2841 sta
2045 2800 2170 2839 cum
2226 2785 2296 2841 iis
2356 2801 2476 2856 qua:
2528 2790 2761 2855 possunt
2806 2781 3078 2843 auxiliari,
3121 2779 3475 2850 gravissimos

1856 2866 1863 2871 ’
1916 2879 2139 2933 morbos
2177 2876 2446 2931 interdum
2475 2877 2776 2946 depellere;
2821 2882 2875 2930 et
2922 2890 2989 2929 ex
3023 2874 3156 2944 ipsis
3192 2873 3474 2938 carnibus,

1915 2971 2040 3026 aliis
2067 2970 2361 3041 generibus
2398 2977 2453 3024 et
2497 2969 2681 3024 herbis
2720 2967 2968 3025 admistis
2998 2967 3266 3036 optimum
3308 2979 3479 3019 reme-

233 3060 411 3131 πλοκῇ
471 3060 757 3131 φάρμακον
820 3060 1039 3128 ἄριστον
1104 3057 1348 3129 σώμασιν
1422 3059 1806 3124 άποτελούσας.

1916 3067 2065 3122 dium
2096 3066 2420 3138 corporibus
2440 3064 2656 3119 conﬁci.
2693 3065 2955 3119 Similiter
2982 3064 3039 3118 in
3083 3063 3206 3118 aliis
3236 3061 3429 3117 bestiis
3457 3079 3471 3115 :

232 3151 638 3224 Παραπλησίως
663 3151 719 3206 δὲ
748 3151 843 3205 καί
883 3151 990 3204 τῶν
1030 3150 1202 3205 ἄλλων
1235 3150 1471 3222 θηρίων·
1528 3151 1668 3223 μέρη
1701 3152 1810 3223 γάρ

231 3262 358 3298 τινα
383 3246 475 3299 καὶ
503 3244 660 3317 μέλη,
684 3245 777 3298 καὶ
806 3239 945 3315 αἷμα
983 3242 1103 3297 καθ’
1148 3243 1279 3296 αὐτὸ
1312 3243 1569 3308 πολλάκις
1594 3246 1812 3317 εὐεργε-

230 3335 387 3389 τοῦσι
416 3336 737 3407 κάμνοντας.
766 3336 890 3400 Πῶς
916 3331 1008 3389 οῦν
1038 3336 1102 3388 ὲκ
1131 3336 1329 3400 κακίας
1357 3337 1468 3389 ἐστὶ
1512 3337 1581 3391 τά
1624 3339 1682 3391 ὲν
1716 3337 1811 3408 μέ-

234 3444 321 3496 ρει
342 3428 436 3480 καί
454 3426 794 3498 ὠφελοῦντα;
821 3426 1005 3481 Ταῦτα
1025 3426 1310 3496 τοιγαροῦν
1336 3428 1547 3481 ἅπαντα
1568 3429 1810 3499 χρήσιμα

236 3516 400 3587 μόνον
439 3517 505 3571 δι’
537 3516 856 3590 ἀνθρώπους
899 3517 1160 3589 ἡγητέον·
1211 3518 1334 3572 οὔτε
1374 3519 1431 3572 δὲ
1471 3518 1650 3588 ἀγαθά
1687 3519 1810 3573 οὐτε

233 3608 384 3662 κακά
439 3610 929 3682 προσαγορευτέον,
985 3609 1102 3674 δέος
1159 3611 1314 3681 μόνον
1368 3609 1675 3678 ἀνθρώποις
1720 3612 1811 3665 ἀν-

233 3701 479 3770 αγκαίως
505 3702 835 3774 ἐμποιοῦντα
855 3703 989 3774 πρὸς
1006 3704 1334 3774 ἐπιστροφὴν
1367 3703 1460 3755 τοῦ
1484 3703 1805 3774 κρείττονος·

231 3792 331 3846 καί¹
361 3792 421 3846 τὸ
444 3794 611 3864 ἀργὸν
650 3794 826 3847 αὐτῶν
851 3794 1047 3865 ἀργίας
1069 3794 1218 3866 παρά
1250 3792 1554 3864 ἀνθρώποις
1585 3794 1811 3848 κωλυτι-

233 3885 362 3939 κόν·
389 3888 565 3939 κεῖται
601 3885 711 3957 γάρ
749 3885 887 3940 αὐτά
912 3885 1174 3957 μάστιγος
1200 3885 1354 3956 δίκην
1400 3887 1727 3957 φαινομένης
1750 3888 1809 3939 ἐν

228 3977 368 4049 οἴκῳ
395 3978 533 4051 πρὸς
568 3978 910 4050 κατασκευὴν
939 3978 1219 4041 εὐλαϐείας
1254 3978 1360 4032 τῶν
1387 3978 1630 4041 οἰκετῶν,
1662 3979 1712 4033 εί
1726 3996 1809 4043 τις

230 4071 542 4141 ἁργήσειεν,
564 4070 597 4142 ἢ
617 4071 672 4124 εί
694 4088 779 4134 τις
803 4071 1145 4142 πλημμελοίη
1168 4070 1278 4124 τῶν
1300 4070 1439 4124 κατά
1466 4070 1562 4142 τὴν
1592 4072 1772 4125 ἑστίαν
1791 4089 1804 4104 ·

230 4159 360 4214 εἰδὲ
375 4165 644 4232 πονηροὺς
664 4160 809 4213 ἔστιν
831 4161 956 4214 ἰδεῖν
981 4160 1144 4232 μηδὲν
1164 4161 1267 4214 ὐπὸ
1292 4161 1494 4214 τούτων
1516 4160 1812 4233 βλαπτομέ-

230 4265 376 4312 νους,
403 4248 682 4320 θαύμασον
706 4250 799 4302 τοῦ
819 4249 1089 4303 Δεσπότου
1111 4249 1171 4303 τὸ
1193 4249 1528 4315 ἀνεξίκακον.
1556 4250 1718 4303 Οὐδὲν
1754 4251 1810 4304 δὲ

227 4333 391 4411 ἧττον
407 4342 623 4411 νοητέον
648 4341 746 4413 τὴν
768 4340 1174 4413 παρακειμένην
1211 4342 1447 4412 μάστιγα
1467 4360 1480 4373 ·
1502 4342 1808 4397 τούναντίον

1913 3158 2157 3229 quaedam
2189 3158 2334 3212 enim
2375 3164 2558 3227 partes
2590 3161 2644 3210 et
2691 3155 2932 3209 membra
2975 3163 3028 3208 et
3077 3154 3319 3223 sanguis,
3358 3152 3475 3206 sola

1913 3265 1978 3305 ac
2009 3266 2105 3320 per
2137 3264 2196 3305 se
2218 3248 2610 3320 azgrotantibus
2638 3247 2969 3301 conducunt.
2997 3245 3279 3310 Quomodo
3309 3245 3476 3315 igitur

1913 3349 2042 3397 sunt
2083 3357 2150 3395 ex
2181 3342 2445 3410 nequitia,
2481 3354 2601 3408 quae
2648 3354 2713 3391 ex
2747 3348 2900 3407 parte
2944 3346 3072 3392 sunt
3117 3337 3271 3390 utilia
3305 3344 3356 3388 et
3383 3336 3474 3404 ju-

1909 3432 2077 3487 vant?
2100 3431 2224 3488 Haec
2252 3433 2415 3503 igitur
2437 3433 2621 3487 omnia
2643 3428 2891 3484 ducenda
2924 3436 3049 3483 sunt
3075 3428 3229 3481 utilia
3250 3434 3472 3495 propter

1913 3523 2160 3578 homines
2191 3530 2437 3589 tantum;
2470 3537 2577 3576 non
2610 3526 2790 3574 autem
2820 3518 3138 3589 appellanda
3166 3525 3295 3572 sunt
3329 3518 3471 3571 bona

1913 3630 2089 3684 neque
2144 3616 2309 3679 mala,
2361 3630 2480 3684 qua:
2523 3612 2838 3667 hominibus
2889 3619 3099 3665 tantum
3158 3608 3471 3664 necessario

1911 3715 2114 3761 metum
2150 3705 2426 3776 injiciunt,
2462 3713 2521 3759 ut
2551 3705 2617 3758 ad
2655 3704 2849 3758 melius
2878 3703 3189 3756 institutum
3234 3716 3293 3755 se
3338 3714 3473 3753 con-

1910 3804 2121 3852 vertant
2149 3816 2162 3851 :
2192 3803 2248 3852 et
2275 3797 2444 3851 otium
2477 3795 2799 3857 bestiarum,
2840 3800 3003 3861 atque
3034 3791 3249 3845 vocatio
3278 3804 3467 3845 earum

1909 3903 1939 3942 a
1966 3886 2232 3950 vocando,
2273 3884 2415 3956 apud
2445 3884 2692 3938 homines
2725 3883 2895 3936 otium
2925 3890 2980 3936 et
3003 3881 3253 3935 inertiam
3284 3878 3470 3952 probi-

1910 3977 2002 4033 bet
2028 3996 2042 4032 :
2067 3986 2196 4032 sunt
2218 3980 2365 4032 enim
2395 3977 2570 4047 posita
2598 3976 2717 4045 ipsa
2744 3975 2918 4029 instar
2940 3972 3133 4041 ﬂagelli
3161 3969 3471 4040 apparentis

1909 4069 1964 4123 in
1998 4068 2182 4133 domo,
2228 4074 2290 4121 ut
2329 4073 2573 4121 metuant
2611 4065 2799 4119 famuli
2854 4079 2919 4118 ac
2964 4061 3314 4128 ministri,-si
3345 4060 3471 4131 quis

1908 4174 2098 4215 eorum
2147 4174 2207 4213 se
2237 4157 2400 4212 dedat
2448 4157 2579 4220 otio,
2624 4165 2718 4211 aut
2753 4156 2800 4210 si
2839 4156 2964 4226 quis
2993 4153 3140 4208 domi
3169 4154 3468 4223 delinquat.

1912 4250 1969 4307 Si
2003 4267 2132 4307 vero
2161 4251 2429 4321 contingit
2454 4250 2641 4305 videre
2670 4250 2771 4305 has
2803 4265 2941 4319 quas
2971 4248 3231 4310 diximus,
3267 4247 3475 4303 bestias

1910 4343 2046 4398 nihil
2080 4357 2278 4397 nocere
2306 4342 2590 4413 improbis,
2621 4340 2954 4396 admiremur
2983 4340 3037 4393 in
3066 4340 3298 4393 Domino
3330 4339 3469 4391 tole-

227 4429 310 4495 δὲ,
326 4433 372 4484 εἰ
388 4449 490 4505 χρη
500 4433 613 4485 στοί
629 4449 695 4486 πε
705 4434 1007 4505 ριπίπτοιεν
1027 4432 1255 4495 τούτοις,
1277 4432 1468 4498 ἰστέον,
1487 4432 1582 4497 ὡς,
1600 4432 1805 4504 ἀγαθοῦ

1911 4436 2143 4489 rantiam
2178 4436 2465 4489 malorum.
2495 4434 2863 4487 Nihilominus
2900 4439 3079 4486 tamen
3120 4429 3473 4485 considerare

229 4522 710 4595 πλημμελοῦντος,
766 4525 996 4594 φείσαιτ’
1048 4525 1114 4578 ἂν
1163 4525 1300 4596 πρὸς
1350 4525 1735 4598 ὲπιστρέφειαν
1777 4528 1806 4580 ό

228 4616 525 4688 Δεσπότης,
579 4617 698 4687 οὐχὶ
737 4617 794 4670 δὲ
838 4617 932 4671 τοῦ
971 4616 1089 4669 λίαν
1118 4616 1558 4688 ἀπεγνωσμένου.
1604 4616 1664 4672 Ὀ
1710 4619 1806 4690 μὲν

225 4708 341 4780 γὰρ
369 4709 560 4779 ἰάσιμα
604 4709 931 4780 πλημμελεῖ,
967 4712 996 4764 ό
1037 4709 1093 4762 δὲ
1137 4713 1381 4781 τηρεῖται
1430 4709 1567 4783 πρὸς
1590 4710 1805 4765 ἀνίατον

223 4801 495 4873 τιμωρίαν
516 4817 528 4829 ·
559 4799 785 4854 τοιαῦτα
817 4800 925 4873 γὰρ
961 4801 1332 4872 ὑποδείγματα
1362 4801 1653 4873 πάμπολλα
1676 4801 1804 4855 ἴδοι-

228 4912 333 4968 μεν
370 4893 436 4948 ἆν
481 4895 539 4948 ὲν
580 4897 700 4957 ταῖς
741 4894 911 4958 θείαις
949 4895 1193 4965 Γραφαῖς
1217 4894 1604 4966 ὑστερούμενα.
1636 4894 1804 4949 Μέλει

223 4988 409 5042 τοίνυν
437 4990 575 5042 πάνυ
617 5004 681 5056 γε
707 4986 825 5056 Θεῷ
860 4987 1177 5060 ἀνθρώπου·
1222 4989 1303 5041 διὸ
1344 4986 1613 5050 παντοίως
1654 4986 1804 5057 αὐτῷ

223 5080 299 5134 τά
344 5079 699 5134 ἀνακινοῦντα
744 5081 879 5152 πρὸς
926 5080 1207 5136 εὐλάϐειαν
1256 5081 1673 5154 παρατέθεικεν·
1728 5080 1803 5142 ὡς

230 5172 368 5244 μηδὲ
402 5172 492 5227 τὺν
526 5171 691 5227 ὕπνον
742 5174 1079 5244 πυκνοτάτης
1123 5174 1392 5246 ὀχλήσεως
1437 5173 1799 5245 ἀπηλλάχθαι,

222 5263 366 5318 ἁλλά
390 5266 482 5318 καὶ
507 5264 715 5329 τοῦτον,
746 5265 835 5319 διά
856 5266 1141 5321 κνωδάλων
1169 5266 1329 5321 τινῶν
1358 5266 1800 5336 ὲμποδιζόμενον,

224 5354 455 5427 κέντρου
481 5356 637 5424 δίκην
663 5356 873 5410 νύττειν
904 5357 995 5409 τὸν
1020 5356 1301 5427 λογισμόν·
1332 5357 1427 5410 καὶ
1450 5355 1618 5409 πολλά
1643 5373 1706 5425 γε
1735 5355 1803 5409 τὰ

227 5444 530 5518 βοηθοῦντα
552 5451 618 5520 τῇ
657 5449 970 5520 ἀνθρωπίνῃ
1014 5448 1266 5519 ἀσθενείᾳ
1314 5447 1630 5520 θαυμασίως
1668 5448 1804 5519 πρὸς

224 5538 535 5611 ἀνάμνησιν
553 5540 688 5595 Θεοῦ
705 5560 718 5573 ·
745 5541 812 5595 δι’
847 5535 921 5594 ὧν
945 5542 1052 5613 γὰρ
1079 5541 1275 5611 πάσχει
1320 5541 1662 5612 σωματικῶς,
1698 5556 1803 5593 πα-

229 5629 341 5683 θῶν
373 5632 554 5703 ψυχῆς
581 5634 987 5706 ἐλευθεροῦται·
1031 5634 1121 5688 καὶ
1153 5634 1218 5686 δι’
1262 5652 1337 5688 ων
1383 5633 1571 5687 παθεῖν
1606 5633 1671 5687 ἂν
1711 5632 1802 5686 δυ-

225 5724 443 5798 νηθείη,
469 5726 570 5782 κᾶν
602 5728 676 5800 μὴ
702 5728 867 5800 πάθῃ.
904 5728 1039 5799 πρὸς
1079 5726 1363 5784 εὐλάϐειαν
1396 5726 1798 5799 ἐπιστρέφεται.

1908 4534 2121 4596 oportet
2155 4526 2425 4597 ﬂagellum
2466 4525 2842 4596 propositum:
2876 4530 3065 4576 contra
3094 4538 3223 4577 vero
3266 4524 3313 4576 si
3341 4522 3469 4576 boni

1909 4616 2160 4671 incidunt
2192 4617 2248 4672 in
2280 4617 2378 4670 has
2416 4614 2583 4677 feras,
2617 4614 3009 4668 advertendum
3041 4621 3146 4676 est,
3177 4613 3323 4682 quod
3364 4612 3471 4667 Do-

1906 4709 2091 4765 minus
2120 4709 2263 4764 bono
2291 4708 2630 4777 delinquenti
2657 4705 2920 4776 prospicit
2953 4713 3007 4760 et
3032 4714 3207 4771 cavet,
3236 4720 3345 4759 non
3374 4721 3472 4759 au-

1905 4808 2014 4856 tem
2059 4801 2107 4855 ei
2143 4801 2237 4869 qui
2269 4799 2426 4853 valde
2456 4799 2779 4867 desperatus
2822 4804 2928 4852 est.
2962 4795 3055 4852 Ille
3087 4797 3231 4852 enim
3260 4809 3469 4867 peccat,

1905 4909 2026 4965 qua:
2055 4893 2238 4947 curari
2278 4899 2545 4963 possunt;
2589 4891 2676 4945 hic
2714 4906 2844 4945 vero
2876 4897 3190 4945 reservatur
3231 4890 3297 4945 ad
3341 4905 3473 4960 sup-

1906 4987 2153 5058 plicium,
2194 4984 2343 5055 quod
2391 4985 2546 5040 evadi
2582 5000 2690 5039 non
2728 4990 2943 5054 potest:
2968 4981 3279 5051 hujusmodi
3324 4981 3470 5037 enim

1905 5079 2150 5148 exempla
2195 5077 2461 5145 permulta
2511 5077 2566 5130 in
2606 5076 2805 5131 divinis
2836 5073 3135 5145 Scripturis
3169 5075 3353 5131 videre
3403 5089 3471 5129 ac

1905 5173 2086 5243 legere
2120 5170 2268 5226 licet.
2304 5170 2495 5241 Magna
2519 5171 2700 5240 itaque
2728 5184 2859 5224 cura
2889 5177 2973 5223 est
3003 5168 3111 5225 Deo
3134 5168 3201 5223 de
3230 5168 3468 5233 homine,

1903 5266 2255 5336 quamobrem
2288 5265 2545 5319 omnibus
2569 5263 2745 5318 modis
2774 5262 3076 5333 proposuit,
3107 5277 3227 5331 qua:
3257 5276 3380 5315 eum
3402 5260 3469 5314 ad

1905 5363 2160 5415 timorem
2192 5367 2475 5416 moverent
2502 5367 2556 5413 et
2588 5360 2919 5426 excitarent;
2952 5367 3010 5412 ut
3039 5373 3214 5428 neque
3242 5371 3469 5411 somnus

1907 5450 1985 5507 illi
2028 5467 2059 5505 a
2106 5452 2437 5507 creberrima
2497 5451 2746 5505 molestia
2793 5450 2930 5505 liber
2976 5457 3154 5516 esset,
3198 5450 3331 5519 quin
3380 5448 3470 5504 hic

1907 5544 2072 5598 etiam
2101 5557 2131 5596 a
2162 5542 2487 5612 quibusdam
2521 5540 2651 5596 feris
2685 5548 2740 5595 et
2773 5540 3118 5611 serpentibus
3147 5538 3462 5609 impeditus,

1911 5634 2300 5713 cogitationem
2357 5632 2534 5687 instar
2580 5631 2787 5688 stimuli
2830 5636 3100 5700 pungeret
3142 5647 3155 5683 :
3190 5642 3255 5683 ac
3302 5627 3472 5682 multa

1909 5725 2129 5797 quidem
2152 5735 2283 5783 sunt
2308 5740 2429 5797 qua:
2449 5724 2744 5782 humanam
2771 5722 3137 5778 inﬁrmitatem
3161 5720 3375 5791 juvant,
3412 5726 3475 5772 nt
