3782 6166
352 273 487 331 ιιτν

1491 267 1629 322 Τιτι
1667 266 2094 323 BOSTRENSIS
2125 265 2430 324 EPISCOPI

3452 264 3585 320 ίίω

350 394 513 448 homo
543 386 866 444 recordetur
909 384 1006 441 Dei
1052 386 1281 455 ejusque
1322 385 1643 440 memoriam
1694 386 1909 441 habeat.

2037 386 2125 438 (at
2161 385 2481 457 περιπίπτει
2519 386 2848 455 σωματικοῖς
2895 384 3120 439 πάθεσιν
3151 385 3469 452 ἀναγκαίως
3499 385 3589 440 ﬁv-

348 486 574 543 Mirilice
621 496 860 551 namque
910 495 1009 551 per
1055 497 1117 536 ea
1154 495 1275 550 qua:
1315 494 1547 549 corpore
1604 481 1830 550 patitur,
1882 494 1915 534 a

348 576 555 633 marbis
600 575 795 628 animae
831 571 1125 636 liberatur;
1156 577 1210 625 et
1241 583 1338 639 per
1382 583 1449 623 ea
1486 584 1608 638 quae
1638 570 1747 639 pati
1789 585 1917 640 pos-

350 678 455 736 set,
494 668 745 739 quamvis
790 679 898 719 non
934 663 1191 734 patiatur,
1240 661 1306 715 ad
1341 662 1590 716 timorem
1637 661 1915 716 converti-

348 772 457 816 tur.
501 759 695 816 Incidit
748 771 965 828 quoque
1016 755 1178 808 homo
1228 753 1543 810 necessario
1588 753 1644 808 in
1693 754 1915 809 morbos

2018 476 2254 549 θρωπος,
2285 477 2374 532 ἵνα
2411 477 2474 530 τὸ
2518 476 2894 547 χαλεπώτατον
2933 477 3025 530 καὶ
3072 476 3228 547 μόνον
3260 475 3335 539 ώς
3374 475 3589 546 άληθῶς

2018 569 2190 633 πάθος
2228 569 2462 641 διαφύγῃ
2519 570 2617 641 τὴν
2668 569 2971 642 ἁμαρτίαν·
3025 569 3086 622 τὸ
3137 568 3248 641 γὰρ
3288 568 3590 639 ἀνάλγητον

2020 663 2351 716 ἀκόλαστον·
2388 665 2482 717 καὶ
2506 663 2566 717 τὸ
2599 661 2921 735 ἀτιμώρητα
2963 663 3275 735 ἁμαρτάνον
3310 658 3591 723 παντελῶς

2018 755 2411 826 διαφθείρεται.

347 856 615 921 corporis,
671 860 729 907 ut
773 858 1077 922 peccatum,
1131 846 1511 916 gravissimum
1564 848 1816 902 morbum
1855 856 1910 904 et
1939 850 2030 918 qui
2061 852 2213 906 solus
2270 865 2395 905 vere
2436 848 2659 905 morbus
2693 856 2800 915 est,
2834 848 3056 918 eﬂ‘ugiat
3094 848 3230 918 :qui
3283 847 3437 902 enim
3487 860 3590 900 non

346 948 517 1006 dolet.
551 947 917 1013 intemperans
946 946 1065 1005 est;
1101 950 1156 992 et
1185 939 1278 1007 qui
1312 945 1500 1007 peccat
1529 937 1770 1006 impune,
1800 938 2045 995 funditus
2077 942 2236 1010 perit.

420 1039 477 1094 Si
513 1038 657 1092 enim
697 1047 804 1090 tam
844 1034 1027 1088 multis
1059 1048 1122 1086 ac
1158 1031 1324 1083 lautis
1354 1029 1420 1082 ad
1457 1028 1755 1083 timendum
1787 1044 1917 1100 pro-

350 1131 564 1203 positi~,
597 1144 664 1182 ex
706 1140 899 1196 magna
942 1131 1095 1195 parte
1140 1122 1389 1176 homines
1421 1137 1486 1174 ex
1522 1123 1791 1176 vacuitate
1843 1120 1917 1173 ti—

350 1225 520 1278 moris
543 1228 844 1291 aagrotant;
870 1216 1145 1287 quomodo
1175 1215 1487 1269 convictum
1515 1221 1568 1267 et
1598 1214 1916 1267 societatem

349 1318 493 1372 inter
523 1328 583 1367 se
613 1313 811 1366 habere
836 1310 1162 1381 potuissent,
1193 1306 1237 1360 si
1272 1305 1454 1359 nullus
1479 1304 1560 1359 eis
1592 1312 1770 1359 metus
1792 1311 1917 1358 ante

348 1406 541 1462 oetilos
572 1401 943 1474 impenderet?
977 1399 1146 1453 Mollit
1177 1397 1342 1467 igitur
1369 1396 1646 1450 duriorem
1678 1403 1915 1449 mentem

347 1501 600 1562 morbus;
657 1508 712 1552 et
761 1508 1133 1564 szepenumero
1180 1489 1522 1557 naufragium
1585 1497 1918 1543 mercatores

348 1589 606 1662 perjuriis
632 1591 886 1640 assuetos
922 1579 1185 1642 mulavit;
1213 1588 1266 1632 et
1295 1592 1489 1631 rursus
1517 1575 1698 1645 inopia
1724 1574 1919 1644 opibus

345 1684 551 1738 elatum
589 1676 890 1746 depressit;
935 1672 1144 1727 orbitas
1192 1668 1426 1723 ﬁliorum
1467 1666 1707 1724 correxit
1743 1665 1917 1720 avari-

351 1773 441 1826 tiae
478 1776 699 1840 propter
728 1766 927 1819 liberos
957 1761 1227 1817 deditum.

419 1861 575 1928 Quod
612 1859 656 1914 si
694 1874 801 1912 non
833 1854 1094 1916 correxit,
1119 1850 1425 1920 exemplum
1449 1849 1644 1904 saltem
1675 1848 1917 1905 sentien-

348 1956 497 2011 tibus
545 1951 823 2024 praebuit:
869 1963 933 2002 ac
978 1947 1131 2001 liberi
1167 1943 1384 2014 quidem
1436 1943 1639 1997 nullam
1690 1956 1916 2011 rrorsus

345 2049 618 2120 jacturam
676 2051 768 2097 aut
816 2042 1075 2095 damnum
1120 2039 1385 2097 iecerunt,
1428 2035 1672 2105 quinimo
1717 2033 1919 2089 benefi—

347 2141 496 2193 cium
544 2141 871 2207 acceperunt
922 2134 991 2187 ab
1038 2129 1383 2184 institutione
1421 2129 1687 2182 malorum
1720 2141 1917 2198 paren-

350 2240 468 2285 tltn
498 2229 714 2285 liberati
736 2246 749 2257 ·
789 2226 1017 2280 avaritia
1046 2232 1227 2280 autem
1261 2222 1550 2278 refellitur.

2090 1033 2152 1085 ΕΞ
2203 1032 2330 1104 γὰρ,
2374 1031 2468 1086 καί¹
2516 1030 2785 1085 τοσούτων
2823 1031 3244 1103 παρακειμένων
3278 1030 3357 1093 είς
3405 1028 3591 1099 φόϐον»

2020 1125 2251 1193 ἀφοϐίαν
2299 1124 2373 1188 ῶς
2417 1124 2510 1177 ἐπὶ
2548 1124 2609 1178 τὸ
2656 1123 2788 1177 πολὺ
2828 1123 3071 1177 νοσοῦσιν
3116 1122 3436 1193 ἄνθρωποι·
3481 1119 3597 1186 πῶς

2018 1216 2084 1271 ἂν
2115 1220 2348 1270 συνεῖναι
2376 1216 2505 1286 γοῦν
2532 1216 2779 1288 ἀλλήλοις
2824 1214 3177 1287 ἐδυνήθησαν,
3222 1216 3269 1267 εί
3306 1213 3479 1283 μηδὲν
3502 1211 3597 1266 αύο

2017 1310 2129 1371 τοῖς
2176 1310 2294 1361 κατ’
2329 1308 2637 1378 ὀφθαλμοὺς
2678 1307 2950 1379 ὲπῄρτητο
2995 1307 3150 1371 δέοςς
3194 1304 3462 1376 μαλάττει
3492 1320 3597 1357 τοι·

2017 1386 2221 1471 γαροῦν
2246 1398 2340 1451 καὶ
2384 1398 2537 1461 νόσος
2577 1397 2815 1450 διάνοιαν
2868 1396 3262 1468 σκληροτέραν·
3316 1394 3413 1447 καὶ
3471 1411 3596 1446 ναυ-

2020 1489 2172 1558 άγιον
2220 1489 2477 1552 πολλάκις
2517 1488 2791 1559 συμπεσὸν
2820 1489 3075 1560 ἐμπόριον
3113 1487 3365 1558 ἐπίορκον
3394 1486 3598 1557 τρόπον

2023 1581 2314 1652 μετέϐαλε·
2364 1580 2521 1634 πενία
2577 1576 2730 1643 αὖθις
2787 1580 3089 1650 κατήνεγκε
3142 1579 3234 1632 τὸν
3286 1577 3597 1650 ἐπαρθέντα

2022 1671 2272 1743 πλούτῳ·
2304 1671 2507 1726 παίῖων
2545 1672 2797 1744 στέρησις
2849 1671 3183 1742 ἐσωφρόνισε
3229 1669 3321 1723 τὸν
3343 1669 3440 1723 διὰ
3474 1673 3596 1725 παῖ-

2013 1758 2111 1822 δας
2136 1760 2578 1815 πλεονεκτοῦντα.

2091 1852 2155 1905 Εἰ
2192 1852 2250 1905 δὲ
2294 1851 2368 1923 μὴ
2404 1851 2754 1923 ἐσωφρόνισε,
2793 1851 2856 1904 τὸ
2904 1849 3207 1921 ὑπόδειγμα
3246 1853 3361 1913 τοῖς
3401 1847 3595 1902 αίσθα·

2023 1941 2266 2012 νομένοις
2294 1941 2561 2013 παρέσχε·
2590 1944 2684 1996 καὶ
2715 1944 2764 1996 οἱ
2792 1943 2888 2013 μὲν
2916 1942 3103 2005 παῖδες
3128 1940 3440 2013 ἐϐλάϐησαν
3465 1958 3585 1994 παν-

2021 2033 2189 2096 τελῶς
2220 2033 2389 2098 ούδὲν,
2418 2034 2615 2103 μᾶλλον
2645 2036 2742 2105 μὲν
2761 2031 2852 2088 οὖν
2875 2033 3342 2105 εύηργετήθησαν,
3368 2031 3593 2101 ἀγωγῆς

2023 2124 2240 2193 φαύλων
2268 2124 2470 2193 γονέων
2495 2124 2926 2195 ἀπαλλαγέντες·
2950 2124 3023 2179 τὰ
3057 2125 3115 2180 δὲ
3152 2126 3253 2197 τῆς
3277 2124 3592 2191 πλεονεξίας

2021 2215 2373 2287 διελέγχεται.

644 2363 774 2420 CAP.
807 2360 993 2416 XXIII.
1031 2359 1257 2415 Jactura
1287 2359 1591 2414 liberorum.
1623 2356 1883 2411 Absoluta
1920 2354 2061 2411 ratio
2092 2371 2271 2410 rerum
2301 2370 2434 2425 quas
2462 2352 2604 2409 Deus
2625 2354 2904 2426 gubernat,
2938 2356 3285 2424 incomperta.

422 2477 635 2535 Rursus
657 2479 746 2533 alii
770 2492 894 2532 eum
924 2483 1177 2546 parentes
1200 2474 1400 2543 alioqui
1433 2473 1630 2543 probos
1652 2472 1912 2536 habeant,

350 2575 680 2637 moriunarr,
719 2579 813 2625 aut
844 2570 970 2640 quia
1013 2568 1183 2622 futuri
1218 2574 1372 2621 erant
1419 2565 1627 2636 indigni
1658 2565 1919 2635 genitori-

346 2665 451 2720 bus
498 2664 653 2726 suis,
701 2676 771 2716 ne
821 2662 1087 2716 bonorum
1141 2660 1295 2714 mala!
1348 2660 1614 2714 columna:
1656 2663 1914 2712 exstent:

349 2762 445 2809 aut
474 2756 519 2808 si
556 2753 715 2824 probi
746 2752 965 2823 quidem
997 2760 1147 2817 sunt,
1179 2752 1396 2806 evasuri
1423 2760 1599 2804 tamen
1621 2749 1770 2814 pravi
1801 2763 1920 2801 mu-

347 2845 558 2899 tatione
582 2860 815 2908 morum,
853 2844 896 2897 si
928 2848 1239 2895 crescerent
1259 2882 1273 2903 ,
1305 2842 1566 2895 benelit-io
1588 2839 1915 2902 allieinntnr,

348 2953 458 2993 non
491 2945 871 3007 permanentes
902 2935 956 2988 in
991 2934 1191 2987 malum
1224 2947 1407 2991 suum.
1439 2932 1621 2984 oumia
1666 2928 1758 2983 Dei
1787 2944 1915 2999 pro-

2098 2469 2307 2522 Ἀλλων
2347 2465 2502 2534 αὖθις
2546 2465 2606 2523 εὖ
2651 2468 3008 2540 διακειμένων
3056 2469 3400 2535 τελευτῶσιν,
3452 2473 3486 2544 ἢ
3522 2474 3589 2539 ώς

2020 2561 2228 2628 ἀνάξιοι
2260 2563 2368 2616 τῶν
2412 2563 2696 2632 φυσάντων
2741 2565 3112 2634 γενησόμενοι,
3166 2563 3252 2617 ἵνα
3304 2564 3379 2635 μὴ
3428 2565 3589 2637 στήλη

2022 2656 2163 2725 κακὴ
2194 2653 2411 2723 ἀγαθῶν
2449 2654 2755 2709 ἀναστῶσιν
2774 2672 2787 2685 ·
2828 2655 2859 2726 ἢ
2890 2655 3082 2725 ἀγαθοί
3110 2673 3174 2725 γε
3212 2658 3590 2728 τυγχάνοντες,

2022 2750 2070 2802 εί
2100 2749 2189 2801 ὲπὶ
2212 2747 2371 2801 πλέον
2401 2747 2703 2817 αὑξηθείεν,
2728 2747 2803 2812 ώς
2825 2749 2889 2800 ὲκ
2916 2748 3218 2819 μεταϐολῆς
3241 2750 3591 2821 γενησόμενοι

1983 2831 1997 2847 ⁸
2023 2834 2237 2905 φαῦλοι,
2276 2836 2705 2906 εὐεργετοῦνται,
2738 2837 2811 2907 μὴ
2836 2836 2957 2891 καθ’
2993 2838 3200 2891 ἑαυτῶν
3248 2837 3588 2909 διαμένοντες

2020 2926 2087 2995 τῇ
2145 2924 2448 2996 προγνώσει
2500 2924 2592 2978 τοῦ
2654 2924 2785 2979 Θεοῦ
2848 2926 3027 2980 πάντα
3086 2927 3434 2993 διοικοῦντος.
3486 2931 3590 2985 Kal

348 3031 589 3087 videntia
632 3037 686 3084 et.
722 3027 1148 3099 priecognitisne
1171 3040 1269 3080 sua
1310 3024 1669 3094 gubernante.
1709 3020 1913 3075 Adito-

2037 3020 2301 3088 ιναγκαῖοί
2339 3036 2403 3089 γε
2438 3019 2558 3072 λίαν
2598 3022 2647 3073 oi
2684 3020 2857 3089 φόϐοι,
2892 3023 2988 3076 καὶ
3019 3024 3236 3078 ποικίλα
3271 3024 3366 3079 καὶ
3394 3027 3591 3099 ἄπειρα

347 3122 478 3176 dum
519 3122 702 3190 itaque
738 3118 1034 3172 necessarii
1063 3123 1192 3171 sunt
1232 3123 1430 3175 metus,
1458 3122 1513 3165 et
1560 3111 1724 3165 varia:
1757 3116 1918 3177 atque

349 3215 575 3269 inﬁnitae
606 3220 736 3268 sunt
766 3227 945 3266 causa:
982 3226 1171 3265 eorum
1213 3224 1335 3279 quae
1378 3206 1519 3262 Deus
1544 3206 1824 3275 diSpensat
1854 3218 1918 3257 ac

348 3307 631 3376 providet;
678 3311 733 3360 ct
773 3318 914 3371 saepe
975 3302 1176 3371 smpius
1224 3301 1409 3354 eadem
1457 3306 1678 3369 propter
1737 3295 1917 3350 varias

348 3410 545 3450 causas
584 3394 861 3449 eveniunt.
910 3391 1003 3447 llle
1051 3398 1277 3461 aegrotat
1323 3398 1544 3460 propter
1587 3396 1827 3458 peccata,
1860 3392 1919 3439 ιιι

349 3496 742 3544 convertatur:
781 3487 923 3541 alius
952 3497 1172 3555 propter
1199 3484 1477 3543 virtutem.
1511 3488 1571 3535 ut
1610 3480 1784 3550 magis
1823 3478 1920 3533 ad-

354 3577 461 3632 huc
494 3588 847 3642 exerceatur;
883 3577 936 3629 in
968 3574 1337 3631 testimonium
1368 3575 1493 3628 item
1528 3574 1669 3627 alius
1700 3580 1918 3641 propter

352 3666 582 3722 nimium
614 3674 922 3736 peccatum,
959 3673 1019 3719 ut
1048 3674 1341 3734 arguatur;
1376 3673 1428 3716 et
1458 3662 1704 3730 ejusdem
1753 3674 1918 3714 casus

352 3759 517 3814 varia.-
544 3761 705 3814 etiam
737 3774 939 3813 causaz.
973 3756 1067 3813 Ille
1096 3756 1294 3812 amittit
1320 3771 1453 3826 opes
1482 3756 1621 3810 male
1650 3755 1730 3809 eis
1760 3769 1916 3819 usus,

351 3851 462 3907 Deo
486 3856 571 3907 sie
602 3853 679 3905 illi
716 3851 1083 3921 prospiciente
1108 3865 1172 3904 ac
1202 3855 1535 3920 prtecavente
1561 3867 1574 3903 :
1600 3849 1739 3903 alius
1764 3856 1821 3901 ut
1851 3847 1919 3900 ad

350 3946 608 4000 virtutem
640 3960 735 4014 per
760 3944 996 4013 inopiam
1031 3959 1089 3998 se
1112 3950 1365 3997 exerceat
1395 3942 1572 3995 :alius
1603 3947 1795 4009 sponte
1820 3954 1918 3995 sua

352 4052 516 4108 grave
558 4037 770 4105 pondus
808 4037 1120 4089 divitiarum
1151 4035 1357 4102 abjicit,
1403 4050 1470 4088 ne
1524 4034 1636 4088 sint
1665 4033 1714 4088 ei
1750 4033 1921 4101 impe-

355 4129 601 4183 dimento
647 4126 712 4179 ad
747 4126 1027 4180 virtutem.
1072 4125 1258 4195 Neque
1294 4127 1450 4179 facile
1479 4125 1749 4195 quispiam
1797 4139 1922 4195 per-

353 4218 567 4288 spicere
605 4223 783 4285 potest
831 4215 1138 4270 absolutam
1191 4216 1455 4270 rationem
1507 4231 1691 4269 earum
1738 4229 1919 4268 rerum

351 4324 489 4381 quas
516 4307 655 4362 Deus
684 4307 968 4378 gubernat,
998 4314 1055 4360 ιιι
1090 4307 1401 4362 hominibus
1442 4308 1711 4361 consulat.
1738 4305 1916 4361 Pauca

2023 3111 2102 3182 τῷ
2132 3112 2323 3182 πλήθει
2370 3111 2439 3166 τά
2479 3113 2647 3175 αἴτια,
2687 3108 2762 3166 ὧν
2802 3113 2859 3167 δὲ
2890 3114 3022 3179 Θεὸς
3057 3117 3360 3188 οἰκονομεῖ·
3397 3119 3494 3171 καὶ
3526 3118 3592 3173 τὸ

2023 3205 2161 3259 αὑτά
2206 3206 2461 3270 πολλάκις
2501 3207 2589 3262 διὰ
2636 3207 2883 3273 ποικίλας
2932 3208 3231 3279 προφάσεις
3286 3210 3573 3280 συμϐαίνει

2037 3297 2094 3351 '0
2128 3298 2227 3367 μὲν
2273 3299 2545 3368 ageam:
2594 3299 2661 3352 δι’
2706 3299 2980 3371 ἁμαρτίας
3030 3302 3521 3372 ἐπιστρεφόμενος·
3563 3303 3595 3355 6

2023 3388 2079 3442 δὲ
2102 3389 2168 3442 δι’
2197 3391 2395 3462 ἀρετὴν
2441 3390 2519 3444 ἔτι
2569 3390 2767 3461 μᾶλλον
2812 3392 3218 3463 γυμναζόμενος
3265 3394 3346 3457 είς
3387 3410 3593 3466 μαρτυο

2027 3481 2177 3552 ρίαν·
2214 3482 2372 3546 ἄλλος
2401 3482 2487 3537 διὰ
2518 3484 2825 3557 ὑπερϐολὴν
2856 3484 3055 3549 κακίας
3088 3485 3469 3556 ἐλεγχόμενος·
3502 3488 3594 3542 καὶ

2022 3571 2117 3625 τοῦ
2166 3572 2329 3625 αὑτοῦ
2377 3572 2777 3645 συμπτώματος
2824 3573 3041 3627 ποικίλα
3074 3574 3143 3628 τά
3174 3576 3342 3629 αἴτια.
3380 3576 3439 3629 '0
3497 3575 3591 3645 μὲν

2024 3664 2276 3717 ἐκπίπτει
2332 3665 2595 3731 πλούτου,
2643 3665 2717 3737 μὴ
2767 3665 2946 3729 καλῶς
2998 3665 3375 3737 χρησάμενος·
3439 3667 3591 3731 ἅλλκ

2024 3756 2099 3820 ὡς
2138 3755 2316 3819 καλῶς
2350 3758 2692 3828 χρησάμενος
2730 3758 2901 3826 φειδοῖ
2945 3758 3113 3812 Θεοῦ·
3162 3758 3319 3822 ἄλλος
3364 3758 3422 3811 δὲ
3462 3758 3593 3830 πρὸς

2024 3849 2223 3919 ἀρετὴν
2248 3847 2334 3901 διὰ
2364 3849 2553 3913 πενίας
2574 3850 2978 3920 γυμναζόμενος
2996 3867 3010 3880 ·
3040 3851 3224 3921 ἕτερος
3250 3851 3393 3904 ἑκὼν
3415 3853 3592 3923 ῥίπτει

2024 3942 2129 3993 τῶν
2163 3940 2459 4011 χρημάτων
2504 3940 2565 3994 τὸ
2611 3940 2794 4013 βάρος,
2824 3942 2899 4007 ὡς
2928 3942 3001 4014 μὴ
3035 3942 3170 4014 πρὸς
3198 3943 3401 4013 ἀρετὴν
3429 3944 3592 4012 εμπο-

2024 4031 2237 4095 δίζοιτο.
2266 4033 2374 4086 Καὶ
2407 4033 2505 4087 οὐκ
2532 4033 2598 4087 ἂν
2631 4034 2730 4105 μέν
2765 4052 2851 4098 τις
2880 4036 3076 4107 ῥαδίως
3099 4036 3303 4090 κατίδοι
3328 4036 3431 4105 τὴν
3457 4035 3594 4088 κατά

2028 4124 2191 4195 μέρος
2221 4124 2524 4198 ἀκρίϐειαν,
2559 4120 2633 4180 ὧν
2670 4128 2700 4179 ὁ
2753 4126 2886 4191 Θεὸς
2936 4126 3237 4199 ἀνθρώπων
3282 4127 3592 4198 φειδόμενος

2025 4218 2327 4285 οἰκονομεῖ·
2355 4217 2425 4271 τά
2451 4218 2508 4271 δὲ
2551 4218 2706 4287 ὀλίγα
2752 4218 3275 4290 καταλαμϐανόμενα
3308 4220 3493 4284 πίστις
3517 4219 3597 4287 γί-

2024 4322 2173 4360 νεται
2203 4307 2311 4361 τῶν
2352 4309 2426 4380 μὴ
2476 4309 3060 4382 καταλαμϐανομένων.
3108 4310 3191 4364 Τὰ
3240 4312 3341 4381 μὲν
3368 4311 3479 4381 γάρ
3505 4311 3595 4366 και

353 4379 481 4455 vero
507 4414 628 4470 quae
661 4398 1054 4467 comprehensa
1098 4405 1247 4462 sunt,
1297 4397 1456 4451 [idem
1492 4396 1697 4449 faciunt
1728 4412 1917 4450 eorum

2037 4398 2185 4461 ιύτὸς
2229 4379 2535 4472 ἀνθρώποις
2578 4379 2883 4473 σαφηνίζει,
2922 4402 2999 4466 ὡς
3040 4402 3105 4457 ἂν
3136 4379 3310 4472 ἔχοιεν
3336 4379 3594 4457 ἀναϐάσει

352 4508 475 4563 quae
519 4507 627 4545 non
662 4501 811 4547 sunt.
846 4489 1100 4556 Quaedam
1132 4490 1278 4543 enim
1323 4489 1437 4558 ipse
1471 4487 1712 4543 declarat
1751 4488 1927 4542 homi-

354 4584 536 4643 nibus.
574 4591 632 4637 ιιι
660 4583 1068 4653 quodammodo
1102 4597 1167 4636 ex
1196 4582 1263 4635 iis
1287 4596 1407 4651 quae
1440 4582 1703 4637 sentiunt.
1730 4595 1925 4635 ascen-

354 4674 483 4730 dere
512 4676 725 4745 possint
749 4676 816 4729 ad
849 4689 996 4730 cum.
1022 4673 1141 4728 Alia
1173 4689 1300 4727 vero
1330 4674 1559 4742 plurima
1587 4674 1925 4729 obscuritate

355 4767 619 4835 contegit,
656 4782 726 4820 ne
756 4773 949 4820 contra
981 4782 1042 4821 se
1078 4765 1169 4820 ﬁat
1202 4766 1460 4836 magister
1489 4781 1595 4820 non
1623 4765 1877 4819 credendi
1906 4782 1920 4819 :

358 4873 458 4913 nec
486 4857 631 4912 enim
664 4857 893 4913 decebat
927 4862 1168 4912 omnium
1195 4873 1314 4927 qua:
1338 4858 1612 4927 sigillatiin
1646 4858 1800 4921 ﬁunt,
1828 4858 1927 4914 de-

354 4950 782 5004 munstrationcs
810 4964 840 5003 a
876 4947 984 5002 ltro
1015 4964 1273 5019 poscere;
1306 4949 1573 5017 siquidem
1612 4947 1924 5017 lmjusmodi

356 5042 595 5107 cegnitio
643 5041 916 5095 dillicilior
956 5048 1013 5094 et
1060 5041 1214 5110 pejor
1258 5050 1340 5095 est
1372 5056 1533 5110 quam
1579 5042 1920 5109 ignorantia;

356 5128 459 5185 hac
481 5132 624 5186 enim
664 5134 874 5186 ratione
915 5133 1178 5186 suadetur
1225 5134 1414 5194 menti,
1445 5132 1591 5203 quod
1638 5133 1922 5197 addiscat;

358 5222 559 5293 alioqui
586 5225 719 5278 nihil
744 5240 957 5287 eorum,
989 5240 1111 5293 qua:
1140 5223 1280 5279 Dens
1308 5226 1595 5295 gubernat,
1630 5225 1694 5278 ad
1715 5224 1923 5292 justam

356 5314 808 5382 gubernationem
847 5315 1093 5371 referret.
1129 5314 1316 5368 Melior
1340 5324 1522 5371 autem
1555 5325 1638 5371 est
1663 5317 1717 5369 in
1756 5320 1921 5373 ileum

357 5402 492 5459 ﬁdes
526 5413 579 5459 et
608 5405 877 5472 charitas;
925 5413 978 5461 et
1006 5421 1259 5476 quamvis
1289 5421 1441 5459 mens
1490 5421 1599 5459 non
1630 5405 1926 5475 perspiciat

359 5508 481 5564 quae
513 5496 667 5560 liunt,
690 5498 923 5555 confidat
959 5506 1140 5552 tamen
1180 5506 1326 5553 recte
1366 5499 1711 5568 gubernanti.
1746 5497 1918 5569 Siqui

359 5582 482 5639 dem
514 5585 570 5640 in
612 5590 867 5645 omnibus
903 5591 1068 5645 rebus
1110 5588 1304 5645 adduci
1342 5590 1678 5659 argumentis
1711 5596 1766 5645 et.
1798 5605 1916 5661 pro-

366 5674 698 5743 bationibus,
738 5683 919 5750 potius
944 5689 1089 5737 esset
1122 5681 1347 5753 perlidia
1380 5697 1542 5752 quam
1568 5682 1723 5740 lldes.

2025 4489 2321 4561 κεχρῆσθαι
2357 4492 2557 4562 τρόπον
2582 4492 2703 4544 τινὰ
2733 4492 2869 4562 πρὸς
2902 4491 3085 4557 αὐτὸν,
3123 4490 3189 4544 δι’
3211 4484 3290 4544 ὧν
3331 4489 3592 4543 ἐπαισθά-

2021 4596 2201 4633 νονται
2220 4595 2232 4609 ·
2259 4578 2329 4632 τὰ
2357 4579 2415 4632 δὲ
2452 4580 2680 4633 πλεῖστα
2718 4579 2949 4650 κρύπτει
2979 4580 3044 4632 δι’
3084 4579 3377 4648 ἀσαφείας,
3407 4580 3496 4633 ἴνα
3523 4579 3593 4649 μὴ

2022 4673 2247 4743 γένηται
2287 4673 2386 4743 τῆς
2438 4673 2561 4728 καθῖ
2597 4674 2788 4727 ἑαυτοῦ
2838 4691 2901 4743 γε
2948 4673 3203 4736 ἀπιστίας
3245 4672 3591 4736 διδάσκαλος·

2022 4765 2140 4819 οὐδὲ
2168 4765 2276 4837 γάρ
2301 4766 2544 4837 προσῆκε
2571 4766 2679 4821 τῶν
2703 4768 3002 4838 γινομένων
3026 4767 3257 4820 ἑκάστου
3285 4766 3440 4838 παρά
3465 4764 3595 4821 Θεοῦ

2021 4858 2122 4928 τὴν
2155 4858 2425 4925 ἀπόδειξιν
2459 4860 2733 4912 ἀπαιτεῖν·
2758 4859 2881 4912 ὲπεί
2919 4876 2999 4913 τοι
3033 4857 3394 4929 χαλεπωτέρα
3418 4856 3595 4926 γίγνε-

2022 4968 2111 5006 ται
2148 4952 2245 5022 τῆς
2271 4953 2489 5021 ἀγνοίας
2518 4954 2550 5023 ὴ
2577 4951 2797 5023 τοιαύτη
2821 4952 3038 5022 γνῶσις,
3067 4951 3141 5014 ὡς
3172 4949 3261 5003 διὰ
3293 4950 3453 5003 τοῦτο
3473 4948 3595 5002 δυσ·

2024 5042 2341 5110 ωπουμένου
2389 5041 2483 5095 τοῦ
2527 5041 2638 5101 νοῦ.
2665 5042 2746 5095 ὃτι
2780 5042 3037 5113 μανθάνοι
3058 5057 3070 5071 ·
3107 5039 3282 5103 ἄλλως
3315 5039 3362 5092 δ’
3403 5038 3469 5093 ἂν
3496 5038 3595 5091 οὐκ

2024 5130 2089 5184 ἂν
2118 5130 2408 5201 δεξαμένου
2439 5131 2573 5195 πρὸς
2603 5131 2814 5185 δικαίαν
2836 5130 3145 5202 οἰκονομίαν
3170 5129 3324 5182 οὐδὲν
3352 5122 3427 5181 ὧν
3465 5126 3592 5180 διοι-

2022 5227 2111 5277 κεῖ
2145 5225 2295 5289 Θεός.
2335 5225 2564 5278 Βελτίων
2594 5224 2651 5278 δὲ
2684 5226 2716 5295 ἡ
2742 5223 2876 5295 πρὸς
2908 5221 3038 5276 Θεὸν
3062 5221 3244 5284 πίστις
3270 5237 3330 5274 τε
3360 5219 3457 5273 καὶ
3485 5216 3568 5271 διά

2025 5317 2199 5382 θεσις·
2234 5321 2327 5373 καὶ
2350 5318 2471 5389 δίχα
2497 5316 2591 5371 τοῦ
2621 5316 2857 5388 καθορᾷν
2877 5316 2969 5370 τὸν
2995 5315 3117 5369 νοῦν
3145 5314 3253 5369 τῶν
3290 5309 3567 5385 πραττομέ
3586 5358 3597 5377 ,

2025 5429 2152 5478 νων,
2188 5410 2409 5483 θαρρεῖν
2456 5413 2519 5481 τῇ
2564 5409 2656 5463 τοῦ
2697 5406 3019 5471 διοικοῦντος
3044 5407 3329 5480 ὀρθότητι·
3357 5404 3479 5459 ἐπεί
3510 5418 3589 5456 τοι

2022 5504 2085 5558 τὸ
2115 5503 2180 5556 δι’
2204 5501 2531 5567 ἀποδείξεων
2558 5499 2833 5571 πανταχοῦ
2872 5498 3331 5572 προσϐιϐάξεσθαι
3373 5492 3591 5552 άπιστῗι

2027 5596 2204 5667 σαφὴς
2239 5595 2437 5667 μᾶλλον
2470 5595 2505 5665 ἢ
2537 5593 2720 5656 πίστις
2739 5592 2806 5649 ἂν
2840 5591 2945 5664 εἴη.
