3782 6166
235 304 373 361 “8|

308 416 442 471 οὐδὲ
480 416 665 485 φίλους
703 419 955 488 γνησίους
1006 419 1188 477 πολλοὶ
1232 412 1687 491 περιεργάζονται
1721 419 1800 492 τῷ
1828 437 1871 492 Δ

232 508 571 579 ἀνεξετάστῳ
609 508 710 579 τῆς
753 512 1034 575 συνουσίας
1065 511 1126 565 τὺ
1155 512 1372 583 γνήσιον
1416 506 1689 581 νέμοντες,
1723 512 1799 576 ὡς

232 600 433 671 ῥᾳδίως
476 602 560 654 ἐπ’
596 601 822 674 ἀπιστίᾳ
857 602 1294 674 διαϐαλλόμενοι,
1333 605 1383 657 εί
1433 604 1698 675 μηδέποτε
1734 603 1796 657 τὸ

230 692 455 764 Θαρῤεῖν
482 692 687 757 τούτοις
710 696 845 764 μετά
864 711 926 762 γε
949 694 1046 766 τὴν
1069 699 1260 767 πεῖραν
1281 698 1614 768 παρέχοιντο.
1640 696 1795 751 Οὕτω

226 786 296 859 δὴ
336 788 430 840 καὶ
464 788 617 854 Θεὸς,
661 790 894 860 μάλιστα
944 790 1260 863 βουλόμενος
1305 795 1450 862 ἡμᾶς
1494 791 1793 846 διακεῖσθαι

228 879 369 950 πρὸς
396 880 606 943 ἑαυτὸν,
637 882 734 952 οὐχ
766 881 980 937 ἃπασαν
1021 884 1119 953 τῆς
1164 884 1355 937 ἑαυτοῦ
1407 884 1659 955 προνοίας
1693 901 1792 937 σα-

226 969 442 1038 φηνίζει
480 971 579 1043 τὴν
630 972 940 1044 ἐνέργειαν·
977 972 1152 1026 ἐθέλει
1188 974 1297 1045 γὰρ
1330 975 1474 1045 ἡμᾶς
1519 974 1790 1028 πιστεύειν

223 1060 397 1131 αύτῷ,
441 1061 502 1115 οὐ
550 1063 652 1133 μὴν
695 1065 800 1118 οὐδ’
848 1066 1065 1119 ἅπασαν
1109 1065 1485 1137 ἀποκρύπτει,
1531 1064 1665 1119 ἀλλὰ
1720 1064 1788 1118 δι’

223 1151 382 1204 ἐνίων
407 1153 812 1227 ὑποδειγμάτων
836 1156 1104 1229 ὑπερείδει
1123 1157 1322 1229 τρόπον
1341 1156 1459 1210 τινὰ
1485 1156 1573 1211 τὸν
1593 1156 1787 1227 ἡμέτε-

223 1258 320 1312 ρον
343 1260 484 1299 νουν.

292 1430 353 1484 Οἱ
393 1427 493 1500 μέν
529 1422 621 1481 οὖν
657 1427 993 1498 εὐγνώμονες
1039 1430 1105 1499 τῇ
1148 1426 1400 1496 προθέσει
1437 1427 1529 1480 καὶ
1569 1425 1786 1479 εὐσεϐές
1845 1455 1848 1463 ν

221 1537 426 1583 στατοι,
455 1521 569 1589 ἃμα
603 1536 660 1573 τε
692 1518 1035 1585 διαίσθονται,
1066 1518 1161 1572 καὶ
1206 1516 1303 1586 τὴν
1336 1517 1553 1587 μνήμην
1591 1517 1670 1579 εἰς
1697 1517 1784 1570 ἀεὶ

215 1612 622 1682 παραμένοντες
646 1608 976 1679 διατηροῦσι,
1006 1608 1110 1677 γῆς
1145 1607 1342 1678 τρόπον
1374 1604 1584 1676 ἀγαθῆς
1611 1605 1780 1677 σπέρ-

219 1718 370 1775 ματα
405 1700 700 1771 δεξαμένης
728 1698 1014 1762 ἀνθοῦντες
1040 1697 1177 1769 πρὸς
1203 1695 1273 1749 τὰ
1300 1694 1457 1749 καλά.

1272 270 1653 360 ADVERsus
1687 302 2105 361 nauicuos
2144 303 2270 360 us.
2313 302 2377 359 ιι.

3322 302 3463 357 Ηδξ

1972 417 2084 473 lmo
2121 419 2365 489 plerique
2390 417 2452 471 in
2479 430 2642 473 vero:
2671 423 2728 471 et
2756 428 3048 486 germanos
3092 412 3300 468 amicos
3345 428 3460 468 non

1900 511 2187 582 inquirunt
2212 511 2452 573 curiose,
2487 508 2784 578 legitimam
2828 522 2891 562 ac
2920 521 3229 578 germanam
3269 506 3461 561 amici-

1896 603 2024 655 tiam
2056 602 2160 655 hoc
2185 602 2305 672 ipso
2332 601 2644 663 reddentes,
2679 596 2824 668 quod
2846 612 2971 653 cum
2993 597 3186 653 amicis
3220 596 3338 652 sine
3358 611 3457 653 cu-

1896 694 2144 748 riositate
2184 700 2478 749 versantur
2514 699 2814 760 :tanquam
2857 689 3014 744 facile
3053 691 3455 746 accusationem

1891 783 2129 851 perfidiae
2174 784 2538 845 incurrentes,
2573 782 2619 837 si
2660 796 2940 851 nunquam
2983 790 3105 851 post
3153 781 3456 852 periculum

1890 873 2094 930 factum
2150 876 2283 946 ipsis
2337 875 2634 930 conlidant.
2705 873 2797 929 Sic
2864 875 3027 929 etiam
3090 872 3274 938 Deus,
3326 887 3450 927 cum

1889 966 2125 1019 maxime
2164 966 2312 1032 velit,
2359 976 2418 1019 ut
2447 967 2618 1021 simus
2659 980 2788 1035 erga
2819 966 2998 1035 ipsum
3032 965 3166 1019 bene
3200 962 3455 1028 animati,

1886 1072 1996 1110 non
2031 1072 2245 1112 omnem
2284 1058 2637 1126 providentiae
2689 1072 2800 1113 suae
2852 1057 2957 1110 vim
3007 1063 3060 1110 et
3105 1053 3448 1109 ellicienliam

1884 1149 2123 1223 declarat
2152 1168 2165 1203 :
2198 1150 2312 1203 vult
2339 1151 2482 1203 enim
2533 1160 2592 1206 ut
2624 1150 2671 1205 ei
2700 1149 2988 1204 credamus
3013 1167 3026 1212 ;
3062 1163 3236 1218 neque
3259 1156 3454 1202 rursus

1881 1256 2096 1296 omnem
2124 1256 2227 1297 nos
2251 1242 2413 1304 celat,
2437 1241 2530 1295 sed
2556 1242 2882 1311 quibusdam
2906 1241 3170 1312 exemplis
3192 1240 3450 1311 quodam-

1882 1330 2042 1385 modo
2068 1339 2302 1385 mentem
2338 1341 2582 1386 nostram
2614 1340 2904 1388 sustentat.

1950 1420 2053 1488 Qui
2085 1422 2252 1491 igitur
2292 1422 2477 1477 animo
2509 1432 2662 1492 grai.)
2700 1433 2752 1480 et
2793 1424 2883 1493 pio
2913 1431 3061 1486 sunt,
3109 1422 3271 1476 simul
3316 1435 3444 1477 sen-

1880 1513 2044 1576 tiunt,
2071 1523 2127 1567 et
2154 1515 2472 1568 memoriam
2500 1530 2713 1585 semper
2730 1525 3059 1570 conservant
3089 1516 3260 1570 instar
3284 1522 3447 1570 terra

1878 1604 2032 1658 bonae
2056 1612 2208 1672 satae,
2235 1602 2589 1661 ﬂorescentes
2620 1607 2676 1660 in
2706 1606 2890 1663 studio
2918 1607 3205 1662 virtutum.

285 1795 349 1847 Oi
381 1793 436 1846 δὲ
464 1792 665 1845 πλείονι
709 1790 970 1861 βαρύτητι
1000 1789 1104 1863 ,τῆς
1151 1787 1433 1859 συνηθείας
1466 1786 1573 1841 τῶν
1606 1786 1762 1859 ἁμαρ

1953 1776 2057 1844 Qui
2087 1793 2219 1834 vero
2262 1786 2496 1835 mentem
2524 1780 2727 1836 habent
2774 1795 2969 1852 magna
3000 1783 3261 1852 gravitate
3306 1793 3443 1836 cen-

208 1879 471 1952 τημάτων
511 1878 841 1950 κεχωσμένοι
881 1876 970 1931 τὸν
1011 1876 1157 1941 νοῦν,
1190 1876 1223 1947 ἢ
1266 1876 1465 1945 ἐτέρων
1514 1875 1780 1946 προλήψει

208 1972 353 2024 κατά
379 1969 512 2023 Θεοῦ
542 1970 891 2040 πλασμάτων,
917 1962 1003 2022 οἷα
1025 1968 1089 2039 δὴ
1118 1968 1214 2021 καὶ
1237 1969 1264 2020 ὁ
1285 1969 1475 2038 Μάνης
1498 1967 1777 2037 ἐξήνεγκε,

206 2061 307 2115 καὶ
334 2061 461 2131 παρ’
491 2060 668 2124 ἄλλοις
700 2059 846 2133 εῦροι
867 2077 953 2123 τις
984 2058 1071 2122 ἂν,
1099 2059 1381 2128 κρούονται
1426 2056 1522 2128 μὲν
1548 2057 1645 2128 τὴν
1669 2059 1782 2113 διά-

123 2131 143 2145 .
205 2167 379 2214 νοιαν,
406 2152 777 2222 διακρούονται
802 2151 859 2205 δὲ
888 2150 995 2205 τῶν
1027 2149 1435 2222 ὑποδειγμάτων
1462 2149 1560 2221 τὴν
1590 2148 1781 2221 αἴσθη-

207 2257 295 2295 σιν
318 2243 410 2296 καὶ
431 2244 492 2297 τὸ
513 2243 721 2313 ὄφελος.

1881 1870 2187 1926 suetudinis
2234 1880 2580 1941 peccatorum
2629 1871 2879 1926 obrutam
2918 1878 2973 1926 et
3021 1870 3312 1941 oppletum,
3349 1876 3445 1924 aut

1882 1964 2274 2034 anticipatione
2313 1964 2544 2017 aliarum
2577 1973 2766 2016 contra
2797 1961 2963 2016 Deum
3006 1961 3255 2016 tictarum
3291 1962 3442 2030 cogi-

1887 2055 2176 2118 tationum,
2208 2056 2398 2125 quales
2428 2053 2749 2109 Manichacus
2788 2052 3141 2124 deprompsit,
3173 2061 3228 2106 et
3254 2054 3442 2122 quales

1884 2144 2024 2215 apud
2080 2147 2215 2200 alios
2264 2149 2640 2217 reperiuntur;
2686 2146 2937 2215 pulsatur
2986 2143 3205 2214 quidem
3251 2158 3439 2198 eorum

1880 2250 2056 2296 mens.
2093 2236 2189 2291 sed
2229 2237 2503 2307 repellunt
2543 2250 2763 2292 sensum
2812 2235 3182 2305 exemplorum
3213 2242 3267 2289 et
3295 2231 3441 2288 utili-

1877 2330 2065 2379 tatem.

730 2456 859 2509 CAP.
886 2452 1077 2509 XXIV.
1120 2452 1454 2507 Prwdicatur
1489 2452 1583 2506 Dei
1609 2454 1936 2521 providentia
1964 2459 2108 2513 circa
2144 2460 2402 2513 animalia
2430 2458 2632 2512 homini
2670 2458 2907 2511 inutilia.

272 2571 458 2626 Ταῦτα
482 2570 580 2641 μὲν
602 2570 944 2643 προσκείσθω
976 2570 1104 2642 περὶ
1137 2570 1236 2640 τῆς
1260 2569 1485 2624 καθόλου
1518 2571 1772 2642 προνοίας

197 2666 295 2723 τοῦ
328 2665 435 2719 τῶν
475 2666 609 2719 ὅλων
639 2665 794 2718 Θεοῦ.
831 2660 939 2718 Ἦν
978 2664 1035 2717 δὲ
1077 2666 1139 2717 τὸ
1186 2663 1566 2735 ἐξεταζόμενον
1614 2667 1768 2735 ἡμῖν,

195 2757 331 2830 περὶ
370 2756 572 2829 θηρίων
614 2757 886 2821 ἁπάντων,
928 2757 1022 2811 καὶ
1071 2756 1420 2811 ἀπεδείκνυτο
1472 2759 1585 2820 τοῖς
1631 2757 1771 2810 κατὰ

194 2849 360 2919 φύσιν
405 2849 682 2919 λογισμοῖς
722 2846 845 2901 οὔτε
900 2846 1045 2901 κακὰ
1097 2847 1219 2900 οὔτε
1268 2851 1332 2903 ἐκ
1381 2847 1576 2910 κακίας
1625 2849 1771 2912 τινὸς

191 2940 402 2994 ταῦτα’
435 2939 677 3010 χρήσιμα
716 2938 773 2991 δὲ
808 2937 927 2990 λίαν
968 2935 1271 3007 ἀνθρώποις
1307 2938 1385 3000 είς
1422 2937 1573 2999 δέους
1602 2954 1772 2990 κατα-

196 3030 421 3100 σκευήν.
469 3029 532 3082 Εί
584 3028 693 3100 γὰρ
752 3027 968 3082 ἅπαντα
1024 3028 1093 3082 τά
1156 3027 1296 3082 κατὰ
1356 3028 1456 3098 τὴν
1513 3028 1769 3099 δημιουρ-

1940 2575 2121 2645 ·Αιιιιιο
2170 2576 2282 2631 lucc
2327 2576 2546 2646 quidem
2599 2575 2810 2644 adjecta
2864 2574 2976 2629 sint
3022 2575 3318 2644 generatim
3364 2574 3438 2632 de

1875 2666 2211 2737 providentia
2266 2666 2358 2722 Dei
2419 2668 2817 2722 universorum.
2869 2665 2999 2719 Erat
3045 2673 3224 2721 autem
3276 2667 3435 2723 nobis

1875 2761 2105 2830 quaestio
2145 2760 2212 2816 de
2263 2760 2517 2815 omnibus
2568 2759 2727 2825 feris;
2763 2758 3304 2828 demonstratumque
3349 2767 3436 2814 est

1877 2854 2182 2908 rationibus
2209 2868 2274 2908 ex
2302 2862 2496 2908 natura
2529 2852 2711 2907 ductis
2740 2866 2914 2921 neque
2946 2852 3117 2906 mulas
3156 2866 3299 2915 esse,
3333 2866 3435 2905 nec

1873 2959 1937 2997 ex
1974 2945 2083 2998 ullo
2119 2945 2259 2997 malo
2301 2942 2572 3013 principio
2615 2940 2910 3011 profectas,
2954 2944 3114 2995 utiles
3145 2956 3272 2995 vero
3311 2955 3435 2995 esse

1874 3034 2183 3089 hominibus
2212 3035 2277 3087 ad
2315 3032 2685 3088 incutiendum
2727 3042 2949 3086 metum.
2978 3030 3033 3085 Si
3061 3032 3202 3087 enim
3229 3046 3349 3101 qua:
3377 3031 3432 3085 in

193 3120 321 3188 γίαν
358 3120 487 3191 ἡδέα
533 3120 690 3189 μόνον
732 3119 992 3190 ἐτύγχανε
1039 3120 1133 3173 καὶ
1183 3118 1494 3192 ἱλαρότητος
1538 3119 1762 3189 ἔμπλεα,

1874 3126 2076 3180 mundo
2102 3126 2242 3179 facta
2269 3131 2417 3186 sunt.
2445 3124 2633 3179 suavia
2665 3132 2848 3179 essent
2871 3132 2923 3177 et
2943 3123 3230 3177 hilaritatis
3252 3124 3429 3192 plena,

193 3212 292 3265 καὶ
327 3211 490 3282 μηδὲν
526 3208 593 3281 ἦν
630 3212 904 3274 παντελῶς
947 3212 1008 3266 τὸ
1049 3211 1228 3283 ἡρέμα
1275 3210 1403 3279 γοῦν
1455 3209 1718 3277 ἐκφοϐοῦν
1742 3227 1757 3242 ο

191 3300 444 3370 χαλεπῶς
476 3299 541 3354 ἂν
584 3297 767 3364 ἔδοξαν
808 3298 1082 3371 ἄνθρωποι
1129 3295 1586 3365 παιδαγωγεῖσθαι
1624 3294 1758 3366 πρὸς

192 3391 332 3460 ἅφοϐ
340 3391 438 3444 ίαν.

266 3484 418 3553 Ἔχει
454 3482 511 3535 δὲ
547 3481 719 3538 ταῦτα
748 3480 841 3534 καὶ
871 3477 1139 3542 ποικιλίας
1172 3478 1391 3548 κόσμον,
1420 3476 1513 3530 καὶ
1544 3475 1621 3547 τῷ
1654 3493 1750 3544 φο-

191 3575 338 3646 ϐερῷ
364 3573 847 3645 καταμεμιγμένην
879 3572 976 3643 τὴν
1019 3570 1368 3640 εὐπρέπειαν.
1402 3568 1609 3622 Αὐτίκα
1658 3568 1752 3621 καὶ

189 3667 328 3740 πρὸς
369 3665 577 3729 τούτοις
623 3664 769 3718 ἔστιν
800 3664 983 3735 ἕτερα,
1019 3662 1055 3716 ἃ
1100 3665 1232 3732 μήτε
1277 3661 1497 3732 τρέφειν
1541 3658 1755 3731 ἀνθρώι

190 3777 324 3823 πους
374 3757 682 3828 ἐπιτήδεια,
722 3759 856 3827 μήτε
919 3753 1209 3825 περιϐολὴν
1257 3752 1565 3823 ἐνδυμάτων
1611 3767 1752 3821 παρ-

188 3851 364 3921 ἐχειν·
403 3850 527 3919 μήτ’
573 3844 664 3901 οῦν
692 3845 928 3918 θηριώδη
959 3846 1052 3897 καὶ
1076 3845 1241 3915 ἄγρια
1272 3843 1547 3914 τυγχάνει,
1595 3842 1754 3912 μόνον

186 3940 245 3994 δέ
277 3940 479 4010 κόσμον
522 3940 621 4010 τὴν
660 3937 933 3991 ποικιλίαν
974 3935 1303 4007 ἀναπληροῖο
1336 3935 1429 3989 καὶ
1472 3933 1648 4004 δῆλον,
1679 3933 1754 4001 ᾡς

186 4030 403 4085 ἅπαντα
428 4029 611 4100 ἦρεμά
636 4045 696 4081 τε
740 4029 834 4081 καὶ
883 4029 1067 4097 ἄγρια.
1101 4028 1193 4080 καὶ
1229 4024 1299 4079 τὰ
1341 4025 1517 4096 μέσως
1563 4024 1752 4094 ἔχοντα

185 4122 302 4185 ἐνὸς
361 4119 775 4189 ὑποϐεϐλημένα
825 4117 1154 4189 δημιουργίᾳ
1196 4135 1256 4169 τε
1307 4116 1398 4170 καὶ
1455 4114 1751 4186 βουλήματι

182 4210 447 4282 διαμένοι,
498 4210 595 4280 τὴν
645 4209 701 4262 δὲ
753 4207 1179 4279 ἀλληλοφθορίαν
1228 4205 1602 4274 διαφεύγοντα,
1657 4203 1749 4257 καὶ

182 4302 447 4365 ποικίλοις
480 4300 943 4371 πλεονεκτήμασιν
976 4296 1350 4369 ἠσφαλισμένα
1370 4313 1383 4325 ’
1413 4295 1481 4348 τὰ
1517 4296 1610 4364 μὲν
1640 4295 1747 4364 γάρ

1865 3216 2108 3285 nihilque
2136 3215 2361 3269 omnino
2386 3225 2554 3276 esset,
2594 3215 2742 3283 quod
2790 3214 2872 3269 vel
2917 3214 3118 3268 sensim
3171 3222 3433 3282 perterre-

1862 3306 2094 3370 faceret;
2134 3321 2296 3374 grave
2325 3314 2379 3359 et
2409 3292 2605 3359 durum
2628 3307 2804 3361 visum
2830 3314 2975 3361 esset
2998 3305 3314 3361 hominibus
3341 3303 3428 3358 ὶιι⁴

1858 3396 1994 3451 strui
2031 3394 2097 3449 ad
2130 3412 2236 3451 non
2268 3396 2588 3448 timendum.

1928 3485 2139 3540 Habent
2182 3496 2362 3539 autem
2408 3485 2519 3541 haec
2571 3485 2735 3541 etiam
2771 3481 3049 3538 varietatis
3092 3490 3341 3536 ornatum
3369 3490 3426 3537 et

1854 3576 2104 3631 decorem
2147 3591 2270 3629 cum
2310 3587 2521 3631 terrore
2563 3577 2804 3629 mistum.
2854 3572 3057 3627 Praeter
3104 3572 3217 3627 haec
3258 3572 3420 3626 etiam

1857 3671 2119 3722 continuo
2146 3675 2273 3723 sunt
2308 3669 2412 3720 alia
2448 3668 2726 3729 animalia,
2756 3682 2876 3736 qua:
2923 3681 3024 3720 nec
3063 3665 3257 3720 idonea
3291 3671 3422 3719 sunt

1859 3761 1924 3815 ad
1958 3761 2207 3815 alendum
2249 3760 2529 3824 homines,
2574 3774 2748 3828 neque
2791 3766 3018 3827 possunt
3057 3758 3296 3827 praebere
3339 3758 3422 3813 eis

1857 3856 2145 3915 vestitum;
2187 3865 2365 3920 neque
2399 3865 2595 3904 rursus
2647 3849 2819 3902 ferina
2854 3855 2983 3902 sunt
3026 3857 3080 3902 et
3114 3862 3275 3911 saeva,
3322 3848 3421 3901 sed

1858 3944 2033 3997 solum
2074 3943 2387 3996 varietatem
2438 3940 2625 3995 mundi
2672 3939 2981 4008 complent;
3045 3937 3419 3993 manifestum-

1857 4012 1963 4104 que
2001 4041 2086 4089 est
2108 4035 2288 4088 Omnia
2316 4032 2569 4087 animalia
2602 4041 2906 4095 mansueta,
2938 4037 2991 4085 et
3028 4046 3135 4085 non
3168 4046 3420 4086 mansue-

1856 4137 1929 4188 ta,
1961 4132 2014 4177 et
2044 4141 2162 4194 quae
2195 4131 2321 4179 sunt
2378 4123 2686 4191 iutcrjecla,
2736 4122 2895 4176 unius
2935 4112 3211 4177 creatione
3232 4131 3284 4177 et
3309 4136 3422 4176 vo-

1854 4216 2059 4270 luntate
2089 4231 2425 4285 permanere,
2451 4230 2550 4269 nec
2576 4230 2603 4267 a
2629 4231 2687 4270 se
2712 4214 2844 4285 ipsis
2881 4215 3120 4269 vicissim
3170 4215 3418 4280 interire,

1852 4309 2019 4362 variis
2060 4308 2237 4362 modis
2281 4308 2610 4363 cvcellenter
2655 4308 2859 4359 munita
2894 4326 2906 4362 :
2939 4308 3044 4361 alia
3084 4307 3226 4361 enim
3278 4321 3417 4377 prae-

183 4394 336 4463 ίσχῦν
370 4392 579 4463 ἄμαχον
613 4392 758 4461 ἔχει·
791 4390 858 4443 τὰ
885 4390 941 4442 δὲ
974 4390 1334 4459 άσὶενέστερα
1365 4387 1441 4457 τῷ
1468 4388 1619 4456 τάχει
1650 4386 1749 4456 τῆς

1871 4399 1962 4452 lita
1991 4408 2116 4454 sunt
2156 4400 2357 4453 invicto
2398 4401 2614 4463 rohure,
2663 4398 2767 4451 alia
2806 4412 2933 4452 vero
2988 4396 3280 4451 inﬁrmiora
3320 4412 3413 4452 ve-

178 4488 393 4554 φύσεως
441 4485 539 4554 τὴν
590 4482 863 4554 σωτηρίαν
909 4481 1207 4553 πορίζεται,
1260 4480 1355 4533 καὶ
1402 4479 1536 4532 ἄλλα
1572 4477 1745 4541 άλλως

175 4576 473 4630 ὥπλισται·
510 4575 601 4628 καὶ
643 4575 712 4627 τὰ
744 4573 999 4626 δοκοῦντα
1048 4573 1221 4626 ἄοπλα
1253 4571 1541 4642 τυγχάνειν
1588 4568 1744 4623 ἄλλον

174 4666 300 4720 τινὰ
324 4665 521 4737 τρόπον
567 4663 1029 4735 μεμηχανημένην
1063 4663 1173 4733 ἔχει
1211 4663 1309 4731 τὴν
1343 4661 1637 4730 ἀσφάλειαν
1659 4678 1672 4691 ’
1707 4660 1740 4733 ἢ

174 4758 286 4828 γὰρ
318 4758 532 4827 πτηνῶν
577 4757 734 4827 ἔλαχε
767 4755 945 4825 φύσιν,
992 4754 1024 4825 ἢ
1080 4754 1183 4807 ὑπὸ
1230 4753 1334 4823 γῆν
1376 4752 1737 4806 διαλανθάνει.

176 4848 333 4902 Οῦτω
358 4849 418 4900 τὸ
450 4850 545 4919 μὲν
571 4848 795 4917 κόσμιον
833 4847 861 4898 ὁ
886 4843 1224 4916 Δημιουργδς
1261 4846 1326 4914 τῇ
1359 4842 1598 4913 ποικιλίᾳ
1640 4860 1738 4895 πε-

175 4940 448 5010 πόρισται,
481 4938 783 4993 ἐπανιστῶν
816 4935 872 4988 δὲ
919 4935 986 4988 τὶ
1031 4935 1261 5005 διάφορα
1301 4937 1416 4999 τοῖς
1464 4937 1593 4988 πᾶσι
1622 4934 1738 4988 δια-

172 5031 434 5101 νέμειτὴν
452 5031 747 5100 ἀσφάλειαν
779 5028 854 5091 ὡς
876 5026 940 5080 ἂν
973 5025 1138 5096 μηδὲν
1160 5025 1313 5094 γένος
1342 5027 1544 5080 τούτων
1577 5026 1737 5080 ἀσοε-

173 5122 291 5193 νείᾳ
344 5121 557 5190 φύσεως
609 5120 863 5191 προδοθέν
906 5116 1309 5187 παραπόληται.
1356 5117 1510 5171 Οὕτω
1542 5119 1598 5172 δέ
1642 5121 1736 5174 κα)⁸

171 5216 307 5286 πρὸς
364 5213 461 5277 τὰς
510 5213 656 5284 ῶρας
690 5214 994 5284 ἠμφίεσται
1049 5212 1362 5286 περιϐολαῖς
1393 5214 1732 5282 αὐτομάτοις,

172 5304 313 5378 θριξί
350 5321 409 5357 τε
435 5308 666 5367 πυκναῖς
696 5305 788 5358 καὶ
833 5309 1079 5376 στερεαῖς
1103 5306 1354 5378 δέρμασι.
1380 5305 1642 5376 χειμῶνός
1673 5323 1732 5358 τε

170 5398 263 5451 καὶ
306 5397 583 5465 καύματος
635 5397 1077 5468 ἀποκρούσασθαι
1111 5400 1209 5471 τὴν
1258 5398 1459 5469 βλάϐην
1506 5399 1730 5461 ἱκανοῖς,

166 5488 262 5559 τὴν
289 5488 345 5541 δὲ
375 5488 471 5540 ἐπὶ
502 5489 606 5557 γῆς
643 5490 922 5544 ἀνάκλισίν
954 5507 1011 5544 τε
1057 5491 1152 5543 καὶ
1197 5490 1510 5545 ἀνάπαυλαν
1563 5490 1733 5560 εὐμα-

169 5578 426 5651 ρεστέραν
457 5579 952 5654 ἀπεργαζομένας,
1008 5583 1084 5646 ὡς
1142 5583 1383 5654 αὐτοφυῆ
1446 5582 1731 5655 στρωμνὴν

168 5670 483 5727 ὑποκεῖσθαι
513 5671 688 5726 δοκεῖν
708 5691 721 5704 σ
754 5674 847 5728 καὶ
884 5673 952 5728 τὰ
986 5675 1084 5745 μὲν
1115 5675 1417 5746 όλιγογόνια
1450 5675 1655 5746 ἔλαχεν,
1693 5674 1731 5744 ἢ

1849 4489 2068 4545 locitate
2099 4491 2327 4543 naturali
2353 4505 2411 4545 se
2435 4498 2684 4557 tuentur;
2707 4490 2811 4544 alia
2837 4490 2989 4543 aliter
3017 4497 3223 4541 armata
3248 4494 3407 4543 sunt:

1847 4590 1900 4637 et
1929 4596 2046 4651 qua:
2075 4580 2324 4634 videntur
2353 4581 2522 4634 armis
2554 4595 2763 4641 carere,
2804 4580 2906 4632 alia
2941 4580 3186 4647 quaedam
3234 4579 3408 4633 forma

1848 4671 2169 4726 munitionis
2205 4678 2316 4724 tuta
2355 4677 2637 4725 suntzaut
2673 4669 2815 4722 enim
2848 4678 3095 4722 naturam
3125 4668 3405 4721 volucrum
3460 4664 3471 4681 '

1847 4768 2039 4817 sm-tita
2091 4770 2239 4825 sunt,
2291 4771 2383 4814 aut
2412 4761 2516 4815 sub
2551 4773 2696 4815 terra
2734 4763 2922 4815 latent.
2972 4757 3062 4814 Sic
3106 4758 3407 4814 fabricator

1845 4854 2031 4907 nmndi
2065 4860 2313 4906 ornatum
2349 4851 2581 4905 confecit
2621 4851 2915 4916 varietate;
2961 4859 3014 4905 et
3058 4850 3306 4919 redigens
3336 4849 3404 4904 ad

1843 4944 2206 5013 aequalitatem
2240 4957 2358 5013 quae
2385 4951 2515 4996 S'llll
2546 4942 2784 5005 diversa,
2830 4942 3087 4997 omnibus
3121 4941 3405 4995 distribuit

1843 5036 2125 5089 tuitionem
2158 5035 2265 5096 sui,
2317 5043 2375 5088 ut
2422 5035 2626 5087 nullum
2678 5049 2853 5104 genus
2883 5038 3074 5088 horum
3118 5033 3406 5087 imbecilli—

1842 5135 1951 5182 tale
1984 5135 2189 5181 naturze
2237 5125 2509 5195 proditum
2556 5134 2755 5195 pereat.
2814 5126 2894 5180 Ad
2940 5127 3405 5181 cmnmutationcs

1841 5227 2145 5287 temporum
2179 5217 2479 5270 induuntur
2511 5217 2833 5283 tegumentis
2870 5223 3060 5284 suapte
3088 5224 3281 5267 natura
3310 5227 3400 5265 or-

1840 5311 1933 5372 tis,
1973 5316 2026 5363 et
2067 5309 2192 5379 pilis
2220 5307 2405 5362 densis
2450 5321 2512 5359 ac
2541 5306 2695 5359 duris
2729 5305 2917 5368 coriis,
2969 5318 3089 5373 qu:e
3120 5304 3296 5357 hieme
3344 5312 3400 5359 et

1838 5402 1893 5455 in
1953 5412 2087 5455 a‘stu
2143 5402 2206 5453 ad
2273 5398 2697 5469 propulsandum
2741 5396 3143 5449 incommodum
3202 5396 3400 5450 idonea

1838 5502 1986 5555 sunt,
2019 5499 2073 5546 et
2102 5506 2221 5560 qua:
2251 5492 2457 5544 faciunt
2484 5501 2539 5544 ut
2574 5488 2787 5543 facilius
2821 5489 3154 5543 recubentet
3182 5489 3394 5558 requie-

1837 5593 2011 5649 scant,
2046 5592 2105 5639 ut
2135 5585 2381 5640 videatur
2408 5592 2598 5654 suapte
2625 5584 2674 5637 vi
2709 5590 2763 5638 et
2792 5591 2982 5637 natura
3010 5583 3287 5653 supposita
3313 5582 3398 5639 cis

1837 5676 2072 5748 straguli
2107 5692 2208 5731 :ac
2256 5678 2449 5747 partim
2490 5674 2708 5747 quidtm
2751 5691 2943 5747 parum
2984 5675 3213 5733 fecunda
3242 5682 3394 5742 sunt,
