3782 6166
342 245 482 303 “85

1474 256 1610 312 TITI
1650 256 2077 316 BOSTRENSIS
2114 261 2421 319 EPISCOPI

3441 266 3594 321 ηδε

342 369 438 418 aut
464 373 718 433 tanquam
746 364 985 423 dililcllia
1025 369 1090 423 ad
1119 370 1442 440 capiendum
1470 411 1485 431 .
1531 381 1625 427 aut
1659 383 1914 443 tanquam

2045 382 2092 441 >ς
2122 379 2425 441 δυσάλωτα,
2454 378 2486 451 ἢ
2513 379 2589 442 ὡς
2622 378 2949 451 πολυχρόνια
2968 399 2982 411 ·
3016 382 3084 436 τὰ
3111 382 3166 436 δὲ
3193 382 3459 442 εὐάλωτα,
3494 383 3594 435 καὶ

343 456 619 511 diuturnae
662 457 827 525 vitae;
876 460 981 513 alia
1032 476 1163 516 vero
1222 477 1343 533 quae
1406 462 1564 517 facile
1610 466 1919 534 capiuntur,

344 558 403 602 et
442 549 510 602 ad
547 549 808 604 utendum
867 552 1110 621 quotidie
1155 551 1353 608 tradita
1402 564 1550 621 sunt,
1593 554 1925 610 fecunditate

345 653 446 696 sua
477 642 678 696 durant
716 649 770 696 et
801 653 1107 700 servantur.

2016 468 2083 537 τῇ
2117 467 2240 521 καθ’
2271 468 2482 540 ἡμέραν
2516 470 2706 539 χρήσει
2739 472 3165 544 παραδεδομένα,
3189 475 3257 543 τῇ
3285 472 3593 542 πολυγονία

2017 560 2231 631 διαρκεῖ
2261 578 2320 614 τε
2349 562 2444 615 καὶ
2472 560 2721 625 σώζεται.

1440 765 1570 820 CAP.
1599 763 1763 819 XXV.
1794 763 1844 817 Ν
1849 766 1973 821 ulla:
2000 766 2172 821 herba:
2204 766 2479 837 lelhiferw.

416 872 684 929 Alimenta
717 891 841 930 vero
865 876 1011 931 aliud
1038 875 1239 932 animal
1264 878 1372 932 alia
1398 879 1581 944 habet,
1618 888 1780 949 atque
1802 895 1916 934 om-

346 967 510 1023 nibus
542 968 756 1022 abunde
786 969 1029 1038 apposita
1063 978 1224 1037 sunt;
1264 969 1338 1023 ita
1376 979 1436 1024 ut
1471 971 1616 1025 nulla
1641 971 1809 1025 herba
1847 987 1914 1026 ex

345 1059 415 1113 iis
452 1059 614 1113 etiam
644 1073 766 1128 quae
816 1059 1111 1114 mortiferae
1143 1060 1397 1115 videntur
1434 1077 1578 1124 esse,
1613 1069 1812 1116 natura
1844 1061 1917 1115 sit

344 1150 620 1205 mortifera
657 1169 670 1204 :
702 1151 845 1220 quod
887 1152 1032 1206 enim
1081 1154 1238 1208 alteri
1288 1155 1473 1223 generi
1529 1164 1710 1219 nocet,
1762 1156 1917 1210 alteri

346 1241 585 1311 prodest.
621 1241 869 1297 Salutare
894 1250 1072 1297 autem
1096 1252 1149 1298 et
1176 1244 1496 1313 pestiferum
1525 1246 1687 1300 simul
1719 1256 1916 1301 natura

345 1334 618 1400 quomodo
663 1334 763 1389 hoc
811 1350 935 1390 esse
985 1335 1209 1405 potest?
1249 1335 1558 1391 dill'erentia
1598 1346 1778 1392 autem
1830 1338 1916 1393 his

342 1427 612 1480 utentium
642 1427 959 1482 varietatem
988 1443 1107 1497 quze
1140 1426 1195 1481 in
1234 1428 1319 1484 his
1363 1429 1529 1492 inest,
1562 1430 1814 1499 requirit,
1854 1439 1914 1484 ut

344 1517 402 1570 in
432 1519 801 1573 animantibus
831 1520 1042 1574 ratione
1070 1521 1384 1575 carentibus
1415 1520 1706 1591 vestigium
1739 1522 1916 1591 quod-

343 1610 468 1663 dam
524 1619 782 1680 appareat
830 1612 1077 1677 rationis,
1123 1613 1257 1684 legis
1299 1613 1509 1668 scilicet
1550 1612 1673 1683 ejus
1721 1614 1817 1682 qui
1847 1628 1913 1669 ea

343 1704 571 1757 creavit.
622 1702 768 1757 Nihil
802 1704 946 1758 enim
985 1705 1178 1758 horum
1218 1704 1456 1774 ignorat,
1498 1703 1643 1775 quod
1684 1705 1786 1759 sibi
1815 1721 1912 1760 co-

344 1803 565 1862 gnatum
593 1801 676 1847 est
706 1833 719 1855 ,
750 1809 924 1864 neque
952 1802 1174 1865 propter
1203 1802 1454 1848 naturam
1485 1794 1712 1849 ferinam
1746 1802 1799 1850 et
1828 1810 1917 1848 ra-
1949 1779 1990 1835 Β

344 1884 512 1937 tionis
539 1890 834 1952 expertem,
872 1885 1017 1954 quod
1053 1883 1366 1955 pestiferum
1403 1885 1505 1939 sibi
1540 1891 1623 1939 est
1659 1894 1915 1955 tanquam

346 1983 531 2043 aptum
570 1972 637 2027 ad
684 1974 1035 2027 nutriendum
1067 1974 1322 2028 adhibet:
1349 1974 1479 2043 quin
1513 1975 1695 2045 potius
1721 1987 1918 2025 unum—

342 2064 618 2133 quodque,
654 2064 798 2131 quod
833 2064 938 2119 sibi
969 2065 1315 2119 commodum
1346 2072 1450 2129 est,
1478 2066 1685 2135 appetit
1707 2071 1761 2119 et
1789 2078 1917 2134 pro-

343 2153 611 2222 sequitur.
662 2150 719 2206 Si
752 2154 894 2207 enim
938 2153 1116 2207 omnis
1147 2152 1314 2207 herba
1363 2162 1417 2209 et
1453 2154 1608 2209 radix
1663 2153 1918 2209 omnibus

343 2248 492 2295 esset
524 2242 930 2296 accommodata
954 2250 1010 2298 et
1038 2257 1366 2314 congruens,
1399 2245 1583 2300 minus
1614 2245 1917 2316 patefieret,

344 2334 489 2405 quod
518 2335 603 2391 lex
619 2334 899 2390 Creatoris
924 2336 1088 2390 etiam
1114 2336 1169 2391 in
1197 2336 1569 2394 animantibus
1592 2338 1803 2392 ratione
1830 2351 1921 2391 ca-

345 2426 593 2482 rentibus
620 2427 762 2497 viget
789 2435 844 2482 et
871 2426 1207 2483 dominatur.

413 2517 485 2572 At
519 2533 648 2573 vero
685 2534 806 2573 esse
845 2519 948 2573 hoc
998 2519 1326 2589 quibusdam
1368 2534 1595 2579 nocens.
1648 2520 1774 2576 aliis
1822 2535 1920 2573 au-

348 2617 453 2662 tem
502 2607 556 2661 id
596 2608 772 2678 ipsum
821 2609 1085 2673 salutare,
1132 2609 1336 2664 clarius
1388 2610 1711 2679 sapientiam
1742 2609 1835 2663 Dei
1867 2610 1920 2663 in

347 2696 602 2751 omnibus
635 2697 925 2767 prmdicat;
958 2712 1064 2767 qua
1095 2697 1298 2752 factum
1323 2706 1429 2764 est,
1455 2709 1516 2753 ut
1550 2706 1698 2754 esset
1720 2700 1776 2753 in
1810 2699 1924 2752 ani-

348 2788 626 2844 mantibus
668 2790 879 2843 ratione
921 2791 1238 2845 carentibus
1289 2791 1373 2846 vis
1414 2792 1662 2861 quaedam
1711 2798 1923 2846 natura:

348 2894 455 2947 qua
503 2896 565 2935 ea
608 2896 729 2950 quae
767 2883 1014 2951 apposita
1058 2892 1208 2947 sunt,
1254 2883 1652 2939 discernerent.
1703 2882 1834 2949 Quae
1875 2884 1923 2939 si

350 2974 670 3027 naturaliter
700 2976 755 3027 in
794 2974 1023 3043 singulis
1052 2991 1158 3029 non
1204 2975 1428 3040 inesset,
1462 2975 1660 3030 merito
1687 2990 1752 3029 ac
1776 2982 1923 3030 recte

348 3076 415 3116 ea
451 3076 571 3131 quae
613 3070 833 3130 nocent,
874 3072 1263 3118 accusarentur
1309 3073 1569 3135 tanquam
1609 3077 1641 3116 a
1678 3061 1921 3133 nequitia

349 3152 495 3209 edita
519 3162 573 3209 et
600 3162 739 3209 orta.

422 3246 520 3301 Sin
559 3262 693 3302 vero
752 3246 806 3300 in
854 3246 1180 3301 animalibus
1222 3246 1488 3301 naturalis
1532 3245 1781 3316 quaedam
1834 3245 1920 3300 vis

354 3338 720 3403 discernendi,
747 3339 1010 3407 judicium
1046 3338 1464 3409 praeoccupavit,
1490 3348 1542 3394 et
1572 3337 1921 3409 unumquod-

352 3448 460 3501 que
480 3434 583 3488 sibi
610 3435 943 3488 conveniens
976 3433 1164 3503 eligit;
1217 3433 1396 3487 omnis
1430 3430 1684 3486 videlicet
1729 3431 1918 3497 herba,

354 3531 408 3577 et
437 3524 591 3578 radix
619 3526 767 3580 utilis
790 3531 894 3590 est,
921 3524 1022 3580 etsi
1053 3539 1161 3578 non
1202 3522 1460 3578 omnibus
1489 3540 1502 3576 :
1543 3520 1695 3581 varia
1739 3526 1921 3575 autem

355 3621 483 3670 sunt
509 3616 657 3671 varie
684 3618 951 3675 aooosita.

1946 3129 1994 3190 C

2085 882 2305 951 Τροφὰς
2355 881 2410 934 δὲ
2453 881 2638 936 ἄλλοτε
2686 881 2850 947 ἄλλας
2892 882 3003 953 ἔχει
3029 923 3044 947 ,
3104 884 3197 937 καὶ
3243 886 3355 949 τοῖς
3413 886 3595 939 πᾶσιν

2013 973 2245 1042 ἄφθονος
2293 977 2325 1047 ἡ
2379 975 2610 1046 χορηγία
2642 974 2958 1047 πρόκειται-
2993 976 3133 1030 οὕτω
3166 975 3273 1050 γάρ
3303 977 3424 1032 οὐδὲ
3472 979 3594 1031 τῶν

2017 1064 2330 1136 θανασίμων
2384 1083 2449 1135 γε
2497 1061 2634 1120 εῖναι
2678 1068 3045 1139 νομιζομένων
3093 1069 3328 1140 βοτανῶν
3355 1069 3598 1140 οὐδεμία

2016 1157 2080 1225 τῇ
2119 1156 2275 1224 φύσει
2305 1173 2368 1224 γε
2407 1156 2647 1228 ὀλέθριος
2683 1156 3004 1227 γεγένηται*
3039 1159 3099 1212 τὸ
3114 1159 3233 1230 γὰρ
3262 1160 3405 1230 ἄλλῳ
3435 1161 3598 1229 γένει

2020 1246 2300 1318 βλαϐερὸν,
2349 1248 2520 1319 ἑτέρῳ
2552 1248 2607 1301 δὲ
2640 1249 2933 1319 ὠφέλιμον.
2983 1251 3250 1322 ὀλέθριον
3282 1252 3376 1305 καὶ
3410 1256 3600 1325 σωτή-

2019 1356 2133 1411 ριον
2167 1340 2283 1410 ἅμα
2312 1342 2378 1411 τῇ
2416 1340 2572 1410 φύσει
2600 1341 2758 1394 τοῦτο
2791 1342 2908 1407 πῶς
2939 1342 3003 1396 ἂν
3045 1343 3285 1412 γένοιτο;
3336 1345 3372 1414 ἡ
3415 1344 3472 1397 δέ
3526 1361 3597 1412 γε

2015 1430 2123 1484 τῶν
2173 1432 2467 1504 χρωμένων
2516 1431 2687 1500 γενῶν
2731 1432 2961 1506 διαφορὰ
3006 1434 3067 1488 τὸ
3113 1434 3350 1487 ποικίλον
3378 1435 3481 1505 τῆς
3534 1437 3598 1489 ἐν

2014 1523 2224 1586 τούτοις
2265 1523 2619 1594 παρασκευῆς
2660 1525 2902 1586 ἀπαιτεῖ,
2940 1526 3025 1578 ἵνα
3077 1527 3169 1580 καὶ
3213 1528 3270 1578 ἐν
3313 1530 3427 1590 τοῖς
3460 1527 3598 1579 ἀλό-

2013 1630 2133 1682 γοις
2176 1615 2320 1684 ίχνος
2345 1615 2503 1683 λόγου
2540 1615 2775 1685 δειχθείη
2821 1616 2970 1687 νόμῳ
3012 1615 3105 1669 τοῦ
3151 1617 3599 1687 δημιουργήσαν-

2015 1722 2125 1769 τος.
2182 1705 2348 1759 aestv
2388 1704 2496 1777 γὰρ
2545 1705 2750 1759 τούτων
2790 1707 2975 1775 ἀγνοεῖ
3020 1705 3080 1759 τὸ
3123 1709 3318 1759 οἰκεῖον
3370 1709 3595 1777 ἑαυτῷ-

2019 1798 2141 1852 οὐδὲ
2181 1797 2270 1851 διὰ
2294 1797 2391 1869 τὴν
2421 1797 2612 1867 ἄλογον
2640 1800 2735 1854 καὶ
2763 1797 2998 1871 θηριώδη
3023 1798 3205 1867 φύσιν,
3225 1798 3301 1862 ὼς
3322 1798 3596 1868 τρόφιμον

2017 1891 2078 1945 τὸ
2105 1891 2299 1945 ἑαυτοῦ
2328 1891 2625 1963 θανάσιμον
2658 1893 3022 1964 προσφέρεται
3041 1910 3054 1923 ⁸
3088 1892 3199 1945 ἀλλ’
3234 1892 3329 1944 ἐπὶ
3355 1893 3419 1945 τὸ
3441 1893 3597 1963 αύτῷ

2018 2001 2080 2053 γε
2127 1984 2401 2055 ὠφέλιμον
2433 1983 2658 2039 ἕκαστον
2705 1987 2869 2057 ὁρμᾷ.
2917 1986 2979 2039 Ei
3019 1983 3127 2056 γὰρ
3160 1984 3348 2038 ἅπασα
3391 1984 3595 2055 βοτάνη

2020 2075 2115 2127 καὶ
2151 2072 2276 2143 ῥίζα
2319 2078 2430 2139 τοῖς
2479 2077 2645 2129 πᾶσιν
2692 2076 2936 2146 ὑπῆρχεν
2984 2075 3281 2147 ἐπιτηδεία,
3312 2070 3476 2147 ἦττον
3526 2075 3593 2128 ἂν

2019 2161 2232 2233 ἐδείχθη
2288 2162 2381 2217 τοῦ
2427 2164 2926 2237 δημιουργήσαντος
2965 2168 2993 2219 ό
3023 2165 3206 2236 νόμος,
3243 2167 3343 2220 καὶ
3388 2169 3447 2219 ὲν
3478 2169 3594 2229 τοῖς

2021 2250 2234 2321 ἀλόγοις
2267 2252 2502 2324 κρατῶν.

2091 2515 2164 2567 Τὸ
2191 2513 2244 2567 δὲ
2279 2512 2536 2584 βλαϐερὸν
2583 2528 2767 2577 υνιοις,
2800 2512 3008 2584 ἑτέροις
3035 2512 3092 2565 δὲ
3125 2512 3294 2565 ταυτὸ
3325 2514 3592 2584 σωτήριον

2021 2606 2460 2678 παρακείμενον,
2521 2603 2885 2678 τρανεστέραν
2971 2605 3069 2677 τὴν
3129 2606 3187 2658 ὲν
3269 2608 3387 2669 τοῖς
3460 2608 3591 2659 πᾶσι

2023 2698 2214 2766 σοφίαν
2267 2696 2562 2768 κηρύττει·
2616 2697 2698 2750 δτι
2738 2697 2832 2750 καὶ
2879 2697 2934 2751 ὲν
2971 2698 3082 2759 τοῖς
3138 2695 3355 2765 ἀλόγοις
3387 2698 3588 2768 φυσική

2020 2788 2105 2851 τίς
2134 2788 2251 2841 ἐστι
2273 2789 2382 2842 τῶν
2414 2790 2493 2852 είς
2520 2789 2723 2860 τροφὴν
2761 2787 3177 2859 παρακειμένων
3225 2790 3258 2859 ἡ
3286 2789 3587 2860 διάκρισις“

2019 2876 2089 2952 ἦς
2140 2880 2381 2949 φυσικῶς
2423 2898 2486 2949 γε
2542 2882 2755 2952 ἑκάστῳ
2817 2881 2891 2953 μὴ
2945 2882 3188 2954 ἐνούσης,
3244 2881 3483 2951 εὐλόγως
3527 2882 3591 2934 ἄν

2020 2991 2106 3037 τις
2145 2976 2489 3045 κατηγόρησε
2528 2975 2637 3028 τῶν
2670 2974 2946 3048 βλαϐερῶν
2982 2977 3057 3042 ὡς
3107 2979 3172 3030 ὲκ
3216 2977 3417 3040 κακίας
3459 2993 3590 3048 προ-

2023 3066 2418 3137 ενηνεγμένων.

2097 3242 2160 3295 Εί
2206 3242 2263 3295 δέ
2305 3258 2370 3310 γε
2417 3242 2719 3313 προῦλαϐεν
2750 3245 2808 3299 ὲν
2845 3247 2956 3309 τοῖς
2985 3245 3143 3310 ζώοις
3174 3249 3208 3319 ἡ
3248 3248 3453 3319 φυσικὴ
3483 3264 3592 3302 οια-

2025 3352 2206 3406 κρισις
2243 3333 2339 3405 τὴν
2378 3335 2579 3406 κρίσιν,
2613 3335 2706 3389 καὶ
2755 3335 2817 3390 τὸ
2847 3337 3047 3391 οίκεῖον
3077 3338 3307 3392 ἕκαστον
3358 3339 3589 3407 ἐκλέγει,

2027 3426 2178 3478 πᾶσα
2226 3424 2425 3496 δηλαδὴ
2477 3424 2671 3496 βοτάνη
2730 3427 2825 3481 καὶ
2886 3427 3009 3497 ῥίζα
3062 3430 3353 3499 χρήσιμος,
3412 3433 3461 3483 εἰ
3503 3432 3593 3484 καὶ

2031 3515 2106 3587 μὴ
2150 3518 2263 3579 τοῖς
2309 3517 2475 3582 πᾶσι,
2527 3518 2745 3572 ποικίλα
2789 3519 2846 3572 δὲ
2904 3519 2972 3573 τὰ
3030 3521 3287 3584 ποικίλως
3334 3523 3593 3594 παρακεί-

2034 3626 2191 3680 μενα.

1147 3731 1276 3788 Car.
1316 3727 1506 3786 XXVI.
1548 3727 1748 3785 Contra
1783 3727 1981 3797 ferrum
2011 3734 2059 3780 et
2093 3725 2263 3795 ignem
2305 3727 2555 3780 mentitur
2588 3726 2772 3782 Manes

428 3854 541 3910 Hoc
571 3854 737 3926 igitur
770 3854 932 3909 modo
967 3852 1245 3909 Manichaei
1288 3853 1380 3923 qui
1427 3851 1610 3907 omnia
1643 3847 1926 3905 criminari

359 3946 587 4011 studuit,
624 3947 917 4002 refellenda
945 3955 999 4002 et
1034 3944 1326 4001 evertenda
1368 3950 1453 3998 est
1482 3941 1760 3998 accusatio
1801 3940 1929 3994 her-

358 4041 550 4095 barum
596 4039 986 4108 pestilentium.
1035 4037 1125 4091 Sic
1155 4037 1299 4092 enim
1334 4044 1389 4091 et
1416 4042 1608 4089 contra
1640 4032 1845 4088 ferrum
1872 4038 1939 4105 et,

359 4139 549 4187 contra
570 4132 748 4200 ignem
798 4131 1073 4193 mentitur,
1100 4130 1306 4185 faciens
1335 4128 1389 4183 in
1415 4128 1501 4183 his
1550 4135 1737 4180 contra
1765 4136 1929 4192 quam

358 4226 493 4278 vult.
524 4223 626 4290 Qui
644 4223 787 4279 enim
807 4231 1027 4277 accusat
1047 4223 1349 4289 materiam,
1372 4235 1532 4290 quam
1553 4233 1674 4273 esse
1697 4215 1931 4270 inaniter

359 4315 532 4386 ﬁngit,
578 4330 774 4371 rursus
805 4321 1027 4384 apparet
1065 4321 1325 4383 tanquam
1358 4310 1614 4366 defensor
1645 4314 1701 4362 et
1745 4311 1933 4376 patro-

2100 3847 2508 3919 Περιγραπτέον
2554 3850 2732 3903 τοίνυν
2777 3847 2963 3903 τοῦτον
2994 3848 3085 3903 τὸν
3128 3851 3333 3921 τρόπον
3375 3853 3472 3907 καὶ
3498 3854 3595 3922 τὴν

2031 3939 2169 3993 κατὰ
2215 3940 2323 3993 τῶν
2372 3941 2684 4011 θανασίμων
2733 3941 3036 4012 λεγομένων
3079 3941 3320 4013 βοτανῶν
3361 3962 3595 4015 κατηγο-

2034 4030 2155 4101 ρίαν
2202 4028 2280 4101 τῷ
2324 4031 2559 4085 Μάνεντι
2612 4030 2789 4085 πάντα
2841 4030 3147 4085 διαϐάλλειν
3202 4035 3592 4088 ὲσπουὸακδτι’

2030 4118 2173 4172 οὓτω
2226 4119 2335 4190 γὰρ
2386 4121 2480 4173 καὶ
2545 4120 2761 4191 σιδήρου
2814 4121 2909 4174 καὶ
2959 4123 3130 4194 πυρὸς
3183 4123 3594 4193 καταψεύδεται,

2031 4211 2337 4264 τούναντίον
2368 4210 2536 4265 ποιῶν
2568 4212 2662 4264 καὶ
2694 4214 2752 4265 ὲν
2780 4213 3008 4278 τούτοις,
3053 4207 3114 4267 οὗ
3149 4214 3397 4284 βούλεται
3416 4233 3431 4246 ο
3470 4233 3597 4269 κατ-

2031 4301 2246 4373 ηγορῶν
2304 4300 2411 4373 γὰρ
2440 4301 2541 4372 τῆς
2572 4301 2723 4373 ὕλης,
2756 4304 2822 4374 ἢν
2866 4300 3003 4358 εἶναι
3044 4306 3218 4376 μάτην
3250 4308 3596 4376 φαντάζεται,

361 4425 469 4464 nus
497 4409 637 4477 ejus,
671 4408 750 4463 eis
779 4422 1112 4462 succensens
1155 4413 1420 4474 tanquam
1454 4401 1614 4455 malis
1645 4398 1741 4467 qui
1779 4403 1920 4450 mate

2045 4388 2188 4455 ιῦθις
2219 4392 2407 4464 ὥσπερ
2458 4410 2541 4457 τις
2593 4395 2903 4467 προστάτης
2946 4397 3039 4450 καὶ
3083 4399 3386 4469 συνήγορος
3439 4401 3601 4469 αὐτῆς

362 4502 499 4555 riam
534 4506 866 4557 consumunt
897 4520 910 4554 :
942 4498 1145 4553 ferrum
1185 4505 1365 4550 autem
1393 4503 1447 4549 et
1487 4492 1629 4563 ignis
1664 4488 1930 4543 seminata

363 4602 492 4649 sunt
514 4596 568 4648 in
600 4603 745 4648 terra
776 4595 843 4647 ab
881 4593 998 4663 ipso
1024 4590 1213 4647 mundi
1244 4590 1512 4651 Auctore;
1549 4584 1766 4637 inventa
1801 4593 1931 4633 vero

365 4693 492 4740 sunt
528 4687 738 4740 ratione
770 4685 839 4740 ab
878 4685 1119 4747 homine,
1170 4682 1225 4738 id
1258 4681 1369 4735 Deo
1408 4676 1764 4733 concedente.
1803 4670 1933 4725 Sine

365 4778 451 4835 his
480 4786 663 4834 autem
691 4778 909 4848 penitus
944 4791 1136 4831 manca
1159 4782 1306 4831 esset
1336 4773 1447 4827 vita
1478 4768 1788 4824 hominum.

436 4948 649 5005 Etenim
699 4948 746 5004 si
792 4947 1058 5018 judicavit
1105 4946 1441 5002 Manichacus
1481 4938 1741 4999 nocentia
1788 4949 1933 5000 esse,

366 5042 493 5112 quia
519 5048 849 5097 consumunt
876 5048 929 5096 et
958 5041 1280 5097 interimunt
1320 5053 1550 5109 corpora
1569 5036 1714 5093 ferro
1735 5045 1789 5093 et
1823 5037 1933 5109 igni

368 5136 584 5201 objecta
611 5175 626 5199 ,
667 5141 872 5205 quanto
908 5134 1083 5204 magis
1117 5133 1457 5203 apparebunt
1504 5130 1661 5185 utilia
1695 5136 1749 5184 et
1785 5130 1937 5184 salu-

364 5229 508 5281 taria
543 5235 766 5298 propter
796 5241 954 5282 usum
1000 5240 1159 5281 suum
1210 5225 1278 5278 ad
1306 5223 1490 5278 omnia
1537 5221 1931 5276 necessarium.

372 5318 431 5374 Si
461 5338 589 5378 vero
622 5322 807 5377 ab’dita
864 5328 994 5376 sunt
1040 5329 1094 5376 et
1134 5320 1359 5375 latentia
1386 5318 1441 5372 in
1478 5316 1684 5371 fabrica
1723 5313 1935 5379 mundi,

371 5409 487 5465 huic
540 5419 720 5467 autem
769 5429 800 5466 a
840 5411 1113 5483 principio
1162 5412 1303 5466 ratio
1356 5409 1595 5463 hominis
1629 5406 1938 5470 adinvenit;

372 5501 458 5552 cui
485 5504 884 5573 assignabimus
902 5505 1163 5557 rationem
1192 5500 1428 5557 hominis
1451 5503 1642 5555 horum
1677 5499 1943 5557 inventri-

375 5600 491 5640 rem
515 5589 537 5642 ί
564 5607 633 5645 an
660 5592 915 5663 nequitia:
945 5603 998 5648 et
1023 5594 1263 5648 materiae
1290 5607 1411 5660 quae
1435 5591 1797 5662 cognitionem
1830 5604 1938 5645 non

380 5672 559 5746 habet,
588 5690 649 5736 ut
685 5682 1014 5739 Manichacus
1060 5690 1145 5740 est
1175 5689 1386 5752 auctor,
1420 5696 1490 5738 an
1545 5681 1686 5739 Deo?
1713 5682 1783 5736 At
1825 5695 1939 5752 per-

2032 4485 2381 4557 ἀναφέρεται,
2409 4488 2521 4549 τοίς
2551 4502 2615 4553 γε
2667 4486 2944 4541 δαπανῶσι
2990 4488 3089 4560 τὴν
3132 4489 3267 4562 ὕλην
3298 4492 3376 4554 ὡς
3418 4494 3602 4553 κακοῖς

2030 4578 2502 4649 ἀπεχθανόμενοςο
2561 4578 2776 4652 σίδηρος
2821 4579 2878 4633 δὲ
2930 4581 3024 4633 καὶ
3074 4581 3185 4652 πῦρ
3233 4584 3603 4655 κατέσπαρται

2036 4670 2133 4739 μὲν
2182 4673 2238 4724 ἐν
2290 4673 2360 4742 γῇ
2429 4670 2565 4743 πρὸς
2614 4670 2709 4724 τοῦ
2763 4672 3295 4745 δημιουργήσαντος’
3346 4675 3601 4747 ἐξευρέθη

2031 4759 2089 4812 δὲ
2120 4758 2406 4831 ἀνθρώπου
2429 4759 2670 4831 λογισμῷ
2692 4764 2811 4815 κατ’
2840 4764 3140 4834 ἐπιτροπὴν
3178 4765 3317 4819 Θεοῦ
3340 4783 3355 4796 ·
3405 4767 3601 4819 τούτων

2032 4849 2140 4920 γὰρ
2171 4851 2336 4921 χωρὶς
2368 4851 2640 4915 παντελῶς
2665 4852 3080 4924 ἡκρωτηρίαστο
3101 4855 3410 4928 ἀνθρώποις
3426 4860 3456 4909 ὁ
3475 4857 3599 4928 βίος.

2103 4942 2167 4994 Ei
2197 4941 2306 5012 γὰρ
2356 4942 2595 5013 βλαϐερὰ
2646 4942 2784 5016 πρὸς
2829 4945 2922 4998 τοῦ
2969 4946 3247 5011 Μάνεντος
3295 4948 3600 5019 νενόμισται

2033 5031 2111 5103 τῷ
2139 5033 2520 5105 καταφθείρειν
2545 5035 2614 5088 τὰ
2645 5035 3101 5108 παραϐαλλόμενα
3132 5037 3385 5110 σώματα,
3428 5039 3601 5107 πολλῷ

2038 5126 2238 5196 μᾶλλον
2301 5127 2551 5198 ὠφέλιμα
2600 5145 2661 5180 τε
2724 5128 2819 5182 καὶ
2880 5131 3123 5201 σωτήρια
3181 5134 3487 5204 φανήσεται
3540 5134 3598 5202 τῇ

2008 5221 2309 5292 ,ἀναγκαίᾳ
2355 5222 2550 5293 χρήσει
2602 5219 2736 5293 πρὸς
2787 5220 3018 5277 ἅπαντα.
3070 5224 3133 5276 Ei
3174 5223 3233 5278 δὲ
3280 5224 3599 5278 λανθάνοντα

2036 5314 2330 5385 ἐνυπάρχει
2366 5316 2430 5385 τῇ
2463 5315 2810 5387 δημιουργίᾳ,
2848 5315 3134 5387 ἀνθρώπου
3156 5316 3216 5371 δὲ
3259 5317 3434 5371 ταῦτα
3460 5316 3597 5385 λογιο

2039 5407 2174 5478 σμὸς
2214 5408 2315 5475 τὴν
2345 5406 2518 5477 ἀρχὴν
2550 5404 2760 5476 ἐξεῦρε,
2805 5406 2910 5459 τίνι
2943 5407 3220 5476 λογιστέον
3252 5409 3345 5461 τὸν
3384 5407 3598 5477 εὑρόντα

2035 5496 2325 5566 λογισμόν;
2376 5491 2485 5566 ἆρα
2522 5499 2587 5566 τῇ
2633 5496 2706 5567 μὴ
2742 5495 2941 5568 ἐχούσῃ
2975 5496 3177 5565 γνῶσιν
3222 5498 3393 5569 κακίᾳ
3430 5514 3488 5549 τε
3514 5494 3595 5548 καὶ

2039 5588 2138 5660 ὕλῃ
2163 5588 2283 5642 κατ’
2309 5588 2532 5652 ἐκεῖνον,
2567 5587 2599 5657 ἢ
2631 5585 2710 5658 τῷ
2737 5585 2959 5658 άγαθῷ;
3012 5588 3169 5642 Ἀλλά
3196 5588 3380 5658 δῆλον,
3424 5589 3495 5652 ὡς
3519 5585 3596 5640 λο-

2039 5680 2237 5751 γισμοῦ
2272 5679 2430 5750 σοφία
2469 5679 2670 5749 ἀγαθόν
2717 5697 2771 5733 τε
2817 5680 2911 5735 καὶ
2936 5681 3137 5751 ἁγαθοῦ
3166 5682 3359 5753 δῶρον.
3406 5680 3523 5734 Τίνι
3547 5675 3599 5731 δὲ
