3782 6166
225 356 358 410 H85

1279 315 1662 401 ADVERSUS
1701 339 2124 400 MANICHAZOS
2165 337 2292 392 LIB.
2338 335 2403 390 ιι.

3317 330 3456 387 H86

223 468 536 538 αὐτομάτως
572 464 815 535 ἀφήλατό
844 479 972 516 ποτε
1003 462 1241 532 σίδηρος,
1284 463 1312 513 6
1355 455 1426 527 τῇ
1469 459 1662 527 χρήσει
1695 457 1782 510 τοῦ

1895 452 2143 522 spicuum
2180 458 2263 504 est
2295 447 2618 518 sapientiam
2651 445 2882 500 rationis
2912 453 2966 500 et
2990 445 3192 499 bonum
3226 460 3369 505 esse,
3399 451 3460 500 et

220 561 474 630 λογισμοῦ
509 558 663 630 μόνον
697 555 1128 625 ὑποϐεϐλημένος
1155 555 1248 608 καὶ
1283 552 1435 624 πάσῃ
1461 551 1626 625 τέχνῃ
1662 551 1782 603 δου-

222 652 388 706 λεύων
411 668 425 718 ;

304 827 460 880 Ἀλλὰ
505 823 735 894 φονεύει,
771 823 960 889 Μάνης
987 822 1139 891 φησὶ,
1174 819 1240 872 δι’
1271 818 1433 872 αὐτοῦ
1477 817 1780 889 ἄνθρωπος,

223 921 313 972 καὶ
340 919 472 988 πρὸς
505 917 565 969 τὸ
597 916 873 986 ἐργαλεῖον
901 916 933 985 ἠ
985 912 1309 982 κακοτεχνία
1341 910 1434 964 τοῦ
1462 910 1744 980 χρωμένου
1766 927 1779 940 ·

221 1011 312 1074 ὡς,
349 1011 396 1062 εἰ
426 1009 498 1079 μὴ
527 1004 594 1078 ἧν
636 1009 664 1059 6
707 1005 891 1058 τοῦτον
916 1005 1004 1057 τὸν
1044 1003 1237 1074 τρόπον
1267 1000 1566 1072 χρώμενος,
1594 1001 1692 1052 οὐκ
1719 999 1783 1054 ἄν

230 1120 282 1171 γε
312 1101 486 1166 ἔδοξεν
516 1097 651 1152 εἶναι
683 1098 899 1169 σίδηρος
950 1096 1135 1158 κακός.
1179 1095 1242 1147 El
1284 1094 1391 1164 γὰρ
1439 1093 1784 1163 βουλεύσαιτο

223 1195 319 1264 μὲν
335 1196 362 1246 ὀ
383 1193 570 1261 φονεὺς
592 1190 785 1262 δρᾶσαι
805 1189 980 1257 φόνον,
1010 1187 1296 1257 διαμάρτοι
1315 1186 1370 1238 δὲ
1391 1185 1490 1257 τῆς
1511 1185 1779 1256 πράξεως,

220 1280 327 1352 ἆρά
343 1298 402 1349 γε
435 1281 496 1332 ού
527 1280 706 1348 δῆλον,
737 1278 811 1342 ὡς
839 1279 870 1347 ή
905 1277 1000 1348 μὲν
1025 1275 1280 1348 πρόθεσις
1303 1275 1363 1327 τὸ
1384 1274 1540 1346 ἔργον
1563 1273 1784 1343 διεπρά-

218 1374 364 1438 ξατο,
399 1375 426 1425 ὀ
456 1373 512 1426 δὲ
551 1371 762 1442 σίδηρος
792 1370 1167 1440 ἀναμάρτητος
1188 1385 1202 1432 ;
1227 1367 1380 1421 Οὕτω
1409 1369 1492 1438 δὴ,
1524 1367 1626 1420 κᾶν
1653 1366 1783 1438 δρά-

221 1481 309 1536 σῃ,
334 1464 452 1534 ούχὶ
488 1463 700 1533 σίδηρος
723 1461 914 1524 αἴτιος,
939 1461 1051 1514 ἀλλ’
1073 1462 1100 1515 ὁ
1131 1461 1344 1530 σιδήρου
1377 1459 1455 1530 τῷ
1482 1458 1694 1528 τέμνειν
1720 1459 1781 1510 ού

219 1556 360 1609 κατὰ
397 1555 550 1623 λόγον
587 1553 945 1624 χρησάμενος.
984 1552 1046 1604 El
1079 1551 1135 1603 δὲ
1169 1551 1307 1621 ξύλῳ
1341 1551 1546 1613 παίσει,
1583 1550 1616 1620 ἢ
1651 1548 1784 1619 λίθῳ

220 1647 458 1718 κρούσει,
497 1648 530 1717 ἢ
563 1647 745 1716 χερσὶν
782 1645 936 1709 ἰδίαις
975 1645 1279 1709 ἀποπνίξει,
1311 1639 1465 1706 αὖθις
1493 1644 1585 1696 καὶ
1614 1642 1784 1695 ταῦτα

220 1741 646 1810 προσαγορεύσει
709 1738 888 1792 κακά·
956 1737 1050 1789 καὶ
1111 1736 1287 1788 πάντα
1363 1733 1559 1806 μᾶλλον
1637 1733 1782 1786 αἴτια

1886 559 2088 597 munus
2138 542 2286 595 boni.
2325 540 2381 593 In
2418 554 2578 608 quem
2629 547 2822 608 suapte
2864 539 2917 591 vi
2960 538 3169 591 insiluit
3215 553 3458 606 unquam

1886 635 2110 694 ferrum,
2140 633 2283 702 quod
2331 636 2451 685 usui
2492 631 2719 685 rationis
2766 638 2976 683 tantum
3015 629 3316 697 subjectum
3348 637 3458 690 est,

1884 733 1938 780 et
1970 725 2117 778 omni
2156 725 2259 776 arti
2308 724 2476 778 servit
2525 737 2589 776 ac
2631 721 2948 775 ministrat?

1952 814 2021 866 At
2048 815 2249 868 occidit
2289 815 2452 867 homo
2487 812 2653 875 ferro,
2690 813 2868 883 inquit
2905 811 3255 874 Manichzeus.
3304 819 3358 865 et
3389 810 3456 865 ad

1883 905 2310 960 instrumentum
2357 906 2564 960 accedit
2617 907 2820 959 malum
2869 907 3165 960 artiﬁcium
3227 906 3454 960 utentis.

1883 1000 2050 1066 Quasi
2089 1015 2198 1052 non
2240 1009 2384 1054 esset
2429 1000 2604 1053 visum
2638 998 2841 1054 ferrum
2897 1001 3122 1062 malum,
3156 999 3262 1052 nisi
3295 999 3456 1061 homo

1882 1093 1987 1147 hoc
2037 1093 2198 1147 modo
2230 1092 2374 1146 ferro
2417 1101 2680 1147 uteretur.
2739 1091 2796 1146 Si
2839 1092 2983 1147 enim
3026 1093 3184 1146 vellet
3223 1093 3458 1148 sicarius

1882 1185 2150 1251 occidere,
2200 1185 2346 1239 etab
2388 1184 2500 1238 ictu
2531 1185 2840 1251 aberraret;
2873 1199 2940 1237 an
2973 1199 3084 1238 non
3119 1185 3307 1254 liquet,
3336 1183 3460 1237 ani-

1883 1291 1973 1330 mo
2010 1275 2228 1345 quidem
2287 1291 2396 1329 non
2448 1284 2814 1346 perpetrasse,
2867 1275 3070 1329 ferrum
3125 1291 3254 1329 vero
3298 1285 3458 1329 extra

1883 1369 2098 1437 culpam
2133 1366 2292 1422 esse?
2337 1366 2428 1420 Sic
2460 1367 2711 1436 quamvis
2746 1365 2891 1421 ferro
2938 1367 3291 1422 homicidium
3334 1369 3451 1430 ﬁat,

1883 1477 1992 1515 non
2039 1468 2124 1514 est
2178 1461 2232 1514 in
2269 1462 2499 1515 crimine
2539 1469 2592 1515 et
2623 1462 2784 1532 culpa
2827 1462 3052 1526 ferrum,
3098 1463 3191 1516 sed
3221 1464 3312 1532 qui
3343 1478 3455 1517 non

1884 1553 2185 1608 secundum
2247 1553 2514 1606 rationem
2560 1569 2696 1608 usus
2735 1562 2820 1608 est
2864 1554 3008 1608 ferro
3037 1555 3102 1608 ad
3132 1553 3451 1608 secandum.

1887 1643 1942 1697 Si
1988 1651 2168 1697 autem
2213 1643 2360 1713 ligno
2409 1645 2700 1714 percutiat,
2741 1655 2834 1699 aut
2863 1645 3089 1715 cuspide
3131 1645 3311 1708 feriat,
3358 1653 3454 1699 aut

1885 1733 2120 1802 prOpriis
2174 1734 2425 1789 manibus
2477 1736 2819 1805 strangulet;
2873 1751 3064 1791 rursus
3113 1737 3226 1790 haec
3279 1735 3452 1791 Mani-

221 1830 368 1900 παρά
401 1829 478 1900 τῷ
510 1830 742 1883 Μάνεντι
781 1829 813 1900 ἢ
857 1828 916 1881 τὸ
955 1827 1120 1892 ὅντως
1155 1826 1323 1879 αἴτιον
1357 1829 1385 1880 6
1428 1826 1668 1890 ἑκούσιος
1701 1827 1782 1880 λο-

1892 1824 2066 1878 ehreus
2111 1825 2404 1892 appellabit
2436 1827 2598 1889 mala,
2660 1834 2714 1880 et
2746 1828 2927 1881 omnia
2983 1829 3124 1898 apud
3171 1844 3293 1882 eum
3344 1827 3454 1882 cri-

217 1922 433 1992 γισμός.

291 2013 332 2067 Τ
338 2014 374 2066 ἀ
419 2012 525 2085 γὰρ
558 2014 787 2084 ρηθέντα
815 2013 988 2067 πάντα
1025 2011 1162 2078 μετά
1204 2013 1421 2084 σιδήρου
1462 2011 1574 2066 οὔτ’
1604 2011 1784 2081 ἀγαθά

215 2103 341 2157 οὔτε
393 2101 536 2162 κακὰ
579 2105 866 2175 τυγχάνει⁶
902 2105 1117 2158 ἕλκεται
1163 2105 1218 2157 δὲ
1250 2106 1384 2176 πρὸς
1428 2105 1456 2158 ὂ
1487 2105 1552 2158 ἂν
1589 2104 1784 2176 βουλη-

218 2194 336 2264 θείη
390 2196 418 2246 6
469 2193 780 2266 χρώμενος,
828 2195 1122 2266 ἐργαλείων
1172 2195 1326 2265 δίκην
1385 2194 1781 2265 παρακείμενα,

217 2285 410 2355 καὶτῷ
438 2287 702 2358 χρωμένῳ
726 2285 1039 2340 δουλεύοντα
1059 2305 1072 2318 θ
1101 2288 1242 2359 ἆπερ
1274 2289 1321 2340 εί
1358 2286 1432 2358 μὴ
1460 2288 1784 2360 παραδέδοτο

216 2377 506 2448 ἀνθρώπῳ,
556 2376 665 2430 οὔτ’
699 2378 763 2432 ἂν
794 2378 891 2442 τὰς
933 2380 1122 2448 τέχνας
1173 2379 1316 2433 οὕτω
1357 2381 1624 2451 διήνυσεν,
1672 2379 1782 2434 οὔτ’

218 2468 287 2519 ἂν
318 2468 416 2530 τὰς
453 2469 677 2548 χρήσεις
709 2468 807 2532 τὰς
841 2469 934 2521 ἀπ’
964 2470 1141 2523 αὐτῶν
1167 2470 1322 2540 ἔσχεν
1349 2470 1641 2539 ἀφθόνους·
1671 2469 1700 2522 6
1726 2470 1783 2522 δὲ

216 2561 282 2633 ἰὴ
314 2563 515 2632 μεῖζον,
549 2563 747 2632 ἥκιστα
771 2561 836 2615 ἂν
872 2561 1234 2633 διεγυμνάσθη
1282 2563 1418 2634 πρὸς
1445 2563 1644 2634 ἀρετήν
1664 2579 1676 2591 ’
1706 2560 1784 2632 τῷ

216 2654 326 2726 γὰρ
358 2653 431 2725 μὴ
459 2655 599 2724 ἔχειν
644 2655 938 2726 ἐργαλείων
996 2656 1296 2726 παράθεσιν
1323 2655 1576 2708 ἕλκεσθαι
1621 2654 1782 2708 δυνα-

220 2745 400 2815 μένων
429 2745 564 2815 πρὸς
601 2745 861 2816 ἐργασίαν
883 2745 1082 2816 ἀρετῆς
1111 2761 1169 2796 τε
1199 2744 1293 2797 καὶ
1322 2744 1536 2808 κακίας,
1579 2744 1678 2797 οὐκ
1718 2743 1784 2799 ἄν

214 2851 284 2903 γε
311 2833 467 2904 ἔσχεν
501 2836 584 2904 ἐφ’
616 2834 788 2905 ἐαυτῷ
812 2835 910 2904 τῆς
944 2833 1145 2905 ἀρετῆς
1176 2832 1273 2904 την
1311 2834 1638 2905 προτίμησιν
1657 2851 1672 2864 ·
1709 2833 1785 2898 ὡς

217 2929 279 2989 ἐς
306 2927 373 2979 τὰ
403 2926 636 2996 μάλιστα
667 2927 731 2980 ἂν
764 2926 1119 2997 ἐζημιῶσθαι,
1160 2927 1254 2980 καὶ
1291 2926 1548 2997 μεγίστης
1579 2927 1785 2980 εὐδοκι-

219 3020 436 3090 μήσεως
465 3019 873 3073 ἐκπεπτωκέναι
902 3019 1098 3083 δοκεῖν,
1123 3019 1279 3090 εἴπερ
1312 3018 1399 3073 διὰ
1425 3019 1581 3071 τοῦτο
1601 3019 1780 3089 δοκοίη

214 3113 552 3185 κακουργίας
585 3113 658 3184 μὴ
691 3111 973 3174 ἅπτεσθαι,
1005 3113 1086 3164 ὅτι
1119 3112 1193 3182 μὴ
1225 3111 1290 3164 δι’
1328 3106 1403 3165 ὧν
1443 3111 1508 3164 ἂν
1535 3112 1783 3182 δράσειεν

216 3207 520 3278 εὐπόρησεν
537 3223 551 3236 ο
581 3206 642 3258 τὸ
670 3205 777 3278 γὰρ
812 3205 1087 3268 παντελῶς
1119 3206 1398 3276 ἄπρακτον
1422 3204 1590 3275 ἀργόν
1611 3220 1671 3256 τε
1695 3203 1784 3258 καὶ

215 3297 422 3362 ἄδοξον.

302 3390 438 3442 Ἀλλ’
478 3391 598 3462 ὅρα,
647 3391 864 3462 φήσειεν
893 3389 979 3455 ἂν,
1025 3389 1085 3442 τὸ
1125 3388 1437 3452 ἀποϐαῖνον,
1483 3401 1577 3441 και
1622 3385 1783 3440 πλέον

214 3482 370 3535 οὐδὲν
399 3483 492 3536 τοῦ
529 3482 828 3550 ἀναγκαίου
876 3481 1157 3552 συμϐαίνει
1177 3497 1190 3510 ⁸
1223 3482 1449 3542 θάνατος
1472 3478 1579 3549 γὰρ
1598 3478 1658 3531 ού
1697 3477 1784 3532 διὰ

215 3575 424 3644 φονέως
456 3574 702 3645 εὓρηται,
739 3574 873 3628 ἀλλὰ
908 3575 1041 3646 πρὸς
1072 3573 1165 3626 τοῦ
1192 3570 1534 3644 Δημιουργοῦ
1562 3586 1784 3641 νενομο-

216 3665 438 3733 θέτηται
459 3684 470 3696 ·
502 3667 594 3720 καὶ
627 3667 679 3719 ετ
708 3665 769 3734 γέ
797 3683 879 3729 τις
910 3665 1193 3729 σπουδάζει
1225 3666 1459 3736 σίδηρον,
1487 3664 1582 3717 καὶ
1607 3662 1782 3730 ξύλον,

215 3757 310 3809 καὶ
338 3756 503 3820 λίθον,
534 3756 643 3828 πῦρ
671 3774 729 3809 τε
758 3758 852 3810 καὶ
881 3756 1022 3828 ὕδωρ
1046 3758 1139 3810 καὶ
1159 3755 1226 3809 τὰ
1251 3755 1473 3809 τοιαῦτα
1506 3755 1581 3818 ὡς
1621 3770 1786 3807 κακο-

214 3837 348 3900 ποιὰ
379 3847 659 3916 διελέγξαι,
693 3849 798 3901 τῶν
831 3848 1123 3918 ἐργαλείων
1152 3848 1250 3919 τὴν
1286 3849 1460 3918 ἀρχὴν
1493 3847 1783 3918 ἀφέμενος,

216 3938 379 4008 μόνον
413 3938 473 3990 τὸ
516 3937 828 4002 ἀποϐαῖνον,
860 3938 1004 4006 λέγω
1048 3938 1112 4008 δὴ
1145 3936 1236 3991 τὸν
1281 3938 1527 4002 θάνατον,
1576 3939 1783 4007 διελεγ-

213 4029 378 4100 χέτω,
410 4029 504 4082 καὶ
537 4029 796 4083 δεικνύτω
818 4029 1003 4083 τοῦτον
1025 4031 1086 4082 ού
1125 4031 1263 4083 κατά
1288 4029 1443 4100 λόγον
1483 4029 1784 4100 ὡρισμένον

215 4123 357 4194 πρὸς
384 4122 474 4174 τοῦ
501 4122 843 4193 Δημιουργοῦ
864 4139 876 4151 ·
897 4122 1176 4186 καὶοῦτως
1209 4122 1433 4176 ὕστατον
1449 4123 1593 4175 κακά
1621 4140 1786 4194 προσ-

209 4213 522 4284 αγορευέτω
569 4214 630 4266 τὸ
672 4213 857 4277 κακῶς
901 4215 1316 4286 συναιρούμενα.
1355 4216 1418 4267 Εί
1463 4215 1518 4268 δὲ
1558 4214 1784 4277 θάνατος

210 4305 307 4356 ὑπ’
356 4304 564 4368 οὐδενὸς
625 4305 963 4374 ἀναδειχθείη
1012 4304 1274 4376 πονηρὸς,
1332 4304 1636 4357 τούναντίον
1686 4303 1784 4374 μὲν

207 4391 335 4460 οὖν,
393 4397 466 4458 ὡς
514 4397 603 4450 aia:
657 4397 866 4449 πολλῶν
914 4397 1199 4458 δέδεικται,
1255 4397 1350 4449 καὶ
1400 4395 1672 4466 ὠφέλιμός
1719 4412 1783 4463 γε

1885 1914 2020 1967 mini
2051 1915 2229 1982 potius
2269 1914 2566 1979 dabuntur,
2599 1931 2764 1985 quam
2798 1917 3058 1985 cogitatio
3086 1917 3414 1970 voluntaria.

1955 2002 2150 2058 Omnia
2203 2007 2349 2060 enim
2400 2022 2519 2076 quzc
2559 2008 2705 2062 dicta
2743 2016 2870 2061 sunt
2912 2024 3034 2062 cum
3070 2009 3238 2072 ferro,
3279 2025 3454 2078 neque

1884 2095 2047 2159 bona,
2103 2112 2277 2166 neque
2321 2099 2461 2151 mala
2503 2106 2664 2164 sunt;
2700 2101 2994 2152 trahuntur
3028 2101 3171 2154 enim
3207 2117 3313 2168 quo
3358 2102 3452 2170 qui

1885 2187 2056 2238 utitur
2078 2187 2242 2253 velit;
2274 2203 2394 2256 qua}
2417 2204 2545 2244 vero
2575 2199 2701 2244 sunt
2730 2186 2905 2261 posita
2929 2191 3104 2246 instar
3128 2192 3455 2246 instrumen-

1885 2281 2086 2341 torum,
2143 2285 2195 2331 et
2250 2278 2565 2334 deserviunt
2620 2283 2795 2336 utenti
2830 2301 2842 2336 :
2873 2298 2993 2352 qua:
3033 2284 3079 2338 si
3109 2284 3311 2337 homini
3342 2299 3452 2336 non

1885 2376 2070 2423 essent
2105 2370 2327 2434 tradita,
2354 2388 2455 2426 nec
2482 2374 2710 2428 artiﬁcia
2741 2377 2821 2431 sic
2851 2390 3146 2446 perageret,
3194 2394 3294 2432 nec
3343 2380 3453 2431 uti-

1884 2461 2066 2516 litates
2103 2479 2170 2517 ex
2209 2465 2461 2518 artiﬁciis
2501 2467 2752 2535 c0piosas
2780 2468 3038 2537 haberet;
3079 2473 3298 2540 etquod
3330 2475 3452 2542 plus

1884 2560 1989 2616 est,
2041 2556 2262 2611 minime
2311 2558 2378 2611 ad
2430 2557 2683 2613 virtutem
2719 2562 3037 2615 exercitatio
3077 2563 3448 2620 adhiberetur.

1883 2641 2003 2698 Non
2055 2645 2301 2700 habendo
2339 2648 2482 2702 enim
2526 2649 2769 2718 apposita
2805 2650 3188 2713 instrumenta,
3232 2671 3353 2723 quae
3384 2655 3452 2708 ad

1875 2739 2154 2792 actionem
2203 2741 2426 2795 virtutis
2471 2742 2553 2796 vel
2603 2741 2715 2794 vitii
2765 2745 3165 2798 accommodari
3203 2757 3448 2814 possent,

1886 2843 1996 2882 non
2027 2830 2252 2885 haberet
2281 2840 2603 2902 potestatem
2630 2835 2884 2889 virtutem
2915 2837 3048 2890 vitio
3075 2839 3448 2907 praeponendi,

1886 2928 1946 2973 ut
1979 2922 2271 2975 maximam
2307 2923 2576 2990 jacturam
2608 2923 2802 2980 fecisse
2831 2927 3106 2982 videretur
3137 2938 3190 2984 et
3215 2946 3244 2982 a
3280 2931 3452 2984 maxi-

1885 3025 1972 3064 ma
2018 3011 2176 3067 laude
2219 3013 2521 3078 excidisse;
2579 3016 2622 3071 si
2677 3026 2961 3086 propterea
3013 3020 3288 3074 videretur
3342 3038 3452 3078 non

1885 3101 2171 3158 admittere
2211 3111 2367 3174 turpe
2409 3106 2634 3174 factum,
2679 3109 2806 3178 quia
2851 3125 2958 3164 non
3000 3110 3188 3166 habuit
3241 3116 3452 3184 copiam

1886 3207 2075 3246 eorum
2103 3196 2302 3264 quibus
2347 3201 2669 3266 perﬁceret:
2701 3201 2847 3271 quod
2891 3203 3033 3257 enim
3067 3206 3292 3260 omnino
3341 3224 3453 3262 non

1886 3283 2018 3352 agit,
2060 3285 2293 3340 otiosum
2316 3295 2400 3343 est
2429 3298 2480 3342 et
2509 3289 2817 3358 inglorium.

1956 3372 2064 3429 Sed
2107 3376 2249 3442 vide,
2289 3378 2515 3446 inquiet,
2561 3382 2704 3450 quod
2730 3398 2794 3436 ex
2840 3383 3218 3440 instrumentis
3257 3404 3454 3458 prove-

1884 3463 1987 3531 nit,
2037 3467 2210 3536 magis
2249 3470 2622 3524 necessarium
2675 3473 2906 3539 accidit;
2958 3491 3104 3530 mors
3161 3480 3303 3532 enim
3341 3498 3451 3536 non

1883 3565 1968 3612 est
2000 3558 2217 3613 inventa
2249 3559 2318 3614 ab
2355 3560 2726 3627 interfectore,
2771 3564 2866 3618 sed
2894 3582 2923 3619 a
2945 3566 3205 3624 Creatore
3236 3576 3451 3628 sancita

1884 3657 2008 3704 est:
2042 3658 2095 3705 et
2141 3653 2186 3707 si
2220 3652 2344 3721 quis
2375 3653 2590 3709 studeat
2633 3654 2840 3710 ferrum
2875 3668 2928 3712 et
2983 3661 3189 3730 lignum
3229 3674 3282 3717 et
3317 3666 3452 3734 lapi-

1884 3741 2028 3807 dem,
2076 3744 2254 3814 ignem
2307 3754 2361 3800 et
2400 3761 2594 3816 aquam
2633 3756 2686 3802 et
2727 3751 2832 3803 alia
2877 3751 3147 3820 ejusmodi
3189 3763 3449 3826 tauquam

1883 3834 2126 3890 maleﬁca
2170 3850 2462 3902 accusare,
2506 3839 2698 3894 relicto
2747 3842 3012 3913 principio
3059 3845 3450 3903 instrumento-

1883 3939 2039 3989 rum;
2085 3926 2446 3994 reprehendat
2489 3936 2544 3983 et
2583 3940 2806 3986 accuset
2851 3933 2904 3986 id
2953 3936 3096 4004 quod
3129 3953 3194 3990 ex
3246 3939 3450 3993 instru-

1884 4016 2082 4071 mentis
2116 4020 2384 4086 provenit,
2419 4033 2646 4075 mortem
2677 4023 2822 4087 dico,
2855 4028 3152 4098 probetque
3187 4047 3294 4084 non
3329 4048 3451 4088 esse

1883 4105 2025 4161 hanc
2073 4123 2103 4161 a
2146 4109 2255 4164 Deo
2306 4111 2580 4166 decretam
2627 4121 2682 4168 et
2739 4118 3093 4171 constitutam
3147 4123 3450 4178 secundum

1884 4199 2150 4253 rationem
2188 4215 2203 4252 :
2237 4211 2395 4271 atque
2434 4204 2506 4256 ita
2549 4213 2826 4276 postremo
2871 4211 3105 4278 appellet
3134 4213 3296 4274 mala.
3331 4231 3451 4284 qua:

1885 4291 2024 4345 male
2046 4292 2304 4360 adjuvant
2327 4303 2570 4350 mortem.
2608 4295 2714 4351 Sed
2747 4299 2792 4353 si
2830 4317 2986 4354 nemo
3021 4312 3194 4370 potest
3218 4306 3452 4372 probare

1885 4390 2113 4436 mortem
2147 4400 2268 4438 esse
2294 4386 2512 4450 malam,
2555 4389 2650 4443 sed
2687 4401 2876 4444 contra
2914 4394 3116 4460 potius,
3147 4402 3205 4448 ut
3229 4398 3450 4464 c0piose

204 4488 504 4557 τυγχάνει·
541 4487 658 4550 πῶς
691 4489 752 4541 ού
795 4488 1054 4558 παρέλκει
1104 4488 1172 4541 τὰ
1199 4489 1265 4542 δι’
1293 4481 1367 4542 ὧν
1410 4488 1476 4542 ἂν
1511 4488 1781 4560 συμϐαίνῃ

1892 4475 2170 4542 probatum
2197 4487 2299 4540 est,
2321 4479 2505 4532 utilem
2546 4496 2697 4548 esse;
2730 4499 2798 4536 an
2833 4497 2938 4537 non
2983 4500 3449 4554 supervacaneum

206 4579 476 4649 θάνατος,
552 4579 753 4633 τούτων
819 4581 894 4642 ὡς
963 4580 1145 4633 κακῶν
1211 4581 1369 4649 φύσει
1429 4581 1774 4650 κατηγορεῖν,

203 4670 310 4722 οὐκ
351 4669 568 4722 εἰδότων
621 4670 717 4739 μὲν
764 4668 846 4737 ἐφ’
897 4669 926 4722 ὃ
982 4669 1262 4723 σαλεύεται
1310 4671 1444 4741 πρὸς
1501 4671 1708 4742 ἐτέρου,
1735 4663 1779 4737 ᾦ

204 4761 519 4832 παρεδόθη,
566 4763 746 4832 πάσης
807 4761 850 4814 δ’
910 4762 1086 4824 αίτίας
1143 4762 1604 4832 ἀπηλλαγμένων;
1657 4762 1778 4814 δέον

203 4855 304 4907 τὸν
327 4855 576 4908 κινοῦντα
610 4856 766 4925 μόνον
785 4854 942 4918 αὐτὰ,
972 4855 1057 4908 ὅτε
1083 4856 1157 4926 μὴ
1183 4856 1472 4926 προσῆκεν,
1495 4855 1778 4925 ἄνθρωπον

203 4945 511 5000 αἰτιᾶσθαι.

1883 4573 1968 4620 est
2004 4582 2261 4623 accusare
2288 4577 2546 4639 tanquam
2588 4582 2781 4626 natura
2809 4576 2918 4628 sint
2951 4579 3109 4636 mala.
3151 4594 3213 4632 ea
3246 4595 3308 4632 ex
3333 4582 3451 4650 qui-

1884 4656 1989 4712 bus
2017 4674 2164 4714 mors
2205 4661 2435 4727 accidit;
2484 4678 2604 4731 quae
2641 4680 2816 4734 neque
2859 4667 3041 4720 sciunt
3077 4668 3144 4722 ad
3191 4687 3310 4740 qua
3340 4675 3450 4726 sint

1886 4751 2193 4806 adhibenda
2242 4755 2310 4808 ab
2360 4754 2532 4809 altero
2569 4760 2658 4809 cui
2689 4757 2889 4812 tradita
2920 4770 3078 4825 sunt,
3111 4773 3163 4818 et
3203 4766 3272 4820 ab
3301 4769 3450 4820 omni

1885 4847 2044 4916 culpa
2073 4855 2126 4900 et
2157 4847 2382 4902 crimine
2417 4856 2544 4902 sunt
2575 4849 2786 4904 libera?
2821 4867 2942 4905 cum
2975 4864 3252 4923 oporteret
3283 4857 3451 4911 homi-

1884 4955 2008 4993 nem
2063 4939 2239 4993 solum
2297 4955 2575 5007 accusare,
2638 4943 2730 5012 qui
2783 4959 2844 4999 ea
2901 4945 3260 5004 instrumenta
3320 4959 3451 5008 tunc

1886 5037 2090 5094 movet,
2122 5043 2245 5082 cum
2285 5045 2395 5084 non
2437 5031 2564 5088 licet
2599 5049 2776 5103 neque
2821 5038 3096 5091 convenit.

201 5146 338 5202 CAP.
374 5145 586 5202 XXVII.
633 5147 786 5203 Nihil
830 5151 884 5204 in
925 5149 1130 5220 fabrica
1159 5148 1340 5202 mundi
1379 5149 1596 5202 malum.
1629 5146 1757 5201 Sola
1787 5147 2021 5270 hulmana
2058 5147 2196 5200 ratio
2237 5145 2524 5218 aliquando
2569 5150 2777 5219 quidem
2819 5161 3030 5221 peccat,
3069 5154 3160 5208 sed
3200 5156 3361 5208 simul
3402 5167 3454 5210 ct

1636 5234 1847 5270 coaram
1878 5234 1960 5270 ur.

1636 5234 1960 5288 coarguitur.

281 5337 439 5390 Οὖτω
469 5336 578 5408 γὰρ
621 5337 756 5408 πρὸς
793 5335 1047 5408 ἀλήθειαν
1075 5337 1447 5391 ἀποδέδεικται
1479 5334 1644 5407 μηδὲν
1680 5336 1778 5406 μὲν

199 5430 319 5483 τῶν
357 5428 498 5482 κατά
545 5429 643 5498 τὴν
693 5428 1052 5500 δημιουργίαν
1101 5425 1238 5481 εἶναι
1281 5428 1482 5481 κακόν·
1521 5426 1679 5498 μόνον
1721 5427 1778 5479 δὲ

203 5521 302 5574 τὸν
330 5519 669 5590 ἀνθρώπινον
689 5520 944 5589 λογισμὸν
965 5519 1210 5585 ἐξουσίαν
1231 5520 1544 5587 ἀναγκαίως
1570 5517 1635 5570 λα
1643 5517 1780 5589 μϐἀ-

205 5629 370 5665 νοντα
412 5612 558 5664 ἔστιν
601 5613 689 5665 ὅτε
741 5612 1093 5682 πλημμελεῖν,
1135 5611 1558 5683 πλημμελοῦντα
1600 5611 1657 5664 δὲ
1707 5611 1784 5663 δι-

202 5702 524 5772 ελέγχεσθαι
559 5703 736 5774 μόνον,
768 5706 848 5757 ὅτι
882 5705 1245 5776 προτετίμηκε
1269 5703 1332 5756 τὸ
1366 5706 1578 5773 χεῖρονο
1614 5702 1780 5773 μηδὲν

198 5791 262 5849 δὲ
317 5793 460 5848 κατά
505 5793 603 5865 τῆς
651 5793 862 5862 φύσεως
917 5796 1256 5864 καινοτομεῖν
1299 5793 1586 5859 δύνασθαι,
1644 5791 1777 5862 μηδὲ

1960 5331 2052 5388 Sic
2095 5349 2240 5387 enim
2274 5350 2400 5389 vere
2429 5337 2746 5392 conclusum
2782 5346 2836 5393 et
2873 5340 3181 5395 confectum
3217 5351 3323 5408 est,
3368 5345 3454 5399 ni-

1888 5427 1962 5481 hil
1990 5429 2043 5482 in
2074 5428 2281 5483 fabrica
2319 5431 2509 5484 mundi
2543 5447 2664 5486 esse
2696 5434 2920 5488 malum.
2969 5433 3151 5488 Solam
3184 5437 3454 5495 rationem

1891 5519 2186 5573 humanam
2224 5537 2344 5590 quae
2381 5525 2695 5579 necessario
2738 5532 3060 5594 potestatem
3091 5531 3310 5599 accipit,
3350 5530 3452 5585 ali-

1889 5611 2110 5680 quando
2158 5612 2377 5681 quidem
2436 5629 2684 5684 peccare,
2743 5624 3057 5687 peccantem
3096 5634 3228 5672 vero
3277 5619 3348 5674 ob
3398 5620 3454 5674 id

1885 5705 2066 5758 solum
2104 5707 2446 5777 reprehendi,
2499 5709 2625 5778 quia
2667 5709 2814 5778 quod
2843 5710 3084 5765 deterius
3123 5721 3261 5776 erat,
3317 5727 3454 5776 prin.-

1887 5797 2069 5867 posuit
2110 5799 2355 5866 meliori;
2407 5811 2821 5872 neque-contra
2864 5811 3114 5858 naturam
3158 5821 3316 5874 posse
3349 5805 3456 5862 all-
