3782 6166
421 306 556 360 H37

1572 310 1708 366 TITI
1749 309 2176 372 BOSTRENSIS
2222 313 2534 372 EPISCOPI

3514 311 3653 368 H88

417 422 549 494 quid
599 437 819 487 novare,
875 437 976 478 nec
1009 438 1134 479 esse
1180 440 1348 496 penes
1374 441 1520 495 eum,
1552 436 1614 482 ut
1643 444 1765 500 quae
1809 445 1967 501 supra

2090 433 2147 486 τὰ
2214 434 2327 488 ἄνω
2379 435 2530 488 κάτω
2597 432 2684 486 ἐπ’
2738 429 2886 502 αὐτῷ
2942 426 3083 485 εἶναι
3144 429 3350 491 ποιεῖν,
3405 426 3548 483 ἀλλὰ
3594 428 3653 481 τὸ

416 521 565 579 sunt,
605 513 714 567 sint
743 511 905 577 infra,
952 513 1047 568 sed
1090 514 1267 568 solum
1307 513 1487 571 facere
1520 534 1605 581 ea,
1637 533 1759 587 (pne
1789 535 1988 575 securi-

419 606 543 662 dum
597 614 848 659 naturam
913 617 1043 662 sunt
1094 625 1108 661 :
1154 608 1407 677 quamvis
1464 620 1756 666 accusetur
1806 613 1987 670 facere

415 705 612 770 praeter
645 700 933 753 rationem.

486 790 838 845 Sicutczetles
858 795 1084 843 mortem
1109 788 1406 844 secundum
1434 798 1685 847 naturam
1703 803 1983 865 operatur,

415 882 548 936 nihil
588 883 821 950 amplius
851 882 1055 935 faciens
1085 896 1247 951 quam
1274 883 1418 952 quod
1448 892 1533 938 est
1560 888 1859 941 secundum
1889 904 1986 942 na-

410 979 613 1034 turain,
650 981 1007 1042 praeterquam
1052 972 1197 1040 quod
1241 975 1491 1039 coarguit
1537 991 1661 1028 ettm
1700 978 1792 1045 qui
1833 976 1979 1032 fecit.

414 1063 626 1119 Rursus
655 1063 986 1117 adulterium
1012 1072 1066 1117 ct
1094 1064 1200 1117 alia
1230 1063 1499 1143 ejusmodi
1525 1066 1595 1120 ob
1626 1083 1745 1121 eam
1769 1076 1980 1123 tantum

408 1172 633 1212 causam
683 1168 1031 1221 accusantur,
1080 1159 1209 1228 quia
1256 1169 1387 1214 sunt
1433 1177 1620 1217 aversa
1666 1179 1696 1217 a
1752 1165 1980 1223 ratione.

407 1249 613 1305 Contra
655 1257 906 1302 naturam
946 1266 1077 1303 vero
1114 1265 1143 1302 a
1177 1249 1437 1309 Creatorc
1463 1254 1814 1307 constitutam
1847 1256 1981 1309 nihil

409 1342 624 1407 penitus
652 1349 830 1410 potest
873 1342 1077 1411 aliquid
1124 1344 1248 1396 novi
1284 1344 1483 1408 moliri,
1509 1348 1710 1415 quippe
1741 1362 1863 1399 cum
1896 1348 1979 1402 lex

404 1433 526 1501 ejus
556 1434 646 1503 qui
683 1443 931 1487 naturam
968 1434 1269 1490 fabricatus
1311 1444 1416 1499 est,
1451 1438 1520 1492 sit
1547 1446 1598 1492 et
1638 1449 1849 1492 maneat
1881 1441 1978 1493 im-

410 1526 710 1580 mutabils.
750 1523 806 1579 In
855 1526 991 1595 ipsis
1022 1541 1151 1580 vero
1181 1543 1302 1597 quae
1347 1529 1616 1582 naturalia
1665 1538 1815 1593 sunt,
1850 1546 1977 1601 pec-

406 1626 531 1672 cata
582 1627 869 1673 versantur
922 1619 1129 1672 nullam
1184 1621 1480 1676 novitatem
1532 1621 1972 1677 iutroducentia:

406 1708 586 1762 solum
612 1717 849 1778 arguunt
876 1716 929 1762 et
955 1710 1290 1762 convincunt
1314 1708 1600 1764 facientem
1632 1724 1822 1781 Sponte
1847 1728 1974 1782 pec-

2087 527 2228 579 κατὰ
2256 524 2417 595 φύσιν
2451 525 2610 597 μόνον
2638 524 2791 596 δρᾷν,
2817 523 2920 578 κᾶν
2946 523 3251 594 παράλογον
3277 522 3654 593 κατηγορῆται

2089 621 2277 673 ποιεῖν.

2154 792 2307 861 Οἶον,
2357 796 2515 866 φόνος
2547 798 2775 852 θάνατον
2812 797 2904 851 τδν
2958 796 3101 852 κατὰ
3142 796 3301 866 φύσιν
3334 797 3650 868 ἐργάζεται,

2082 891 2236 944 οῦδὲν
2269 891 2427 944 πλέον
2470 889 2637 943 ποιῶν
2681 889 2776 943 τοῦ
2814 893 2953 944 κατὰ
3002 889 3216 962 φύσινῆ
3260 892 3385 943 ὅσον
3435 891 3653 959 ἐλέγξαι

2082 982 2174 1035 τὸν
2211 981 2515 1052 δράσαντα’
2565 980 2778 1051 μοιχεία
2822 977 3012 1045 αὖθις,
3057 982 3150 1035 καὶ
3185 981 3252 1034 τὰ
3300 981 3536 1036 τοιαῦτα
3580 981 3653 1053 τῷ

2083 1073 2375 1143 παραλόγῳ
2422 1074 2580 1144 μόνον
2626 1072 2719 1126 τοῦ
2754 1072 3014 1144 λογισμοῦ
3055 1075 3461 1143 κατηγορεῖται.
3496 1074 3654 1126 Κατὰ

2080 1164 2137 1218 δὲ
2178 1164 2278 1234 τῆς
2306 1163 2519 1233 φύσεως
2556 1163 2654 1234 τῆς
2683 1164 2993 1235 ὡρισμένης
3019 1164 3122 1216 ὑπὸ
3155 1163 3255 1216 τοῦ
3296 1162 3649 1234 Δημιουργοῦ

2080 1259 2420 1327 καινοτομεῖν
2478 1256 2754 1320 παντελῶς
2784 1256 2935 1309 οὐδὲν
2991 1255 3249 1310 δύναταιο
3300 1256 3379 1318 ὡς
3426 1256 3651 1326 (impio

2079 1347 2242 1401 ϐατον
2287 1348 2385 1417 μὲν
2440 1342 2577 1401 εἷναί
2614 1365 2675 1401 τε
2717 1348 2812 1402 καὶ
2860 1348 3038 1418 μένειν
3068 1349 3158 1402 τὸν
3188 1348 3353 1420 νόμον
3397 1348 3497 1402 τοῦ
3550 1350 3651 1421 τὴν

2078 1437 2239 1506 φύσιν
2268 1438 2790 1509 δημιουργήσαντος.
2822 1438 2909 1491 Ἐν
2938 1440 3118 1502 αὐτοῖς
3146 1439 3203 1491 δέ
3233 1456 3335 1492 που
3367 1443 3487 1502 τοῖς
3508 1441 3651 1494 κατὰ

2079 1532 2239 1600 φύσιν
2271 1531 2593 1601 στρέφεσθαι
2618 1530 2684 1584 τὰ
2715 1532 3081 1603 ἁμαρτήματα
3101 1572 3113 1594 ,
3157 1533 3427 1604 μηδεμίαν
3459 1535 3649 1587 ἐπεισ-

2075 1625 2276 1692 άγοντα
2311 1606 2636 1694 καινότητα,
2676 1622 2709 1695 ἢ
2747 1625 2830 1676 ὅτι
2874 1624 3031 1694 μόνον
3085 1623 3175 1677 τον
3225 1626 3542 1694 πράττοντα
3571 1624 3648 1677 δι-

2076 1713 2289 1783 ελέγχει
2344 1713 2540 1767 ἑκόντα
2585 1712 3036 1784 πλημμελοῦνταο
3077 1714 3152 1775 ὡς
3182 1714 3283 1767 οὐκ
3333 1712 3401 1768 ἂν
3443 1715 3651 1785 ἑτέρως

407 1815 555 1865 care,
607 1807 665 1854 ut
708 1801 801 1870 qui
846 1817 951 1854 non
990 1803 1167 1871 possit
1211 1802 1369 1855 aliter
1411 1817 1477 1856 ex
1529 1803 1729 1860 virtute
1760 1805 1967 1875 degereI

2090 1805 2367 1876 Ξυνηθέντα
2417 1805 2748 1877 κατορθοῦν,
2805 1807 2854 1858 εἰ
2912 1805 2986 1876 μὴ
3038 1805 3129 1858 καὶ
3169 1806 3231 1859 τό
3281 1823 3346 1874 γε
3400 1806 3651 1859 ἐναντίον

406 1893 512 1947 nisi
542 1907 705 1964 penes
740 1908 861 1946 cum
897 1894 969 1946 sit
1003 1894 1338 1947 contrarium
1366 1910 1558 1964 agere;
1589 1897 1731 1967 quod
1755 1898 1973 1968 quidem

407 1989 595 2042 volens
644 1994 698 2041 ct
742 1987 915 2041 libens
950 1985 1207 2052 declinat,
1257 1995 1317 2042 ut
1359 1990 1616 2043 virtutem
1673 2001 1969 2061 comparet.

405 2079 504 2136 Est
539 2081 703 2151 igitur
741 2095 969 2135 summa:
1003 2080 1248 2135 stultitiae
1299 2089 1353 2135 et
1388 2080 1734 2150 insipientia,
1769 2082 1972 2137 ferrum

406 2181 503 2225 aut
536 2173 739 2241 lignum
773 2181 864 2225 aut
909 2171 1015 2224 alia
1049 2171 1317 2239 ejusmodi
1349 2173 1401 2226 in
1433 2173 1641 2228 crimen
1669 2189 1886 2240 vocare,
1920 2182 1974 2228 et

406 2279 515 2318 non
549 2280 672 2319 eum
705 2264 797 2332 qui
830 2263 915 2317 his
948 2270 1144 2332 pra-ter
1172 2262 1437 2318 rationem
1468 2265 1660 2319 utitur.

478 2352 537 2408 Si
566 2354 689 2423 quis
721 2368 850 2407 vero
877 2360 1108 2424 qnazrat,
1134 2368 1303 2422 quare
1331 2354 1601 2409 occiditur
1629 2354 1824 2421 homo;
1851 2369 1975 2409 rur-

404 2461 503 2501 sus
530 2444 821 2500 dicendurm
859 2448 985 2510 erit,
1017 2447 1162 2516 quod
1197 2450 1394 2517 smptus
1423 2447 1628 2501 dictum
1662 2458 1764 2511 est,
1801 2461 1973 2517 quare

405 2538 571 2609 igitur
608 2539 768 2593 homo
798 2538 1032 2608 denique
1065 2538 1333 2593 moritur?
1356 2539 1497 2607 quod
1527 2539 1744 2608 quidem
1775 2539 1821 2595 si
1857 2554 1972 2592 nia-

404 2629 514 2683 tmn
555 2646 679 2685 esse
714 2628 1057 2692 ostendatur,
1090 2640 1238 2685 recte
1267 2630 1427 2700 culpa
1469 2631 1522 2684 in
1556 2645 1681 2685 eum
1713 2631 1804 2701 qui
1841 2642 1973 2685 con-

403 2720 582 2775 stituit
614 2720 902 2774 redundat.
937 2718 1033 2773 Sin
1074 2734 1202 2774 vero
1229 2736 1338 2774 non
1370 2729 1455 2776 est
1486 2722 1645 2788 mala,
1680 2721 1971 2791 permissio

402 2818 613 2865 tantum
646 2812 767 2879 ejus
801 2810 894 2880 qui
940 2825 1028 2866 res
1074 2819 1294 2865 nostras
1331 2823 1605 2882 procurat,
1646 2812 1971 2882 inquirenda

400 2910 509 2963 est,
546 2917 718 2972 quare
748 2903 910 2956 homo
942 2902 995 2956 in
1044 2903 1146 2957 hoc
1173 2918 1344 2974 genus
1379 2903 1571 2959 mortis
1608 2903 1818 2967 incidit,
1850 2919 1971 2973 qum

402 3007 509 3047 non
545 3003 628 3047 est
654 2994 952 3047 secundum
994 3001 1247 3048 naturam
1294 2995 1470 3061 mala;
1510 3002 1565 3049 et
1591 2995 1855 3049 continuo
1884 3010 1971 3049 re-

400 3085 662 3155 perietur,
688 3099 752 3139 ex
781 3085 966 3139 multis
997 3099 1061 3139 ac
1103 3085 1272 3140 variis
1309 3087 1494 3142 causis
1526 3086 1796 3152 accidere,
1830 3100 1969 3158 quas

398 3191 722 3233 enumerare
753 3177 1030 3231 curiosum
1068 3176 1249 3231 fuerit.

470 3268 612 3324 Idem
642 3270 786 3322 enim
815 3270 964 3338 justo
991 3277 1045 3322 et
1088 3270 1294 3338 injusto
1326 3267 1564 3325 diversis
1608 3267 1794 3325 causis
1824 3268 1971 3323 acci-

398 3359 480 3416 dit
512 3380 525 3416 :
554 3377 661 3415 non
696 3370 753 3415 ut
778 3362 928 3431 justo
973 3363 1047 3416 sit
1095 3362 1328 3430 damno;
1379 3378 1479 3417 nec
1517 3362 1743 3430 injusto,
1791 3368 1850 3415 ιιι
1898 3362 1970 3416 sit

400 3453 670 3523 supplicio
707 3460 760 3506 et
803 3452 1055 3508 vindicta:
1113 3452 1243 3523 (non
1292 3453 1437 3508 enim
1481 3451 1625 3523 quod
1668 3452 1968 3507 sccnndmn

368 3594 373 3599 .
400 3555 647 3599 naturain
680 3552 787 3609 est,
818 3545 1146 3614 supplicium
1172 3544 1376 3615 fuerit),
1410 3543 1502 3598 sed
1531 3552 1589 3597 ut
1625 3544 1697 3599 sit
1722 3544 1969 3614 exemplo

398 3637 521 3692 aliis
547 3638 626 3692 vel
657 3636 723 3690 ad
757 3636 1090 3707 prohibenda
1123 3637 1262 3689 mala
1299 3636 1644 3689 insanabilia.
1680 3634 1969 3706 Multaque

397 3727 518 3779 aliae
546 3739 726 3780 causae
759 3734 904 3788 sunt,
950 3733 1172 3794 propter
1212 3740 1349 3794 quas
1381 3723 1525 3781 Deus
1570 3724 1845 3780 hominem
1883 3738 1969 3779 oc-

395 3818 504 3872 cidi
543 3818 845 3887 permittit:
872 3825 1088 3871 constat
1128 3824 1309 3871 tamen
1347 3817 1480 3871 nihil
1511 3818 1767 3886 amplius,
1802 3833 1966 3887 quam

395 3909 541 3977 quod
577 3909 630 3960 iu
664 3914 857 3960 natura
900 3905 1178 3961 decretum
1213 3914 1267 3960 et
1293 3906 1653 3961 constitutum
1686 3914 1790 3968 est,
1823 3904 1969 3960 acci-

396 3999 564 4053 dere:
597 3998 725 4053 lit-et
753 3999 896 4051 enim
935 3997 1385 4052 diversus'casus
1415 3999 1626 4053 accidat
1650 3998 1836 4063 l‘ebris,
1879 4012 1968 4053 sa-

395 4089 602 4143 tietatis
626 4088 948 4150 immodicae,
976 4096 1070 4141 aut
1090 4097 1278 4142 contra
1307 4089 1697 4143 exinanitionis
1718 4106 1783 4144 ex
1802 4089 1963 4153 fame,

401 4183 644 4254 frigoris,
687 4191 881 4246 azstus,
912 4182 1144 4253 aggeris,
1178 4181 1544 4251 lapidationis,
1584 4182 1768 4252 gladii,
1801 4181 1961 4258 ignis,

396 4292 581 4346 aquae;
618 4283 673 4327 at
706 4275 759 4328 in
792 4274 876 4328 his
908 4272 1165 4327 munibus
1190 4287 1355 4325 unum
1375 4280 1478 4334 est,
1506 4273 1649 4341 quod
1677 4270 1803 4326 inde
1834 4286 1965 4341 pro-

397 4368 562 4423 venit.
610 4365 814 4437 Ecquid
866 4366 1007 4420 hec?
1060 4363 1113 4418 id
1166 4365 1399 4427 scilicet,
1452 4363 1601 4434 quod
1643 4379 1672 4417 a
1706 4363 1967 4418 Creatore

2076 1890 2219 1965 εἶχεν
2266 1896 2350 1964 ἐφ’
2397 1894 2595 1965 ἐαυτῷ,
2628 1888 2689 1949 οὗ
2739 1894 2835 1967 τὴν
2881 1894 3123 1950 ἑκούσιον
3173 1895 3464 1966 ἀποςρυγην
3508 1896 3649 1968 πρὶς

2073 1988 2274 2059 ἀρετῆς
2296 1988 2486 2059 κτῆσιν
2511 1988 2639 2058 ἔχει.
2669 1988 2877 2041 Οὐκοῦν
2914 1988 3217 2059 ἀκροτάτης
3240 1988 3427 2052 ἀνοίας
3461 1988 3647 2060 ἔργον,

2078 2080 2254 2151 μάτην
2273 2080 2487 2150 σίδηρον
2520 2079 2552 2151 ἢ
2580 2079 2734 2143 ξύλον
2763 2080 2868 2149 ήτι
2890 2079 2997 2131 τῶν
3024 2078 3195 2133 ἄλλων
3227 2078 3649 2144 αἰτιᾶσθαι,καὶ

2076 2170 2151 2243 μὴ
2178 2171 2267 2224 τὸν
2289 2169 2566 2243 χρώμενον
2593 2170 2934 2243 παραλόγως.

2142 2342 2206 2397 Εἰ
2254 2343 2310 2397 δέ
2357 2361 2441 2406 τις
2472 2343 2659 2417 ζητοίη
2689 2342 2779 2398 διὰ
2818 2342 2872 2397 τί
2915 2342 3285 2413 φονεύεταίγε
3329 2342 3644 2415 ἄνθρωπος,

2071 2429 2228 2497 αὖθις
2265 2435 2362 2504 μὲν
2395 2436 2674 2506 εἰρήσεται
2701 2435 2762 2487 τὸ
2793 2433 3053 2498 πολλάκις
3086 2433 3431 2504 λελεγμένον,
3463 2434 3529 2487 τὸ
3558 2432 3644 2486 διὰ

2070 2524 2125 2580 τί
2188 2522 2282 2580 οὖν
2341 2525 2476 2588 ὅλως
2530 2528 2559 2581 ὁ
2615 2524 2900 2598 ἄνθρωπος
2960 2525 3327 2596 ἀποθνήσκει;
3384 2526 3527 2595 ὅπερ
3594 2525 3641 2577 εἰ

2070 2617 2304 2688 δειχθείη
2339 2618 2539 2681 κακὸν,
2579 2618 2815 2687 εὐλόγως
2854 2617 3141 2689 ἀνατριχει
3191 2617 3335 2671 κατὰ
3382 2617 3479 2670 τοῦ
3514 2617 3643 2688 ὡρί-

2072 2713 2319 2781 σαντοςή
2357 2711 2522 2766 αἰτία.
2579 2711 2641 2764 Et
2680 2711 2735 2764 δὲ
2771 2712 2846 2782 μὴ
2890 2712 3057 2766 κακον
3089 2710 3342 2773 θάνατος,
3376 2712 3484 2780 τὴν
3516 2727 3642 2778 συγ-

2070 2802 2308 2875 χώρησιν
2351 2802 2508 2874 μόνον
2535 2802 2628 2855 τοῦ
2671 2803 3025 2874 προνοοῦντος
3054 2802 3162 2856 τῶν
3197 2802 3321 2856 καθ’
3365 2804 3517 2873 ἡμᾶς
3559 2801 3639 2866 EE-

2070 2895 2342 2959 εταστέον,
2369 2894 2463 2947 τοῦ
2504 2894 2662 2967 χάριν
2694 2895 2977 2966 ἄνθρωπος
3007 2896 3166 2966 φόνου
3198 2898 3391 2970 τροπῳ
3422 2900 3641 2970 περιπί-

2071 3004 2192 3041 πτει
2225 2986 2303 3057 τῷ
2340 2987 2413 3060 μὴ
2448 2988 2588 3042 κατὰ
2619 2986 2779 3057 φύσιν
2803 2989 2957 3059 κακῷ
2991 2989 3234 3061 θανάτῳο
3260 2993 3357 3045 καὶ
3390 2992 3635 3065 εὑρεθείη

2071 3080 2122 3147 γ’
2156 3078 2221 3133 ἂν
2268 3078 2406 3150 αῦτη
2440 3078 2582 3135 κατὰ
2630 3080 2827 3144 πολλὰς
2854 3082 2949 3135 καὶ
2980 3082 3228 3147 ποικίλας
3274 3084 3460 3148 αἰτίας
3502 3102 3639 3155 συμ-

2070 3172 2350 3237 ϐαίνουσα,
2384 3173 2478 3239 οὓς
2511 3175 2798 3246 περίεργον
2828 3176 2893 3231 ἂν
2926 3176 3010 3247 εἴη
3044 3176 3425 3249 καταριθμεῖν.

2140 3267 2344 3335 Δικαίῳ
2373 3267 2481 3337 γὰρ
2508 3269 2601 3320 καὶ
2622 3267 2792 3337 ἀδίκῳ
2824 3267 2963 3320 κατὰ
2982 3268 3233 3340 διάφορον
3262 3271 3447 3325 αἰτίαν
3479 3271 3640 3326 tanta

2072 3358 2384 3428 συμϐαίνειο
2431 3356 2556 3411 οὔτε
2604 3357 2682 3428 τῷ
2728 3358 2920 3430 δικαίῳ
2965 3359 3099 3432 πρὸς
3145 3359 3374 3433 βλάϐην,
3414 3362 3539 3417 οὗτε
3562 3363 3639 3433 τῷ

2068 3449 2240 3520 ἀδίκῳ
2281 3450 2415 3519 πρὸς
2460 3450 2728 3522 τιμωρίαν
2773 3450 2862 3521 (οῦ
2905 3452 3014 3523 γὰρ
3057 3452 3123 3507 ἂν
3159 3453 3243 3522 εἴη
3291 3456 3541 3526 τιμωρία
3578 3455 3641 3508 τὸ

2068 3541 2211 3596 κατὰ
2241 3541 2455 3612 φύσιν),
2486 3542 2619 3597 ἀλλὰ
2658 3543 2795 3614 πρὸς
2828 3543 3150 3614 ὑπόδειγμα,
3180 3544 3212 3615 ἦ
3245 3544 3386 3617 πρὸς
3418 3547 3639 3600 κόλασιν

2068 3633 2381 3704 ἀνηκέστων
2413 3634 2614 3688 κακῶν.
2644 3635 2750 3689 Καὶ
2771 3634 2938 3688 πολλὰ
2958 3651 3021 3703 γε
3042 3635 3110 3691 τὰ
3130 3635 3279 3689 αἴτια
3293 3635 3392 3688 τοῦ
3426 3653 3636 3708 συγχω-

2073 3728 2185 3796 ρεῖν
2229 3725 2360 3779 θεὸν
2404 3725 2725 3795 φονεύεσθαι
2769 3726 3086 3796 ἄνθρωπον·
3137 3727 3295 3798 δῆλον
3324 3728 3533 3797 μέντοι.
3561 3728 3637 3791 ὡς

2065 3814 2218 3868 οὐδὲν
2264 3815 2422 3871 πλέον
2469 3817 2562 3870 τοῦ
2598 3816 2733 3872 κατὰ
2772 3818 2871 3888 τῆς
2909 3817 3120 3887 φύσεως
3155 3817 3468 3889 ὡρισμένου
3502 3836 3638 3889 συμο

2066 3904 2271 3961 6αίνει’
2313 3907 2414 3963 κᾶν
2466 3909 2575 3981 γὰρ
2615 3906 2931 3985 διάιρορονῇ
2985 3911 3046 3964 τὸ
3088 3911 3187 3981 τῆς
3237 3912 3634 3983 περιστάσεως.

2067 3998 2303 4069 πυρετοῦ
2344 4016 2404 4052 τε
2444 4000 2537 4054 καὶ
2569 3999 2884 4071 πλησμονῆς
2927 4000 3187 4072 ἀμέτρου,
3222 4000 3258 4071 ἢ
3303 4000 3634 4057 τούναντίον,

2067 4085 2264 4158 λιμοῦ,
2295 4087 2499 4160 ψύχους
2540 4106 2601 4143 τε
2658 4091 2752 4145 καὶ
2796 4090 3073 4162 καύματος
3099 4132 3113 4155 ,
3148 4089 3406 4161 χώματός
3445 4108 3510 4144 τε
3542 4091 3635 4144 καὶ

2064 4177 2364 4250 λιθασμοῦ,
2405 4180 2590 4250 ξίφους
2644 4198 2704 4235 τε
2742 4182 2837 4236 καὶ
2874 4182 3047 4254 πυρὸς
3102 4182 3196 4235 καὶ
3236 4181 3464 4247 ὓδατος·
3499 4181 3635 4236 ἀλλὰ

2063 4288 2129 4339 γε
2173 4274 2232 4326 ὲν
2289 4272 2498 4337 τούτοις
2548 4274 2750 4331 ἅπασιν
2788 4275 2846 4328 ἓν
2888 4291 2952 4344 γε
2997 4274 3058 4328 τὸ
3103 4274 3418 4329 ἀποϐαῖνον.
3476 4273 3544 4326 Τί
3591 4273 3636 4325 δ’

2063 4363 2128 4419 ἄν
2189 4363 2274 4435 εἴη
2332 4364 2523 4431 τοῦτο;
2577 4366 2638 4420 τὸ
2687 4368 2825 4441 προς
2879 4366 2973 4421 τοῦ
3026 4366 3373 4438 Δημιουργοῦ
3452 4365 3637 4428 καλῶς

396 4470 545 4517 recte.
569 4466 625 4516 et
657 4460 857 4514 utiliter
887 4457 942 4512 in
972 4457 1231 4512 universo
1251 4470 1449 4527 genere
1472 4456 1832 4511 constitutum
1853 4462 1957 4510 est.

2090 4472 2127 4507 ’Ξ
2167 4456 2261 4509 καλ⁵
2309 4458 2692 4529 προσηκόντως
2739 4459 3040 4532 ὡρισμένον
3099 4459 3245 4513 κατὰ
3286 4458 3498 4523 παντὸς
3541 4458 3634 4514 τοῦ

2059 4546 2267 4615 γένους.

1396 4683 1528 4742 Car.
1564 4683 1800 4741 XXVIII.
1843 4684 2066 4757 Sapiens
2097 4689 2281 4744 mundi
2309 4690 2640 4761 gubernatio.

461 4805 555 4861 Sic
592 4806 775 4876 igitur,
809 4820 874 4861 ac
915 4804 1104 4864 multis
1142 4806 1302 4860 etiam
1344 4804 1467 4859 aliis
1507 4802 1683 4858 modis
1726 4805 1955 4860 demon-

391 4898 549 4955 strari
578 4906 773 4968 potest,
808 4898 941 4952 nihil
980 4912 1104 4952 esse
1146 4898 1199 4951 in
1237 4896 1441 4951 fabrica
1491 4896 1680 4949 mundi
1717 4895 1958 4963 malum;

391 5007 566 5062 neque
592 4990 888 5061 quidquam
933 4989 986 5043 in
1021 4989 1418 5059 gubernatione
1445 4985 1651 5047 divina,
1682 4985 1826 5054 quod
1872 4999 1962 5039 re-

389 5082 647 5153 prehendi
686 5083 880 5151 possit,
911 5081 1003 5137 sed
1045 5081 1225 5133 omnia
1273 5077 1642 5147 inexplicabili
1691 5075 1961 5145 sapientia

390 5175 531 5229 facta
576 5190 719 5238 esse,
769 5185 822 5229 ct
856 5173 1195 5243 providentia
1233 5170 1491 5226 incli‘ahili
1537 5166 1829 5238 gubernari
1859 5186 1872 5221 :
1901 5176 1961 5221 ut

388 5284 495 5323 non
537 5268 608 5323 sit
649 5268 808 5323 facile
838 5282 1026 5320 corum
1072 5280 1192 5336 qua:
1242 5281 1271 5318 a
1323 5263 1435 5318 Deo
1476 5262 1617 5317 facta
1659 5269 1806 5325 sunt,
1842 5271 1957 5314 tttm

386 5377 508 5429 quae
539 5361 751 5424 suavia,
786 5369 895 5413 tmn
923 5374 1044 5428 qua:
1067 5357 1245 5413 tristia
1275 5366 1329 5411 et
1356 5357 1583 5412 molesta
1612 5372 1735 5412 esse
1765 5354 1955 5408 viden-

390 5459 497 5514 tur,
542 5452 810 5505 ratiunem
845 5449 1158 5519 perspicere
1186 5462 1251 5501 ac
1290 5446 1755 5518 comprehendere
1793 5463 1806 5498 :
1838 5460 1948 5499 non

2100 4800 2104 4805 ’
2139 4806 2288 4863 Οὕτω
2322 4808 2420 4879 μὲν
2455 4805 2549 4865 οὖν
2580 4810 2674 4863 καὶ
2711 4808 2853 4867 κατὰ
2885 4808 3107 4875 πολλοὺς
3143 4809 3366 4880 ἑτέρους
3394 4810 3641 4879 τρόπους

2059 4897 2290 4971 δειχθείη
2321 4901 2388 4954 ἂν
2425 4900 2575 4954 οὐδὲν
2601 4900 2710 4953 τῶν
2748 4901 2889 4955 κατὰ
2918 4903 3018 4972 τὴν
3052 4899 3410 4971 δημιουργίαν
3438 4902 3639 4963 κακὸν,

2058 4988 2180 5043 οὔτε
2234 4992 2332 5062 μὲν
2376 4990 2475 5063 τῆς
2518 4990 2666 5053 θείας
2725 4991 3033 5063 οἰκονομίας
3073 5008 3125 5044 τι
3172 4988 3638 5060 δ.α6ε6λημὲνον·

2060 5080 2196 5134 ἀλλὰ
2225 5081 2401 5134 πάντα
2435 5081 2534 5153 μὲν
2563 5083 2786 5153 ἀρρήτῳ
2816 5081 2975 5153 σοφίᾳ
3007 5080 3368 5151 γεγενημένα,
3400 5080 3641 5152 ἀρρήτῳ

2059 5170 2117 5225 δὲ
2150 5174 2375 5245 προνοίᾳ
2404 5173 2783 5245 διοικούμενα’
2827 5175 2902 5238 ὡς
2930 5175 3030 5227 οὐκ
3081 5173 3147 5227 ἂν
3184 5173 3267 5244 εἴη
3296 5170 3489 5243 ῥᾴδιον
3534 5171 3640 5224 τῶν

2061 5262 2195 5333 πρὸς
2226 5262 2361 5317 Θεοῦ
2390 5263 2725 5333 γιγνομὲνωᾫ
2754 5262 3007 5334 χρηστῶν
3039 5280 3099 5317 τε
3144 5264 3237 5316 καὶ
3277 5258 3433 5324 αὖθις
3481 5262 3640 5315 ἀνια-

2059 5353 2169 5423 ρῶν
2210 5348 2349 5408 εἶναι
2393 5352 2692 5410 δοκούντων
2734 5354 2827 5407 τὸν
2872 5354 2997 5407 νοῦν
3049 5350 3536 5423 καταμανθάνειν·
3579 5350 3637 5403 οὑ

2055 5446 2164 5519 γὰρ
2196 5446 2364 5517 ἐχρῆν
2388 5445 2497 5518 (42)
2526 5463 2612 5516 γε,
2647 5446 2722 5510 ὡς
2748 5445 2911 5511 ἔοικε,
2942 5444 3085 5499 κατᾶ
3110 5446 3223 5508 τοῖς
3250 5444 3417 5498 πᾶσιν
3452 5441 3639 5514 67:3?-

460 5624 691 5712 Eﬂ":
715 5627 827 5712 τῇς
862 5622 1069 5712 ἐχρῆν·
1097 5616 1967 5712 (ὶςιιιιιυει),,ί.εέξξ-ῖπι,ἕία.ντῐὲει-

2090 5638 2265 5681 imasc.
2294 5622 2424 5712 ⁸ιίιι.
2467 5637 2523 5689 ι,
2555 5620 2644 5679 tit.
2678 5636 2834 5690 nni,
2892 5637 3014 5694 pag.
3080 5622 3207 5687 785,
3244 5636 3417 5692 eaque
3462 5620 3635 5676 habes

390 5691 535 5745 intra
558 5692 620 5781 in
650 5686 947 5761 Suppara}:
974 5686 1095 5761 quae
1125 5693 1212 5749 his
1236 5690 1394 5747 libris
1419 5686 1808 5760 subjecimus§
1839 5703 1911 5742 tv.
