3782 6166
224 342 363 398 “89

1259 301 1645 397 ADVERsus
1683 338 2105 398 MANICHAEOS
2142 339 2268 395 LIB.
2309 341 2376 396 ιι.

3328 347 3465 402 Ηθυ

222 444 340 531 χειν
367 458 464 529 τῆς
487 456 582 511 τοῦ
612 456 746 511 Θεοῦ
775 455 970 527 σοφίας
994 455 1106 528 (43)
1138 456 1207 510 τά
1240 448 1541 525 τεκμήρια,
1581 460 1675 513 καὶ
1700 458 1789 513 τὸν

1901 458 2057 521 enim,
2092 466 2150 511 ut
2172 456 2405 519 videtur,
2433 455 2719 526 oportebat
2755 463 2945 526 patere
2972 458 3231 517 omnibus
3258 460 3464 520 divina:

223 548 460 619 ἄρρητον
497 545 592 600 καὶ
620 546 1001 615 ἀκατάληπτον
1042 544 1165 599 νοῦν
1199 545 1378 617 πάντη
1421 549 1627 618 γυμνὸν
1656 547 1795 603 εἶναι

223 636 565 709 ἀνθρώποις·
625 637 759 690 ὅπου
801 654 864 707 γε
911 638 1006 691 καὶ
1065 636 1326 708 βασιλέως
1369 636 1657 710 ἀνθρώπου
1698 643 1794 696 καὶ

221 729 481 800 ἄρχοντος
530 727 676 781 ἔστιν
727 729 815 782 ὅτε
861 729 928 782 τά
984 727 1209 783 πλεῖστα
1261 729 1369 783 τῶν
1416 728 1794 803 βουλευμάτων

224 820 530 890 κέκρυπται
554 819 662 889 (44)
685 836 699 851 ·
723 820 799 884 ὡς
821 820 915 874 καὶ
938 820 997 874 τὸ
1019 819 1390 892 πραττόμενον
1413 821 1606 877 ἄδηλον
1631 820 1791 892 εἶναι,

222 911 332 981 ὅτῳ
365 912 507 982 λόγῳ
532 912 853 982 πράττεται.

296 1002 369 1056 Οὐ
426 1004 604 1055 τοίνυν
645 1002 857 1073 θαῦμα,
893 1006 942 1057 εί
986 1004 1262 1078 ἄνθρωποί
1303 1023 1365 1076 γε
1410 1006 1485 1078 μὴ
1528 1007 1793 1079 χωροῦσιν

224 1092 355 1165 ὅλης
374 1094 471 1163 τῆς
498 1094 816 1165 διοικήσεως
841 1094 935 1149 τοῦ
966 1097 1099 1150 Θεοῦ
1127 1097 1217 1150 τὸν
1240 1098 1416 1167 λόγον,
1434 1093 1514 1163 οἷς
1540 1100 1793 1171 ἁρμόττει

226 1186 320 1238 καὶ
350 1184 471 1255 δίχα
497 1186 591 1239 τοῦ
627 1187 1099 1258 πολυπραγμονεῖν
1133 1189 1453 1244 ὑποκεῖσθαι
1480 1192 1571 1245 καὶ
1591 1192 1795 1262 ἡσυχά-

225 1274 364 1341 ζειν,
398 1278 489 1331 καί
516 1279 714 1348 ἣκιστα
746 1280 1023 1351 ἀνταίρειν
1054 1283 1193 1336 κατά
1234 1282 1336 1352 τῆς
1378 1284 1619 1354 ἀρρήτου
1660 1284 1791 1338 διοιο

224 1367 456 1437 κήσεως.
480 1367 743 1433 Πολλάκις
762 1372 870 1441 γάρ
887 1371 1006 1423 οὐδὲ
1028 1372 1275 1443 τεχνίτην
1291 1374 1465 1426 εῖτουν
1488 1373 1794 1445 οἰκοδομίας

224 1458 262 1530 ἢ
294 1460 601 1529 ναυπηγίας
632 1460 663 1530 ἦ
695 1462 1056 1532 χαλκευτικῆς
1082 1463 1341 1535 ἔμπειρον
1377 1464 1679 1535 αἰδούμενοι
1705 1484 1795 1520 πε-

230 1549 649 1621 ριεργαζόμεθα,
677 1552 933 1606 ποιοῦντά
962 1570 1025 1622 γε
1059 1554 1120 1607 τὸ
1147 1557 1342 1607 οἰκεῖον
1369 1554 1596 1609 ἕκαστον
1617 1574 1630 1588 ο
1659 1557 1793 1611 ἀλλὰ

224 1643 294 1713 τῇ
321 1642 484 1713 πείρα
509 1643 1036 1710 καταπιστεύσαντες
1057 1646 1384 1717 ὲκδεχόμεθα
1403 1645 1493 1702 τοῦ
1504 1666 1627 1720 ργον
1647 1650 1789 1705 ἰδεῖν·

226 1731 344 1786 ἐστι
373 1733 429 1787 δὲ
457 1735 544 1788 ὅτε
571 1736 665 1790 καὶ
697 1737 1079 1808 σφαλλομένων
1107 1739 1206 1793 ούκ
1229 1740 1687 1798 ἐπαισθανόιιεθα.

302 1911 367 1965 Τί
397 1911 441 1965 δ’
476 1912 543 1968 ἂν
591 1912 838 1986 εἴποιμεν
891 1915 1019 1988 περὶ
1062 1915 1166 1986 τῆς
1213 1915 1353 1988 ὑπὲρ
1396 1917 1612 1971 ἅπαντα
1672 1916 1795 1970 νοῦν

227 2003 423 2072 σοφίας
464 2002 559 2057 τοῦ
592 2003 749 2072 Θεοῦ,
777 2005 846 2076 ἣν
893 2005 1138 2077 προσῆκε
1181 2005 1435 2070 νοοῦντάς
1490 2024 1550 2060 τε
1596 2007 1689 2061 καὶ
1718 2007 1794 2079 μὴ

226 2095 483 2160 νοοῦντας
509 2096 901 2168 ἐκπλήττεσθαί
933 2115 992 2151 τε
1035 2100 1129 2152 καὶ
1154 2101 1357 2170 τιμᾷν;
1405 2098 1545 2153 Εἰδὲ
1577 2117 1678 2164 τις,
1707 2099 1794 2153 διά

225 2185 291 2238 τὸ
320 2187 393 2257 μὴ
444 2186 879 2257 καταλαμϐάνειν
904 2189 994 2242 τὸν
1028 2189 1183 2259 λόγον
1226 2189 1335 2244 τῶν
1384 2190 1642 2244 πλειόνων
1685 2189 1793 2244 τῶν

226 2277 370 2347 πρὸς
400 2277 494 2330 τοῦ
530 2277 666 2331 Θεοῦ
715 2280 1049 2347 γιγνομένων
1070 2321 1084 2345 ,
1115 2281 1337 2335 ὲκπέσοι
1388 2283 1523 2353 πρὸς
1561 2282 1793 2346 ἀτόπους

227 2365 373 2420 κατά
405 2366 540 2419 Θεοῦ
568 2367 743 2432 δόξας,
776 2368 1107 2434 ἀθλιώτατος
1149 2372 1243 2424 καὶ
1283 2370 1401 2424 λίαν
1433 2372 1540 2443 (45)
1570 2372 1794 2443 ἀνόητος

225 2460 259 2510 ὁ
289 2457 546 2523 τοιοῦτος,
583 2461 717 2532 αὐτῇ
749 2478 813 2530 γε
840 2464 906 2534 τῇ
941 2463 1228 2533 τυφλότητι
1259 2464 1357 2535 τῆς
1395 2465 1529 2529 ἰδίας
1557 2465 1795 2530 διανοίας

226 2549 411 2621 ὁδηγῷ
454 2550 765 2623 χρώμενος’
813 2554 1000 2626 ὥσπερ
1041 2558 1069 2609 ὁ
1110 2557 1300 2627 Μάνης
1338 2560 1366 2611 ὁ
1407 2558 1794 2631 χαλεπωτάτην

232 2642 433 2712 μανίαν
463 2645 604 2698 κατά
645 2662 709 2714 γε
741 2646 849 2700 τῶν
882 2647 1031 2718 αὐτῷ
1084 2646 1416 2720 πειθομένων
1466 2650 1789 2721 ἐπινοήσας·

227 2735 356 2787 ἐπεὶ
386 2736 459 2807 μὴ
508 2737 772 2791 κατέλαϐε
805 2738 931 2793 τίνα
970 2740 1167 2811 τρόπον
1207 2741 1275 2795 τά
1328 2740 1448 2794 καθ’
1480 2742 1626 2812 ἡμᾶς
1662 2741 1794 2795 διοι-

227 2827 443 2891 κεῖται,
487 2828 743 2901 δευτέραν
772 2833 945 2902 ἀρχὴν
992 2832 1224 2904 ἄναρχον
1269 2832 1466 2897 κακίας
1501 2833 1791 2899 ἐπλάσατο,

230 2918 325 2973 ἵνα
377 2922 468 2974 καὶ
504 2921 609 2975 τῶν
654 2923 766 2976 ἄνω
800 2924 1008 2996 σφαλῇ,
1046 2925 1141 2979 καὶ
1191 2926 1257 2979 τὰ
1296 2927 1445 2980 κάτω
1498 2926 1685 2996 νοῆσαι
1720 2925 1794 2999 μὴ

231 3010 581 3084 συγχωρηθῇ,
612 3013 831 3067 τοιαῦτα
860 3016 1001 3069 κατά
1032 3014 1125 3068 τοῦ
1159 3015 1293 3069 Θεοῦ
1327 3016 1435 3069 τῶν
1459 3015 1592 3070 ὅλων
1623 3016 1791 3070 πλατ-

227 3101 476 3173 τόμενος,
505 3100 595 3159 οἷά
622 3122 683 3174 γε
712 3106 809 3179 τὴν
835 3107 1182 3172 ἀνεξικακίαν
1221 3108 1385 3163 αὑτοῦ
1409 3109 1505 3180 τὴν
1534 3111 1792 3165 ἀνωτάτω

229 3168 525 3264 κηρύττειν
544 3216 555 3230 ι
584 3168 744 3252 διεῖλε
767 3168 877 3272 γάρ
912 3168 981 3253 τά
1014 3200 1107 3254 τοῦ
1143 3200 1299 3264 Θεοῦ,
1340 3202 1432 3254 καὶ
1462 3168 1530 3255 τὰ
1570 3201 1795 3256 πλεῖστά
1820 3168 1861 3225 C

231 3302 300 3354 γε
324 3288 554 3361 ἀνέθηκε
586 3293 649 3362 τῇ
682 3291 755 3364 μὴ
783 3291 914 3364 οὔσῃ
935 3294 1135 3365 κακία·
1168 3295 1433 3359 παντοίως
1463 3294 1795 3367 βλασφημῶν

231 3378 329 3433 τὸν
358 3383 729 3455 Δημιουργὸν,
766 3387 830 3438 ἐκ
874 3387 1073 3452 κακίας
1121 3387 1439 3456 συγκεῖσθαι
1479 3388 1651 3457 λέγων
1700 3387 1793 3442 τοῦ

232 3467 371 3524 Θεοῦ
394 3472 466 3526 τά
491 3473 910 3548 κατορθώματα.

1897 547 2175 616 sapientiae
2207 545 2409 600 indicia
2451 554 2505 600 ct
2547 553 2783 599 mentem
2823 544 2941 610 Dei,
2977 562 3097 617 quae
3145 564 3245 604 nec
3290 553 3466 623 expli-

1895 638 2007 691 cari
2041 652 2215 705 neque
2241 635 2626 705 comprehendi
2658 645 2858 706 potest,
2892 639 3116 693 omnino
3167 640 3369 695 nudam
3410 650 3465 698 et

1895 735 2135 797 apertam
2179 741 2302 782 esse
2346 727 2690 790 hominibus;
2740 726 3182 796 quandoquidem
3232 731 3462 798 plurima

1893 820 2056 874 etiam
2088 820 2328 874 hominis
2368 820 2511 889 regis
2534 820 2764 873 consilia
2798 819 3072 873 interdum
3106 823 3376 888 celantur,
3405 831 3464 877 ut

1892 912 2034 982 quod
2064 913 2264 981 agitur,
2293 926 2400 980 qua
2437 911 2647 963 ratione
2677 909 2785 975 ﬁat,
2829 910 3128 981 ignoretur.

1961 1001 2137 1068 Quare
2170 1018 2277 1056 non
2333 1003 2529 1055 mirum
2578 1010 2683 1063 est,
2734 1002 2782 1056 si
2832 1002 3000 1056 totius
3048 1005 3463 1074 gubernationis

1894 1092 1987 1146 Dei
2017 1095 2278 1148 rationem
2325 1107 2432 1147 non
2465 1094 2791 1162 percipiunt,
2836 1109 2975 1164 quos
3021 1093 3178 1147 decet
3212 1097 3332 1151 sine
3363 1112 3464 1150 cu-

1894 1186 2141 1241 riositate
2165 1186 2443 1253 subjectos
2474 1200 2596 1241 esse
2626 1194 2679 1240 et
2708 1186 2892 1248 silere,
2932 1195 2987 1240 et
3020 1188 3242 1242 minime
3267 1203 3460 1242 contra

1893 1277 2131 1332 divinam
2174 1279 2620 1347 gubernationem
2665 1278 2870 1332 dicere.
2918 1279 3070 1348 Sa‘pe
3117 1281 3262 1333 enim
3294 1282 3463 1349 pudet

1892 1384 1993 1424 nos
2016 1370 2068 1422 in
2109 1369 2466 1424 architectum
2502 1370 2734 1438 peritum
2769 1379 2860 1422 aut
2888 1369 3271 1425 :cditicatorem
3304 1372 3462 1426 navis

1891 1470 2169 1530 expertum
2214 1468 2307 1514 aut
2350 1461 2404 1514 in
2436 1462 2649 1514 fabrum
2683 1471 2985 1531 Spectatnm
3029 1465 3244 1518 curiose
3280 1465 3464 1534 inqui-

1890 1564 2032 1613 rere,
2065 1567 2184 1605 cum
2210 1552 2442 1621 quisque
2469 1567 2659 1607 eorum
2690 1555 2831 1622 quod
2863 1557 2999 1609 artis
3021 1571 3132 1609 sure
3156 1563 3259 1619 est,
3295 1555 3458 1621 facit;

1892 1644 2023 1713 quin
2067 1645 2247 1714 potius
2288 1645 2661 1714 experimento
2699 1645 2915 1709 contisi,
2960 1654 3361 1714 exspectamus.
3401 1651 3462 1698 ut

1893 1749 2033 1804 Opus
2065 1735 2367 1788 videmnus.
2412 1734 2691 1805 Contingit
2722 1737 2884 1791 etiam
2926 1738 3243 1807 aliquando,
3290 1744 3349 1791 ut
3377 1737 3460 1790 lav-

1825 1809 1867 1865 Β
1897 1842 2051 1896 psum
2088 1841 2274 1880 eorum
2309 1842 2416 1881 non
2448 1830 2768 1881 sentiamus.

1966 1911 2104 1977 Quid
2141 1911 2388 1967 dicemus
2414 1914 2480 1968 de
2505 1915 2772 1983 sapientia
2798 1913 2915 1977 Dei,
2943 1915 3033 1985 qni
3068 1931 3283 1972 onmem
3315 1932 3462 1975 men-

1892 2007 1999 2055 tem
2030 2010 2084 2056 et
2117 2002 2526 2073 intelligentiam
2578 2014 2819 2075 supcrat,
2850 2023 3011 2076 quam
3043 2009 3259 2077 quidem
3297 2023 3460 2080 opor-

1892 2095 2040 2149 tebat
2063 2095 2176 2149 sive
2210 2110 2331 2149 eam
2373 2097 2756 2166 intelligemus.
2793 2100 2909 2152 sive
2945 2114 3054 2152 non
3095 2100 3463 2169 intelligendos

1892 2185 2278 2256 obstupescere
2304 2195 2357 2240 cl
2387 2186 2695 2243 honorare?
2729 2189 2786 2242 Si
2825 2192 2948 2259 quis
2974 2206 3103 2246 vero
3132 2193 3257 2262 quia
3301 2194 3463 2248 ratio-

1892 2292 2013 2333 nem
2064 2280 2359 2334 niultorum
2393 2295 2516 2349 qua:
2557 2297 2586 2334 a
2629 2280 2735 2337 Deo
2768 2283 2921 2346 llunt,
2979 2299 3085 2336 non
3120 2286 3455 2353 assequitur,

1891 2370 2101 2426 decidat
2130 2372 2184 2425 in
2219 2374 2488 2427 absurdus
2510 2373 2577 2427 de
2611 2372 2719 2427 Deo
2758 2374 3069 2443 Opiniones,
3109 2378 3456 2431 miserrimus

1891 2472 1947 2520 et
1980 2465 2134 2520 valde
2165 2467 2365 2521 stultus
2403 2476 2457 2521 ct
2498 2466 2764 2537 insipiens
2794 2479 2900 2525 est.
2937 2469 3027 2525 hic
3061 2470 3178 2538 ipsa
3206 2472 3453 2525 caecitate

1891 2557 2088 2611 mentis
2131 2573 2243 2613 sure
2292 2565 2548 2629 tanquam
2595 2560 2734 2615 duce
2774 2569 2951 2625 utens,
2998 2573 3055 2617 ut
3100 2561 3455 2625 Manichacus,

1892 2649 1985 2720 qui
2040 2649 2307 2705 insaniam
2349 2652 2828 2708 sceleratissimam
2870 2663 3059 2709 contra
3109 2671 3205 2710 eos
3258 2660 3348 2725 qui
3407 2655 3457 2711 ei

1893 2743 2262 2809 crediderunt,
2308 2746 2636 2815 excogitavit
2666 2765 2678 2800 :
2710 2747 2828 2817 qui,
2869 2747 2996 2812 quia
3046 2763 3153 2801 non
3192 2747 3459 2802 intellexit

1893 2833 2166 2903 quomodo
2201 2843 2387 2887 nostra
2421 2833 2563 2889 Deus
2598 2836 2946 2905 gubernaret,
2982 2838 3281 2893 secundum
3311 2840 3459 2907 prin-

1894 2925 2094 2995 cipium
2148 2925 2448 2993 ingenitum
2492 2926 2749 2995 nequitia:
2799 2925 2972 2989 tinxit,
3017 2935 3075 2981 ut
3120 2928 3189 2983 ab
3229 2928 3296 2982 iis
3339 2944 3461 2997 quae

1895 3026 2023 3071 Sunt
2044 3030 2207 3085 supra
2242 3015 2625 3083 delaberetur;
2657 3026 2710 3071 et
2727 3031 2790 3072 ea
2826 3033 2947 3087 quae
2985 3019 3125 3071 inl'ra
3155 3010 3221 3072 ἰιι
3253 3018 3458 3074 intelli-

1893 3116 2064 3179 geret,
2100 3123 2205 3162 non
2236 3108 2287 3163 ei
2335 3109 2751 3171 concederetur,
2786 3124 2849 3164 ea
2885 3111 2938 3162 in
2971 3108 3138 3165 Deum
3177 3112 3464 3167 universo-

1895 3215 2014 3253 rum
2056 3202 2284 3269 tinge-ns,
2324 3215 2445 3268 qua:
2472 3202 2786 3269 patientiam
2819 3201 2939 3269 ejus
2977 3202 3297 3257 altissimam
3330 3217 3463 3272 prte-

1894 3292 2142 3347 dicarent
2169 3310 2183 3347 :
2215 3291 2393 3346 divisit
2429 3295 2573 3347 enim
2606 3307 2668 3347 ea
2708 3307 2829 3362 quae
2854 3292 2943 3346 Dei
2988 3301 3149 3359 smit;
3188 3301 3241 3347 et
3270 3310 3456 3349 eorum

1894 3384 2128 3454 plurima
2159 3383 2225 3436 ad
2270 3385 2563 3453 nequitiam
2594 3399 2716 3452 qua:
2767 3383 2900 3436 nihil
2951 3392 3056 3448 est,
3089 3385 3276 3439 retulit
3307 3402 3320 3438 :
3348 3401 3458 3440 om-

1893 3478 2057 3533 nibus
2107 3476 2284 3530 modis
2320 3476 2374 3529 in
2422 3474 2589 3530 Deum
2631 3476 2999 3546 blasphemus,
3038 3478 3131 3547 qui
3162 3477 3260 3544 ait,
3292 3491 3458 3549 opera

1895 3568 2038 3623 bona
2076 3566 2166 3623 Dei
2206 3566 2511 3637 composita
2539 3579 2663 3621 esse
2688 3580 2756 3621 ex
2778 3565 3041 3635 nequitia.

1343 3682 1472 3740 Car.
1505 3682 1695 3740 XXIX.
1739 3686 2012 3743 Elementa
2053 3682 2367 3740 necessaria.

305 3799 371 3854 Τί
394 3800 574 3854 τοίνυν
598 3800 730 3872 φαίη
760 3799 825 3854 ἂν
857 3802 985 3873 περὶ
1014 3800 1123 3854 τῶν
1153 3803 1335 3875 ἀρχῶν
1354 3803 1462 3857 τῶν
1488 3804 1790 3874 σωμάτων;

230 3890 508 3964 Τέσσαρες
545 3892 640 3963 μὲν
666 3892 772 3963 γάρ
801 3887 979 3957 αὗται,
1010 3892 1046 3947 ἃ
1084 3893 1148 3963 δὴ
1185 3896 1278 3948 καὶ
1318 3893 1501 3947 καλεῖν
1542 3895 1795 3950 εἰώθασιν

227 3982 472 4054 τέσσαρα
501 3986 771 4053 στοιχεῖα*
813 3982 955 4055 άπερ
987 3984 1204 4038 ἐναντία
1242 3982 1339 4054 μὲν
1383 3984 1649 4057 ἀλλήλοις,
1700 3989 1796 4040 καὶ

229 4074 477 4146 ἀκριϐῶς
499 4076 847 4146 ἀντικείμενα
866 4092 879 4106 ·
922 4075 1072 4129 οὐδὲν
1100 4076 1158 4129 δὲ
1187 4076 1392 4130 τούτων
1420 4078 1701 4132 ἀποτελεῖν
1741 4096 1794 4132 τι

230 4165 356 4220 καθ’
383 4167 542 4221 ἑαυτὸ
574 4167 795 4222 δύναται
819 4184 832 4198 ·
857 4168 911 4221 τί
931 4168 1039 4240 γὰρ
1072 4167 1136 4221 ἂν
1159 4168 1244 4237 εἴη
1266 4168 1326 4221 τδ
1356 4168 1517 4241 ξηρὸν
1550 4169 1675 4222 ἄνευ
1699 4167 1792 4222 τοῦ

230 4258 436 4330 ὑγροῦ;
470 4258 503 4330 ἦ
527 4259 577 4312 τί
606 4258 650 4312 δ’
676 4259 742 4313 ἂν
771 4258 855 4330 εἴη
888 4259 947 4313 τὸ
971 4258 1170 4330 θερμὸν
1194 4259 1314 4330 δίχα
1338 4260 1433 4313 τοῦ
1458 4260 1699 4332 ψυχροῦ;
1729 4262 1791 4313 Ei

226 4347 327 4405 οῦν
354 4351 609 4406 ἐναντίων
632 4352 845 4415 σύνοδος
877 4351 1127 4405 ἀποτελεῖ
1152 4351 1331 4422 σῶμα,
1374 4356 1500 4406 ποῖα
1531 4354 1637 4405 τῶν
1666 4370 1791 4406 τεσ-

1957 3803 2095 3871 Qaid
2141 3802 2306 3872 igitur
2332 3800 2540 3854 diceret
2586 3797 2653 3852 de
2682 3796 2969 3869 principiis
3002 3810 3293 3867 corporum
3337 3811 3459 3868 qua:

1890 3903 2127 3965 quatuor
2183 3892 2451 3945 elementa
2520 3886 2782 3957 appellari
2844 3884 3285 3940 consueverunt?
3338 3901 3461 3956 qua:

1890 3986 2107 4057 quidem
2154 3984 2429 4036 contraria
2467 3979 2609 4034 inter
2650 3994 2709 4034 se
2739 3986 2887 4043 sunt,
2934 3985 2986 4031 et
3029 3976 3268 4048 perfecte
3296 3992 3463 4048 oppo-

1891 4079 2016 4139 sita,
2047 4074 2255 4129 nullum
2300 4079 2478 4125 autem
2515 4071 2707 4123 horum
2735 4076 2913 4139 potest
2936 4070 3234 4139 quidquam
3276 4084 3372 4139 per
3401 4084 3461 4125 se

1896 4166 2120 4220 edicere.
2165 4162 2302 4229 Quid
2335 4162 2479 4216 enim
2528 4160 2653 4226 erit,
2706 4159 2916 4213 scilicet
2948 4158 3016 4213 ad
3058 4160 3459 4231 generationem

1895 4257 2161 4326 corporis,
2210 4255 2415 4309 siccum
2454 4254 2573 4308 sine
2606 4252 2870 4307 humido?
2917 4263 3010 4307 aut
3044 4253 3175 4323 quid
3220 4252 3458 4307 calidum

1896 4349 2013 4404 sine
2040 4347 2274 4419 frigido?
2306 4345 2361 4400 Si
2396 4346 2560 4414 igitur
2589 4345 2991 4399 contrariorum
3034 4345 3349 4413 conjunctio
3376 4343 3459 4399 ef-

231 4441 416 4513 σάρων
437 4443 641 4507 ἐκεῖνος
665 4440 924 4514 ἀναθήσει
940 4445 1006 4514 τῇ
1035 4443 1234 4506 κακία;
1259 4443 1291 4514 ἢ
1315 4447 1442 4497 ποῖα
1467 4443 1544 4515 τῷ
1566 4443 1788 4514 ἀγαθῷ;

1901 4439 1999 4493 [icit
2027 4453 2247 4508 corpus,
2286 4451 2534 4507 quaenam
2579 4436 2670 4490 ille
2697 4451 2763 4490 ex
2796 4445 3030 4504 quatuor
3062 4434 3343 4488 elementis
3373 4446 3459 4486 re-

228 4534 297 4587 Εί
324 4533 433 4605 γάρ
476 4534 534 4586 ἒν
565 4536 678 4597 τοῖς
711 4534 875 4586 πᾶσιν
918 4531 1119 4601 ἀγαθοῦ
1160 4550 1218 4586 τε
1253 4533 1347 4587 καὶ
1390 4534 1558 4587 κακοῦ
1598 4536 1793 4606 κρᾶσιν

228 4622 581 4691 φαντάζεται,
617 4623 924 4691 ἐπάναγκες
962 4623 1156 4676 διελεῖν
1187 4624 1267 4687 είς
1296 4624 1388 4677 δύο
1422 4626 1490 4679 τά
1519 4625 1788 4697 τέσσαρα·

228 4714 327 4768 καὶ
358 4713 530 4768 ταῦτα
561 4715 735 4768 είτουν
784 4715 965 4785 ὲξίσης
992 4714 1296 4786 διαστῆσαι,
1336 4716 1370 4786 ἢ
1406 4716 1532 4787 τρία
1571 4716 1794 4788 πρὸςέν

229 4807 486 4879 χωρίσαι·
515 4790 786 4879 ά>.λ”ὄπερ
813 4807 877 4861 ἂν
906 4808 1167 4878 ἀπονέμοι
1196 4807 1273 4878 τῷ
1303 4807 1512 4878 ἀγαθῷ,
1544 4808 1789 4881 εὑρεθείη

230 4898 302 4952 ἂν
347 4898 469 4953 καθ“
500 4900 660 4953 ἑαυτὸ
697 4898 896 4969 βλάψαι
950 4898 1279 4977 δγνάμενονο
1331 4898 1480 4952 οὐδὲν
1526 4899 1634 4969 γάρ
1683 4899 1793 4952 τῶν

224 4991 507 5062 τεσσάρων
535 4991 791 5062 ἄκρατον,
832 4990 926 5045 καὶ
972 4992 1089 5063 οὐχὶ
1132 4990 1431 5063 σφαλερόν
1459 4991 1655 5044 αὐτίκα
1696 4994 1792 5045 καὶ

228 5082 288 5133 ὲν
315 5082 383 5152 τῇ
417 5080 610 5151 κράσει
650 5081 712 5135 τὸ
744 5079 1034 5145 πλεονάζον
1081 5080 1304 5152 ὀλέθρου
1340 5080 1546 5150 γίνεται
1573 5079 1649 5151 τῷ
1688 5080 1792 5135 σώ-

228 5188 361 5242 ματι
393 5172 701 5243 παραίτιον,
737 5171 810 5237 ὥς
842 5190 1006 5243 φασιν
1026 5174 1077 5226 oi
1110 5174 1314 5227 τούτων
1342 5173 1612 5245 ἔμπειροι.

293 5435 359 5489 Ei
393 5436 572 5491 τοίνυν
601 5437 664 5491 τὸ
711 5437 809 5492 μὲν
840 5437 1043 5509 θερμὸν
1090 5436 1212 5492 καθ’
1244 5436 1409 5492 ἑαυτὸ
1452 5435 1618 5490 καίει.
1640 5436 1701 5490 τὸ
1733 5435 1793 5489 δὲ

294 5591 407 5657 (43)
451 5591 564 5665 Τῆς
589 5592 713 5665 τοῦ
758 5593 907 5649 Θεοῦ
952 5593 1193 5665 σοφίας.
1235 5593 1292 5649 In
1339 5592 1539 5665 Parali.
1591 5592 1791 5649 desunt

222 5658 560 5736 τῆς-σοφίαρ
588 5663 709 5718 Mox
742 5665 874 5736 ibid.
903 5658 1196 5736 γνώριμον-
1221 5680 1320 5735 pro
1353 5664 1579 5736 γυμνόν.

291 5731 405 5801 (ιι)
428 5731 796 5803 Κέκρυπται.
850 5731 1045 5788 βαι-ειη.
1079 5731 1630 5813 ’κρύιῖιτεται.Ῥειιιιο
1668 5741 1790 5802 post

1896 4529 2030 4586 feret
2070 4532 2137 4585 ad
2172 4527 2507 4597 nequitiam?
2549 4537 2643 4580 aut
2673 4541 2793 4597 quae
2842 4526 2908 4580 ad
2942 4525 3178 4578 bonum?
3224 4523 3279 4578 Si
3309 4525 3455 4578 enim

1891 4621 2225 4677 Manichacus
2250 4622 2303 4675 in
2327 4620 2584 4675 omnibus
2612 4617 2897 4674 elementis
2929 4617 3234 4671 mistionem
3251 4616 3375 4671 boni
3401 4623 3457 4670 et

1891 4718 2016 4771 mali
2042 4716 2370 4786 cogitatione
2394 4714 2566 4783 tingit,
2592 4726 2816 4766 necesse
2841 4718 2925 4765 est
2950 4709 3194 4765 dividere
3218 4718 3458 4780 quatuor

1892 4809 1947 4861 in
1977 4809 2107 4872 duo,
2139 4816 2191 4862 et
2217 4807 2331 4861 [nec
2359 4806 2569 4860 scilicet
2596 4803 2881 4872 aequaliter
2910 4816 3203 4872 separare;
3234 4802 3320 4857 vel
3349 4803 3455 4863 tria

1892 4899 1946 4953 in
1995 4915 2200 4953 unum:
2236 4905 2291 4951 at
2323 4897 2688 4966 quodcunque
2740 4894 2939 4948 referat
2987 4894 3052 4947 ad
3096 4893 3321 4960 bonum,
3369 4909 3457 4948 re-

1890 4991 2130 5062 perietur
2158 5003 2315 5057 posse
2340 5003 2435 5058 per
2464 5002 2523 5041 se
2547 5001 2779 5053 nocere;
2815 4985 2942 5055 quia
2967 4985 3177 5039 nullum
3223 5000 3288 5039 ex
3319 5001 3457 5054 qua-

1891 5091 2016 5138 tuor
2044 5080 2325 5135 elementis
2358 5087 2442 5134 est
2477 5093 2673 5148 purum
2713 5092 2777 5130 ac
2807 5091 3039 5141 merum,
3071 5086 3125 5131 et
3166 5090 3276 5130 non
3312 5075 3461 5145 peri-

1889 5175 2174 5237 culosum;
2207 5187 2269 5226 ac
2298 5173 2561 5226 continuo
2587 5168 2733 5240 quod
2782 5168 2838 5223 in
2879 5170 3134 5224 mistione
3163 5167 3453 5234 redundat,

1888 5264 2117 5320 eﬂicitur
2147 5262 2364 5332 eoi-puri
2399 5277 2566 5317 causa
2597 5258 2874 5324 interitus,
2908 5267 2969 5313 ut
3015 5259 3172 5313 aiunt
3202 5259 3297 5330 qui
3328 5269 3459 5314 sunt

1889 5354 1945 5407 in
1972 5352 2059 5408 his
2094 5352 2255 5423 periti
2280 5360 2335 5406 et
2363 5351 2669 5407 exercitati.

1960 5446 2019 5501 Si
2062 5460 2194 5518 ergo
2233 5444 2473 5499 calidum
2516 5444 2736 5515 quidem
2779 5456 2879 5513 per
2922 5456 2983 5498 se
3035 5441 3166 5507 urit,
3196 5438 3456 5514 frigidum

1887 5602 2025 5665 ὅλως
2054 5615 2155 5671 pro
2186 5600 2334 5670 ὅλης.

1959 5665 2073 5743 (45}
2110 5672 2221 5728 Καὶ
2250 5665 2412 5726 λίαν.
2443 5667 2644 5725 Parati.
2672 5667 2768 5725 καὶ
2796 5665 2977 5723 πάλιν.
