  <div class='ocr_page' id='page_1' title='image "/cluster/home/n/w/nwhite01/storage/ocr_20150623/18/nnc1.0046978550/613.png"; bbox 0 0 3782 6166; ppageno 0'>
   <div class='ocr_carea' id='block_1_1' title="bbox 403 304 1954 368">
    <p class='ocr_par' dir='ltr' id='par_1_1' title="bbox 403 304 1954 366">
     <span class='ocr_line' id='line_1_1' title="bbox 403 304 1954 366; baseline -0.002 -2"><span class='ocrx_word' id='word_1_1' title='bbox 403 308 537 366; x_wconf 72' lang='grc'><strong>1191</strong></span> <span class='ocrx_word' id='word_1_2' title='bbox 1514 307 1652 363; x_wconf 79' lang='lat' dir='ltr'><strong>TITI</strong></span> <span class='ocrx_word' id='word_1_3' title='bbox 1695 304 1954 363; x_wconf 76' lang='lat' dir='ltr'><strong>BOSTRE</strong></span> 
     </span>
    </p>
   </div>
   <div class='ocr_carea' id='block_1_2' title="bbox 2075 304 3639 368">
    <p class='ocr_par' dir='ltr' id='par_1_2' title="bbox 2075 306 3639 368">
     <span class='ocr_line' id='line_1_2' title="bbox 2075 306 3639 368; baseline 0.003 -6"><span class='ocrx_word' id='word_1_4' title='bbox 2075 306 2126 363; x_wconf 85' lang='lat' dir='ltr'><strong>[S</strong></span> <span class='ocrx_word' id='word_1_5' title='bbox 2162 308 2467 365; x_wconf 84' lang='lat' dir='ltr'><strong>EPISCOPI</strong></span> <span class='ocrx_word' id='word_1_6' title='bbox 3495 311 3523 365; x_wconf 78' lang='grc'><strong>1</strong></span> <span class='ocrx_word' id='word_1_7' title='bbox 3541 311 3639 368; x_wconf 70' lang='grc'><strong>192</strong></span> 
     </span>
    </p>
   </div>
   <div class='ocr_carea' id='block_1_3' title="bbox 398 416 1954 499">
    <p class='ocr_par' dir='ltr' id='par_1_3' title="bbox 398 422 1954 497">
     <span class='ocr_line' id='line_1_3' title="bbox 398 422 1954 497; baseline -0.003 -16"><span class='ocrx_word' id='word_1_8' title='bbox 398 440 528 481; x_wconf 75' lang='lat' dir='ltr'><strong>vero</strong></span> <span class='ocrx_word' id='word_1_9' title='bbox 559 422 864 497; x_wconf 76' lang='lat' dir='ltr'><strong>refrigerat,</strong></span> <span class='ocrx_word' id='word_1_10' title='bbox 895 425 1101 480; x_wconf 88' lang='lat' dir='ltr'><strong>siccum</strong></span> <span class='ocrx_word' id='word_1_11' title='bbox 1136 433 1315 478; x_wconf 89' lang='lat' dir='ltr'><strong>autem</strong></span> <span class='ocrx_word' id='word_1_12' title='bbox 1352 422 1544 487; x_wconf 89' lang='lat' dir='ltr'><strong>siccat,</strong></span> <span class='ocrx_word' id='word_1_13' title='bbox 1577 430 1632 479; x_wconf 90' lang='lat' dir='ltr'><strong>et</strong></span> <span class='ocrx_word' id='word_1_14' title='bbox 1668 423 1954 479; x_wconf 84' lang='lat' dir='ltr'><strong>humidum</strong></span> 
     </span>
    </p>
   </div>
   <div class='ocr_carea' id='block_1_4' title="bbox 2075 416 3639 499">
    <p class='ocr_par' dir='ltr' id='par_1_4' title="bbox 2075 416 3639 499">
     <span class='ocr_line' id='line_1_4' title="bbox 2075 416 3639 499; baseline 0.003 -18"><span class='ocrx_word' id='word_1_15' title='bbox 2075 427 2261 499; x_wconf 63' lang='grc' dir='ltr'>ιυχρδν</span> <span class='ocrx_word' id='word_1_16' title='bbox 2287 427 2468 499; x_wconf 73' lang='grc' dir='ltr'>ψύχει,</span> <span class='ocrx_word' id='word_1_17' title='bbox 2511 426 2749 499; x_wconf 73' lang='grc' dir='ltr'><strong>ξηραίνει</strong></span> <span class='ocrx_word' id='word_1_18' title='bbox 2784 424 2838 478; x_wconf 82' lang='grc' dir='ltr'>δὲ</span> <span class='ocrx_word' id='word_1_19' title='bbox 2873 424 2933 479; x_wconf 80' lang='grc' dir='ltr'><strong>τδ</strong></span> <span class='ocrx_word' id='word_1_20' title='bbox 2975 424 3155 497; x_wconf 78' lang='grc' dir='ltr'>ξηρὸν,</span> <span class='ocrx_word' id='word_1_21' title='bbox 3192 427 3538 492; x_wconf 70' lang='grc' dir='ltr'><strong>κατακλύζει</strong></span> <span class='ocrx_word' id='word_1_22' title='bbox 3582 416 3639 486; x_wconf 67' lang='grc' dir='ltr'><em>δὲ</em></span> 
     </span>
    </p>
   </div>
   <div class='ocr_carea' id='block_1_5' title="bbox 398 511 1954 591">
    <p class='ocr_par' dir='ltr' id='par_1_5' title="bbox 398 511 1954 586">
     <span class='ocr_line' id='line_1_5' title="bbox 398 511 1954 586; baseline -0.003 -13"><span class='ocrx_word' id='word_1_23' title='bbox 398 517 681 573; x_wconf 78' lang='lat' dir='ltr'><strong>humorem</strong></span> <span class='ocrx_word' id='word_1_24' title='bbox 732 515 1102 586; x_wconf 82' lang='lat' dir='ltr'><strong>etlicit:quod</strong></span> <span class='ocrx_word' id='word_1_25' title='bbox 1150 514 1344 568; x_wconf 89' lang='lat' dir='ltr'><strong>horum</strong></span> <span class='ocrx_word' id='word_1_26' title='bbox 1394 511 1504 568; x_wconf 87' lang='lat' dir='ltr'><strong>Deo</strong></span> <span class='ocrx_word' id='word_1_27' title='bbox 1553 513 1810 568; x_wconf 86' lang='lat' dir='ltr'><strong>attribuct</strong></span> <span class='ocrx_word' id='word_1_28' title='bbox 1861 513 1954 569; x_wconf 80' lang='lat' dir='ltr'><strong>iste</strong></span> 
     </span>
    </p>
   </div>
   <div class='ocr_carea' id='block_1_6' title="bbox 2075 511 3636 591">
    <p class='ocr_par' dir='ltr' id='par_1_6' title="bbox 2075 517 3636 591">
     <span class='ocr_line' id='line_1_6' title="bbox 2075 517 3636 591; baseline -0.001 -19"><span class='ocrx_word' id='word_1_29' title='bbox 2075 520 2124 573; x_wconf 81' lang='lat' dir='ltr'><strong>:b</strong></span> <span class='ocrx_word' id='word_1_30' title='bbox 2149 520 2311 591; x_wconf 87' lang='grc' dir='ltr'>ὑγρόν</span> <span class='ocrx_word' id='word_1_31' title='bbox 2335 537 2349 552; x_wconf 88' lang='grc'><strong>·</strong></span> <span class='ocrx_word' id='word_1_32' title='bbox 2386 523 2535 572; x_wconf 86' lang='grc' dir='ltr'>ποῖον</span> <span class='ocrx_word' id='word_1_33' title='bbox 2563 518 2821 588; x_wconf 82' lang='grc' dir='ltr'><strong>λογιεῖται</strong></span> <span class='ocrx_word' id='word_1_34' title='bbox 2849 517 3050 570; x_wconf 85' lang='grc' dir='ltr'>τούτων</span> <span class='ocrx_word' id='word_1_35' title='bbox 3078 520 3107 571; x_wconf 85' lang='grc' dir='ltr'><strong>ό</strong></span> <span class='ocrx_word' id='word_1_36' title='bbox 3139 518 3333 582; x_wconf 83' lang='grc' dir='ltr'><strong>πλάνος</strong></span> <span class='ocrx_word' id='word_1_37' title='bbox 3365 519 3446 591; x_wconf 83' lang='grc' dir='ltr'>τῷ</span> <span class='ocrx_word' id='word_1_38' title='bbox 3475 519 3636 591; x_wconf 52' lang='lat' dir='ltr'><strong>ea};</strong></span> 
     </span>
    </p>
   </div>
   <div class='ocr_carea' id='block_1_7' title="bbox 402 607 1962 678">
    <p class='ocr_par' dir='ltr' id='par_1_7' title="bbox 402 607 1962 678">
     <span class='ocr_line' id='line_1_7' title="bbox 402 607 1962 678; baseline -0.001 -17"><span class='ocrx_word' id='word_1_39' title='bbox 402 607 630 678; x_wconf 83' lang='lat' dir='ltr'><strong>planus?</strong></span> <span class='ocrx_word' id='word_1_40' title='bbox 663 608 841 678; x_wconf 90' lang='lat' dir='ltr'><strong>ipsum</strong></span> <span class='ocrx_word' id='word_1_41' title='bbox 885 607 1029 661; x_wconf 90' lang='lat' dir='ltr'><strong>enim</strong></span> <span class='ocrx_word' id='word_1_42' title='bbox 1072 619 1270 674; x_wconf 90' lang='lat' dir='ltr'><strong>corpus</strong></span> <span class='ocrx_word' id='word_1_43' title='bbox 1314 612 1485 658; x_wconf 92' lang='lat' dir='ltr'><strong>totum</strong></span> <span class='ocrx_word' id='word_1_44' title='bbox 1534 615 1962 659; x_wconf 76' lang='lat' dir='ltr'><strong>consentaneum</strong></span> 
     </span>
    </p>
   </div>
   <div class='ocr_carea' id='block_1_8' title="bbox 402 694 1965 763">
    <p class='ocr_par' dir='ltr' id='par_1_8' title="bbox 402 694 1965 763">
     <span class='ocr_line' id='line_1_8' title="bbox 402 694 1965 763; baseline -0.003 -12"><span class='ocrx_word' id='word_1_45' title='bbox 402 706 487 753; x_wconf 86' lang='lat' dir='ltr'><strong>est</strong></span> <span class='ocrx_word' id='word_1_46' title='bbox 514 712 579 751; x_wconf 79' lang='lat' dir='ltr'><strong>ex</strong></span> <span class='ocrx_word' id='word_1_47' title='bbox 613 697 680 752; x_wconf 92' lang='lat' dir='ltr'><strong>iis</strong></span> <span class='ocrx_word' id='word_1_48' title='bbox 706 696 986 751; x_wconf 88' lang='lat' dir='ltr'><strong>elementis</strong></span> <span class='ocrx_word' id='word_1_49' title='bbox 1028 695 1248 749; x_wconf 89' lang='lat' dir='ltr'><strong>mistum</strong></span> <span class='ocrx_word' id='word_1_50' title='bbox 1289 709 1432 755; x_wconf 85' lang='lat' dir='ltr'><strong>esse,</strong></span> <span class='ocrx_word' id='word_1_51' title='bbox 1477 709 1544 748; x_wconf 78' lang='lat' dir='ltr'><strong>cx</strong></span> <span class='ocrx_word' id='word_1_52' title='bbox 1574 694 1773 763; x_wconf 83' lang='lat' dir='ltr'><strong>quibus</strong></span> <span class='ocrx_word' id='word_1_53' title='bbox 1814 709 1965 748; x_wconf 84' lang='lat' dir='ltr'><strong>com-</strong></span> 
     </span>
    </p>
   </div>
   <div class='ocr_carea' id='block_1_9' title="bbox 400 784 1962 858">
    <p class='ocr_par' dir='ltr' id='par_1_9' title="bbox 400 784 1962 858">
     <span class='ocr_line' id='line_1_9' title="bbox 400 784 1962 858; baseline -0.004 -13"><span class='ocrx_word' id='word_1_54' title='bbox 400 790 636 858; x_wconf 85' lang='lat' dir='ltr'><strong>positum</strong></span> <span class='ocrx_word' id='word_1_55' title='bbox 677 795 763 844; x_wconf 91' lang='lat' dir='ltr'><strong>est</strong></span> <span class='ocrx_word' id='word_1_56' title='bbox 799 797 852 841; x_wconf 89' lang='lat' dir='ltr'><strong>et</strong></span> <span class='ocrx_word' id='word_1_57' title='bbox 884 801 981 856; x_wconf 87' lang='lat' dir='ltr'><strong>per</strong></span> <span class='ocrx_word' id='word_1_58' title='bbox 1026 800 1086 840; x_wconf 88' lang='lat' dir='ltr'><strong>se</strong></span> <span class='ocrx_word' id='word_1_59' title='bbox 1123 784 1359 841; x_wconf 75' lang='lat' dir='ltr'><strong>exsistit.</strong></span> <span class='ocrx_word' id='word_1_60' title='bbox 1412 784 1483 839; x_wconf 87' lang='lat' dir='ltr'><strong>Ut</strong></span> <span class='ocrx_word' id='word_1_61' title='bbox 1529 796 1711 840; x_wconf 88' lang='lat' dir='ltr'><strong>autem</strong></span> <span class='ocrx_word' id='word_1_62' title='bbox 1762 800 1962 839; x_wconf 85' lang='lat' dir='ltr'><strong>unum-</strong></span> 
     </span>
    </p>
   </div>
   <div class='ocr_carea' id='block_1_10' title="bbox 399 876 1964 950">
    <p class='ocr_par' dir='ltr' id='par_1_10' title="bbox 399 876 1964 950">
     <span class='ocr_line' id='line_1_10' title="bbox 399 876 1964 950; baseline -0.003 -17"><span class='ocrx_word' id='word_1_63' title='bbox 399 879 653 950; x_wconf 78' lang='lat' dir='ltr'><strong>quodque</strong></span> <span class='ocrx_word' id='word_1_64' title='bbox 682 879 1004 932; x_wconf 89' lang='lat' dir='ltr'><strong>elementum</strong></span> <span class='ocrx_word' id='word_1_65' title='bbox 1031 877 1102 929; x_wconf 90' lang='lat' dir='ltr'><strong>sit</strong></span> <span class='ocrx_word' id='word_1_66' title='bbox 1132 890 1198 929; x_wconf 80' lang='lat' dir='ltr'><strong>ex</strong></span> <span class='ocrx_word' id='word_1_67' title='bbox 1225 876 1482 931; x_wconf 89' lang='lat' dir='ltr'><strong>mistione</strong></span> <span class='ocrx_word' id='word_1_68' title='bbox 1510 890 1695 928; x_wconf 89' lang='lat' dir='ltr'><strong>eorum</strong></span> <span class='ocrx_word' id='word_1_69' title='bbox 1728 876 1964 929; x_wconf 90' lang='lat' dir='ltr'><strong>elemen-</strong></span> 
     </span>
    </p>
   </div>
   <div class='ocr_carea' id='block_1_11' title="bbox 398 965 1964 1041">
    <p class='ocr_par' dir='ltr' id='par_1_11' title="bbox 398 965 1964 1041">
     <span class='ocr_line' id='line_1_11' title="bbox 398 965 1964 1041; baseline -0.004 -16"><span class='ocrx_word' id='word_1_70' title='bbox 398 981 581 1026; x_wconf 83' lang='lat' dir='ltr'><strong>torum</strong></span> <span class='ocrx_word' id='word_1_71' title='bbox 626 986 693 1026; x_wconf 75' lang='grc' dir='ltr'>ει</span> <span class='ocrx_word' id='word_1_72' title='bbox 741 969 940 1041; x_wconf 83' lang='lat' dir='ltr'><strong>quibus</strong></span> <span class='ocrx_word' id='word_1_73' title='bbox 984 967 1043 1021; x_wconf 84' lang='lat' dir='ltr'><strong>ﬁt</strong></span> <span class='ocrx_word' id='word_1_74' title='bbox 1083 968 1267 1022; x_wconf 90' lang='lat' dir='ltr'><strong>mistio</strong></span> <span class='ocrx_word' id='word_1_75' title='bbox 1316 981 1634 1037; x_wconf 85' lang='lat' dir='ltr'><strong>corporum,</strong></span> <span class='ocrx_word' id='word_1_76' title='bbox 1685 965 1800 1020; x_wconf 82' lang='lat' dir='ltr'><strong>ﬁeri</strong></span> <span class='ocrx_word' id='word_1_77' title='bbox 1853 980 1964 1019; x_wconf 89' lang='lat' dir='ltr'><strong>non</strong></span> 
     </span>
    </p>
   </div>
   <div class='ocr_carea' id='block_1_12' title="bbox 399 1070 596 1133">
    <p class='ocr_par' dir='ltr' id='par_1_12' title="bbox 399 1070 596 1133">
     <span class='ocr_line' id='line_1_12' title="bbox 399 1070 596 1133; baseline 0 -16"><span class='ocrx_word' id='word_1_78' title='bbox 399 1070 596 1133; x_wconf 85' lang='lat' dir='ltr'><strong>potest.</strong></span> 
     </span>
    </p>
   </div>
   <div class='ocr_carea' id='block_1_13' title="bbox 468 1148 1964 1222">
    <p class='ocr_par' dir='ltr' id='par_1_13' title="bbox 468 1148 1964 1222">
     <span class='ocr_line' id='line_1_13' title="bbox 468 1148 1964 1222; baseline -0.003 -16"><span class='ocrx_word' id='word_1_79' title='bbox 468 1152 831 1217; x_wconf 83' lang='lat' dir='ltr'><strong>Quamobrem</strong></span> <span class='ocrx_word' id='word_1_80' title='bbox 877 1152 1017 1207; x_wconf 84' lang='lat' dir='ltr'><strong>ratio</strong></span> <span class='ocrx_word' id='word_1_81' title='bbox 1051 1167 1162 1207; x_wconf 91' lang='lat' dir='ltr'><strong>non</strong></span> <span class='ocrx_word' id='word_1_82' title='bbox 1194 1152 1421 1222; x_wconf 88' lang='lat' dir='ltr'><strong>patitur,</strong></span> <span class='ocrx_word' id='word_1_83' title='bbox 1472 1160 1532 1206; x_wconf 88' lang='lat' dir='ltr'><strong>ut</strong></span> <span class='ocrx_word' id='word_1_84' title='bbox 1571 1148 1826 1221; x_wconf 89' lang='lat' dir='ltr'><strong>quodque</strong></span> <span class='ocrx_word' id='word_1_85' title='bbox 1856 1148 1964 1203; x_wconf 88' lang='lat' dir='ltr'><strong>sin-</strong></span> 
     </span>
    </p>
   </div>
   <div class='ocr_carea' id='block_1_14' title="bbox 394 1243 1963 1316">
    <p class='ocr_par' dir='ltr' id='par_1_14' title="bbox 394 1243 1963 1316">
     <span class='ocr_line' id='line_1_14' title="bbox 394 1243 1963 1316; baseline -0.004 -15"><span class='ocrx_word' id='word_1_86' title='bbox 394 1248 583 1316; x_wconf 83' lang='lat' dir='ltr'><strong>gulare</strong></span> <span class='ocrx_word' id='word_1_87' title='bbox 628 1255 680 1300; x_wconf 90' lang='lat' dir='ltr'><strong>et</strong></span> <span class='ocrx_word' id='word_1_88' title='bbox 710 1246 1050 1301; x_wconf 86' lang='lat' dir='ltr'><strong>individuum</strong></span> <span class='ocrx_word' id='word_1_89' title='bbox 1080 1247 1406 1300; x_wconf 80' lang='lat' dir='ltr'><strong>elementum</strong></span> <span class='ocrx_word' id='word_1_90' title='bbox 1437 1245 1491 1298; x_wconf 90' lang='lat' dir='ltr'><strong>in</strong></span> <span class='ocrx_word' id='word_1_91' title='bbox 1539 1244 1648 1298; x_wconf 92' lang='lat' dir='ltr'><strong>duo</strong></span> <span class='ocrx_word' id='word_1_92' title='bbox 1684 1243 1963 1297; x_wconf 88' lang='lat' dir='ltr'><strong>contraria</strong></span> 
     </span>
    </p>
   </div>
   <div class='ocr_carea' id='block_1_15' title="bbox 397 1333 1964 1409">
    <p class='ocr_par' dir='ltr' id='par_1_15' title="bbox 397 1333 1964 1409">
     <span class='ocr_line' id='line_1_15' title="bbox 397 1333 1964 1409; baseline -0.004 -16"><span class='ocrx_word' id='word_1_93' title='bbox 397 1339 661 1409; x_wconf 86' lang='lat' dir='ltr'><strong>principia</strong></span> <span class='ocrx_word' id='word_1_94' title='bbox 695 1339 989 1401; x_wconf 82' lang='lat' dir='ltr'><strong>dividatur,</strong></span> <span class='ocrx_word' id='word_1_95' title='bbox 1031 1345 1085 1394; x_wconf 92' lang='lat' dir='ltr'><strong>et</strong></span> <span class='ocrx_word' id='word_1_96' title='bbox 1114 1337 1298 1391; x_wconf 89' lang='lat' dir='ltr'><strong>mistio</strong></span> <span class='ocrx_word' id='word_1_97' title='bbox 1346 1336 1611 1406; x_wconf 86' lang='lat' dir='ltr'><strong>cujusque</strong></span> <span class='ocrx_word' id='word_1_98' title='bbox 1654 1349 1845 1390; x_wconf 84' lang='lat' dir='ltr'><strong>eorum</strong></span> <span class='ocrx_word' id='word_1_99' title='bbox 1879 1333 1964 1387; x_wconf 91' lang='lat' dir='ltr'><strong>in-</strong></span> 
     </span>
    </p>
   </div>
   <div class='ocr_carea' id='block_1_16' title="bbox 394 1423 1962 1497">
    <p class='ocr_par' dir='ltr' id='par_1_16' title="bbox 394 1423 1962 1497">
     <span class='ocr_line' id='line_1_16' title="bbox 394 1423 1962 1497; baseline -0.005 -14"><span class='ocrx_word' id='word_1_100' title='bbox 394 1431 753 1486; x_wconf 88' lang='lat' dir='ltr'><strong>troducatur:</strong></span> <span class='ocrx_word' id='word_1_101' title='bbox 786 1443 946 1497; x_wconf 90' lang='lat' dir='ltr'><strong>quam</strong></span> <span class='ocrx_word' id='word_1_102' title='bbox 972 1427 1117 1481; x_wconf 90' lang='lat' dir='ltr'><strong>enim</strong></span> <span class='ocrx_word' id='word_1_103' title='bbox 1147 1427 1594 1496; x_wconf 82' lang='lat' dir='ltr'><strong>compositionem</strong></span> <span class='ocrx_word' id='word_1_104' title='bbox 1630 1423 1962 1494; x_wconf 83' lang='lat' dir='ltr'><strong>excogitabit</strong></span> 
     </span>
    </p>
   </div>
   <div class='ocr_carea' id='block_1_17' title="bbox 396 1517 1963 1591">
    <p class='ocr_par' dir='ltr' id='par_1_17' title="bbox 396 1517 1963 1591">
     <span class='ocr_line' id='line_1_17' title="bbox 396 1517 1963 1591; baseline -0.005 -14"><span class='ocrx_word' id='word_1_105' title='bbox 396 1523 452 1577; x_wconf 91' lang='lat' dir='ltr'><strong>in</strong></span> <span class='ocrx_word' id='word_1_106' title='bbox 497 1525 643 1579; x_wconf 86' lang='lat' dir='ltr'><strong>sicco</strong></span> <span class='ocrx_word' id='word_1_107' title='bbox 684 1521 940 1591; x_wconf 88' lang='lat' dir='ltr'><strong>deceptor</strong></span> <span class='ocrx_word' id='word_1_108' title='bbox 983 1521 1129 1575; x_wconf 91' lang='lat' dir='ltr'><strong>iste?</strong></span> <span class='ocrx_word' id='word_1_109' title='bbox 1170 1535 1330 1590; x_wconf 87' lang='lat' dir='ltr'><strong>quam</strong></span> <span class='ocrx_word' id='word_1_110' title='bbox 1368 1519 1674 1575; x_wconf 90' lang='lat' dir='ltr'><strong>mistionem</strong></span> <span class='ocrx_word' id='word_1_111' title='bbox 1716 1517 1769 1571; x_wconf 90' lang='lat' dir='ltr'><strong>in</strong></span> <span class='ocrx_word' id='word_1_112' title='bbox 1812 1530 1963 1571; x_wconf 90' lang='lat' dir='ltr'><strong>mero</strong></span> 
     </span>
    </p>
   </div>
   <div class='ocr_carea' id='block_1_18' title="bbox 392 1608 1964 1686">
    <p class='ocr_par' dir='ltr' id='par_1_18' title="bbox 392 1608 1964 1686">
     <span class='ocr_line' id='line_1_18' title="bbox 392 1608 1964 1686; baseline -0.004 -17"><span class='ocrx_word' id='word_1_113' title='bbox 392 1624 451 1669; x_wconf 85' lang='lat' dir='ltr'><strong>et</strong></span> <span class='ocrx_word' id='word_1_114' title='bbox 486 1630 621 1686; x_wconf 89' lang='lat' dir='ltr'><strong>puro</strong></span> <span class='ocrx_word' id='word_1_115' title='bbox 670 1615 831 1684; x_wconf 90' lang='lat' dir='ltr'><strong>igne?</strong></span> <span class='ocrx_word' id='word_1_116' title='bbox 875 1620 969 1667; x_wconf 89' lang='lat' dir='ltr'><strong>aut</strong></span> <span class='ocrx_word' id='word_1_117' title='bbox 1001 1627 1163 1682; x_wconf 91' lang='lat' dir='ltr'><strong>quam</strong></span> <span class='ocrx_word' id='word_1_118' title='bbox 1212 1611 1731 1682; x_wconf 86' lang='lat' dir='ltr'><strong>coagmentationem</strong></span> <span class='ocrx_word' id='word_1_119' title='bbox 1780 1610 1836 1663; x_wconf 92' lang='lat' dir='ltr'><strong>in</strong></span> <span class='ocrx_word' id='word_1_120' title='bbox 1868 1608 1964 1662; x_wconf 79' lang='lat' dir='ltr'><strong>fri-</strong></span> 
     </span>
    </p>
   </div>
   <div class='ocr_carea' id='block_1_19' title="bbox 394 1701 1964 1779">
    <p class='ocr_par' dir='ltr' id='par_1_19' title="bbox 394 1701 1964 1779">
     <span class='ocr_line' id='line_1_19' title="bbox 394 1701 1964 1779; baseline -0.004 -17"><span class='ocrx_word' id='word_1_121' title='bbox 394 1708 541 1778; x_wconf 88' lang='lat' dir='ltr'><strong>gido,</strong></span> <span class='ocrx_word' id='word_1_122' title='bbox 582 1706 729 1779; x_wconf 92' lang='lat' dir='ltr'><strong>quod</strong></span> <span class='ocrx_word' id='word_1_123' title='bbox 774 1721 839 1761; x_wconf 81' lang='lat' dir='ltr'><strong>ex</strong></span> <span class='ocrx_word' id='word_1_124' title='bbox 883 1711 998 1759; x_wconf 89' lang='lat' dir='ltr'><strong>toto</strong></span> <span class='ocrx_word' id='word_1_125' title='bbox 1030 1703 1289 1776; x_wconf 83' lang='lat' dir='ltr'><strong>frigidum</strong></span> <span class='ocrx_word' id='word_1_126' title='bbox 1325 1703 1449 1759; x_wconf 89' lang='lat' dir='ltr'><strong>est?</strong></span> <span class='ocrx_word' id='word_1_127' title='bbox 1495 1701 1744 1758; x_wconf 87' lang='lat' dir='ltr'><strong>similiter</strong></span> <span class='ocrx_word' id='word_1_128' title='bbox 1778 1701 1833 1755; x_wconf 90' lang='lat' dir='ltr'><strong>in</strong></span> <span class='ocrx_word' id='word_1_129' title='bbox 1860 1701 1964 1755; x_wconf 84' lang='lat' dir='ltr'><strong>bu-</strong></span> 
     </span>
    </p>
   </div>
   <div class='ocr_carea' id='block_1_20' title="bbox 395 1801 563 1855">
    <p class='ocr_par' dir='ltr' id='par_1_20' title="bbox 395 1801 563 1855">
     <span class='ocr_line' id='line_1_20' title="bbox 395 1801 563 1855; baseline -0.018 0"><span class='ocrx_word' id='word_1_130' title='bbox 395 1801 563 1855; x_wconf 87' lang='lat' dir='ltr'><strong>mido.</strong></span> 
     </span>
    </p>
   </div>
   <div class='ocr_carea' id='block_1_21' title="bbox 465 1885 1955 1957">
    <p class='ocr_par' dir='ltr' id='par_1_21' title="bbox 465 1885 1955 1957">
     <span class='ocr_line' id='line_1_21' title="bbox 465 1885 1955 1957; baseline -0.005 -11"><span class='ocrx_word' id='word_1_131' title='bbox 465 1890 592 1946; x_wconf 78' lang='lat' dir='ltr'><strong>Haec</strong></span> <span class='ocrx_word' id='word_1_132' title='bbox 615 1889 760 1945; x_wconf 87' lang='lat' dir='ltr'><strong>enim</strong></span> <span class='ocrx_word' id='word_1_133' title='bbox 786 1888 949 1944; x_wconf 82' lang='lat' dir='ltr'><strong>unius</strong></span> <span class='ocrx_word' id='word_1_134' title='bbox 972 1886 1178 1951; x_wconf 57' lang='lat' dir='ltr'><strong>forma},</strong></span> <span class='ocrx_word' id='word_1_135' title='bbox 1213 1893 1268 1942; x_wconf 94' lang='lat' dir='ltr'><strong>et</strong></span> <span class='ocrx_word' id='word_1_136' title='bbox 1301 1885 1577 1941; x_wconf 89' lang='lat' dir='ltr'><strong>individua</strong></span> <span class='ocrx_word' id='word_1_137' title='bbox 1605 1887 1766 1957; x_wconf 84' lang='lat' dir='ltr'><strong>plane</strong></span> <span class='ocrx_word' id='word_1_138' title='bbox 1797 1894 1955 1950; x_wconf 90' lang='lat' dir='ltr'><strong>sunt;</strong></span> 
     </span>
    </p>
   </div>
   <div class='ocr_carea' id='block_1_22' title="bbox 394 1975 1959 2047">
    <p class='ocr_par' dir='ltr' id='par_1_22' title="bbox 394 1975 1959 2047">
     <span class='ocr_line' id='line_1_22' title="bbox 394 1975 1959 2047; baseline -0.003 -14"><span class='ocrx_word' id='word_1_139' title='bbox 394 1989 455 2033; x_wconf 79' lang='lat' dir='ltr'><strong>ut</strong></span> <span class='ocrx_word' id='word_1_140' title='bbox 483 1979 691 2033; x_wconf 87' lang='lat' dir='ltr'><strong>nullum</strong></span> <span class='ocrx_word' id='word_1_141' title='bbox 721 1978 913 2033; x_wconf 87' lang='lat' dir='ltr'><strong>horum</strong></span> <span class='ocrx_word' id='word_1_142' title='bbox 946 1991 1042 2047; x_wconf 89' lang='lat' dir='ltr'><strong>per</strong></span> <span class='ocrx_word' id='word_1_143' title='bbox 1071 1992 1131 2032; x_wconf 91' lang='lat' dir='ltr'><strong>se</strong></span> <span class='ocrx_word' id='word_1_144' title='bbox 1163 1975 1337 2047; x_wconf 89' lang='lat' dir='ltr'><strong>possit</strong></span> <span class='ocrx_word' id='word_1_145' title='bbox 1377 1977 1667 2044; x_wconf 80' lang='lat' dir='ltr'><strong>exsistere,</strong></span> <span class='ocrx_word' id='word_1_146' title='bbox 1703 1976 1797 2031; x_wconf 89' lang='lat' dir='ltr'><strong>sed</strong></span> <span class='ocrx_word' id='word_1_147' title='bbox 1836 1975 1959 2029; x_wconf 89' lang='lat' dir='ltr'><strong>aliis</strong></span> 
     </span>
    </p>
   </div>
   <div class='ocr_carea' id='block_1_23' title="bbox 389 2069 664 2139">
    <p class='ocr_par' dir='ltr' id='par_1_23' title="bbox 389 2069 664 2139">
     <span class='ocr_line' id='line_1_23' title="bbox 389 2069 664 2139; baseline 0 -15"><span class='ocrx_word' id='word_1_148' title='bbox 389 2069 664 2139; x_wconf 89' lang='lat' dir='ltr'><strong>junctum.</strong></span> 
     </span>
    </p>
   </div>
   <div class='ocr_carea' id='block_1_24' title="bbox 1988 1779 2036 1839">
    <p class='ocr_par' dir='ltr' id='par_1_24' title="bbox 1988 1779 2036 1839">
     <span class='ocr_line' id='line_1_24' title="bbox 1988 1779 2036 1839; baseline 0 0"><span class='ocrx_word' id='word_1_149' title='bbox 1988 1779 2036 1839; x_wconf 81' lang='grc' dir='ltr'><strong>Β</strong></span> 
     </span>
    </p>
   </div>
   <div class='ocr_carea' id='block_1_25' title="bbox 2063 608 3640 683">
    <p class='ocr_par' dir='ltr' id='par_1_25' title="bbox 2063 608 3640 683">
     <span class='ocr_line' id='line_1_25' title="bbox 2063 608 3640 683; baseline 0 -18"><span class='ocrx_word' id='word_1_150' title='bbox 2063 612 2195 666; x_wconf 84' lang='grc' dir='ltr'>αὑτὸ</span> <span class='ocrx_word' id='word_1_151' title='bbox 2224 612 2321 681; x_wconf 84' lang='grc' dir='ltr'><strong>μὲν</strong></span> <span class='ocrx_word' id='word_1_152' title='bbox 2346 610 2454 683; x_wconf 85' lang='grc' dir='ltr'>γὰρ</span> <span class='ocrx_word' id='word_1_153' title='bbox 2498 610 2616 664; x_wconf 82' lang='grc' dir='ltr'><strong>ὅλον</strong></span> <span class='ocrx_word' id='word_1_154' title='bbox 2644 610 2705 663; x_wconf 79' lang='grc' dir='ltr'><strong>τὸ</strong></span> <span class='ocrx_word' id='word_1_155' title='bbox 2740 608 2899 680; x_wconf 78' lang='grc' dir='ltr'>σῶμα</span> <span class='ocrx_word' id='word_1_156' title='bbox 2925 611 3119 679; x_wconf 77' lang='grc' dir='ltr'>κρᾶσιν</span> <span class='ocrx_word' id='word_1_157' title='bbox 3146 609 3288 680; x_wconf 80' lang='grc' dir='ltr'>ἔχειν</span> <span class='ocrx_word' id='word_1_158' title='bbox 3322 612 3390 663; x_wconf 81' lang='grc' dir='ltr'><strong>ἐκ</strong></span> <span class='ocrx_word' id='word_1_159' title='bbox 3423 612 3640 665; x_wconf 74' lang='grc' dir='ltr'>τούτων</span> 
     </span>
    </p>
   </div>
   <div class='ocr_carea' id='block_1_26' title="bbox 2064 696 3638 773">
    <p class='ocr_par' dir='ltr' id='par_1_26' title="bbox 2064 696 3638 773">
     <span class='ocr_line' id='line_1_26' title="bbox 2064 696 3638 773; baseline 0.001 -17"><span class='ocrx_word' id='word_1_160' title='bbox 2064 705 2209 767; x_wconf 79' lang='grc' dir='ltr'>είκὸς</span> <span class='ocrx_word' id='word_1_161' title='bbox 2243 705 2309 757; x_wconf 87' lang='grc' dir='ltr'>δι’</span> <span class='ocrx_word' id='word_1_162' title='bbox 2342 696 2416 758; x_wconf 84' lang='grc' dir='ltr'>ὧν</span> <span class='ocrx_word' id='word_1_163' title='bbox 2454 705 2548 758; x_wconf 75' lang='grc' dir='ltr'><strong>καὶ</strong></span> <span class='ocrx_word' id='word_1_164' title='bbox 2596 705 2875 770; x_wconf 86' lang='grc' dir='ltr'>σύγκειται</span> <span class='ocrx_word' id='word_1_165' title='bbox 2921 701 3010 755; x_wconf 74' lang='grc' dir='ltr'><strong>καὶ</strong></span> <span class='ocrx_word' id='word_1_166' title='bbox 3043 702 3374 772; x_wconf 78' lang='grc' dir='ltr'><strong>ὑφέστηκεν·</strong></span> <span class='ocrx_word' id='word_1_167' title='bbox 3419 705 3520 773; x_wconf 68' lang='grc' dir='ltr'><strong>ἀφ’</strong></span> <span class='ocrx_word' id='word_1_168' title='bbox 3563 699 3638 758; x_wconf 75' lang='grc' dir='ltr'>ὧν</span> 
     </span>
    </p>
   </div>
   <div class='ocr_carea' id='block_1_27' title="bbox 2061 789 3640 867">
    <p class='ocr_par' dir='ltr' id='par_1_27' title="bbox 2061 789 3640 867">
     <span class='ocr_line' id='line_1_27' title="bbox 2061 789 3640 867; baseline 0.001 -19"><span class='ocrx_word' id='word_1_169' title='bbox 2061 796 2119 849; x_wconf 79' lang='grc' dir='ltr'>δὲ</span> <span class='ocrx_word' id='word_1_170' title='bbox 2149 798 2183 866; x_wconf 83' lang='grc' dir='ltr'>ἡ</span> <span class='ocrx_word' id='word_1_171' title='bbox 2231 798 2425 867; x_wconf 83' lang='grc' dir='ltr'>κρᾶσις</span> <span class='ocrx_word' id='word_1_172' title='bbox 2458 797 2522 849; x_wconf 86' lang='grc' dir='ltr'><strong>ἐκ</strong></span> <span class='ocrx_word' id='word_1_173' title='bbox 2569 796 2814 867; x_wconf 82' lang='grc' dir='ltr'>κράσεως</span> <span class='ocrx_word' id='word_1_174' title='bbox 2855 789 2991 848; x_wconf 76' lang='grc' dir='ltr'>εἶναι</span> <span class='ocrx_word' id='word_1_175' title='bbox 3043 795 3291 861; x_wconf 72' lang='grc' dir='ltr'>ἕκαστον,</span> <span class='ocrx_word' id='word_1_176' title='bbox 3338 797 3443 850; x_wconf 87' lang='grc' dir='ltr'><strong>οὑκ</strong></span> <span class='ocrx_word' id='word_1_177' title='bbox 3487 799 3640 851; x_wconf 78' lang='grc' dir='ltr'>ἐνδέ-</span> 
     </span>
    </p>
   </div>
   <div class='ocr_carea' id='block_1_28' title="bbox 2065 904 2236 957">
    <p class='ocr_par' dir='ltr' id='par_1_28' title="bbox 2065 904 2236 957">
     <span class='ocr_line' id='line_1_28' title="bbox 2065 904 2236 957; baseline 0.012 -18"><span class='ocrx_word' id='word_1_178' title='bbox 2065 904 2236 957; x_wconf 78' lang='grc' dir='ltr'>χεται.</span> 
     </span>
    </p>
   </div>
   <div class='ocr_carea' id='block_1_29' title="bbox 2136 1144 3643 1216">
    <p class='ocr_par' dir='ltr' id='par_1_29' title="bbox 2136 1144 3643 1216">
     <span class='ocr_line' id='line_1_29' title="bbox 2136 1144 3643 1216; baseline -0.001 -17"><span class='ocrx_word' id='word_1_179' title='bbox 2136 1146 2295 1199; x_wconf 82' lang='grc' dir='ltr'>Ὥστε</span> <span class='ocrx_word' id='word_1_180' title='bbox 2323 1146 2422 1198; x_wconf 88' lang='grc' dir='ltr'><strong>οὑκ</strong></span> <span class='ocrx_word' id='word_1_181' title='bbox 2469 1144 2580 1216; x_wconf 79' lang='grc' dir='ltr'>ἔχει</span> <span class='ocrx_word' id='word_1_182' title='bbox 2610 1144 2763 1213; x_wconf 89' lang='grc' dir='ltr'>λόγον</span> <span class='ocrx_word' id='word_1_183' title='bbox 2791 1144 2966 1198; x_wconf 86' lang='grc' dir='ltr'>αὑτῶν</span> <span class='ocrx_word' id='word_1_184' title='bbox 3007 1161 3071 1213; x_wconf 89' lang='grc' dir='ltr'><strong>γε</strong></span> <span class='ocrx_word' id='word_1_185' title='bbox 3100 1144 3205 1198; x_wconf 81' lang='grc' dir='ltr'>τῶν</span> <span class='ocrx_word' id='word_1_186' title='bbox 3236 1144 3452 1214; x_wconf 79' lang='grc' dir='ltr'><strong>ἀτόμων</strong></span> <span class='ocrx_word' id='word_1_187' title='bbox 3483 1161 3643 1198; x_wconf 76' lang='grc' dir='ltr'>στοιο</span> 
     </span>
    </p>
   </div>
   <div class='ocr_carea' id='block_1_30' title="bbox 2064 1236 3639 1309">
    <p class='ocr_par' dir='ltr' id='par_1_30' title="bbox 2064 1236 3639 1309">
     <span class='ocr_line' id='line_1_30' title="bbox 2064 1236 3639 1309; baseline 0.001 -20"><span class='ocrx_word' id='word_1_188' title='bbox 2064 1237 2225 1309; x_wconf 78' lang='grc' dir='ltr'>κείων</span> <span class='ocrx_word' id='word_1_189' title='bbox 2255 1236 2480 1290; x_wconf 77' lang='grc' dir='ltr'>ἕκαστον</span> <span class='ocrx_word' id='word_1_190' title='bbox 2513 1236 2895 1307; x_wconf 81' lang='grc' dir='ltr'>καταμερίζειν</span> <span class='ocrx_word' id='word_1_191' title='bbox 2924 1238 3001 1300; x_wconf 83' lang='grc' dir='ltr'><strong>είς</strong></span> <span class='ocrx_word' id='word_1_192' title='bbox 3033 1236 3275 1300; x_wconf 74' lang='grc' dir='ltr'><strong>ἐναντίας</strong></span> <span class='ocrx_word' id='word_1_193' title='bbox 3303 1236 3395 1289; x_wconf 73' lang='grc' dir='ltr'><strong>δύο</strong></span> <span class='ocrx_word' id='word_1_194' title='bbox 3428 1236 3639 1308; x_wconf 78' lang='grc' dir='ltr'>ἀρχὰς,</span> 
     </span>
    </p>
   </div>
   <div class='ocr_carea' id='block_1_31' title="bbox 2064 1327 3642 1401">
    <p class='ocr_par' dir='ltr' id='par_1_31' title="bbox 2064 1327 3642 1401">
     <span class='ocr_line' id='line_1_31' title="bbox 2064 1327 3642 1401; baseline 0.001 -20"><span class='ocrx_word' id='word_1_195' title='bbox 2064 1329 2157 1381; x_wconf 75' lang='grc' dir='ltr'><strong>καὶ</strong></span> <span class='ocrx_word' id='word_1_196' title='bbox 2195 1330 2388 1400; x_wconf 82' lang='grc' dir='ltr'>κρᾶσιν</span> <span class='ocrx_word' id='word_1_197' title='bbox 2421 1328 2597 1383; x_wconf 83' lang='grc' dir='ltr'>αὑτῶν</span> <span class='ocrx_word' id='word_1_198' title='bbox 2639 1327 2869 1381; x_wconf 77' lang='grc' dir='ltr'><strong>ἑκάστου</strong></span> <span class='ocrx_word' id='word_1_199' title='bbox 2910 1328 3271 1399; x_wconf 75' lang='grc' dir='ltr'>εἰσηγεῖσθαιο</span> <span class='ocrx_word' id='word_1_200' title='bbox 3315 1328 3477 1383; x_wconf 78' lang='grc' dir='ltr'>ποίαν</span> <span class='ocrx_word' id='word_1_201' title='bbox 3522 1331 3642 1401; x_wconf 79' lang='grc' dir='ltr'><strong>γὰρ</strong></span> 
     </span>
    </p>
   </div>
   <div class='ocr_carea' id='block_1_32' title="bbox 2064 1418 3643 1492">
    <p class='ocr_par' dir='ltr' id='par_1_32' title="bbox 2064 1418 3643 1492">
     <span class='ocr_line' id='line_1_32' title="bbox 2064 1418 3643 1492; baseline 0.003 -19"><span class='ocrx_word' id='word_1_202' title='bbox 2064 1422 2340 1492; x_wconf 85' lang='grc' dir='ltr'>ἐπινοήσει</span> <span class='ocrx_word' id='word_1_203' title='bbox 2384 1420 2461 1491; x_wconf 80' lang='grc' dir='ltr'>τῷ</span> <span class='ocrx_word' id='word_1_204' title='bbox 2515 1418 2663 1492; x_wconf 80' lang='grc' dir='ltr'><strong>ξηρῷ</strong></span> <span class='ocrx_word' id='word_1_205' title='bbox 2708 1418 2954 1473; x_wconf 82' lang='grc' dir='ltr'>σύνθεσιν</span> <span class='ocrx_word' id='word_1_206' title='bbox 2998 1422 3026 1473; x_wconf 91' lang='grc' dir='ltr'><strong>ό</strong></span> <span class='ocrx_word' id='word_1_207' title='bbox 3083 1420 3312 1487; x_wconf 82' lang='grc' dir='ltr'>πλάνος;</span> <span class='ocrx_word' id='word_1_208' title='bbox 3360 1422 3533 1475; x_wconf 83' lang='grc' dir='ltr'>ποίαν</span> <span class='ocrx_word' id='word_1_209' title='bbox 3580 1422 3643 1477; x_wconf 67' lang='grc' dir='ltr'>δὲ</span> 
     </span>
    </p>
   </div>
   <div class='ocr_carea' id='block_1_33' title="bbox 2064 1511 3642 1585">
    <p class='ocr_par' dir='ltr' id='par_1_33' title="bbox 2064 1511 3642 1585">
     <span class='ocr_line' id='line_1_33' title="bbox 2064 1511 3642 1585; baseline -0.001 -19"><span class='ocrx_word' id='word_1_210' title='bbox 2064 1515 2261 1584; x_wconf 72' lang='grc' dir='ltr'>κρᾶσιν</span> <span class='ocrx_word' id='word_1_211' title='bbox 2307 1511 2385 1582; x_wconf 81' lang='grc' dir='ltr'>τῷ</span> <span class='ocrx_word' id='word_1_212' title='bbox 2435 1513 2658 1583; x_wconf 83' lang='grc' dir='ltr'><strong>ἀκράτῳ</strong></span> <span class='ocrx_word' id='word_1_213' title='bbox 2708 1512 2874 1584; x_wconf 87' lang='grc' dir='ltr'>πυρί;</span> <span class='ocrx_word' id='word_1_214' title='bbox 2917 1511 2950 1582; x_wconf 76' lang='grc' dir='ltr'>ἢ</span> <span class='ocrx_word' id='word_1_215' title='bbox 3000 1511 3122 1565; x_wconf 88' lang='grc' dir='ltr'>τίνα</span> <span class='ocrx_word' id='word_1_216' title='bbox 3190 1512 3510 1585; x_wconf 79' lang='grc' dir='ltr'>συμπλοκὴν</span> <span class='ocrx_word' id='word_1_217' title='bbox 3557 1515 3642 1585; x_wconf 80' lang='grc' dir='ltr'>τῷ</span> 
     </span>
    </p>
   </div>
   <div class='ocr_carea' id='block_1_34' title="bbox 2062 1603 3641 1677">
    <p class='ocr_par' dir='ltr' id='par_1_34' title="bbox 2062 1603 3641 1677">
     <span class='ocr_line' id='line_1_34' title="bbox 2062 1603 3641 1677; baseline 0.01 -21"><span class='ocrx_word' id='word_1_218' title='bbox 2062 1605 2272 1677; x_wconf 71' lang='grc' dir='ltr'>ψυχρῷ,</span> <span class='ocrx_word' id='word_1_219' title='bbox 2303 1603 2493 1675; x_wconf 76' lang='grc' dir='ltr'>ψυχρῷ</span> <span class='ocrx_word' id='word_1_220' title='bbox 2534 1604 2705 1657; x_wconf 86' lang='grc' dir='ltr'><strong>διόλου</strong></span> <span class='ocrx_word' id='word_1_221' title='bbox 2750 1604 3100 1675; x_wconf 85' lang='grc' dir='ltr'>τυγχάνοντι;</span> <span class='ocrx_word' id='word_1_222' title='bbox 3135 1604 3537 1677; x_wconf 75' lang='grc' dir='ltr'><strong>παραπλησίως</strong></span> <span class='ocrx_word' id='word_1_223' title='bbox 3578 1605 3641 1659; x_wconf 67' lang='grc' dir='ltr'><strong>δὲ</strong></span> 
     </span>
    </p>
   </div>
   <div class='ocr_carea' id='block_1_35' title="bbox 2068 1697 3581 1769">
    <p class='ocr_par' dir='ltr' id='par_1_35' title="bbox 2068 1697 3581 1769">
     <span class='ocr_line' id='line_1_35' title="bbox 2068 1697 3581 1769; baseline -0.01 -17"><span class='ocrx_word' id='word_1_224' title='bbox 2068 1699 2161 1752; x_wconf 60' lang='grc' dir='ltr'><strong>καλ⁵</strong></span> <span class='ocrx_word' id='word_1_225' title='bbox 2185 1697 2262 1768; x_wconf 84' lang='grc' dir='ltr'>τῷ</span> <span class='ocrx_word' id='word_1_226' title='bbox 2285 1697 2454 1769; x_wconf 78' lang='grc' dir='ltr'>ὑγρῷ.</span> <span class='ocrx_word' id='word_1_227' title='bbox 3568 1727 3581 1737; x_wconf 93' lang='grc'>.</span> 
     </span>
    </p>
   </div>
   <div class='ocr_carea' id='block_1_36' title="bbox 2133 1870 3639 1943">
    <p class='ocr_par' dir='ltr' id='par_1_36' title="bbox 2133 1870 3639 1943">
     <span class='ocr_line' id='line_1_36' title="bbox 2133 1870 3639 1943; baseline -0.001 -15"><span class='ocrx_word' id='word_1_228' title='bbox 2133 1872 2396 1943; x_wconf 80' lang='grc' dir='ltr'>Μονοειδῆ</span> <span class='ocrx_word' id='word_1_229' title='bbox 2426 1872 2535 1943; x_wconf 90' lang='grc' dir='ltr'><strong>γάρ</strong></span> <span class='ocrx_word' id='word_1_230' title='bbox 2562 1872 2655 1925; x_wconf 79' lang='grc' dir='ltr'><strong>καὶ</strong></span> <span class='ocrx_word' id='word_1_231' title='bbox 2699 1871 2966 1943; x_wconf 78' lang='grc' dir='ltr'><strong>ἀμέριστα</strong></span> <span class='ocrx_word' id='word_1_232' title='bbox 3000 1871 3182 1939; x_wconf 78' lang='grc' dir='ltr'>σαφῶς</span> <span class='ocrx_word' id='word_1_233' title='bbox 3221 1870 3392 1924; x_wconf 85' lang='grc' dir='ltr'>ταῦτα</span> <span class='ocrx_word' id='word_1_234' title='bbox 3422 1889 3521 1940; x_wconf 55' lang='lat' dir='ltr'><strong>ut}</strong></span> <span class='ocrx_word' id='word_1_235' title='bbox 3534 1872 3639 1942; x_wconf 77' lang='grc' dir='ltr'><strong>χά-</strong></span> 
     </span>
    </p>
   </div>
   <div class='ocr_carea' id='block_1_37' title="bbox 2063 1962 3634 2034">
    <p class='ocr_par' dir='ltr' id='par_1_37' title="bbox 2063 1962 3634 2034">
     <span class='ocr_line' id='line_1_37' title="bbox 2063 1962 3634 2034; baseline -0.002 -15"><span class='ocrx_word' id='word_1_236' title='bbox 2063 1982 2171 2019; x_wconf 74' lang='grc' dir='ltr'>νει’</span> <span class='ocrx_word' id='word_1_237' title='bbox 2209 1965 2348 2017; x_wconf 77' lang='grc' dir='ltr'>ὥστε</span> <span class='ocrx_word' id='word_1_238' title='bbox 2377 1964 2579 2017; x_wconf 78' lang='grc' dir='ltr'>τούτων</span> <span class='ocrx_word' id='word_1_239' title='bbox 2600 1963 2828 2016; x_wconf 72' lang='grc' dir='ltr'>ἕκαστον</span> <span class='ocrx_word' id='word_1_240' title='bbox 2855 1963 2975 2015; x_wconf 85' lang='grc' dir='ltr'>οὑδὲ</span> <span class='ocrx_word' id='word_1_241' title='bbox 3005 1962 3267 2034; x_wconf 82' lang='grc' dir='ltr'><strong>ὑποσταίη</strong></span> <span class='ocrx_word' id='word_1_242' title='bbox 3291 1963 3414 2016; x_wconf 86' lang='grc' dir='ltr'>καθ’</span> <span class='ocrx_word' id='word_1_243' title='bbox 3439 1964 3634 2029; x_wconf 67' lang='grc' dir='ltr'>ἑαυτὸ,</span> 
     </span>
    </p>
   </div>
   <div class='ocr_carea' id='block_1_38' title="bbox 2063 2049 3141 2125">
    <p class='ocr_par' dir='ltr' id='par_1_38' title="bbox 2063 2049 3141 2125">
     <span class='ocr_line' id='line_1_38' title="bbox 2063 2049 3141 2125; baseline -0.004 -15"><span class='ocrx_word' id='word_1_244' title='bbox 2063 2055 2199 2110; x_wconf 85' lang='grc' dir='ltr'><strong>ἀλλά</strong></span> <span class='ocrx_word' id='word_1_245' title='bbox 2228 2056 2323 2108; x_wconf 72' lang='grc' dir='ltr'><strong>καὶ</strong></span> <span class='ocrx_word' id='word_1_246' title='bbox 2353 2056 2447 2109; x_wconf 73' lang='grc' dir='ltr'><strong>σὺν</strong></span> <span class='ocrx_word' id='word_1_247' title='bbox 2479 2054 2727 2125; x_wconf 84' lang='grc' dir='ltr'>ἀλλήλοις</span> <span class='ocrx_word' id='word_1_248' title='bbox 2753 2054 2864 2123; x_wconf 78' lang='grc' dir='ltr'>ἔχει</span> <span class='ocrx_word' id='word_1_249' title='bbox 2884 2054 2944 2106; x_wconf 82' lang='grc' dir='ltr'>τὸ</span> <span class='ocrx_word' id='word_1_250' title='bbox 2968 2049 3141 2106; x_wconf 62' lang='lat' dir='ltr'><strong>sint...</strong></span> 
     </span>
    </p>
   </div>
   <div class='ocr_carea' id='block_1_39' title="bbox 1341 2193 2695 2272">
    <p class='ocr_par' dir='ltr' id='par_1_39' title="bbox 1341 2193 2695 2272">
     <span class='ocr_line' id='line_1_39' title="bbox 1341 2193 2695 2272; baseline -0.007 -15"><span class='ocrx_word' id='word_1_251' title='bbox 1341 2202 1471 2258; x_wconf 67' lang='lat' dir='ltr'><strong>Car.</strong></span> <span class='ocrx_word' id='word_1_252' title='bbox 1510 2199 1677 2256; x_wconf 74' lang='lat' dir='ltr'><strong>XXX.</strong></span> <span class='ocrx_word' id='word_1_253' title='bbox 1717 2199 1865 2272; x_wconf 75' lang='lat' dir='ltr'><strong>Ignis</strong></span> <span class='ocrx_word' id='word_1_254' title='bbox 1894 2199 2142 2269; x_wconf 79' lang='lat' dir='ltr'><strong>optimus.</strong></span> <span class='ocrx_word' id='word_1_255' title='bbox 2175 2195 2402 2249; x_wconf 76' lang='lat' dir='ltr'><strong>Manetis</strong></span> <span class='ocrx_word' id='word_1_256' title='bbox 2429 2193 2695 2250; x_wconf 79' lang='lat' dir='ltr'><strong>delirium.</strong></span> 
     </span>
    </p>
   </div>
   <div class='ocr_carea' id='block_1_40' title="bbox 462 2317 1957 2390">
    <p class='ocr_par' dir='ltr' id='par_1_40' title="bbox 462 2317 1957 2390">
     <span class='ocr_line' id='line_1_40' title="bbox 462 2317 1957 2390; baseline -0.002 -16"><span class='ocrx_word' id='word_1_257' title='bbox 462 2319 669 2375; x_wconf 82' lang='lat' dir='ltr'><strong>insanit</strong></span> <span class='ocrx_word' id='word_1_258' title='bbox 691 2317 857 2389; x_wconf 86' lang='lat' dir='ltr'><strong>igitur</strong></span> <span class='ocrx_word' id='word_1_259' title='bbox 888 2324 941 2373; x_wconf 92' lang='lat' dir='ltr'><strong>et</strong></span> <span class='ocrx_word' id='word_1_260' title='bbox 966 2317 1184 2389; x_wconf 89' lang='lat' dir='ltr'><strong>quidem</strong></span> <span class='ocrx_word' id='word_1_261' title='bbox 1219 2317 1544 2390; x_wconf 82' lang='lat' dir='ltr'><strong>gravissima</strong></span> <span class='ocrx_word' id='word_1_262' title='bbox 1570 2317 1803 2381; x_wconf 88' lang='lat' dir='ltr'><strong>insania,</strong></span> <span class='ocrx_word' id='word_1_263' title='bbox 1829 2332 1957 2371; x_wconf 90' lang='lat' dir='ltr'><strong>cum</strong></span> 
     </span>
    </p>
   </div>
   <div class='ocr_carea' id='block_1_41' title="bbox 394 2410 1956 2485">
    <p class='ocr_par' dir='ltr' id='par_1_41' title="bbox 394 2410 1956 2485">
     <span class='ocr_line' id='line_1_41' title="bbox 394 2410 1956 2485; baseline -0.002 -18"><span class='ocrx_word' id='word_1_264' title='bbox 394 2421 602 2485; x_wconf 76' lang='lat' dir='ltr'><strong>partem</strong></span> <span class='ocrx_word' id='word_1_265' title='bbox 634 2413 850 2481; x_wconf 87' lang='lat' dir='ltr'><strong>quidem</strong></span> <span class='ocrx_word' id='word_1_266' title='bbox 893 2413 1032 2483; x_wconf 88' lang='lat' dir='ltr'><strong>ignis</strong></span> <span class='ocrx_word' id='word_1_267' title='bbox 1071 2413 1203 2467; x_wconf 90' lang='lat' dir='ltr'><strong>dicit</strong></span> <span class='ocrx_word' id='word_1_268' title='bbox 1235 2427 1357 2467; x_wconf 92' lang='lat' dir='ltr'><strong>esse</strong></span> <span class='ocrx_word' id='word_1_269' title='bbox 1397 2410 1547 2477; x_wconf 88' lang='lat' dir='ltr'><strong>boni,</strong></span> <span class='ocrx_word' id='word_1_270' title='bbox 1587 2419 1796 2481; x_wconf 89' lang='lat' dir='ltr'><strong>partem</strong></span> <span class='ocrx_word' id='word_1_271' title='bbox 1825 2424 1956 2465; x_wconf 85' lang='lat' dir='ltr'><strong>vero</strong></span> 
     </span>
    </p>
   </div>
   <div class='ocr_carea' id='block_1_42' title="bbox 393 2502 1955 2559">
    <p class='ocr_par' dir='ltr' id='par_1_42' title="bbox 393 2502 1955 2559">
     <span class='ocr_line' id='line_1_42' title="bbox 393 2502 1955 2559; baseline -0.002 0"><span class='ocrx_word' id='word_1_272' title='bbox 393 2505 541 2559; x_wconf 82' lang='lat' dir='ltr'><strong>mali.</strong></span> <span class='ocrx_word' id='word_1_273' title='bbox 574 2504 670 2559; x_wconf 87' lang='lat' dir='ltr'><strong>Est</strong></span> <span class='ocrx_word' id='word_1_274' title='bbox 702 2514 881 2559; x_wconf 86' lang='lat' dir='ltr'><strong>autem</strong></span> <span class='ocrx_word' id='word_1_275' title='bbox 922 2519 1143 2559; x_wconf 88' lang='lat' dir='ltr'><strong>necesse</strong></span> <span class='ocrx_word' id='word_1_276' title='bbox 1173 2504 1248 2557; x_wconf 91' lang='lat' dir='ltr'><strong>illi</strong></span> <span class='ocrx_word' id='word_1_277' title='bbox 1282 2502 1385 2557; x_wconf 86' lang='lat' dir='ltr'><strong>hoc</strong></span> <span class='ocrx_word' id='word_1_278' title='bbox 1414 2502 1593 2557; x_wconf 80' lang='lat' dir='ltr'><strong>facere</strong></span> <span class='ocrx_word' id='word_1_279' title='bbox 1626 2503 1681 2557; x_wconf 91' lang='lat' dir='ltr'><strong>in</strong></span> <span class='ocrx_word' id='word_1_280' title='bbox 1714 2502 1955 2557; x_wconf 88' lang='lat' dir='ltr'><strong>elemen-</strong></span> 
     </span>
    </p>
   </div>
   <div class='ocr_carea' id='block_1_43' title="bbox 390 2595 1956 2666">
    <p class='ocr_par' dir='ltr' id='par_1_43' title="bbox 390 2595 1956 2666">
     <span class='ocr_line' id='line_1_43' title="bbox 390 2595 1956 2666; baseline -0.004 -12"><span class='ocrx_word' id='word_1_281' title='bbox 390 2599 489 2661; x_wconf 88' lang='lat' dir='ltr'><strong>tis.</strong></span> <span class='ocrx_word' id='word_1_282' title='bbox 535 2604 590 2652; x_wconf 90' lang='lat' dir='ltr'><strong>et</strong></span> <span class='ocrx_word' id='word_1_283' title='bbox 640 2596 901 2660; x_wconf 75' lang='lat' dir='ltr'><strong>dividere,</strong></span> <span class='ocrx_word' id='word_1_284' title='bbox 948 2612 1067 2666; x_wconf 84' lang='lat' dir='ltr'><strong>quae</strong></span> <span class='ocrx_word' id='word_1_285' title='bbox 1100 2595 1269 2650; x_wconf 83' lang='lat' dir='ltr'><strong>dividi</strong></span> <span class='ocrx_word' id='word_1_286' title='bbox 1298 2610 1404 2649; x_wconf 91' lang='lat' dir='ltr'><strong>non</strong></span> <span class='ocrx_word' id='word_1_287' title='bbox 1454 2603 1715 2665; x_wconf 89' lang='lat' dir='ltr'><strong>possunt;</strong></span> <span class='ocrx_word' id='word_1_288' title='bbox 1751 2596 1956 2650; x_wconf 89' lang='lat' dir='ltr'><strong>siccum</strong></span> 
     </span>
    </p>
   </div>
   <div class='ocr_carea' id='block_1_44' title="bbox 391 2685 1958 2756">
    <p class='ocr_par' dir='ltr' id='par_1_44' title="bbox 391 2685 1958 2756">
     <span class='ocr_line' id='line_1_44' title="bbox 391 2685 1958 2756; baseline -0.005 -11"><span class='ocrx_word' id='word_1_289' title='bbox 391 2690 538 2745; x_wconf 83' lang='lat' dir='ltr'><strong>enim</strong></span> <span class='ocrx_word' id='word_1_290' title='bbox 567 2705 631 2745; x_wconf 78' lang='lat' dir='ltr'><strong>ex</strong></span> <span class='ocrx_word' id='word_1_291' title='bbox 657 2696 770 2742; x_wconf 89' lang='lat' dir='ltr'><strong>toto</strong></span> <span class='ocrx_word' id='word_1_292' title='bbox 800 2690 1005 2743; x_wconf 87' lang='lat' dir='ltr'><strong>siccum</strong></span> <span class='ocrx_word' id='word_1_293' title='bbox 1034 2694 1136 2751; x_wconf 89' lang='lat' dir='ltr'><strong>est,</strong></span> <span class='ocrx_word' id='word_1_294' title='bbox 1160 2693 1213 2741; x_wconf 92' lang='lat' dir='ltr'><strong>et</strong></span> <span class='ocrx_word' id='word_1_295' title='bbox 1250 2701 1347 2756; x_wconf 91' lang='lat' dir='ltr'><strong>pcr</strong></span> <span class='ocrx_word' id='word_1_296' title='bbox 1385 2701 1445 2741; x_wconf 87' lang='lat' dir='ltr'><strong>se</strong></span> <span class='ocrx_word' id='word_1_297' title='bbox 1476 2686 1696 2740; x_wconf 83' lang='lat' dir='ltr'><strong>siccitas</strong></span> <span class='ocrx_word' id='word_1_298' title='bbox 1725 2685 1958 2755; x_wconf 80' lang='lat' dir='ltr'><strong>simplex</strong></span> 
     </span>
    </p>
   </div>
   <div class='ocr_carea' id='block_1_45' title="bbox 389 2776 1956 2848">
    <p class='ocr_par' dir='ltr' id='par_1_45' title="bbox 389 2776 1956 2848">
     <span class='ocr_line' id='line_1_45' title="bbox 389 2776 1956 2848; baseline -0.005 -11"><span class='ocrx_word' id='word_1_299' title='bbox 389 2789 477 2837; x_wconf 86' lang='lat' dir='ltr'><strong>est</strong></span> <span class='ocrx_word' id='word_1_300' title='bbox 508 2788 562 2837; x_wconf 91' lang='lat' dir='ltr'><strong>et</strong></span> <span class='ocrx_word' id='word_1_301' title='bbox 591 2782 754 2836; x_wconf 87' lang='lat' dir='ltr'><strong>unius</strong></span> <span class='ocrx_word' id='word_1_302' title='bbox 785 2780 971 2834; x_wconf 69' lang='lat' dir='ltr'><strong>formae</strong></span> <span class='ocrx_word' id='word_1_303' title='bbox 997 2799 1009 2834; x_wconf 91' lang='lat'><strong>:</strong></span> <span class='ocrx_word' id='word_1_304' title='bbox 1037 2787 1089 2833; x_wconf 92' lang='lat' dir='ltr'><strong>et</strong></span> <span class='ocrx_word' id='word_1_305' title='bbox 1115 2778 1369 2848; x_wconf 82' lang='lat' dir='ltr'><strong>frigidum</strong></span> <span class='ocrx_word' id='word_1_306' title='bbox 1413 2793 1589 2846; x_wconf 82' lang='lat' dir='ltr'><strong>neque</strong></span> <span class='ocrx_word' id='word_1_307' title='bbox 1628 2776 1956 2847; x_wconf 83' lang='lat' dir='ltr'><strong>cogitatione</strong></span> 
     </span>
    </p>
   </div>
   <div class='ocr_carea' id='block_1_46' title="bbox 390 2870 1951 2943">
    <p class='ocr_par' dir='ltr' id='par_1_46' title="bbox 390 2870 1951 2943">
     <span class='ocr_line' id='line_1_46' title="bbox 390 2870 1951 2943; baseline -0.004 -16"><span class='ocrx_word' id='word_1_308' title='bbox 390 2872 558 2927; x_wconf 84' lang='lat' dir='ltr'><strong>dividi</strong></span> <span class='ocrx_word' id='word_1_309' title='bbox 589 2879 790 2943; x_wconf 81' lang='lat' dir='ltr'><strong>pctest,</strong></span> <span class='ocrx_word' id='word_1_310' title='bbox 844 2886 968 2925; x_wconf 91' lang='lat' dir='ltr'><strong>cum</strong></span> <span class='ocrx_word' id='word_1_311' title='bbox 1002 2870 1073 2925; x_wconf 91' lang='lat' dir='ltr'><strong>sit</strong></span> <span class='ocrx_word' id='word_1_312' title='bbox 1104 2885 1273 2923; x_wconf 92' lang='lat' dir='ltr'><strong>unum</strong></span> <span class='ocrx_word' id='word_1_313' title='bbox 1312 2883 1377 2923; x_wconf 87' lang='lat' dir='ltr'><strong>ac</strong></span> <span class='ocrx_word' id='word_1_314' title='bbox 1424 2870 1658 2939; x_wconf 78' lang='lat' dir='ltr'><strong>simplex</strong></span> <span class='ocrx_word' id='word_1_315' title='bbox 1696 2884 1764 2923; x_wconf 78' lang='lat' dir='ltr'><strong>ex</strong></span> <span class='ocrx_word' id='word_1_316' title='bbox 1801 2875 1951 2934; x_wconf 90' lang='lat' dir='ltr'><strong>toto;</strong></span> 
     </span>
    </p>
   </div>
   <div class='ocr_carea' id='block_1_47' title="bbox 391 2961 1328 3019">
    <p class='ocr_par' dir='ltr' id='par_1_47' title="bbox 391 2961 1328 3019">
     <span class='ocr_line' id='line_1_47' title="bbox 391 2961 1328 3019; baseline -0.005 0"><span class='ocrx_word' id='word_1_317' title='bbox 391 2963 645 3019; x_wconf 84' lang='lat' dir='ltr'><strong>similiter</strong></span> <span class='ocrx_word' id='word_1_318' title='bbox 678 2962 961 3017; x_wconf 84' lang='lat' dir='ltr'><strong>humidum</strong></span> <span class='ocrx_word' id='word_1_319' title='bbox 987 2969 1041 3017; x_wconf 83' lang='lat' dir='ltr'><strong>et</strong></span> <span class='ocrx_word' id='word_1_320' title='bbox 1070 2961 1328 3015; x_wconf 85' lang='lat' dir='ltr'><strong>calidum.</strong></span> 
     </span>
    </p>
   </div>
   <div class='ocr_carea' id='block_1_48' title="bbox 2130 2307 3634 2381">
    <p class='ocr_par' dir='ltr' id='par_1_48' title="bbox 2130 2307 3634 2381">
     <span class='ocr_line' id='line_1_48' title="bbox 2130 2307 3634 2381; baseline -0.005 -14"><span class='ocrx_word' id='word_1_321' title='bbox 2130 2313 2394 2367; x_wconf 85' lang='grc' dir='ltr'>Μαίνεται</span> <span class='ocrx_word' id='word_1_322' title='bbox 2440 2309 2727 2381; x_wconf 81' lang='grc' dir='ltr'>τοιγαροῦν</span> <span class='ocrx_word' id='word_1_323' title='bbox 2783 2309 2975 2381; x_wconf 82' lang='grc' dir='ltr'>μανίαν</span> <span class='ocrx_word' id='word_1_324' title='bbox 3030 2308 3301 2380; x_wconf 73' lang='grc' dir='ltr'>χαλεπὴν,</span> <span class='ocrx_word' id='word_1_325' title='bbox 3341 2309 3475 2363; x_wconf 79' lang='grc' dir='ltr'>ὅταν</span> <span class='ocrx_word' id='word_1_326' title='bbox 3534 2307 3634 2361; x_wconf 80' lang='grc' dir='ltr'><strong>τοῦ</strong></span> 
     </span>
    </p>
   </div>
   <div class='ocr_carea' id='block_1_49' title="bbox 2063 2396 3633 2473">
    <p class='ocr_par' dir='ltr' id='par_1_49' title="bbox 2063 2396 3633 2473">
     <span class='ocr_line' id='line_1_49' title="bbox 2063 2396 3633 2473; baseline -0.004 -17"><span class='ocrx_word' id='word_1_327' title='bbox 2063 2401 2233 2473; x_wconf 82' lang='grc' dir='ltr'>πυρὸς</span> <span class='ocrx_word' id='word_1_328' title='bbox 2277 2400 2337 2453; x_wconf 83' lang='grc' dir='ltr'><strong>τὸ</strong></span> <span class='ocrx_word' id='word_1_329' title='bbox 2382 2399 2480 2470; x_wconf 85' lang='grc' dir='ltr'><strong>μέν</strong></span> <span class='ocrx_word' id='word_1_330' title='bbox 2506 2415 2559 2452; x_wconf 87' lang='grc' dir='ltr'><strong>τι</strong></span> <span class='ocrx_word' id='word_1_331' title='bbox 2606 2398 2697 2451; x_wconf 80' lang='grc' dir='ltr'><strong>τοῦ</strong></span> <span class='ocrx_word' id='word_1_332' title='bbox 2730 2398 2932 2466; x_wconf 81' lang='grc' dir='ltr'>ἀγαθοῦ</span> <span class='ocrx_word' id='word_1_333' title='bbox 2965 2397 3182 2467; x_wconf 78' lang='grc' dir='ltr'><strong>φάσκει,</strong></span> <span class='ocrx_word' id='word_1_334' title='bbox 3220 2396 3282 2449; x_wconf 78' lang='grc' dir='ltr'>τὸ</span> <span class='ocrx_word' id='word_1_335' title='bbox 3326 2396 3386 2450; x_wconf 79' lang='grc' dir='ltr'>δέ</span> <span class='ocrx_word' id='word_1_336' title='bbox 3428 2414 3483 2449; x_wconf 84' lang='grc' dir='ltr'><strong>τι</strong></span> <span class='ocrx_word' id='word_1_337' title='bbox 3532 2396 3633 2450; x_wconf 77' lang='grc' dir='ltr'><strong>τοῦ</strong></span> 
     </span>
    </p>
   </div>
   <div class='ocr_carea' id='block_1_50' title="bbox 2063 2489 3633 2560">
    <p class='ocr_par' dir='ltr' id='par_1_50' title="bbox 2063 2489 3633 2560">
     <span class='ocr_line' id='line_1_50' title="bbox 2063 2489 3633 2560; baseline -0.005 -10"><span class='ocrx_word' id='word_1_338' title='bbox 2063 2493 2235 2550; x_wconf 84' lang='grc' dir='ltr'>κακοῦ</span> <span class='ocrx_word' id='word_1_339' title='bbox 2255 2511 2268 2524; x_wconf 91' lang='grc'><strong>·</strong></span> <span class='ocrx_word' id='word_1_340' title='bbox 2307 2495 2477 2548; x_wconf 80' lang='grc' dir='ltr'>ποιεῖν</span> <span class='ocrx_word' id='word_1_341' title='bbox 2499 2492 2555 2545; x_wconf 86' lang='grc' dir='ltr'>δὲ</span> <span class='ocrx_word' id='word_1_342' title='bbox 2590 2491 2746 2545; x_wconf 82' lang='grc' dir='ltr'>τοῦτο</span> <span class='ocrx_word' id='word_1_343' title='bbox 2774 2492 3079 2559; x_wconf 79' lang='grc' dir='ltr'>ἐπάναγκες</span> <span class='ocrx_word' id='word_1_344' title='bbox 3105 2489 3251 2560; x_wconf 83' lang='grc' dir='ltr'>αὑτῷ</span> <span class='ocrx_word' id='word_1_345' title='bbox 3275 2490 3371 2544; x_wconf 71' lang='grc' dir='ltr'><strong>καὶ</strong></span> <span class='ocrx_word' id='word_1_346' title='bbox 3397 2491 3492 2543; x_wconf 75' lang='grc' dir='ltr'>ἐπὶ</span> <span class='ocrx_word' id='word_1_347' title='bbox 3518 2490 3633 2543; x_wconf 80' lang='grc' dir='ltr'><strong>τῶν</strong></span> 
     </span>
    </p>
   </div>
   <div class='ocr_carea' id='block_1_51' title="bbox 2065 2581 3632 2657">
    <p class='ocr_par' dir='ltr' id='par_1_51' title="bbox 2065 2581 3632 2657">
     <span class='ocr_line' id='line_1_51' title="bbox 2065 2581 3632 2657; baseline -0.004 -16"><span class='ocrx_word' id='word_1_348' title='bbox 2065 2588 2365 2657; x_wconf 86' lang='grc' dir='ltr'>ποιοτήτων</span> <span class='ocrx_word' id='word_1_349' title='bbox 2388 2586 2496 2639; x_wconf 78' lang='grc' dir='ltr'><strong>τῶν</strong></span> <span class='ocrx_word' id='word_1_350' title='bbox 2527 2583 2836 2656; x_wconf 78' lang='grc' dir='ltr'>στοιχείων,</span> <span class='ocrx_word' id='word_1_351' title='bbox 2871 2583 2965 2637; x_wconf 79' lang='grc' dir='ltr'>καὶ</span> <span class='ocrx_word' id='word_1_352' title='bbox 3000 2583 3220 2655; x_wconf 80' lang='grc' dir='ltr'>διαιρεῖν</span> <span class='ocrx_word' id='word_1_353' title='bbox 3247 2581 3316 2634; x_wconf 86' lang='grc' dir='ltr'><strong>τά</strong></span> <span class='ocrx_word' id='word_1_354' title='bbox 3358 2582 3632 2655; x_wconf 75' lang='grc' dir='ltr'>διαίρεσιν</span> 
     </span>
    </p>
   </div>
   <div class='ocr_carea' id='block_1_52' title="bbox 2066 2674 3632 2753">
    <p class='ocr_par' dir='ltr' id='par_1_52' title="bbox 2066 2674 3632 2753">
     <span class='ocr_line' id='line_1_52' title="bbox 2066 2674 3632 2753; baseline -0.003 -21"><span class='ocrx_word' id='word_1_355' title='bbox 2066 2681 2141 2753; x_wconf 84' lang='grc' dir='ltr'><strong>μὴ</strong></span> <span class='ocrx_word' id='word_1_356' title='bbox 2172 2678 2527 2749; x_wconf 83' lang='grc' dir='ltr'>ἐπιδεχόμενα</span> <span class='ocrx_word' id='word_1_357' title='bbox 2550 2694 2563 2707; x_wconf 88' lang='grc'><strong>·</strong></span> <span class='ocrx_word' id='word_1_358' title='bbox 2594 2678 2712 2729; x_wconf 85' lang='grc' dir='ltr'>τότε</span> <span class='ocrx_word' id='word_1_359' title='bbox 2739 2675 2847 2747; x_wconf 90' lang='grc' dir='ltr'><strong>γάρ</strong></span> <span class='ocrx_word' id='word_1_360' title='bbox 2893 2677 3052 2747; x_wconf 63' lang='lat' dir='ltr'><strong>gr;pr</strong></span> <span class='ocrx_word' id='word_1_361' title='bbox 3099 2676 3271 2728; x_wconf 77' lang='grc' dir='ltr'>διόλου</span> <span class='ocrx_word' id='word_1_362' title='bbox 3308 2674 3370 2745; x_wconf 79' lang='grc' dir='ltr'><strong>ξη</strong></span> <span class='ocrx_word' id='word_1_363' title='bbox 3383 2675 3497 2747; x_wconf 77' lang='grc' dir='ltr'>ρδν,</span> <span class='ocrx_word' id='word_1_364' title='bbox 3534 2678 3632 2731; x_wconf 69' lang='grc' dir='ltr'>καὶ</span> 
     </span>
    </p>
   </div>
   <div class='ocr_carea' id='block_1_53' title="bbox 2063 2767 3630 2849">
    <p class='ocr_par' dir='ltr' id='par_1_53' title="bbox 2063 2767 3630 2849">
     <span class='ocr_line' id='line_1_53' title="bbox 2063 2767 3630 2849; baseline -0.003 -25"><span class='ocrx_word' id='word_1_365' title='bbox 2063 2770 2425 2840; x_wconf 84' lang='grc' dir='ltr'>αὑτοξηρότης</span> <span class='ocrx_word' id='word_1_366' title='bbox 2458 2768 2604 2837; x_wconf 83' lang='grc' dir='ltr'>ἁπλῆ</span> <span class='ocrx_word' id='word_1_367' title='bbox 2629 2784 2687 2820; x_wconf 86' lang='grc' dir='ltr'><strong>τε</strong></span> <span class='ocrx_word' id='word_1_368' title='bbox 2718 2769 2812 2821; x_wconf 75' lang='grc' dir='ltr'><strong>καὶ</strong></span> <span class='ocrx_word' id='word_1_369' title='bbox 2841 2767 3114 2849; x_wconf 73' lang='grc' dir='ltr'>μρνοειδής</span> <span class='ocrx_word' id='word_1_370' title='bbox 3134 2784 3148 2797; x_wconf 90' lang='grc'><strong>·</strong></span> <span class='ocrx_word' id='word_1_371' title='bbox 3194 2768 3286 2821; x_wconf 74' lang='grc' dir='ltr'><strong>καὶ</strong></span> <span class='ocrx_word' id='word_1_372' title='bbox 3330 2769 3391 2820; x_wconf 81' lang='grc' dir='ltr'><strong>τὸ</strong></span> <span class='ocrx_word' id='word_1_373' title='bbox 3418 2768 3630 2839; x_wconf 67' lang='grc' dir='ltr'>ψυχρὸν</span> 
     </span>
    </p>
   </div>
   <div class='ocr_carea' id='block_1_54' title="bbox 2059 2859 3627 2930">
    <p class='ocr_par' dir='ltr' id='par_1_54' title="bbox 2059 2859 3627 2930">
     <span class='ocr_line' id='line_1_54' title="bbox 2059 2859 3627 2930; baseline 0 -15"><span class='ocrx_word' id='word_1_374' title='bbox 2059 2862 2180 2915; x_wconf 86' lang='grc' dir='ltr'>οὑδὲ</span> <span class='ocrx_word' id='word_1_375' title='bbox 2210 2865 2289 2924; x_wconf 81' lang='grc' dir='ltr'><strong>είς</strong></span> <span class='ocrx_word' id='word_1_376' title='bbox 2315 2861 2555 2914; x_wconf 82' lang='grc' dir='ltr'>ἐπίνοιαν</span> <span class='ocrx_word' id='word_1_377' title='bbox 2577 2859 2891 2930; x_wconf 77' lang='grc' dir='ltr'>διαιρέσεως</span> <span class='ocrx_word' id='word_1_378' title='bbox 2919 2859 3090 2911; x_wconf 83' lang='grc' dir='ltr'>ἐλθεῖν</span> <span class='ocrx_word' id='word_1_379' title='bbox 3118 2860 3439 2930; x_wconf 76' lang='grc' dir='ltr'>δυνάμενον,</span> <span class='ocrx_word' id='word_1_380' title='bbox 3475 2862 3537 2915; x_wconf 73' lang='grc' dir='ltr'>ἓν</span> <span class='ocrx_word' id='word_1_381' title='bbox 3569 2879 3627 2914; x_wconf 69' lang='grc' dir='ltr'><strong>τε</strong></span> 
     </span>
    </p>
   </div>
   <div class='ocr_carea' id='block_1_55' title="bbox 2064 2951 3629 3023">
    <p class='ocr_par' dir='ltr' id='par_1_55' title="bbox 2064 2951 3629 3023">
     <span class='ocr_line' id='line_1_55' title="bbox 2064 2951 3629 3023; baseline -0.003 -15"><span class='ocrx_word' id='word_1_382' title='bbox 2064 2955 2158 3008; x_wconf 75' lang='grc' dir='ltr'><strong>καὶ</strong></span> <span class='ocrx_word' id='word_1_383' title='bbox 2184 2952 2388 3007; x_wconf 84' lang='grc' dir='ltr'>ἁπλοῦν</span> <span class='ocrx_word' id='word_1_384' title='bbox 2433 2952 2606 3005; x_wconf 87' lang='grc' dir='ltr'>διόλου</span> <span class='ocrx_word' id='word_1_385' title='bbox 2643 2952 2934 3021; x_wconf 85' lang='grc' dir='ltr'>τυγχάνον·</span> <span class='ocrx_word' id='word_1_386' title='bbox 2972 2951 3112 3003; x_wconf 76' lang='grc' dir='ltr'>οὕτω</span> <span class='ocrx_word' id='word_1_387' title='bbox 3140 2951 3203 3022; x_wconf 78' lang='grc' dir='ltr'>δὴ</span> <span class='ocrx_word' id='word_1_388' title='bbox 3234 2952 3329 3003; x_wconf 80' lang='grc' dir='ltr'><strong>καὶ</strong></span> <span class='ocrx_word' id='word_1_389' title='bbox 3360 2951 3426 3004; x_wconf 82' lang='grc' dir='ltr'><strong>τὸ</strong></span> <span class='ocrx_word' id='word_1_390' title='bbox 3460 2951 3629 3023; x_wconf 72' lang='grc' dir='ltr'>ὑγρὸν</span> 
     </span>
    </p>
   </div>
   <div class='ocr_carea' id='block_1_56' title="bbox 2061 3044 2481 3116">
    <p class='ocr_par' dir='ltr' id='par_1_56' title="bbox 2061 3044 2481 3116">
     <span class='ocr_line' id='line_1_56' title="bbox 2061 3044 2481 3116; baseline -0.01 -15"><span class='ocrx_word' id='word_1_391' title='bbox 2061 3046 2155 3100; x_wconf 76' lang='grc' dir='ltr'>καὶ</span> <span class='ocrx_word' id='word_1_392' title='bbox 2180 3046 2240 3098; x_wconf 84' lang='grc' dir='ltr'><strong>τὸ</strong></span> <span class='ocrx_word' id='word_1_393' title='bbox 2262 3044 2481 3116; x_wconf 82' lang='grc' dir='ltr'>θερμόν.</span> 
     </span>
    </p>
   </div>
   <div class='ocr_carea' id='block_1_57' title="bbox 462 3131 1954 3207">
    <p class='ocr_par' dir='ltr' id='par_1_57' title="bbox 462 3131 1954 3207">
     <span class='ocr_line' id='line_1_57' title="bbox 462 3131 1954 3207; baseline -0.003 -16"><span class='ocrx_word' id='word_1_394' title='bbox 462 3136 602 3204; x_wconf 84' lang='lat' dir='ltr'><strong>Quid</strong></span> <span class='ocrx_word' id='word_1_395' title='bbox 634 3137 796 3207; x_wconf 86' lang='lat' dir='ltr'><strong>igitur</strong></span> <span class='ocrx_word' id='word_1_396' title='bbox 838 3137 893 3189; x_wconf 92' lang='lat' dir='ltr'><strong>in</strong></span> <span class='ocrx_word' id='word_1_397' title='bbox 924 3136 1044 3206; x_wconf 93' lang='lat' dir='ltr'><strong>igne</strong></span> <span class='ocrx_word' id='word_1_398' title='bbox 1077 3134 1180 3190; x_wconf 92' lang='lat' dir='ltr'><strong>erit</strong></span> <span class='ocrx_word' id='word_1_399' title='bbox 1223 3133 1359 3188; x_wconf 86' lang='lat' dir='ltr'><strong>Dei?</strong></span> <span class='ocrx_word' id='word_1_400' title='bbox 1388 3140 1442 3188; x_wconf 89' lang='lat' dir='ltr'><strong>et</strong></span> <span class='ocrx_word' id='word_1_401' title='bbox 1474 3131 1601 3203; x_wconf 90' lang='lat' dir='ltr'><strong>quid</strong></span> <span class='ocrx_word' id='word_1_402' title='bbox 1632 3140 1822 3188; x_wconf 89' lang='lat' dir='ltr'><strong>contra</strong></span> <span class='ocrx_word' id='word_1_403' title='bbox 1849 3133 1954 3188; x_wconf 91' lang='lat' dir='ltr'><strong>erit</strong></span> 
     </span>
    </p>
   </div>
   <div class='ocr_carea' id='block_1_58' title="bbox 2075 3131 3629 3207">
    <p class='ocr_par' dir='ltr' id='par_1_58' title="bbox 2132 3131 3629 3205">
     <span class='ocr_line' id='line_1_58' title="bbox 2132 3131 3629 3205; baseline 0.001 -17"><span class='ocrx_word' id='word_1_404' title='bbox 2132 3136 2197 3189; x_wconf 89' lang='grc' dir='ltr'>Τί</span> <span class='ocrx_word' id='word_1_405' title='bbox 2229 3137 2403 3189; x_wconf 79' lang='grc' dir='ltr'>τοίνυν</span> <span class='ocrx_word' id='word_1_406' title='bbox 2436 3134 2530 3188; x_wconf 87' lang='grc' dir='ltr'><strong>τοῦ</strong></span> <span class='ocrx_word' id='word_1_407' title='bbox 2565 3133 2734 3205; x_wconf 77' lang='grc' dir='ltr'>πυρὸς</span> <span class='ocrx_word' id='word_1_408' title='bbox 2769 3133 2918 3187; x_wconf 72' lang='grc' dir='ltr'>ἔσται</span> <span class='ocrx_word' id='word_1_409' title='bbox 2946 3131 3037 3186; x_wconf 86' lang='grc' dir='ltr'><strong>τοῦ</strong></span> <span class='ocrx_word' id='word_1_410' title='bbox 3063 3132 3269 3201; x_wconf 67' lang='grc' dir='ltr'>ἀγαθοῦ</span> <span class='ocrx_word' id='word_1_411' title='bbox 3298 3133 3412 3204; x_wconf 68' lang='grc'><strong>(46)</strong></span> <span class='ocrx_word' id='word_1_412' title='bbox 3448 3136 3548 3188; x_wconf 75' lang='grc' dir='ltr'>καὶ</span> <span class='ocrx_word' id='word_1_413' title='bbox 3576 3137 3629 3188; x_wconf 84' lang='grc' dir='ltr'><strong>τί</strong></span> 
     </span>
    </p>
   </div>
   <div class='ocr_carea' id='block_1_59' title="bbox 388 3222 1955 3295">
    <p class='ocr_par' dir='ltr' id='par_1_59' title="bbox 388 3222 1955 3295">
     <span class='ocr_line' id='line_1_59' title="bbox 388 3222 1955 3295; baseline -0.003 -14"><span class='ocrx_word' id='word_1_414' title='bbox 388 3225 690 3295; x_wconf 69' lang='lat' dir='ltr'><strong>nequitiae?</strong></span> <span class='ocrx_word' id='word_1_415' title='bbox 739 3224 1178 3295; x_wconf 83' lang='lat' dir='ltr'><strong>quandoquidem</strong></span> <span class='ocrx_word' id='word_1_416' title='bbox 1221 3237 1398 3293; x_wconf 86' lang='lat' dir='ltr'><strong>neque</strong></span> <span class='ocrx_word' id='word_1_417' title='bbox 1447 3222 1770 3277; x_wconf 82' lang='lat' dir='ltr'><strong>divisionem</strong></span> <span class='ocrx_word' id='word_1_418' title='bbox 1813 3223 1955 3277; x_wconf 90' lang='lat' dir='ltr'><strong>reci-</strong></span> 
     </span>
    </p>
   </div>
   <div class='ocr_carea' id='block_1_60' title="bbox 391 3314 1954 3388">
    <p class='ocr_par' dir='ltr' id='par_1_60' title="bbox 391 3314 1954 3388">
     <span class='ocr_line' id='line_1_60' title="bbox 391 3314 1954 3388; baseline -0.001 -19"><span class='ocrx_word' id='word_1_419' title='bbox 391 3317 491 3388; x_wconf 88' lang='lat' dir='ltr'><strong>pit,</strong></span> <span class='ocrx_word' id='word_1_420' title='bbox 526 3331 701 3385; x_wconf 87' lang='lat' dir='ltr'><strong>neque</strong></span> <span class='ocrx_word' id='word_1_421' title='bbox 748 3316 1057 3371; x_wconf 90' lang='lat' dir='ltr'><strong>mistionem</strong></span> <span class='ocrx_word' id='word_1_422' title='bbox 1106 3316 1336 3384; x_wconf 88' lang='lat' dir='ltr'><strong>accepit,</strong></span> <span class='ocrx_word' id='word_1_423' title='bbox 1375 3329 1498 3368; x_wconf 91' lang='lat' dir='ltr'><strong>cum</strong></span> <span class='ocrx_word' id='word_1_424' title='bbox 1548 3314 1619 3369; x_wconf 86' lang='lat' dir='ltr'><strong>sit</strong></span> <span class='ocrx_word' id='word_1_425' title='bbox 1665 3329 1859 3383; x_wconf 90' lang='lat' dir='ltr'><strong>purum</strong></span> <span class='ocrx_word' id='word_1_426' title='bbox 1902 3321 1954 3368; x_wconf 91' lang='lat' dir='ltr'><strong>et</strong></span> 
     </span>
    </p>
   </div>
   <div class='ocr_carea' id='block_1_61' title="bbox 390 3406 1950 3479">
    <p class='ocr_par' dir='ltr' id='par_1_61' title="bbox 390 3406 1950 3479">
     <span class='ocr_line' id='line_1_61' title="bbox 390 3406 1950 3479; baseline -0.001 -16"><span class='ocrx_word' id='word_1_427' title='bbox 390 3425 623 3465; x_wconf 86' lang='lat' dir='ltr'><strong>merum.</strong></span> <span class='ocrx_word' id='word_1_428' title='bbox 653 3409 866 3479; x_wconf 82' lang='lat' dir='ltr'><strong>Corpus</strong></span> <span class='ocrx_word' id='word_1_429' title='bbox 895 3407 1039 3462; x_wconf 91' lang='lat' dir='ltr'><strong>enim</strong></span> <span class='ocrx_word' id='word_1_430' title='bbox 1073 3406 1332 3460; x_wconf 85' lang='lat' dir='ltr'><strong>dividitur</strong></span> <span class='ocrx_word' id='word_1_431' title='bbox 1362 3406 1554 3461; x_wconf 89' lang='lat' dir='ltr'><strong>saltem</strong></span> <span class='ocrx_word' id='word_1_432' title='bbox 1583 3406 1950 3474; x_wconf 77' lang='lat' dir='ltr'><strong>cngitatione:</strong></span> 
     </span>
    </p>
   </div>
   <div class='ocr_carea' id='block_1_62' title="bbox 392 3497 1952 3569">
    <p class='ocr_par' dir='ltr' id='par_1_62' title="bbox 392 3497 1952 3569">
     <span class='ocr_line' id='line_1_62' title="bbox 392 3497 1952 3569; baseline -0.001 -14"><span class='ocrx_word' id='word_1_433' title='bbox 392 3518 601 3556; x_wconf 89' lang='lat' dir='ltr'><strong>merum</strong></span> <span class='ocrx_word' id='word_1_434' title='bbox 648 3510 827 3556; x_wconf 88' lang='lat' dir='ltr'><strong>autem</strong></span> <span class='ocrx_word' id='word_1_435' title='bbox 864 3501 1189 3556; x_wconf 85' lang='lat' dir='ltr'><strong>elementum</strong></span> <span class='ocrx_word' id='word_1_436' title='bbox 1220 3498 1493 3569; x_wconf 86' lang='lat' dir='ltr'><strong>quomodo</strong></span> <span class='ocrx_word' id='word_1_437' title='bbox 1541 3515 1609 3553; x_wconf 76' lang='lat' dir='ltr'><strong>ex</strong></span> <span class='ocrx_word' id='word_1_438' title='bbox 1658 3497 1952 3553; x_wconf 88' lang='lat' dir='ltr'><strong>contrariis</strong></span> 
     </span>
    </p>
   </div>
   <div class='ocr_carea' id='block_1_63' title="bbox 388 3589 1952 3662">
    <p class='ocr_par' dir='ltr' id='par_1_63' title="bbox 388 3589 1952 3662">
     <span class='ocr_line' id='line_1_63' title="bbox 388 3589 1952 3662; baseline -0.003 -15"><span class='ocrx_word' id='word_1_439' title='bbox 388 3594 749 3662; x_wconf 87' lang='lat' dir='ltr'><strong>compositum</strong></span> <span class='ocrx_word' id='word_1_440' title='bbox 778 3608 899 3647; x_wconf 92' lang='lat' dir='ltr'><strong>esse</strong></span> <span class='ocrx_word' id='word_1_441' title='bbox 927 3591 1097 3646; x_wconf 84' lang='lat' dir='ltr'><strong>videri</strong></span> <span class='ocrx_word' id='word_1_442' title='bbox 1144 3590 1360 3661; x_wconf 90' lang='lat' dir='ltr'><strong>potest?</strong></span> <span class='ocrx_word' id='word_1_443' title='bbox 1388 3589 1646 3660; x_wconf 87' lang='lat' dir='ltr'><strong>quidnam</strong></span> <span class='ocrx_word' id='word_1_444' title='bbox 1686 3591 1952 3644; x_wconf 86' lang='lat' dir='ltr'><strong>contrarii</strong></span> 
     </span>
    </p>
   </div>
   <div class='ocr_carea' id='block_1_64' title="bbox 388 3683 1426 3755">
    <p class='ocr_par' dir='ltr' id='par_1_64' title="bbox 388 3683 1426 3755">
     <span class='ocr_line' id='line_1_64' title="bbox 388 3683 1426 3755; baseline -0.002 -16"><span class='ocrx_word' id='word_1_445' title='bbox 388 3686 627 3755; x_wconf 70' lang='lat' dir='ltr'><strong>cogitare</strong></span> <span class='ocrx_word' id='word_1_446' title='bbox 661 3685 784 3754; x_wconf 89' lang='lat' dir='ltr'><strong>quis</strong></span> <span class='ocrx_word' id='word_1_447' title='bbox 815 3692 990 3754; x_wconf 88' lang='lat' dir='ltr'><strong>potest</strong></span> <span class='ocrx_word' id='word_1_448' title='bbox 1022 3683 1076 3736; x_wconf 94' lang='lat' dir='ltr'><strong>in</strong></span> <span class='ocrx_word' id='word_1_449' title='bbox 1105 3699 1241 3754; x_wconf 91' lang='lat' dir='ltr'><strong>puro</strong></span> <span class='ocrx_word' id='word_1_450' title='bbox 1268 3683 1426 3753; x_wconf 84' lang='lat' dir='ltr'><strong>igne?</strong></span> 
     </span>
    </p>
   </div>
   <div class='ocr_carea' id='block_1_65' title="bbox 462 3774 1991 3855">
    <p class='ocr_par' dir='ltr' id='par_1_65' title="bbox 462 3774 1991 3855">
     <span class='ocr_line' id='line_1_65' title="bbox 462 3774 1991 3855; baseline -0.001 -25"><span class='ocrx_word' id='word_1_451' title='bbox 462 3777 517 3830; x_wconf 78' lang='lat' dir='ltr'><strong>Si</strong></span> <span class='ocrx_word' id='word_1_452' title='bbox 547 3777 709 3846; x_wconf 88' lang='lat' dir='ltr'><strong>igitur</strong></span> <span class='ocrx_word' id='word_1_453' title='bbox 743 3776 1166 3847; x_wconf 82' lang='lat' dir='ltr'><strong>unumquodque</strong></span> <span class='ocrx_word' id='word_1_454' title='bbox 1198 3784 1281 3831; x_wconf 90' lang='lat' dir='ltr'><strong>est</strong></span> <span class='ocrx_word' id='word_1_455' title='bbox 1313 3791 1379 3829; x_wconf 80' lang='lat' dir='ltr'><strong>ex</strong></span> <span class='ocrx_word' id='word_1_456' title='bbox 1411 3782 1525 3829; x_wconf 92' lang='lat' dir='ltr'><strong>toto</strong></span> <span class='ocrx_word' id='word_1_457' title='bbox 1554 3774 1949 3844; x_wconf 86' lang='lat' dir='ltr'><strong>periculosum,</strong></span> <span class='ocrx_word' id='word_1_458' title='bbox 1988 3850 1991 3855; x_wconf 77' lang='lat'><strong><em>_</em></strong></span> 
     </span>
    </p>
   </div>
   <div class='ocr_carea' id='block_1_66' title="bbox 385 3865 1949 3937">
    <p class='ocr_par' dir='ltr' id='par_1_66' title="bbox 385 3865 1949 3937">
     <span class='ocr_line' id='line_1_66' title="bbox 385 3865 1949 3937; baseline -0.001 -15"><span class='ocrx_word' id='word_1_459' title='bbox 385 3869 594 3923; x_wconf 90' lang='lat' dir='ltr'><strong>nullum</strong></span> <span class='ocrx_word' id='word_1_460' title='bbox 619 3882 806 3921; x_wconf 86' lang='lat' dir='ltr'><strong>eorum</strong></span> <span class='ocrx_word' id='word_1_461' title='bbox 840 3884 934 3937; x_wconf 90' lang='lat' dir='ltr'><strong>per</strong></span> <span class='ocrx_word' id='word_1_462' title='bbox 957 3882 1015 3921; x_wconf 91' lang='lat' dir='ltr'><strong>se</strong></span> <span class='ocrx_word' id='word_1_463' title='bbox 1045 3866 1342 3920; x_wconf 87' lang='lat' dir='ltr'><strong>secundum</strong></span> <span class='ocrx_word' id='word_1_464' title='bbox 1371 3868 1641 3921; x_wconf 88' lang='lat' dir='ltr'><strong>rationem</strong></span> <span class='ocrx_word' id='word_1_465' title='bbox 1670 3865 1949 3921; x_wconf 69' lang='lat' dir='ltr'><strong>Manichzei</strong></span> 
     </span>
    </p>
   </div>
   <div class='ocr_carea' id='block_1_67' title="bbox 385 3960 1949 4031">
    <p class='ocr_par' dir='ltr' id='par_1_67' title="bbox 385 3960 1949 4031">
     <span class='ocr_line' id='line_1_67' title="bbox 385 3960 1949 4031; baseline 0 -18"><span class='ocrx_word' id='word_1_466' title='bbox 385 3972 650 4030; x_wconf 83' lang='lat' dir='ltr'><strong>cungruct</strong></span> <span class='ocrx_word' id='word_1_467' title='bbox 682 3961 847 4023; x_wconf 89' lang='lat' dir='ltr'><strong>bono,</strong></span> <span class='ocrx_word' id='word_1_468' title='bbox 871 3960 964 4014; x_wconf 91' lang='lat' dir='ltr'><strong>sed</strong></span> <span class='ocrx_word' id='word_1_469' title='bbox 990 3962 1171 4031; x_wconf 88' lang='lat' dir='ltr'><strong>potius</strong></span> <span class='ocrx_word' id='word_1_470' title='bbox 1204 3961 1386 4015; x_wconf 89' lang='lat' dir='ltr'><strong>omnia</strong></span> <span class='ocrx_word' id='word_1_471' title='bbox 1416 3961 1721 4016; x_wconf 80' lang='lat' dir='ltr'><strong>referentur</strong></span> <span class='ocrx_word' id='word_1_472' title='bbox 1739 3960 1805 4015; x_wconf 88' lang='lat' dir='ltr'><strong>ad</strong></span> <span class='ocrx_word' id='word_1_473' title='bbox 1833 3976 1949 4013; x_wconf 92' lang='lat' dir='ltr'><strong>ma-</strong></span> 
     </span>
    </p>
   </div>
   <div class='ocr_carea' id='block_1_68' title="bbox 385 4051 1950 4121">
    <p class='ocr_par' dir='ltr' id='par_1_68' title="bbox 385 4051 1950 4121">
     <span class='ocr_line' id='line_1_68' title="bbox 385 4051 1950 4121; baseline 0.001 -17"><span class='ocrx_word' id='word_1_474' title='bbox 385 4051 543 4105; x_wconf 82' lang='lat' dir='ltr'><strong>lum:</strong></span> <span class='ocrx_word' id='word_1_475' title='bbox 578 4059 838 4120; x_wconf 63' lang='lat' dir='ltr'><strong>praeterea</strong></span> <span class='ocrx_word' id='word_1_476' title='bbox 868 4068 975 4105; x_wconf 90' lang='lat' dir='ltr'><strong>non</strong></span> <span class='ocrx_word' id='word_1_477' title='bbox 1016 4060 1177 4107; x_wconf 88' lang='lat' dir='ltr'><strong>erunt</strong></span> <span class='ocrx_word' id='word_1_478' title='bbox 1199 4067 1430 4121; x_wconf 88' lang='lat' dir='ltr'><strong>corpora</strong></span> <span class='ocrx_word' id='word_1_479' title='bbox 1473 4068 1539 4107; x_wconf 83' lang='lat' dir='ltr'><strong>ex</strong></span> <span class='ocrx_word' id='word_1_480' title='bbox 1579 4053 1752 4107; x_wconf 90' lang='lat' dir='ltr'><strong>altero</strong></span> <span class='ocrx_word' id='word_1_481' title='bbox 1798 4067 1950 4106; x_wconf 86' lang='lat' dir='ltr'><strong>com-</strong></span> 
     </span>
    </p>
   </div>
   <div class='ocr_carea' id='block_1_69' title="bbox 385 4141 1944 4211">
    <p class='ocr_par' dir='ltr' id='par_1_69' title="bbox 385 4141 1944 4211">
     <span class='ocr_line' id='line_1_69' title="bbox 385 4141 1944 4211; baseline 0.001 -17"><span class='ocrx_word' id='word_1_482' title='bbox 385 4141 585 4211; x_wconf 87' lang='lat' dir='ltr'><strong>posita,</strong></span> <span class='ocrx_word' id='word_1_483' title='bbox 612 4143 754 4210; x_wconf 89' lang='lat' dir='ltr'><strong>quod</strong></span> <span class='ocrx_word' id='word_1_484' title='bbox 785 4150 869 4196; x_wconf 87' lang='lat' dir='ltr'><strong>est</strong></span> <span class='ocrx_word' id='word_1_485' title='bbox 912 4144 1149 4197; x_wconf 87' lang='lat' dir='ltr'><strong>alienum</strong></span> <span class='ocrx_word' id='word_1_486' title='bbox 1193 4159 1221 4196; x_wconf 88' lang='lat' dir='ltr'><strong>a</strong></span> <span class='ocrx_word' id='word_1_487' title='bbox 1257 4143 1610 4199; x_wconf 77' lang='lat' dir='ltr'><strong>fundamento</strong></span> <span class='ocrx_word' id='word_1_488' title='bbox 1644 4143 1944 4198; x_wconf 60' lang='lat' dir='ltr'><strong>Manichai.</strong></span> 
     </span>
    </p>
   </div>
   <div class='ocr_carea' id='block_1_70' title="bbox 456 4230 1948 4305">
    <p class='ocr_par' dir='ltr' id='par_1_70' title="bbox 456 4230 1948 4305">
     <span class='ocr_line' id='line_1_70' title="bbox 456 4230 1948 4305; baseline 0.002 -19"><span class='ocrx_word' id='word_1_489' title='bbox 456 4230 739 4299; x_wconf 84' lang='lat' dir='ltr'><strong>Quomodo</strong></span> <span class='ocrx_word' id='word_1_490' title='bbox 762 4242 939 4288; x_wconf 87' lang='lat' dir='ltr'><strong>autem</strong></span> <span class='ocrx_word' id='word_1_491' title='bbox 973 4236 1240 4289; x_wconf 86' lang='lat' dir='ltr'><strong>videbitur</strong></span> <span class='ocrx_word' id='word_1_492' title='bbox 1268 4235 1314 4289; x_wconf 90' lang='lat' dir='ltr'><strong>ei</strong></span> <span class='ocrx_word' id='word_1_493' title='bbox 1341 4236 1395 4289; x_wconf 90' lang='lat' dir='ltr'><strong>in</strong></span> <span class='ocrx_word' id='word_1_494' title='bbox 1432 4235 1575 4305; x_wconf 84' lang='lat' dir='ltr'><strong>igne,</strong></span> <span class='ocrx_word' id='word_1_495' title='bbox 1597 4237 1701 4290; x_wconf 91' lang='lat' dir='ltr'><strong>hoc</strong></span> <span class='ocrx_word' id='word_1_496' title='bbox 1724 4236 1948 4305; x_wconf 89' lang='lat' dir='ltr'><strong>quidem</strong></span> 
     </span>
    </p>
   </div>
   <div class='ocr_carea' id='block_1_71' title="bbox 385 4325 1947 4393">
    <p class='ocr_par' dir='ltr' id='par_1_71' title="bbox 385 4325 1947 4393">
     <span class='ocr_line' id='line_1_71' title="bbox 385 4325 1947 4393; baseline -0.001 -14"><span class='ocrx_word' id='word_1_497' title='bbox 385 4339 509 4379; x_wconf 87' lang='lat' dir='ltr'><strong>esse</strong></span> <span class='ocrx_word' id='word_1_498' title='bbox 539 4325 800 4388; x_wconf 88' lang='lat' dir='ltr'><strong>salutare,</strong></span> <span class='ocrx_word' id='word_1_499' title='bbox 835 4325 979 4393; x_wconf 87' lang='lat' dir='ltr'><strong>quod</strong></span> <span class='ocrx_word' id='word_1_500' title='bbox 1000 4335 1083 4379; x_wconf 84' lang='lat' dir='ltr'><strong>est</strong></span> <span class='ocrx_word' id='word_1_501' title='bbox 1112 4326 1260 4387; x_wconf 90' lang='lat' dir='ltr'><strong>boni,</strong></span> <span class='ocrx_word' id='word_1_502' title='bbox 1293 4325 1399 4379; x_wconf 91' lang='lat' dir='ltr'><strong>hoc</strong></span> <span class='ocrx_word' id='word_1_503' title='bbox 1438 4341 1568 4380; x_wconf 90' lang='lat' dir='ltr'><strong>vero</strong></span> <span class='ocrx_word' id='word_1_504' title='bbox 1603 4325 1947 4379; x_wconf 82' lang='lat' dir='ltr'><strong>mortiferum</strong></span> 
     </span>
    </p>
   </div>
   <div class='ocr_carea' id='block_1_72' title="bbox 384 4413 1947 4484">
    <p class='ocr_par' dir='ltr' id='par_1_72' title="bbox 384 4413 1947 4484">
     <span class='ocr_line' id='line_1_72' title="bbox 384 4413 1947 4484; baseline 0.001 -17"><span class='ocrx_word' id='word_1_505' title='bbox 384 4420 440 4468; x_wconf 92' lang='lat' dir='ltr'><strong>et</strong></span> <span class='ocrx_word' id='word_1_506' title='bbox 477 4427 662 4478; x_wconf 89' lang='lat' dir='ltr'><strong>urens,</strong></span> <span class='ocrx_word' id='word_1_507' title='bbox 695 4413 839 4483; x_wconf 90' lang='lat' dir='ltr'><strong>quod</strong></span> <span class='ocrx_word' id='word_1_508' title='bbox 870 4422 952 4469; x_wconf 89' lang='lat' dir='ltr'><strong>est</strong></span> <span class='ocrx_word' id='word_1_509' title='bbox 987 4413 1132 4476; x_wconf 88' lang='lat' dir='ltr'><strong>mali,</strong></span> <span class='ocrx_word' id='word_1_510' title='bbox 1168 4414 1273 4467; x_wconf 90' lang='lat' dir='ltr'><strong>nisi</strong></span> <span class='ocrx_word' id='word_1_511' title='bbox 1306 4415 1494 4468; x_wconf 78' lang='lat' dir='ltr'><strong>insane</strong></span> <span class='ocrx_word' id='word_1_512' title='bbox 1529 4414 1691 4484; x_wconf 81' lang='lat' dir='ltr'><strong>ﬁngat</strong></span> <span class='ocrx_word' id='word_1_513' title='bbox 1738 4415 1947 4469; x_wconf 86' lang='lat' dir='ltr'><strong>mistio-</strong></span> 
     </span>
    </p>
   </div>
   <div class='ocr_carea' id='block_1_73' title="bbox 2060 3224 3627 3295">
    <p class='ocr_par' dir='ltr' id='par_1_73' title="bbox 2060 3224 3627 3295">
     <span class='ocr_line' id='line_1_73' title="bbox 2060 3224 3627 3295; baseline -0.001 -14"><span class='ocrx_word' id='word_1_514' title='bbox 2060 3227 2365 3281; x_wconf 81' lang='grc' dir='ltr'>τούναντίον</span> <span class='ocrx_word' id='word_1_515' title='bbox 2412 3225 2504 3279; x_wconf 87' lang='grc' dir='ltr'><strong>τοῦ</strong></span> <span class='ocrx_word' id='word_1_516' title='bbox 2553 3224 2759 3289; x_wconf 85' lang='grc' dir='ltr'>κακοῦ;</span> <span class='ocrx_word' id='word_1_517' title='bbox 2808 3225 2968 3276; x_wconf 85' lang='grc' dir='ltr'>ὁπότε</span> <span class='ocrx_word' id='word_1_518' title='bbox 3000 3224 3260 3295; x_wconf 84' lang='grc' dir='ltr'>διαίρεσιν</span> <span class='ocrx_word' id='word_1_519' title='bbox 3290 3226 3393 3278; x_wconf 83' lang='grc' dir='ltr'><strong>οὑκ</strong></span> <span class='ocrx_word' id='word_1_520' title='bbox 3444 3227 3627 3279; x_wconf 78' lang='grc' dir='ltr'>ἐπιδέ-</span> 
     </span>
    </p>
   </div>
   <div class='ocr_carea' id='block_1_74' title="bbox 2061 3313 3624 3389">
    <p class='ocr_par' dir='ltr' id='par_1_74' title="bbox 2061 3313 3624 3389">
     <span class='ocr_line' id='line_1_74' title="bbox 2061 3313 3624 3389; baseline -0.003 -18"><span class='ocrx_word' id='word_1_521' title='bbox 2061 3335 2239 3389; x_wconf 85' lang='grc' dir='ltr'>χεται,</span> <span class='ocrx_word' id='word_1_522' title='bbox 2270 3318 2452 3388; x_wconf 80' lang='grc' dir='ltr'>ἐπειδή</span> <span class='ocrx_word' id='word_1_523' title='bbox 2478 3331 2542 3385; x_wconf 87' lang='grc' dir='ltr'><strong>γε</strong></span> <span class='ocrx_word' id='word_1_524' title='bbox 2575 3316 2693 3368; x_wconf 83' lang='grc' dir='ltr'>οὑδὲ</span> <span class='ocrx_word' id='word_1_525' title='bbox 2721 3318 2915 3387; x_wconf 80' lang='grc' dir='ltr'>κρᾶσιν</span> <span class='ocrx_word' id='word_1_526' title='bbox 2942 3313 3244 3379; x_wconf 76' lang='grc' dir='ltr'>ἐπεδέξατο,</span> <span class='ocrx_word' id='word_1_527' title='bbox 3276 3316 3518 3386; x_wconf 77' lang='grc' dir='ltr'>ἄκρατον</span> <span class='ocrx_word' id='word_1_528' title='bbox 3546 3316 3624 3371; x_wconf 79' lang='grc' dir='ltr'>δν.</span> 
     </span>
    </p>
   </div>
   <div class='ocr_carea' id='block_1_75' title="bbox 2061 3406 3626 3479">
    <p class='ocr_par' dir='ltr' id='par_1_75' title="bbox 2061 3406 3626 3479">
     <span class='ocr_line' id='line_1_75' title="bbox 2061 3406 3626 3479; baseline 0.001 -18"><span class='ocrx_word' id='word_1_529' title='bbox 2061 3408 2134 3461; x_wconf 84' lang='grc' dir='ltr'><strong>Τὸ</strong></span> <span class='ocrx_word' id='word_1_530' title='bbox 2167 3407 2395 3479; x_wconf 79' lang='grc' dir='ltr'>μὲνγὰρ</span> <span class='ocrx_word' id='word_1_531' title='bbox 2443 3406 2500 3460; x_wconf 79' lang='grc' dir='ltr'>ἓν</span> <span class='ocrx_word' id='word_1_532' title='bbox 2544 3406 2701 3477; x_wconf 84' lang='grc' dir='ltr'>σῶμα</span> <span class='ocrx_word' id='word_1_533' title='bbox 2754 3407 2850 3459; x_wconf 70' lang='grc' dir='ltr'><strong>καὶ</strong></span> <span class='ocrx_word' id='word_1_534' title='bbox 2895 3408 3177 3479; x_wconf 79' lang='grc' dir='ltr'>διαιρεῖται</span> <span class='ocrx_word' id='word_1_535' title='bbox 3224 3409 3291 3478; x_wconf 81' lang='grc' dir='ltr'>τῇ</span> <span class='ocrx_word' id='word_1_536' title='bbox 3326 3406 3460 3475; x_wconf 89' lang='grc' dir='ltr'>γοῦν</span> <span class='ocrx_word' id='word_1_537' title='bbox 3506 3412 3626 3462; x_wconf 78' lang='grc' dir='ltr'>ὲπι-</span> 
     </span>
    </p>
   </div>
   <div class='ocr_carea' id='block_1_76' title="bbox 2060 3496 3627 3571">
    <p class='ocr_par' dir='ltr' id='par_1_76' title="bbox 2060 3496 3627 3571">
     <span class='ocr_line' id='line_1_76' title="bbox 2060 3496 3627 3571; baseline -0.001 -18"><span class='ocrx_word' id='word_1_538' title='bbox 2060 3501 2207 3571; x_wconf 73' lang='grc' dir='ltr'>νοίᾳο</span> <span class='ocrx_word' id='word_1_539' title='bbox 2253 3500 2314 3552; x_wconf 81' lang='grc' dir='ltr'><strong>τὸ</strong></span> <span class='ocrx_word' id='word_1_540' title='bbox 2359 3499 2416 3551; x_wconf 82' lang='grc' dir='ltr'>δὲ</span> <span class='ocrx_word' id='word_1_541' title='bbox 2475 3496 2708 3569; x_wconf 76' lang='grc' dir='ltr'>ἄκρατον</span> <span class='ocrx_word' id='word_1_542' title='bbox 2762 3500 3020 3567; x_wconf 86' lang='grc' dir='ltr'>στοιχεῖον</span> <span class='ocrx_word' id='word_1_543' title='bbox 3078 3498 3195 3561; x_wconf 85' lang='grc' dir='ltr'>πῶς</span> <span class='ocrx_word' id='word_1_544' title='bbox 3254 3498 3316 3563; x_wconf 82' lang='grc' dir='ltr'>ἐξ</span> <span class='ocrx_word' id='word_1_545' title='bbox 3366 3501 3627 3554; x_wconf 75' lang='grc' dir='ltr'>ἐναντίων</span> 
     </span>
    </p>
   </div>
   <div class='ocr_carea' id='block_1_77' title="bbox 2061 3589 3625 3664">
    <p class='ocr_par' dir='ltr' id='par_1_77' title="bbox 2061 3589 3625 3664">
     <span class='ocr_line' id='line_1_77' title="bbox 2061 3589 3625 3664; baseline 0.001 -20"><span class='ocrx_word' id='word_1_546' title='bbox 2061 3591 2376 3660; x_wconf 81' lang='grc' dir='ltr'>συγκεῖσθαι</span> <span class='ocrx_word' id='word_1_547' title='bbox 2420 3589 2617 3656; x_wconf 81' lang='grc' dir='ltr'>δόξειεν</span> <span class='ocrx_word' id='word_1_548' title='bbox 2668 3590 2765 3654; x_wconf 59' lang='lat' dir='ltr'><strong>av;</strong></span> <span class='ocrx_word' id='word_1_549' title='bbox 2819 3590 2979 3644; x_wconf 82' lang='grc' dir='ltr'>ποίαν</span> <span class='ocrx_word' id='word_1_550' title='bbox 3020 3590 3078 3642; x_wconf 83' lang='grc' dir='ltr'>δὲ</span> <span class='ocrx_word' id='word_1_551' title='bbox 3133 3591 3226 3643; x_wconf 75' lang='grc' dir='ltr'><strong>καὶ</strong></span> <span class='ocrx_word' id='word_1_552' title='bbox 3268 3592 3625 3664; x_wconf 74' lang='grc' dir='ltr'>ἐναντιότητα</span> 
     </span>
    </p>
   </div>
   <div class='ocr_carea' id='block_1_78' title="bbox 2057 3681 2991 3752">
    <p class='ocr_par' dir='ltr' id='par_1_78' title="bbox 2057 3681 2991 3752">
     <span class='ocr_line' id='line_1_78' title="bbox 2057 3681 2991 3752; baseline -0.001 -17"><span class='ocrx_word' id='word_1_553' title='bbox 2057 3681 2337 3751; x_wconf 81' lang='grc' dir='ltr'>λογίσηται</span> <span class='ocrx_word' id='word_1_554' title='bbox 2368 3682 2432 3734; x_wconf 77' lang='grc' dir='ltr'>ἄν</span> <span class='ocrx_word' id='word_1_555' title='bbox 2457 3698 2541 3744; x_wconf 84' lang='grc' dir='ltr'><strong>τις</strong></span> <span class='ocrx_word' id='word_1_556' title='bbox 2573 3682 2795 3752; x_wconf 82' lang='grc' dir='ltr'>ἀκράτῳ</span> <span class='ocrx_word' id='word_1_557' title='bbox 2826 3682 2991 3752; x_wconf 87' lang='grc' dir='ltr'>πυρί;</span> 
     </span>
    </p>
   </div>
   <div class='ocr_carea' id='block_1_79' title="bbox 2126 3772 3622 3841">
    <p class='ocr_par' dir='ltr' id='par_1_79' title="bbox 2126 3772 3622 3841">
     <span class='ocr_line' id='line_1_79' title="bbox 2126 3772 3622 3841; baseline -0.001 -15"><span class='ocrx_word' id='word_1_558' title='bbox 2126 3774 2189 3826; x_wconf 84' lang='grc' dir='ltr'><strong>Εἰ</strong></span> <span class='ocrx_word' id='word_1_559' title='bbox 2235 3773 2409 3826; x_wconf 84' lang='grc' dir='ltr'>τοίνυν</span> <span class='ocrx_word' id='word_1_560' title='bbox 2447 3773 2672 3825; x_wconf 72' lang='grc' dir='ltr'>ἕκαστον</span> <span class='ocrx_word' id='word_1_561' title='bbox 2713 3772 3009 3841; x_wconf 78' lang='grc' dir='ltr'>ἐπισφαλὲς</span> <span class='ocrx_word' id='word_1_562' title='bbox 3054 3772 3227 3826; x_wconf 84' lang='grc' dir='ltr'>διόλου</span> <span class='ocrx_word' id='word_1_563' title='bbox 3269 3774 3395 3827; x_wconf 78' lang='grc' dir='ltr'>καθ’</span> <span class='ocrx_word' id='word_1_564' title='bbox 3439 3775 3622 3835; x_wconf 75' lang='grc' dir='ltr'>ἑαυτὸ,</span> 
     </span>
    </p>
   </div>
   <div class='ocr_carea' id='block_1_80' title="bbox 2055 3863 3622 3937">
    <p class='ocr_par' dir='ltr' id='par_1_80' title="bbox 2055 3863 3622 3937">
     <span class='ocr_line' id='line_1_80' title="bbox 2055 3863 3622 3937; baseline 0.001 -19"><span class='ocrx_word' id='word_1_565' title='bbox 2055 3865 2203 3919; x_wconf 82' lang='grc' dir='ltr'>οὐδὲν</span> <span class='ocrx_word' id='word_1_566' title='bbox 2235 3864 2415 3918; x_wconf 85' lang='grc' dir='ltr'>αὑτῶν</span> <span class='ocrx_word' id='word_1_567' title='bbox 2446 3864 2588 3918; x_wconf 84' lang='grc' dir='ltr'>κατὰ</span> <span class='ocrx_word' id='word_1_568' title='bbox 2627 3865 2715 3917; x_wconf 81' lang='grc' dir='ltr'><strong>τὸν</strong></span> <span class='ocrx_word' id='word_1_569' title='bbox 2741 3863 2836 3917; x_wconf 87' lang='grc' dir='ltr'><strong>τοῦ</strong></span> <span class='ocrx_word' id='word_1_570' title='bbox 2880 3865 3152 3928; x_wconf 80' lang='grc' dir='ltr'>Μάνεντος</span> <span class='ocrx_word' id='word_1_571' title='bbox 3195 3865 3353 3934; x_wconf 84' lang='grc' dir='ltr'>λόγον</span> <span class='ocrx_word' id='word_1_572' title='bbox 3393 3867 3622 3937; x_wconf 76' lang='grc' dir='ltr'>ἁρμόσει</span> 
     </span>
    </p>
   </div>
   <div class='ocr_carea' id='block_1_81' title="bbox 2053 3957 3622 4030">
    <p class='ocr_par' dir='ltr' id='par_1_81' title="bbox 2053 3957 3622 4030">
     <span class='ocr_line' id='line_1_81' title="bbox 2053 3957 3622 4030; baseline 0.001 -19"><span class='ocrx_word' id='word_1_573' title='bbox 2053 3958 2133 4029; x_wconf 81' lang='grc' dir='ltr'>τῷ</span> <span class='ocrx_word' id='word_1_574' title='bbox 2162 3957 2369 4028; x_wconf 77' lang='grc' dir='ltr'>ἀγαθῷ,</span> <span class='ocrx_word' id='word_1_575' title='bbox 2395 3957 2529 4011; x_wconf 88' lang='grc' dir='ltr'><strong>ἀλλά</strong></span> <span class='ocrx_word' id='word_1_576' title='bbox 2569 3957 2744 4010; x_wconf 84' lang='grc' dir='ltr'>πάντα</span> <span class='ocrx_word' id='word_1_577' title='bbox 2787 3957 2884 4027; x_wconf 82' lang='grc' dir='ltr'><strong>μὲν</strong></span> <span class='ocrx_word' id='word_1_578' title='bbox 2923 3958 3265 4011; x_wconf 84' lang='grc' dir='ltr'>ἀνακείσεται</span> <span class='ocrx_word' id='word_1_579' title='bbox 3305 3958 3385 4030; x_wconf 83' lang='grc' dir='ltr'>τῷ</span> <span class='ocrx_word' id='word_1_580' title='bbox 3432 3963 3622 4030; x_wconf 78' lang='grc' dir='ltr'>κακῷ’</span> 
     </span>
    </p>
   </div>
   <div class='ocr_carea' id='block_1_82' title="bbox 2054 4048 3624 4121">
    <p class='ocr_par' dir='ltr' id='par_1_82' title="bbox 2054 4048 3624 4121">
     <span class='ocr_line' id='line_1_82' title="bbox 2054 4048 3624 4121; baseline 0.001 -18"><span class='ocrx_word' id='word_1_581' title='bbox 2054 4050 2152 4103; x_wconf 85' lang='grc' dir='ltr'><strong>οὑκ</strong></span> <span class='ocrx_word' id='word_1_582' title='bbox 2175 4050 2323 4102; x_wconf 78' lang='grc' dir='ltr'>ἔσται</span> <span class='ocrx_word' id='word_1_583' title='bbox 2350 4049 2406 4101; x_wconf 85' lang='grc' dir='ltr'>δὲ</span> <span class='ocrx_word' id='word_1_584' title='bbox 2436 4049 2502 4101; x_wconf 82' lang='grc' dir='ltr'>τὰ</span> <span class='ocrx_word' id='word_1_585' title='bbox 2537 4048 2759 4118; x_wconf 84' lang='grc' dir='ltr'>σώματα</span> <span class='ocrx_word' id='word_1_586' title='bbox 2785 4048 2842 4114; x_wconf 83' lang='grc' dir='ltr'><strong>ἐξ</strong></span> <span class='ocrx_word' id='word_1_587' title='bbox 2871 4049 3058 4121; x_wconf 81' lang='grc' dir='ltr'>ἐτέρου</span> <span class='ocrx_word' id='word_1_588' title='bbox 3091 4052 3450 4121; x_wconf 81' lang='grc' dir='ltr'>συγκείμενα,</span> <span class='ocrx_word' id='word_1_589' title='bbox 3473 4054 3624 4107; x_wconf 65' lang='grc' dir='ltr'>ἀλλο-</span> 
     </span>
    </p>
   </div>
   <div class='ocr_carea' id='block_1_83' title="bbox 2053 4141 3093 4213">
    <p class='ocr_par' dir='ltr' id='par_1_83' title="bbox 2053 4141 3093 4213">
     <span class='ocr_line' id='line_1_83' title="bbox 2053 4141 3093 4213; baseline 0 -18"><span class='ocrx_word' id='word_1_590' title='bbox 2053 4142 2218 4213; x_wconf 89' lang='grc' dir='ltr'>τρίως</span> <span class='ocrx_word' id='word_1_591' title='bbox 2244 4145 2308 4213; x_wconf 77' lang='grc' dir='ltr'>τῇ</span> <span class='ocrx_word' id='word_1_592' title='bbox 2338 4141 2429 4194; x_wconf 91' lang='grc' dir='ltr'><strong>τοῦ</strong></span> <span class='ocrx_word' id='word_1_593' title='bbox 2454 4141 2726 4203; x_wconf 83' lang='grc' dir='ltr'>Μάνεντος</span> <span class='ocrx_word' id='word_1_594' title='bbox 2756 4141 3028 4195; x_wconf 81' lang='grc' dir='ltr'>ὑποθέσει.</span> <span class='ocrx_word' id='word_1_595' title='bbox 3086 4162 3093 4169; x_wconf 53' lang='grc' dir='ltr'>ε</span> 
     </span>
    </p>
   </div>
   <div class='ocr_carea' id='block_1_84' title="bbox 2124 4228 3622 4305">
    <p class='ocr_par' dir='ltr' id='par_1_84' title="bbox 2124 4228 3622 4305">
     <span class='ocr_line' id='line_1_84' title="bbox 2124 4228 3622 4305; baseline 0.002 -21"><span class='ocrx_word' id='word_1_596' title='bbox 2124 4232 2247 4295; x_wconf 77' lang='grc' dir='ltr'><strong>Πῶς</strong></span> <span class='ocrx_word' id='word_1_597' title='bbox 2276 4231 2331 4283; x_wconf 85' lang='grc' dir='ltr'><strong>δὲ</strong></span> <span class='ocrx_word' id='word_1_598' title='bbox 2369 4228 2515 4299; x_wconf 83' lang='grc' dir='ltr'>αὑτῷ</span> <span class='ocrx_word' id='word_1_599' title='bbox 2542 4230 2602 4282; x_wconf 82' lang='grc' dir='ltr'>τὺ</span> <span class='ocrx_word' id='word_1_600' title='bbox 2644 4230 2740 4301; x_wconf 84' lang='grc' dir='ltr'><strong>μέν</strong></span> <span class='ocrx_word' id='word_1_601' title='bbox 2767 4247 2820 4282; x_wconf 87' lang='grc' dir='ltr'><strong>τι</strong></span> <span class='ocrx_word' id='word_1_602' title='bbox 2845 4229 2939 4283; x_wconf 91' lang='grc' dir='ltr'><strong>τοῦ</strong></span> <span class='ocrx_word' id='word_1_603' title='bbox 2970 4230 3139 4301; x_wconf 73' lang='grc' dir='ltr'>πυρὸς</span> <span class='ocrx_word' id='word_1_604' title='bbox 3162 4230 3305 4296; x_wconf 79' lang='grc' dir='ltr'>δόξει</span> <span class='ocrx_word' id='word_1_605' title='bbox 3349 4233 3622 4305; x_wconf 79' lang='grc' dir='ltr'>θεραπευ-</span> 
     </span>
    </p>
   </div>
   <div class='ocr_carea' id='block_1_85' title="bbox 2052 4318 3623 4391">
    <p class='ocr_par' dir='ltr' id='par_1_85' title="bbox 2052 4318 3623 4391">
     <span class='ocr_line' id='line_1_85' title="bbox 2052 4318 3623 4391; baseline 0.001 -15"><span class='ocrx_word' id='word_1_606' title='bbox 2052 4323 2219 4387; x_wconf 78' lang='grc' dir='ltr'>τικὸν,</span> <span class='ocrx_word' id='word_1_607' title='bbox 2251 4324 2372 4375; x_wconf 83' lang='grc' dir='ltr'>ὅσον</span> <span class='ocrx_word' id='word_1_608' title='bbox 2396 4318 2488 4373; x_wconf 83' lang='grc' dir='ltr'><strong>τοῦ</strong></span> <span class='ocrx_word' id='word_1_609' title='bbox 2514 4319 2739 4389; x_wconf 88' lang='grc' dir='ltr'>ἀγαθοῦ,</span> <span class='ocrx_word' id='word_1_610' title='bbox 2765 4321 2825 4374; x_wconf 80' lang='grc' dir='ltr'>τὺ</span> <span class='ocrx_word' id='word_1_611' title='bbox 2848 4321 2903 4374; x_wconf 85' lang='grc' dir='ltr'><strong>δέ</strong></span> <span class='ocrx_word' id='word_1_612' title='bbox 2926 4338 2978 4374; x_wconf 91' lang='grc' dir='ltr'><strong>τι</strong></span> <span class='ocrx_word' id='word_1_613' title='bbox 3004 4321 3245 4391; x_wconf 79' lang='grc' dir='ltr'>όλέθριον</span> <span class='ocrx_word' id='word_1_614' title='bbox 3269 4326 3367 4376; x_wconf 77' lang='grc' dir='ltr'><strong>καὶ</strong></span> <span class='ocrx_word' id='word_1_615' title='bbox 3401 4343 3623 4378; x_wconf 78' lang='grc' dir='ltr'>καυστι-</span> 
     </span>
    </p>
   </div>
   <div class='ocr_carea' id='block_1_86' title="bbox 2053 4413 3625 4489">
    <p class='ocr_par' dir='ltr' id='par_1_86' title="bbox 2053 4413 3625 4489">
     <span class='ocr_line' id='line_1_86' title="bbox 2053 4413 3625 4489; baseline 0.003 -21"><span class='ocrx_word' id='word_1_616' title='bbox 2053 4416 2167 4480; x_wconf 81' lang='grc' dir='ltr'>κὸν,</span> <span class='ocrx_word' id='word_1_617' title='bbox 2197 4416 2318 4467; x_wconf 84' lang='grc' dir='ltr'>ὅσον</span> <span class='ocrx_word' id='word_1_618' title='bbox 2347 4414 2440 4467; x_wconf 90' lang='grc' dir='ltr'><strong>τοῦ</strong></span> <span class='ocrx_word' id='word_1_619' title='bbox 2472 4413 2664 4476; x_wconf 88' lang='grc' dir='ltr'>κακοῦ,</span> <span class='ocrx_word' id='word_1_620' title='bbox 2690 4415 2737 4466; x_wconf 77' lang='grc' dir='ltr'><strong>εἰ</strong></span> <span class='ocrx_word' id='word_1_621' title='bbox 2767 4414 2842 4486; x_wconf 79' lang='grc' dir='ltr'><strong>μὴ</strong></span> <span class='ocrx_word' id='word_1_622' title='bbox 2872 4414 2966 4468; x_wconf 75' lang='grc' dir='ltr'>καὶ</span> <span class='ocrx_word' id='word_1_623' title='bbox 2991 4415 3097 4467; x_wconf 85' lang='grc' dir='ltr'><strong>τῶν</strong></span> <span class='ocrx_word' id='word_1_624' title='bbox 3130 4417 3405 4484; x_wconf 84' lang='grc' dir='ltr'>σωμάτων</span> <span class='ocrx_word' id='word_1_625' title='bbox 3431 4420 3625 4489; x_wconf 73' lang='grc' dir='ltr'>κρᾶσιν</span> 
     </span>
    </p>
   </div>
   <div class='ocr_carea' id='block_1_87' title="bbox 385 4493 1954 4579">
    <p class='ocr_par' dir='ltr' id='par_1_87' title="bbox 385 4502 1947 4576">
     <span class='ocr_line' id='line_1_87' title="bbox 385 4502 1947 4576; baseline 0.001 -20"><span class='ocrx_word' id='word_1_626' title='bbox 385 4517 509 4557; x_wconf 91' lang='lat' dir='ltr'><strong>nem</strong></span> <span class='ocrx_word' id='word_1_627' title='bbox 534 4504 922 4558; x_wconf 85' lang='lat' dir='ltr'><strong>elementorum</strong></span> <span class='ocrx_word' id='word_1_628' title='bbox 960 4518 1025 4557; x_wconf 81' lang='lat' dir='ltr'><strong>ex</strong></span> <span class='ocrx_word' id='word_1_629' title='bbox 1064 4502 1206 4557; x_wconf 90' lang='lat' dir='ltr'><strong>bono</strong></span> <span class='ocrx_word' id='word_1_630' title='bbox 1237 4510 1291 4557; x_wconf 84' lang='lat' dir='ltr'><strong>et</strong></span> <span class='ocrx_word' id='word_1_631' title='bbox 1320 4520 1383 4558; x_wconf 83' lang='lat' dir='ltr'><strong>ex</strong></span> <span class='ocrx_word' id='word_1_632' title='bbox 1416 4505 1595 4559; x_wconf 86' lang='lat' dir='ltr'><strong>malo?</strong></span> <span class='ocrx_word' id='word_1_633' title='bbox 1634 4507 1779 4576; x_wconf 92' lang='lat' dir='ltr'><strong>quod</strong></span> <span class='ocrx_word' id='word_1_634' title='bbox 1827 4506 1947 4575; x_wconf 88' lang='lat' dir='ltr'><strong>qui-</strong></span> 
     </span>
    </p>
   </div>
   <div class='ocr_carea' id='block_1_88' title="bbox 2075 4493 3622 4579">
    <p class='ocr_par' dir='ltr' id='par_1_88' title="bbox 2075 4505 3622 4579">
     <span class='ocr_line' id='line_1_88' title="bbox 2075 4505 3622 4579; baseline 0.002 -20"><span class='ocrx_word' id='word_1_635' title='bbox 2075 4507 2253 4576; x_wconf 86' lang='grc' dir='ltr'>ιγαθοῦ</span> <span class='ocrx_word' id='word_1_636' title='bbox 2283 4523 2341 4559; x_wconf 88' lang='grc' dir='ltr'><strong>τε</strong></span> <span class='ocrx_word' id='word_1_637' title='bbox 2369 4507 2461 4559; x_wconf 74' lang='grc' dir='ltr'>καὶ</span> <span class='ocrx_word' id='word_1_638' title='bbox 2488 4505 2658 4560; x_wconf 87' lang='grc' dir='ltr'>κακοῦ</span> <span class='ocrx_word' id='word_1_639' title='bbox 2690 4506 2932 4576; x_wconf 84' lang='grc' dir='ltr'>μανικῶς</span> <span class='ocrx_word' id='word_1_640' title='bbox 2961 4507 3324 4575; x_wconf 73' lang='grc' dir='ltr'>ἐφαντάζετος</span> <span class='ocrx_word' id='word_1_641' title='bbox 3357 4511 3501 4579; x_wconf 82' lang='grc' dir='ltr'>ὅπερ</span> <span class='ocrx_word' id='word_1_642' title='bbox 3522 4508 3622 4562; x_wconf 81' lang='grc' dir='ltr'>οἰό-</span> 
     </span>
    </p>
   </div>
   <div class='ocr_carea' id='block_1_89' title="bbox 384 4595 1945 4665">
    <p class='ocr_par' dir='ltr' id='par_1_89' title="bbox 384 4595 1945 4665">
     <span class='ocr_line' id='line_1_89' title="bbox 384 4595 1945 4665; baseline 0.002 -16"><span class='ocrx_word' id='word_1_643' title='bbox 384 4595 507 4650; x_wconf 89' lang='lat' dir='ltr'><strong>dem</strong></span> <span class='ocrx_word' id='word_1_644' title='bbox 538 4595 584 4650; x_wconf 87' lang='lat' dir='ltr'><strong>si</strong></span> <span class='ocrx_word' id='word_1_645' title='bbox 616 4603 789 4664; x_wconf 88' lang='lat' dir='ltr'><strong>putet,</strong></span> <span class='ocrx_word' id='word_1_646' title='bbox 820 4604 1044 4665; x_wconf 85' lang='lat' dir='ltr'><strong>cogetur</strong></span> <span class='ocrx_word' id='word_1_647' title='bbox 1091 4595 1329 4649; x_wconf 87' lang='lat' dir='ltr'><strong>tribuere</strong></span> <span class='ocrx_word' id='word_1_648' title='bbox 1362 4595 1490 4661; x_wconf 85' lang='lat' dir='ltr'><strong>Deo,</strong></span> <span class='ocrx_word' id='word_1_649' title='bbox 1527 4612 1648 4665; x_wconf 73' lang='lat' dir='ltr'><strong>quae</strong></span> <span class='ocrx_word' id='word_1_650' title='bbox 1697 4598 1841 4651; x_wconf 89' lang='lat' dir='ltr'><strong>volet</strong></span> <span class='ocrx_word' id='word_1_651' title='bbox 1880 4613 1945 4652; x_wconf 81' lang='lat' dir='ltr'><strong>ex</strong></span> 
     </span>
    </p>
   </div>
   <div class='ocr_carea' id='block_1_90' title="bbox 383 4687 1947 4756">
    <p class='ocr_par' dir='ltr' id='par_1_90' title="bbox 383 4687 1947 4756">
     <span class='ocr_line' id='line_1_90' title="bbox 383 4687 1947 4756; baseline 0.003 -18"><span class='ocrx_word' id='word_1_652' title='bbox 383 4695 620 4754; x_wconf 87' lang='lat' dir='ltr'><strong>quatuor</strong></span> <span class='ocrx_word' id='word_1_653' title='bbox 661 4687 966 4749; x_wconf 86' lang='lat' dir='ltr'><strong>elementis,</strong></span> <span class='ocrx_word' id='word_1_654' title='bbox 1021 4703 1141 4756; x_wconf 75' lang='lat' dir='ltr'><strong>qua:</strong></span> <span class='ocrx_word' id='word_1_655' title='bbox 1179 4703 1243 4742; x_wconf 83' lang='lat' dir='ltr'><strong>ex</strong></span> <span class='ocrx_word' id='word_1_656' title='bbox 1287 4695 1399 4741; x_wconf 90' lang='lat' dir='ltr'><strong>toto</strong></span> <span class='ocrx_word' id='word_1_657' title='bbox 1439 4695 1494 4741; x_wconf 91' lang='lat' dir='ltr'><strong>et</strong></span> <span class='ocrx_word' id='word_1_658' title='bbox 1540 4688 1817 4743; x_wconf 90' lang='lat' dir='ltr'><strong>individue</strong></span> <span class='ocrx_word' id='word_1_659' title='bbox 1852 4690 1947 4742; x_wconf 85' lang='lat' dir='ltr'><strong>tali</strong></span> 
     </span>
    </p>
   </div>
   <div class='ocr_carea' id='block_1_91' title="bbox 385 4777 1946 4847">
    <p class='ocr_par' dir='ltr' id='par_1_91' title="bbox 385 4777 1946 4847">
     <span class='ocr_line' id='line_1_91' title="bbox 385 4777 1946 4847; baseline 0.002 -16"><span class='ocrx_word' id='word_1_660' title='bbox 385 4785 580 4831; x_wconf 88' lang='lat' dir='ltr'><strong>natura</strong></span> <span class='ocrx_word' id='word_1_661' title='bbox 622 4777 844 4847; x_wconf 74' lang='lat' dir='ltr'><strong>praedita</strong></span> <span class='ocrx_word' id='word_1_662' title='bbox 873 4786 1035 4842; x_wconf 88' lang='lat' dir='ltr'><strong>sunt,</strong></span> <span class='ocrx_word' id='word_1_663' title='bbox 1061 4786 1113 4832; x_wconf 92' lang='lat' dir='ltr'><strong>et</strong></span> <span class='ocrx_word' id='word_1_664' title='bbox 1142 4786 1397 4833; x_wconf 90' lang='lat' dir='ltr'><strong>cernetur</strong></span> <span class='ocrx_word' id='word_1_665' title='bbox 1413 4778 1659 4833; x_wconf 75' lang='lat' dir='ltr'><strong>confiteri</strong></span> <span class='ocrx_word' id='word_1_666' title='bbox 1682 4779 1946 4834; x_wconf 80' lang='lat' dir='ltr'><strong>exsistere</strong></span> 
     </span>
    </p>
   </div>
   <div class='ocr_carea' id='block_1_92' title="bbox 381 4865 1947 4935">
    <p class='ocr_par' dir='ltr' id='par_1_92' title="bbox 381 4865 1947 4935">
     <span class='ocr_line' id='line_1_92' title="bbox 381 4865 1947 4935; baseline -0.003 -14"><span class='ocrx_word' id='word_1_667' title='bbox 381 4882 446 4921; x_wconf 76' lang='lat' dir='ltr'><strong>ex</strong></span> <span class='ocrx_word' id='word_1_668' title='bbox 483 4866 592 4921; x_wconf 81' lang='lat' dir='ltr'><strong>Deo</strong></span> <span class='ocrx_word' id='word_1_669' title='bbox 630 4882 861 4931; x_wconf 88' lang='lat' dir='ltr'><strong>merum,</strong></span> <span class='ocrx_word' id='word_1_670' title='bbox 889 4875 941 4920; x_wconf 91' lang='lat' dir='ltr'><strong>et</strong></span> <span class='ocrx_word' id='word_1_671' title='bbox 964 4882 1058 4935; x_wconf 87' lang='lat' dir='ltr'><strong>per</strong></span> <span class='ocrx_word' id='word_1_672' title='bbox 1080 4882 1138 4921; x_wconf 79' lang='lat' dir='ltr'><strong>se</strong></span> <span class='ocrx_word' id='word_1_673' title='bbox 1177 4882 1399 4921; x_wconf 85' lang='lat' dir='ltr'><strong>nocens.</strong></span> <span class='ocrx_word' id='word_1_674' title='bbox 1426 4865 1625 4919; x_wconf 79' lang='lat' dir='ltr'><strong>Dividit</strong></span> <span class='ocrx_word' id='word_1_675' title='bbox 1654 4873 1835 4918; x_wconf 79' lang='lat' dir='ltr'><strong>autem</strong></span> <span class='ocrx_word' id='word_1_676' title='bbox 1868 4866 1947 4917; x_wconf 87' lang='lat' dir='ltr'><strong>in-</strong></span> 
     </span>
    </p>
   </div>
   <div class='ocr_carea' id='block_1_93' title="bbox 381 4953 1945 5026">
    <p class='ocr_par' dir='ltr' id='par_1_93' title="bbox 381 4953 1945 5026">
     <span class='ocr_line' id='line_1_93' title="bbox 381 4953 1945 5026; baseline -0.002 -16"><span class='ocrx_word' id='word_1_677' title='bbox 381 4972 551 5011; x_wconf 85' lang='lat' dir='ltr'><strong>sanus</strong></span> <span class='ocrx_word' id='word_1_678' title='bbox 574 4966 822 5010; x_wconf 89' lang='lat' dir='ltr'><strong>naturam</strong></span> <span class='ocrx_word' id='word_1_679' title='bbox 855 4958 997 5026; x_wconf 84' lang='lat' dir='ltr'><strong>ignis</strong></span> <span class='ocrx_word' id='word_1_680' title='bbox 1037 4956 1392 5020; x_wconf 87' lang='lat' dir='ltr'><strong>individuam,</strong></span> <span class='ocrx_word' id='word_1_681' title='bbox 1437 4957 1625 5010; x_wconf 89' lang='lat' dir='ltr'><strong>dicens</strong></span> <span class='ocrx_word' id='word_1_682' title='bbox 1656 4953 1800 5007; x_wconf 90' lang='lat' dir='ltr'><strong>aliud</strong></span> <span class='ocrx_word' id='word_1_683' title='bbox 1824 4968 1945 5007; x_wconf 89' lang='lat' dir='ltr'><strong>esse</strong></span> 
     </span>
    </p>
   </div>
   <div class='ocr_carea' id='block_1_94' title="bbox 379 5043 1944 5116">
    <p class='ocr_par' dir='ltr' id='par_1_94' title="bbox 379 5043 1944 5116">
     <span class='ocr_line' id='line_1_94' title="bbox 379 5043 1944 5116; baseline -0.001 -17"><span class='ocrx_word' id='word_1_684' title='bbox 379 5046 436 5099; x_wconf 87' lang='lat' dir='ltr'><strong>in</strong></span> <span class='ocrx_word' id='word_1_685' title='bbox 478 5046 599 5116; x_wconf 88' lang='lat' dir='ltr'><strong>igne</strong></span> <span class='ocrx_word' id='word_1_686' title='bbox 632 5046 891 5108; x_wconf 88' lang='lat' dir='ltr'><strong>salutare,</strong></span> <span class='ocrx_word' id='word_1_687' title='bbox 927 5043 1071 5099; x_wconf 90' lang='lat' dir='ltr'><strong>aliud</strong></span> <span class='ocrx_word' id='word_1_688' title='bbox 1093 5060 1223 5099; x_wconf 83' lang='lat' dir='ltr'><strong>vero</strong></span> <span class='ocrx_word' id='word_1_689' title='bbox 1261 5059 1427 5099; x_wconf 90' lang='lat' dir='ltr'><strong>urens</strong></span> <span class='ocrx_word' id='word_1_690' title='bbox 1461 5062 1475 5099; x_wconf 89' lang='lat'><strong>:</strong></span> <span class='ocrx_word' id='word_1_691' title='bbox 1511 5043 1944 5113; x_wconf 85' lang='lat' dir='ltr'><strong>nonintelligens</strong></span> 
     </span>
    </p>
   </div>
   <div class='ocr_carea' id='block_1_95' title="bbox 380 5134 1944 5207">
    <p class='ocr_par' dir='ltr' id='par_1_95' title="bbox 380 5134 1944 5207">
     <span class='ocr_line' id='line_1_95' title="bbox 380 5134 1944 5207; baseline 0.001 -19"><span class='ocrx_word' id='word_1_692' title='bbox 380 5136 669 5199; x_wconf 83' lang='lat' dir='ltr'><strong>barbarus,</strong></span> <span class='ocrx_word' id='word_1_693' title='bbox 702 5137 757 5190; x_wconf 92' lang='lat' dir='ltr'><strong>in</strong></span> <span class='ocrx_word' id='word_1_694' title='bbox 787 5153 886 5191; x_wconf 90' lang='lat' dir='ltr'><strong>usu</strong></span> <span class='ocrx_word' id='word_1_695' title='bbox 915 5138 1055 5207; x_wconf 90' lang='lat' dir='ltr'><strong>ignis</strong></span> <span class='ocrx_word' id='word_1_696' title='bbox 1093 5152 1213 5191; x_wconf 90' lang='lat' dir='ltr'><strong>esse</strong></span> <span class='ocrx_word' id='word_1_697' title='bbox 1235 5136 1577 5198; x_wconf 86' lang='lat' dir='ltr'><strong>divisionem,</strong></span> <span class='ocrx_word' id='word_1_698' title='bbox 1610 5149 1717 5188; x_wconf 91' lang='lat' dir='ltr'><strong>non</strong></span> <span class='ocrx_word' id='word_1_699' title='bbox 1752 5134 1805 5187; x_wconf 92' lang='lat' dir='ltr'><strong>in</strong></span> <span class='ocrx_word' id='word_1_700' title='bbox 1846 5150 1944 5189; x_wconf 88' lang='lat' dir='ltr'><strong>na-</strong></span> 
     </span>
    </p>
   </div>
   <div class='ocr_carea' id='block_1_96' title="bbox 379 5229 1944 5300">
    <p class='ocr_par' dir='ltr' id='par_1_96' title="bbox 379 5229 1944 5300">
     <span class='ocr_line' id='line_1_96' title="bbox 379 5229 1944 5300; baseline 0.003 -22"><span class='ocrx_word' id='word_1_701' title='bbox 379 5234 501 5281; x_wconf 80' lang='lat' dir='ltr'><strong>tura</strong></span> <span class='ocrx_word' id='word_1_702' title='bbox 535 5229 676 5298; x_wconf 89' lang='lat' dir='ltr'><strong>ignis</strong></span> <span class='ocrx_word' id='word_1_703' title='bbox 707 5247 721 5297; x_wconf 89' lang='lat'><strong>;</strong></span> <span class='ocrx_word' id='word_1_704' title='bbox 750 5230 913 5297; x_wconf 88' lang='lat' dir='ltr'><strong>hujus</strong></span> <span class='ocrx_word' id='word_1_705' title='bbox 940 5230 1083 5284; x_wconf 91' lang='lat' dir='ltr'><strong>enim</strong></span> <span class='ocrx_word' id='word_1_706' title='bbox 1116 5231 1281 5283; x_wconf 91' lang='lat' dir='ltr'><strong>nimia</strong></span> <span class='ocrx_word' id='word_1_707' title='bbox 1317 5230 1713 5300; x_wconf 86' lang='lat' dir='ltr'><strong>propinquitas,</strong></span> <span class='ocrx_word' id='word_1_708' title='bbox 1761 5230 1944 5300; x_wconf 85' lang='lat' dir='ltr'><strong>perni-</strong></span> 
     </span>
    </p>
   </div>
   <div class='ocr_carea' id='block_1_97' title="bbox 377 5316 1942 5393">
    <p class='ocr_par' dir='ltr' id='par_1_97' title="bbox 377 5316 1942 5393">
     <span class='ocr_line' id='line_1_97' title="bbox 377 5316 1942 5393; baseline 0.005 -26"><span class='ocrx_word' id='word_1_709' title='bbox 377 5316 491 5372; x_wconf 88' lang='lat' dir='ltr'><strong>cies</strong></span> <span class='ocrx_word' id='word_1_710' title='bbox 517 5327 633 5385; x_wconf 88' lang='lat' dir='ltr'><strong>est;</strong></span> <span class='ocrx_word' id='word_1_711' title='bbox 667 5321 943 5375; x_wconf 89' lang='lat' dir='ltr'><strong>moderata</strong></span> <span class='ocrx_word' id='word_1_712' title='bbox 980 5338 1107 5377; x_wconf 82' lang='lat' dir='ltr'><strong>vero</strong></span> <span class='ocrx_word' id='word_1_713' title='bbox 1139 5323 1393 5376; x_wconf 79' lang='lat' dir='ltr'><strong>distantia</strong></span> <span class='ocrx_word' id='word_1_714' title='bbox 1432 5338 1679 5377; x_wconf 85' lang='lat' dir='ltr'><strong>securam</strong></span> <span class='ocrx_word' id='word_1_715' title='bbox 1718 5322 1942 5393; x_wconf 89' lang='lat' dir='ltr'><strong>partici-</strong></span> 
     </span>
    </p>
   </div>
   <div class='ocr_carea' id='block_1_98' title="bbox 380 5409 1937 5484">
    <p class='ocr_par' dir='ltr' id='par_1_98' title="bbox 380 5409 1937 5484">
     <span class='ocr_line' id='line_1_98' title="bbox 380 5409 1937 5484; baseline 0.008 -28"><span class='ocrx_word' id='word_1_716' title='bbox 380 5409 648 5472; x_wconf 87' lang='lat' dir='ltr'><strong>pationem</strong></span> <span class='ocrx_word' id='word_1_717' title='bbox 680 5412 880 5466; x_wconf 85' lang='lat' dir='ltr'><strong>caloris</strong></span> <span class='ocrx_word' id='word_1_718' title='bbox 905 5412 1056 5468; x_wconf 86' lang='lat' dir='ltr'><strong>all&#39;ert</strong></span> <span class='ocrx_word' id='word_1_719' title='bbox 1078 5432 1092 5480; x_wconf 75' lang='lat'><strong>&#39;,</strong></span> <span class='ocrx_word' id='word_1_720' title='bbox 1117 5429 1239 5468; x_wconf 88' lang='lat' dir='ltr'><strong>cum</strong></span> <span class='ocrx_word' id='word_1_721' title='bbox 1271 5415 1471 5484; x_wconf 91' lang='lat' dir='ltr'><strong>alioqui</strong></span> <span class='ocrx_word' id='word_1_722' title='bbox 1493 5416 1608 5484; x_wconf 67' lang='lat' dir='ltr'><strong>ipsn</strong></span> <span class='ocrx_word' id='word_1_723' title='bbox 1640 5416 1725 5469; x_wconf 87' lang='lat' dir='ltr'><strong>vis</strong></span> <span class='ocrx_word' id='word_1_724' title='bbox 1747 5415 1937 5470; x_wconf 87' lang='lat' dir='ltr'><strong>urendi</strong></span> 
     </span>
    </p>
   </div>
   <div class='ocr_carea' id='block_1_99' title="bbox 380 5496 1940 5577">
    <p class='ocr_par' dir='ltr' id='par_1_99' title="bbox 380 5496 1940 5577">
     <span class='ocr_line' id='line_1_99' title="bbox 380 5496 1940 5577; baseline 0.003 -18"><span class='ocrx_word' id='word_1_725' title='bbox 380 5496 517 5559; x_wconf 71' lang='grc'><strong>⁸01³,</strong></span> <span class='ocrx_word' id='word_1_726' title='bbox 574 5514 693 5569; x_wconf 73' lang='lat' dir='ltr'><strong>qua:</strong></span> <span class='ocrx_word' id='word_1_727' title='bbox 728 5503 943 5572; x_wconf 91' lang='lat' dir='ltr'><strong>quidem</strong></span> <span class='ocrx_word' id='word_1_728' title='bbox 983 5514 1067 5562; x_wconf 88' lang='lat' dir='ltr'><strong>est</strong></span> <span class='ocrx_word' id='word_1_729' title='bbox 1112 5507 1275 5577; x_wconf 83' lang='lat' dir='ltr'><strong>ignis,</strong></span> <span class='ocrx_word' id='word_1_730' title='bbox 1314 5509 1623 5563; x_wconf 85' lang='lat' dir='ltr'><strong>necessaria</strong></span> <span class='ocrx_word' id='word_1_731' title='bbox 1660 5508 1731 5563; x_wconf 86' lang='lat' dir='ltr'><strong>sit</strong></span> <span class='ocrx_word' id='word_1_732' title='bbox 1770 5526 1783 5562; x_wconf 90' lang='lat'>:</span> <span class='ocrx_word' id='word_1_733' title='bbox 1827 5509 1940 5563; x_wconf 59' lang='lat' dir='ltr'><strong>hac</strong></span> 
     </span>
    </p>
   </div>
   <div class='ocr_carea' id='block_1_100' title="bbox 449 5643 2015 5729">
    <p class='ocr_par' dir='ltr' id='par_1_100' title="bbox 449 5643 2015 5729">
     <span class='ocr_line' id='line_1_100' title="bbox 449 5643 2015 5729; baseline 0.012 -27"><span class='ocrx_word' id='word_1_734' title='bbox 449 5643 560 5712; x_wconf 68' lang='grc' dir='ltr'><strong>(ιϐ)</strong></span> <span class='ocrx_word' id='word_1_735' title='bbox 610 5651 869 5721; x_wconf 78' lang='grc' dir='ltr'>Ἀγαθοῦ.</span> <span class='ocrx_word' id='word_1_736' title='bbox 915 5656 1069 5712; x_wconf 81' lang='lat' dir='ltr'><strong>Boni.</strong></span> <span class='ocrx_word' id='word_1_737' title='bbox 1127 5657 1219 5713; x_wconf 85' lang='lat' dir='ltr'><strong>Sic</strong></span> <span class='ocrx_word' id='word_1_738' title='bbox 1268 5675 1433 5729; x_wconf 85' lang='lat' dir='ltr'><strong>supra</strong></span> <span class='ocrx_word' id='word_1_739' title='bbox 1495 5662 1658 5717; x_wconf 83' lang='lat' dir='ltr'><strong>vertit</strong></span> <span class='ocrx_word' id='word_1_740' title='bbox 1712 5660 2015 5721; x_wconf 84' lang='lat' dir='ltr'><strong>Turrianus</strong></span> 
     </span>
    </p>
   </div>
   <div class='ocr_carea' id='block_1_101' title="bbox 2053 4594 3621 4669">
    <p class='ocr_par' dir='ltr' id='par_1_101' title="bbox 2053 4594 3621 4669">
     <span class='ocr_line' id='line_1_101' title="bbox 2053 4594 3621 4669; baseline 0.002 -21"><span class='ocrx_word' id='word_1_741' title='bbox 2053 4613 2209 4666; x_wconf 86' lang='grc' dir='ltr'>μενος</span> <span class='ocrx_word' id='word_1_742' title='bbox 2236 4594 2707 4666; x_wconf 83' lang='grc' dir='ltr'>ἀναγκασθήσεται</span> <span class='ocrx_word' id='word_1_743' title='bbox 2738 4597 3027 4665; x_wconf 85' lang='grc' dir='ltr'>ἀπονεῖμαι</span> <span class='ocrx_word' id='word_1_744' title='bbox 3054 4595 3132 4665; x_wconf 79' lang='grc' dir='ltr'><strong>τῷ</strong></span> <span class='ocrx_word' id='word_1_745' title='bbox 3160 4596 3354 4669; x_wconf 86' lang='grc' dir='ltr'>ἀγαθῷ</span> <span class='ocrx_word' id='word_1_746' title='bbox 3382 4601 3494 4652; x_wconf 80' lang='grc' dir='ltr'>τῶν</span> <span class='ocrx_word' id='word_1_747' title='bbox 3516 4617 3621 4653; x_wconf 74' lang='grc' dir='ltr'>τετ-</span> 
     </span>
    </p>
   </div>
   <div class='ocr_carea' id='block_1_102' title="bbox 2049 4689 3620 4761">
    <p class='ocr_par' dir='ltr' id='par_1_102' title="bbox 2049 4689 3620 4761">
     <span class='ocr_line' id='line_1_102' title="bbox 2049 4689 3620 4761; baseline 0.001 -19"><span class='ocrx_word' id='word_1_748' title='bbox 2049 4691 2228 4760; x_wconf 85' lang='grc' dir='ltr'>σάρων</span> <span class='ocrx_word' id='word_1_749' title='bbox 2261 4689 2555 4758; x_wconf 87' lang='grc' dir='ltr'>στοιχείων,</span> <span class='ocrx_word' id='word_1_750' title='bbox 2603 4689 2744 4759; x_wconf 76' lang='grc' dir='ltr'>ἅπερ</span> <span class='ocrx_word' id='word_1_751' title='bbox 2792 4690 2857 4743; x_wconf 84' lang='grc' dir='ltr'><strong>ἂν</strong></span> <span class='ocrx_word' id='word_1_752' title='bbox 2906 4689 3068 4753; x_wconf 84' lang='grc' dir='ltr'>θέλοι,</span> <span class='ocrx_word' id='word_1_753' title='bbox 3110 4690 3384 4761; x_wconf 77' lang='grc' dir='ltr'>ὁλόκληρά</span> <span class='ocrx_word' id='word_1_754' title='bbox 3426 4710 3488 4745; x_wconf 84' lang='grc' dir='ltr'><strong>τε</strong></span> <span class='ocrx_word' id='word_1_755' title='bbox 3532 4694 3620 4748; x_wconf 72' lang='grc' dir='ltr'>καὶ</span> 
     </span>
    </p>
   </div>
   <div class='ocr_carea' id='block_1_103' title="bbox 2047 4780 3618 4856">
    <p class='ocr_par' dir='ltr' id='par_1_103' title="bbox 2047 4780 3618 4856">
     <span class='ocr_line' id='line_1_103' title="bbox 2047 4780 3618 4856; baseline 0.004 -24"><span class='ocrx_word' id='word_1_756' title='bbox 2047 4781 2346 4852; x_wconf 84' lang='grc' dir='ltr'>ἀδιαίρετα.</span> <span class='ocrx_word' id='word_1_757' title='bbox 2376 4780 2546 4845; x_wconf 77' lang='grc' dir='ltr'>οὕτως</span> <span class='ocrx_word' id='word_1_758' title='bbox 2588 4781 2777 4853; x_wconf 78' lang='grc' dir='ltr'>ἔχοντα</span> <span class='ocrx_word' id='word_1_759' title='bbox 2811 4782 3001 4852; x_wconf 83' lang='grc' dir='ltr'>φύσει·</span> <span class='ocrx_word' id='word_1_760' title='bbox 3034 4784 3129 4836; x_wconf 69' lang='grc' dir='ltr'><strong>καὶ</strong></span> <span class='ocrx_word' id='word_1_761' title='bbox 3156 4784 3463 4855; x_wconf 68' lang='grc' dir='ltr'>ὀφθήσεται</span> <span class='ocrx_word' id='word_1_762' title='bbox 3496 4790 3618 4856; x_wconf 73' lang='grc' dir='ltr'><strong>ὁμο-</strong></span> 
     </span>
    </p>
   </div>
   <div class='ocr_carea' id='block_1_104' title="bbox 2046 4870 3617 4944">
    <p class='ocr_par' dir='ltr' id='par_1_104' title="bbox 2046 4870 3617 4944">
     <span class='ocr_line' id='line_1_104' title="bbox 2046 4870 3617 4944; baseline 0.004 -22"><span class='ocrx_word' id='word_1_763' title='bbox 2046 4870 2218 4938; x_wconf 84' lang='grc' dir='ltr'>λογῶν</span> <span class='ocrx_word' id='word_1_764' title='bbox 2260 4871 2496 4942; x_wconf 81' lang='grc' dir='ltr'>ὑπάρξαι</span> <span class='ocrx_word' id='word_1_765' title='bbox 2542 4874 2636 4926; x_wconf 78' lang='grc' dir='ltr'><strong>καὶ</strong></span> <span class='ocrx_word' id='word_1_766' title='bbox 2677 4875 2742 4927; x_wconf 84' lang='grc' dir='ltr'><strong>ἐκ</strong></span> <span class='ocrx_word' id='word_1_767' title='bbox 2785 4874 2919 4927; x_wconf 83' lang='grc' dir='ltr'>Θεοῦ</span> <span class='ocrx_word' id='word_1_768' title='bbox 2963 4874 3201 4944; x_wconf 79' lang='grc' dir='ltr'>ἄκρατόν</span> <span class='ocrx_word' id='word_1_769' title='bbox 3244 4892 3307 4927; x_wconf 77' lang='grc' dir='ltr'><strong>τε</strong></span> <span class='ocrx_word' id='word_1_770' title='bbox 3360 4880 3459 4929; x_wconf 68' lang='grc' dir='ltr'><strong>καὶ</strong></span> <span class='ocrx_word' id='word_1_771' title='bbox 3505 4876 3617 4931; x_wconf 70' lang='grc' dir='ltr'>καθ’</span> 
     </span>
    </p>
   </div>
   <div class='ocr_carea' id='block_1_105' title="bbox 2045 4952 3620 5037">
    <p class='ocr_par' dir='ltr' id='par_1_105' title="bbox 2045 4952 3620 5037">
     <span class='ocr_line' id='line_1_105' title="bbox 2045 4952 3620 5037; baseline 0.004 -24"><span class='ocrx_word' id='word_1_772' title='bbox 2045 4962 2206 5014; x_wconf 82' lang='grc' dir='ltr'>ἑαυτὸ</span> <span class='ocrx_word' id='word_1_773' title='bbox 2236 4962 2545 5032; x_wconf 83' lang='grc' dir='ltr'>βλαπτικόν.</span> <span class='ocrx_word' id='word_1_774' title='bbox 2576 4967 2783 5036; x_wconf 86' lang='grc' dir='ltr'>Διαιρεῖ</span> <span class='ocrx_word' id='word_1_775' title='bbox 2808 4967 2864 5018; x_wconf 88' lang='grc' dir='ltr'>δὲ</span> <span class='ocrx_word' id='word_1_776' title='bbox 2888 4966 2915 5017; x_wconf 87' lang='grc' dir='ltr'>ὁ</span> <span class='ocrx_word' id='word_1_777' title='bbox 2941 4966 3163 5034; x_wconf 87' lang='grc' dir='ltr'>ἀνόητος</span> <span class='ocrx_word' id='word_1_778' title='bbox 3184 4952 3283 5019; x_wconf 71' lang='grc' dir='ltr'><strong>τοῦ</strong></span> <span class='ocrx_word' id='word_1_779' title='bbox 3315 4969 3493 5037; x_wconf 73' lang='grc' dir='ltr'>πυρὸς</span> <span class='ocrx_word' id='word_1_780' title='bbox 3529 4969 3620 5037; x_wconf 67' lang='grc' dir='ltr'>τὴν</span> 
     </span>
    </p>
   </div>
   <div class='ocr_carea' id='block_1_106' title="bbox 2045 5053 3618 5131">
    <p class='ocr_par' dir='ltr' id='par_1_106' title="bbox 2045 5053 3618 5131">
     <span class='ocr_line' id='line_1_106' title="bbox 2045 5053 3618 5131; baseline 0.006 -25"><span class='ocrx_word' id='word_1_781' title='bbox 2045 5053 2347 5125; x_wconf 85' lang='grc' dir='ltr'>ἀδιαίρετον</span> <span class='ocrx_word' id='word_1_782' title='bbox 2384 5055 2565 5125; x_wconf 81' lang='grc' dir='ltr'>φύσιν,</span> <span class='ocrx_word' id='word_1_783' title='bbox 2593 5057 2653 5110; x_wconf 70' lang='grc' dir='ltr'>τὸ</span> <span class='ocrx_word' id='word_1_784' title='bbox 2690 5057 3081 5129; x_wconf 74' lang='grc' dir='ltr'>θεραπευτικὸν</span> <span class='ocrx_word' id='word_1_785' title='bbox 3109 5059 3298 5131; x_wconf 83' lang='grc' dir='ltr'>ἓτερον</span> <span class='ocrx_word' id='word_1_786' title='bbox 3332 5061 3501 5114; x_wconf 83' lang='grc' dir='ltr'>αὑτοῦ</span> <span class='ocrx_word' id='word_1_787' title='bbox 3538 5062 3618 5114; x_wconf 84' lang='grc' dir='ltr'><strong>λέ-</strong></span> 
     </span>
    </p>
   </div>
   <div class='ocr_carea' id='block_1_107' title="bbox 2045 5142 3619 5223">
    <p class='ocr_par' dir='ltr' id='par_1_107' title="bbox 2045 5142 3619 5223">
     <span class='ocr_line' id='line_1_107' title="bbox 2045 5142 3619 5223; baseline 0.004 -25"><span class='ocrx_word' id='word_1_788' title='bbox 2045 5162 2156 5212; x_wconf 93' lang='grc' dir='ltr'><strong>γων</strong></span> <span class='ocrx_word' id='word_1_789' title='bbox 2195 5142 2354 5210; x_wconf 86' lang='grc' dir='ltr'>εἶναι,</span> <span class='ocrx_word' id='word_1_790' title='bbox 2398 5150 2493 5201; x_wconf 79' lang='grc' dir='ltr'><strong>καὶ</strong></span> <span class='ocrx_word' id='word_1_791' title='bbox 2534 5148 2595 5201; x_wconf 84' lang='grc' dir='ltr'><strong>τὸ</strong></span> <span class='ocrx_word' id='word_1_792' title='bbox 2635 5151 3177 5220; x_wconf 62' lang='grc' dir='ltr'>καυστικὸνοὲτεροψ</span> <span class='ocrx_word' id='word_1_793' title='bbox 3234 5151 3310 5223; x_wconf 83' lang='grc' dir='ltr'>μὴ</span> <span class='ocrx_word' id='word_1_794' title='bbox 3354 5154 3558 5217; x_wconf 72' lang='grc' dir='ltr'>συνιεὶς</span> <span class='ocrx_word' id='word_1_795' title='bbox 3593 5154 3619 5205; x_wconf 81' lang='grc' dir='ltr'><strong>ό</strong></span> 
     </span>
    </p>
   </div>
   <div class='ocr_carea' id='block_1_108' title="bbox 2047 5234 3615 5311">
    <p class='ocr_par' dir='ltr' id='par_1_108' title="bbox 2047 5234 3615 5311">
     <span class='ocr_line' id='line_1_108' title="bbox 2047 5234 3615 5311; baseline 0.006 -24"><span class='ocrx_word' id='word_1_796' title='bbox 2047 5234 2341 5308; x_wconf 77' lang='grc' dir='ltr'>βάρϐαρος,</span> <span class='ocrx_word' id='word_1_797' title='bbox 2370 5235 2445 5299; x_wconf 81' lang='grc' dir='ltr'>ὡς</span> <span class='ocrx_word' id='word_1_798' title='bbox 2473 5238 2531 5290; x_wconf 82' lang='grc' dir='ltr'><strong>ἐν</strong></span> <span class='ocrx_word' id='word_1_799' title='bbox 2554 5240 2619 5308; x_wconf 80' lang='grc' dir='ltr'>τῇ</span> <span class='ocrx_word' id='word_1_800' title='bbox 2654 5240 2848 5310; x_wconf 82' lang='grc' dir='ltr'>χρήσει</span> <span class='ocrx_word' id='word_1_801' title='bbox 2886 5240 2918 5309; x_wconf 83' lang='grc' dir='ltr'>ἡ</span> <span class='ocrx_word' id='word_1_802' title='bbox 2961 5239 3247 5311; x_wconf 80' lang='grc' dir='ltr'>διαίρεσις,</span> <span class='ocrx_word' id='word_1_803' title='bbox 3435 5244 3538 5296; x_wconf 79' lang='grc' dir='ltr'><strong>οὑκ</strong></span> <span class='ocrx_word' id='word_1_804' title='bbox 3563 5244 3615 5295; x_wconf 76' lang='grc' dir='ltr'><strong>ἐν</strong></span> 
     </span>
    </p>
   </div>
   <div class='ocr_carea' id='block_1_109' title="bbox 2043 5328 3614 5407">
    <p class='ocr_par' dir='ltr' id='par_1_109' title="bbox 2043 5328 3614 5407">
     <span class='ocr_line' id='line_1_109' title="bbox 2043 5328 3614 5407; baseline -0.007 -28"><span class='ocrx_word' id='word_1_805' title='bbox 2043 5329 2109 5398; x_wconf 81' lang='grc' dir='ltr'>τῇ</span> <span class='ocrx_word' id='word_1_806' title='bbox 2145 5328 2300 5397; x_wconf 85' lang='grc' dir='ltr'>φύσει</span> <span class='ocrx_word' id='word_1_807' title='bbox 2341 5329 2433 5382; x_wconf 86' lang='grc' dir='ltr'><strong>τοῦ</strong></span> <span class='ocrx_word' id='word_1_808' title='bbox 2463 5330 2634 5401; x_wconf 86' lang='grc' dir='ltr'>πυρός</span> <span class='ocrx_word' id='word_1_809' title='bbox 2656 5347 2669 5360; x_wconf 91' lang='grc'><strong>·</strong></span> <span class='ocrx_word' id='word_1_810' title='bbox 2704 5330 2893 5384; x_wconf 79' lang='grc' dir='ltr'>τούτου</span> <span class='ocrx_word' id='word_1_811' title='bbox 2919 5332 3027 5404; x_wconf 75' lang='grc' dir='ltr'>γὰρ</span> <span class='ocrx_word' id='word_1_812' title='bbox 3056 5337 3089 5404; x_wconf 82' lang='grc' dir='ltr'>ή</span> <span class='ocrx_word' id='word_1_813' title='bbox 3124 5335 3222 5404; x_wconf 69' lang='grc' dir='ltr'>μὲν</span> <span class='ocrx_word' id='word_1_814' title='bbox 3248 5334 3493 5407; x_wconf 67' lang='grc' dir='ltr'>ἄμετρος</span> <span class='ocrx_word' id='word_1_815' title='bbox 3530 5339 3614 5405; x_wconf 52' lang='grc' dir='ltr'><strong>ἐγ,</strong></span> 
     </span>
    </p>
   </div>
   <div class='ocr_carea' id='block_1_110' title="bbox 2044 5418 3611 5498">
    <p class='ocr_par' dir='ltr' id='par_1_110' title="bbox 2044 5418 3611 5498">
     <span class='ocr_line' id='line_1_110' title="bbox 2044 5418 3611 5498; baseline 0.004 -27"><span class='ocrx_word' id='word_1_816' title='bbox 2044 5418 2214 5490; x_wconf 84' lang='grc' dir='ltr'>γὺτης</span> <span class='ocrx_word' id='word_1_817' title='bbox 2250 5420 2528 5492; x_wconf 74' lang='grc' dir='ltr'>ἐπιϐουλὴ,</span> <span class='ocrx_word' id='word_1_818' title='bbox 2569 5423 2603 5492; x_wconf 80' lang='grc' dir='ltr'><strong>ἡ</strong></span> <span class='ocrx_word' id='word_1_819' title='bbox 2648 5421 2704 5475; x_wconf 79' lang='grc' dir='ltr'>δὲ</span> <span class='ocrx_word' id='word_1_820' title='bbox 2737 5424 2931 5494; x_wconf 83' lang='grc' dir='ltr'>μετρία</span> <span class='ocrx_word' id='word_1_821' title='bbox 2973 5423 3260 5489; x_wconf 83' lang='grc' dir='ltr'>διάστασις</span> <span class='ocrx_word' id='word_1_822' title='bbox 3297 5427 3516 5498; x_wconf 69' lang='grc' dir='ltr'>ἀσφαλῆ</span> <span class='ocrx_word' id='word_1_823' title='bbox 3554 5442 3611 5495; x_wconf 78' lang='grc' dir='ltr'><strong>γε</strong></span> 
     </span>
    </p>
   </div>
   <div class='ocr_carea' id='block_1_111' title="bbox 2046 5509 3614 5586">
    <p class='ocr_par' dir='ltr' id='par_1_111' title="bbox 2046 5509 3614 5586">
     <span class='ocr_line' id='line_1_111' title="bbox 2046 5509 3614 5586; baseline 0.005 -23"><span class='ocrx_word' id='word_1_824' title='bbox 2046 5509 2201 5582; x_wconf 77' lang='grc' dir='ltr'>φέρει</span> <span class='ocrx_word' id='word_1_825' title='bbox 2239 5511 2338 5582; x_wconf 82' lang='grc' dir='ltr'>τὴν</span> <span class='ocrx_word' id='word_1_826' title='bbox 2385 5512 2673 5583; x_wconf 83' lang='grc' dir='ltr'>μετουσίαν</span> <span class='ocrx_word' id='word_1_827' title='bbox 2693 5530 2706 5544; x_wconf 93' lang='grc'><strong>·</strong></span> <span class='ocrx_word' id='word_1_828' title='bbox 2742 5512 2916 5577; x_wconf 83' lang='grc' dir='ltr'>ἄλλως</span> <span class='ocrx_word' id='word_1_829' title='bbox 2943 5531 3001 5569; x_wconf 89' lang='grc' dir='ltr'><strong>τε</strong></span> <span class='ocrx_word' id='word_1_830' title='bbox 3033 5514 3169 5568; x_wconf 77' lang='grc' dir='ltr'>αὑτὸ</span> <span class='ocrx_word' id='word_1_831' title='bbox 3213 5515 3279 5586; x_wconf 84' lang='grc' dir='ltr'>δὴ</span> <span class='ocrx_word' id='word_1_832' title='bbox 3309 5516 3372 5571; x_wconf 80' lang='grc' dir='ltr'>τὸ</span> <span class='ocrx_word' id='word_1_833' title='bbox 3403 5530 3614 5571; x_wconf 64' lang='grc' dir='ltr'>καυστι-</span> 
     </span>
    </p>
   </div>
  </div>
