3782 6166
95 302 230 361 1193

1126 288 1492 349 ADVERSUS
1531 289 1953 348 HANIC’HAZOS
1990 288 2118 346 LIB.
2158 287 2226 345 Il.

3197 299 3336 360 1191

93 417 185 472 κδν
207 411 299 467 τοῦ
345 409 516 482 πυρὸς
546 409 642 463 καὶ
683 407 841 480 μὸνον
883 408 1199 477 ἀναγκαῖον,
1233 407 1370 480 ὅπερ
1417 407 1511 462 καὶ
1554 405 1667 478 πῦρ

1829 408 1910 462 lim
1936 407 2112 462 mollit
2143 415 2198 461 et
2231 406 2509 477 liquefacit
2547 422 2609 464 ea
2641 425 2763 480 qua:
2794 411 2861 467 ad
2887 418 3048 470 'usum
3082 429 3344 474 necessa-

94 505 340 577 τυγχάνει
364 491 567 555 ·’τοῦτο
590 501 700 574 γὰρ
727 501 822 555 καὶ
849 500 1108 572 μαλάττει
1131 500 1225 554 καὶ
1251 500 1408 571 τήκει
1435 499 1504 554 τὰ
1531 500 1667 571 πρὸς

93 597 185 668 τὴν
207 593 394 666 χρείαν
420 590 733 662 ἀναγκαίως
756 588 1176 662 προσφερόμενα
1201 605 1214 619 ·
1250 588 1326 653 ὡς
1357 589 1524 661 μηδὲν
1546 582 1667 642 ἓτε-

94 690 184 761 ρδν
219 682 356 740 εἷναι
397 683 458 738 τὸ
504 681 618 755 πῦρ
659 683 694 755 ἢ
736 683 798 737 τὸ
844 683 1138 738 καυστικδν
1178 681 1340 738 αὐτοῦ
1365 698 1380 711 ⁵
1419 681 1585 754 μηδὲν
1609 681 1667 734 δὲ

94 781 273 851 ἕτερον
314 771 452 829 εἶναι
495 773 557 828 τὸ
586 774 882 843 ἀναγκαῖον
915 773 949 846 ἢ
982 771 1158 827 τοῦτο.
1199 773 1258 827 '0
1300 771 1358 826 δὲ
1400 771 1578 844 μάτην
1608 771 1668 824 τδ

100 871 207 944 πῦρ
233 867 520 941 ὲνυϐρίζει,
547 867 669 920 λίαν
690 865 982 938 ἀχάριστος
1003 863 1081 919 ὢν
1108 863 1246 937 πρὸς
1271 863 1370 927 τὰς
1399 863 1551 934 παρά
1571 862 1664 916 τοῦ

105 959 445 1034 Δημιουργοῦ
472 957 580 1011 τῶν
606 955 742 1011 ὅλων
768 955 1102 1029 εὐεργεσίας.

161 1053 296 1108 Είδέ
329 1069 412 1116 τις
456 1049 573 1122 θείη
605 1049 676 1103 τὰ
700 1049 944 1121 τέσσαρα
971 1048 1210 1118 στοιχεῖα
1245 1048 1312 1118 τῇ
1351 1046 1520 1116 κακίᾳ
1547 1046 1668 1098 κατ’

96 1145 297 1199 ἐκεῖνον
323 1143 644 1216 προσήκειν,
675 1140 793 1205 πῶς
818 1140 883 1194 ἂν
910 1139 1083 1194 ταῦτα
1106 1138 1177 1192 τὰ
1207 1139 1270 1191 ὲκ
1301 1138 1429 1209 μιᾶς
1454 1136 1669 1206 φύσεως

96 1236 305 1291 ἐναντία
336 1253 399 1305 γε
444 1234 574 1288 ὄντα
609 1233 877 1306 ὑπάρχειν
922 1231 1141 1302 δοκοίη;
1187 1231 1250 1283 Εἰ
1289 1229 1398 1300 γὰρ
1444 1227 1669 1282 αὐτόθεν

96 1328 154 1382 τὸ
183 1327 400 1400 θερμὸν,
427 1327 486 1380 τὸ
511 1325 718 1397 ψυχρὸν
749 1323 1036 1396 ἑτέρωθεν,
1064 1323 1098 1394 ἢ
1125 1321 1393 1376 ἀνάπαλιν
1415 1338 1428 1351 ·
1459 1322 1553 1374 καὶ
1575 1318 1669 1373 οὗ·

95 1440 198 1486 τως
229 1418 381 1486 αὖθις
414 1420 506 1474 ὲπῖ
531 1419 632 1489 τῆς
659 1417 824 1488 ἄλλης
855 1415 1117 1485 συζυγίας
1138 1431 1152 1444 °
1192 1414 1331 1468 ὥστε
1369 1413 1670 1476 ἀσύστατος

98 1515 188 1568 καὶ
213 1516 247 1588 ἡ
272 1511 380 1566 τῶν
409 1511 676 1582 σωμάτων
717 1510 913 1580 κρᾶσις
955 1507 1096 1561 κατὰ
1125 1506 1224 1576 τὴν
1250 1504 1506 1577 τοιαύτην
1539 1503 1671 1557 ὑπό-

97 1603 259 1661 θεσιν.
291 1604 356 1658 El
383 1603 439 1656 δὲ
469 1601 683 1670 ἐπινοίᾳ
709 1601 809 1671 τῆς
846 1598 1044 1662 κακίας
1080 1597 1307 1668 ἀναθείη
1336 1596 1445 1649 τῶν
1474 1594 1670 1648 τεσσά-

99 1714 204 1770 ρων
230 1695 329 1768 τὴν
363 1695 444 1758 είς
476 1690 825 1761 κατασκευὴν
855 1688 1092 1760 εὕρεσιν,
1131 1685 1415 1756 σοφωτάτη
1457 1701 1521 1754 γε
1553 1684 1672 1738 λίαν

1768 500 1853 556 rio
1873 499 2238 554 adhibemur:
2274 506 2336 554 ut
2375 499 2513 554 nihil
2562 501 2708 557 aliud
2739 502 2815 559 sit
2844 505 3005 576 ignis,
3049 521 3214 577 quam
3258 513 3344 566 vis

1767 591 1889 662 ejus
1938 591 2007 646 ad
2042 589 2334 654 urendum,
2395 598 2450 646 et
2480 591 2618 646 nihil
2653 593 2802 649 aliud
2841 597 3213 653 necessarium
3273 603 3346 655 sit

1769 685 2007 740 adhunc
2053 698 2214 739 usum
2258 697 2422 753 quam
2476 683 2599 739 hoc.
2643 683 2976 742 Manichaeus
3014 703 3146 744 vero
3187 691 3346 745 valde

1770 777 2039 847 ingratus,
2064 782 2122 831 et
2141 773 2529 831 beneﬁciorum
2561 774 2656 832 Dei
2698 776 3006 847 immemor,
3039 781 3237 853 ignem
3267 784 3348 837 vi—

1767 874 2022 939 tuperat.‘

1842 1041 1900 1097 Si
1927 1043 2051 1112 quis
2076 1053 2259 1100 autem
2284 1056 2451 1116 ponat
2485 1057 2724 1118 quatuor
2748 1048 3040 1114 elementa,
3071 1050 3220 1106 sicut
3255 1049 3347 1106 ille

1770 1130 2046 1202 opinatur,
2092 1133 2161 1187 ad
2193 1135 2393 1189 malum
2431 1138 2724 1207 pertinere,
2752 1140 3029 1208 quomodo
3071 1139 3186 1196 hac
3225 1156 3349 1211 quae

1771 1227 1898 1277 sunt
1911 1222 2122 1292 singula
2147 1223 2312 1279 unius
2337 1233 2466 1279 natu
2477 1242 2566 1292 ras,
2587 1229 2862 1283 contraria
2877 1245 3001 1286 esse
3023 1230 3348 1288 videantur?

1773 1312 1829 1368 Si
1845 1315 1986 1369 enim
2011 1314 2248 1369 calidum
2280 1324 2456 1372 estex
2482 1317 2620 1388 ipso,
2640 1318 2896 1390 frigidum
2927 1337 2996 1376 ex
3011 1323 3221 1390 altero;
3251 1333 3348 1378 aut

1770 1416 1981 1472 contra,
2007 1407 2054 1463 si
2102 1407 2362 1479 frigidum
2401 1425 2467 1464 ex
2494 1411 2632 1481 ipso,
2661 1413 2897 1468 calidum
2931 1431 3000 1470 ex
3043 1415 3216 1471 altero
3244 1435 3259 1472 :
3291 1425 3346 1470 et

1771 1501 1853 1556 sic
1888 1517 2082 1560 rursus
2110 1504 2165 1558 in
2196 1504 2303 1557 alia
2331 1504 2721 1576 conjugatione
2749 1507 2852 1561 hoc
2878 1486 3346 1579 fundamentopo—

1773 1594 1896 1659 sito,
1930 1594 2115 1651 mistio
2147 1610 2440 1666 corporum
2487 1596 2603 1652 ﬁeri
2633 1611 2744 1652 non
2784 1599 3002 1668 poterit.
3039 1598 3098 1654 Si
3129 1615 3258 1655 vero
3275 1601 3344 1655 ad

1770 1686 2224 1757 excogitationem
2274 1687 2533 1757 nequitiae
2585 1688 2787 1744 referat
2839 1689 3210 1747 inventionem
3245 1706 3344 1746 ex-

88 1789 500 1861 ’ἁναφανήσεται
544 1786 579 1855 ἡ
623 1781 824 1852 γνῶσιν
855 1781 950 1835 καὶ
991 1779 1205 1832 σύνεσιν
1253 1777 1328 1848 μὴ
1359 1776 1667 1848 κεκτημένη

1829 1779 2016 1834 ruendi
2047 1779 2358 1837 mistionem
2391 1795 2708 1851 corporum,
2739 1782 3143 1853 sapientissima
3177 1798 3348 1854 appa-

100 1879 288 1932 κακία·
337 1878 413 1941 ὠς
458 1875 554 1930 καὶ
599 1871 695 1927 τοῦ
730 1868 1073 1943 Δημιουργοῦ
1111 1868 1173 1922 τὸ
1231 1867 1485 1939 μέγιστον
1532 1867 1667 1920 ἀπο-

101 1969 354 2041 φέρεσθαι
384 1967 591 2043 θαῦμα,
627 1963 742 2034 εἴγε
788 1961 994 2017 συνεῖδε
1030 1960 1153 2014 τίνα
1196 1959 1262 2013 ἂν
1291 1958 1492 2030 τρόπον
1535 1959 1668 2011 ὐπο-

104 2064 378 2134 στήσηται.

1770 1871 1912 1926 rebit
1940 1872 2204 1942 nequitia,
2231 1888 2354 1943 quae
2382 1873 2586 1944 alioqui
2636 1875 3008 1946 cognitionem
3041 1883 3098 1931 et
3134 1875 3343 1932 intelli-

1770 1963 2007 2032 gentiam
2035 1978 2144 2018 non
2169 1963 2358 2019 habuit
2383 1983 2398 2032 ;
2428 1965 2502 2019 ita
2532 1973 2590 2020 ut
2624 1968 2917 2022 maximam
2939 1967 3218 2024 Creatoris
3233 1969 3346 2023 lau-

1771 2054 1893 2110 dem
1910 2063 1963 2110 et
1985 2055 2399 2114 admirationem
2428 2058 2595 2125 ferat,
2615 2059 2886 2131 siquidem
2911 2063 3187 2134 cognovit,
3209 2079 3346 2134 quo-

1771 2146 1935 2202 modo
1957 2161 2054 2218 per
2074 2163 2134 2204 se
2159 2148 2450 2206 exsisteret
2472 2151 2679 2218 mistio,
2717 2151 2930 2208 scilicet
2959 2167 3274 2224 corporum.

164 2283 288 2342 Car.
331 2281 523 2340 XXXI.
568 2281 746 2338 Solem
772 2297 936 2354 usque
973 2279 1104 2334 adeo
1131 2277 1316 2334 Manes
1345 2277 1592 2342 honorat,
1618 2286 1677 2331 ιιι
1710 2279 1880 2348 ipsum
1906 2279 2014 2335 Deo
2039 2284 2300 2353 conferat,
2327 2294 2376 2341 et
2398 2302 2464 2342 ea:
2493 2287 2608 2358 ejus
2640 2287 2940 2344 substantia
2960 2306 3072 2358 esse
3107 2275 3288 2344 dicat.

175 2403 390 2476 Ἐπειδὴ
424 2404 482 2458 δὲ
519 2403 670 2475 ἥλιον
716 2402 990 2474 σεμνύνει,
1037 2401 1132 2456 καὶ
1175 2399 1353 2472 ἀμιγῆ
1392 2394 1553 2464 εἶναι,
1593 2398 1671 2462 ὡς

100 2494 378 2567 ὑπείληφε,
407 2494 503 2550 τοῦ
533 2495 704 2550 κακοῦ
734 2494 1044 2566 διορίζεται,
1071 2493 1204 2564 φέρε
1229 2493 1324 2545 καὶ
1356 2491 1486 2562 περὶ
1518 2489 1670 2562 ῄλίου

103 2587 401 2661 φιλαλήθως
424 2588 727 2659 κατίδωμεν
749 2604 762 2618 ·
799 2586 1094 2658 ὀφθήσεται
1123 2584 1232 2656 γὰρ
1261 2584 1382 2648 ἑνὸς
1410 2583 1518 2638 τῶν
1547 2599 1673 2636 τεσ-

103 2680 275 2752 σάρων
307 2680 586 2751 στοιχείων
613 2678 896 2750 ὑπάρχων,
935 2677 1078 2745 λέγω
1109 2676 1172 2748 δὴ
1201 2675 1300 2746 τῆς
1335 2674 1546 2747 θερμῆς
1575 2675 1672 2728 ού-

105 2770 216 2836 σίας
235 2789 250 2803 ·
286 2772 348 2826 οὐ
395 2770 623 2842 βλάπτει
655 2770 754 2842 μὲν
784 2768 894 2840 γὰρ
935 2767 1005 2822 τά
1031 2767 1386 2837 ὑποκείμενα,
1425 2765 1584 2837 μόνον
1613 2763 1674 2822 δὲ

105 2862 378 2936 θερμαίνει
403 2863 496 2918 καὶ
519 2861 737 2933 ὠφελεῖ,
767 2860 854 2914 διὰ
875 2860 936 2914 τὺ
960 2860 1209 2914 πλεῖστον
1235 2859 1535 2927 ἀφεστάναι
1553 2875 1564 2887 ·
1590 2851 1674 2922 οἷς

101 2955 158 3011 δὲ
180 2956 337 3012 πλέον
366 2955 736 3028 προσεγγίζει,
766 2955 912 3008 καίει
936 2971 995 3008 τε
1021 2955 1117 3008 καὶ
1142 2953 1335 3022 ἄγονον
1357 2951 1456 3024 τὴν
1489 2950 1674 3009 τοιαύ-

103 3064 197 3122 την
219 3049 320 3120 γῆν
347 3047 722 3117 ἀπεργάζεται
747 3063 761 3076 ·
793 3044 990 3101 αὐτίκα
1018 3045 1112 3099 καὶ
1136 3043 1329 3114 θέρους
1354 3042 1476 3114 ὥρᾳ
1502 3041 1674 3113 ἄκρα·
1697 3065 1740 3124 c

103 3160 188 3208 τος
213 3141 531 3216 προσϐαλὼν
558 3144 624 3213 τῇ
655 3143 747 3212 γῇ,
782 3139 924 3194 κατά
967 3136 1312 3210 μεσημϐρίαν
1341 3134 1513 3198 οὕτως
1544 3133 1672 3206 θερ-

108 3233 278 3304 μαίνει
333 3231 561 3303 ταύτην,
621 3231 763 3285 ὥστε
820 3229 1090 3300 καυτῆρος
1153 3227 1309 3297 δίκην
1371 3224 1674 3295 1)ποσεῦλῆ-

105 3323 222 3379 σθαι
260 3325 439 3379 δοκεῖν
483 3322 748 3414 οτοῦδαφος
772 3325 885 3386 τοῖς
913 3320 1253 3375 ἐπιϐαίνουσι
1297 3319 1525 3388 γυμνοῖς
1560 3318 1675 3379 τοῖς

103 3415 244 3471 mal.

167 3507 436 3573 Πολλάκις
474 3507 534 3561 δὲ
575 3506 670 3560 καὶ
709 3505 774 3576 τῇ
813 3504 971 3574 φλογὶ
997 3505 1063 3575 τῇ
1089 3501 1287 3574 ἠλιακῇ
1331 3497 1675 3571 παραπεσόν-

103 3612 187 3661 τες
209 3598 507 3670 ἂνθρωποι,
541 3595 719 3666 πολλῷ
743 3612 807 3664 γε
839 3593 916 3665 τῷ
932 3592 1175 3664 καύματι
1201 3589 1587 3661 διεφθάρησαν,
1611 3587 1674 3640 τὸ

105 3689 589 3762 παραμυθούμενον
630 3685 858 3756 ἐγγύθεν
903 3685 976 3756 μὴ
1009 3683 1280 3755 εὑρόντες.
1319 3679 1577 3734 Μελαίνει
1617 3679 1675 3732 δὲ

103 3780 172 3834 τὰ
203 3781 432 3853 σώματα
459 3782 552 3836 καὶ
578 3779 834 3842 διακαίει,
872 3775 1056 3844 σαφῶς
1095 3773 1164 3827 τὰ
1192 3772 1362 3844 πυρὸς
1395 3769 1632 3843 ἐνεργῶν
1655 3787 1670 3802 ο

109 3871 296 3943 μᾶλλον
326 3873 385 3927 δὲ
413 3873 585 3944 πυρὸς
611 3871 771 3933 αὐτὸς
806 3866 1032 3938 γόνιμός
1074 3866 1247 3928 ἐστιν,
1275 3865 1328 3916 εῑ
1352 3880 1435 3927 τις
1470 3865 1529 3916 ὲν
1575 3863 1675 3930 ἀγ-

105 3963 232 4036 γείῳ
260 3964 408 4035 ὕδωρ
445 3962 640 4032 ύελίνῳ
677 3961 932 4029 ἄντικρυς
966 3955 1115 4026 αὐτῷ
1143 3953 1483 4026 προσαγάγω
1503 3969 1516 3983 ·
1553 3967 1677 4004 συν-

106 4056 338 4127 αγομένη
367 4053 476 4126 γὰρ
500 4053 578 4124 τῷ
602 4053 812 4119 διαυγεῖ
840 4047 934 4102 τοῦ
960 4065 1020 4100 τε
1051 4045 1244 4110 ὓδατος
1272 4044 1366 4099 καὶ
1385 4044 1486 4115 τῆς
1517 4042 1673 4096 ὑέλου

106 4149 197 4221 τῆς
235 4148 469 4223 ἡλιακῆς
513 4147 728 4208 ἀκτῖνος
759 4145 794 4216 ἡ
835 4140 1007 4213 ἀκμὴ,
1039 4139 1133 4193 καὶ
1183 4137 1320 4209 πρὸς
1351 4134 1536 4190 στενὸν
1576 4135 1674 4205 μὲν

107 4237 599 4312 παραπεμπομένη,
642 4232 1046 4308 προσομιλοῦσα
1081 4248 1145 4283 τε
1191 4229 1314 4300 ὕλῃ,
1351 4227 1546 4300 ῥᾳδίως
1582 4242 1678 4279 πυ-

112 4331 196 4402 ρὸς
235 4329 766 4402 ἀντιλαμϐανομένῃ,
808 4327 924 4398 ἅμα
961 4341 1021 4378 τε
1066 4323 1238 4376 τίκτει
1278 4319 1410 4390 πῦρ,
1439 4318 1534 4372 καὶ
1574 4334 1674 4370 σα-

1844 2401 1950 2458 Sed
1981 2404 2109 2474 quia
2141 2405 2312 2464 solem
2355 2406 2610 2474 honorat,
2646 2416 2702 2464 et
2746 2416 2807 2464 ut
2853 2409 3211 2478 existimavit,
3251 2409 3350 2465 de-

1767 2493 1944 2550 cernit
1976 2510 2086 2552 non
2110 2495 2311 2553 habere
2355 2497 2667 2553 mistionem
2709 2499 2859 2563 mali,
2911 2513 3010 2568 age
3060 2501 3346 2558 videamus

1770 2582 1837 2645 de
1869 2583 1984 2642 sole
2003 2599 2103 2655 pro
2142 2586 2326 2641 studio
2380 2587 2670 2643 veritatis:
2723 2588 2999 2646 videbitur
3036 2590 3182 2645 enim
3224 2605 3349 2646 esse

1775 2675 1939 2736 unius
1985 2691 2052 2734 ex
2089 2684 2328 2748 quatuor
2360 2679 2668 2746 elementis,
2714 2681 3056 2745 substantia,
3097 2681 3345 2752 inquam,

1771 2766 1998 2835 calide;
2021 2782 2133 2832 non
2163 2767 2309 2824 enim
2344 2777 2502 2826 nocet
2530 2768 2814 2839 subjectis,
2861 2767 2957 2824 sed
2995 2769 3170 2825 solum
3200 2769 3346 2828 cale-

1773 2855 1978 2912 facitet
1993 2856 2168 2928 juvat,
2197 2859 2325 2928 quia
2346 2858 2644 2929 plurimum
2686 2859 2890 2914 distat:
2918 2859 3119 2929 quibus
3159 2868 3344 2922 autem

1773 2949 2201 3020 appropinquat,
2248 2950 2375 3018 urit,
2421 2957 2476 3005 et
2504 2951 2612 3005 tale
2653 2950 2832 3006 solum
2885 2950 3072 3007 sterile
3120 2949 3344 3010 reddit:

1773 3048 1828 3094 et
1860 3043 1917 3095 in
1955 3048 2144 3096 aestate
2183 3055 2308 3095 cum
2331 3041 2388 3095 in
2434 3050 2639 3096 terram
2689 3041 2825 3111 jacit
2865 3042 3049 3098 radios
3081 3057 3250 3112 puros
3288 3042 3346 3096 in

1775 3130 2020 3197 meridie,
2052 3146 2225 3200 usque
2251 3130 2390 3186 adeo
2420 3147 2542 3186 eam
2569 3131 2845 3196 calefacit,
2885 3141 2946 3187 ut
2977 3136 3346 3203 pavimentum

1774 3219 1940 3280 nudis
1975 3220 2207 3291 pedibus
2228 3223 2570 3292 suppositum
2609 3222 2788 3277 instar
2814 3223 3052 3278 incendii
3077 3225 3172 3278 sit.

1845 3487 2003 3558 Saepe
2028 3493 2210 3544 autem
2241 3486 2495 3542 homines
2530 3485 2587 3541 in
2617 3485 2890 3541 ﬂammam
2923 3487 3056 3543 solis
3095 3487 3346 3542 inciden-

1772 3591 1858 3639 tes
1881 3581 2050 3636 nimio
2078 3588 2213 3638 aestu
2244 3581 2590 3646 interierunt,
2612 3595 2721 3635 non
2760 3579 2980 3634 invento
3007 3594 3176 3650 prope
3196 3580 3345 3651 quod

1774 3675 2146 3748 refrigeraret.
2180 3673 2358 3729 Efﬁcit
2378 3682 2558 3729 autem
2601 3673 2759 3743 nigra
2788 3685 3020 3742 corpora
3045 3679 3102 3728 et
3139 3672 3343 3740 adurit,

1775 3769 2020 3840 facitque
2041 3769 2224 3839 plane,
2259 3767 2407 3839 quod
2454 3766 2596 3836 ignis
2638 3765 2816 3832 solet;
2856 3765 2968 3819 imo
3014 3763 3133 3835 ipse
3165 3764 3344 3835 ignem

1775 3860 2008 3917 fecunde
2046 3866 2290 3931 generat,
2323 3859 2370 3916 si
2399 3859 2524 3929 quis
2550 3871 2746 3927 aquam
2778 3855 2832 3909 in
2866 3869 2998 3911 vase
3036 3856 3213 3910 vitreo
3245 3856 3347 3910 soli

1776 3952 2008 4006 adverso
2031 3950 2350 4018 admoveat;
2390 3951 2472 4004 vis
2500 3948 2646 4004 enim
2680 3946 2822 4000 radii
2871 3945 3006 4000 solis
3033 3943 3215 4000 lucido
3255 3945 3350 3999 illo

1775 4053 1930 4108 aquae
1967 4045 2020 4092 et
2063 4037 2191 4092 vitri
2225 4044 2415 4092 coacta
2459 4043 2513 4092 et
2561 4033 2829 4098 conferta,
2870 4041 3034 4105 atque
3079 4035 3137 4088 in
3175 4047 3350 4105 angu—

1776 4133 1922 4180 stum
1973 4124 2194 4194 quidem
2244 4125 2570 4182 transmissa
2615 4133 2670 4178 et
2699 4123 2959 4192 adjuncta
2990 4123 3234 4179 materiae
3267 4122 3349 4176 fa-

1775 4217 1880 4272 cile
1907 4217 2087 4300 ignem
2116 4215 2470 4287 concipienti,
2496 4216 2660 4271 simul
2684 4215 2827 4287 parit
2845 4215 3026 4286 ignem
3049 4224 3140 4283 ;et
3166 4227 3352 4286 aperte

1777 4308 1972 4365 suadet
2005 4323 2118 4364 non
2147 4309 2352 4365 volenti
2381 4309 2734 4374 contendere,
2764 4325 2889 4365 esse
2921 4308 3141 4378 quidem
3175 4309 3351 4362 solem

111 4393 218 4491 φιῖις
259 4393 444 4477 πείθεί
468 4422 558 4476 τὸν
719 4393 1044 4490 φιλονεικεῖν
1077 4414 1351 4476 ἐθέλοντα,
1389 4413 1466 4476 ὡς
1504 4411 1674 4483 πυρὸς

1829 4397 2016 4454 ieciem
2057 4398 2222 4470 ignis,
2261 4413 2330 4454 ex
2367 4398 2627 4468 operibus
2659 4412 2790 4453 vero
2831 4393 3133 4465 splendidis
3174 4393 3352 4463 ipsius

111 4509 239 4578 εἶδος
285 4514 389 4586 μέν
443 4515 590 4566 ἐστιν
620 4514 648 4566 ὁ
701 4511 875 4583 ἥλιος,
920 4507 1029 4562 τῶν
1073 4507 1129 4560 δὲ
1171 4508 1273 4578 τῆς
1321 4504 1677 4576 δημιουργίας

110 4602 372 4676 λαμπρῶν
415 4603 592 4677 ἔργων
637 4603 667 4654 ὁ
712 4600 962 4673 πρῶτοςο
1009 4596 1201 4668 ἐπειδὴ
1241 4593 1336 4649 καὶ
1371 4593 1465 4648 τοῦ
1503 4592 1679 4666 πυρὸς

112 4695 319 4765 ἡφύσις
344 4694 604 4750 ἁπάντων
632 4710 697 4762 γε
729 4692 794 4746 ἂν
827 4689 1072 4765 εὑρεθείη
1106 4685 1484 4758 λαμπροτέρα.

175 4785 397 4841 Πάντων
424 4784 534 4857 γὰρ
575 4783 683 4837 τῶν
727 4783 902 4838 ἄλλων
947 4778 1223 4851 στοιχείων
1255 4777 1407 4831 κάτω
1445 4775 1652 4848 φερομι

112 4895 229 4946 νων,
263 4879 323 4933 τὸ
362 4877 475 4950 πῦρ
504 4877 665 4948 μόνον
703 4879 815 4939 τοῖς
857 4875 954 4946 μὲν
982 4873 1238 4934 καυστοῖς
1277 4868 1537 4940 ὲπιπηδᾷ,
1569 4867 1680 4922 ἄνω

111 4968 164 5024 δὲ
185 4971 251 5024 τὰ
278 4971 459 5025 πάντα
483 4968 580 5040 τὴν
607 4967 833 5039 πορείαν
859 4965 991 5036 ἔχει,
1025 4963 1315 5033 λεπτότητι
1357 4959 1683 5029 κουφιζόμε-

113 5077 216 5129 νον,
240 5045 334 5117 καὶ
359 5061 522 5115 αὐτόν
552 5077 614 5130 γε
639 5059 732 5113 τὸν
757 5059 893 5128 ἀέρα
933 5055 1231 5127 βαρύτατον
1255 5051 1573 5122 ἀπελέγχον,
1603 5048 1680 5121 τῷ

113 5168 172 5220 γε
226 5152 576 5226 ὑπερϐαίνειν
624 5150 783 5205 αὐτόν
805 5165 819 5178 ·
864 5149 940 5212 ὼς
990 5146 1083 5201 καὶ
1123 5146 1314 5199 τούτου
1358 5141 1682 5211 λεπτότερον

113 5243 500 5313 διαφαίνεσθαι,
535 5241 825 5314 συγγενείᾳ
861 5243 928 5312 τῇ
972 5239 1108 5313 πρὸς
1140 5237 1230 5291 τὸν
1259 5235 1431 5308 ἣλιον.
1485 5233 1544 5285 '0
1575 5231 1684 5284 τοί-

115 5352 206 5393 νυν
230 5338 420 5410 Μάνης
451 5334 767 5399 ἐκθειάζων,
798 5334 874 5396 ὼς
907 5331 1007 5402 τῆς
1033 5331 1247 5402 φύσεως
1267 5328 1396 5384 δντα
1426 5325 1521 5380 τοῦ
1547 5326 1683 5393 ἀγαο

116 5426 206 5482 θοῦ
231 5431 320 5484 τδν
353 5430 526 5502 ἣλιον,
566 5424 868 5482 κινδυνεύει
915 5422 1192 5495 πυροειδῆ,
1246 5420 1444 5491 μᾶλλον
1484 5417 1542 5469 δὲ
1587 5432 1682 5470 σα-

119 5518 228 5587 φῶς
253 5519 490 5574 τοιοῦτον
535 5518 601 5590 δή
635 5533 757 5570 τινα
801 5515 894 5568 τὸν
935 5513 1138 5582 ἀγαθὸν
1187 5511 1448 5580 εἰσάγειν.
1493 5509 1682 5572 Ἥλιος

118 5609 221 5683 γὰρ
261 5612 361 5685 τῆς
411 5610 618 5682 θερμῆς
666 5608 928 5679 ὑπάρχων
975 5603 1182 5669 οὐσίας,
1227 5606 1293 5674 τῇ
1325 5602 1473 5656 θέσει
1512 5600 1683 5672 πυρὸς

118 5698 385 5773 διαφέρεν
409 5705 474 5774 τῇ
502 5699 750 5773 ἐνεργείᾳ
780 5696 943 5752 ταύτὸ
975 5696 1096 5768 δρᾷ,
1122 5697 1174 5749 εί
1218 5695 1298 5768 μὴ
1330 5694 1430 5765 τῆς
1467 5691 1682 5747 διαστά-

430 5794 704 5855 ΡΑτιιοι.
739 5788 860 5850 Gn.
912 5785 1144 5849 XVIII.

1777 4491 2074 4546 creationis
2120 4491 2300 4560 ipsum
2353 4490 2611 4560 primum,
2663 4485 2933 4557 siquidem
2975 4492 3173 4540 natura
3209 4481 3352 4554 ignis

1777 4582 2120 4655 splendidior
2151 4589 2238 4639 est
2263 4581 2542 4637 omnibus.

1847 4764 1986 4822 Cum
2040 4763 2189 4819 enim
2237 4761 2422 4817 omnia
2468 4758 2573 4812 alia
2623 4757 2891 4812 elementa
2957 4754 3215 4811 deorsum
3269 4753 3351 4808 fe-

1777 4864 1998 4921 rantur,
2035 4855 2186 4910 solus
2219 4852 2360 4923 ignis
2383 4851 2439 4905 in
2471 4865 2536 4905 ea
2564 4849 2923 4918 quidemquae
2949 4844 3197 4901 comburi
3221 4859 3352 4915 pos-

1780 4959 1931 5013 sunt,
1963 4946 2210 5011 insultat,
2228 4958 2450 5000 sursum
2475 4957 2605 4997 vero
2623 4955 2790 5010 supra
2821 4937 3004 4994 omnia
3025 4935 3198 4992 fertur
3219 4937 3353 4992 levi-

1779 5051 1886 5096 tate
1907 5055 2028 5104 sua,
2051 5050 2342 5106 acremque
2363 5037 2542 5106 ipsum
2565 5032 2845 5090 convincit
2873 5030 3177 5102 graviorem
3203 5043 3349 5093 esse,

1780 5135 1908 5206 quia
1939 5145 2106 5202 supra
2135 5145 2258 5186 eum
2287 5130 2342 5183 in
2371 5129 2605 5184 sublime
2645 5127 2836 5192 fertur,
2879 5131 2939 5178 ut
2983 5121 3236 5178 subtilior
3275 5130 3352 5175 te-

1782 5229 2054 5296 nuiorque
2083 5229 2342 5293 appareat
2387 5233 2552 5291 quam
2583 5233 2676 5274 aer
2709 5224 2934 5289 propter
2974 5214 3351 5284 cognationem

1780 5333 1906 5373 cum
1931 5315 2066 5370 sole.
2094 5312 2248 5368 Unde
2270 5312 2601 5366 Manichacus
2620 5323 2745 5363 cum
2771 5307 2938 5363 solem
2965 5303 3354 5360 facitdivinum

1782 5417 2041 5479 tanquam
2081 5422 2149 5461 ex
2175 5413 2371 5460 natura
2400 5401 2550 5470 boni,
2593 5399 2807 5455 videtur
2849 5396 3082 5452 similem
3126 5393 3238 5465 igni
3269 5390 3353 5444 fa-

1783 5517 1930 5565 cere,
1954 5501 2066 5554 imo
2085 5499 2250 5554 talem
2288 5496 2601 5568 quemdam,
2641 5491 2818 5563 qualis
2854 5497 2941 5544 est
2969 5485 3134 5558 ignis,
3181 5485 3357 5540 intro—

1785 5593 1955 5650 ducit.
1981 5591 2076 5647 Sol
2121 5590 2268 5646 enim
2311 5587 2632 5644 substantia
2661 5582 2872 5648 calidae,
2920 5580 2990 5635 ab
3020 5579 3146 5649 igne
3177 5575 3357 5632 dilIert

1784 5689 1853 5759 τῇ
1885 5685 2029 5740 θέσει
2051 5700 2066 5750 ;
2089 5682 2375 5739 efﬁcientia
2405 5693 2536 5737 vero
2569 5677 2716 5734 idem
2744 5682 3023 5745 operatur.
3061 5668 3170 5726 nisi
3211 5681 3357 5724 men-

3040 5764 3121 5824 38
