3838 6158
405 240 469 299 Μ
478 239 548 295 95

1536 225 1673 280 TITI
1712 214 2139 278 BOSTRENSIS
2175 209 2482 267 EPISCOP!

3764 71 3800 333 ι

404 370 535 412 sura
571 348 842 406 distantia:
893 358 1097 416 eaquae
1144 350 1272 398 sunt
1320 341 1591 411 Opposita,
1642 356 1670 393 a
1715 337 1979 392 validiore

2094 347 2217 392 ςεως
2238 328 2298 381 τὸ
2327 327 2521 397 μέτρον
2546 322 2789 393 ὲξῃρεῖτο
2814 318 2881 372 τά
2904 314 3281 388 παρακείμενα
3303 312 3402 384 τῆς
3429 314 3654 385 ἀκμαιο-

402 447 551 519 jactu
602 444 880 498 radiorum
929 438 1202 494 defendat.
1240 435 1496 501 Quinimo
1539 432 1795 486 omnibus
1857 429 1975 482 ani-

409 538 683 595 mantibus
722 544 776 591 et
820 533 1084 603 stirpibus
1136 543 1338 584 nocens
1391 524 1820 584 existimaretur,
1864 519 1974 574 nisi

410 632 572 689 simul
601 630 706 683 alia
749 642 875 681 cum
916 640 981 680 eo
1026 621 1323 676 fabricator
1374 613 1565 671 mundi
1598 614 1664 667 ad
1712 610 1975 665 auxilium

409 726 647 788 fecisset,
674 736 795 791 quae
826 719 1033 773 faciunt
1059 731 1128 769 ne
1175 711 1333 766 nobis
1364 719 1417 764 et
1446 708 1570 762 aliis
1606 705 1974 760 animantibus

409 823 636 883 noceat;
674 814 787 867 haec
822 817 1003 864 autem
1042 812 1169 863 sunt
1202 804 1427 858 latibula
1475 810 1529 856 et
1561 808 1742 865 tecta;
1795 797 1974 865 stirpi-

408 908 512 965 bus
540 920 670 961 vero
701 917 853 973 aqua:
885 906 1013 956 sunt
1042 897 1245 953 auxilio
1280 902 1332 950 et
1366 893 1523 948 ﬂatus
1558 884 1866 947 ventorum.

427 1116 431 1124 ι
476 1087 656 1153 Quare
679 1083 773 1154 qui
803 1080 1068 1137 definiunt
1098 1092 1221 1133 esse
1248 1075 1499 1145 quintum
1529 1072 1858 1126 elementum
1891 1081 1975 1122 so-

409 1179 534 1244 lem,
571 1191 638 1231 ne
669 1182 859 1229 contra
888 1188 952 1228 ea
982 1185 1103 1241 quae
1130 1170 1275 1224 clara
1308 1174 1454 1230 sunt,
1499 1162 1847 1217 contcnsiose
1872 1160 1976 1214 dis-

409 1275 634 1339 putent;
680 1280 781 1321 nec
832 1264 944 1318 ulla
989 1262 1122 1316 fides
1164 1260 1424 1313 habeatur
1460 1254 1757 1308 Manichan
1805 1253 1976 1306 scele-

410 1360 653 1417 stissimo
680 1365 735 1413 et
768 1357 823 1410 in
852 1354 1020 1410 Deum
1036 1351 1375 1421 blasphemo,
1409 1348 1501 1417 qui
1532 1347 1699 1400 solem
1724 1359 1846 1399 cum
1869 1342 1977 1397 Deo

408 1450 642 1514 confert,
688 1456 743 1503 et
784 1463 851 1502 ex
906 1444 1214 1501 substantia
1264 1442 1385 1511 eius
1435 1455 1560 1494 esse
1602 1437 1752 1492 dicit.
1805 1434 1979 1490 Omne

409 1544 555 1598 enim
588 1540 736 1612 quod
779 1539 882 1595 sub
941 1542 1219 1606 aspectum
1252 1532 1420 1597 cadit,
1463 1546 1587 1586 eum
1642 1530 1712 1585 sit
1750 1543 1973 1599 corpus,

411 1640 607 1688 natura
630 1630 944 1700 oppositum
978 1636 1062 1681 est
1099 1622 1481 1695 inaspectabili
1526 1630 1579 1675 et
1613 1620 1973 1690 incorporeo;

2074 423 2238 492 τέρας
2283 416 2446 471 αὐτοῦ
2497 412 2820 486 προσϐολῆς.
2862 408 3025 462 Ἀλλά
3067 407 3172 478 μὴν
3200 405 3305 459 κᾶν
3342 408 3456 469 τοῖς
3487 409 3650 460 πᾶσιν

2076 510 2359 573 ἐπίϐουλος
2388 505 2644 578 ἐνομίσθη
2668 502 2826 567 ζώοις
2847 517 2906 554 τε
2937 502 3031 553 καὶ
3073 500 3277 567 φυτοῖς,
3323 498 3373 549 εί
3415 497 3491 568 μὴ
3534 514 3655 567 συγ.

2076 603 2498 672 κατεσκευάσθη
2532 619 2595 670 γε
2627 596 2774 668 αὐτῷ
2813 596 2962 668 παρά
2988 593 3081 647 τοῦ
3132 590 3471 663 Δημιουργοῦ
3520 589 3652 660 πρὸς

2077 698 2393 769 ἐπικουρίαν
2419 696 2504 748 ἓτε
2515 711 2602 765 ρα,
2626 691 2692 744 δι’
2721 683 2794 743 ὧν
2834 689 2896 740 τὸ
2929 686 3065 757 πρὸς
3085 684 3237 756 ἥλιον
3259 682 3502 752 ἀσφαλὲς
3524 681 3654 769 ἡμῖν

2075 809 2135 844 τε
2179 768 2283 845 και
2306 791 2417 851 τοῖς
2450 787 2629 848 ἄλλοις
2659 782 2931 851 ὑπάρχει·
2966 777 3080 830 ἐστι
3117 775 3174 828 δὲ
3218 773 3389 827 ταῦτα
3424 768 3656 824 καταδύ-

2079 902 2189 947 σεις
2220 900 2277 936 τε
2306 880 2401 934 καὶ
2432 878 2652 939 σκέπαι,
2694 873 2831 945 πρὸς
2872 871 2930 924 δὲ
2979 870 3072 922 καὶ
3111 868 3299 937 φυτοῖς
3344 864 3559 919 ὑδάτων
3603 879 3661 915 τε

2076 974 2327 1048 χορηγίαι
2359 972 2452 1025 καὶ
2487 969 2705 1039 ἀνέμων
2728 964 2907 1018 πνοαί.

2152 1043 2310 1119 Ὥστε
2344 1065 2437 1117 καὶ
2482 1064 2531 1115 οί
2576 1060 2824 1129 πέμπτον
2874 1056 3134 1124 στοιχεῖον
3173 1049 3481 1123 ὁριζόμενοι
3524 1043 3662 1100 εἶναι

2076 1158 2165 1212 τὸν
2190 1157 2361 1226 ἥλιον,
2387 1154 2523 1224 πρός
2546 1168 2611 1221 γε
2645 1151 2712 1204 τὰ
2741 1148 2886 1218 σαφῆ
2919 1145 2994 1217 μὴ
3018 1140 3482 1213 φιλονεικούντων,
3510 1138 3662 1199 ὲς....

2076 1250 2171 1303 καὶ
2197 1247 2369 1309 οὕτως
2403 1244 2561 1307 αὐτὸς
2592 1244 2620 1295 ὁ
2649 1237 3007 1311 χαλεπώτατα
3041 1236 3251 1307 μανεὶς,
3271 1233 3362 1285 τὸν
3392 1230 3503 1283 τῶν
3525 1228 3661 1281 ὅλων

2076 1337 2412 1411 Δημιουργὸν
2455 1331 2814 1406 βλασφημῶν,
2862 1329 3059 1399 ἥκιστα
3123 1322 3457 1376 πιστευέσθω
3510 1320 3665 1411 ῆλιοῖδ

2080 1405 2383 1502 συγκρίνων
2413 1405 2552 1498 Θεῷ,
2590 1427 2685 1480 καὶ
2716 1427 2778 1477 ὲκ
2822 1421 2922 1491 τῆς
2957 1418 3143 1480 οὐσίας
3186 1414 3347 1471 αὑτοῦ
3390 1414 3572 1482 λέγων
3596 1405 3669 1464 εἷ-

2078 1542 2165 1576 ναι
2198 1521 2384 1576 τοῦτον
2406 1537 2420 1549 ·
2465 1520 2572 1572 πᾶν
2611 1519 2719 1588 γὰρ
2768 1513 2981 1587 ὁρατὸν,
3025 1511 3119 1563 ᾶτε
3157 1508 3220 1578 δὴ
3258 1506 3419 1578 σῶμα
3458 1502 3668 1575 τυγχά-

2079 1634 2191 1680 νον,
2224 1613 2602 1668 ἀντιτέτακται
2646 1608 2804 1679 φύσει
2847 1605 2925 1677 τῷ
2957 1602 3171 1675 ἀοράτῳ
3209 1600 3305 1654 καὶ
3344 1596 3664 1667 ἀσωμάτῳ·

412 1726 570 1795 cujus
600 1682 737 1793 opina
764 1736 889 1777 esse
917 1725 1117 1789 potest,
1151 1682 1466 1786 et.quidem
1508 1727 1646 1782 opus
1681 1682 1838 1767 valde
1877 1682 1980 1764 mi-

2094 1699 2144 1761 δῦ
2189 1707 2347 1779 ἔργον
2393 1705 2492 1776 μὲν
2539 1699 2679 1756 εἶναι
2731 1699 2973 1762 δύναται,
3018 1696 3113 1749 καὶ
3158 1693 3302 1764 μάλα
3344 1706 3409 1759 γε
3457 1688 3669 1759 θαυμά-

411 1819 602 1883 rabile,
645 1813 1055 1872 similitudinem
1098 1823 1227 1863 vero
1272 1815 1481 1861 natura:
1518 1805 1722 1860 nullam
1783 1803 1982 1859 habere

412 1919 610 1984 potest.

483 2000 651 2063 Valde
678 1996 893 2053 difﬁcile
930 2002 1075 2051 esset
1116 2008 1459 2060 enumerare,
1505 2004 1841 2063 quaecunque
1878 1988 1982 2043 im-

414 2095 505 2165 pia
529 2093 620 2147 hic
649 2091 846 2161 planus
865 2089 1023 2144 libris
1060 2088 1175 2142 suis
1208 2086 1470 2151 inseruit;
1496 2085 1811 2154 vituperans
1838 2082 1984 2137 enim

411 2199 504 2239 res
548 2197 738 2237 omnes
780 2188 1039 2249 tanquam
1092 2178 1288 2239 malas,
1351 2175 1564 2230 fructus
1612 2175 1774 2230 etiam
1826 2180 1986 2228 terrae

416 2286 676 2346 tanquam
709 2271 972 2327 nutritios
1006 2270 1249 2324 materia
1269 2275 1495 2324 accusat
1524 2285 1536 2321 :
1566 2281 1629 2321 ac
1664 2266 1834 2322 solem
1864 2266 1986 2337 qui-

413 2368 538 2421 dem
570 2364 895 2427 admiratur,
928 2370 983 2417 et
1000 2377 1063 2416 ex
1090 2362 1242 2416 bono
1258 2376 1380 2416 esse
1401 2359 1649 2415 decernit
1672 2377 1686 2426 ;
1712 2373 1834 2429 quae
1856 2372 1986 2413 vero

416 2455 512 2509 alit
540 2454 743 2518 calore,
764 2453 963 2522 stirpes
988 2453 1109 2507 dico
1126 2459 1182 2506 et
1204 2451 1435 2514 semina,
1460 2464 1570 2503 non
1604 2449 1771 2518 pudet
1794 2448 1989 2503 acerbe

408 2545 747 2613 vituperare,
782 2557 903 2612 qua:
932 2541 1154 2611 quidem
1184 2541 1304 2597 sine
1334 2540 1450 2595 sole
1479 2538 1572 2608 qui
1604 2553 1634 2592 a
1669 2537 1779 2592 Deo
1809 2537 1988 2593 factus

415 2642 518 2699 est,
556 2635 781 2691 omnino
813 2649 921 2689 non
962 2635 1344 2689 consisterent.
1378 2630 1529 2686 Sicut
1564 2631 1706 2685 enim
1739 2629 1874 2683 nihil
1900 2629 1991 2698 ju-

414 2735 569 2783 varet
610 2728 714 2789 sol,
748 2727 856 2781 nisi
890 2726 1093 2781 imbres
1146 2725 1371 2779 arbores
1402 2722 1694 2791 irrigarent
1741 2728 1795 2776 et
1826 2721 1989 2776 utiles

414 2820 563 2876 venti
592 2818 918 2888 perflarent:
949 2819 1031 2874 sic
1068 2817 1270 2872 imbres
1307 2822 1361 2871 et
1398 2815 1503 2869 alia
1536 2813 1655 2870 sine
1701 2813 1815 2869 sole
1851 2812 1989 2868 nihil

412 2910 688 2984 iuvarent.
1314 2904 1319 2909 ’

2083 1816 2197 1852 σιον
2226 1797 2406 1870 ἔργον,
2448 1794 2743 1866 ὁμοιότητα
2784 1791 2841 1845 δὲ
2878 1788 3093 1859 φύσεως
3138 1783 3275 1857 πρὸς
3312 1782 3479 1836 αὑτὸν
3518 1782 3669 1834 οὐδε-

2085 1891 2210 1962 μίαν
2242 1891 2408 1960 ἔχειν.
2438 1960 2443 1967 .
3110 1920 3117 1929 -

2155 1984 2294 2038 Ὅσα
2323 1984 2420 2055 μὲν
2440 1977 2534 2036 οῦν
2562 1983 2590 2035 ὁ
2616 1979 2814 2042 πλάνος
2840 1976 3140 2032 ἐντέθεικεν
3172 1971 3341 2042 ἀσεϐῆ
3374 1971 3491 2033 τοῖς
3516 1969 3669 2032 ίδίοις

2086 2076 2505 2147 συγγράμμασι,
2543 2073 2678 2127 πολὺ
2708 2071 2772 2125 ἂν
2798 2071 2955 2141 ἔργον
2972 2067 3057 2138 εἴη
3080 2062 3440 2137 καταριθμεῖν
3458 2080 3473 2093 ο
3505 2061 3671 2115 λοιδο-

2088 2169 2345 2242 ρούμενος
2376 2167 2485 2238 γὰρ
2514 2168 2627 2228 τοῖς
2658 2159 2807 2217 οὖσιν
2838 2163 3036 2216 ἀπασιν
3061 2158 3136 2221 ὠς
3167 2159 3380 2221 κακοῖς,
3411 2153 3513 2209 καὶ
3540 2154 3668 2215 τοὺς

2085 2264 2331 2336 καρποὺς
2359 2263 2484 2325 τοὺς
2516 2260 2623 2315 ἀπὸ
2644 2259 2746 2330 γῆς
2774 2257 2889 2328 ἃμα
2911 2251 3202 2316 διαϐάλλει,
3233 2252 3310 2316 ὼς
3336 2250 3669 2324 θρεππκοῦς

2084 2357 2183 2427 τῆς
2221 2354 2353 2424 ῦλης
2377 2371 2389 2384 ’
2423 2353 2517 2407 καὶ
2547 2351 2695 2422 ἥλιον
2731 2349 2828 2422 μὲν
2859 2343 3290 2417 ὑπερθαυμάξει,
3333 2343 3433 2396 καὶ
3474 2342 3544 2394 ὲκ
3576 2339 3669 2393 τοῦ

2087 2444 2292 2513 ἀγαθοῦ
2336 2461 2401 2513 γε
2439 2439 2599 2506 εἶναι,
2642 2440 2718 2504 ὣς
2747 2456 2901 2510 φησι,
2949 2434 3273 2507 διορίζεται·
3305 2432 3343 2488 ἃ
3383 2434 3444 2486 δὲ
3479 2432 3671 2503 τρέφει

2089 2536 2395 2607 θερμαίνων
2425 2535 2640 2605 φυτάτε
2667 2534 2762 2587 καὶ
2789 2532 3097 2601 σπέρματα,
3127 2527 3342 2600 πικρῶς
3360 2528 3465 2581 οὐκ
3492 2525 3671 2596 αἰσχύ-

2089 2645 2236 2682 νεται
2273 2627 2531 2691 κακίζων,
2565 2625 2707 2697 ἀπερ
2738 2623 2837 2677 οὐκ
2868 2623 2933 2677 ἂν
2960 2623 3189 2692 συνέστη
3212 2618 3498 2683 παντελῶς
3520 2619 3669 2691 ἡλίου

2088 2718 2207 2791 δίχα
2259 2718 2394 2789 πρὸς
2444 2715 2578 2770 Θεοῦ
2628 2714 3012 2786 γεγενημένου.
3067 2713 3157 2775 Ὧς
3237 2711 3349 2782 γὰρ
3396 2710 3557 2763 οὐδὲν
3608 2709 3673 2763 ἀν

2090 2810 2297 2881 ὤνησεν
2338 2808 2507 2879 ἥλιος,
2550 2809 2599 2860 εί
2649 2806 2725 2877 μὴ
2772 2805 2994 2877 ὄμϐρων
3035 2804 3260 2875 ἥρδευον
3304 2802 3567 2873 χορηγίαι
3605 2800 3671 2852 τὰ

2092 2899 2256 2970 φυτὰ,
2278 2898 2373 2951 καὶ
2392 2896 2605 2968 ἀνέμων
2628 2894 2917 2965 ὠφελίμων
2938 2892 3240 2947 διεσάλευον
3272 2892 3437 2945 πνοαί
3454 2909 3471 2921 ⁸
3504 2890 3673 2953 οὕτως

2095 2989 2160 3043 ἂν
2190 2990 2385 3063 ὄμϐροι
2419 2989 2514 3043 καὶ
2551 2986 2619 3043 τά
2661 2987 2795 3042 ἄλλα
2820 2987 2970 3058 ἡλίου
3002 2986 3126 3056 δίχα
3162 2986 3448 3056 ὠφέλησεν
3476 2984 3547 3038 ἂν
3589 2984 3675 3037 οὗ-

2096 3082 2203 3138 δέν.

1169 3211 1295 3266 Car.
1336 3209 1553 3266 XXXII.
1591 3209 1796 3266 Imbres
1828 3213 2127 3279 utilissimi.
2162 3215 2239 3271 De
2264 3216 2343 3271 his
2370 3214 2601 3271 Manetis
2633 3216 2915 3271 sententia.

489 3334 581 3387 Ille
610 3331 778 3401 igitur
808 3327 973 3383 etiam
1004 3327 1093 3381 hic
1136 3326 1489 3382 vehementer
1529 3342 1715 3383 secum
1756 3338 1987 3400 pugnat,

419 3437 690 3480 accusans
719 3419 982 3491 graviter,
1023 3426 1080 3472 et
1121 3416 1189 3470 ad
1232 3418 1533 3488 nequitiam
1593 3418 1835 3476 referens
1875 3420 1993 3475 fru-

418 3525 541 3571 ctus
567 3523 726 3569 terrae
747 3527 778 3566 a
801 3510 916 3567 sole
947 3509 1191 3577 alioquin
1212 3518 1427 3574 auctos,
1446 3524 1608 3580 quem
1637 3510 1795 3565 valde
1813 3511 1991 3566 admi-

418 3616 573 3664 ratur
604 3615 659 3662 et
702 3605 954 3661 honorat.
1000 3598 1208 3655 Imbres
1245 3600 1379 3655 dicit
1420 3616 1544 3657 esse
1576 3601 1993 3671 superfluentias

420 3698 712 3771 prasidum
745 3694 1004 3758 materiae,
1035 3693 1130 3763 qui
1152 3708 1215 3747 ex
1242 3707 1426 3748 amore
1456 3694 1704 3747 laborant
1733 3692 1994 3750 adversus

420 3797 720 3862 petestates
761 3786 922 3842 boni:
972 3784 1063 3855 qui
1129 3799 1253 3838 cum
1301 3786 1378 3838 ita
1439 3784 1707 3848 laborent,
1762 3785 1989 3841 sudores

419 3895 610 3937 eorum
645 3893 767 3933 esse
801 3875 1009 3941 definit,
1048 3874 1100 3928 id
1129 3874 1274 3945 quod
1310 3874 1368 3928 in
1411 3875 1513 3939 eis,
1554 3882 1611 3929 ut
1647 3875 1761 3944 ipse
1810 3882 1988 3946 putat,

421 3972 660 4029 abundat
692 3978 746 4025 et
770 3967 1073 4040 superfluit.

492 4064 696 4118 Nititur
723 4063 887 4118 etiam
916 4061 1135 4123 docere,
1173 4074 1613 4130 supervacaneos
1634 4073 1756 4114 esse
1790 4057 1995 4114 imbres

420 4161 479 4214 in
499 4172 650 4212 mare
692 4164 747 4211 et
796 4156 852 4209 in
888 4156 1007 4208 loca
1046 4154 1162 4209 sola
1199 4160 1270 4217 _et
1307 4166 1428 4221 quae
1477 4164 1588 4205 non
1633 4149 1993 4213 seminantur,

2164 3334 2286 3404 ’Ἆρ’
2330 3329 2422 3387 οὖν
2457 3336 2662 3395 ἐκεῖνος
2712 3332 2946 3403 ἰσχυρῶς
2995 3328 3174 3401 ἑαυτῷ
3222 3330 3319 3383 καὶ
3366 3322 3475 3383 ὦδε
3512 3331 3673 3403 μάχε-

2090 3442 2200 3488 ται,
2244 3426 2457 3498 πικρῶς
2504 3424 2803 3479 διαϐάλλων
2860 3426 2941 3487 είς
2984 3422 3181 3476 κακίαν
3227 3422 3359 3486 τοὺς
3415 3423 3529 3476 ἀπὸ
3574 3423 3671 3494 γῆς

2094 3519 2358 3590 καρποὺς,
2399 3517 2487 3571 διὰ
2517 3517 2669 3588 ἡλίου
2701 3533 2764 3584 γε
2811 3514 3230 3586 αὐξανομένους,
3265 3513 3325 3567 δν
3360 3515 3510 3568 πάνυ
3551 3514 3674 3567 θαυ-

2098 3611 2254 3680 μάζει
2282 3610 2375 3663 καὶ
2403 3611 2557 3681 τιμᾷ.
2590 3610 2726 3672 Τοὺς
2768 3608 2825 3661 δὲ
2863 3607 3102 3678 ὄμϐρους
3145 3604 3507 3675 περιττώσεις
3538 3602 3673 3659 εἶναι

2094 3699 2287 3768 λέγων,
2316 3698 2410 3753 καὶ
2444 3698 2551 3752 τῶν
2578 3698 2855 3770 ἀρχόντων
2877 3699 2973 3769 τῆς
3005 3697 3137 3768 ὕλης
3160 3695 3517 3768 ὲρωτιὼντων
3543 3695 3674 3770 πρὸς

2094 3791 2192 3855 τὰς
2224 3791 2316 3845 τοῦ
2358 3791 2561 3860 ἀγαθοῦ
2598 3791 2880 3861 δυνάμεις
2919 3790 3014 3843 καὶ
3054 3789 3199 3850 οὕτω
3233 3788 3297 3859 δὴ
3327 3788 3675 3859 καμνόντων,

2100 3883 2326 3954 ἱδρῶτας
2354 3883 2549 3947 αὐτοὺς
2587 3878 2724 3935 εἶναι
2762 3882 3129 3952 διοριζόμενος
3168 3880 3227 3933 τὸ
3261 3880 3544 3951 παρέλκον
3581 3883 3675 3934 αὖ.

2098 3973 2226 4039 τῶν,
2258 3975 2333 4037 ὼς
2364 3974 2527 4035 αὐτὸς
2556 3973 2747 4028 οἴεται.

2165 4065 2275 4118 Καὶ
2316 4063 2376 4117 τὸ
2409 4063 2661 4135 περιττὸν
2702 4063 2959 4135 πειρᾶται
3002 4061 3294 4126 δεικνύναι,
3327 4060 3394 4114 τὸ
3438 4063 3542 4115 καὶ
3580 4062 3676 4132 τὴν

2096 4155 2362 4209 θάλατταν
2412 4155 2507 4208 καὶ
2539 4155 2637 4225 τὴν
2688 4140 2891 4225 ἔρημόν
2931 4171 2991 4207 τε
3036 4154 3132 4206 καὶ
3177 4152 3420 4222 ἄσπορον
3461 4151 3672 4215 ὕεσθαι,

422 4246 738 4311 εωυοηιεε;
786 4251 1046 4313 tanquam
1102 4241 1385 4296 advenerit
1435 4239 1504 4293 ad
1557 4237 1984 4294 ratiocinandum

2096 4247 2282 4319 ῶσπερ
2306 4264 2391 4309 τις
2436 4245 2671 4318 ἀκριϐὴς
2700 4245 2954 4315 λογιστὴς
2997 4242 3141 4298 κατά
3183 4242 3318 4296 Θεοῦ
3360 4242 3675 4314 παρελθὼν,

423 4341 713 4410 diligenter
743 4344 934 4391 contra
955 4334 1145 4398 Deum,
1177 4334 1337 4404 quasi
1373 4332 1579 4387 frustra
1608 4339 1661 4387 ct
1686 4329 1910 4402 profuse
1928 4346 1984 4385 ac

2094 4339 2169 4402 ὡς
2203 4338 2379 4410 μάτην
2410 4338 2502 4391 καὶ
2532 4336 2753 4400 ἀσώτως
2782 4335 3161 4398 ἀναλίσκοντος
3191 4333 3299 4386 τῶν
3334 4334 3556 4387 ὑδάτων
3579 4334 3674 4402 τὴν

421 4430 650 4500 prodige
689 4444 859 4499 aquas
890 4432 1197 4490 consumat,
1220 4424 1316 4495 qui
1353 4438 1463 4493 prae
1506 4437 1720 4478 summa
1757 4422 1984 4477 amentia

2094 4429 2466 4504 παρασκευὴν,
2519 4428 2584 4482 δι’
2634 4427 2940 4500 ἀκροτάτην
2968 4426 3151 4481 ἄνοιαν
3190 4424 3251 4478 τὸ
3295 4425 3516 4496 πρέπον
3562 4424 3674 4494 Θεῷ

423 4534 535 4575 non
566 4518 737 4584 videt,
765 4516 896 4587 quid
926 4514 1096 4569 Deum
1128 4513 1339 4568 deceat.
1366 4509 1524 4576 Quod
1563 4508 1610 4564 si
1649 4507 1792 4563 Deus
1835 4508 1984 4577 inops

2097 4522 2171 4594 μὴ
2207 4521 2437 4591 βλέπων.
2492 4521 2600 4587 Ὡς,
2627 4522 2675 4573 εί
2711 4520 2810 4591 μὲν
2853 4518 3127 4591 ἐπτώχευε
3168 4520 3280 4582 τοῖς
3308 4516 3471 4571 ὕδασι
3524 4517 3672 4579 Θεὸς,

425 4627 691 4683 aquarum
714 4619 881 4671 esset.
922 4608 1125 4662 faceret
1164 4603 1452 4673 diligenter
1482 4610 1542 4655 ut
1590 4599 1997 4654 accommodate

426 4705 493 4758 ad
527 4718 687 4758 usum
711 4707 766 4756 et
789 4698 1173 4755 necessitatem
1205 4694 1508 4750 eﬂluerent.
1542 4689 1652 4746 Sed
1682 4691 1811 4761 quia
1841 4691 1995 4748 dives

425 4802 531 4858 est,
565 4801 618 4848 et
653 4800 765 4846 tam
790 4791 964 4853 dives,
992 4795 1262 4859 quantum
1304 4798 1468 4840 nemo
1510 4784 1759 4839 oratione
1802 4798 1997 4840 conse-

427 4890 519 4959 qui
544 4893 741 4958 potest,
767 4884 880 4937 baec
915 4883 1030 4952 ipsa
1062 4880 1346 4934 abundans
1364 4878 1627 4933 imbrium
1659 4875 1878 4931 eﬂluxio
1898 4876 1996 4930 de-

426 4986 697 5035 monstrat
720 4990 867 5030 mare
883 4989 951 5029 ex
981 4987 1090 5042 quo
1123 4986 1275 5041 aquae
1306 4970 1362 5024 in
1390 4984 1571 5025 aerem
1608 4967 1879 5032 feruntur,
1899 4982 1996 5037 per

428 5071 631 5127 imbres
646 5068 892 5139 irrigare.
928 5065 1174 5120 Solitudo
1201 5077 1330 5118 vero
1364 5068 1418 5117 et
1456 5062 1610 5116 locus
1643 5061 1741 5130 qui
1763 5076 1871 5115 mm
1902 5075 1997 5115 ex-

429 5162 561 5232 cipit
588 5176 794 5223 semen,
819 5157 1133 5213 necessario
1169 5155 1407 5226 pluviam
1439 5153 1642 5223 accipit
1676 5152 1744 5206 ad
1793 5167 1996 5221 suppe-

427 5254 708 5310 ditandum
754 5252 1016 5315 fontibus,
1057 5259 1111 5306 et
1150 5248 1444 5319 aliquando
1490 5249 1594 5302 iter
1643 5247 1994 5310 facientibus,

426 5358 488 5402 ut
517 5348 792 5403 inveniant
817 5361 989 5415 aquas
1027 5344 1305 5398 collectas.
1332 5341 1574 5411 Denique
1612 5347 1673 5393 ut
1717 5349 1863 5394 terra
1899 5353 1996 5393 ex-

428 5458 554 5512 pers
592 5441 786 5511 pluviae
820 5441 933 5495 sole
979 5438 1214 5503 arderet,
1254 5452 1365 5490 non
1405 5435 1676 5502 sancivit;
1729 5441 1788 5488 ut
1823 5433 1996 5503 pluri-

429 5549 576 5589 mum
607 5534 750 5588 enim
776 5541 867 5587 aut
899 5547 1018 5603 per}.
1045 5529 1290 5593 flumina,
1342 5537 1435 5582 aut
1477 5543 1575 5598 per
1617 5526 1819 5581 imbres
1872 5524 1999 5579 uni.

431 5642 587 5685 versa
619 5635 762 5681 terra
786 5640 962 5681 rorem
988 5623 1144 5679 aDeo
1171 5622 1385 5692 accipit.

2094 4615 2294 4687 ἀκριϐῆ
2322 4615 2417 4668 καὶ
2437 4617 2504 4687 τῇ
2544 4614 2703 4686 χρείᾳ
2738 4613 3047 4685 σύμμετρον
3075 4614 3310 4666 ἐποιεῖτο
3336 4611 3554 4664 τούτων

2096 4704 2364 4758 ἐπίδοσιν·
2405 4704 2592 4775 ἐπειδὴ
2626 4702 2684 4755 δὲ
2713 4701 2954 4767 πλουτεῖ,
2990 4700 3084 4754 καὶ
3110 4700 3232 4753 ὅσον
3265 4715 3328 4767 γε
3364 4699 3469 4752 οὐκ
3500 4698 3569 4752 ἄν
3594 4713 3673 4761 τις

2097 4798 2269 4851 εἰπεῖν
2295 4793 2531 4860 δύναιτο,
2573 4795 2704 4849 αὑτό
2737 4810 2801 4861 γε
2828 4791 2985 4845 τοῦτο
3013 4790 3075 4843 τὸ
3102 4789 3331 4859 ἄφθονον
3357 4789 3462 4859 τῆς
3503 4804 3676 4861 παρα·

2099 4887 2296 4958 σκευῆς
2333 4885 2593 4949 δείκνυσι,
2633 4883 2695 4937 τὸ
2726 4882 2820 4937 καὶ
2858 4880 3147 4945 θάλατταν,
3177 4878 3270 4948 ἀφ’
3307 4873 3377 4950 ἦς
3411 4878 3676 4949 ἀνακομί-

2098 4979 2180 5042 ζει
2223 4976 2359 5048 πρὸς
2404 4976 2543 5047 ἀέρα
2588 4974 2657 5028 τὰ
2709 4973 2893 5035 ὕδατα,
2932 4971 3020 5026 διὰ
3067 4970 3241 5040 νεφῶν
3291 4969 3567 5040 ἀρδεύειν.
3614 4969 3673 5022 Ἦ

2097 5070 2153 5123 δὲ
2188 5068 2390 5139 ἔρημός
2410 5084 2471 5119 τε
2504 5066 2596 5119 κα¹ἱ¹
2622 5065 2860 5135 ἄσπορος
2892 5061 3203 5131 ἀναγκαίως
3229 5059 3386 5113 ὕεται
3414 5062 3558 5131 πρὸς
3585 5077 3671 5131 χιε

2102 5162 2295 5233 ρηγίαν
2342 5158 2531 5231 πηγῶν
2554 5176 2566 5186 ·
2608 5158 2724 5210 ἔστι
2766 5156 2823 5208 δὲ
2854 5156 2943 5208 ὅτε
2974 5156 3206 5218 καὶτοῖς
3242 5152 3563 5224 παριοῦσιν,
3601 5153 3673 5213 ὡς

2100 5254 2167 5307 ἂν
2210 5254 2305 5306 καὶ
2349 5250 2500 5305 αὐτοί
2556 5266 2620 5318 γε
2660 5247 2868 5318 εὕροιεν
2906 5246 3113 5301 ὑδάτων
3165 5245 3516 5316 συστήματα.
3566 5245 3671 5298 Καὶ

2100 5347 2235 5410 ὅλως
2273 5346 2501 5417 ἄϐροχον
2534 5342 2638 5413 γῆν
2668 5342 2800 5413 ἡλίῳ
2833 5339 3124 5409 φλέγεσθαι
3161 5338 3318 5409 μόνον
3357 5336 3423 5391 οὗ
3452 5353 3669 5406 νενομο-

2102 5437 2326 5507 θέτηκεν
2358 5436 2432 5498 ὼς
2475 5434 2565 5487 ἐπὶ
2600 5432 2661 5485 τὸ
2700 5430 2864 5485 πολύ·
2904 5431 2937 5500 ἡ
2970 5428 3075 5501 γὰρ
3100 5427 3187 5481 διὰ
3221 5424 3487 5497 ποταμῶν
3519 5425 3554 5495 ἢ
3582 5426 3669 5493 ὁμο

2102 5527 2246 5598 ϐρων
2277 5527 2464 5581 ἀπασα
2488 5526 2558 5596 γῆ
2590 5523 2723 5596 πρὸς
2751 5522 2885 5577 Θεοῦ
2910 5520 3113 5584 νοτίδος
3140 5515 3426 5572 ἀπολαύει.
