3838 6158
248 185 389 245 H97

1327 176 1691 240 ADVERSUS
1745 179 2167 240 MAMCHJEOS
2201 184 2330 243 LIB.
2369 185 2436 241 ll.

3352 193 3491 251 H98

322 277 447 333 Εἴτε
478 277 658 331 τοίνυν
690 276 764 348 μὴ
802 275 1003 347 βρέχοι,
1037 276 1322 350 πρόχειρος
1357 277 1437 341 εἰς
1470 277 1814 349 βλασφημίαν

1997 277 2123 334 Sive
2145 278 2309 347 igitur
2338 294 2448 333 non
2489 277 2661 349 pluat,
2708 286 2910 351 praesto
2936 289 3019 338 est
3068 281 3397 341 Manichaeus
3436 295 3492 343 et

246 372 278 424 ὁ
310 368 468 439 ἀνὴρ,
500 367 595 421 καὶ
620 367 670 419 οἱ
699 366 757 430 ἐξ
789 365 998 418 ἐκείνου
1016 384 1028 395 ·
1060 366 1168 419 εἴτε
1195 366 1398 439 βρέχοι,
1426 367 1526 421 οὐκ
1551 367 1826 439 ἀναχωρεῖ

247 460 344 514 τοῦ
378 460 552 530 μάτην
597 457 873 511 αἰτιᾶσθαι
917 458 1012 511 καὶ
1049 457 1354 512 διαϐάλλειν
1385 458 1518 512 Θεόν
1544 475 1558 489 ο
1604 457 1706 513 κᾶν
1735 458 1826 530 ἆρ-

245 566 340 602 τον
364 550 443 611 είς
464 551 653 620 χεῖρας
679 546 936 609 λάϐωσιν,
965 547 1204 619 ἀρῶνται
1230 548 1442 620 πρῶτον
1465 549 1515 602 οἱ
1537 548 1635 620 τῆς
1661 548 1824 619 βλασ-

247 640 461 711 φημίας
501 638 761 709 μαθηταὶ,
791 639 884 692 καὶ
916 638 1088 703 οὕτως
1136 640 1514 710 ἐμπιπλῶνται
1550 643 1599 694 οἱ
1639 641 1823 711 ἀχάρι.

248 748 364 783 στοι
387 747 401 760 ·
440 732 535 785 xei.
588 730 688 800 τῆς
733 731 1094 802 δημιουργίας
1133 731 1344 795 οὐδενὸς
1383 731 1443 785 τὸ
1481 727 1644 802 ἧττον
1689 733 1824 785 ἀπο-

244 822 522 886 λαύοντες,
559 821 850 892 ἡκόνηνται
881 822 1032 895 μόνοι
1063 825 1185 877 κατ’
1216 823 1384 894 αὐτῆς
1416 822 1515 894 τὴν
1553 823 1816 893 γλῶτταν,

249 914 451 983 μᾶλλον
505 913 561 967 δέ
613 913 756 968 κατὰ
812 912 907 966 τοῦ
953 914 1310 985 πεποιηκότος
1349 916 1551 987 αὐτὴν
1603 916 1699 969 καὶ
1744 916 1820 980 ὡς

245 1006 482 1078 ἔχθιστοι
507 1005 599 1060 τοῦ
626 1004 760 1060 Θεοῦ
788 1005 1071 1077 μετέχουσι
1096 1022 1111 1036 ·
1135 1007 1230 1060 καὶ
1260 1007 1398 1079 πρὸς
1424 1007 1553 1061 αὐτό
1576 1024 1638 1076 γε
1661 1006 1819 1060 τοῦτο

244 1098 697 1167 ἀγανακτοῦντες,
737 1099 817 1152 ὃτι
847 1098 954 1152 τῶν
978 1100 1041 1152 ἐκ
1066 1098 1164 1170 τῆς
1197 1098 1554 1172 δημιουργίας
1580 1102 1637 1154 ἐν
1659 1100 1818 1171 χρείᾳ

245 1191 637 1264 καθεστήκασι.

1924 370 2017 440 qui
2056 385 2182 425 eum
2228 376 2529 434 sectantur,
2582 371 2652 425 ad
2710 371 3107 443 blasphemiam
3158 371 3486 434 Judaicam:

1927 462 2043 515 sive
2072 461 2244 530 pluat,
2275 474 2383 514 non
2413 460 2613 516 desinit
2650 460 2888 519 inaniter
2922 477 3182 522 accusare
3215 473 3269 521 et
3304 483 3493 539 repre-

1927 552 2167 633 hendere
2210 551 2379 608 Deum
2404 573 2415 607 :
2441 559 2495 608 et
2518 567 2715 624 panem
2756 554 2802 609 si
2827 557 2882 609 in
2925 571 3123 613 manus
3160 558 3228 612 ad
3266 574 3492 619 vescen-

1925 644 2054 699 dum
2094 651 2334 709 sumant,
2367 643 2603 714 primum
2634 643 2885 715 discipuli
2926 646 3278 719 blasphemiae
3317 649 3489 707 Deum

1926 735 2232 790 maledictis
2261 735 2624 799 insectantur,
2665 742 2829 806 atque
2858 737 2932 792 ita
2955 738 3155 809 ingrati
3187 742 3489 807 satiantur;

1925 836 1982 883 et
2003 826 2159 896 quasi
2188 826 2325 881 nihil
2353 826 2564 882 fructus
2595 843 2662 883 ex
2684 837 2936 884 creatura
2977 831 3343 902 perciperent,
3386 833 3492 889 lin-

1925 935 2086 990 guam
2113 921 2214 975 soli
2242 919 2298 974 in
2330 934 2450 975 eam
2480 932 2767 987 acuerunt,
2794 924 2904 979 imo
2942 924 2999 980 in
3024 905 3309 984 auctorem.
3333 930 3488 1000 ejus;

1924 1019 1978 1067 et
2005 1023 2262 1082 tanquam
2295 1011 2663 1068 inimicissimi
2699 1013 2814 1079 Dei,
2852 1030 2916 1072 ea
2951 1034 3072 1088 quae
3114 1029 3244 1074 sunt
3284 1028 3488 1088 creata,

1923 1104 2272 1175 participant,
2290 1102 2454 1173 idque
2493 1113 2898 1173 succensentes,
2933 1108 3079 1178 quod
3105 1110 3187 1166 eis
3225 1111 3486 1184 indigent.

1156 1329 1286 1388 Car.
1330 1329 1565 1386 XXXIII.
1603 1330 1914 1388 Procreatio
1938 1328 2224 1385 liberorum
2250 1326 2569 1381 necessaria.

284 1466 429 1538 ’Τήν
456 1483 513 1520 τε
545 1467 890 1537 παιδογονίαν
921 1455 1248 1541 ὑϐρίζοντες,
1284 1470 1382 1535 τὰς
1413 1470 1588 1543 μίξεις
1634 1470 1815 1533 αὐτοῖς

238 1550 373 1605 ἄνευ
408 1569 472 1622 γε
496 1552 702 1624 ταύτης
726 1554 1039 1626 συμϐαίνειν
1068 1556 1223 1629 (46‘),
1255 1558 1427 1612 δοῦλοί
1452 1577 1516 1629 γε
1544 1560 1696 1624 ὄντες
1716 1560 1816 1630 τῆς

1992 1460 2430 1517 Procreationem
2478 1458 2776 1514 liberorum
2831 1458 3225 1517 contumeliose
3274 1462 3491 1536 vitupe-

1919 1558 2066 1615 rant,
2114 1550 2378 1614 volentes,
2426 1555 2486 1602 ut
2532 1561 2764 1619 corpora
2800 1547 2917 1603 sine
2963 1563 3027 1604 ea
3069 1551 3484 1612 miscerentur:

240 1646 548 1711 ἀναγκαίας
578 1647 827 1719 διαδοχῆς
850 1649 982 1722 πρὸς
1003 1650 1135 1704 Θεοῦ
1168 1653 1685 1726 νενομοθετημένης,
1704 1653 1814 1707 ἀλλ’

1925 1643 2015 1715 qui
2069 1643 2210 1698 servi
2258 1640 2479 1713 quidem
2517 1648 2645 1695 sunt
2685 1641 3011 1697 necessaria;
3055 1645 3424 1705 successionis
3454 1663 3488 1703 a

241 1735 308 1789 οὐ
332 1736 430 1807 τῆς
459 1738 670 1810 ἡδονῆς·
701 1739 883 1811 ἐχθροί
916 1757 979 1809 γε
1011 1741 1080 1795 τά
1118 1742 1296 1796 πάντα
1323 1743 1421 1813 τῆς
1466 1743 1698 1814 ἀληθοῦς
1724 1744 1818 1797 καὶ

241 1829 471 1899 γνησίας
500 1829 699 1901 ἀρετῆς
727 1833 820 1884 καὶ
845 1832 943 1905 τῆς
970 1833 1245 1897 εὐσεϐείας
1267 1833 1437 1898 ὄντες,
1468 1834 1655 1907 ὥσπερ
1678 1838 1817 1889 αίτι-

237 1918 442 1990 ώμενοι
494 1921 555 1973 τὸ
607 1919 831 1984 ἀείζωον
879 1921 972 1976 τοῦ
1012 1922 1122 1979 τῶν
1162 1922 1462 1996 ἀνθρώπων
1484 1925 1693 1995 γένους,
1724 1926 1819 1980 καὶ

238 2008 557 2081 βουλόμενοι
582 2011 745 2066 αὐτοῦ
772 2030 875 2067 που
899 2015 1087 2087 στῆναι
1107 2015 1198 2070 τὸν
1230 2015 1427 2088 δρόμον
1454 2016 1556 2087 τῆς
1582 2017 1813 2086 φύσεωςο

241 2099 768 2175 νομοθετοῦντεςτῷ
811 2104 929 2176 Θεῷ
958 2107 1055 2159 καῖ
1088 2106 1523 2175 ἀγανακτοῦντες
1551 2108 1688 2180 πρὸς
1717 2109 1818 2182 τὴν

238 2187 572 2263 ἀγαθότητα,
619 2192 687 2247 δι’
735 2195 803 2266 ἢν
846 2195 1181 2263 ἀνεξικάκως
1207 2195 1318 2269 ἔχει
1350 2196 1486 2270 πρὸς
1511 2198 1612 2270 τὴν
1640 2198 1818 2252 αὐτῶν

239 2279 456 2353 βλασφη
467 2282 615 2353 μίαν.
1092 2342 1098 2348 ,

312 2373 567 2444 Καίτοιγε
614 2375 702 2430 διὰ
752 2378 910 2433 τοῦτο
961 2380 1161 2452 φυσική
1206 2398 1291 2445 τις
1342 2380 1659 2434 ἐνέστακται
1706 2382 1819 2445 τοῖς

239 2461 460 2534 σώμασι
493 2467 692 2537 μίξεως
731 2468 927 2541 ὄρεξις,
962 2469 1039 2534 ὼς
1080 2470 1276 2544 μικροῦ
1319 2472 1532 2545 ἀνάγκῃ
1568 2471 1676 2525 τῶν
1717 2472 1820 2544 τῆς

240 2553 457 2622 φύσεως
502 2559 813 2630 κινημάτων
855 2559 1116 2631 φέρεσθαι
1164 2562 1232 2616 τὰ
1277 2561 1391 2628 ζῶα
1422 2563 1558 2634 πρὸς
1585 2561 1682 2634 τὴν
1720 2564 1820 2634 τῆς

237 2645 489 2719 διαδοχῆς
535 2650 827 2722 ἐργασίαν,
874 2651 1284 2726 ὑπερϐαλλούσῃ
1342 2652 1433 2707 τοῦ
1473 2653 1817 2726 Δημιουργοῦ

243 2739 409 2810 σοφίᾳ.
436 2740 530 2793 καὶ
554 2740 713 2794 τοῦτο
744 2741 926 2807 θέντος
950 2761 963 2775 ’
999 2743 1186 2815 ἐπειδὴ
1237 2744 1346 2817 γὰρ
1399 2744 1669 2818 μοχθηραὶ
1719 2747 1816 2817 μὲν

237 2829 486 2898 γυναιξὶν
524 2834 579 2885 αἱ
618 2831 827 2900 ὠδῖνες,
862 2834 1129 2907 μοχθηραὶ
1160 2836 1219 2890 δὲ
1258 2836 1481 2909 ἀνδράσι
1509 2854 1570 2890 τε
1599 2839 1693 2891 καὶ
1718 2855 1817 2907 γυ-

236 2920 384 2985 ναιξὶ
403 2920 510 2975 τῶν
535 2924 868 2995 γιγνομένων
898 2927 954 2980 αἱ
977 2929 1297 3000 ἀνατροφαὶ,
1318 2930 1603 2998 ἀναγκαῖοι
1620 2931 1676 2984 δὲ
1698 2930 1818 2985 λίαν

1920 1734 2032 1789 Deo
2056 1736 2300 1798 sancitae,
2334 1733 2431 1789 sed
2453 1747 2563 1787 non
2591 1732 2918 1804 voluptatis;
2943 1734 3152 1790 inimici
3175 1745 3363 1794 autem
3389 1749 3488 1810 per

1918 1828 2105 1880 omnia
2146 1841 2290 1881 verae
2331 1832 2386 1880 et
2426 1839 2698 1895 germanae
2731 1826 2953 1882 virtutis
2996 1842 3061 1882 ac
3087 1829 3332 1900 pietatis,
3363 1838 3490 1889 tan-

1920 1933 2085 1988 quam
2161 1926 2487 1973 accusantes
2554 1917 2778 1971 humani
2854 1920 3068 1989 generis
3152 1924 3489 1993 perpetuita-

1920 2017 2051 2074 tem,
2103 2019 2157 2065 et
2201 2010 2448 2066 volentes
2495 2008 2697 2063 alicubi
2748 2009 2945 2065 sistere
2991 2025 3311 2082 processum
3366 2015 3487 2087 ejus

1918 2099 2224 2155 naturalem
2246 2139 2262 2164 ,
2320 2098 2633 2156 sancientes
2695 2097 2868 2167 legem
2925 2098 3036 2156 Deo
3058 2141 3073 2166 ,
3133 2109 3189 2157 et
3251 2104 3486 2160 bonitati

1918 2184 2039 2255 ejus
2073 2194 2484 2253 succcnsentes,
2513 2200 2619 2259 qua
2648 2199 2838 2241 eorum
2858 2187 3253 2260 blasphemiam
3272 2194 3488 2264 patieno

1916 2283 2001 2332 ter
2024 2276 2239 2332 tolerat.

1988 2368 2127 2423 Cum
2178 2369 2383 2440 alioqui
2431 2371 2702 2428 naturalis
2745 2370 2969 2443 quidam
3028 2373 3302 2443 appetitus
3353 2388 3488 2430 cono

1917 2462 2138 2519 cubitus
2181 2463 2253 2520 ob
2290 2478 2410 2519 eam
2440 2479 2662 2522 causam
2704 2465 3030 2536 corporibus
3058 2467 3390 2524 constitutus
3433 2477 3489 2524 et

1917 2555 2208 2611 ordinatus
2256 2562 2363 2621 est,
2418 2563 2481 2610 ut
2519 2558 2776 2613 animalia
2804 2557 2944 2614 'fere
2992 2559 3321 2615 necessitate
3368 2574 3488 2616 mo-

1918 2654 2072 2701 tuum
2124 2656 2333 2702 naturae
2381 2647 2449 2702 ad
2488 2647 2824 2705 efﬁciendam
2859 2650 3264 2706 successionem
3300 2648 3490 2728 feran—

1922 2745 2033 2807 tur,
2082 2739 2349 2810 sapientia
2390 2740 2604 2794 inlinita
2635 2739 2913 2797 Creatoris
2954 2742 3048 2812 qui
3083 2741 3190 2797 hoc
3244 2743 3485 2799 statuit:

1921 2831 2120 2885 etenim
2167 2832 2297 2902 quia
2350 2830 2610 2886 laboriosi
2659 2840 2786 2888 sunt
2831 2841 3022 2903 partus
3067 2832 3382 2899 muliebres.
3410 2832 3492 2888 la-

1926 2918 2161 2974 boriosa:
2206 2919 2336 2974 item
2375 2919 2512 2976 viris
2549 2928 2603 2976 et
2644 2920 2863 2976 feminis
2892 2920 3250 2978 educationes
3286 2919 3491 2977 libero-

236 3009 299 3061 ai
321 3008 591 3081 διαδοχαί·
625 3013 657 3083 ἡ
687 3013 784 3084 μὲν
807 3012 987 3085 ὄρεξις
1015 3016 1254 3084 φυσικῶς
1293 3018 1540 3085 κινεῖται,
1572 3025 1666 3074 καὶ
1693 3021 1814 3092 τρό-

1925 3024 2071 3077 rum,
2104 3010 2261 3066 valde
2290 3017 2473 3065 autem
2504 3010 2833 3066 necessariae
2861 3010 3245 3067 successiones
3277 3027 3293 3077 ;
3323 3026 3489 3082 appe-

236 3114 341 3151 πον
366 3100 485 3154 τινὰ
510 3101 773 3183 βιάζεται,
802 3106 831 3157 ό
874 3104 931 3157 δὲ
972 3103 1225 3177 λογισμὸς
1271 3104 1434 3171 ὁσίως
1459 3108 1672 3179 δέχεται
1702 3109 1813 3181 (47)

236 3190 695 3263 προυργιαιτέραν
719 3192 818 3262 τῆς
850 3192 1042 3266 ἡδονῆς
1084 3195 1353 3249 ποιεῖσθαι
1399 3197 1497 3269 τὴν
1539 3198 1812 3272 διαδοχήνι·

236 3283 334 3336 καὶ
376 3283 613 3348 ἀναίτιος
643 3284 752 3338 τῶν
780 3286 1046 3356 σωμάτων
1101 3290 1135 3359 ἡ
1188 3289 1371 3362 ἡδονὴ,
1417 3290 1531 3361 εἴγε
1573 3291 1816 3365 λογισμῷ

237 3373 337 3425 καὶ
367 3374 517 3445 νόμῳ
543 3374 637 3429 τοῦ
672 3378 997 3448 ποιήσαντος
1022 3378 1363 3452 ἀκολουθοίη.

310 3551 374 3603 Οί
397 3550 452 3604 δὲ
475 3550 574 3622 τὴν
607 3552 1077 3624 ήδονηνπολλάκις
1105 3555 1477 3627 καρπούμενοι
1500 3553 1561 3609 τὸ
1590 3556 1686 3611 ἀπ’
1718 3557 1816 3609 αὐ-

237 3641 340 3712 τῆς
366 3641 523 3713 ἔργον
557 3644 868 3713 ἀναγκαίως
897 3645 1144 3717 μισοῦσιο
1174 3648 1268 3701 καὶ
1309 3648 1661 3719 παρεγγυῶσι
1684 3649 1815 3721 παρ’

236 3735 497 3804 ἀγγελίαν
515 3739 631 3802 ταῖς
645 3741 1011 3811 ἐπαγομέναις
1038 3742 1431 3814 ἐφαλλομέναις
1460 3745 1817 3816 μαγγανείαις

238 3828 341 3892 τὰς
398 3828 688 3901 συλλήψεις
718 3831 914 3886 κλείειν
953 3851 1013 3887 τε
1051 3835 1147 3889 καὶ⁸
1191 3836 1424 3906 ῥίπτειν,
1472 3837 1564 3890 καὶ
1596 3837 1721 3899 τοὺς
1759 3837 1816 3888 ἐν

236 3921 359 3994 ῶρᾳ
383 3922 574 3988 τόκους
611 3925 685 3996 μὴ
718 3926 1027 3996 ἀναμένειν,
1048 3927 1123 3992 ὡς
1152 3928 1341 3981 τούτου
1370 3944 1435 3998 γε
1464 3928 1624 4000 μόνου
1643 3927 1816 3982 δεινοῦ

237 4015 334 4066 καὶ
381 4014 636 4085 χαλεποῦο
670 4019 1025 4088 τυγχάνοντες
1067 4019 1252 4092 ἐχθροὶ
1302 4021 1401 4092 τῆς
1435 4020 1648 4089 φύσεως
1691 4023 1818 4092 ἐγη-

236 4105 514 4176 γερμένοι,
556 4106 754 4177 μᾶλλον
783 4108 840 4161 δὲ
889 4108 982 4162 τοῦ
1030 4108 1235 4181 ταύτην
1288 4109 1811 4181 δημιουργήσαντος,

237 4196 332 4248 καὶ
381 4197 576 4267 μανίαν
609 4198 750 4252 κατά
784 4197 935 4252 τοῦδε
962 4197 1055 4251 τοῦ
1088 4199 1286 4262 παντὸς
1319 4199 1669 4269 ἐκμαθόντεςο
1704 4201 1816 4253 Καὶ

233 4289 324 4345 διὰ
375 4290 447 4358 τί,
498 4291 682 4361 φασὶν,
724 4293 1018 4363 ἐνυπάρχει
1058 4295 1169 4357 τοῖς
1214 4292 1458 4365 σώμασιν
1486 4296 1520 4365 ἠ
1549 4292 1685 4365 πρὸς
1715 4293 1816 4358 τὰς

239 4382 415 4457 μίξεις
456 4384 719 4455 ἐπιθυμία
734 4401 749 4451 ;
1301 4412 1312 4421 -

310 4501 436 4566 Πῶς
468 4501 512 4554 δ’
538 4500 604 4555 ἂν
632 4499 835 4571 ὑπέστη
867 4501 966 4572 τῆς
997 4503 1053 4554 ἐν
1082 4498 1238 4571 μέρει
1268 4517 1332 4570 γε
1370 4502 1723 4574 σωφροσύνης
1749 4502 1811 4556 τὸ

232 4594 431 4657 κάλλος
467 4595 526 4646 ἐν
558 4593 883 4665 ἀνθρώποις,
919 4594 968 4645 εἰ
1006 4594 1080 4663 μὴ
1106 4591 1266 4661 φύσει
1301 4594 1398 4663 μὲν
1425 4590 1494 4666 ἦν
1534 4594 1593 4648 τὸ
1635 4594 1821 4667 ἐρεθί-

234 4688 348 4752 ζον,
387 4684 590 4756 λογικῷ
630 4684 688 4738 δὲ
715 4685 1107 4756 κατεχόμενον;
1133 4682 1233 4738 ποῦ
1278 4684 1323 4737 δ’
1351 4685 1417 4740 ἂν
1444 4680 1512 4756 ἦν
1544 4685 1813 4758 παρθενία

234 4777 388 4849 παρά
431 4775 697 4846 γυναιξὶν,
735 4776 768 4848 ἢ
817 4778 945 4848 παρ’
984 4775 1242 4849 ἀνδράσιν
1291 4776 1661 4847 ἀπειρογαμία
1711 4778 1810 4850 τὴν

234 4868 418 4939 κοινὴν
452 4867 804 4941 σωφροσύνην
835 4869 1330 4942 παρευδοκιμοῦσα,
1352 4870 1400 4922 εἰ
1434 4870 1507 4940 μὴ
1533 4868 1809 4942 λογισμὸς,

232 4959 331 5013 καὶ
352 4959 413 5011 τὸ
444 4958 580 5029 πρὸς
604 4958 914 5030 ἁγιωσύνην
938 4959 1158 5030 φίλτρον
1179 4953 1358 5029 εἷχενς
1391 4958 1419 5011 ὅ
1435 4973 1499 5026 γε
1518 4959 1630 5022 τοῖς
1656 4974 1812 5027 φυσι-

232 5054 352 5116 κοῖς
387 5050 777 5125 προσπαλαῑον,
810 5051 1136 5124 νικηφόρους
1177 5048 1447 5114 ἀναδείξει
1469 5050 1596 5113 τοὺς
1629 5048 1811 5113 καλῶς

230 5146 334 5217 τὴν
367 5144 602 5216 ἔμφυτον
626 5144 920 5215 ἐπιθυμίαν
957 5143 1307 5216 βιαζομένους
1329 5183 1343 5208 ,
1378 5142 1440 5197 ού
1484 5142 1621 5214 πρὸς
1652 5141 1809 5215 ὓϐριν

166 5250 169 5257 ·
230 5235 337 5307 τῆς
398 5235 630 5305 φύσεως,
685 5234 822 5289 ἀλλά
864 5234 1000 5305 πρὸς
1035 5233 1264 5307 ἄσκησιν
1298 5230 1593 5305 καρτερίας
1625 5248 1683 5286 τε
1713 5231 1808 5285 καὶ

233 5330 565 5402 ἁγιωσύνης.

309 5504 441 5578 (ιδ’)
472 5505 844 5578 ξυμϐαίνειν.
896 5503 1076 5578 Monet
1127 5503 1448 5578 Basnagius
1474 5501 1566 5558 hic
1610 5502 1801 5559 deesse

231 5573 461 5636 verbum
489 5573 753 5645 θέλουσιν,
789 5576 935 5650 quod
966 5577 1164 5648 legisse
1185 5576 1401 5633 videtur
1436 5573 1724 5644 interpres.

1918 3104 2055 3159 titus
2103 3100 2324 3173 quidem
2381 3102 2708 3157 naturaliter
2763 3111 2944 3157 movet
2989 3110 3046 3158 et
3087 3101 3489 3173 quodammodo

1917 3194 2029 3251 vim
2093 3193 2339 3259 adhibet,
2406 3192 2550 3248 ratio
2603 3202 2783 3248 autem
2847 3202 3039 3248 sancte
3094 3192 3490 3248 demonstravit

1917 3284 2367 3357 pmstabiliorem
2390 3298 2514 3338 esse
2542 3283 2947 3338 successionem
2973 3283 3286 3354 voluptate;
3317 3292 3370 3341 et
3396 3301 3491 3341 ex-

1916 3386 2003 3432 tra
2050 3377 2265 3447 culpam
2298 3383 2384 3432 est
2422 3375 2676 3445 voluptas
2702 3388 2994 3443 corporum
3014 3414 3029 3440 ,
3067 3375 3114 3430 si
3144 3376 3361 3446 quidem
3393 3392 3488 3433 ra-

1916 3470 2121 3526 tionem
2149 3477 2204 3524 et
2229 3468 2400 3540 legem
2434 3468 2675 3522 auctoris
2702 3474 2984 3537 sequatur.

1989 3561 2091 3628 Qui
2130 3569 2313 3616 autem
2362 3559 2563 3630 saepius
2612 3559 2947 3629 voluptatem
2997 3557 3299 3629 capientes,
3346 3576 3487 3633 opus

1917 3653 2068 3725 quod
2118 3653 2243 3708 inde
2292 3636 2606 3707 necessario
2656 3651 2931 3722 provenit,
2985 3651 3377 3721 odio-habent,
3429 3663 3487 3710 et

1918 3742 2179 3798 mandant
2214 3742 2294 3799 sic
2336 3744 2693 3798 commiscere
2724 3756 2955 3814 corpora
2991 3750 3189 3813 praeter
3219 3743 3482 3805 edictum,

1919 3840 1979 3887 ut
2028 3840 2327 3902 conceptus
2384 3830 2720 3886 concludant
2767 3838 2823 3886 et
2872 3832 3129 3902 ejiciant,
3185 3842 3239 3889 et
3297 3841 3487 3904 partus

1920 3929 2270 3998 tempestivos
2324 3935 2378 3981 et
2423 3933 2667 3979 maturos
2719 3939 2830 3978 non
2876 3933 3221 3994 exspectare,
3287 3925 3490 3997 quippe

1917 4033 2040 4073 eum
2076 4018 2179 4072 hoc
2220 4017 2396 4072 solum
2441 4016 2513 4069 sit
2551 4029 2716 4086 grave
2741 4021 2793 4069 et
2828 4013 3089 4083 diﬂicile;
3128 4015 3204 4080 hi,
3236 4015 3483 4087 inquam,

1918 4111 2010 4181 qui
2082 4109 2288 4164 inimici
2349 4121 2560 4163 natura:
2608 4106 2830 4163 excitati
2897 4114 3069 4177 sunt,
3135 4116 3191 4164 et
3248 4109 3490 4167 insanire

1917 4194 2107 4257 contra
2169 4199 2339 4255 Deum
2394 4199 2636 4255 universi
2688 4198 2999 4254 didicerunt
3071 4219 3086 4254 :
3148 4202 3352 4268 Quare,
3404 4201 3490 4257 in-

1916 4295 2134 4366 quiunt,
2164 4293 2328 4348 insita
2361 4302 2446 4348 est
2472 4290 2797 4362 corporibus
2823 4292 2992 4347 libido
3016 4306 3308 4362 corporum
3338 4308 3492 4349 com~

1843 4382 1891 4440 D
1919 4385 2362 4457 miscendorum?

1990 4500 2094 4556 Sed
2118 4498 2392 4571 quomodo
2412 4505 2558 4553 esset
2588 4498 2642 4552 in
2668 4495 2979 4552 hominibus
3009 4495 3176 4551 decor
3203 4493 3487 4566 pudicitiae

1914 4595 2155 4665 privatae,
2188 4592 2295 4647 nisi
2331 4602 2526 4645 natura
2560 4598 2704 4646 esset
2740 4590 2889 4661 quod
2933 4589 3201 4653 titillaret,
3233 4595 3286 4644 et
3315 4588 3487 4649 ratio-

1917 4703 1985 4742 ne
2022 4683 2410 4740 coerceretur?
2429 4683 2519 4737 ubi
2550 4690 2698 4738 esset
2727 4681 2872 4751 apud
2893 4680 3151 4736 mulieres
3171 4679 3486 4750 virginitas,

1915 4784 2008 4832 aut
2048 4773 2193 4846 apud
2235 4774 2382 4828 viros
2436 4772 2751 4827 intractatio
2791 4771 3131 4841 nuptiarum,
3175 4770 3282 4825 nisi
3345 4770 3487 4824 ratio

1917 4882 2157 4924 amorem
2203 4866 2512 4923 sanctitatis
2556 4865 2800 4929 haberet,
2837 4880 2960 4935 quae
3009 4865 3337 4919 naturaliter
3365 4878 3489 4919 cer-

1915 4969 2040 5017 tans
2077 4975 2173 5017 eos
2203 4960 2297 5029 qui
2343 4966 2491 5013 recte
2539 4957 2891 5027 cupiditatem
2924 4956 3144 5012 insitam
3182 4956 3486 5026 reprimunt

1915 5063 1969 5111 et
1997 5054 2220 5110 domant
2245 5092 2261 5118 ,
2289 5051 2528 5107 victores
2561 5050 2899 5106 declararet?
2928 5050 3091 5120 idque
3114 5064 3224 5105 non
3257 5048 3323 5103 ad
3357 5063 3486 5103 con-

1917 5143 2192 5201 tumeliam
2224 5148 2432 5197 naturae
2452 5181 2467 5207 ,
2493 5139 2587 5198 sed
2608 5139 2678 5195 ad
2702 5141 3156 5197 exercitationem
3178 5139 3483 5198 tolerantiae

1912 5246 1967 5293 et
1995 5231 2331 5293 sanctitatis?

1980 5501 2089 5575 (i7)
2129 5501 2388 5571 Δέχεται.
2416 5498 2496 5554 An
2530 5494 2831 5552 δέδεικταιῖ
