3838 6158
394 232 530 289 H99

1529 215 1666 274 Τιτι
1703 213 2128 273 BOSTRENSIS
2167 210 2476 270 EPISCOPI

3497 216 3639 273 £300

925 341 1053 397 CAP.
1084 336 1322 393 XXXIV.
1352 336 1602 392 Ciborum
1629 351 1756 390 usus
1777 333 2102 401 moderatus,
2133 334 2315 390 bonus.
2358 333 2727 400 Temperantia
2756 331 3066 386 laudabitis.

459 437 549 494 Sic
602 451 732 492 sane
777 435 914 489 cibis
958 439 1012 486 et
1063 430 1383 501 potionibus
1436 426 1792 489 delectamur,
1843 439 1932 479 non

2127 423 2282 477 Οὕτω
2327 422 2391 493 δὴ
2445 425 2669 494 τροφαῖς
2707 439 2766 475 τε
2811 421 2906 474 καὶ
2941 421 3180 491 πόμασιν
3209 419 3533 492 ἐνηδόμεθα,
3572 423 3636 476 ού

387 532 685 588 criminosa
719 527 996 596 voluptate
1030 523 1272 577 fruentes
1307 536 1320 570 :
1355 518 1624 573 naturalis
1665 517 1808 572 enim
1838 516 1932 571 haec

2056 513 2482 584 διαϐεϐλημένην
2516 512 2707 585 ἡδονὴν
2733 511 3134 584 καρπούμενοι·
3167 511 3368 584 φυσικὴ
3395 512 3509 583 γάρ
3540 513 3637 567 καὶ

386 633 492 689 est,
527 634 581 679 et
621 631 802 678 tamen
828 619 1050 690 jejuniis
1093 629 1196 671 nos
1245 627 1566 670 exercemus
1603 629 1619 680 ;
1659 626 1768 666 non
1807 625 1932 680 quoc

2056 602 2218 675 αὕτη,
2251 604 2344 657 καὶ
2370 604 2519 674 ὅμως
2563 601 2835 672 νηστείαις
2862 599 3364 672 διαγυμναζόμεθα,
3401 601 3464 654 οὐ
3493 601 3634 656 κατά

385 727 470 774 est
495 731 660 788 supra
684 723 934 769 naturam
963 717 1156 766 contra
1186 713 1440 762 naturam
1465 712 1807 768 exercentes,
1859 717 1932 757 se:

2053 696 2152 767 τῆς
2186 694 2396 765 φύσεως
2447 692 2776 765 μελετῶντες
2799 693 2860 747 τὺ
2885 693 3024 766 ὑπὲρ
3045 692 3225 763 φύσιν,
3253 692 3389 748 ἀλλά
3439 711 3635 764 καρτε-

386 807 729 864 tolcrantiam
770 805 1178 876 amplectentes,
1210 810 1264 854 et
1295 797 1466 853 Deum
1492 813 1588 868 per
1619 795 1954 851 humiliatio-

2057 789 2178 858 ρίαν
2214 788 2313 858 μὲν
2339 785 2725 858 ἀσπαζόμενοι,
2753 784 2843 840 διὰ
2867 785 2924 840 δὲ
2951 785 3330 849 ταπεινώσεως
3365 785 3461 839 τὸν
3499 784 3634 839 Θεὸν

386 914 511 956 nem
543 900 832 970 .placantes
871 903 925 951 et
961 893 1258 966 propitium
1302 888 1592 945 reddentes
1621 909 1635 945 :
1666 903 1932 959 nunquan

2053 879 2442 950 ἐξιλεούμενοι·
2490 879 2590 932 οὐκ
2628 878 2695 932 ἂν
2727 878 2784 932 δὲ
2831 878 3083 950 νηστείας
3105 878 3336 949 ἄσκησιν
3364 877 3634 949 μετήλθο-

386 991 833 1046 exercitationem
853 986 1045 1060 jejunii
1072 983 1497 1053 susciperemus,
1525 979 1634 1036 nisi
1663 980 1833 1036 fames
1863 995 1952 1036 es-

388 1091 470 1138 set
499 1083 556 1137 in
584 1097 826 1153 corpore.

458 1177 668 1248 Ubique
700 1177 864 1247 igitur
919 1175 1188 1248 appetitus
1246 1174 1466 1230 asciscit
1505 1167 1722 1225 laudem
1749 1173 1802 1221 et
1827 1179 1948 1219 mo-

385 1268 555 1322 derati
599 1283 732 1323 usus
775 1267 1044 1331 ciborum,
1089 1272 1142 1320 et
1186 1263 1528 1320 abstinentiae
1558 1276 1656 1330 pro
1683 1257 1894 1312 viribus
1929 1273 1944 1310 :

384 1375 495 1414 non
550 1360 691 1415 enim
743 1373 878 1414 usus
924 1373 1137 1421 eorum,
1185 1372 1306 1427 quae
1351 1354 1651 1411 secundum
1695 1359 1946 1406 naturam

383 1459 534 1518 sunt,
570 1457 853 1524 peccatum
881 1451 1024 1521 parit
1051 1465 1065 1502 :
1093 1449 1204 1504 vini
1235 1447 1451 1520 quidem
1488 1443 1767 1500 moderata
1795 1437 1944 1511 po'tio

381 1545 640 1601 salutaris
671 1557 794 1598 esse
818 1550 997 1613 potest
1021 1559 1036 1608 ;
1072 1541 1264 1596 vitium
1287 1554 1418 1595 vero
1440 1534 1719 1594 ebrietatis
1740 1548 1836 1604 per
1857 1531 1944 1586 in-

382 1635 792 1705 temperantiam
821 1632 1206 1688 introducitur.

453 1725 717 1782 Similiter
755 1739 887 1780 usus
915 1724 1022 1778 cibi
1062 1722 1363 1778 secundum
1392 1731 1644 1776 naturam
1673 1715 1940 1773 moderati

2055 992 2174 1045 μεν,
2210 974 2401 1045 πείνης
2430 973 2488 1026 ἐν
2511 971 2592 1043 τῷ
2623 969 2836 1042 σώματι
2873 970 2950 1042 μὴ
2981 969 3229 1041 ἐνούσης.

2119 1131 2398 1203 Πανταχοῦ
2425 1131 2604 1186 τοίνυν
2630 1131 2664 1202 ἡ
2688 1127 2864 1201 δρεξις
2890 1127 3140 1199 προξενεί
3158 1129 3251 1182 καὶ
3278 1127 3378 1198 τῆς
3414 1124 3633 1197 συμμέ-

2048 1242 2176 1296 τρου
2212 1225 2462 1294 χρήσεως
2511 1222 2725 1294 καὶτῆς
2753 1219 2896 1274 κατὰ
2927 1220 3153 1291 δύναμιν
3174 1219 3383 1290 ἀποχῆς
3405 1218 3508 1289 τὴν
3536 1217 3630 1271 εὐ-

2047 1315 2365 1385 δοκίμησιν·
2400 1315 2464 1367 ού
2509 1313 2617 1382 γὰρ
2667 1312 2775 1366 τῶν
2820 1311 2960 1364 κατά
2987 1309 3148 1380 φύσιν
3176 1313 3210 1381 ἡ
3251 1311 3448 1382 χρῆσις
3482 1308 3635 1362 ποιεῖ

2045 1405 2144 1476 τὴν
2174 1406 2448 1476 ἁμαρτίαν
2471 1422 2484 1435 ·
2527 1404 2671 1458 οῐνου
2702 1404 2807 1476 γὰρ
2837 1404 2899 1457 τὸ
2926 1404 3145 1475 μέτριον
3172 1402 3259 1472 εῐη
3306 1401 3404 1472 μὲν
3440 1400 3626 1470 σωτή-

2049 1513 2179 1567 ριον·
2213 1497 2381 1568 μέθης
2413 1496 2470 1550 δὲ
2496 1496 2557 1548 τὸ
2588 1495 2757 1550 κακὸν
2783 1495 2871 1550 διὰ
2901 1495 3001 1566 τῆς
3021 1493 3285 1566 ἀμετρίας
3312 1491 3628 1561 εἰσάγεται.

2113 1731 2512 1811 Παραπλησίως
2539 1732 2595 1785 δὲ
2627 1732 2721 1786 καὶ
2751 1732 2958 1803 τροφῆς
2987 1732 3086 1803 τῆς
3117 1732 3256 1786 κατά
3280 1731 3499 1803 φύσεως
3516 1733 3624 1804 ἐμ-

380 1816 540 1887 culpa
567 1823 726 1872 vacat
760 1831 772 1866 :
809 1816 934 1886 gula
978 1831 1108 1870 vero
1155 1816 1402 1886 arguitur
1431 1822 1486 1869 et
1529 1809 1932 1883 reprehenditur

2051 1809 2244 1897 μέτρου
2267 1827 2556 1897 ἀναίτιοςή
2582 1826 2776 1897 χρῆσις
2793 1842 2806 1856 ⁸
2834 1825 3244 1897 γαστριμαργία
3266 1826 3323 1879 δέ
3348 1825 3428 1897 τῷ
3451 1827 3628 1898 ὑπερ.

379 1919 601 1980 propter
634 1908 884 1973 nimium,
909 1915 964 1964 et
995 1907 1125 1980 quia
1161 1916 1247 1963 est
1285 1913 1481 1977 praeter
1524 1904 1811 1959 rationem.
1848 1901 1932 1956 Sic

2051 1918 2290 1974 ὃάλλοντι
2325 1919 2628 1990 παράλογος
2661 1918 2962 1989 ἐλέγχεται.
2986 1917 3140 1972 Οὕτω
3159 1918 3223 1990 δὴ
3249 1919 3464 1990 καὶτῆς
3481 1917 3628 1990 πρὸς

377 2004 542 2060 etiam
559 2001 637 2056 uti
656 2001 892 2072 legitime
909 2008 962 2055 et
988 2000 1264 2056 moderate
1288 1998 1526 2071 appetitu
1544 1995 1808 2052 miscendi
1825 2009 1941 2077 cor-

375 2094 548 2165 poris,
604 2094 826 2150 omnino
875 2098 1026 2146 caret
1072 2091 1326 2158 crimine;
1375 2099 1567 2162 praeter
1615 2089 1784 2160 legem
1839 2101 1938 2141 au-

377 2196 484 2240 tem
515 2195 568 2239 et
587 2184 944 2240 immoderate
971 2183 1071 2247 uti,
1093 2184 1299 2239 crimen
1325 2183 1480 2239 aﬂ‘ert
1507 2179 1933 2237 incontinentiae.

375 2275 706 2332 Manichacus
735 2276 902 2347 igitur
933 2283 987 2329 et
1014 2275 1134 2346 ejus
1163 2258 1387 2331 asseclae
1420 2274 1552 2328 nihil
1588 2274 1799 2328 ratione
1823 2286 1942 2342 per-

372 2371 696 2441 spicientes,
735 2371 918 2425 omnia
949 2368 1192 2424 furenter
1219 2365 1566 2423 contumeliis
1596 2364 1894 2420 affecerunt
1921 2381 1935 2418 :

373 2470 636 2531 tanquam
669 2463 849 2518 omnis
886 2461 1156 2534 cupiditas
1199 2459 1271 2514 sit
1319 2459 1482 2522 mala,
1518 2458 1679 2527 cujus
1719 2457 1937 2528 quidem

373 2552 569 2606 modus
602 2561 656 2606 et
685 2557 1169 2623 temperamentum
1197 2547 1497 2617 legitimum
1533 2552 1688 2600 extra
1723 2544 1937 2615 culpam

367 2652 426 2699 et
456 2644 666 2700 crimen
693 2651 778 2699 est
804 2661 817 2696 :
838 2641 1164 2697 abstinentia
1188 2656 1316 2697 vero
1337 2654 1436 2711 pro
1457 2637 1666 2694 viribus
1696 2641 1937 2708 spectata

371 2737 492 2793 laus
521 2745 605 2792 est
632 2736 968 2792 admirabilis
994 2734 1223 2790 virtutis.

445 2826 502 2881 Si
519 2827 666 2883 enim
685 2828 809 2898 quis
837 2825 1118 2882 abstinens
1147 2822 1438 2878 laudabilis
1458 2828 1543 2878 est
1570 2819 1714 2891 apud
1738 2818 1931 2885 Deum,

370 2933 480 2974 non
511 2918 653 2974 male
677 2920 734 2974 in
755 2923 1028 2989 potestate
1054 2915 1173 2986 ejus
1209 2923 1314 2983 est,
1344 2915 1399 2970 id
1419 2913 1578 2984 cujus
1605 2911 1933 2968 abstinentia

368 3010 603 3066 oﬂicium
652 3017 738 3065 est
777 3007 1033 3080 perfecta
1069 3007 1310 3064 virtutis.
1373 3005 1607 3062 Maxima
1658 3004 1804 3060 enim
1851 3002 1935 3074 ja-

366 3113 526 3158 ctura
577 3100 764 3166 ﬁeret,
797 3101 845 3156 si
877 3101 932 3155 in
961 3107 1232 3173 potestate
1277 3099 1397 3170 ejus
1442 3113 1552 3152 non
1601 3103 1769 3160 esset,
1815 3103 1934 3150 tan-

2043 2011 2142 2076 τάς
2176 2010 2348 2083 μίξεις
2373 2010 2662 2083 ὀρέξεωςή
2706 2013 2801 2082 μὲν
2833 2011 3061 2082 νόμιμος
3087 2011 3278 2082 χρῆσις
3309 2013 3405 2065 καὶ.
3441 2010 3626 2082 μέτρα

2044 2103 2385 2174 γινώσκουσα
2432 2103 2761 2176 ἀνέγκλητος
2793 2103 3096 2168 παντελῶς·
3141 2106 3173 2176 ἡ
3214 2105 3270 2158 δέ
3300 2104 3626 2176 παράνομός

2043 2215 2102 2251 τε
2127 2197 2220 2251 καὶ
2261 2196 2497 2269 ἄμετρος
2522 2198 2620 2270 τῆς
2648 2196 2939 2261 ἀκολασίας
2968 2197 3229 2268 προσάγει
3251 2197 3312 2250 τδ
3339 2195 3622 2268 ἔγκλημα.

2043 2289 2224 2361 Μηδὲν
2269 2289 2448 2342 τοίνυν
2486 2289 2564 2361 τῷ
2594 2289 2836 2360 λογισμῷ
2876 2291 3012 2361 μήτε
3044 2291 3072 2342 ὁ
3105 2290 3296 2359 Μάνης
3328 2289 3621 2360 καθεωρα-

2044 2379 2173 2446 κὼς,
2191 2382 2324 2452 μήτε
2350 2383 2398 2434 οί
2424 2381 2482 2448 ἐξ
2506 2383 2712 2436 ἐκείνου
2741 2384 2917 2436 πάντα
2937 2382 3190 2455 φέροντες
3217 2381 3458 2452 μανικῶς
3484 2380 3624 2434 καθ-

2045 2474 2290 2546 ύϐρισαν,
2317 2475 2391 2540 ὡς
2428 2476 2608 2547 πάσης
2648 2475 2942 2547 ἐπιθυμίας
2988 2474 3154 2547 οὔσης
3199 2476 3405 2546 κακῆς·
3439 2469 3510 2548 ῆς
3557 2476 3622 2529 τὸ

2047 2567 2241 2639 μέτρον
2288 2568 2385 2639 μέν
2433 2568 2679 2640 νομίμως
2732 2570 3002 2624 ἀναίτιον·
3039 2571 3071 2639 ἠ
3113 2568 3169 2622 δὲ
3206 2569 3346 2622 κατά
3382 2569 3619 2640 δύναμιν

2043 2659 2220 2731 ἀποχὴ
2251 2661 2343 2713 καὶ
2371 2659 2676 2733 θαυμασίας
2705 2678 2769 2730 γε
2804 2661 3007 2733 ἀρετῆς
3041 2660 3412 2733 εὐδοκίμησις.

2109 2835 2170 2888 ΕΞ
2225 2835 2332 2906 γὰρ
2381 2836 2714 2907 ἀπεχόμενος
2755 2855 2840 2902 τις
2884 2836 3162 2901 ἐπαινετὸς
3199 2838 3350 2911 παρά
3377 2838 3522 2911 Θεῷ,
3553 2839 3618 2893 ού

2041 2927 2224 2991 κακῶς
2247 2945 2310 2996 γε
2331 2930 2506 2982 ἐκεῖνο
2523 2931 2589 3000 τῇ
2614 2929 2830 3002 ἐξουσίᾳ
2855 2931 3202 3002 παράκειται,
3222 2925 3281 2985 οὗ
3297 2947 3360 2999 γε
3378 2933 3415 3002 ἡ
3434 2933 3618 3004 ἀποχὴ

2039 3017 2246 3082 τελείας
2269 3019 2465 3090 ἀρετῆς
2481 3019 2809 3091 κατόρθωμα
2827 3037 2841 3050 ·
2869 3021 3038 3092 ζημία
3060 3020 3169 3093 γὰρ
3182 3016 3268 3092 ἦν,
3289 3022 3336 3074 εί
3364 3022 3443 3094 μὴ
3474 3040 3619 3095 παρ-

2040 3108 2215 3163 έκειτο
2241 3111 2275 3180 ἡ
2306 3110 2586 3175 ἀνωτάτω,
2609 3111 2685 3174 ὡς
2719 3111 2779 3164 ού
2819 3110 2975 3165 κενὸν
3005 3111 3092 3165 διὰ
3115 3113 3214 3183 τῆς
3237 3112 3452 3184 ἀποχῆς
3475 3114 3619 3184 ἀγα-

363 3208 528 3264 quam
583 3207 697 3248 non
747 3199 932 3264 posset
972 3191 1061 3247 edi
1103 3191 1276 3248 virtus
1319 3206 1418 3262 per
1469 3187 1858 3244 abstinentiam
1913 3206 1926 3241 :

2051 3202 2122 3256 ὑὸν
2155 3202 2564 3274 ἀποφανθῆναι·
2600 3204 2726 3258 ἄνευ
2755 3201 2864 3277 γὰρ
2890 3204 2983 3257 τοῦ
3017 3204 3091 3275 μὴ
3127 3203 3350 3274 ποιῆσαι
3384 3205 3618 3260 τούναν-

365 3285 472 3340 nisi
507 3284 652 3340 enim
687 3282 1026 3340 contrarium
1058 3281 1174 3338 ﬁeri
1203 3282 1400 3353 possit,
1429 3296 1540 3337 non
1581 3287 1762 3351 potest
1813 3279 1932 3334 ﬁeri

363 3377 568 3432 malum
599 3393 616 3444 ;
643 3391 821 3448 neque
844 3391 1037 3432 rursus
1073 3375 1190 3431 ﬁeri
1213 3383 1394 3446 potest
1412 3374 1638 3440 bonum,
1667 3372 1775 3428 nisi
1805 3388 1934 3444 pos-

364 3471 437 3524 sit
473 3469 706 3534 malum,
738 3477 796 3523 ut
845 3481 990 3539 saepe
1020 3466 1540 3523 demonstravimus.
1593 3466 1930 3523 Manichacus

363 3568 544 3625 autem
581 3562 784 3617 bonum
820 3567 875 3616 et
903 3559 1158 3614 virtutem
1189 3559 1502 3624 inhonorat,
1524 3574 1648 3615 cum
1691 3567 1934 3630 potesta-

359 3661 471 3708 tem
500 3659 553 3708 et
585 3652 888 3708 libertatem
915 3650 1209 3722 vituperat.

2036 3293 2166 3360 τίον,
2185 3293 2302 3359 ἐξὸν
2322 3295 2542 3366 ποιῆσαι
2557 3293 2616 3348 τὸ
2632 3295 2820 3362 κακὸν,
2835 3297 2935 3349 οὒκ
2960 3296 3039 3350 ἐνι
3059 3296 3364 3351 τούναντίον
3381 3315 3619 3370 πεποιη-

2037 3386 2190 3439 κέναι
2235 3387 2411 3441 δοκεῖν
2443 3389 2504 3442 τὸ
2545 3389 2770 3457 ἀγαθὸν.
2799 3388 2874 3452 ῶς
2903 3389 3162 3454 πολλάκις
3199 3389 3508 3462 ἐδείξαμεν.
3559 3392 3618 3445 '0

2035 3478 2091 3532 δὲ
2122 3479 2315 3551 Μάνης
2352 3481 2585 3550 τάγαθόν
2617 3498 2676 3534 τε
2710 3483 2802 3535 καὶ
2830 3481 2926 3553 τὴν
2954 3483 3152 3556 ἀρετὴν
3193 3483 3484 3554 ἀτιμάζει,
3515 3487 3618 3554 τὴν

2035 3569 2282 3638 ἐξουσίαν
2312 3572 2406 3626 καὶ
2431 3572 2490 3626 τὺ
2518 3572 2801 3645 ἐλεύθερον
2831 3573 3091 3638 κακίζων.

1125 3742 1256 3799 CAP.
1287 3740 1498 3799 XXXV.
1527 3743 1606 3798 De
1631 3747 1938 3815 corporibus
1967 3748 2275 3804 inanimatis
2302 3750 2533 3806 Manelis
2561 3752 2794 3807 insania.

428 3859 701 3914 Praeterea
746 3869 858 3910 non
909 3853 1077 3925 pudet
1131 3853 1313 3910 dicere
1369 3855 1640 3910 animatos
1683 3869 1806 3911 esse
1847 3855 1928 3910 la-~

357 3951 511 4024 pides
531 3990 547 4014 ,
568 3960 622 4006 et
652 3947 1000 4004 introducere
1021 3946 1205 4001 omnia
1239 3946 1498 4011 animata,
1525 3953 1579 4001 et
1608 3962 1729 4016 quae
1751 3947 1926 4002 mani-

2100 3857 2213 3910 Ούκ
2254 3857 2566 3928 αἰσχύνεται
2598 3858 2654 3912 δέ
2686 3857 2780 3910 καὶ
2807 3858 2932 3920 τοὺς
2969 3857 3148 3922 λίθους
3172 3859 3488 3930 ἐψυχιῖκςθαι
3520 3862 3610 3918 λέ-

2031 3964 2162 4017 γων,
2198 3947 2393 4001 καὶτὰ
2441 3948 2617 4002 πάντα
2672 3946 2909 4018 ἔμψυχα,
2949 3949 3042 4002 καὶ
3074 3947 3143 4002 τά
3192 3950 3378 4019 σαφῶς
3426 3952 3614 4025 ἀψυχα

357 4046 497 4100 teste
537 4051 666 4099 sunt
706 4041 1025 4105 inanimata,
1061 4047 1319 4108 tanquam
1361 4039 1455 4093 illa
1493 4040 1668 4095 virtus
1698 4039 1836 4108 .boni
1867 4040 1924 4094 in

2051 4039 2441 4111 εἰσηγούμενος·
2469 4041 2543 4104 ὼς
2565 4040 2658 4094 ἀπ’
2685 4040 2899 4109 ἐκείνης
2933 4040 2997 4112 δὴ
3022 4043 3119 4112 τῆς
3151 4041 3242 4095 τοῦ
3273 4043 3483 4112 ἀγαθοῦ
3520 4048 3614 4101 δυο

356 4133 628 4204 lapidibus
651 4133 815 4188 etiam
850 4131 1195 4186 contineatur
1224 4147 1238 4196 ;
1275 4130 1375 4198 qui
1389 4144 1571 4200 rusque
1606 4130 1748 4186 adeo
1777 4131 1923 4201 quod

2051 4131 2262 4203 νάμεως,
2292 4132 2372 4186 ἔτι
2419 4133 2514 4186 καὶ
2569 4135 2626 4186 ἐν
2671 4133 2838 4198 λίθοις
2881 4134 3284 4207 κατεχομένης·
3348 4140 3614 4194 τοσοῦτον

357 4225 426 4278 ab
482 4223 618 4293 ipsis
667 4221 986 4283 honoratur,
1057 4220 1126 4276 ad
1183 4219 1476 4276 ludibrium
1539 4227 1594 4276 et
1656 4222 1922 4277 vilitatem

2051 4223 2253 4293 ιατάγει
2286 4223 2348 4277 τὸ
2374 4225 2504 4296 παρ’
2549 4224 2726 4279 αὐτῶν
2757 4223 3062 4296 τιμώμενον
3101 4228 3183 4290 είς
3228 4227 3385 4300 ὕϐριν
3423 4248 3484 4284 τε
3516 4235 3612 4287 καὶ
3643 4222 3651 4226 ’

355 4316 562 4386 dejieit,
595 4322 655 4369 ut
681 4320 932 4368 naturam
973 4313 1097 4367 boni
1131 4312 1186 4367 in
1210 4312 1480 4382 lapidibus
1504 4313 1760 4368 inanimis
1790 4313 1927 4383 liga-

2051 4317 2319 4382 bréktav,
2351 4318 2492 4371 ὥστε
2516 4317 2613 4389 τὴν
2648 4317 2808 4388 φύσιν
2841 4318 2935 4372 τοῦ
2969 4318 3176 4386 ἀγαθοῦ
3206 4322 3300 4376 καὶ
3334 4325 3395 4377 ἐν
3436 4323 3610 4389 λίθοις

355 4418 462 4462 tam
492 4421 615 4462 esse
647 4405 812 4460 dicat.
849 4402 1133 4457 Allirmare
1171 4410 1353 4457 autem
1384 4403 1470 4458 sic
1498 4419 1556 4458 se
1581 4404 1784 4459 habere
1814 4405 1920 4460 ista

2051 4407 2252 4478 ιψύχοις
2284 4408 2511 4476 φάσκειν
2546 4409 2914 4481 πεπεδῆσθαι·
2958 4410 3100 4484 ἅπερ
3134 4411 3307 4478 οὕτως
3336 4414 3481 4485 ἔχειν
3523 4417 3607 4471 δι-

351 4514 472 4569 (ιυεε
500 4497 652 4564 dicit,
670 4497 848 4568 qualis
881 4495 1109 4550 insania:
1145 4494 1408 4549 indicium
1431 4509 1554 4551 esse
1579 4496 1826 4551 dicitur?
1859 4498 1918 4552 Si

2051 4499 2412 4572 τχυρίζεσθαι,
2433 4502 2590 4564 ποίας
2615 4500 2678 4554 ἄν
2703 4519 2788 4565 τις
2811 4504 2998 4573 φήσειε
3020 4505 3215 4574 μανίας
3232 4501 3372 4558 εἶναι
3393 4511 3611 4580 τεκμήο

349 4590 496 4645 enim
525 4589 584 4644 in
624 4587 894 4660 lapidibus
925 4586 1251 4651 continetur,
1286 4585 1433 4656 quod
1459 4602 1491 4640 a
1531 4586 1641 4643 Deo
1689 4589 1918 4644 missum

2051 4607 2171 4655 itov;
2205 4591 2267 4642 Εἰ
2292 4590 2401 4662 γὰρ
2418 4592 2474 4643 ἐν
2497 4591 2663 4654 λίθοις
2691 4593 2976 4664 κατέχεται
3005 4596 3064 4649 τὸ
3093 4596 3243 4668 παρά
3273 4598 3363 4651 τοῦ
3390 4600 3604 4670 ἀγαθοῦ

349 4690 456 4746 est,
488 4681 600 4750 jam
632 4680 765 4735 vicit
798 4679 1039 4749 nequitia
1069 4697 1085 4745 ;
1125 4685 1315 4732 contra
1341 4678 1527 4749 ligato,
1561 4679 1708 4750 quod
1747 4681 1814 4734 ad
1852 4681 1921 4734 li-

2051 4680 2288 4750 ῖεμφθέν,
2317 4681 2417 4752 ἤδη
2479 4681 2764 4752 νενίκηκεν
2804 4686 2838 4755 ἡ
2872 4685 3068 4740 κακία·
3102 4688 3407 4745 τούναντίον
3451 4691 3606 4746 δεδε-

350 4771 588 4842 gandum
620 4776 861 4832 venerat,
892 4769 1026 4824 dicit
1056 4769 1249 4825 animae
1281 4769 1524 4841 lapidum
1555 4778 1606 4827 et
1636 4772 1913 4843 lignorum

2051 4769 2182 4825 ιένου
2209 4771 2300 4824 τοῦ
2332 4772 2489 4843 δῆσαι
2524 4776 2964 4846 παραγενομένου
2982 4793 2998 4810 ·
3021 4779 3115 4832 καὶ
3137 4781 3368 4833 ποιεῖται
3391 4785 3608 4854 τεκμή-

349 4863 612 4918 indicium
636 4876 761 4917 esse
792 4875 989 4917 sonum
1014 4861 1070 4914 in
1103 4875 1227 4917 aere
1252 4861 1448 4934 lapidis
1483 4873 1540 4918 et
1568 4863 1748 4937 virgae,
1786 4874 1914 4919 tan-

346 4969 510 5025 quam
560 4953 794 5008 audierit
858 4951 1150 5024 aliquando
1210 4969 1396 5010 vocem
1455 4955 1700 5026 ipsorum
1761 4960 1917 5011 arti-

346 5047 610 5102 culatam.

417 5136 513 5192 Est
560 5144 740 5190 autem
791 5134 931 5205 apud
976 5150 1078 5191 nos
1125 5137 1285 5191 etiam
1334 5137 1593 5208 cogitatio
1630 5146 1685 5194 et
1717 5155 1914 5195 sermo

345 5229 559 5290 animat,
587 5229 679 5299 qui
712 5242 1052 5299 nequaquam
1079 5228 1296 5282 auditur
1329 5247 1344 5295 ;
1391 5229 1537 5300 quod
1563 5231 1710 5286 enim
1740 5248 1810 5286 au
1828 5233 1912 5287 di-

344 5327 455 5383 tur,
492 5333 750 5390 percusso
784 5333 911 5375 aere
954 5333 1051 5388 per
1090 5319 1514 5374 instrumentum
1557 5335 1910 5391 corporeum,

2023 4877 2132 4929 ριον
2163 4860 2263 4931 τῆς
2284 4863 2391 4916 τῶν
2412 4864 2575 4919 λίθων
2603 4867 2698 4919 καὶ
2725 4866 2834 4920 τῶν
2869 4867 3041 4934 ξύλων
3071 4871 3246 4941 ψυχῆς
3269 4873 3358 4925 τὸν
3383 4874 3439 4926 ἐν
3469 4875 3607 4947 άέρι

2017 4950 2222 5005 κτύπον
2251 4951 2398 5006 λίθου
2430 4971 2489 5006 τε
2521 4955 2616 5008 καὶ
2650 4955 2867 5028 ῥάϐδου,
2892 4958 3080 5032 ὥσπερ
3117 4961 3379 5034 ἐνάρθρου
3409 4966 3606 5037 φωνῆς

2017 5042 2192 5096 αὐτῶν
2222 5043 2437 5100 πώποτε
2463 5047 2771 5113 διακούσας.

2089 5135 2245 5188 Ἔστι
2298 5137 2355 5190 δὲ
2401 5141 2495 5192 καὶ
2546 5143 2676 5211 παρ’
2714 5143 2844 5212 ἡμῖν
2886 5144 2946 5196 τὸ
2983 5144 3081 5214 μὲν
3119 5143 3408 5217 ἐνθύμημα
3438 5150 3546 5202 καὶ
3578 5154 3609 5204 ὁ

2015 5234 2168 5303 λόγος
2194 5235 2292 5305 τῆς
2313 5235 2491 5307 ψυχῆς
2514 5238 2763 5310 οὐδαμῶς
2791 5241 3120 5312 ἀκουόμενον
3140 5259 3152 5271 ·
3185 5241 3244 5295 τὸ
3286 5243 3329 5295 δ’
3367 5243 3609 5308 ἐξάκου-

2015 5343 2158 5391 στον,
2178 5329 2342 5399 ἀέρος
2367 5329 2733 5402 πληττομένου
2755 5332 2841 5385 διὰ
2869 5333 2960 5388 τοῦ
2993 5335 3302 5406 σωματικοῦ
3324 5338 3570 5408 ὀργάνου
3585 5357 3601 5371 ·

331 5409 562 5493 ‘auditur
596 5425 611 5463 :
650 5409 795 5480 quod
845 5408 1063 5478 quidem
1117 5408 1323 5478 absque
1375 5416 1522 5464 motu
1573 5411 1805 5466 rationis
1847 5410 1902 5464 in

2051 5436 2147 5490 περ
2178 5418 2299 5490 δίχα
2325 5421 2423 5491 τῆς
2450 5421 2673 5495 λογικῆς
2696 5427 2982 5496 κινήσεως,
3011 5429 3105 5481 καὶ
3130 5431 3221 5482 ἐπὶ
3240 5429 3350 5482 τῶν
3375 5428 3608 5499 ἀλόγων

342 5501 714 5556 animantibus
771 5501 983 5555 ratione
1046 5501 1359 5557 carentibus
1406 5502 1638 5556 inveniri
1698 5510 1895 5571 potest,

343 5609 463 5665 quae
489 5595 725 5648 clamant
749 5594 990 5663 quidem,
1024 5595 1121 5651 sed
1158 5611 1266 5651 non
1298 5595 1608 5663 articulate,
1645 5599 1771 5666 quia
1807 5614 1864 5651 ra
1885 5627 1906 5639 -

343 5688 489 5742 tione
519 5686 726 5755 privata
748 5693 895 5741 sunt.

2011 5507 2157 5578 εὖροι
2201 5507 2284 5573 τις
2342 5510 2427 5575 ἂν,
2468 5512 2714 5582 βοώντων
2748 5517 2865 5585 μὲν,
2900 5517 3142 5591 ἄναρθρα
3172 5518 3250 5586 δὲ,
3285 5521 3474 5594 ἐπειδὴ
3508 5521 3607 5578 λύ-

2011 5618 2105 5668 γου
2145 5602 2455 5672 ἐστέρηται.
