3782 6166
172 409 299 492 ιεοι

1225 406 1600 466 ADVERSUS
1639 407 2056 466 MANICHIEOS
2093 409 2221 467 LIB.
2263 410 2325 464 ll.

3271 408 3417 465 ηοε-

248 503 333 568 ’Βς
351 479 550 568 παντὸς
580 505 848 574 σώματος,
888 505 988 558 κᾶν
1023 505 1228 576 ἄψυχον
1249 503 1304 581 ᾖ,
1327 509 1522 561 οἰκεῖόν
1551 510 1700 560 ὲστιτ

1917 505 2014 562 Est
2049 514 2229 561 autem
2265 501 2550 575 proprium
2591 503 2856 572 corporis.
2884 507 3009 558 licet
3049 511 3117 557 snt
3139 501 3410 557 inanima-

166 589 296 669 ἦχον
325 593 572 665 ἐμποιεῖν
603 597 670 664 τῇ
706 594 842 666 πρὸς
866 595 955 647 τὸν
984 595 1122 666 ἀέρα
1145 595 1348 667 πληγῇ·
1371 597 1434 649 τὸ
1463 595 1570 667 γὰρ
1595 595 1739 650 ἀσώ-

174 702 336 760 ματον
369 685 468 738 οὐκ
501 683 570 738 ἂν
603 683 906 749 ὲξάκουστα
964 685 1288 754 φθέγξαιτο·
1341 686 1478 758 ἀέρα
1523 687 1630 758 γὰρ
1680 686 1741 739 οὐ

164 777 408 851 πλήττει,
439 776 671 846 ὀργάνου
702 776 796 830 τοῦ
827 777 1149 849 πλήττοντος
1177 777 1614 850 ἀπηλλαγμένον.

248 951 400 1006 Ἐπεί
417 968 498 1005 τοι
533 952 590 1004 αἱ
616 950 896 1024 ἀσώματοι
917 954 1176 1026 δυνάμεις
1199 954 1396 1027 ἄψυχοί
1412 973 1475 1024 γε
1499 956 1746 1024 δόξουσιν

166 1047 249 1112 ἂν,
289 1045 478 1118 ἐπειδὴ
527 1044 852 1111 ἐξάκουστον
896 1048 1028 1118 παρ’
1077 1047 1256 1100 αὐτῶν
1299 1048 1452 1102 οὐδὲν
1487 1049 1568 1113 είς
1597 1049 1746 1120 ἡμᾶς

159 1137 642 1210 ἀφικνεῖται-ὅπερ
678 1138 856 1192 τοίνυν
889 1139 1055 1210 ἐχρῆν
1083 1143 1378 1213 τεκμήριον
1414 1144 1747 1216 ποιήσασθαι

160 1229 271 1285 τῶν
321 1231 600 1296 παντελῶς
629 1231 874 1302 ἀψύχων,
909 1231 984 1295 ὼς
1017 1232 1366 1288 κτυπούντων
1399 1235 1459 1299 ἐξ
1500 1236 1748 1310 ἀνάγκης

161 1324 244 1386 είς
272 1323 412 1394 ἀέρα
456 1324 635 1395 (τοῦτο
655 1324 764 1394 γὰρ
798 1323 958 1394 μόνου
993 1323 1264 1395 σώματος,
1295 1328 1416 1397 οὐχὶ
1445 1329 1504 1381 δὲ
1523 1328 1742 1402 ψυχῆς),

163 1412 324 1466 τοῦτο
360 1412 655 1483 ψυχὼσεως
699 1417 922 1484 σημεῖον
963 1413 1174 1468 ἐλαϐεν.
1233 1416 1514 1472 Ἐντεῦθεν
1553 1419 1617 1490 δὴ
1651 1421 1748 1474 καὶ

164 1504 233 1558 τά
262 1504 566 1575 τετράποδα
606 1505 702 1557 καὶ
731 1505 798 1558 τὰ
840 1507 1080 1570 πετεινὰ,
1121 1509 1222 1562 ὅσα
1264 1511 1489 1580 χρήσεις
1537 1512 1747 1582 ἀνθρώ-

161 1611 289 1658 ποις
320 1596 433 1665 ἔχει
470 1596 697 1667 τροφῆς,
727 1595 938 1668 βαρέως
964 1598 1202 1652 αἰτιᾶται
1237 1601 1364 1664 τοὺς
1403 1601 1648 1667 θύοντας,
1673 1603 1749 1666 ὼς

162 1687 386 1760 ὲκείνης
415 1688 517 1757 τῆς
541 1689 826 1760 δυνάμεως
852 1690 945 1744 τοῦ
975 1691 1180 1759 ἀγαθοῦ
1222 1695 1315 1747 καὶ
1339 1694 1512 1748 ταῦτα
1546 1696 1748 1767 ψυχού-

161 1793 288 1849 σης,
330 1779 424 1831 καὶ
469 1781 528 1832 ὲν
563 1780 746 1844 αὐτοῖς
789 1783 1194 1853 κατεχομένης·
1220 1783 1409 1856 ὥσπερ
1436 1785 1749 1851 σπουδάζων

1845 605 1984 662 tum,
2011 613 2274 670 percusso
2324 611 2451 652 aere
2493 595 2735 651 sonitum
2782 593 3009 649 reddere
3042 613 3055 648 :
3089 595 3235 666 quod
3267 595 3413 650 enim

1845 697 1997 746 caret
2056 705 2319 762 corpore,
2388 705 2499 744 non
2565 688 2754 745 reddet
2810 702 2999 744 vocem
3061 702 3182 759 qua:
3235 687 3413 743 audiri

1845 792 2051 854 queat;
2099 782 2230 854 quia
2261 797 2372 838 non
2421 781 2658 852 percutit
2693 795 2896 846 aerem,
2942 794 3068 836 cum
3114 780 3187 835 sit
3225 779 3295 836 ab
3328 779 3415 834 in-

1845 888 2149 937 strumento
2180 880 2520 950 percutientc
2544 877 2800 934 liberum.

1916 969 2280 1036 Quamobrem
2309 970 2645 1038 incorporea:
2673 973 2968 1037 potestates
2988 967 3244 1022 inanima
3268 965 3419 1020 vide-

1843 1061 2076 1126 buntur,
2109 1060 2240 1130 quia
2271 1059 2407 1114 nihil
2437 1058 2581 1128 quod
2617 1073 2782 1113 sensu
2813 1058 3032 1114 auditus
3057 1057 3415 1128 percipiatur,

1845 1150 1914 1205 ab
1943 1149 2026 1205 eis
2068 1148 2136 1203 ad
2184 1163 2286 1204 nos
2331 1147 2526 1202 fertur.
2569 1146 2726 1214 Quod
2775 1147 2943 1218 igitur
2973 1146 3264 1218 oportebat
3303 1144 3419 1200 ﬁeri

1847 1242 2111 1298 indicium
2158 1257 2451 1314 corporum
2501 1257 2730 1312 prorsus
2782 1241 2964 1295 anima
3003 1240 3328 1305 carentium,
3360 1245 3421 1293 ut

1845 1351 1967 1406 qua:
1998 1335 2314 1391 necessario
2345 1347 2527 1388 aerem
2562 1333 2782 1403 pulsant
2814 1331 2954 1400 (hoc
2988 1331 3133 1386 enim
3171 1331 3420 1400 corporis

1844 1435 1950 1494 est,
1995 1441 2106 1482 non
2138 1424 2375 1496 animae),
2408 1425 2515 1480 hoc
2549 1425 2759 1494 accepit
2786 1422 3117 1478 Manichacus
3157 1430 3419 1493 tanquam

1846 1523 2065 1592 signum
2089 1517 2474 1574 animationis.
2511 1516 2652 1573 Hinc
2679 1517 2843 1573 etiam
2876 1521 2980 1579 est,
3012 1513 3156 1585 quod
3186 1514 3420 1586 graviter

1847 1619 2068 1670 accusat
2108 1628 2204 1669 eos
2240 1613 2335 1683 qui
2364 1618 2609 1666 mactant
2649 1608 3029 1682 quadrupedes
3056 1613 3110 1662 et
3147 1606 3420 1669 volucres,

1847 1721 2184 1777 quaecunque
2252 1706 2504 1760 homines
2584 1701 2652 1758 ad
2731 1700 3066 1757 vescendum
3139 1696 3422 1765 adhibent,

1851 1807 2113 1868 tanquam
2181 1799 2296 1855 haec
2340 1800 2505 1854 etiam
2559 1798 2649 1851 illa
2691 1799 2868 1851 virtus
2916 1793 3050 1850 boni
3105 1793 3325 1855 animet,
3365 1789 3426 1846 in

162 1869 494 1942 καθυόρῖσαι
551 1873 842 1938 παντοίως,
888 1875 946 1928 ὃν
986 1876 1189 1944 ἀγαθὸν
1238 1877 1401 1948 δῆθεν
1451 1880 1700 1934 ἀποκαλεῖ

1872 1892 2042 1962 risque
2071 1891 2442 1946 contineatur.
2479 1888 2576 1944 Sic
2622 1888 2826 1951 studet,
2871 1895 2928 1941 ut
2967 1883 3144 1940 modis
3172 1881 3427 1938 omnibus

159 1963 466 2036 ὲρωτητέον
509 1963 572 2035 δὴ
617 1965 764 2030 τίνος
815 1968 1088 2038 ἐπιτροπῇ
1135 1968 1310 2023 ταῦτα
1350 1970 1658 2043 ἀνθρώποις
1693 1973 1753 2038 ἐξ

158 2055 344 2126 ἀρχῆς
381 2058 460 2119 είς
493 2057 699 2128 τροφὴν
732 2059 1121 2129 παραδέδοται·
1159 2057 1268 2134 ἆρά
1299 2078 1362 2131 γε
1399 2063 1500 2133 τῆς
1532 2065 1751 2130 κακίας,

1853 1981 2253 2036 contumeliose
2301 1980 2598 2050 vituperet,
2643 1992 2804 2048 quem
2844 1976 3048 2031 bonum
3092 1965 3303 2028 scilicet
3331 1984 3430 2041 ap-

1851 2069 2038 2139 pellat.
2093 2067 2521 2140 lnterrogandus
2569 2067 2774 2137 quippe
2818 2074 2922 2131 est,
2964 2063 3123 2134 cujus
3168 2075 3431 2132 procura-

153 2145 236 2212 ὡς
289 2147 618 2222 ὑϐριζούσης
667 2151 728 2204 τὸ
781 2151 1014 2220 ἀγαθόν;
1055 2153 1194 2207 Ἀλλ’
1228 2155 1327 2208 οὐκ
1369 2157 1434 2210 ἄν
1474 2174 1536 2226 γε
1569 2159 1700 2211 έκείπ

1872 2162 2002 2218 .ione
2064 2161 2272 2217 tradita
2339 2167 2472 2218 sunt
2535 2159 2652 2214 haec
2706 2174 2734 2212 a
2787 2156 3057 2228 principio
3114 2153 3432 2210 hominibus

154 2239 422 2295 τοσοῦτον
471 2241 676 2296 συνεῖδε
709 2246 962 2316 πρᾶγμα,
989 2245 1188 2315 γνῶσιν
1220 2247 1295 2318 μὴ
1329 2249 1634 2322 κεκτημένη
1657 2268 1700 2301 ·ι

1872 2249 1920 2304 td
1979 2249 2343 2305 vescendum!
2386 2264 2456 2304 an
2502 2247 2761 2319 nequitiae
2826 2255 3082 2315 tanquam
3150 2249 3432 2298 contume-

154 2333 274 2404 γὰρ
313 2333 473 2399 ἄλλος
503 2336 836 2408 δημιουργὸς
887 2337 954 2392 ἂν
1009 2340 1123 2409 εἴη,
1177 2339 1298 2394 οὐδὲ
1351 2335 1700 2415 δημιουργήσε

1876 2343 2005 2396 iosae
2033 2341 2089 2396 in
2120 2343 2320 2397 bonum
2345 2343 2370 2395 ?
2397 2340 2469 2395 At
2495 2355 2605 2396 non
2634 2339 2738 2394 fuit
2761 2339 2854 2393 illa
2885 2343 3052 2392 tanta:
3080 2335 3159 2390 rei
3183 2333 3431 2399 conscia,

156 2426 342 2490 ἐστὶν,
375 2427 450 2490 ὤς
493 2445 656 2500 φησιν
689 2430 717 2481 ὁ
761 2429 916 2494 Θεὸς,
967 2432 1059 2484 καὶ
1108 2431 1208 2504 τὴν
1257 2431 1487 2503 δύναμιν
1535 2437 1600 2489 ὲκ
1655 2436 1700 2488 τί

1872 2441 1926 2486 ιιι
1974 2447 2094 2503 quae
2133 2433 2498 2504 cognitionem
2543 2447 2653 2487 non
2692 2431 2902 2486 habuit.
2952 2426 3071 2483 Non
3106 2426 3251 2482 enim
3292 2424 3433 2480 alius

158 2516 309 2582 ιδίας
355 2519 569 2588 φύσεως
618 2521 1058 2594 προϐαλλόμενος
1105 2525 1198 2577 ἐπὶ
1248 2526 1610 2598 σωφρονισμῷ
1657 2528 1700 2580 τί

1872 2533 2072 2581 :reator
2104 2525 2292 2580 mundi
2323 2525 2489 2580 fuerit
2516 2541 2533 2592 ;
2569 2539 2748 2596 neque
2781 2521 2947 2588 Deus,
2980 2528 3042 2575 ut
3073 2519 3172 2586 ait,
3203 2516 3430 2580 creavit,

156 2606 343 2681 ωηςο·
1851 2624 1910 2671 et
1956 2617 2218 2672 virtutem
2256 2633 2325 2672 ex
2380 2617 2604 2687 propria
2654 2621 2852 2670 natura
2897 2611 3156 2685 produxit
3196 2609 3262 2665 ad
3311 2622 3435 2665 cor-

1853 2711 2156 2768 rectionem
2186 2711 2448 2766 materia.

932 2811 1065 2868 Car.
1104 2810 1349 2870 XXXVI.
1379 2813 1465 2867 Ad
1501 2815 1730 2873 hominis
1757 2821 2043 2880 utilitatem
2075 2827 2254 2880 omnia
2293 2842 2326 2879 a
2355 2823 2464 2878 Deo
2485 2831 2687 2878 creata.

228 2921 479 2994 Συνέστη
533 2924 712 2978 τοίνυν
762 2925 830 2979 τὰ
879 2925 993 2991 ζῶα
1038 2927 1350 3000 σύμπαντα,
1402 2931 1700 3004 βουληθέντ‹

1933 2941 2280 2999 Exstiterunt
2336 2939 2503 3011 igitur
2544 2937 2730 2993 omnia
2774 2933 3054 2999 animalia,
3111 2932 3324 3011 volente
3370 2942 3439 2986 eo

151 3014 254 3070 τοῦ
313 3015 842 3089 δημιουργήσαντος,
884 3020 954 3073 τά
984 3038 1044 3074 τε
1078 3024 1160 3084 είς
1191 3024 1396 3093 τροφὴν
1445 3025 1700 3096 ἁνθρώπο

1872 3033 1956 3103 ιιιιί
2003 3032 2234 3099 creavit,
2287 3009 2513 3102 etiquae
2556 3029 2625 3083 ad
2667 3025 2923 3082 alendum
2963 3009 3213 3080 heminas
3241 3019 3439 3076 idonea

148 3106 454 3178 δπιτήδεια
486 3108 582 3162 καὶ
620 3107 687 3162 τὰ
719 3111 816 3180 μή.
865 3111 1193 3183 Ἐπέτρεψεν
1221 3113 1329 3183 ἄρα
1357 3116 1530 3180 οὐδεὶς
1566 3118 1700 3190 ἔτερ

1872 3133 2012 3190 sunt,
2038 3134 2093 3182 et
2121 3141 2243 3196 quae
2283 3141 2413 3180 non.
2454 3122 2625 3178 Nemo
2653 3120 2821 3193 igitur
2851 3120 2991 3174 alius
3016 3116 3350 3188 procuravit,
3379 3119 3442 3175 εξ

147 3199 188 3295 9
222 3202 256 3254 ὁ
303 3200 542 3271 ποιήσας
573 3199 884 3273 ἀνθρώποις
913 3199 1054 3256 εἶναι
1083 3204 1255 3259 ταῦτα
1277 3211 1481 3279 τροφήν
1502 3225 1514 3239 ·
1554 3210 1614 3262 οὐ
1646 3209 1700 3278 γὲ

1872 3234 1974 3274 nec
2010 3218 2331 3273 hominibus
2357 3216 2411 3270 in
2451 3215 2635 3270 cibum
2681 3221 2736 3267 et
2766 3211 3084 3264 alimentum
3117 3207 3440 3262 adhiberen-

146 3290 227 3346 ἂν
259 3292 484 3361 ἐπέγνω
529 3293 756 3347 καθόλου
798 3294 831 3366 ή
873 3295 1032 3364 φύσις
1061 3297 1120 3350 τὸ
1148 3300 1418 3370 χρήσιμον
1451 3303 1636 3371 ἑαυτῇ,
1683 3319 1700 3371 ι.

1872 3321 1968 3373 Lur,
1992 3310 2096 3366 nisi
2119 3309 2212 3379 qui
2241 3323 2308 3364 ea
2337 3308 2545 3362 creavit
2578 3325 2590 3360 :
2623 3320 2731 3359 non
2756 3303 2902 3357 enim
2926 3299 3189 3362 universa
3217 3306 3437 3361 natura,

149 3384 316 3441 οὕτω
346 3387 804 3460 νομοθετήσαντος
822 3388 917 3442 τοῦ
943 3392 1306 3462 πεποιηκότος
1336 3395 1526 3465 αὐτήν.
1552 3395 1700 3446 Aiaci:

1872 3403 1991 3474 quid
2048 3403 2150 3458 sibi
2205 3402 2337 3456 utile
2382 3409 2550 3464 esset,
2598 3395 2968 3467 cognovisset,
3021 3391 3130 3448 nisi
3168 3392 3264 3462 qui
3317 3404 3440 3444 eam

148 3477 262 3532 καὶ
307 3477 536 3543 πλοῦτος
585 3480 746 3548 φύσει
798 3478 972 3534 ταῦτα
1018 3482 1342 3552 γεγένηται,
1370 3484 1445 3547 ὡς
1492 3484 1700 3554 μηδέπο

1872 3493 2024 3560 fecit,
2058 3493 2139 3548 sic
2177 3493 2469 3546 sanxisset.
2508 3489 2590 3543 Ex
2633 3502 2746 3558 quo
2780 3485 3046 3542 continuo
3088 3481 3294 3538 factum
3330 3488 3438 3546 est,

150 3569 267 3640 τῆς
303 3569 488 3623 αὐτῶν
510 3573 759 3642 χρήσεως
788 3571 1188 3643 διαλειπούσης·
1223 3576 1318 3628 καὶ
1343 3575 1450 3647 ὅσῳ
1473 3592 1534 3644 γε
1563 3575 1700 3646 μᾶλλ

1872 3593 1924 3640 ut
1955 3585 2068 3639 haec
2109 3583 2310 3638 fuerint
2349 3581 2554 3636 divitia:
2597 3588 2815 3644 natura,
2863 3576 3066 3649 quippe
3128 3589 3252 3631 cum
3303 3590 3442 3629 nun-

150 3658 290 3714 ἐνια
340 3661 407 3729 τῇ
441 3661 636 3731 χρήσει
680 3660 1006 3728 δαπανᾶται,
1047 3663 1290 3734 τοσούτῳ
1340 3665 1498 3720 πλέον
1530 3667 1700 3735 πολυγ

1872 3690 2028 3746 quam
2059 3689 2249 3730 earum
2292 3687 2426 3728 usus
2453 3669 2671 3726 deﬁciat
2697 3685 2718 3734 ;
2751 3677 2806 3724 et
2842 3683 2952 3739 quo
2985 3666 3160 3739 magis
3189 3665 3444 3736 quaedam

147 3749 388 3822 νάντερα
409 3751 687 3820 τυγχάνει·
703 3753 795 3805 καὶ
815 3751 883 3806 τὰ
903 3754 1000 3824 μὲν
1022 3754 1210 3826 τρέφει
1236 3755 1394 3826 μόνον
1423 3757 1700 3829 ἀνθρώποι

1872 3785 1968 3824 usu
2004 3773 2430 3830 consumuntur,
2461 3778 2526 3819 eo
2561 3767 2694 3817 sunt
2722 3759 3118 3827 diuturniora;
3147 3773 3213 3814 ac
3245 3759 3444 3830 partim

148 3843 232 3898 τὰ
263 3841 330 3895 δὲ
365 3841 459 3895 καὶ
488 3842 680 3908 ὲνδύει,
698 3842 832 3897 ἄλλα
854 3843 910 3897 δὲ
943 3845 1039 3898 καὶ
1057 3845 1221 3909 ἄλλας
1255 3847 1482 3918 χρήσεις
1511 3847 1700 3918 παρέχε

1872 3859 2088 3930 quidem
2144 3859 2298 3912 alunt
2345 3855 2620 3920 homines,
2671 3852 2873 3924 partim
2921 3852 3184 3920 vestiunt,
3236 3858 3292 3906 et
3337 3849 3445 3904 alia

150 3934 343 3990 δοῦλα
402 3934 562 4003 φύσει
607 3935 746 4006 πρὸς
797 3933 890 3988 τοῦ
942 3935 1445 4009 δημιουργήσαντος
1494 3939 1700 4010 ἀνθρώτ

1872 3951 2004 4006 alios
2045 3965 2180 4005 usus
2229 3948 2494 4018 praebent,
2537 3946 2686 4001 facta
2729 3951 2929 4000 natura
2961 3944 3174 3999 homini
3217 3958 3376 3998 serva
3411 3957 3446 3996 a

151 4027 690 4096 κατεσκευασμένα.
718 4026 882 4081 Ὅθεν
917 4028 1014 4082 καὶ
1048 4029 1412 4085 ὑποτέτακται
1451 4033 1546 4085 καὶ
1572 4032 1641 4085 τὰ
1672 4051 1700 4103 μ

1872 4041 2144 4096 Creatore.
2189 4036 2343 4093 Unde
2388 4037 2637 4106 subjecta
2671 4044 2800 4090 sunt
2846 4035 2897 4090 ei
2932 4034 3120 4103 etiam,
3160 4049 3283 4104 quae
3316 4039 3446 4089 sunt

155 4120 327 4190 γάλα
361 4118 439 4188 τῷ
461 4117 609 4190 ὄγκῳ
631 4119 825 4191 πράως
857 4122 1094 4185 εἴκοντα,
1125 4122 1218 4174 καὶ
1244 4121 1315 4176 τά
1343 4125 1400 4176 ἐν
1438 4124 1563 4195 ἀέρι
1604 4125 1697 4194 τὲχ

1872 4139 2021 4185 vasta
2055 4128 2218 4192 mole,
2250 4133 2534 4182 mansuete
2573 4122 2884 4180 obedientia
2915 4140 2932 4191 ;
2965 4131 3020 4178 et
3065 4135 3188 4193 qua:
3234 4120 3292 4175 in
3324 4134 3447 4174 aere

147 4211 267 4266 τοῦ
305 4208 572 4279 λογισμοῦ
608 4207 1005 4279 καθελκόμενα,
1037 4213 1133 4264 καὶ
1171 4212 1239 4265 τὰ
1271 4215 1328 4265 ἐν
1359 4212 1542 4266 ὕδασιν
1568 4215 1700 4282 ἀναγ

1872 4218 2106 4274 artiﬁcio
2129 4217 2360 4271 rationis
2389 4215 2458 4270 ad
2491 4229 2594 4270 nos
2625 4212 2944 4276 trahuntur,
2973 4218 3028 4267 et
3058 4225 3179 4280 quae
3204 4209 3259 4264 in
3291 4209 3448 4277 aquis

156 4317 347 4373 μενα,
378 4301 473 4352 καὶ
505 4299 703 4369 μᾶλλον
725 4301 928 4364 ἐκεῖνα,
960 4302 1149 4384 ὄσαήγε
1173 4303 1232 4355 τὸ
1252 4305 1518 4374 χρήσιμον
1554 4304 1700 4376 ἀνθρι

1872 4313 2197 4375 educuntur,
2231 4317 2396 4378 atque
2431 4323 2496 4362 ea
2521 4305 2696 4377 magis
2723 4319 2847 4375 quae
2876 4303 3172 4358 utilitatem
3203 4299 3446 4354 homini-

151 4409 305 4456 ποις
339 4388 666 4459 ἀποπληροῖ.
705 4389 861 4442 Οὕτω
898 4391 1075 4462 δῆλον,
1098 4392 1173 4455 ὡς
1205 4395 1304 4445 οὐκ
1331 4393 1606 4464 ἅνθρωποι
1639 4395 1700 4446 έα

1872 4403 1973 4458 bus
1998 4402 2236 4472 explent.
2287 4399 2378 4454 Sic
2422 4405 2590 4470 patet,
2635 4411 2747 4452 non
2785 4395 3035 4451 homines
3069 4392 3178 4449 sibi
3210 4407 3308 4462 per
3337 4391 3447 4445 vim

147 4488 292 4548 τοῖς
327 4481 618 4537 ἐϐιάσαντο
640 4481 788 4553 παρὰ
805 4482 865 4534 τὸ
890 4482 1138 4555 βούλημα
1154 4483 1246 4536 τοῦ
1266 4484 1326 4554 δη
1337 4486 1700 4557 μιουργήσαντ

1872 4494 2132 4549 animalia
2156 4493 2371 4548 ratione
2400 4490 2644 4545 carentia
2675 4487 2998 4558 subjecisse,
3031 4492 3228 4555 praeter
3255 4483 3448 4538 volun-

148 4578 239 4633 τὰ
275 4575 476 4645 ἄλογα·
512 4574 648 4629 ἀλλά
686 4575 781 4628 καὶ
816 4574 977 4646 νόμος
1004 4577 1189 4642 αὐτοῖς
1222 4576 1454 4641 ὑπέταξε
1484 4577 1577 4630 τοῦ
1615 4596 1700 4632 ποι

1874 4594 2043 4640 tatem
2074 4589 2196 4654 ejus
2222 4585 2316 4655 qui
2345 4599 2410 4640 ea
2433 4582 2640 4638 creavit
2658 4599 2684 4649 ;.
2701 4580 2834 4652 quin
2861 4579 3040 4650 potius
3063 4577 3148 4634 lex
3165 4575 3446 4632 Creatoris

153 4686 382 4733 σαντος
407 4669 603 4725 ταῦτα.

1872 4672 1988 4726 haec
2018 4673 2099 4727 eis
2135 4672 2390 4740 subjecit.

239 4763 396 4834 Φαίη
428 4763 471 4817 δ⁹
506 4763 572 4818 ἂν
599 4768 627 4819 ὁ
659 4765 873 4836 Μάνης,
905 4763 983 4825 ὡς
1013 4761 1136 4815 οὐδὲ
1170 4759 1298 4831 βοῦν
1330 4759 1550 4823 εὐσεϐὲς
1582 4761 1700 4832 ἀρόε

1945 4764 2089 4818 Dicit
2119 4764 2284 4818 etiam
2318 4762 2674 4827 Manichacus,
2706 4761 2935 4831 impium
2957 4774 3078 4815 esse
3103 4759 3298 4814 bovem
3325 4773 3450 4812 ara-

147 4857 642 4930 παραὸεϐλῆσθαι
667 4860 764 4929 τῆς
803 4858 929 4926 γῆς,
960 4857 1048 4909 ἵνα
1082 4853 1157 4926 μὴ
1209 4855 1302 4906 καὶ
1334 4853 1473 4907 πάνυ
1514 4854 1700 4908 καταδε

1873 4855 2008 4910 tioni
2044 4861 2205 4908 terrae
2241 4853 2536 4922 applicare,
2568 4867 2639 4906 ne
2680 4851 2861 4904 anima
2897 4864 2927 4902 a
2957 4848 3068 4903 Deo
3101 4848 3293 4912 missa,
3331 4847 3452 4901 val-

149 4953 416 5012 λοῦσθαι
451 4951 650 5015 δόξειεν
680 4951 712 5022 ή
741 4949 876 5020 πρὸς
905 4946 999 5001 τοῦ
1029 4945 1233 5015 ἀγαθοῦ
1267 4945 1577 5016 πεμφθεῖσα
1602 4945 1700 5016 ψυχ

1874 4947 1942 5003 de
1961 4948 2229 5004 servitute
2249 4960 2441 5015 pressa
2460 4943 2727 4998 videatur.
2747 4942 2814 4997 Et
2830 4941 3104 5013 quomodo
3115 4940 3453 5012 agricultura

150 5046 304 5106 Καὶ
349 5044 469 5106 πῶς
507 5041 574 5096 ἂν
616 5040 858 5113 γεωργία
901 5039 1126 5107 συσταίη
1155 5053 1169 5102 ;
1205 5035 1322 5100 πῶς
1355 5037 1400 5091 δ’
1432 5036 1497 5090 ἂν
1532 5037 1592 5090 τὸ
1620 5037 1774 5106 γένος

150 5136 555 5212 παραμείνειε
587 5135 647 5187 τὸ
691 5134 798 5186 τῶν
846 5131 1146 5204 ἀνθρώπων
1181 5131 1584 5202 διαγινόμενον;
1620 5129 1777 5182 Οὕτω

148 5231 351 5305 παρά
397 5230 523 5293 τοὺς
560 5229 774 5289 κοινοὺς
813 5225 1105 5295 λογισμοὺς
1149 5225 1328 5279 πάντα
1369 5222 1507 5277 κατὰ
1549 5222 1647 5293 τῆς
1685 5222 1778 5293 δη-

151 5321 489 5400 μιουργίας
524 5322 552 5373 ὁ
595 5318 863 5381 παντοίως
889 5319 1094 5381 Μανεὶς
1126 5317 1422 5371 ἐπλάσατο.
1472 5314 1641 5368 Δοῦλα
1668 5314 1778 5386 γὰρ

146 5411 444 5490 φυσικῶς
469 5410 758 5484 ἀνθρώπου
787 5409 856 5462 τὰ
883 5410 1067 5479 ἥμερα
1099 5409 1215 5474 ζῶα
1239 5409 1552 5478 γεγένηται,
1591 5409 1684 5460 καὶ
1711 5409 1776 5479 τῇ

143 5504 390 5566 τούτου
432 5504 625 5574 χρήσει
660 5501 1090 5573 παραϐέϐληται.
1135 5501 1306 5553 Δοῦλα
1354 5500 1410 5553 δὲ
1442 5499 1564 5552 καθ’
1592 5500 1778 5570 ἕτερον

141 5599 354 5667 λόγον
398 5594 493 5647 καὶ
521 5593 590 5646 τὰ
621 5592 872 5664 ἀνήμερα
905 5589 1042 5660 πρὸς
1078 5592 1142 5660 τῇ
1177 5589 1400 5661 ῥηθείσῃ
1429 5589 1596 5660 αίτίᾳ,
1640 5587 1780 5642 ὥστε

143 5685 446 5761 λογισμῷ
482 5685 574 5737 τὸν
613 5684 896 5754 ἄνθρωπον
942 5682 1158 5736 πάντων
1201 5681 1309 5735 τῶν
1338 5680 1548 5750 ἀλόγων
1591 5698 1782 5752 κρατι-

155 5779 455 5840 στεύειν·
491 5775 625 5831 Θεοῦ
664 5775 719 5829 δὲ
752 5774 1140 5846 ἐπιτρέποντος
1181 5774 1269 5826 διὰ
1307 5773 1552 5837 ποικίλας
1581 5773 1778 5836 αἰτίας,

158 5877 253 5932 οὐ
289 5871 434 5927 λέων
464 5869 630 5943 μόνον
659 5867 718 5921 τὸ
744 5865 1118 5938 ἀλκιμώτατον
1151 5865 1355 5936 θηρίον,
1385 5866 1416 5935 ἦ
1451 5883 1498 5917 τι
1544 5865 1650 5918 τῶν
1692 5865 1782 5920 ἄλ-

1877 5039 2178 5095 sustentari
2230 5037 2457 5108 posset?
2502 5035 2778 5106 quomodo
2810 5035 3016 5089 durans
3058 5047 3231 5104 genus
3269 5030 3450 5085 homi-

1875 5147 2006 5186 num
2060 5128 2475 5200 perseveraret?
2523 5126 2614 5182 Sic
2660 5126 2995 5182 Hanichaeus
3038 5123 3222 5180 omnia
3256 5130 3455 5192 praeter

1877 5237 2205 5277 communes
2248 5221 2500 5276 notiones
2547 5229 2740 5277 contra
2787 5219 3123 5275 creationem
3166 5216 3319 5271 varie
3369 5212 3456 5268 fu-

1877 5330 2004 5370 rens
2038 5313 2215 5368 ﬁnxit.
2260 5312 2428 5368 Serva
2469 5313 2616 5368 enint
2666 5310 2906 5367 hominis
2947 5309 3267 5364 naturaliter
3299 5321 3455 5360 man-

1882 5411 2039 5460 sueta
2079 5404 2337 5458 animalia
2378 5403 2518 5458 facta
2569 5409 2718 5467 sunt,
2755 5410 2810 5458 et
2851 5400 2975 5456 usui
3004 5399 3125 5470 ejus
3154 5398 3450 5454 destinata.

1876 5495 1999 5571 Non
2047 5503 2331 5552 mansueta
2382 5502 2565 5551 autem
2611 5494 2718 5548 alia
2762 5493 2976 5549 ratione
3022 5505 3203 5557 serva,
3257 5498 3458 5561 praeter

1881 5603 2104 5644 causam
2129 5588 2350 5652 dictam,
2382 5595 2444 5656 ut
2475 5587 2640 5641 homo
2661 5587 2870 5641 ratione
2895 5586 2949 5639 in
2975 5584 3159 5640 omnia
3195 5581 3462 5637 animalia-

1881 5681 2094 5736 ratione
2155 5681 2397 5735 carentia
2473 5679 2869 5745 dominaretur,
2935 5677 3047 5733 Deo
3123 5675 3195 5732 ob
3269 5674 3460 5730 varias.

1883 5786 2083 5828 causas
2133 5769 2184 5826 id
2229 5777 2558 5842 procurante
2610 5785 2626 5820 :
2683 5769 2885 5840 alioqui
2933 5784 3042 5824 non
3087 5769 3173 5824 leo
3213 5774 3454 5833 tantum,

1887 5865 2002 5921 fera
2035 5863 2362 5931 fortissima,
2406 5869 2499 5920 aut
2547 5863 2729 5935 aliqua
2767 5862 2870 5918 alia
2905 5860 3227 5935 ‘hujusmodi
3256 5860 3463 5925 bestia,
