3782 6166
1540 432 1693 490 ΤΙΤΙ·
1715 434 2142 498 BOSTRENSIS
2178 442 2489 501 EPISCOPI

3521 452 3659 510 1204

300 553 307 559 '
400 545 500 594 aut
544 553 769 611 serpens
814 541 1091 600 hominem
1131 546 1393 612 vinceret,
1443 550 1537 605 sed
1583 552 1742 608 culex
1781 554 1966 623 etiam,

2120 581 2185 617 ιον
2215 563 2423 637 θηρίων
2455 564 2489 636 ἢ
2538 562 2804 636 ἑρπετῶν,
2857 564 3142 638 ἀνθρώπου
3187 569 3530 640 κρατήσειεν
3567 567 3653 638 ἂν,

403 634 500 683 aut
526 628 672 685 aliud
702 646 770 686 ex
795 632 1059 690 minimis.
1091 632 1289 689 Verum
1323 645 1518 693 natura
1549 638 1785 697 ferarum
1816 645 1974 701 aliter

402 725 567 778 etiam
606 739 769 794 quam
802 724 1010 782 dictum
1048 736 1154 794 est,
1194 728 1262 783 ad
1294 738 1574 801 aspectum
1603 741 1657 788 et
1686 737 1973 806 experien-

400 812 534 893 tiam
564 814 875 874 hominibus
913 818 1145 879 diversis
1188 823 1255 880 de
1294 823 1477 880 causis
1517 829 1825 882 necessaria
1863 838 1969 885 est.

2080 655 2216 710 ἀλλά
2259 657 2353 710 καὶ
2384 656 2581 728 κώνωψ
2609 657 2644 727 ἧ
2673 674 2726 712 τι
2761 657 2868 711 τῶν
2895 658 3068 714 ἄλλων
3102 659 3463 731 βραχυτάτων
3501 679 3655 736 περιο

2078 748 2326 817 γένοιτο·
2369 748 2505 820 πλὴν
2537 748 2742 820 Θηρίων
2781 748 2939 819 φύσις
2976 752 3070 805 καὶ
3096 752 3270 818 ἄλλως
3306 754 3405 808 τὸν
3432 753 3658 826 είρημέο

2080 858 2169 893 νον
2200 841 2401 912 τρόπον
2450 843 2530 904 εἰς
2562 840 2713 910 ὄψεις
2754 842 2922 906 ἐστὶν,
2965 843 3047 896 ὅτι
3089 843 3183 896 καὶ
3213 845 3294 908 είς
3324 848 3536 917 πεῖραν
3571 843 3661 899 ἁν-

2078 931 2316 1004 Ορώποις
2345 930 2484 986 κατά
2518 932 2807 1004 διαφόρους
2834 932 3012 996 αἰτίας
3036 933 3324 1000 ἀναγκαία.

1240 1048 1368 1103 Cu.
1410 1048 1669 1104 XXXVII.
1712 1048 1777 1102 In
1805 1051 2011 1119 fabrica
2039 1049 2223 1103 mundi
2252 1050 2513 1118 sapientia
2538 1047 2827 1104 Creatoris.

350 1156 370 1174 ο
475 1125 583 1183 Sed
602 1128 730 1199 quia
751 1129 818 1185 ad
845 1132 1058 1204 singula
1085 1136 1314 1205 quaeille
1341 1150 1575 1210 nugatur
1603 1149 1657 1195 et
1692 1141 1866 1210 lingit,
1894 1157 1982 1197 re-

403 1220 675 1288 spondere
691 1232 747 1278 et
767 1239 1063 1283 occurrere
1080 1228 1310 1284 delirum
1328 1246 1449 1287 esse
1465 1232 1680 1287 videtur
1703 1248 1716 1285 :
1739 1240 1983 1290 contem-

402 1309 659 1379 plandum
677 1322 761 1369 est
782 1316 1188 1388 intelligentiam
1214 1318 1431 1376 babenti
1454 1321 1574 1377 sine
1589 1320 1976 1393 disputatione,

402 1403 676 1471 quomodo
725 1408 890 1465 unius
935 1411 1106 1466 verbo
1164 1413 1349 1468 omnia
1401 1421 1585 1484 aptata
1653 1423 1802 1471 sunt.
1860 1415 1979 1471 Una

402 1493 489 1551 lex
519 1497 801 1557 Creatoris
848 1502 904 1556 in
942 1505 1204 1561 omnibus
1246 1505 1613 1573 dominatur,.
1641 1515 1697 1564 et
1740 1510 1879 1564 nihil
1925 1509 1982 1563 in

402 1587 570 1647 rebus
604 1600 850 1663 pugnat,
879 1609 1058 1666 neque
1100 1596 1227 1653 belli
1263 1598 1527 1654 indicium
1555 1600 1640 1655 vel
1672 1600 1974 1657 dissensio-

401 1679 492 1735 nis
560 1681 619 1737 in
690 1686 959 1743 creaturis
1015 1700 1285 1760 apparet;
1347 1692 1482 1762 quin
1559 1694 1740 1762 potius
1791 1693 1972 1747 omnia

404 1771 652 1840 (homine
685 1777 905 1847 quidem
940 1784 1221 1855 peccante)
1249 1800 1435 1855 pacem
1474 1787 1619 1842 inter
1659 1804 1719 1844 se
1748 1787 1970 1852 habent,

404 1872 466 1919 ut
509 1882 631 1938 quae
663 1868 737 1924 ab
761 1886 873 1926 uno
903 1875 1058 1944 pacis
1088 1882 1143 1932 et
1170 1877 1372 1948 quietis
1424 1886 1690 1937 statutum
1752 1896 1977 1951 accepe-

403 1968 574 2028 runt;
619 1975 652 2017 a
696 1978 807 2035 quo
849 1964 956 2022 hoc
1004 1968 1181 2039 ipsum
1231 1971 1376 2041 quod
1431 1980 1583 2038 sunt,
1625 1988 1657 2027 a
1705 1973 1977 2043 principio

403 2050 631 2110 habent.
684 2053 977 2128 Conspirat
1018 2060 1163 2115 enim
1202 2076 1327 2116 cum
1372 2063 1538 2119 rebus
1574 2078 1697 2134 quae
1735 2063 1793 2118 in
1831 2070 1977 2117 terra

404 2151 556 2211 sunt,
615 2147 815 2204 caelum
873 2150 1090 2221 pluens,
1135 2168 1259 2209 cum
1318 2163 1531 2226 tempus
1580 2158 1857 2227 postulat;
1913 2171 1977 2212 ac

404 2250 604 2294 rursus
642 2238 883 2309 pluviam
921 2244 1183 2310 sustinet,
1207 2260 1331 2300 cum
1364 2261 1508 2317 opus
1539 2255 1625 2304 est
1652 2249 1770 2305 solo
1798 2249 1979 2304 calore

405 2327 476 2383 ad
534 2330 925 2387 maturandum
978 2352 993 2387 :
1049 2335 1131 2390 sol
1183 2344 1366 2392 autem
1413 2352 1515 2394 suo
1570 2338 1802 2394 circuitu
1863 2340 1979 2411 lege

404 2420 651 2477 auctoris
703 2422 1007 2479 constituto
1048 2424 1212 2480 elﬁcit
1260 2435 1635 2498 tempestates,
1687 2446 1973 2502 nunquam

402 2524 501 2567 eas
540 2520 910 2579 commutans,
950 2516 1198 2587 quinimo
1247 2533 1418 2573 unum
1485 2520 1733 2576 ordinem
1789 2537 1976 2577 earum

402 2603 799 2661 immutabilem
826 2613 997 2675 tenet,
1035 2620 1459 2682 perseveratque
1494 2613 1549 2668 in
1581 2622 1777 2668 natura
1803 2615 1980 2670 varie-

404 2704 493 2757 tas
550 2712 564 2748 :
620 2703 783 2769 atque
845 2714 959 2755 una
1023 2708 1079 2756 et
1130 2702 1320 2758 eadem
1372 2720 1586 2761 summa
1645 2706 1978 2775 conspiratio

403 2805 573 2860 supra
618 2797 673 2845 et
714 2791 859 2846 infra
903 2792 1168 2849 cernitur.
1203 2794 1321 2851 Nox
1358 2805 1538 2852 autem
1589 2800 1738 2854 omni
1781 2801 1979 2855 sacculo

404 2882 711 2950 permansit
762 2883 882 2939 sine
935 2883 1301 2939 inconstantia
1354 2887 1619 2944 adversus
1657 2869 1979 2953 diem,vnon

403 2980 559 3028 motu
599 2973 830 3030 fortuito
871 2985 925 3031 et
975 2986 1199 3033 carente
1238 2977 1451 3035 ratione
1491 2979 1598 3035 diei
1652 2982 1976 3048 succedens,

405 3064 504 3122 sed
570 3066 837 3136 sapientia
915 3069 1158 3125 auctoris
1211 3069 1462 3126 addendo
1513 3079 1569 3127 et
1624 3074 1980 3130 subduceudo

403 3162 754 3226 temperata;
814 3158 979 3230 idque
1035 3175 1145 3214 non
1189 3161 1327 3219 alias
1381 3163 1561 3229 aliter,
1616 3164 1750 3234 quin
1797 3168 1980 3236 potius

2163 1139 2300 1197 Ἀλλ’
2327 1139 2515 1210 ἐπειδὴ
2561 1140 2699 1212 πρὸς
2743 1139 2971 1193 ἕκαστον
3011 1133 3085 1192 ὧν
3127 1140 3332 1200 ἐκεῖνος
3375 1136 3667 1207 ἀδολεσχεζ

2073 1248 2135 1284 τε
2173 1233 2268 1285 καί
2301 1232 2613 1295 πλάττεται,
2662 1231 2825 1303 λῆρος
2855 1231 2920 1285 ἀν
2955 1232 3154 1299 δόξειεν
3186 1228 3322 1284 εἶναι
3358 1230 3424 1282 τὸ
3477 1230 3664 1298 λέγειν

2074 1344 2135 1381 τε
2162 1327 2259 1380 καὶ
2293 1327 2538 1398 ἀπαντᾷν
2561 1344 2576 1359 ο
2620 1327 2923 1398 θεωρητέον
2957 1326 3051 1380 καὶ
3096 1326 3215 1396 δίχα
3250 1325 3411 1392 λόγου
3454 1322 3545 1393 τῷ
3572 1339 3666 1376 κε-

2076 1419 2331 1490 κτημένῳ
2375 1417 2609 1482 σύνεσιν,
2648 1419 2796 1482 ὅπως
2844 1419 2941 1488 μὲν
2988 1417 3104 1480 ἐνὸς
3142 1418 3389 1487 ἥρμοστο
3416 1415 3573 1484 λόγῳ
3596 1413 3670 1469 τὰ

2078 1511 2395 1583 σύμπαντα·
2423 1505 2504 1574 εἷς
2538 1510 2595 1563 δὲ
2626 1510 2786 1581 νόμος
2829 1508 2923 1562 τοῦ
2966 1506 3305 1580 Δημιουργοῦ
3334 1505 3485 1560 κατά
3526 1505 3669 1559 πάν-

2076 1622 2184 1658 των
2210 1606 2420 1675 κρατεῖ,
2462 1604 2558 1657 καὶ
2591 1602 2740 1656 οὐδὲν
2775 1603 2833 1654 ὲν
2866 1603 2978 1665 τοῖς
3011 1598 3128 1655 οὖσι
3155 1599 3506 1669 διαμάχεται,
3542 1595 3668 1649 οὐδὲ

2076 1696 2315 1766 πολέμου
2346 1697 2642 1768 τεκμήριον
2668 1696 2701 1767 ἢ
2736 1694 3001 1765 διχονοίας
3027 1697 3083 1748 ὲν
3107 1696 3217 1756 τοῖς
3244 1691 3557 1763 δημιουργή
3568 1707 3668 1760 μα-

2076 1806 2161 1843 σιν
2186 1790 2560 1858 ὑποφαίνεται,
2592 1788 2703 1842 am
2731 1788 3021 1859 είρηνεύει,
3046 1785 3181 1840 Θεοῦ
3217 1802 3280 1855 γε
3314 1783 3668 1854 συμπλέκον-

2072 1897 2165 1944 τος
2186 1880 2255 1934 τὰ
2284 1880 2460 1934 πάντα
2489 1880 2625 1952 πρὸς
2665 1878 2893 1950 ἄλληλα,
2920 1877 2996 1941 ὡς
3024 1877 3113 1946 ὑφ’
3142 1875 3262 1939 ἑνὸς
3292 1874 3539 1927 λαϐόντα
3562 1872 3665 1943 τῆς

2076 1974 2299 2046 είρήνης
2324 1973 2417 2025 καὶ
2447 1972 2545 2042 τῆς
2571 1970 2799 2043 ἡσυχίας
2822 1970 2883 2023 τὸ
2917 1968 3184 2039 σύνθημα,
3225 1967 3356 2037 παρ’
3387 1958 3450 2017 οὗ
3478 1964 3579 2017 καὶ
3599 1962 3664 2017 τδ

2077 2062 2339 2132 εἶναιτὴν
2388 2064 2564 2135 ἀρχὴν
2608 2063 2818 2126 τούτοις
2866 2060 3111 2132 ὑπῆρξεο
3157 2059 3399 2129 συμπνεῖ
3437 2073 3503 2109 τε
3550 2054 3663 2125 γάρ

2075 2162 2188 2223 τοῖς
2217 2159 2311 2211 ἐπὶ
2348 2158 2449 2229 γῆς
2497 2156 2817 2229 πράγμασιν
2856 2153 3084 2226 οὐρανὸς
3119 2151 3247 2215 ὖων,
3290 2151 3421 2203 ὅταν
3466 2147 3667 2220 καιρὸς

2077 2252 2304 2322 ἀπαιτῇ,
2331 2250 2427 2303 καὶ
2454 2245 2609 2313 αὖθις
2638 2247 2845 2319 ἀνέχων
2871 2245 2962 2299 τὸν
2983 2243 3152 2309 ὑετὸν,
3178 2245 3305 2297 ὅταν
3328 2240 3427 2313 δέῃ
3456 2238 3665 2311 θερμό-

2075 2327 2229 2417 τητι.
2243 2344 2381 2416 μόνῃ
2421 2339 2865 2412 τελεσφορεῖσθαι
2904 2337 2973 2391 τά
2999 2337 3171 2407 φυτάο
3207 2335 3360 2406 ἣλιος
3393 2333 3453 2385 δὲ
3494 2346 3664 2402 μετα·

2077 2436 2279 2491 ϐαίνων
2309 2436 2459 2507 νόμῳ
2489 2432 2586 2488 τοῦ
2634 2432 2957 2502 ποιήσαντος
2998 2429 3096 2493 τάς
3144 2427 3296 2497 ὥρας
3340 2424 3663 2496 ἐργάζεται,

2078 2528 2413 2583 ἐναλλάττων
2445 2528 2701 2581 οὐδέποτε
2729 2523 2953 2588 ταύτας,
2989 2523 3115 2593 μίαν
3146 2522 3204 2575 δὲ
3239 2519 3340 2589 τὴν
3382 2517 3547 2583 τάξιν
3579 2516 3669 2569 αὖ·

2076 2623 2187 2677 τῶν
2216 2619 2569 2693 ἀπαράϐατον
2600 2616 2883 2679 δεικνύων,
2914 2614 3010 2668 καὶ
3045 2613 3272 2685 ἐμμένει
3302 2626 3370 2679 γε
3401 2610 3470 2679 τῇ
3504 2607 3665 2677 φύσει

2076 2715 2138 2768 τὸ
2163 2714 2451 2784 διάφορον·
2480 2710 2594 2782 -μία
2637 2709 2695 2762 δὲ
2733 2708 2826 2761 καὶ
2868 2708 2901 2777 ή
2934 2705 3073 2774 αὐτὴ
3106 2701 3351 2772 φαίνεται
3387 2699 3667 2769 σύμπνοια

2077 2805 2186 2859 τῶν
2218 2804 2331 2859 ἀνω
2360 2820 2422 2856 τε
2455 2802 2553 2856 καὶ
2595 2799 2704 2853 τῶν
2748 2797 2901 2851 κάτω
2942 2793 3077 2866 πρὸς
3111 2793 3419 2866 ἀκρίϐειαν.
3456 2788 3582 2857 Νὺξ
3610 2788 3668 2842 δὲ

2081 2897 2217 2969 πρὸς
2250 2895 2462 2967 ἡμέραν
2508 2889 2869 2953 ἀστασίαστος
2907 2887 3144 2958 διέμεινε
3181 2884 3272 2938 τὸν
3316 2882 3496 2938 αἰῶνι
3533 2881 3669 2951 σύμ-

2080 3005 2282 3051 παντα,
2317 2986 2416 3038 οὐκ
2440 2984 2622 3052 ἀλόγῳ
2652 2984 2795 3053 φορᾷ
2822 2980 2919 3051 τὴν
2952 2976 3202 3048 διαδοχὴν
3233 2975 3370 3046 πρὸς
3396 2973 3498 3045 τὴν
3530 2976 3671 3044 ἠμε-

2081 3096 2181 3150 ραν
2215 3077 2434 3148 ἔχουσα,
2468 3073 2605 3132 ἀλλά
2630 3073 2796 3144 σοφίᾳ.
2819 3070 2913 3124 τοῦ
2936 3066 3298 3140 Δημιουργοῦ,
3321 3063 3670 3135 προσθήκαις

2080 3190 2142 3227 τε
2185 3171 2280 3225 καὶ
2332 3168 2656 3241 ἀφαιρέσεσι
2709 3163 3048 3237 μετρουμένη
3073 3178 3086 3191 ο
3141 3160 3235 3214 καὶ
3274 3157 3398 3213 οὐδὲ
3436 3156 3671 3220 ταύταις

403 3247 757 3305 manifestum
817 3264 881 3305 ac
928 3262 1140 3306 certum
1194 3260 1280 3307 est
1333 3260 1547 3324 tempus
1604 3256 1976 3324 accessionis;

2120 3264 2269 3318 λλοτε
2308 3261 2502 3327 ἄλλως,
2534 3259 2668 3314 ἀλλὰ
2708 3257 2864 3328 δῆλος
2909 3255 3008 3342 μὲν
3053 3251 3388 3342 προσθήκης,
3611 3264 3671 3301 τε

405 3339 759 3398 manifestum
807 3341 936 3397 item
966 3349 1020 3398 et
1048 3351 1261 3398 certum
1313 3353 1524 3415 tempus
1576 3346 1979 3404 subductionis.

406 3433 621 3492 Rursus
673 3435 757 3492 sol
807 3450 917 3489 non
962 3443 1223 3507 gravatur
1257 3436 1401 3491 nocti
1444 3438 1771 3504 succedere,
1809 3454 1984 3511 neque

404 3528 812 3584 contumeliam.
855 3527 1006 3583 ducit
1047 3528 1221 3598 legem
1273 3527 1548 3586 Creatoris
1585 3547 1601 3597 ;
1654 3530 1750 3586 sed
1799 3532 1982 3601 potius

402 3627 561 3670 more
607 3614 766 3685 probi
824 3615 990 3678 servi,
1045 3614 1297 3670 confecto
1350 3617 1468 3672 sine
1516 3619 1823 3674 cessatione
1869 3620 1978 3674 ulla

402 3720 572 3761 cursu
619 3705 749 3769 diei,
799 3706 1024 3773 recedit,
1077 3717 1136 3761 ut
1182 3708 1233 3763 ei
1278 3708 1363 3763 lex
1428 3708 1688 3779 imposita
1721 3718 1828 3773 cst,
1859 3710 1984 3764 dili-

404 3805 597 3868 genter
636 3812 698 3853 se
732 3797 963 3865 abdens,
1012 3808 1071 3854 ut
1104 3815 1213 3855 nox
1251 3802 1488 3872 spatium
1535 3802 1640 3857 sibi
1673 3802 1982 3859 dimensum

403 3888 656 3959 recipiat.
680 3918 685 3923 -

477 3978 619 4046 Quid
646 3995 777 4036 vero
802 3980 870 4038 de
903 3988 1047 4038 terra
1079 3990 1133 4039 et
1172 3982 1313 4038 mari
1343 3982 1517 4050 dices,
1555 3985 1829 4056 quomodo
1865 4001 1982 4041 am-

406 4071 479 4125 bo
506 4072 758 4127 terminis
791 4072 1208 4144 circumscripta
1240 4076 1405 4131 sunt?
1435 4074 1586 4132 Licet
1609 4076 1795 4132 videre
1831 4092 1983 4132 mare

404 4160 663 4217 ﬂuctibus
711 4162 946 4228 elatum,
988 4164 1107 4235 lege
1156 4171 1337 4219 autem
1386 4165 1456 4220 ab
1494 4165 1700 4235 impetu
1740 4166 1982 4234 prohibi-

401 4260 545 4316 tum,
595 4260 650 4307 et
696 4252 748 4308 vi
780 4261 1067 4309 ventorum
1118 4256 1411 4325 impulsum
1472 4257 1527 4311 in
1568 4267 1791 4319 terram,
1836 4266 1979 4311 metu

406 4352 587 4401 autem
614 4345 749 4417 legis
773 4353 1075 4402 retrorsum
1107 4348 1368 4404 reﬂexum
1400 4367 1415 4403 :
1447 4350 1696 4420 quamvis
1721 4365 1829 4403 non
1862 4366 1983 4403 mu-

406 4453 504 4495 rus
542 4438 928 4495 adamantinus
961 4439 1164 4495 auxilio
1199 4447 1283 4495 est
1315 4442 1388 4507 ei,
1420 4453 1489 4497 ne
1528 4456 1678 4496 mare
1708 4441 1889 4496 cﬂluat
1929 4449 1982 4494 ct

2081 3357 2182 3425 τῆς
2209 3351 2551 3424 ἀφαιρέσεως
2576 3352 2603 3403 ὁ
2642 3346 2851 3419 κάιρός.
2885 3341 3049 3407 Αὖθις
3076 3342 3131 3396 δὲ
3158 3341 3307 3413 ἥλιος
3336 3340 3399 3393 οὐ
3432 3339 3671 3410 βαρύνε-

2081 3463 2171 3499 ται
2202 3444 2304 3514 τῆς
2335 3441 2527 3505 νυκτὸς
2565 3442 2664 3511 τὴν
2690 3437 2958 3509 διαδοχὴν,
2983 3435 3101 3489 οὐδὲ
3132 3433 3287 3503 ὓϐριν
3324 3432 3545 3502 ἡγεῖται
3578 3428 3670 3483 τὸν

2083 3538 2243 3608 νόμον
2294 3535 2388 3588 τοῦ
2447 3532 2947 3604 δημιουργήσαντος
2969 3544 2980 3554 ·
3048 3526 3160 3580 ἀλλ’
3213 3522 3420 3592 ἀγαθοῦ
3474 3520 3668 3574 δούλου

2082 3628 2280 3698 τρόπον
2324 3623 2548 3687 τελέσας
2596 3620 2859 3675 ἀπνευστὶ
2900 3618 3000 3688 τῆς
3042 3616 3250 3687 ἡμέρας
3295 3614 3386 3666 τὸν
3438 3612 3665 3683 δρόμον,

2082 3719 2357 3790 ἀναχωρεῖ
2385 3732 2448 3785 γε
2474 3708 2509 3788 ᾖ
2541 3714 2704 3785 νόμος
2740 3709 2890 3782 αύτῷ
2927 3708 3128 3779 σπουδῇ
3161 3705 3564 3779 κρυπτόμενος,
3592 3706 3667 3767 ὡς

2082 3809 2148 3864 ἂν
2175 3811 2236 3863 τὸ
2269 3811 2464 3862 οἰκεῖον
2498 3806 2693 3879 μέτρον
2715 3808 2749 3876 ἡ
2778 3804 2873 3870 νὺξ
2896 3800 3162 3872 ἀπολάϐῃ.

2154 3989 2220 4042 Τί
2246 3988 2288 4042 δ’
2318 3987 2381 4041 ἂν
2413 3984 2589 4048 εἴποις
2618 3981 2746 4055 περὶ
2767 3981 2868 4052 γῆς
2900 3997 2957 4033 τε
2987 3979 3081 4032 καί
3102 3977 3392 4047 Θαλάττης,
3422 3973 3497 4037 ὡς
3530 3974 3662 4029 Exae-

2086 4101 2208 4138 στον
2254 4080 2432 4135 αὐτῶν
2480 4080 2592 4151 ὅρῳ
2638 4077 2744 4130 τινί
2796 4073 3269 4146 περιγέγραπταις
3327 4068 3467 4123 Ἀλλ’
3518 4068 3663 4120 ἔστιν

2087 4175 2213 4228 ίδείν
2263 4173 2361 4243 τὴν
2404 4170 2673 4224 θάλατταν
2722 4164 3093 4238 κυρτουμένην
3138 4162 3235 4231 μὲν
3277 4162 3393 4224 τοῖς
3430 4159 3659 4229 κύμασι,

2082 4268 2231 4339 νόμῳ
2255 4266 2310 4319 δὲ
2342 4264 2442 4333 τῆς
2471 4261 2659 4330 ἐφόδου
2687 4257 3034 4328 κωλυομένην
3059 4272 3072 4284 ·
3104 4256 3197 4307 καὶ
3229 4253 3333 4305 ὑπὸ
3378 4253 3476 4323 μὲν
3504 4267 3662 4302 πνευ-

2087 4362 2270 4432 μάτων
2312 4357 2497 4428 βιαίων
2537 4352 2678 4408 κατά
2718 4351 2821 4423 γῆς
2864 4347 3200 4418 ὠθουμένην,
3249 4343 3402 4415 φόϐῳ
3458 4343 3514 4397 δὲ
3569 4341 3657 4396 τε]

2082 4453 2245 4523 νόμου
2281 4453 2359 4513 εἰς
2382 4447 2622 4500 τούπίσω
2650 4442 3063 4512 ἀνακλωμένηνι
3102 4438 3276 4492 καίτοι
3305 4454 3370 4505 γε
3392 4437 3495 4489 οὒκ
3533 4435 3657 4489 ἀδαυ

406 4530 636 4588 inundet
677 4538 903 4599 terram,
941 4539 996 4586 et
1022 4547 1134 4587 non
1176 4532 1395 4587 obediat
1441 4533 1653 4587 auctori
1686 4547 1805 4586 suo.
1840 4531 1976 4597 Quin

2120 4544 2336 4597 ,ἀντινον
2374 4541 2553 4609 τεῖχος
2580 4538 2716 4607 αύτῇ
2749 4534 2931 4606 βοηθεῖ
2956 4532 3091 4603 πρὸς
3117 4529 3178 4584 τὸ
3205 4529 3281 4600 μὴ
3307 4527 3499 4600 ῥεῦσαι
3525 4528 3658 4581 κατὰ

406 4625 519 4678 imo
553 4623 688 4679 satis
720 4630 806 4680 est
848 4623 1317 4694 propugnaculum
1366 4630 1525 4685 terrae
1567 4622 1828 4678 adversus
1866 4638 1976 4676 ma-

2120 4636 2178 4706 ῆς
2224 4634 2346 4703 γῆς,
2386 4632 2479 4685 καὶ
2519 4627 2808 4697 ἀπειθῆσαι
2854 4624 3003 4694 αὐτῷ
3042 4622 3120 4693 τῷ
3169 4625 3484 4691 ποιήσαντι.
3526 4620 3658 4674 Ἀλλ’

405 4731 466 4771 re
487 4716 716 4772 verbum
762 4716 884 4787 ejus
925 4717 1016 4787 qui
1064 4715 1216 4781 fecit,
1270 4726 1593 4787 coercetque
1622 4731 1821 4782 arena;
1849 4716 1981 4786 quin

409 4807 589 4876 potius
637 4808 723 4863 lex
774 4808 993 4864 cohibet
1032 4818 1085 4865 et
1129 4807 1266 4864 foris
1316 4809 1478 4865 ﬂatus
1526 4816 1816 4865 ventorum
1866 4810 1983 4863 vio-

405 4898 602 4964 lentos,
659 4908 714 4953 et
765 4899 916 4955 intus
964 4900 1258 4957 ﬂuxionem
1316 4916 1604 4972 aquarum,
1661 4905 1722 4954 ut
1777 4899 1980 4953 nullam

401 4998 614 5061 partem
641 4996 803 5046 terra:
831 4991 1059 5047 inundet
1084 5007 1226 5063 aqua
1252 4993 1423 5052 maris
1447 5011 1461 5056 ;
1493 5000 1546 5048 et
1569 5000 1837 5048 creaturae
1860 4994 1982 5062 qui-

401 5082 524 5139 dem
580 5081 770 5139 amica:
823 5089 877 5137 et
919 5089 1180 5154 tanquam
1230 5085 1372 5139 inter
1406 5099 1464 5138 se
1499 5100 1771 5154 germanae
1811 5100 1979 5139 unum

401 5188 529 5230 vere
562 5179 843 5229 auctorem
892 5173 1000 5229 sibi
1049 5173 1333 5228 ascribunt
1366 5187 1429 5226 ac
1466 5172 1810 5243 proﬁtentur.
1845 5171 1980 5239 Quis

400 5267 545 5321 enim
592 5279 833 5338 unquam
877 5264 1174 5319 historicus
1212 5263 1452 5334 scripsit,
1504 5264 1561 5318 in
1601 5264 1741 5318 coelo
1772 5271 1978 5317 motum

403 5357 573 5412 stella:
599 5356 656 5411 in
684 5356 902 5412 stellam
928 5354 1130 5410 factum
1154 5369 1275 5409 esse
1303 5373 1316 5409 :
1353 5354 1524 5409 autin
1548 5362 1697 5410 terra
1724 5353 1979 5408 animalia

403 5443 634 5499 alterum
665 5459 840 5515 genus
875 5458 1244 5513 oppugnasse,
1291 5449 1350 5496 ut
1390 5443 1567 5514 ipsum
1607 5443 1855 5499 delerent
1886 5450 1981 5497 aut

404 5530 521 5604 ipsa
544 5543 735 5589 contra
758 5535 1100 5591 delerentur?
1126 5532 1230 5589 Sed
1257 5534 1439 5602 potius
1461 5551 1807 5606 quaecunque
1832 5535 1979 5589 aliud

404 5622 463 5675 in
490 5621 638 5676 aliud
665 5624 958 5679 incurrunt
984 5632 1041 5681 et
1070 5624 1366 5686 invadunt,
1400 5627 1672 5695 sapientia
1694 5626 1978 5683 Creatoris

406 5717 671 5766 statutum
719 5722 806 5770 est
861 5714 987 5779 hoc,
1041 5718 1104 5769 ut
1156 5730 1276 5785 qua:
1311 5716 1588 5772 abundant
1648 5734 1979 5775 consuman-

408 5809 503 5854 tur
528 5817 543 5863 ;
572 5816 693 5869 quae
726 5811 780 5860 et
807 5820 930 5861 esse
959 5815 1011 5864 et
1040 5806 1312 5872 consumi,
1349 5816 1638 5882 utrumque
1666 5811 1977 5867 hominibus

413 5888 656 5957 prodest.
1216 5927 1241 5940 ..
1656 5901 1660 5905 '

2084 4728 2244 4798 ἀρκεί
2280 4723 2563 4797 περίϐολον
2613 4717 2753 4775 εἶναι
2796 4721 2863 4789 τῇ
2894 4719 2962 4787 γῇ
3013 4714 3149 4786 πρὸς
3186 4714 3286 4784 τὴν
3330 4713 3602 4768 θάλατταν
3629 4712 3657 4763 ὁ

2082 4818 2236 4887 λόγος
2266 4815 2360 4870 τοῦ
2395 4816 2737 4887 ποιήσαντος,
2782 4810 2875 4864 καὶ
2913 4808 3138 4878 ψάμμος
3184 4806 3429 4875 κατέχει,
3467 4806 3657 4877 μᾶλλον

2081 4909 2139 4964 δὲ
2166 4909 2329 4979 νόμος
2375 4907 2581 4977 ἐπέχει,
2619 4905 2714 4959 καὶ
2749 4903 2869 4974 βίαν
2908 4900 3018 4954 τῶν
3065 4898 3263 4964 ἔξωθεν
3312 4900 3655 4970 πνευμάτων,

2082 5000 2178 5054 καὶ
2199 5000 2352 5071 ῥύσιν
2385 4999 2615 5063 ὑδάτων,
2642 4997 2783 5050 ὥστε
2812 4997 2904 5049 καὶ⁹
2943 4995 3107 5066 μηδὲν
3133 4994 3233 5063 τῆς
3261 4993 3366 5063 γῆς
3397 4990 3659 5044 κατακλυ-

2084 5092 2273 5164 σθῆναι
2296 5108 2309 5121 ⁸
2349 5091 2443 5144 καὶ
2490 5088 2621 5159 φίλα
2660 5104 2724 5157 γε
2761 5087 2835 5151 ὡς
2873 5087 3122 5158 ἀλλήλοις
3158 5081 3297 5138 εἶναι
3338 5083 3551 5153 ἀδελφά
3573 5082 3657 5152 δηι-

2086 5184 2492 5254 μιουργήματα,
2543 5181 2639 5234 ἕνα
2689 5178 2826 5250 πρὸς
2878 5176 3134 5247 ἀλήθειαν
3178 5176 3269 5227 τὸν
3328 5172 3657 5245 δημιουργὸν

2082 5274 2519 5346 ἐπιγραφόμενα.
2555 5272 2653 5336 Τίς
2678 5271 2787 5342 γὰρ
2822 5270 3071 5341 ἱστόρησε
3098 5265 3343 5328 πώποτε,
3381 5265 3464 5329 ὡς
3490 5267 3548 5317 ἐν
3572 5265 3655 5316 ού-

2086 5366 2231 5437 ρανῷ
2268 5366 2366 5437 μὲν
2397 5367 2571 5437 ἀστὴρ
2611 5365 2801 5437 ἀστέρι
2847 5360 3139 5431 ἐπανέστη,
3175 5359 3269 5412 ἐπὶ
3310 5359 3417 5428 γῆς
3458 5357 3517 5411 δὲ
3550 5356 3655 5421 ζῶα

2083 5458 2254 5529 ἑτέρῳ
2277 5458 2424 5526 γένει
2455 5458 2531 5511 διε
2540 5457 2831 5528 μαχέσατο,
2856 5454 2933 5517 ὡς
2956 5451 3233 5521 ἐξαλεῖψαι
3258 5450 3444 5513 τοῦτο,
3478 5450 3512 5520 ἦ
3541 5448 3656 5501 τοῦ·

2082 5549 2293 5601 ναντίον
2344 5547 2762 5617 ὲξαλειφθῆναι;
2809 5543 2972 5598 una:
3028 5542 3123 5596 καὶ
3172 5542 3273 5595 ὅσα
3333 5540 3466 5595 ἄλλο
3518 5538 3656 5607 ἄλλῳ

2082 5638 2282 5705 ἔπεισι,
2312 5642 2405 5693 καὶ
2447 5639 2620 5694 ταῦτα
2665 5639 2826 5708 σοφίᾳ
2868 5635 2963 5689 τοῦ
2996 5633 3340 5705 Δημιουργοῦ
3374 5629 3651 5701 νενομοθέ-

2081 5749 2260 5801 τηται,
2292 5730 2352 5785 τὸ
2381 5730 2667 5797 πλεονάζον
2688 5730 2865 5785 αὐτῶν
2897 5727 3348 5799 παραναλίσκειν,
3375 5718 3453 5780 ὧν
3479 5726 3570 5778 καὶ
3595 5717 3649 5775 τὸ

2084 5819 2218 5877 εἶναι
2245 5821 2339 5877 καὶ
2366 5820 2424 5876 τὸ
2452 5820 2783 5875 δαπανᾶσθαι
2824 5817 2964 5889 ὑπὲρ
2997 5815 3300 5888 ἀνθρώπων
3330 5815 3583 5884 ἑκάτερα.
