3824 6140
213 380 357 437 ηοει

1282 389 1653 446 ADVERSUS
1691 390 2115 449 MANICILEOS
2151 392 2278 447 LIB.
2320 392 2381 449 II.

3323 370 3463 453 1266

286 495 349 548 Εἰ
382 494 438 549 δέ
468 514 550 561 τις
583 496 725 551 ἔλθοι
756 497 833 570 τῷ
864 499 1005 571 λόγῳ
1043 502 1135 557 καὶ
1170 503 1307 575 πρὸς
1345 506 1514 571 αὑτὰς
1544 506 1652 561 τῶν
1692 526 1796 562 σω-

1968 508 2026 563 Si
2065 509 2190 580 quis
2240 516 2419 563 autem
2457 508 2521 562 ad
2556 508 2671 578 ipsa
2710 507 2977 578 principia
3011 524 3300 580 corporum
3331 527 3467 565 con-

210 583 402 659 μάτων
440 586 539 650 τὰς
581 588 775 661 ἀρχὰς.
812 591 907 643 καί⁵
948 591 1183 664 τέτταρα
1223 593 1323 665 μὲν
1379 600 1615 667 στοιχεῖα
1657 616 1791 653 κατ-

212 675 335 740 τδοι,
358 679 427 749 τῇ
456 678 501 731 δ’
526 680 858 754 ὲναντιότητι
884 683 1020 755 πρὸς
1044 686 1362 756 συμφωνίαν
1393 689 1789 762 κεραννύμενα,

205 768 374 823 πλέον
408 769 474 825 ἂν
510 772 809 846 ἐκπλαγείη
850 774 957 828 τῶν
996 776 1164 831 ὄντων
1198 778 1298 852 τὴν
1343 783 1682 851 συμφωνίαν,
1717 782 1792 848 ὼς

206 862 304 931 ἀφ’
332 862 449 926 ἑνός
476 880 539 932 γε
567 865 799 935 ἐχόντων
828 868 921 920 καὶ
948 868 1107 938 μόνου
1135 869 1197 922 τὸ
1231 866 1371 924 ε’ίναι
1398 889 1412 902 ο
1444 872 1653 940 τούτοις
1684 875 1793 947 γὰρ

206 956 243 1021 ὴ
278 956 591 1027 ἐναντιότης
618 957 799 1027 φιλίας
836 960 1056 1034 ἀφορμή
1078 977 1093 991 ⁸
1130 963 1225 1015 καὶ
1255 963 1316 1016 τὸ
1353 964 1658 1036 μαχόμενον
1692 966 1793 1037 τῆς

208 1042 428 1112 φύσεως
467 1047 649 1109 αὐτοῖς
692 1050 914 1121 εἰρήνης
960 1052 1061 1122 τῆς
1106 1054 1369 1108 ἀνωτάτω
1410 1057 1727 1126 παραίτιον
1756 1058 1792 1112 ἃ

201 1133 270 1206 δὴ
301 1136 542 1209 τέσσαρα
579 1138 677 1207 μέν
716 1140 863 1192 ἐστιν
908 1141 1147 1213 ἀριθμῷ,
1178 1142 1237 1199 ἓν
1276 1144 1332 1198 δὲ
1381 1147 1789 1218 συνερχόμενον.

202 1228 425 1284 Μᾶλλον
454 1230 510 1284 δὲ
558 1234 653 1287 καὶ
697 1234 941 1306 ἀλλήλων
988 1236 1313 1308 ὲπιδεόμενα
1361 1240 1499 1305 πρὸς
1545 1240 1605 1294 τὸ
1653 1236 1791 1295 εἶναι

201 1323 345 1393 αὐτῇ
376 1340 439 1391 γε
480 1326 546 1396 τῇ
580 1327 916 1398 ὲναντιότητι
958 1328 1207 1402 ἀλλήλοις
1253 1333 1666 1405 ἐπικουροῦντα,
1701 1336 1792 1389 καὶ

206 1414 267 1467 ὲν
295 1413 544 1484 ἀλλήλοις
572 1418 944 1488 κρυπτόμενα,
974 1420 1066 1473 καί
1098 1420 1164 1473 δι’
1194 1420 1438 1493 ἀλλήλων
1470 1426 1786 1496 φαινόμενα·

206 1506 404 1578 μικρὸν
442 1508 539 1579 μὲν
560 1500 656 1562 οὖν
697 1511 893 1575 εἰπεῖν,
923 1510 1000 1575 ὡς
1037 1513 1099 1565 οὑ
1143 1512 1470 1586 ψυχρίζεται
1504 1516 1562 1569 τὸ
1593 1518 1790 1588 θερμὸν

202 1597 313 1651 ὑπὸ
340 1596 433 1651 τοῦ
475 1598 707 1672 ψυχροῦ,
737 1603 859 1655 οὑδὲ
892 1603 1126 1673 ἐσϐέσθη
1158 1606 1263 1659 ὑπὸ
1302 1606 1395 1660 τοῦ
1435 1608 1600 1681 ὑγροῦ
1625 1627 1637 1639 ·
1671 1611 1789 1663 οὐδὲ

201 1689 551 1761 κατεφλέχθη
589 1692 685 1761 μὲν
721 1694 782 1745 τὸ
815 1692 977 1765 ξηρὸν
1020 1696 1125 1748 ὑπὸ
1157 1696 1250 1749 τοῦ
1292 1699 1481 1769 πυρὸς,
1520 1701 1786 1772 κατελύθη

200 1780 261 1834 δὲ
288 1782 392 1836 ὑπὸ
416 1784 510 1837 τοῦ
539 1786 706 1856 ὑγροῦ
725 1804 737 1816 ·
773 1788 1031 1852 σύστασις
1052 1792 1160 1860 γὰρ
1182 1790 1425 1861 ἀλλήλων
1460 1794 1633 1846 ταῦτα
1662 1795 1789 1847 θαυ-

1897 600 2189 659 sideranda
2225 602 2430 666 veniat,
2458 608 2513 656 et
2548 607 2783 672 quatuor
2826 601 3093 656 elementa
3134 603 3466 674 contemple-

1894 701 2005 763 tur,
2029 693 2485 765 quemadmodum
2512 709 2702 751 eorum
2725 695 3059 764 conspiratio
3080 709 3147 749 ac
3165 705 3464 750 concentus

1894 801 1962 841 ex
1991 785 2286 841 contrariis
2326 784 2601 855 pendeat;
2636 786 2809 854 magis
2853 783 3088 854 stupebit
3135 799 3465 839 consensum

1894 893 2102 945 rerum,
2136 886 2195 932 ut
2235 893 2356 949 quae
2410 878 2479 931 ab
2525 893 2633 931 uno
2682 884 2736 932 et
2789 877 2905 933 solo
2946 877 3051 931 hoc
3091 875 3272 947 ipsum
3319 877 3466 947 quod

1895 979 2047 1034 sunt,
2086 971 2325 1025 habeant
2372 989 2386 1026 :
2432 971 2487 1024 in
2516 970 2602 1025 his
2631 969 2774 1025 enim
2807 977 3041 1041 quatuor
3072 969 3375 1034 elementis,
3409 968 3467 1023 id

1894 1063 2041 1137 quod
2072 1062 2406 1120 contrarium
2441 1070 2546 1129 est,
2574 1062 2829 1117 amicitia:
2868 1077 3034 1117 causa
3062 1070 3188 1128 est;
3228 1069 3281 1115 et
3320 1061 3465 1133 quod

1894 1159 1950 1214 in
2003 1158 2083 1212 eis
2112 1163 2311 1211 natura
2345 1162 2570 1225 pugnat,
2603 1169 2871 1210 summam
2916 1168 3104 1225 pacem
3142 1153 3269 1208 facit
3300 1172 3314 1218 ;
3347 1168 3468 1223 quae

1893 1247 2113 1320 quidem
2143 1253 2382 1317 quatuor
2413 1260 2642 1299 numero
2676 1251 2823 1310 sunt,
2859 1259 3029 1299 unum
3056 1260 3184 1299 vero
3228 1245 3465 1299 conflatur

1893 1356 1957 1395 ac
1982 1353 2278 1394 concursu.
2307 1336 2451 1403 Quin
2478 1337 2660 1407 potius
2689 1353 2747 1392 se
2777 1336 2911 1407 ipsis
2941 1337 3080 1392 inter
3112 1350 3171 1391 se
3196 1336 3463 1406 indigent,

1892 1439 1953 1486 ut
1984 1431 2097 1487 sint
2129 1449 2145 1500 ;
2175 1437 2230 1485 et
2268 1429 2385 1499 ipsa
2424 1438 2622 1484 natura
2644 1429 2905 1483 contrarii
2941 1444 3001 1483 se
3033 1428 3275 1483 vicissim
3310 1428 3465 1497 adju-

1890 1532 2041 1588 vant,
2088 1530 2143 1578 et
2180 1524 2234 1577 in
2289 1537 2349 1578 se
2400 1522 2538 1593 ipsis
2586 1522 2729 1577 inter
2766 1537 2826 1577 se
2870 1521 3050 1576 abdita
3092 1531 3240 1586 sunt,
3279 1529 3333 1576 et
3370 1537 3465 1591 per

1893 1632 1952 1671 se
2000 1616 2118 1686 ipsa
2164 1616 2307 1671 inter
2340 1630 2399 1671 se
2428 1622 2734 1685 apparent;
2778 1624 2864 1682 et,
2901 1623 2961 1670 ut
3000 1614 3220 1685 paulum
3261 1614 3461 1675 dicam,

1890 1721 2070 1775 neque
2098 1705 2335 1761 calidum
2363 1705 2550 1776 frigidi
2581 1705 2784 1775 frigore
2811 1704 3072 1776 frigescit,
3105 1720 3206 1760 nec
3236 1704 3464 1759 humore
3554 1756 3559 1761 .

1890 1796 2099 1852 humidi
2148 1797 2518 1868 exstinguitur
2550 1814 2562 1848 :
2602 1813 2777 1867 neque
2803 1798 3011 1852 siccum
3050 1797 3120 1851 ab
3158 1797 3284 1866 igne
3312 1810 3467 1850 com-

205 1874 422 1945 μασίως
462 1877 824 1933 ἐνδιαιτᾶται·
864 1880 959 1933 καὶ
1005 1880 1151 1948 δόξαι
1188 1881 1253 1936 ἂν
1282 1882 1394 1955 πῦρ
1430 1885 1586 1955 μόνον
1617 1886 1697 1947 ὃν,
1727 1888 1785 1940 οὑ

1888 1886 2108 1941 bustum
2140 1895 2224 1945 est
2253 1927 2268 1952 ,
2302 1903 2403 1943 nec
2440 1888 2509 1942 ab
2545 1887 2767 1941 humido
2800 1886 3031 1942 humore
3053 1885 3354 1956 perfusum.
3384 1883 3463 1939 Ex

202 1964 392 2039 μέντοι
416 1967 539 2039 δίχα
566 1968 732 2041 ὑγροῦ
762 1971 856 2024 καὶ
898 1970 1083 2041 ξηροῦ,
1118 1967 1198 2035 οἷς
1221 1989 1282 2039 γε
1311 1974 1641 2044 τρεφόμενον
1673 1976 1784 2029 δια-

197 2056 445 2128 λάμπει³
493 2059 681 2133 ὥσπερ
728 2062 823 2114 καὶ
864 2061 931 2114 τά
976 2061 1108 2116 ἄλλα
1138 2063 1386 2135 ἀλλήλοις
1428 2065 1630 2119 ἔνεστιν
1674 2068 1781 2138 ἁφῇ

201 2150 366 2220 μόνον
390 2152 722 2223 ἐμφαίνοντα
757 2153 857 2225 τὴν
887 2154 1254 2224 ἐναντιότητα,
1276 2157 1415 2209 οὑτω
1454 2157 1637 2227 μέντοι
1664 2159 1785 2227 φιλ-

199 2242 437 2314 άλληλα,
493 2244 569 2309 ὡς
630 2246 885 2317 οὐδεμίαν
941 2247 1235 2316 διαφωνίαν
1308 2248 1449 2319 ἔχειν
1503 2250 1780 2305 δοκοῦντα.

196 2334 388 2390 Ταῦτα
407 2336 463 2388 δὲ
489 2336 584 2408 τὴν
612 2339 848 2410 ἄρρητον
880 2342 1068 2409 σοφίαν
1090 2341 1348 2413 κηρύττει
1372 2345 1464 2396 καὶ
1492 2344 1779 2398 σιωπῶντα

192 2426 293 2480 τοῦ
337 2429 455 2492 ἑνὸς
487 2430 805 2501 άγεννήτου,
848 2434 937 2503 ὑφ’
981 2428 1042 2488 οὗ
1090 2434 1154 2504 δὴ
1208 2436 1303 2488 καὶ
1341 2437 1606 2507 γενόμενα
1657 2455 1780 2492 συν-

195 2519 443 2592 εκράθη*
484 2524 545 2577 οὑ
588 2523 694 2597 γὰρ
723 2524 787 2596 δὴ
837 2525 996 2596 σῶμα
1046 2526 1244 2595 γένοιτ’
1277 2526 1343 2581 ἂν
1385 2528 1444 2595 ἐξ
1477 2528 1593 2592 ἑνός
1637 2546 1779 2594 τινος

195 2616 296 2670 καὶ
321 2615 492 2670 ἁπλοῦ
528 2618 821 2689 στοιχείου·
865 2622 1059 2693 κράσει
1091 2623 1199 2694 γὰρ
1233 2621 1457 2691 συσταίη
1490 2620 1556 2675 ἂν
1597 2622 1775 2694 σῶμα.

194 2705 338 2759 Ποία
368 2708 425 2761 δὲ
471 2710 666 2781 κρᾶσις
718 2710 884 2782 ξηροῦ
936 2714 1028 2765 καὶ¹
1082 2713 1280 2784 μόνους
1331 2712 1458 2767 ποία
1498 2711 1687 2784 ὑγροῦ,
1732 2714 1780 2766 εἰ

196 2797 322 2851 καθ’
348 2799 510 2852 ἑαυτὸ
537 2799 827 2871 τυγχάνει;

1887 1979 1975 2052 his
2001 1980 2145 2034 enim
2189 1980 2332 2034 inter
2357 1994 2417 2034 se
2451 1979 2749 2034 constituta
2782 1986 2931 2043 sunt,
2961 1989 3015 2033 et
3045 1977 3378 2040 consistunt,
3410 1986 3464 2032 et

1887 2071 1946 2125 in
1978 2086 2037 2126 se
2072 2071 2210 2141 ipsis
2238 2071 2562 2127 mirabiliter
2593 2072 2782 2126 insunt
2834 2087 2847 2122 :
2890 2084 2955 2124 ac
2994 2070 3213 2141 putabis
3244 2068 3461 2140 quidem

1886 2165 2064 2220 solum
2112 2166 2294 2235 ignem
2340 2179 2486 2228 esse,
2531 2179 2642 2219 non
2679 2173 2858 2218 tamen
2900 2162 3108 2231 absque
3154 2160 3381 2216 humido
3410 2167 3464 2215 et

1887 2255 2057 2321 sicco,
2089 2254 2290 2326 quibus
2323 2253 2542 2323 quidem
2582 2254 2748 2307 alitur
2774 2263 2825 2308 et
2855 2252 3105 2324 splendet
3142 2272 3154 2307 :
3189 2251 3331 2307 sicut
3359 2251 3463 2304 alia

1884 2346 1943 2401 in
1970 2361 2031 2402 se
2064 2346 2199 2416 ipsis
2247 2346 2460 2411 insunt,
2489 2353 2640 2401 tactu
2666 2353 2896 2399 tantum
2930 2345 3269 2400 contrarium
3320 2343 3463 2398 indi—

1886 2436 2069 2491 cantia
2100 2454 2116 2503 ;
2160 2436 2259 2491 sic.
2291 2443 2474 2491 tamen
2522 2436 2627 2492 sibi
2667 2436 2811 2491 inter
2840 2450 2898 2491 se
2941 2434 3136 2498 amica,
3163 2440 3224 2488 ut
3253 2432 3459 2488 nullam

1883 2526 2213 2584 discordiam
2247 2528 2453 2584 habere
2485 2527 2798 2583 videantur.
2844 2526 2971 2582 llaec
3012 2532 3197 2582 autem
3237 2524 3462 2581 silentio

1884 2620 2187 2691 praedicant
2225 2619 2601 2674 admirabilem
2643 2618 2806 2674 unius
2850 2617 3079 2688 ingeniti
3112 2615 3459 2685 sapientiam,

1885 2727 1917 2766 a
1946 2726 2056 2782 quo
2086 2710 2230 2766 facta
2268 2719 2457 2781 postea
2495 2717 2751 2765 concreta
2798 2725 2862 2765 ac
2894 2710 3056 2766 mista
3114 2715 3245 2765 sunt
3294 2725 3309 2762 :
3346 2720 3458 2761 non

1886 2804 2034 2858 enim
2066 2819 2267 2873 corpus
2305 2819 2375 2859 ex
2402 2820 2511 2859 uno
2540 2804 2797 2874 quopiam
2829 2810 2885 2860 et
2912 2800 3149 2873 simplici
3186 2799 3459 2857 elemento

196 2895 320 2979 lielji
345 2902 523 2967 potest
550 2913 563 2950 τ
599 2897 855 2953 mistione
876 2899 1023 2965 enim
1050 2907 1105 2954 et
1131 2901 1481 2956 concretione
1501 2901 1769 2955 conflatur
1796 2914 2017 2971 corpus.
2050 2899 2183 2966 Qua:
2215 2905 2398 2954 autem
2448 2899 2726 2955 concretio
2759 2913 2825 2955 ac
2870 2897 3056 2955 mistio
3103 2912 3228 2955 esse
3284 2896 3460 2967 possit

196 2992 335 3050 sicci
363 2986 617 3047 tantum?
648 3008 768 3063 qua:
801 2995 1009 3051 humidi
1041 2996 1260 3052 solum?

1104 3091 1232 3145 CAP.
1276 3089 1559 3145 XXXVIII.
1597 3091 1839 3145 Yarietas
1869 3090 1929 3143 in
1964 3090 2230 3143 creatione
2261 3090 2580 3145 necessaria.

270 3182 482 3238 Οὐκοῦν
521 3185 796 3255 ἀναγκαία
824 3190 858 3257 ή
889 3185 1130 3240 ποικιλία
1162 3188 1296 3259 πρὸς
1320 3188 1419 3259 τὴν
1450 3188 1569 3252 ἐνὸς
1599 3187 1786 3259 σώμα-

1894 3224 1905 3227 η
1959 3183 2130 3254 lgitur
2188 3186 2502 3241 necessaria
2576 3191 2664 3240 est
2726 3184 2965 3241 varietas
3013 3185 3084 3243 ad
3147 3188 3461 3247 mistionem

194 3292 291 3339 τος
313 3278 512 3346 κρᾶσιν
532 3297 545 3310 ·
578 3278 852 3348 ἀναγκαία
884 3279 941 3332 δὲ
974 3281 1006 3350 ὴ
1038 3280 1242 3334 τούτων
1279 3280 1590 3351 ἐναντιότης
1628 3282 1780 3333 ὲπει-

195 3367 406 3441 γομένη
447 3369 584 3442 πρὸς
611 3371 840 3443 ἑνότητα
865 3374 947 3435 εἰς
985 3372 1170 3443 θαῦμα
1197 3372 1292 3426 τοῦ
1339 3372 1780 3445 δημιουργήσανρ

194 3475 324 3523 τοςο
351 3459 510 3514 ἆτινα
553 3462 614 3515 ού
644 3462 859 3532 πρῶτον
893 3463 1015 3518 καθ’
1046 3464 1216 3517 ἑαυτὰ
1260 3464 1512 3536 συνέστη,
1556 3465 1649 3519 καὶ
1688 3464 1781 3518 ob-

193 3566 310 3613 τως
359 3551 638 3623 συνῆλθεν·
691 3552 829 3607 ἀλλὰ
873 3552 970 3625 τὴν
1019 3554 1231 3623 γένεσιν
1272 3554 1369 3608 σὺν
1412 3554 1655 3625 ἀλλήλοις
1689 3554 1782 3609 λα-

196 3640 386 3708 ϐόντα,
419 3644 515 3698 καὶ
554 3644 672 3716 ἃμα
710 3645 996 3716 γενόμενα,
1019 3649 1137 3710 ταῖς
1169 3646 1453 3718 αἰσθήσεσι
1498 3647 1739 3719 διεκρίθη
1763 3666 1776 3679 ·

196 3732 455 3805 σώματος
479 3738 589 3808 γὰρ
612 3738 965 3804 ὑποστάντος,
1004 3740 1100 3793 καὶ
1123 3738 1280 3807 λόγος
1309 3738 1405 3792 καὶ
1431 3738 1556 3802 νοῦς
1580 3738 1782 3811 διέκρι-

195 3843 290 3880 νεν
315 3827 563 3899 αἰσθήσει
594 3827 663 3882 τὰ
689 3831 1030 3901 συνημμένα.
1059 3830 1223 3883 Ὥστε
1256 3829 1460 3883 τούτων
1489 3828 1714 3901 ὕστερον
1747 3831 1781 3899 ἡ

196 3919 512 3990 ἐναντιότης
548 3921 806 3993 ἐφωράθη
848 3925 916 3993 τῇ
948 3922 1198 3993 αἰσθήσει
1235 3921 1329 3975 τοῦ
1354 3922 1648 3993 γενομένου
1675 3921 1782 3976 σώ-

200 4026 393 4080 ματος,
435 4012 573 4082 ὅπερ
619 4012 679 4077 ὲξ
724 4014 904 4067 αὐτῶν
954 4014 1091 4083 πρὸς
1130 4013 1192 4067 τὸ
1230 4009 1367 4068 εῖναι
1424 4013 1689 4085 [συνέστη
1722 4033 1782 4069 τε

197 4103 299 4157 sui.
328 4104 717 4174 συγκέκραται,
758 4107 820 4159 οὑ
855 4105 1119 4177 πρότερον
1151 4108 1515 4178 γενομένωνῆ
1552 4107 1685 4160 αὑτὸ
1721 4108 1784 4160 τὸ

200 4192 393 4264 σῶμα,
448 4194 585 4248 ἀλλὰ
623 4196 719 4249 σὺν
761 4196 909 4267 αὑτῷ
971 4195 1181 4268 ἀρχὴν]
1216 4196 1485 4250 λαϐόντων
1521 4196 1657 4267 (48).
1689 4197 1784 4259 Τίς

196 4283 268 4338 ἂν
324 4284 459 4355 πρὸς
503 4284 660 4351 ἀξίαν
719 4286 1061 4357 θαυμάσειε,
1108 4289 1209 4360 τήν
1276 4304 1336 4340 τε
1400 4288 1629 4358 δύναμιν
1689 4288 1782 4341 τοῦ

194 4376 563 4449 Δημιουργοῦ,
600 4378 690 4431 καὶ
721 4378 818 4449 τὴν
855 4378 1172 4450 συμφωνίαν
1212 4378 1323 4432 τῶν
1357 4379 1680 4449 γινομένων,
1709 4379 1783 4443 ὡς

194 4466 389 4537 ἄμαχα
432 4468 527 4520 καὶ
570 4470 820 4539 εἰρηναῖα
848 4470 916 4523 τὰ
960 4471 1158 4534 πάντα,
1207 4468 1363 4542 πλήνο
1386 4486 1450 4539 γε
1483 4469 1785 4542 ἀνθρώπων

194 4558 414 4622 ἀδικίας
437 4575 451 4623 ;

279 4650 531 4723 Ἐστήκει
564 4649 655 4706 οῦν
703 4655 736 4724 ἡ
781 4653 1107 4726 δημιουργία
1151 4655 1434 4725 σύμπασα,
1478 4670 1773 4728 κινουμένη

197 4743 303 4814 μὲν
330 4742 428 4815 τὴν
460 4745 595 4799 ἰδίαν
623 4748 717 4800 καὶ
748 4745 1008 4800 εῦτακτον
1047 4748 1281 4817 κίνησιν,
1306 4749 1561 4819 ἀκίνητον
1588 4751 1645 4803 δὲ
1668 4750 1779 4804 δια-

190 4832 439 4903 τηροῦσα
469 4834 560 4888 τὸν
598 4836 683 4904 ἐφ’
712 4836 877 4906 ἑαυτῇ
910 4835 1006 4889 τοῦ
1046 4838 1407 4908 πεποιηκότος
1434 4838 1619 4907 νόμον.
1668 4838 1777 4891 Καὶ

189 4925 282 4989 τίς
305 4924 371 4979 ἂν
398 4924 623 4989 θέλοιτο,
651 4929 702 4981 εἰ
731 4928 830 4992 τὰς
868 4929 1149 4999 αἰσθήσεις
1184 4928 1416 4997 ὑγιαίνοι
1443 4930 1542 4998 τῆς
1573 4929 1772 4999 ψυχῆς,

189 5013 398 5070 τούτων
422 5015 594 5081 οὕτως
618 5017 872 5087 ἐχόντων,
911 5019 1004 5073 καὶ
1033 5018 1113 5072 ἔτι
1154 5018 1537 5091 ἀναριθμήτων
1578 5018 1774 5082 ἄλλων,

189 5108 230 5163 ἃ
262 5109 440 5161 πάντα
469 5108 594 5163 νοῦν
627 5109 965 5181 ὑπερϐαίνει.
996 5109 1161 5179 ἄλλην
1201 5109 1300 5179 μὲν
1329 5109 1502 5181 ἀρχὴν
1530 5108 1607 5178 τῷ
1634 5109 1779 5179 λόγῳ

191 5199 421 5263 πλάσαι,
452 5202 761 5273 ἀντεγεῖραι
792 5202 848 5255 δὲ
876 5202 1080 5271 ταύτην
1119 5202 1448 5265 άπεναντίας
1481 5200 1574 5255 τοῦ
1614 5202 1779 5272 μόνου

194 5293 489 5364 Ξιγεννήτου
541 5293 711 5357 Esau;
747 5294 1042 5365 Σύμφωνον
1088 5293 1188 5363 μὲν
1232 5293 1342 5365 γὰρ
1392 5294 1486 5347 καὶ
1530 5293 1778 5365 ἀπαράλ-

190 5381 394 5436 λακτον
421 5383 597 5455 ἀρχὴν
631 5383 1048 5455 όνειροπολῆσαι
1076 5384 1353 5453 περιττὸν,
1375 5385 1474 5454 τῆς
1512 5386 1640 5454 μιᾶς
1672 5385 1773 5455 ἀρ-

190 5467 431 5542 κούσηςο
491 5473 739 5526 ἐναντίαν
784 5474 841 5527 δὲ
888 5474 1245 5537 ὑποπτεῦσαι,
1297 5475 1472 5545 πάντη
1531 5473 1777 5545 μανικὸν,

194 5564 309 5617 τῶν
338 5564 476 5618 ὅλων
504 5566 954 5637 συμφωνούντων,
990 5567 1084 5620 καὶ
1112 5567 1355 5638 ποικιλίᾳ
1387 5569 1484 5638 μὲν
1509 5584 1780 5638 κεκοσμη-

198 5653 400 5726 μένων,
432 5657 596 5729 σοφίᾳ
625 5657 683 5710 δὲ
713 5657 808 5711 τοῦ
847 5661 1168 5730 ποιήσαντος
1208 5658 1269 5711 τὸ
1310 5658 1544 5730 χρηστὸν
1578 5658 1674 5711 καὶ
1716 5659 1779 5712 τὸ

1883 3275 2133 3346 corporis
2186 3294 2200 3331 :
2251 3278 2565 3331 necessaria
2611 3276 2739 3329 item
2787 3283 2981 3330 natura
3029 3282 3456 3349 contrariorum,

1881 3382 2003 3436 qua:
2032 3367 2086 3421 in
2110 3368 2356 3422 auctoris
2390 3367 2811 3423 admirationem
2841 3369 2909 3424 ad
2930 3374 3459 3442 coagmentationem

1880 3457 2045 3513 unius
2090 3464 2278 3529 urget:
2304 3473 2425 3528 quae
2453 3458 2674 3528 quidem
2699 3473 2810 3513 non
2842 3459 3076 3529 primum
3115 3477 3214 3532 per
3242 3478 3300 3517 se
3341 3464 3458 3519 sola

1882 3553 2174 3609 constituta
2192 3560 2340 3616 sunt,
2365 3557 2527 3622 atque
2544 3552 2619 3607 ita
2634 3552 2883 3608 coierunt
2903 3571 2917 3621 ;
2939 3552 3035 3609 sed
3056 3562 3236 3609 ortum
3252 3557 3459 3625 pariter

1882 3645 2026 3699 inter
2049 3660 2110 3699 se
2143 3644 2411 3714 capientia
2430 3683 2447 3708 ,
2476 3651 2531 3698 et
2562 3644 2725 3697 simul
2753 3651 2813 3698 ut
2841 3644 2986 3699 facta
3013 3652 3163 3712 sunt,
3203 3647 3458 3704 sensibus

1884 3742 2012 3790 sunt
2050 3735 2368 3805 dijudicata.
2409 3733 2545 3789 Cum
2591 3735 2737 3789 enim
2781 3749 2983 3806 corpus
3012 3752 3111 3809 per
3138 3753 3199 3795 se
3222 3740 3455 3804 exstitit,

1883 3829 2027 3884 ratio
2057 3835 2112 3883 et
2145 3844 2302 3884 mens
2332 3828 2627 3898 conjuncta
2659 3838 2713 3883 et
2740 3838 3020 3893 concreta,
3053 3845 3219 3886 sensu
3249 3829 3459 3887 discer-

1882 3921 1987 3975 nit.
2035 3918 2402 3986 Quamobrem
2448 3928 2643 3974 natura
2683 3922 3084 3977 contrariorum
3132 3931 3324 3992 postea
3362 3923 3459 3978 de-

1882 4012 2149 4082 prehensa
2173 4020 2258 4067 est
2290 4026 2455 4067 sensu
2480 4014 2751 4083 corporis,
2785 4014 2930 4084 quod
2956 4031 3022 4070 ex
3056 4016 3193 4086 ipsis
3224 4031 3458 4073 concre-

1883 4108 1999 4155 tum
2053 4109 2110 4155 et
2148 4108 2506 4171 temperatum
2551 4110 2656 4156 est.
2703 4102 2835 4167 Qua:
2882 4102 3102 4171 quidem
3152 4118 3260 4158 non
3306 4103 3460 4174 prius

1884 4201 2036 4256 sunt,
2068 4208 2232 4264 quam
2268 4209 2469 4263 corpus
2510 4194 2686 4263 ipsum
2718 4212 2732 4261 ;
2763 4194 2859 4249 sed
2895 4196 3058 4249 simul
3081 4211 3204 4249 cum
3229 4211 3293 4252 eo
3321 4197 3460 4254 inci-

1885 4286 2041 4355 piunt
2072 4301 2216 4340 esse.
2247 4284 2382 4351 Quis
2420 4286 2582 4355 digne
2612 4300 2676 4339 ac
2702 4295 2962 4351 meretur,
2994 4286 3252 4341 admirari
3280 4298 3462 4357 potest

1885 4386 2209 4449 potestatem
2236 4377 2536 4440 Creatoris,
2571 4386 2627 4431 ct
2656 4378 3008 4433 concordiam
3041 4392 3105 4432 ac
3132 4386 3458 4434 concentum

1886 4471 2303 4526 creaturarum?
2324 4471 2485 4539 quam
2518 4471 2573 4523 in
2607 4485 2740 4539 pace
2763 4471 2873 4523 sint
2900 4478 2954 4524 et
2980 4470 3103 4525 sine
3130 4484 3312 4541 pugna
3340 4484 3459 4526 omo

1809 4545 1852 4598 ί)
1881 4561 1994 4622 nia,
2018 4570 2239 4630 excepta
2282 4561 2546 4628 injustitia
2575 4560 2853 4614 hominum
2878 4560 2901 4613 ’ἰ

1954 4651 2245 4706 Permanet
2290 4653 2454 4721 igitur
2483 4666 2548 4704 ac
2586 4658 2898 4720 perseverat
2934 4650 3115 4705 omnis
3161 4648 3369 4705 fabrica
3398 4652 3457 4706 in

1885 4759 1986 4799 suo
2013 4752 2066 4798 et
2104 4744 2358 4798 ordinato
2389 4751 2561 4805 motu,
2595 4755 2931 4797 conservans
2971 4742 3026 4795 in
3056 4757 3116 4797 se
3145 4742 3455 4797 immutabi-

1884 4836 1989 4891 lem
2019 4835 2191 4906 legem
2226 4835 2487 4890 auctoris.
2523 4833 2727 4903 Ecquis
2754 4834 2904 4897 velit,
2935 4833 2983 4888 si
3028 4849 3225 4890 sensus
3263 4835 3459 4890 anima:

1886 4943 2054 4984 sanos
2099 4927 2319 4993 habeat,
2372 4942 2500 4981 cum
2544 4926 2662 4981 haec
2704 4927 2781 4979 ita
2824 4926 2956 4988 sint,
2985 4925 3041 4979 in
3092 4923 3305 4978 infinita
3350 4926 3459 4980 alia
3514 4984 3531 5005 δ

1883 5033 2007 5091 qua:
2047 5033 2265 5073 omnem
2315 5025 2551 5073 mentem
2601 5023 2885 5087 superant,
2933 5015 3081 5070 aliud
3126 5014 3462 5086 principium

1883 5112 2216 5183 cogitatione
2243 5112 2478 5182 tingere,
2503 5118 2557 5166 et
2599 5112 2704 5168 hoc
2737 5109 2840 5165 soli
2866 5107 2977 5164 Deo
3005 5108 3247 5180 ingenito
3283 5123 3461 5178 oppo-c

1883 5204 2060 5257 nere?
2104 5200 2357 5261 ‘Concors
2419 5202 2566 5256 enim
2625 5209 2679 5256 et
2725 5198 3074 5256 consentiens
3124 5198 3459 5270 principium

1882 5295 2158 5350 somniare
2212 5309 2615 5363 supervacuum
2656 5300 2761 5356 est,
2797 5307 2924 5347 cum
2963 5307 3132 5347 unum
3174 5290 3408 5346 suﬁciat
3435 5306 3459 5359 ς

1880 5386 2219 5440 contrarium
2245 5401 2377 5441 vero
2405 5385 2698 5457 suspicari,
2730 5383 2922 5439 furiosi
2951 5399 3179 5455 prorsus
3205 5392 3308 5447 est,
3332 5397 3459 5438 cum

1881 5478 2140 5533 universa
2189 5480 2332 5533 inter
2387 5493 2448 5533 se
2498 5476 2871 5541 consentiant,
2919 5476 3185 5532 varietate
3235 5475 3459 5547 quidem

1879 5578 2095 5635 ornata,
2130 5570 2189 5625 in
2244 5569 2446 5641 quibus
2490 5568 2755 5640 sapientia
2796 5568 2913 5624 veri
2960 5568 3199 5623 auctoris
3252 5566 3458 5622 factum

1879 5670 2010 5729 est,
2057 5669 2120 5717 ut
2176 5663 2385 5720 sanitas
2438 5671 2493 5719 et
2546 5660 2917 5733 tranquillitas
2959 5676 3082 5716 cum
3141 5659 3463 5717 austeritate

421 5770 861 5863 daddrzmr.|Eat
895 5772 1187 5863 interprete
1212 5774 1379 5863 liquet
1424 5773 1513 5830 hic
1546 5772 1747 5845 aliquid
1781 5774 1992 5835 deesse.
2025 5777 2202 5850 (Quod
2234 5796 2335 5838 nos
2363 5779 2705 5838 restituendo
2746 5795 2826 5863 es
2859 5778 3100 5851 ejusdem
3148 5774 3464 5846 interpretis

184 5841 454 5917 farsicut:
478 5842 639 5900 uncis
666 5842 1005 5901 inclusimus.
1045 5842 1227 5914 Εοιτ.)
