3782 6166
377 317 521 376 1207

1521 309 1657 365 τιτι
1695 307 2012 366 BOSTREN
2021 308 2124 365 SIS
2162 305 2460 364 EPISCOPI

3489 297 3631 356 ηοε

377 439 638 506 appareat
664 448 679 495 ;
711 431 840 500 quia
869 427 1048 482 omnis
1075 425 1320 482 suavitas
1348 424 1514 482 nimis
1543 441 1715 491 mera,
1746 441 1912 482 nocen

2055 425 2290 496 γαληνὸν
2335 426 2453 494 μετ’
2498 421 2812 494 ἐμϐριθείας
2857 418 3262 492 ἐμφαινόντωνο
3312 417 3390 484 ὡς
3439 418 3629 476 ἅπασα

373 537 462 585 est
513 533 570 582 et
618 523 829 578 ratione
862 520 1040 574 aliena
1097 538 1110 572 :
1163 518 1427 574 severitas
1485 533 1617 574 vero
1656 529 1711 573 et
1764 526 1949 574 auste-

374 617 514 674 ritas
540 616 679 679 sola,
714 613 1002 670 suavitatis
1041 626 1258 680 expers,
1294 610 1362 665 ad
1399 610 1670 666 feritatem
1696 619 1751 665 et
1789 610 1951 664 inhu-

373 711 697 765 manitatem
747 712 976 777 spectat.
1006 703 1308 773 Utrumque
1330 711 1510 758 autem
1534 703 1759 774 corrigit
1779 710 1832 757 et
1856 702 1952 758 de-

375 801 562 866 lectat,
596 799 867 855 exhilarat
892 803 946 852 et
975 795 1215 851 deterret
1249 814 1260 848 :
1305 793 1574 865 promittit
1601 795 1948 858 suavitatem,

376 899 430 947 et
477 891 716 944 minatur
758 895 1023 943 terrorem
1069 903 1083 940 :
1135 885 1412 955 protendit
1456 900 1608 954 spem
1655 884 1946 948 donorum,

375 996 431 1038 et
468 979 812 1038 subostendit
867 978 1166 1050 periculum
1213 979 1644 1049 suppliciorum;
1694 994 1764 1033 ne
1804 978 1945 1032 ratio

373 1089 565 1132 eorum
595 1074 688 1144 qui
733 1073 789 1127 in
831 1072 995 1128 terris
1025 1078 1336 1137 versantur,
1369 1069 1601 1125 mollitia
1639 1078 1696 1124 et
1727 1069 1950 1124 laxitate

375 1161 722 1232 propriarum
748 1174 931 1215 rerum
961 1159 1018 1214 iu
1054 1158 1323 1229 ignaviam
1357 1158 1744 1231 demergatur;
1775 1174 1950 1230 neque

376 1259 639 1322 perpetuo
683 1257 830 1306 metu
875 1265 1137 1320 percussa
1176 1265 1321 1305 caeca
1352 1247 1445 1304 ﬁat
1485 1269 1499 1306 :
1533 1248 1628 1306 sed
1663 1251 1847 1322 potius
1877 1264 1945 1305 ex

377 1348 609 1412 utraque
647 1349 802 1412 parte
843 1349 898 1396 et
948 1341 1012 1397 ad
1050 1341 1300 1396 timorem
1341 1339 1437 1396 Dei
1482 1348 1536 1396 et
1577 1337 1646 1396 ad
1689 1341 1944 1396 virtutem

377 1431 718 1488 instituatur.

2061 516 2160 589 μὲν
2187 515 2486 588 χρηστότης
2507 515 2740 584 ἄκρατος
2768 511 2910 577 λίαν,
2935 511 3232 584 ἐπιϐλαϐής
3266 528 3325 565 τε
3369 512 3464 565 καὶ
3501 511 3632 567 ἀλο-

2055 621 2183 677 γος’
2239 605 2523 678 ἐμϐρίθεια
2577 605 2631 658 δέ
2688 605 2781 658 καὶ
2837 602 3174 675 αὐστηρότης
3231 600 3351 656 καθ’
3405 603 3627 672 ἑαυτὴν,

2060 699 2424 770 χρηστότητος
2466 695 2786 768 ἀμοιροῦσα,
2826 693 2960 766 πρὸς
3005 694 3300 763 ἀγριότητα
3333 691 3430 746 καὶ
3457 692 3630 746 ἁπαν.

2059 789 2304 860 θρωπίαν
2345 789 2467 859 ὁρᾷ.
2530 788 2792 858 Ἑκάτερα
2815 785 2870 839 δέ
2907 783 3147 838 παιδεύει
3178 800 3238 836 τε
3279 784 3373 837 καὶ
3424 783 3627 854 ἡδύνει,

2057 881 2248 951 τέρπει
2290 897 2349 932 τε
2393 879 2486 932 καὶ
2534 877 2787 946 ἐκφοϐεῖ·
2831 875 3219 944 ἐπαγγέλλεται
3263 874 3627 945 χρηστότητα,

2053 971 2148 1023 καὶ
2178 970 2392 1024 ἀπειλεῖ
2437 970 2674 1041 φοϐερά·
2725 968 2992 1041 προτείνει
3041 965 3226 1038 δώρων
3274 965 3488 1028 ἐλπίδα,
3537 964 3630 1016 καὶ

2059 1064 2450 1134 παραδείκνυσι
2493 1061 2769 1133 τιμωριῶν
2811 1060 3051 1115 κίνδυνον
3073 1076 3084 1089 ·
3127 1056 3199 1123 ὡς
3224 1057 3288 1112 ἂν
3313 1060 3340 1111 ό
3367 1056 3630 1127 λογισμὸς

2053 1154 2162 1206 τῶν
2215 1153 2305 1207 ἐπὶ
2351 1153 2456 1222 γῆς
2505 1152 2931 1221 πολιτευομένων
2994 1151 3129 1222 μήτε
3175 1149 3460 1219 χαυνότητι
3519 1146 3633 1199 τῶν

2053 1241 2224 1312 ἡδέων
2258 1240 2669 1313 καταϐαπτισθῇ
2714 1242 2848 1311 πρὸς
2884 1241 3117 1311 ἄμετρον
3149 1238 3448 1311 ῥᾳστώνην,
3485 1238 3630 1309 μήτε

2052 1333 2382 1403 ἀδιαλείπτῳ
2419 1332 2527 1386 δέει
2562 1333 2670 1386 τῶν
2711 1333 2890 1403 φόϐων
2935 1331 3280 1399 διεκπλαγεὶς
3320 1329 3585 1400 πληρωθῇ
3609 1345 3624 1360 ·

2051 1426 2168 1479 ἀλλ’
2205 1425 2545 1497 ἑκατέρωθεν
2594 1426 2828 1498 μετρίως
2863 1423 3251 1495 παιδαγωγηθῇ
3292 1422 3428 1496 πρὸς
3460 1419 3630 1476 εὐλά-

2053 1518 2205 1572 ϐειάν
2228 1536 2285 1572 τε
2309 1520 2400 1573 καὶ
2425 1521 2644 1592 ἀρετήν.

395 1643 3608 1672 ἫΜΨ-η

1338 1797 1770 1861 PRIEFATIO
1812 1799 1896 1863 IN
1940 1801 2242 1864 LIBRUM
2286 1801 2670 1864 TERTIUM.

446 1963 580 2032 Quae
609 1963 984 2034 superioribus
1011 1962 1162 2018 libris
1191 1969 1307 2018 tum
1339 1975 1407 2018 ex
1437 1964 1601 2021 rebus
1631 1967 1798 2036 ipsis,
1829 1973 1912 2022 tur

2119 1968 2198 2022 Τά
2233 1969 2332 2041 μέν
2360 1963 2452 2023 οῦν
2474 1967 2746 2040 ἐμπροθεν
2767 1967 2829 2021 ἐκ
2854 1983 2913 2020 τε
2941 1968 3047 2021 τῶν
3071 1929 3409 2039 πραγμάτων
3438 1970 3626 2026 αὐτῶν

377 2073 445 2112 ex
490 2054 876 2112 communibus
923 2055 1242 2111 notionibus
1289 2055 1436 2111 dicta
1484 2066 1648 2126 sunt,
1695 2058 1950 2117 fortassis

373 2148 619 2202 omnium
668 2147 763 2218 qui
794 2155 946 2202 extra
979 2144 1281 2202 Ecclesiam
1327 2154 1490 2212 sunt,
1543 2158 1777 2205 mentem
1829 2165 1948 2204 mu-

376 2238 495 2294 nire
524 2245 787 2310 possunt,
824 2245 887 2292 ut
916 2236 1312 2308 blasphemiam
1349 2235 1632 2294 Manichaai
1667 2239 1723 2294 in
1759 2251 1948 2296 aucto-

374 2344 491 2385 rem
537 2329 780 2386 universi
825 2343 934 2384 non
982 2328 1291 2394 admittant.
1336 2327 1474 2394 Quia
1505 2343 1636 2386 vero
1663 2331 1824 2386 aliam
1855 2345 1947 2387 ve-

372 2421 648 2478 nationem
693 2426 885 2475 contra
941 2435 1037 2478 eos
1075 2421 1169 2492 qui
1212 2421 1356 2476 intra
1400 2419 1705 2478 Ecclesiam
1783 2431 1942 2487 sunt,

372 2523 593 2582 gravem
619 2509 840 2581 quidem
868 2509 1014 2565 illam
1040 2517 1094 2564 et
1121 2509 1483 2580 periculosam
1512 2513 1809 2568 meditatus
1837 2523 1942 2579 est,

370 2602 617 2673 quaedam
645 2603 699 2657 in
723 2599 1022 2673 Scripturis
1051 2602 1256 2658 sanctis
1289 2601 1436 2657 dicta
1467 2603 1534 2658 ad
1563 2619 1720 2660 suam
1751 2603 1942 2659 falsam

371 2695 682 2750 doctrinam
713 2707 811 2765 per
841 2695 951 2748 vim
979 2691 1311 2764 detorquens
1337 2712 1351 2749 :
1386 2701 1604 2766 tempus
1632 2705 1716 2751 est
1743 2737 1757 2760 ,
1789 2705 1850 2751 ut
1876 2711 1943 2753 ex

368 2783 571 2841 divinis
607 2781 908 2854 Scripturis
940 2783 1346 2841 confutationes
1378 2795 1570 2842 contra
1603 2801 1728 2842 eum
1771 2789 1943 2858 agite-

352 2885 535 2938 mus,
570 2871 641 2927 ad
669 2871 1027 2926 muniendum
1058 2886 1154 2928 eos
1183 2874 1276 2944 qui
1308 2874 1443 2944 ipsis
1478 2872 1776 2945 Scripturis
1814 2891 1942 2932 san-

369 2964 473 3017 ctis
505 2960 758 3026 credunt,
781 2961 876 3031 qui
902 2961 1157 3018 absurdis
1186 2971 1240 3018 et
1269 2962 1722 3032 improbabilibus
1749 2981 1938 3022 earum

370 3053 917 3124 interpretationibus
964 3055 1238 3117 interdum
1289 3056 1360 3111 ab
1401 3057 1497 3112 illo
1547 3056 1936 3128 decipiuntur;

363 3145 524 3200 vario
545 3144 692 3201 enim
721 3142 941 3200 fallendi
971 3145 1201 3201 artiﬁcio
1228 3161 1470 3203 errorem
1499 3164 1658 3219 quem
1690 3149 1939 3220 adiutore

366 3237 584 3293 diabolo
606 3238 967 3308 excogitavit,
1008 3239 1225 3296 ﬁrmare
1251 3241 1486 3307 nititur;
1525 3241 1671 3311 apud
1707 3243 1936 3312 gentiles

2050 2058 2274 2112 καὶτῶν
2293 2058 2485 2113 κοινῶν
2510 2059 2783 2112 ἐννοιῶνεί
2791 2075 2856 2130 ρη
2865 2056 3020 2127 μένα,
3048 2056 3263 2112 πάντων
3285 2056 3349 2111 ἂν
3375 2059 3506 2125 ἴσως
3529 2059 3623 2115 καὶ

2047 2151 2157 2205 τῶν
2180 2150 2336 2213 ἐκτὸς
2348 2150 2446 2221 τῆς
2461 2149 2783 2221 Ἐκκλησίας
2805 2147 2894 2202 τὸν
2909 2147 3029 2203 νοῦν
3042 2148 3413 2217 ἁσφαλίσαιτο,
3446 2152 3624 2223 μηδα-

2049 2243 2165 2315 μῶς
2203 2241 2520 2314 προσίεσθαι
2545 2241 2636 2294 τοῦ
2659 2241 2932 2303 Μάνεντος
2953 2239 3051 2310 τὴν
3077 2239 3217 2292 κατά
3237 2239 3331 2292 τοῦ
3357 2241 3626 2312 Δημιουρ-

2046 2334 2144 2404 γοῦ
2174 2335 2282 2388 τῶν
2318 2334 2454 2388 ὅλων
2483 2332 2848 2404 βλασφημίαν.
2893 2331 3106 2402 Ἐπειδὴ
3137 2331 3191 2385 δὲ
3225 2329 3396 2403 θήραν
3427 2333 3622 2404 ἑτέραν

2045 2427 2186 2482 κατὰ
2214 2427 2321 2482 τῶν
2356 2427 2464 2480 ἀπὸ
2490 2428 2591 2498 τῆς
2618 2426 2939 2496 Ἐκκλησίας
2977 2426 3311 2497 μεμελέτηκε
3352 2425 3533 2498 δεινήν
3558 2444 3620 2480 τε

2045 2521 2142 2574 καὶ
2173 2519 2437 2591 χαλεπὴν,
2458 2521 2644 2591 ῥήσεις
2670 2519 2822 2582 τινάς
2853 2517 2961 2571 τῶν
2982 2518 3150 2586 ἁγίων
3184 2519 3414 2589 Γραφῶν
3438 2518 3621 2572 ἐκϐια-

2045 2610 2268 2683 ζόμενος
2315 2611 2449 2682 πρὸς
2496 2612 2595 2682 τὴν
2645 2609 2808 2663 αὐτοῦ
2849 2609 3234 2679 ψευδολογίαν·
3275 2609 3393 2681 ὥρα
3417 2610 3481 2680 δὴ
3519 2611 3616 2664 καὶ

2041 2703 2170 2766 τοὺς
2202 2702 2308 2755 ἀπὸ
2339 2701 2445 2755 τῶν
2473 2701 2630 2754 θείων
2657 2701 2886 2772 Γραφῶν
2915 2700 3168 2770 ἐλέγχους
3197 2702 3318 2753 κατ’
3353 2701 3519 2754 αὑτοῦ
3541 2718 3616 2754 κι-

2043 2793 2228 2863 νῆσαι,
2244 2792 2381 2863 πρὸς
2409 2791 2706 2861 ἀσφάλειαν
2729 2789 2834 2842 τῶν
2861 2787 3222 2844 πιστευόντων
3253 2793 3368 2853 ταῖς
3393 2790 3616 2844 ἀλλοκό-

2039 2897 2151 2950 τοις
2172 2886 2265 2939 καὶ
2288 2885 2406 2938 λίαν
2432 2882 2712 2945 ἀπιθάνοις
2738 2877 3050 2953 ἑρμηνείαις
3073 2881 3216 2935 ἔστιν
3237 2883 3323 2934 ὅτε
3346 2881 3482 2952 πρὸς
3505 2881 3615 2935 τῶν

2041 2978 2248 3031 ἐκείνου
2296 2976 2689 3047 πλανωμένων·
2724 2975 2982 3037 ποικίλως
3027 2975 3136 3046 γὰρ
3187 2975 3508 3045 μεθοδεύων,
3547 2975 3616 3044 ἢν

2039 3065 2299 3134 ἐπενόησε
2355 3065 2642 3136 συνεργείᾳ
2690 3064 2784 3118 τοῦ
2832 3065 3075 3118 διαϐόλου
3120 3064 3348 3134 πλάνην,
3409 3063 3613 3134 ἰσχύειν

2039 3159 2331 3228 ἐπιχειρεῖ·
2375 3159 2501 3228 παρ’
2534 3156 2756 3226 Ἕλλησι
2803 3158 2900 3228 μὲν
2941 3157 3002 3210 οὐ
3041 3156 3110 3209 τὰ
3143 3157 3363 3209 ἐκείνων
3383 3155 3611 3224 ἀνατρέ-

2040 3266 2176 3312 πων,
2191 3248 2259 3302 τά
2281 3248 2338 3301 δέ
2370 3249 2572 3304 ἐλάττω
2598 3248 2743 3302 κακά
2765 3248 2900 3318 πρὸς
2923 3247 3428 3318 μείζονα-ἀσεϐείας
3448 3248 3610 3317 ὄγκον

365 3328 585 3398 quidem
618 3343 732 3382 non
754 3307 1035 3384 irel'ellens
1070 3330 1288 3385 illorum
1320 3307 1609 3402 dogmata:
1649 3307 1772 3402 qua:
1809 3347 1912 3387 veri

2053 3307 2295 3412 ἐξαίρων,
2331 3341 2762 3414 κακοηθέστερον
2803 3307 3154 3413 ίελληνισμὸν
3177 3307 3484 3413 ἐφηγείται.

363 3418 579 3473 minora
609 3419 751 3474 mala
785 3427 948 3483 sunt,
986 3419 1041 3473 in
1090 3421 1354 3489 majorem
1399 3420 1596 3475 molem
1647 3421 1939 3491 impietatis

362 3508 632 3564 extollens
650 3545 665 3573 ,
693 3509 1094 3578 perversiorem
1123 3509 1517 3567 Iiellenismum
1547 3512 1865 3568 introducit.

434 3596 645 3664 Quibus
686 3597 801 3655 fere
846 3599 914 3655 ad
959 3601 1143 3656 omnia
1173 3601 1446 3657 consimili
1479 3603 1736 3672 opinione
1762 3605 1936 3658 mala-

361 3702 486 3745 rum
515 3696 570 3746 et
597 3689 862 3747 falsarum
891 3689 1262 3746 doctrinarum
1290 3691 1721 3758 circumvectus,
1749 3707 1936 3749 acces-

361 3780 572 3838 sionem
603 3780 886 3836 ﬁctionum
914 3798 1138 3839 suarum
1166 3783 1410 3838 immittit
1439 3801 1456 3837 :
1488 3784 1632 3854 apud
1669 3783 1935 3840 Christia-

365 3886 468 3929 nos
498 3886 629 3928 vero
657 3873 868 3930 scilicet
897 3889 1019 3944 quae
1047 3873 1485 3931 Christianorum
1519 3887 1646 3933 sunt
1667 3917 1682 3942 ,
1713 3892 1934 3947 aggres-

365 3978 463 4019 sus
484 4001 500 4026 .
530 3971 586 4018 et
612 3964 994 4034 probabilitate
1018 3965 1260 4022 nominis
1289 3965 1494 4022 Christi
1519 4007 1535 4034 ,
1558 3976 1614 4022 et
1641 3966 1928 4026 verborum

363 4053 661 4124 Scriptura:
682 4095 698 4122 ,
723 4062 778 4111 et
805 4056 1087 4112 modestiae
1113 4059 1294 4128 specie
1313 4095 1330 4123 ,
1362 4058 1550 4129 lupum
1582 4057 1802 4128 quidem
1837 4058 1930 4127 qui

359 4152 444 4203 est
469 4147 622 4217 ipse,
663 4147 814 4203 intus
849 4147 1017 4220 tegit,
1046 4151 1243 4219 pellem
1274 4165 1404 4228 vero
1432 4151 1551 4206 ovis
1585 4150 1931 4208 extrinsecus

357 4238 621 4306 indutus,
653 4238 886 4295 eliicitur
920 4239 1058 4298 falsa
1093 4241 1247 4296 stella
1274 4229 1461 4312 gregi:
1499 4251 1663 4312 atque
1706 4241 1781 4294 ita
1827 4241 1931 4294 im.

355 4331 806 4402 prudentioribus
831 4338 885 4389 et
915 4333 1098 4400 minus
1125 4335 1366 4391 cordatis
1390 4343 1584 4400 nocet,
1611 4335 1701 4390 cui
1735 4349 1931 4406 propo-

356 4423 524 4480 situm
548 4431 667 4488 est,
695 4425 1027 4495 impietatem
1053 4425 1289 4481 maxime
1315 4426 1558 4482 omnium
1587 4441 1782 4482 novam
1812 4435 1928 4481 tum

357 4531 390 4570 a
422 4529 515 4582 se,
545 4523 661 4571 tum
693 4516 763 4571 ab
792 4517 914 4572 aliis
943 4516 1220 4588 colligere.
1255 4515 1323 4571 Ut
1351 4525 1530 4573 autem
1558 4517 1742 4573 nullus
1767 4516 1929 4573 Chri-

353 4607 567 4663 stianus
589 4607 887 4663 novitatem
918 4623 1108 4664 eorum
1141 4608 1409 4663 malorum
1437 4623 1561 4680 quae
1588 4609 1924 4679 collegisset,
1957 4646 2001 4702 ι)

351 4699 658 4769 expendere
688 4700 881 4756 saltem
914 4707 968 4755 et
997 4701 1349 4756 considerare
1381 4699 1789 4771 aggrederetur,
1821 4700 1923 4756 Pa-

352 4791 614 4847 raeietum
641 4806 702 4846 se
730 4791 1055 4862 appellavit,
1086 4807 1189 4847 usu
1215 4791 1458 4848 nominis
1475 4831 1493 4855 ,
1519 4791 1662 4862 quod
1691 4807 1802 4846 non
1829 4808 1922 4848 so-

349 4881 460 4936 lum
495 4895 660 4953 supra
698 4881 1002 4951 hominem,
1039 4885 1138 4939 sed
1170 4893 1336 4954 supra
1363 4883 1613 4954 angelum
1644 4894 1748 4950 est,
1766 4883 1924 4938 falla-

346 4973 490 5029 ciam
533 4988 689 5030 suam
733 4983 919 5045 tegens
959 4989 1024 5029 ac
1067 4974 1464 5042 dissimulans;
1500 4984 1561 5028 ut
1595 4975 1923 5030 auctoritate

346 5065 729 5136 appellationis
753 5065 1044 5137 probabili,
1070 5067 1318 5122 homines
1338 5067 1542 5138 alioqui
1570 5065 1746 5131 stulti,
1768 5065 1927 5120 nullo

346 5155 594 5213 adhibito
635 5155 881 5228 judicio,
909 5173 1033 5229 qua:
1073 5158 1237 5223 dicit,
1281 5158 1764 5228 amplecterentur.
1795 5156 1914 5212 Ali-

344 5245 564 5315 quando
588 5248 752 5303 etiam
779 5258 1037 5319 tanquam
1066 5249 1344 5319 apostolus
1369 5246 1497 5304 J‘esu
1520 5247 1726 5304 Christi
1744 5289 1759 5314 ,
1790 5247 1917 5303 bar-

343 5336 493 5392 baris
523 5353 757 5410 genere,
789 5338 934 5394 idem
962 5353 1160 5410 genere
1191 5347 1244 5394 et
1275 5347 1458 5395 mente
1504 5341 1774 5396 barbarus
1817 5341 1918 5395 im-

344 5429 600 5498 pietatem
641 5445 736 5501 per
768 5431 1029 5502 epistolas
1054 5431 1239 5487 tradit.
1277 5430 1381 5486 Sed
1415 5431 1482 5487 de
1512 5431 1599 5488 bis
1631 5440 1843 5503 postea.

415 5517 494 5572 Ex
524 5519 852 5592 Scripturis,
878 5539 1002 5594 quae
1019 5530 1146 5579 sunt
1169 5521 1384 5578 Veteris
1403 5521 1736 5580 Testamenti
1752 5563 1768 5588 ,
1792 5524 1918 5580 illas

347 5608 573 5665 ascribit
591 5613 866 5683 nequitiae,
889 5629 1055 5685 quam
1078 5622 1264 5682 vocat,
1287 5616 1460 5686 legem
1482 5616 1694 5672 scilicet
1713 5625 1768 5670 et
1789 5632 1918 5686 pro-

347 5697 577 5766 phetas:
613 5701 904 5775 Evangelia
937 5720 1066 5762 vero
1091 5715 1144 5762 et
1179 5707 1389 5779 reliqua
1435 5704 1569 5763 Novi
1604 5705 1915 5765 Testamen-

2107 3597 2204 3666 Οἷς
2229 3603 2414 3673 σχεδὸν
2443 3603 2581 3675 πρὸς
2611 3605 2829 3661 ἃπασαν
2871 3606 3397 3679 συμπεριαγόμενος,
3421 3608 3604 3677 φασὶν,

2031 3691 2284 3766 ὁμοδοξία
2326 3695 2512 3749 κακῶν
2545 3697 2825 3768 σφαλερῶν
2857 3698 3194 3769 μαθημάτων
3222 3698 3322 3770 τὴν
3361 3699 3605 3770 προσθή-

2033 3805 2138 3858 κην
2185 3788 2293 3841 τῶν
2337 3786 2531 3842 ἑαυτοῦ
2572 3788 2903 3859 πλασμάτων
2930 3787 3334 3860 παρεμϐάλλειο
3369 3789 3521 3861 παρά
3547 3789 3604 3843 δέ

2030 3881 2374 3952 Χριστιανοῖς
2415 3880 2484 3934 τά
2510 3880 2850 3948 Χριστιανῶν
2882 3879 3043 3950 δῆθεν
3075 3880 3291 3951 μετιὼν,
3321 3883 3418 3935 καὶ
3449 3882 3605 3935 πιθα·-

2031 3973 2209 4043 νότητι
2233 3972 2494 4042 ὀνόματός
2514 3989 2574 4024 τε
2598 3971 2832 4044 Χριστοῦ
2860 3973 2953 4024 καὶ
2981 3973 3240 4043 ῥημάτων
3258 3973 3357 4042 τῆς
3379 3973 3604 4043 Γραφῆς

2032 4063 2331 4126 ἐπιεικείας
2353 4063 2609 4134 ἐμφάσει,
2641 4065 2732 4116 τὸν
2753 4063 2850 4132 μὲν
2881 4062 3061 4126 λύκον,
3086 4065 3222 4134 ὅπερ
3242 4064 3408 4127 αὐτός
3427 4065 3599 4127 ἐστιν,

2031 4154 2241 4208 ενδοθεν
2283 4155 2521 4218 σκέπων,
2548 4154 2609 4208 τὺ
2632 4155 2688 4208 δέ
2722 4155 2912 4209 κώδιον
2941 4155 3138 4222 ἔξωθεν
3171 4155 3600 4227 περιτιθέμενος,

2029 4245 2211 4316 ἀπάτη
2261 4245 2489 4316 ἀστέρος
2537 4244 2616 4313 τῷ
2668 4245 2904 4314 ποιμνίῳ
2940 4245 3216 4313 γίγνεται·
3250 4244 3343 4297 καὶ
3366 4244 3510 4298 οὕτω
3538 4245 3603 4317 δὴ

2027 4338 2154 4400 τοὺς
2181 4332 2343 4408 ἦττον
2363 4336 2639 4407 ἔμφρονας
2659 4335 3024 4406 καταλάμπει,
3059 4335 3152 4388 καὶ
3178 4333 3242 4405 δὴ
3270 4334 3603 4406 προθέμενος

2027 4433 2352 4500 καινοτάτην
2377 4428 2630 4482 ἀσέϐειαν
2655 4426 3005 4499 ἐρανίσασθαι
3039 4427 3168 4498 παρ’
3191 4426 3385 4480 ἑαυτοῦ
3417 4442 3478 4480 τε
3511 4429 3603 4481 καὶ

2028 4516 2158 4586 παρ’
2195 4514 2391 4570 ἄλλων.
2432 4516 2519 4579 Ὠς
2544 4514 2610 4569 ἂν
2645 4515 2833 4586 μηδεὶς
2856 4514 2966 4568 τῶν
2997 4513 3336 4586 Χριστιανῶν
3359 4517 3604 4585 ἐπεγνω-

2027 4607 2201 4660 κότων
2242 4605 2516 4673 ἐξετάζειν
2551 4605 2682 4674 γοῦν
2713 4605 3015 4677 ἐπιχειροίη
3053 4606 3154 4677 τὴν
3178 4605 3474 4678 καινότητα
3494 4607 3602 4661 τῶν

2031 4697 2411 4769 ὴρανισμόνων
2454 4699 2546 4751 ὑπ’
2579 4697 2977 4761 αὑτοῦκακῶν,
3002 4695 3357 4769 Παράκλητον
3382 4701 3604 4770 προσεῖ-

2027 4803 2128 4841 πεν
2157 4787 2370 4850 ἑαυτὸν,
2395 4787 2655 4857 ὀνόματος
2677 4787 2775 4858 οὐχ
2799 4786 2938 4858 ὑπὲρ
2955 4786 3238 4857 ἄνθρωπον
3260 4786 3444 4858 μόνον,
3467 4787 3602 4843 ἀλλὰ

2024 4879 2118 4932 καὶ
2161 4879 2302 4950 ὑπὲρ
2333 4879 2581 4948 ἄγγελον,
2604 4879 2794 4951 χρήσει
2826 4879 2887 4932 τὸ
2923 4878 3197 4951 ἀπατηλὸν
3231 4879 3483 4935 σκέπων·
3512 4881 3598 4935 ἵνα

2022 4971 2102 5042 τῷ
2154 4969 2454 5042 ἀξιοπίστῳ
2506 4971 2605 5042 τῆς
2657 4971 3024 5044 προσηγορίας
3071 4970 3398 5042 ἀδιακρίτως
3420 4974 3470 5027 oi
3504 4972 3596 5027 mi

2022 5061 2198 5126 άλλως
2229 5061 2448 5133 ἀνόητοι
2497 5061 2758 5132 δέχωνται
2801 5061 2870 5114 τὰ
2907 5061 3194 5130 λεγόμενα.
3237 5062 3394 5116 Ἔστι
3428 5063 3474 5116 δ’
3507 5065 3596 5118 ὅτε
3655 5087 3661 5093 ·

2023 5153 2119 5206 καὶ
2143 5151 2218 5216 ὡς
2242 5151 2539 5214 ἀπόστολος
2576 5150 2750 5222 Ἰησοῦ
2779 5151 3016 5222 Χριστοῦ
3041 5151 3337 5223 βαρϐάροις
3359 5152 3424 5206 τὸ
3444 5153 3596 5222 γένος

2021 5251 2050 5302 ό
2085 5246 2358 5319 βάρϐαρος
2386 5246 2480 5300 καὶ
2514 5244 2670 5311 γένος
2703 5243 2798 5297 καὶ
2823 5242 3054 5313 γνώμην
3071 5242 3168 5313 τὴν
3190 5240 3447 5297 ἀσέϐειαν
3481 5243 3596 5296 ἐπι-

2020 5339 2251 5393 στέλλει.
2281 5336 2392 5392 Καὶ
2425 5336 2551 5408 περὶ
2582 5334 2683 5406 μὲν
2711 5334 2916 5387 τούτων
2941 5332 3187 5404 ὓστερον.

2085 5513 2208 5569 Τῶν
2238 5513 2295 5568 δὲ
2321 5512 2554 5586 Γραφῶν
2579 5511 2677 5574 τὰς
2703 5509 2800 5582 μὲν
2829 5505 3189 5581 παλαιοτέρας
3211 5507 3498 5579 ἀνατίθησι
3519 5509 3581 5579 τῇ

2019 5607 2157 5680 πρὸς
2193 5606 2359 5660 αὐτοῦ
2389 5604 2654 5678 λεγομένῃ
2676 5603 2862 5674 κακίᾳ,
2885 5602 3047 5672 νόμον
3072 5617 3131 5654 τε
3157 5601 3252 5654 καὶ⁵
3271 5598 3579 5671 προφήταςο

2017 5705 2086 5760 τά
2111 5705 2168 5761 δὲ
2193 5703 2502 5774 Εὑαγγέλια
2546 5704 2640 5758 καὶ
2669 5700 2740 5756 τὰ.
2779 5699 2944 5756 λοιπὰ
2966 5699 3064 5772 τῆς
3085 5697 3292 5769 Καινῆς
3315 5693 3584 5765 Διαθῆκης
