3782 6166
136 307 275 366 1209

1229 311 1594 370 ADVERSUS
1632 311 2057 375 ΜΔΝΙΟΗΑΞΟὸ
2093 319 2220 375 LIB.
2256 318 2336 376 ill.

3243 326 3383 382 mo

140 419 618 530 unequafaumpdt
640 420 738 492 μὲν
768 421 863 476 τοῦ
887 420 1115 492 ἀγαθοῦ,
1137 424 1212 490 ὡς
1239 423 1432 490 οἴεται,
1465 427 1709 482 δεδόσθαι

1883 446 1915 486 a
1943 433 2088 530 bono
2119 433 2244 489 data
2271 448 2394 490 esse
2417 431 2572 501 dicit,
2591 439 2648 490 ut
2675 441 2848 507 putat.
2885 434 2988 492 Sed
3013 451 3113 493 nec
3131 439 3244 493 haec
3265 441 3387 510 qui-

138 513 321 583 φησίν.
349 513 480 566 Οὐδὲ
519 513 690 566 ταῦτα
747 513 853 585 μὴν
900 517 929 569 ὁ
971 514 1072 585 τῆς
1110 515 1460 589 βλασφημίας
1490 520 1716 593 εὑρετὴς

1860 541 1942 580 em
1981 525 2085 581 iste
2124 527 2378 580 inventor
2405 525 2758 597 blasphemiae
2781 527 3011 582 allirmat
3033 545 3156 585 esse
3177 545 3244 585 ex
3271 539 3387 588 toto

137 607 521 680 διισχυρίζεταιι
572 606 638 660 δι’
685 607 808 660 ὅλου
861 607 1186 679 καθαρεύειν
1235 609 1362 676 τοῦ,
1407 609 1482 674 ὥς
1530 628 1714 680 φησιν,

1817 633 1848 672 a
1900 619 2175 673 contrario
2220 617 2316 672 Dei
2354 633 2526 672 vacua
2571 627 2627 673 et
2668 635 2838 690 pura,
2883 620 2978 676 sed
3027 635 3149 676 esse
3196 621 3254 675 in
3299 621 3388 679 his

137 702 376 756 ἐναντίου
399 700 553 756 Θεοῦ⁹
571 702 895 775 ἐνυπάρχειν
920 704 976 757 δὲ
1004 704 1100 757 καὶ
1123 704 1350 772 τούτοις,
1370 706 1557 780 ῶσπερ
1578 708 1720 762 κατά

1860 709 1992 763 nulla
2038 725 2068 763 a
2113 709 2376 773 materia,
2425 724 2588 779 quam
2635 718 2826 775 vocat,
2871 704 3389 782 admista,'oporte-

137 811 256 848 τινα
297 793 465 866 μίξιν,
498 792 670 847 πολλά
702 795 804 866 τῆς
843 795 932 848 ὑπ’
967 796 1133 848 αὑτοῦ
1180 797 1519 869 καλουμένης
1557 799 1712 872 ῦλης·

138 885 234 939 καὶ
261 887 478 956 χρῆναι,
514 885 687 939 ταῦτα
720 885 1059 958 περιελόντα,
1099 888 1232 960 μόνα
1267 889 1389 943 καθ’
1422 890 1590 945 ἑαυτά
1620 909 1722 946 κα-

138 977 403 1044 ταλιπεῖν,
437 970 562 1050 ἀτῇ
586 977 678 1032 τοῦ
705 977 910 1047 ἀγαθοῦ
943 979 1119 1051 μερίδι
1148 979 1440 1050 λογίζεται.

208 1069 366 1125 Οῦτω
387 1070 498 1123 τῶν
533 1070 700 1139 ἀγίων
728 1071 767 1123 Γ
774 1070 958 1142 ραφῶν
987 1072 1084 1140 τὴν
1105 1072 1408 1144 διόρθωσιν,
1426 1074 1500 1138 ὡς
1526 1073 1717 1139 οἴεται,

140 1161 262 1215 καθ’
281 1161 472 1216 ἑαυτὸν
502 1161 1034 1232 μεταχειριζόμενος,
1069 1163 1160 1216 καὶ
1196 1165 1281 1218 διὰ
1305 1164 1462 1218 τοῦτο
1491 1166 1722 1236 μάλιστα

139 1251 353 1323 τολμῶν
406 1251 765 1323 Παρὰκλητος
824 1247 960 1306 εἶναι
1006 1254 1206 1319 δοκεῖν,
1249 1254 1318 1308 τὰ
1367 1256 1463 1327 μὲν
1505 1256 1722 1310 πλείονα

144 1343 492 1415 περιγράφει,
537 1343 742 1414 βραχέα
775 1343 869 1396 καὶ
897 1343 1231 1407 καταλιπὼν,
1265 1346 1359 1398 καὶ
1386 1347 1482 1416 τῆς
1515 1347 1722 1418 Καινῆς

142 1433 418 1507 Διαθήκης
461 1433 729 1490 ποθοῦντα
771 1434 880 1490 τῶν
924 1436 1201 1505 συγγενῶν
1247 1437 1421 1506 λόγων
1451 1436 1549 1509 τὴν
1585 1456 1724 1509 συμ-

144 1528 370 1600 φωνίαν.

213 1618 396 1672 Οἴεται
429 1620 528 1690 μὲν
553 1619 734 1690 πᾶσαν
757 1617 1053 1688 ἀσφάλειαν
1072 1619 1182 1690 (49)
1205 1637 1272 1673 πε
1281 1620 1625 1689 ριτεθεῖσθαι,
1652 1621 1726 1685 ὼς

148 1710 284 1780 μόνα
307 1709 372 1780 δὴ
393 1710 459 1764 τά
483 1711 757 1780 δυνάμενα
787 1710 1200 1782 προσέλκεσθαι,
1230 1712 1364 1783 πρὸς
1390 1711 1425 1765 ἀ
1446 1713 1730 1783 τερατεύε-

143 1816 229 1852 ται
260 1799 666 1864 καταλελοιπώς
688 1817 701 1830 ·
741 1800 893 1853 οὐδὲν
919 1801 976 1852 δὲ
1003 1796 1164 1872 ἦττον
1194 1802 1288 1854 καὶ
1330 1799 1503 1854 ταῦτα
1539 1800 1726 1868 σαφῶς

146 1889 308 1943 αὑτοῦ
356 1890 615 1962 διελέγχει
667 1891 765 1962 τὴν
819 1891 1056 1964 ἄμετρον
1112 1893 1330 1964 μανίαν,
1365 1893 1460 1958 ὼς,
1509 1893 1724 1946 ἐπειδὰν

145 1982 273 2052 περὶ
301 1981 443 2037 αὐτὰ
466 1983 714 2056 γένηται,
745 1982 880 2040 Θεοῦ
915 1984 1268 2056 παρέχοντος,
1293 1983 1454 2049 δείξει
1489 1983 1674 2054 σαφῶς
1697 1988 1725 2039 ὁ

145 2071 322 2142 λόγος.

212 2165 462 2218 Δεικτέον
483 2164 540 2218 δὲ
563 2163 801 2236 πρῶτον,
817 2165 966 2229 ὅπως
986 2165 1176 2234 ἀλογον
1200 2169 1432 2221 ποιεῖται
1460 2167 1557 2238 τὴν
1587 2167 1728 2222 κατά

144 2256 250 2310 τῶν
292 2256 664 2329 ἀρχαιοτέρων
705 2257 878 2325 ἁγίων
927 2257 1159 2328 Γραφῶν
1207 2257 1573 2328 βλασφημίαν,
1625 2276 1728 2312 πα-

145 2348 440 2420 λαιοτέροις
475 2349 576 2420 μὲν
609 2349 776 2403 αὐτοῦ
805 2353 1062 2420 πονηροῖς
1103 2350 1329 2422 ἀνδράσι
1373 2351 1465 2404 καὶ
1493 2350 1600 2404 ἀπὸ
1628 2353 1727 2422 τῆς

158 2439 486 2512 Ἐκκλησίας
523 2440 958 2512 ἀποκηρυχθεῖσι
1006 2441 1148 2496 κατὰ
1177 2442 1334 2496 τοῦτο
1368 2442 1725 2513 συνενεχθεὶς,

145 2533 212 2602 τῇ
258 2531 304 2585 δ’
338 2532 561 2603 ἀσεϐείᾳ
594 2533 803 2597 πάντας
854 2534 1098 2599 ἐκείνους
1131 2534 1617 2606 ὑπερϐαλλόμενος.
1665 2536 1728 2589 Εἰ

151 2623 248 2694 μὲν
273 2619 391 2689 οῦν,
427 2623 678 2695 καθάπερ
705 2623 966 2695 Ἕλληνες
993 2626 1280 2679 ἀπιποῦσι
1310 2626 1586 2691 παντελῶς
1609 2631 1728 2692 ταῖς

147 2714 411 2784 ιστορίαις
459 2713 568 2767 τῶν
624 2713 878 2784 Γραφῶν,
925 2714 1068 2769 οῦτω
1103 2715 1166 2787 δὴ
1201 2718 1450 2780 κάκεῖνος
1489 2718 1729 2772 ἀπιστῶν

147 2803 374 2874 εφασκε,
410 2805 730 2876 μηδαμῶςῆ
759 2806 834 2869 ὡς
866 2805 1024 2877 ἔτυχε
1058 2806 1125 2860 τά
1155 2808 1342 2862 αὐτόθι
1376 2809 1730 2881 ἱστορούμενα

148 2898 454 2966 γεγονέναι,
477 2897 590 2951 οὒτ’
622 2898 689 2953 ἀν
737 2901 899 2978 ἡμεῖς
926 2914 980 2954 τι
1010 2899 1146 2969 πρὸς
1176 2900 1338 2954 αὐτὸν
1371 2901 1502 2972 περὶ
1530 2901 1731 2954 τούτων

148 2987 468 3059 ἐκινοῦμεν,
519 2985 630 3040 οὔτ’
670 2987 738 3040 ἀν
790 2986 952 3050 αὐτὸς
1003 2985 1172 3057 μείζω
1239 2986 1331 3039 τὸν
1385 2985 1602 3057 ἔλεγχον
1644 2986 1732 3040 διά

147 3076 354 3132 τούτων
380 3078 696 3149 ὑπέμεινεν.

1824 815 1993 869 reque
2027 799 2112 854 his
2146 799 2344 856 ablatis
2378 801 2494 855 sola
2528 802 2870 872 relinquere,
2903 819 3026 873 quae
3068 803 3136 859 ad
3179 813 3388 874 partem

1818 891 1947 947 boni
1984 898 2196 962 reputat
2224 893 2516 961 pertinere.

1895 1064 1988 1121 Sic
2035 1065 2428 1121 correctionem
2477 1073 2787 1122 sanctarum
2838 1065 3279 1137 Scripturarum,
3329 1071 3393 1120 ut

1827 1159 2104 1230 Opinatur,
2139 1159 2291 1214 solus
2323 1158 2642 1229 aggrediens
2662 1198 2676 1223 ,
2705 1167 2757 1214 et
2792 1159 2894 1213 hac
2925 1157 3270 1228 potissimum
3301 1170 3394 1211 ra-

1825 1252 1972 1306 tione
2003 1267 2170 1308 ausus
2197 1251 2367 1305 videri
2403 1249 2749 1316 Paracletus,
2781 1251 3011 1320 plurima
3041 1249 3259 1320 quidem
3286 1248 3394 1302 tol-

1826 1345 1923 1410 lit,
1973 1360 2168 1415 pauca:
2195 1359 2322 1399 vero
2368 1342 2502 1398 Novi
2547 1342 2882 1398 Testamenti
2931 1343 3224 1413 relinquit,
3269 1355 3395 1411 quae

1827 1443 2154 1491 concentum
2189 1450 2253 1489 ac
2286 1433 2635 1490 concordiam
2668 1450 2791 1489 cum
2831 1437 3077 1505 cognatis
3120 1432 3394 1490 sermoni-

1826 1528 1928 1584 bus
1965 1527 2294 1582 desiderant.

1895 1619 2057 1675 Putat
2087 1621 2306 1690 quidem
2331 1635 2546 1676 omnem
2579 1618 2970 1689 blasphemiam
2999 1617 3080 1672 eis
3110 1614 3398 1686 imposuis-

1830 1726 1888 1765 se
1912 1751 1926 1774 ,
1965 1719 2025 1764 ut
2058 1711 2150 1780 qui
2187 1711 2278 1764 illa
2307 1711 2484 1764 solum
2518 1709 2828 1779 reliquerit,
2861 1723 2983 1776 quae
3013 1705 3080 1760 ad
3116 1706 3204 1758 illa
3239 1721 3400 1759 mon-

1761 1789 1799 1842 Β
1831 1812 1944 1856 stra
1974 1819 2095 1872 quae
2127 1801 2316 1873 ﬁngit,
2349 1802 2490 1855 trahi
2529 1801 2787 1871 possint:
2835 1798 3003 1852 nihilo
3041 1810 3173 1852 vero
3215 1795 3398 1850 minus

1829 1896 1992 1950 etiam
2025 1896 2142 1950 haec
2174 1895 2348 1965 ipsius
2377 1895 2702 1958 amentiam,
2743 1899 2798 1946 et
2838 1889 3077 1945 furorem
3125 1901 3398 1943 summum

1830 1993 2168 2057 coarguunt,
2205 1995 2265 2042 ut
2289 1987 2512 2057 juvante
2547 1984 2656 2040 Deo
2683 1993 2869 2054 aperte
2895 1980 3232 2052 disputatio,
3267 1991 3396 2034 cum

1832 2082 1887 2136 in
1917 2081 1998 2135 eis
2031 2079 2360 2144 versabitur,
2398 2077 2634 2131 docebit.

1903 2172 2309 2230 Ostendendum
2339 2173 2504 2242 igitur
2534 2170 2710 2241 primo
2735 2175 2820 2224 est
2849 2182 3011 2238 quam
3041 2163 3320 2219 dementer
3345 2160 3403 2216 in

1833 2277 2052 2324 sanctas
2079 2264 2390 2334 Scripturas
2417 2271 2628 2318 veteres
2654 2261 3003 2330 blasphemus
3025 2263 3138 2320 est,
3167 2267 3403 2310 consen-

1835 2360 1975 2414 tiens
2017 2358 2281 2412 hactenus
2322 2369 2446 2408 cum
2497 2369 2556 2409 se
2590 2351 3021 2423 antiquioribus,
3052 2346 3187 2402 viris
3219 2343 3406 2415 pravis

1833 2459 1886 2505 et
1913 2451 1982 2504 ab
2010 2447 2255 2502 Ecclesia
2291 2446 2479 2516 ejectis
2505 2487 2519 2511 ,
2565 2445 2844 2516 impietate
2885 2455 3015 2496 vero
3043 2453 3233 2495 omnes
3279 2436 3405 2490 illos

1836 2555 2125 2611 superans.
2162 2537 2222 2593 Si
2256 2539 2424 2609 igitur
2455 2538 2598 2592 sicut
2626 2535 2854 2607 gentiles
2880 2531 3126 2587 historiis
3155 2527 3406 2599 Scriptu-

1833 2648 2020 2688 rarum
2049 2631 2266 2702 penitus
2293 2646 2400 2684 non
2432 2629 2696 2693 credunt,
2729 2626 2809 2680 sic
2836 2625 2998 2681 etiam
3031 2622 3120 2676 ille
3147 2635 3253 2676 non
3281 2633 3406 2674 cre-

1836 2725 1973 2780 dens
1999 2723 2302 2794 Scripturis
2323 2763 2338 2789 ,
2364 2734 2708 2792 nequaquam
2740 2726 2834 2771 aut
2860 2715 3085 2771 fortuito
3112 2712 3256 2767 Facta
3282 2723 3408 2766 esse

1837 2833 1958 2890 qua:
1984 2818 2038 2872 in
2067 2818 2148 2872 eis
2172 2825 2484 2878 narrantur,
2515 2813 2740 2874 diceret,
2772 2823 2950 2879 neque
2979 2820 3081 2861 nos
3109 2802 3407 2875 quidquam

1837 2917 2029 2965 contra
2052 2923 2176 2964 eum
2205 2908 2270 2962 de
2294 2906 2379 2960 his
2400 2905 2804 2974 disputaremus
2828 2939 2842 2966 ,
2869 2913 2972 2955 nec
2999 2898 3118 2968 ipse
3145 2895 3408 2966 majorem

1838 2999 2265 3057 confutationem
2298 3011 2394 3068 per
2429 2995 2544 3050 haec
2579 2993 2808 3049 subiret.

233 3171 387 3225 Ἐπεὶ
405 3171 461 3224 δὲ
486 3143 584 3242 τὴν
621 3171 720 3242 μὲν
741 3169 998 3242 ἀλήθειαν
1031 3170 1211 3233 αὐτοῖς
1232 3168 1325 3223 τοῦ
1356 3170 1543 3234 Ὀντος
1571 3186 1727 3238 γεγο-

1911 3179 2018 3237 Sed
2052 3177 2182 3248 quia
2216 3175 2500 3230 veritatem
2541 3169 2635 3224 Dei
2671 3169 2727 3223 in
2757 3167 2839 3224 eis
2879 3165 3051 3220 fuisse
3091 3166 3405 3221 attestatur,

151 3265 305 3319 νέναι
334 3263 769 3337 προσομολογεῖ,.
791 3261 969 3317 αἰτίαν
1009 3260 1066 3314 δὲ
1100 3261 1304 3316 τούτων
1337 3258 1474 3316 εἶναι
1515 3261 1610 3333 τὴν
1658 3262 1732 3332 μὴ

147 3352 314 3412 οὖσαν
346 3355 544 3410 κακίαν
568 3355 718 3425 φησί·
743 3354 886 3424 ξφέρε
915 3354 1009 3407 καὶ
1030 3352 1124 3406 νῦν
1159 3352 1553 3424 ἀποδείξωμεν,
1587 3353 1733 3415 ὅπως

149 3449 245 3514 τάς
273 3448 514 3520 μεγάλας
538 3446 816 3518 ἐνεργείας
851 3445 1157 3515 ἀνατίθησι,
1187 3445 1282 3498 καὶ⁵
1303 3444 1372 3497 τά
1395 3444 1565 3515 μείζω
1597 3442 1732 3498 θαύ-

153 3557 300 3611 ματα
341 3542 408 3610 τῇ
463 3537 858 3608 διαδαλλομένῃ
904 3536 1039 3608 πρὸς
1075 3535 1238 3590 αὑτοῦ
1271 3535 1441 3607 κακίᾳ
1475 3534 1549 3607 μὴ
1573 3534 1730 3600 νοῶν,

151 3632 248 3686 ἆτε
280 3628 347 3702 δὴ
376 3630 467 3683 τὸν
496 3629 753 3699 λογισμὸν
785 3625 1136 3696 τυφλῶττων,
1163 3625 1262 3690 τὰς
1308 3624 1643 3696 παραδόξους
1677 3626 1734 3678 ὲν

150 3727 270 3786 ταῖς
314 3720 581 3792 ἱστορίαις
630 3719 725 3772 τοῦ
774 3718 910 3772 Θεοῦ
953 3717 1049 3772 τοῦ
1081 3715 1416 3790 δημιουργοῦ
1457 3716 1566 3770 τῶν
1598 3715 1734 3770 ὅλων

143 3814 488 3884 υίκονομίας.

219 3907 360 3978 Φησὶ
389 3905 448 3959 δὲ
473 3905 608 3976 πρὸς
633 3901 778 3969 λέξιν
802 3901 972 3974 αὐτὴν
1002 3900 1282 3972 ὲκεῖνος,ῆ
1312 3899 1499 3971 ἕτερός
1522 3916 1606 3963 τις
1629 3898 1735 3952 τῶν

153 3997 247 4050 ἀπ’
277 3995 510 4060 ἐκείνου,
535 3993 847 4066 ἐπιγράψας
869 3993 929 4046 τὸ
949 3992 1241 4062 κεφάλαιον
1265 3991 1512 4063 περὶτῆς
1531 3989 1736 4061 ἀνθρω·

155 4092 320 4162 πίνης
347 4087 819 4160 πρωτοπλαστίαςο
849 4085 1088 4153 Ἐπειδὴ
1120 4085 1226 4158 γὰρ
1251 4083 1526 4155 ἔγνωσαν
1557 4084 1610 4136 οὶ
1637 4081 1738 4152 ἆρ-

157 4198 393 4251 χοντες,
430 4181 511 4246 ὡς
557 4181 625 4234 ἐκ
676 4179 783 4234 τοῦ
829 4176 1239 4246 παραιρεῖσθαι
1263 4174 1335 4229 τὸ
1369 4172 1737 4239 ἁπαξαπλῶς

155 4277 452 4347 ἐμπίπτον
477 4276 565 4342 είς
592 4273 815 4339 αὐτοὺς
837 4273 1020 4342 μέρος
1050 4269 1159 4324 τοῦ
1192 4267 1406 4339 φωτὸς,
1430 4267 1617 4336 ταχὺς
1643 4266 1736 4321 ἐπ’

157 4368 378 4436 αὐτοὺς
407 4369 441 4422 ὀ
473 4367 727 4433 θάνατος
766 4363 899 4432 ἥξει
920 4381 934 4394 ·
979 4361 1095 4431 τὴν
1133 4365 1221 4428 είς
1249 4362 1324 4416 τὰ
1355 4361 1599 4430 σώματα
1627 4357 1738 4426 τῆς

156 4461 367 4532 ψυχῆς
415 4458 672 4514 κάθοδον
718 4454 1166 4526 ἐμηχανήσατο,
1207 4453 1574 4523 ἀναδραμεῖν
1619 4451 1736 4520 μὲν

157 4554 352 4622 αὐτὴν
374 4551 654 4622 μηδόλως
686 4549 998 4618 ζητοῦντες
1016 4588 1031 4614 ,
1064 4546 1448 4602 ἀνελθοῦσαν
1476 4542 1545 4598 δὲ
1581 4542 1736 4612 μηδὲ

156 4645 268 4714 τῆς
292 4643 522 4698 ἄνωθεν
545 4639 779 4707 λήξεως
797 4638 978 4702 ἀξίαν
1009 4637 1416 4706 εὑρίσκεσθαι,
1444 4632 1736 4704 μιάσματι

156 4736 270 4807 τῆς
300 4733 526 4805 σαρκὸς
555 4732 950 4803 ἀνεχομένην.

230 4827 344 4882 Καὶ
380 4830 494 4898 μετ’
522 4825 700 4894 ὀλίγα·
734 4824 830 4878 Διὸ
874 4823 1129 4887 ἕκαστος
1159 4817 1380 4883 αὐτῶν,
1413 4817 1547 4888 φησὶ
1568 4856 1582 4880 ,
1616 4814 1736 4868 τῶν

158 4918 269 4988 τῆς
301 4918 456 4985 ὕλης
489 4917 818 4985 ἀρχόντων,
861 4914 933 4968 ὃν
965 4915 1188 4983 τρόπον
1211 4909 1591 4980 προείπομεν,
1626 4906 1736 4975 τῆς

158 5007 486 5080 γενομένης
542 5006 836 5075 κινήσεως
883 5005 1110 5067 ἕνεκεν,
1151 5002 1250 5056 καί
1293 4999 1402 5055 τοῦ
1443 4997 1740 5069 φανέντος

161 5103 398 5173 πρῶτον
427 5099 526 5154 ἐπὶ
553 5099 670 5166 τὴν
697 5099 1003 5166 λύτρωσιν
1033 5094 1144 5162 τῆς
1172 5091 1400 5163 ψυχῆς,
1417 5090 1529 5160 τῆς
1557 5091 1740 5158 θύρας

161 5193 398 5264 πρῶτον
437 5191 802 5260 ἀνοιτείσης,
839 5190 940 5242 ὑπ’
983 5185 1332 5252 ἐκπλήξεως
1358 5184 1520 5237 ἄκων
1557 5197 1739 5235 κατα-

161 5284 405 5355 πέμψας
430 5281 546 5351 τὴν
568 5282 637 5336 ἐν
665 5277 827 5343 αὐτῷ
854 5279 1129 5346 δύναμιν,
1144 5276 1494 5345 ἐμόρφωσεν
1524 5271 1741 5326 ἑαυτὸν

162 5379 250 5445 είς
271 5373 503 5444 θήραμα
536 5371 642 5441 τῆς
669 5369 895 5440 ψυχῆς,
926 5368 1024 5422 καὶ
1047 5368 1282 5437 μίμημα
1321 5364 1510 5420 αὐτοῦ
1549 5363 1739 5418 ἐπλα-

161 5485 278 5524 σεν
330 5467 431 5522 ἐπὶ
483 5465 595 5534 τῆς
651 5464 786 5535 τῆς,
825 5461 934 5517 τοῦ
979 5456 1509 5524 δυσαποσπάστως
1575 5456 1741 5525 ἔχειν

163 5559 473 5629 ἠνάγκασε
509 5555 616 5622 τὰς
647 5554 852 5625 ψυχὰς
875 5548 1425 5620 κατακηλουμένας.
1453 5545 1564 5600 Kal
1590 5543 1741 5599 πλά-

237 5714 350 5787 (49)
401 5710 776 5784 Ἀσφάλειαν.
807 5709 977 5766 Aliter
1010 5706 1223 5780 legebat
1258 5705 1550 5774 interpres.

1839 3286 2059 3328 causam
2093 3283 2222 3324 vero
2251 3266 2445 3320 horum
2477 3278 2601 3318 esse
2644 3261 2720 3314 ait
2751 3258 3046 3329 nequitiam
3067 3296 3082 3320 ,
3118 3267 3240 3324 qua:
3271 3249 3410 3305 nihil

1839 3376 1922 3421 εει
1954 3405 1969 3429 ,
2005 3377 2103 3433 age
2123 3401 2138 3425 ,
2171 3360 2466 3414 doceamus
2497 3368 2641 3409 nunc
2663 3392 2676 3416 ,
2711 3348 2986 3422 quomodo
3019 3355 3412 3418 magnaopera

1840 3472 1904 3512 ac
1937 3455 2111 3525 magis
2143 3447 2464 3506 admiranda
2497 3445 2754 3516 nequitiae
2783 3455 2946 3512 quam
2981 3439 3098 3510 ipse
3146 3439 3370 3525 accusat
3390 3471 3410 3498 ,

1840 3521 2126 3612 attribuit;
2180 3541 2380 3613 quippe
2433 3538 2524 3608 qui
2573 3548 2718 3590 czeca
2767 3529 2978 3586 ratione
3011 3541 3121 3581 non
3155 3521 3411 3592 intelligit

1839 3638 2188 3695 admirabiles
2247 3633 2338 3688 Dei
2392 3627 2655 3685 creatoris
2708 3623 3086 3679 universorum
3139 3616 3412 3688 guberna-

1840 3735 2018 3789 tioues
2049 3745 2112 3785 ac
2142 3725 2510 3800 providentias
2532 3763 2548 3790 ,
2583 3734 2705 3792 qua:
2738 3718 2792 3772 in
2820 3713 3070 3770 historiis
3100 3711 3376 3767 feruntur.

1909 3892 2000 3945 Att
2031 3888 2198 3960 igitur
2229 3885 2294 3940 ad
2325 3882 2551 3939 verbum
2594 3879 2708 3934 sive
2756 3875 2847 3930 ille
2870 3912 2887 3938 ,
2918 3873 3034 3928 sive
3077 3869 3219 3960 alius
3253 3865 3412 3960 quis-

1841 3981 1986 4052 piam
2015 3958 2134 4048 eius
2163 3974 2483 4044 discipul’us,
2517 3970 2610 4040 qui
2637 3977 2800 4038 caput
2831 3962 3113 4034 inscripsit
3139 3959 3206 4014 de
3231 3958 3409 4029 prima

1841 4071 2169 4127 formatione
2199 4069 2437 4121 humana
2465 4083 2478 4120 :
2517 4063 2656 4129 Quia
2687 4064 3034 4130 cognoverunt
3068 4053 3414 4124 magistratus

1842 4163 2103 4226 materia,
2148 4158 2306 4230 quod,
2345 4157 2391 4211 si
2421 4155 2632 4210 omnino
2657 4168 2783 4223 pars
2826 4149 3039 4204 luminis
3062 4144 3198 4218 quod
3242 4146 3298 4198 in
3324 4157 3419 4198 eos

1842 4254 2048 4318 incidit,
2085 4253 2296 4306 omnino
2328 4250 2646 4320 auferretur,
2666 4261 2807 4299 mors
2835 4244 2910 4298 eis
2937 4241 3229 4296 adventura
3254 4247 3410 4301 esset,

1843 4347 2132 4404 machinati
2160 4354 2282 4400 sunt
2313 4343 2620 4397 descensum
2659 4338 2852 4393 anima:
2890 4337 2947 4390 in
2988 4348 3210 4401 corpora
3235 4346 3255 4384 :
3295 4345 3422 4400 quas

1844 4439 2052 4512 quidem
2097 4454 2160 4492 ne
2201 4436 2313 4490 ulto
2374 4433 2528 4488 modo
2567 4431 2794 4492 rediret,
2837 4426 2973 4481 unde
3031 4422 3417 4486 descendisset,

1840 4533 1940 4602 ipsi
1969 4538 2252 4592 curarent,
2281 4543 2487 4583 reversa
2511 4541 2628 4579 uero
2649 4565 2664 4590 ,
2693 4532 2752 4576 ut
2774 4537 2878 4575 non
2908 4519 3224 4588 reperiretur
3250 4513 3416 4586 digna

1839 4623 2164 4677 habitatione
2192 4634 2414 4690 supera,
2440 4625 2618 4684 utpote
2664 4611 2902 4683 faditate
2935 4609 3114 4664 carnis
3139 4607 3423 4678 inquinata

1839 4727 1889 4770 et
1915 4714 2141 4785 polluta.

1911 4806 1979 4860 Et
2021 4804 2184 4876 paulo
2233 4809 2392 4872 post:
2444 4795 2796 4865 Quamobrem
2833 4791 3188 4862 unusquisque
3229 4803 3420 4842 eorum

1843 4900 1932 4970 qui
1965 4907 2087 4953 sunt
2125 4896 2474 4966 magistratus
2499 4891 2738 4944 materia:
2760 4929 2775 4953 ,
2803 4888 2938 4942 sicut
2967 4884 3200 4937 diximus
3227 4882 3376 4950 prius
3394 4919 3423 4944 ι

1840 4998 2052 5062 propter
2079 4998 2281 5042 motum
2318 4985 2550 5055 factum,
2579 4991 2628 5036 et
2655 4990 2864 5049 propter
2901 4994 3019 5032 eum
3059 4976 3147 5046 qui
3184 4974 3423 5041 primum

1841 5083 2087 5156 apparuit
2135 5079 2203 5134 ad
2247 5077 2650 5146 redemptionem
2701 5073 2927 5134 animae,
2963 5069 3138 5139 janua
3183 5065 3424 5131 primum

1843 5187 2028 5247 aperta
2053 5214 2068 5238 ,
2092 5189 2203 5243 pra:
2225 5181 2425 5225 terrore
2454 5170 2648 5223 invitus
2675 5165 2898 5218 dimissa
2928 5163 3120 5214 virtute
3142 5174 3254 5212 σηιω
3277 5157 3331 5210 in
3354 5171 3426 5210 ea

1838 5277 1988 5332 erat,
2035 5264 2285 5335 formavit
2331 5263 2558 5330 seipsum
2603 5259 2670 5312 ad
2712 5255 3002 5311 venandum
3060 5251 3315 5314 animam,
3362 5256 3419 5302 et

1844 5358 2197 5413 imitationem
2239 5353 2324 5408 sui
2373 5352 2541 5421 ﬁnxit.
2569 5350 2624 5402 in
2674 5357 2846 5411 terra,
2895 5339 3159 5414 coegitque
3204 5340 3420 5394 animas

1847 5448 2134 5504 delinitas.
2165 5453 2224 5498 ut
2260 5441 2470 5512 difﬁcile
2509 5439 2574 5493 ab
2615 5454 2677 5492 ea
2716 5437 3012 5491 imitatione
3043 5431 3414 5486 abstraheret:-

1850 5551 1957 5596 tur.
1993 5539 2068 5596 Ac
2103 5535 2331 5607 primum
2363 5534 2572 5604 quidem
2602 5532 2770 5588 Adam
2816 5528 2879 5584 ab
2915 5530 2990 5583 eis
3024 5531 3322 5597 formatus,
3352 5537 3417 5580 ac
