3824 6140
378 255 520 342 ηιειι

1540 264 1674 319 TITI
1709 261 2139 321 BOQTRENSIS
2174 260 2484 319 EPISCOPI

3526 258 3703 313 1212‘

388 372 548 445 fictas
591 381 673 428 est
720 374 1127 431 instrumentum
1172 379 1481 449 cupiditatis
1513 391 1563 437 et
1601 400 1722 439 esca
1763 386 1969 439 anima—

2099 396 2194 451 ’μα
2224 379 2423 435 αὐτῶν
2453 377 2586 433 ἐστι
2614 376 2850 447 πρῶτον
2877 380 2911 432 d
2947 375 3148 448 ’Ἀδὰμ
3168 379 3422 449 ὄργανον
3449 378 3683 432 ἐπισυ-

382 478 510 522 rum
538 481 567 520 e
593 465 721 520 caelo
751 466 1177 523 descendentium
1202 481 1252 524 et
1282 472 1528 526 machina
1557 473 1626 527 ad
1648 474 1967 530 tradendum

2099 474 2206 540 ιίας
2243 473 2343 526 καὶ
2377 471 2593 540 δέλεαρ
2649 470 2770 525 τῶν
2823 471 3054 526 ἄνωθεν
3085 470 3300 541 ψυχῶν
3337 472 3433 525 καὶ
3465 471 3681 541 μηχά-

386 575 481 615 cas
510 560 565 613 in
595 576 837 631 corpora.

463 670 707 726 Primum
737 683 920 729 autem
950 675 1411 731 considerandum
1441 684 1526 733 est
1547 718 1561 742 ,
1589 687 1850 748 quantam
1880 694 1970 734 sa-

393 761 654 832 pientiam
693 764 950 834 Opinione
988 781 1088 821 sua
1129 768 1357 822 ascribit
1401 775 1456 823 et
1507 776 1804 824 attestatur
1855 785 1970 824 ma-

394 855 717 925 gistratibus
760 857 1037 923 materiae,
1084 846 1508 930 quam'omnino
1550 860 1616 915 de
1659 861 1971 931 ignorantia

395 946 726 1002 condemnat.
753 955 808 1003 et
838 950 1145 1020 vituperat,
1196 958 1456 1021 tanquam
1502 953 1826 1009 machinatis
1875 969 1972 1024 per

394 1052 618 1092 carnem
649 1039 973 1097 descensum
1009 1045 1203 1098 animae
1241 1044 1307 1098 ad
1361 1060 1479 1107 eos,
1506 1062 1577 1100 ne
1625 1047 1972 1115 privarentur

395 1129 601 1185 lumine
630 1132 711 1187 eis
744 1133 1013 1199 admisto,
1047 1137 1136 1205 qui
1167 1152 1358 1192 rursus
1388 1138 1568 1192 redire
1599 1143 1834 1193 animam
1863 1155 1970 1193 non

394 1220 671 1291 sinerent;
708 1226 792 1279 sin
829 1242 961 1281 vero
1002 1228 1236 1293 rediret,
1282 1229 1780 1300 indigna'superna
1818 1232 1969 1286 habi-

395 1311 602 1366 tatione
634 1320 895 1383 tanquam
950 1316 1205 1371 sordibus
1242 1320 1426 1373 carnis
1470 1320 1676 1388 polluta
1722 1321 1971 1374 declara-

393 1411 570 1468 retur,
595 1408 755 1475 quasi
778 1424 885 1461 non
913 1419 1097 1478 posset
1133 1409 1275 1465 Deus
1300 1412 1536 1464 animam
1567 1428 1595 1465 a
1637 1429 1696 1466 se
1730 1423 1969 1467 creatam

396 1496 609 1567 integre
670 1514 903 1565 servare,
952 1501 1131 1556 victus
1204 1504 1473 1557 machinis
1555 1506 1970 1575 magistratuum

394 1591 655 1645 materiae.
696 1591 774 1646 Ac.
810 1592 877 1646 de
918 1593 1005 1649 his
1066 1595 1286 1665 quidem
1348 1596 1526 1651 adhuc
1561 1596 1745 1653 dicere
1790 1615 1970 1653 annon

393 1688 480 1736 est
516 1682 805 1738 ridiculum
836 1686 859 1738 ?

467 1793 605 1860 Quia
635 1811 764 1851 vero
825 1797 921 1860 ait,
972 1798 1207 1868 primum
1250 1800 1396 1869 quod
1450 1802 1801 1871 magistratus
1858 1819 1974 1856 ma-

394 1887 546 1942 teriae
578 1887 971 1956 formaverunt,
1006 1907 1129 1947 esse
1170 1893 1338 1947 Adam
1370 1895 1791 1949 instrumentum
1821 1897 1973 1965 cupi—

396 1978 605 2043 ditatis,
629 1988 681 2034 et
712 1996 890 2034 escam
919 1999 1278 2053 supernorum
1303 1984 1607 2039 animarum
1638 2002 1650 2037 :
1682 1987 1973 2042 didicimus

395 2069 527 2124 hinc
559 2073 708 2126 clare
751 2088 874 2127 eum
915 2073 1119 2137 dicere,
1149 2091 1271 2130 esse
1300 2077 1577 2131 hominem
1622 2076 1910 2131 formatum
1942 2094 1972 2131 a

395 2161 649 2224 materia,
679 2177 798 2231 quae
832 2163 1053 2218 minime
1093 2175 1195 2227 est,
1223 2166 1315 2235 qui
1348 2167 1587 2221 materiae
1619 2177 1672 2220 et
1715 2168 1974 2237 nequith

396 2252 602 2323 ubique
629 2255 750 2323 plus
781 2255 972 2309 tribuit
1009 2257 1356 2313 simulatione
1393 2261 1780 2315 accusationis.
1817 2259 1973 2315 Nunc

398 2349 582 2397 autem
621 2346 791 2413 ipsam
840 2345 970 2401 dicit
1027 2348 1299 2403 hominem
1356 2350 1572 2415 l'ecisse,
1623 2351 1823 2405 animal
1862 2369 1978 2406 om-

398 2434 549 2489 nium
600 2438 916 2492 animalium
975 2454 1095 2509 qua:
1143 2440 1198 2494 in
1254 2441 1455 2495 mundo
1505 2444 1767 2513 corpdreo
1823 2453 1969 2508 sunt,

397 2528 910 2595 praestantissimum
953 2545 1015 2585 ac
1066 2532 1300 2587 maxime
1347 2534 1577 2603 regium,
1634 2542 1822 2604 utpote
1878 2551 1971 2589 ra-

396 2611 548 2666 tione
579 2615 859 2682 przeditum
905 2624 958 2672 et
1001 2617 1320 2675 admirabile
1359 2629 1474 2675 tum
1510 2623 1724 2677 ratione
1766 2631 1974 2681 natura:

398 2711 515 2759 tum
557 2705 822 2761 institutis
855 2718 1017 2779 atque
1044 2713 1557 2776 exercitationibus.
1601 2715 1970 2782 Quaestionem

399 2805 580 2851 autem
611 2798 763 2867 ponit
792 2799 859 2854 de
894 2801 1150 2857 universo
1182 2803 1385 2858 mundo
1405 2846 1418 2866 ,
1451 2821 1621 2874 quare
1652 2805 1829 2861 factus
1853 2808 1976 2862 est?

471 2889 547 2945 De
578 2890 796 2953 homine
826 2900 1029 2960 autem,
1053 2894 1180 2947 dum
1210 2896 1399 2949 nititur
1437 2896 1833 2962 demonstrare,
1864 2913 1973 2952 non

397 2997 524 3038 esse
555 2997 587 3036 a
618 2981 728 3038 Deo
765 2983 1078 3051 formatum,
1129 2995 1306 3042 movet
1341 2988 1475 3043 alias
1504 2989 1836 3058 quaestiones
1874 2989 1972 3044 de-

2064 578 2226 632 νημα
2254 562 2360 616 τοῦ
2392 563 2580 628 αὑτὰς
2605 564 2693 629 εἰς
2715 560 2959 632 σώματα
2983 564 3296 632 ἐμπίπτειν

2134 673 2446 744 Σκοπητέον
2479 674 2576 745 μὲν
2609 674 2673 745 δὴ
2704 673 2939 746 πρῶτον,
2982 675 3113 743 ὅσην
3148 675 3336 745 σοφίαν
3364 692 3677 748 προσμαρ-

2067 768 2224 838 τυρεῖ
2264 768 2376 835 τοῖς
2431 766 2710 837 ἄρχουσιν,
2744 766 2821 830 ὡς
2869 766 3060 829 οἴεται,
3112 769 3211 837 τῆς
3255 764 3408 835 ὒλης,
3445 766 3525 835 ἦν
3582 768 3675 817 ἐπ’

2068 858 2261 929 ἀγνοίᾳ
2290 858 2467 929 πάντη
2501 858 2745 923 κακίζει·
2776 858 2871 921 ῶς,
2905 858 2991 911 ἴνα
3052 858 3124 928 μὴ
3180 855 3530 927 ἀφαιρεθῶσι
3577 855 3679 908 τοῦ

2069 948 2466 1019 προσμιγέντος
2492 948 2675 1011 αὐτοῖς
2699 948 2874 1017 φωτὸς
2905 947 3384 1019 μεμηχανημένοις
3408 945 3505 999 διὰ
3536 962 3683 1016 σαρ-

2068 1038 2165 1102 κὸς
2189 1040 2289 1111 τὴν
2338 1041 2419 1103 εἰς
2452 1039 2649 1103 αὐτοὺς
2679 1039 2903 1092 κάθοδον
2936 1043 3035 1109 τῆς
3062 1039 3240 1109 ψυχῆς
3259 1079 3272 1103 ,
3319 1038 3684 1108 ἀναδραμεῖν

2073 1131 2170 1202 μὲν
2204 1128 2360 1196 αὖθις
2391 1132 2562 1203 αὐτὴν
2591 1132 2693 1185 οὐκ
2721 1131 2916 1196 ἐῶντες
2938 1148 2952 1162 ο
2984 1133 3033 1184 εἰ
3078 1131 3134 1184 δὲ
3182 1132 3275 1184 καὶ
3325 1112 3681 1201 ἀιὲδράμοι,

2073 1223 2298 1289 ἀναξίαν
2329 1223 2726 1292 ἀποφαίνεσθαι
2752 1223 2858 1277 τῶν
2891 1223 3005 1276 ἄνω
3040 1223 3417 1294 μεμιασμένην
3453 1224 3680 1294 σαρκί-

2071 1312 2145 1374 ώς
2176 1312 2435 1366 ἀδύνατον
2469 1309 2611 1367 εἶναι
2648 1314 2822 1384 πάντη
2854 1312 2932 1385 τῷ
2954 1313 3142 1382 ἀγαθῷ
3170 1314 3268 1386 τὴν
3298 1316 3430 1386 παρ’
3460 1313 3683 1367 ἑαυτοῦ

2069 1406 2247 1476 ψυχὴν
2298 1406 2592 1478 ὁλόκληρον
2636 1407 3023 1470 διασώσασθαι,
3060 1409 3178 1471 ταῖς
3226 1411 3505 1479 μηχαναῖς
3563 1408 3684 1460 τῶν

2071 1499 2347 1568 ἀρχόντων
2379 1500 2476 1571 τῆς
2507 1499 2639 1569 ὕλης
2671 1499 3001 1570 ἡττώμενον.
3029 1501 3137 1555 Καὶ
3169 1502 3296 1571 περὶ
3327 1500 3430 1571 μὲν
3452 1501 3684 1555 τούτων

2073 1588 2152 1642 ἔτι
2177 1590 2269 1643 καὶ
2296 1590 2473 1659 λέγειν
2501 1591 2617 1655 πῶς
2654 1591 2727 1662 μὴ
2761 1591 2933 1660 γέλως
2962 1587 3029 1664 ﬁ;

2162 1791 2314 1844 Ἐπεὶ
2340 1791 2397 1843 δέ
2426 1808 2611 1863 φησιν,
2637 1792 2719 1846 ὅτι
2752 1791 2978 1863 πλάσμα
3005 1791 3220 1863 πρῶτόν
3253 1793 3379 1843 ἐστι
3416 1790 3535 1844 τῶν
3574 1791 3683 1861 ἀρ-

2075 1882 2276 1951 χόντων
2320 1883 2421 1952 τῆς
2455 1883 2587 1954 ὖλης
2627 1887 2655 1937 ὁ
2703 1884 2894 1955 Ἀδὰμ,
2937 1883 3166 1955 ὖργανον
3217 1883 3523 1952 ἐπιθυμίας
3580 1883 3683 1935 καὶ

2074 1974 2262 2046 δέλεαρ
2303 1975 2411 2028 τῶν
2456 1976 2661 2029 ἄνωθεν
2693 1976 2907 2047 ψυχῶν-
2942 1977 3082 2052 τέῳς
3118 1974 3550 2047 μεμαθήκαμεν,
3591 1976 3683 2028 ὅτι

2076 2065 2264 2135 σαφῶς
2294 2065 2601 2119 πεπλάσθαι
2638 2066 2775 2138 πρὸς
2803 2066 2902 2136 τῆς
2952 2068 3027 2138 μὴ
3056 2066 3222 2139 οὔσης
3273 2068 3403 2140 ὕλης
3428 2068 3534 2121 τὸν
3580 2069 3681 2123 ἄν·

2075 2158 2289 2230 θρωπον
2320 2158 2488 2228 λέγει,
2520 2162 2548 2213 ὁ
2589 2160 2862 2230 πανταχοῦ
2902 2163 2968 2232 τῇ
3006 2160 3108 2233 ὖλῃ
3155 2163 3251 2215 καὶ
3278 2165 3343 2232 τῇ
3387 2163 3573 2233 κακία.
3613 2178 3680 2214 τεο

2076 2250 2236 2304 πλέον
2274 2250 2455 2320 νέμων
2513 2255 2874 2323 προσποιήσει
2942 2252 3218 2323 διαϐολῆς.
3275 2252 3388 2306 Καὶ
3444 2252 3555 2306 νῦν
3607 2252 3674 2323 δὴ

2075 2341 2361 2414 ἄνθρωπον
2398 2343 2566 2413 αὐτὴν
2601 2344 2958 2413 πεποιηκέναι
2997 2342 3166 2413 λέγει,
3200 2344 3261 2396 τὸ
3291 2343 3674 2413 βασιλικώτα-

2073 2449 2164 2486 τον
2198 2434 2293 2485 καὶ
2343 2433 2718 2505 ἀρχικώτατον
2760 2435 2975 2488 πάντων
3008 2435 3072 2507 δὴ
3117 2434 3225 2489 τῶν
3269 2436 3327 2487 ἐν
3364 2434 3443 2505 τῷ
3470 2452 3679 2505 σωμα-

2074 2526 2212 2598 τικῷ
2242 2528 2431 2599 κόσμῳ
2466 2526 2642 2593 ζώων,
2681 2526 2777 2581 ἆτε
2820 2526 2885 2598 δὴ
2931 2527 3091 2597 μόνον
3144 2526 3358 2595 λογικὸν
3387 2528 3671 2597 ὑπάρχον,

2075 2622 2169 2674 καὶ
2194 2620 2498 2691 θαυμάσιον
2536 2618 2614 2691 τῷ
2643 2638 2701 2673 τε
2746 2618 2991 2690 λογισμῷ
3020 2619 3119 2689 τῆς
3153 2618 3370 2687 φύσεως
3412 2619 3515 2672 καὶ
3554 2622 3677 2683 τοῖς

2075 2710 2524 2779 ἐπιτηδεύμασιν.
2595 2710 2896 2777 Ἐπαπορεῖ
2966 2708 3065 2780 μὲν
3136 2707 3199 2764 δὴ
3247 2709 3342 2762 καὶ
3387 2709 3526 2779 περὶ
3574 2707 3675 2762 τοῦ

2077 2801 2279 2864 παντὸς
2308 2803 2535 2872 κόσμου,
2560 2802 2653 2855 τοῦ
2688 2802 2849 2873 χάριν
2880 2802 3117 2872 ἐγένετο.
3166 2856 3169 2859 ,

2147 2894 2281 2966 Περὶ
2328 2894 2385 2947 δὲ
2446 2894 2734 2965 ἀνθρώπου
2786 2895 3050 2949 δεικνύειν
3094 2895 3408 2967 ἐπιχειρῶν,
3440 2895 3527 2960 ὡς
3570 2896 3675 2952 οὒκ

2075 2982 2191 3037 ἔστι
2229 2983 2452 3052 πλάσμα
2501 2983 2658 3049 Θεοῦ,
2705 2987 2847 3037 κινεῖ
2897 2985 2995 3055 μὲν
3047 2985 3290 3055 ἀνοήτως
3333 2985 3427 3037 καὶ
3467 2984 3672 3054 ἔτερα.

401 3075 977 3143 menteszQuamada,
1025 3079 1224 3151 inquit,
1274 3081 1419 3135 dedit
1463 3082 1603 3137 Deus
1647 3083 1777 3137 Adae
1820 3100 1972 3137 man-

2099 3072 2207 3140 Ὶῶς
2246 3073 2315 3128 δὲ
2357 3060 2458 3129 κάι
2508 3074 2772 3144 ἐντολὴν
2802 3075 3029 3141 ἐδίδου,
3062 3076 3258 3147 φησιν,
3313 3078 3347 3129 ὁ
3381 3074 3535 3142 Θεὸς
3592 3076 3677 3141 τῷ

400 3164 627 3223 datum?
655 3168 885 3222 alterum
914 3170 1053 3223 enim
1090 3186 1155 3224 ex
1195 3170 1400 3226 duobus
1451 3190 1655 3228 necesse
1698 3182 1775 3227 est
1817 3189 1836 3227 :
1882 3184 1974 3227 aut

402 3261 743 3334 cognoscebat
792 3262 933 3334 quod
977 3276 1407 3335 transgressurus
1457 3278 1614 3330 esset,
1659 3276 1707 3322 et
1750 3269 1825 3321 sic
1872 3286 1978 3323 non

404 3353 579 3407 solum
606 3354 815 3422 frustra
848 3365 897 3409 et
925 3357 1164 3411 inaniter
1190 3356 1356 3421 dedit,
1382 3357 1472 3412 sed
1500 3359 1608 3427 ipse
1634 3369 1708 3415 est
1735 3360 1790 3414 in
1821 3360 1980 3429 culpa

402 3454 453 3500 et
513 3462 632 3501 reus
679 3449 881 3516 peccati
930 3450 1127 3504 illius:
1182 3460 1272 3503 aut
1321 3451 1368 3503 si
1421 3450 1634 3503 dicatur
1682 3452 1975 3520 ignorasse,

401 3554 611 3594 necesse
644 3549 721 3595 est
750 3539 944 3603 dicere,
981 3540 1143 3595 Deum
1174 3542 1476 3613 ignorantia
1501 3543 1781 3610 prwditum
1810 3561 1922 3598 esse
1958 3562 1976 3600 :

383 3614 465 3686 ἰιι
496 3631 608 3701 jam
639 3633 954 3687 mandatum
994 3634 1210 3705 quidem
1246 3649 1276 3687 a
1308 3635 1572 3705 nequitia,
1607 3643 1666 3688 ut
1695 3636 1973 3705 opinatur,

403 3720 589 3778 datum
634 3724 799 3779 fuerit
837 3726 904 3777 ad
954 3725 1319 3779 insidiandum
1375 3725 1603 3788 homini,
1655 3736 1704 3781 et
1753 3743 1865 3781 non
1909 3728 1976 3781 ad

405 3813 572 3877 aliam
619 3830 780 3870 usum
818 3834 830 3869 :
868 3814 1115 3882 adjutum
1158 3832 1289 3870 vero
1334 3831 1658 3885 magnopere.
1701 3816 1894 3882 fuisse,
1924 3826 1978 3874 et

404 3906 697 3962 liberatum
734 3907 1031 3970 hominem,
1058 3924 1183 3962 cum
1213 3907 1447 3962 credidit
1481 3908 1713 3962 consilio
1753 3925 1980 3979 serpen-

392 3999 498 4063 tis,
529 4015 690 4069 quem
732 3999 981 4068 angelum
1019 3998 1111 4054 Dei
1146 4015 1270 4054 esse
1297 3998 1562 4053 decernit.
1593 3998 1778 4055 Ca'cus
1816 4002 1976 4066 enim,

405 4088 604 4159 inquit,
641 4098 777 4142 erat.
811 4087 944 4144 Cum
984 4098 1157 4143 autem
1205 4099 1468 4160 gustasset
1503 4091 1741 4156 vetitum,
1791 4110 1980 4161 cogna-

404 4182 478 4234 nit
510 4196 566 4249 se
597 4197 709 4235 esse
753 4179 971 4244 nudum,
1014 4190 1060 4234 et
1102 4189 1396 4250 tegumenta
1440 4182 1647 4237 invento
1687 4200 1812 4237 usus
1854 4196 1979 4247 est;

404 4274 741 4344 cognouitque
798 4271 989 4326 bonum
1029 4283 1078 4326 et
1128 4268 1351 4327 malum.
1401 4273 1493 4328 Sic
1540 4291 1790 4344 magnam
1846 4276 1981 4344 cepit

404 4363 714 4418 utilitatem.

478 4474 773 4542 Quomodo,
814 4474 1024 4542 inquit,
1061 4473 1228 4528 Deum
1258 4474 1438 4541 decet,
1470 4486 1528 4528 ut
1554 4475 1695 4529 dicat
1736 4492 1754 4529 :
1793 4496 1812 4528 ι
1849 4476 1983 4533 Ecce

405 4564 579 4623 Adam
630 4564 804 4634 factus
852 4573 929 4618 est
968 4573 1226 4631 tanquam
1280 4581 1418 4618 unus
1465 4580 1530 4620 ea:
1592 4566 1764 4629 nobis,
1813 4569 1981 4623 sciens

407 4657 599 4711 bonum
623 4666 674 4711 et
703 4657 904 4711 malum
936 4658 1072 4712 ¹¹·¹⁶.
1118 4655 1276 4711 Nunc
1309 4666 1484 4711 autem
1516 4675 1580 4712 ne
1627 4659 1765 4727 forte
1806 4661 1983 4714 mittat

406 4765 622 4804 manum
655 4766 830 4814 suam,
861 4758 912 4803 et
953 4758 1129 4804 sumat
1158 4750 1320 4804 etiam
1363 4751 1426 4804 de
1465 4751 1606 4820 ligno
1653 4753 1791 4813 vitae,
1821 4759 1869 4805 et
1897 4768 1986 4805 co—

406 4838 603 4901 medat,
629 4848 679 4894 et
735 4840 873 4893 vivat
904 4839 960 4892 in
995 4848 1248 4893 aeternum
1273 4841 1298 4892 .9
1332 4858 1351 4890 ι
1380 4840 1441 4894 Si
1477 4841 1615 4894 enim
1656 4849 1863 4909 poterat
1902 4859 1985 4897 rev

403 4947 657 5002 cuperare
705 4929 1185 4995 immortalitatem,
1212 4931 1423 4985 invidus
1453 4930 1577 4998 fuit,
1611 4934 1701 5002 qui
1725 4949 1791 4987 ea:
1818 4952 1983 5003 para-

404 5023 524 5079 diso
581 5024 751 5078 virum
799 5023 991 5092 ejecit,
1034 5030 1085 5076 et
1144 5039 1178 5075 a
1224 5023 1631 5091 participatione
1680 5025 1812 5095 ligni
1865 5027 1984 5081 vita:

403 5115 673 5177 exclusit,
727 5132 828 5185 quo
889 5114 1212 5187 participato
1261 5130 1466 5185 semper
1525 5117 1984 5172 immortalitatem

406 5209 598 5263 habere
627 5216 849 5277 poterat.

482 5365 600 5396 ³²·¹⁶
639 5363 775 5420 Gen.
812 5380 908 5432 ιιι,
939 5364 1033 5422 22.

480 5519 594 5590 (30)
635 5523 856 5591 Παραϐ.
906 5520 1106 5578 Omisit
1160 5520 1432 5591 lnterpres
1480 5522 1593 5575 haec
1638 5521 1819 5583 verba,
1865 5535 1988 5590 quae

408 5588 517 5643 Titi
556 5588 937 5659 argumentum
986 5591 1286 5647 conficiunt
1310 5588 1337 5645 Ξ
1374 5593 1506 5645 Cum
1536 5588 1990 5661 transgrederétur

410 5661 719 5715 mandatum
751 5662 868 5722 Dei,
903 5663 990 5733 qui
1019 5664 1189 5732 ipsum
1226 5672 1376 5717 tanta
1410 5680 1526 5716 cum
1558 5663 1818 5732 sapientia
1842 5679 1989 5717 crea-

2091 3167 2297 3237 Ἇδάμ;
2321 3167 2492 3222 δυοῖν
2520 3169 2619 3222 καί
2649 3167 2923 3236 θάτερον,
2944 3168 2982 3237 ἢ
3010 3168 3341 3239 ἐγίνωσκεν
3366 3169 3446 3234 ὠς
3470 3186 3675 3239 παραν-

2078 3261 2325 3329 ὄήσεται
2347 3303 2361 3327 ,
2392 3262 2490 3315 καὶ
2519 3264 2591 3315 οὐ
2632 3260 2836 3331 μάτην
2862 3260 3291 3331 μόνονὲδίδου
3312 3300 3326 3324 ,
3367 3261 3541 3315 ἀλλὰ
3569 3262 3673 3316 καὶ

2077 3354 2266 3419 αἴτιος
2300 3355 2485 3409 αὐτοῦ
2512 3370 2524 3382 ·
2565 3354 2603 3423 ἢ
2638 3354 2976 3425 ἀγνοοῦντα
3013 3353 3235 3424 λέγειν,
3280 3353 3519 3424 ἀνάγκη
3563 3354 3675 3408 τὸν

2081 3447 2230 3500 Θεὸν
2257 3447 2474 3516 ἀγνοίᾳ
2507 3447 3003 3516 περιϐεϐλῆσθαιο
3038 3447 3113 3510 ὡς
3144 3447 3242 3518 τὴν
3268 3446 3483 3516 ἐντολὴν
3516 3445 3669 3500 δεδό-

2080 3536 2203 3589 σθαι
2251 3538 2369 3608 μέν,
2398 3538 2479 3601 εἰς
2516 3537 2806 3608 ἐπιϐουλὴν
2846 3539 2903 3592 δέ
2930 3538 3025 3593 τοῦ
3057 3538 3345 3612 ἀνθρώπου
3378 3538 3521 3610 πρὸς
3565 3539 3669 3609 τῆς

2079 3628 2305 3693 κακίας,
2337 3629 2413 3692 ὡς
2444 3628 2615 3683 οἴεται
2636 3669 2651 3693 ,
2686 3630 2781 3683 καὶ
2830 3629 3046 3693 οὐδενὸς
3090 3630 3276 3699 ἐτέρου
3296 3646 3309 3660 ·
3341 3627 3667 3698 ὠφελῆσθαι

2078 3722 2135 3776 δὲ
2164 3722 2233 3776 τὰ
2270 3723 2501 3793 μέγιστα
2536 3722 2631 3776 καὶ
2658 3720 3067 3792 ἠλευθερῶσθαι
3094 3723 3185 3775 τὸν
3214 3721 3497 3792 ἄνθρωπον
3542 3737 3666 3773 meo

2080 3813 2275 3868 σθέντα
2324 3813 2603 3885 συμϐουλῇ
2633 3812 2727 3866 τοῦ
2773 3812 2972 3881 ὄφεως,
3024 3812 3082 3866 ὃν
3120 3811 3352 3880 ἄγγελον
3393 3805 3540 3863 εἶναι
3571 3808 3664 3864 τε]

2079 3904 2285 3974 ἀγαθοῦ
2318 3905 2645 3976 διορίζεται’
2677 3906 2913 3975 Τυφλὸς
2940 3904 3056 3976 μὲν
3076 3907 3187 3975 γὰρ
3207 3902 3307 3976 ἦν,
3337 3904 3504 3976 φησί’
3532 3922 3666 3975 τευ-

2081 3997 2345 4066 σὰμενος
2377 3996 2446 4050 δὲ
2492 3997 2599 4052 τοῦ
2640 3998 3171 4067 ἀπηγορευμένον,
3215 3993 3374 4051 εἶδεν
3418 3997 3662 4057 ἑαυτὸν,

2082 4089 2171 4142 ὅτι
2204 4088 2429 4159 γυμνὸς
2451 4085 2533 4159 ἦν
2549 4104 2563 4118 ·
2591 4089 2691 4145 καὶ
2713 4088 2910 4159 σκέπῃ
2934 4089 3010 4158 τῇ
3032 4090 3341 4158 εὑρεθείσῃ
3370 4088 3663 4159 κατεχρή-

2081 4196 2232 4233 σατο
2251 4197 2264 4210 ·
2301 4181 2400 4234 καί
2427 4180 2581 4250 ἔγνω
2611 4183 2874 4251 τάγαθόν
2902 4199 2964 4235 τε
2998 4180 3097 4235 καὶ
3128 4181 3193 4235 τὸ
3228 4182 3435 4235 κακόν.
3462 4182 3662 4246 οὕτως

2076 4268 2346 4338 μάλιστα
2389 4270 2719 4340 ὠφέληται,
2762 4271 3187 4351 παραϐεϐηκὼς
3214 4271 3325 4343 (50)
3369 4270 3438 4324 τὸ
3476 4252 3659 4340 πρόσ-

2082 4378 2276 4430 ταγμα
2307 4361 2413 4414 τοῦ
2445 4362 2779 4429 ἐπιϐούλως
2812 4362 3182 4430 πλάσαντος.
3486 4388 3491 4391 ι

2154 4474 2288 4542 Πῶς
2316 4474 2405 4538 δὲ,
2429 4479 2588 4547 φησι,
2611 4476 2824 4547 πρέποι
2854 4478 2975 4544 Θεῷ
2996 4478 3199 4549 λέγειν
3217 4496 3229 4508 ⁸
3253 4497 3271 4529 ι
3308 4476 3455 4532 Ἰδοὺ
3488 4477 3661 4544 Ἀδὰμ

2085 4566 2332 4637 γέγονεν
2358 4569 2441 4635 ὡς
2464 4565 2553 4635 εἷς
2573 4570 2643 4634 ἐξ
2678 4570 2847 4639 ἡμῶν
2874 4571 2980 4624 τοῦ
3009 4569 3330 4640 γινώσκειν
3348 4568 3547 4623 καλὸν
3568 4568 3658 4621 καὶ

2086 4662 2355 4728 πονηρόν
2372 4678 2390 4725 ;
2406 4662 2517 4716 Καὶ
2533 4662 2651 4715 νῦν
2661 4662 2899 4732 μήποτε
2914 4664 3185 4729 ἐκτείνας
3203 4662 3318 4728 τὴν
3327 4662 3495 4731 χεῖρα
3507 4661 3659 4728 ltitia

2086 4750 2193 4803 τοῦ
2207 4749 2397 4814 ξύλου
2426 4750 2536 4819 τῆς
2548 4750 2717 4821 ζωῆς,
2743 4754 2839 4806 καί
2855 4752 3045 4822 φάγῃ,
3068 4754 3171 4807 καὶ
3200 4752 3438 4817 ζήσεται
3452 4755 3547 4818 είς
3560 4752 3661 4805 τὸν

2086 4836 2290 4896 αιῶνα.
2329 4844 2432 4895 »σει
2463 4846 2573 4913 γὰρ
2594 4842 2746 4913 ὲνῆν
2780 4845 3125 4899 ἀθανασίαν
3150 4844 3497 4907 ἀπολαϐεῖν,
3525 4847 3662 4913 scae-

2088 4935 2263 5001 νερὸς
2283 4934 2355 4988 δὲ
2377 4938 2409 4988 ὁ
2439 4935 2784 4999 ἐξελαύνων
2809 4937 2915 4991 τοῦ
2937 4936 3307 5004 παραδείσου
3325 4937 3433 4991 τὸν
3452 4936 3659 5003 ἄνδρα

2089 5026 2190 5079 καὶ
2224 5027 2562 5081 ἀποκλείων
2602 5027 2761 5094 αὐτῷ
2798 5029 2916 5097 τὴν
2946 5030 3279 5099 μετουσίαν
3324 5029 3432 5083 τοῦ
3475 5029 3662 5093 ξύλου

2092 5117 2203 5186 τῆς
2253 5119 2433 5187 ζωῆς,
2469 5117 2542 5178 οὗ
2586 5123 2855 5192 μετέχων
2904 5126 2972 5190 ἐς
3037 5126 3129 5180 ἀεὶ
3184 5125 3300 5193 τὴν
3330 5126 3665 5180 ἀθανασίαν

2094 5210 2260 5279 ἔχειν
2290 5208 2417 5280 οἷός
2451 5232 2515 5268 τε
2550 5211 2649 5286 ἦν.

2095 5530 2261 5576 verat.
2291 5518 2691 5595 Ridetscilicct
2716 5520 2872 5577 Titus
2895 5522 3245 5595 Manichaéos.
3264 5525 3357 5595 qui
3380 5525 3664 5581 utilitatem

2096 5610 2161 5648 ex
2195 5602 2420 5663 peccato
2444 5594 2667 5650 ﬂuxisse
2702 5598 3075 5650 autumabant.
3117 5593 3303 5650 Bssa'.‘
