3824 6140
182 351 335 413 1915

1205 362 1574 421 ADVERSUS
1611 364 2035 423 MAMCIM‘IOS
2074 367 2202 422 LIB.
2244 367 2335 426 Ill.

3304 374 3440 431 12H

169 520 179 527 “
200 514 3411 561 ~—-—.——-—-—-——-————-———————————————_——___..

1314 686 1669 778 LIBER
1741 688 2296 782 TERTIUS.

629 967 759 1024 CAP.
796 967 839 1022 l.
881 967 1165 1023 Manichcei
1205 968 1362 1023 Vetus
1396 968 1788 1023 Testamentum
1815 970 2212 1023 calumniantur
2240 984 2258 1022 :
2290 966 2575 1038 Evangelia
2599 969 3001 1026 circumcidunt.

252 1083 731 1157 ,Ἐξεργασὼμεθα
752 1085 809 1139 δὲ
830 1086 1032 1140 καὶτὸν
1056 1087 1183 1159 περὶ
1205 1086 1294 1140 τὸν
1322 1088 1485 1157 νόμον
1510 1087 1763 1160 μετρίως,

1937 1087 2230 1159 Postquam
2274 1096 2453 1142 autem
2495 1088 2562 1144 de
2600 1090 2868 1161 principio
2894 1092 3133 1149 breviter
3169 1095 3437 1153 disserui-

183 1179 271 1243 εἰς
313 1180 405 1232 τὸν
441 1180 566 1251 περὶ
611 1180 708 1251 τῆς
740 1179 913 1249 ἀρχῆς
943 1179 1287 1249 κεκινημένοι
1330 1178 1487 1246 λόγον
1516 1196 1529 1209 ·
1573 1179 1764 1231 ἀποδέ-

185 1270 385 1340 χεσθαι
430 1270 540 1340 γὰρ
582 1270 899 1340 νενομίκασι
949 1270 1011 1322 τὸ
1060 1269 1419 1338 Εὑαγγέλιον’
1454 1269 1763 1341 μέμφεσθαι

186 1362 248 1416 δὲ
279 1362 647 1416 ἐσπουδάκασι
700 1361 777 1433 τῷ
807 1362 956 1433 νόμῳ
988 1362 1081 1415 καὶ
1127 1364 1240 1425 τοῖς
1296 1367 1600 1433 προφήταις
1621 1379 1634 1391 ·
1672 1362 1765 1415 καὶ

186 1455 372 1508 πᾶσαν
402 1453 499 1525 μὲν
529 1453 918 1524 διαϐεϐλήκασι
964 1454 1063 1524 τὴν
1108 1452 1351 1506 Παλαιὰν
1374 1496 1388 1519 ,
1425 1455 1674 1524 τιμήσειν
1707 1453 1763 1507 δὲ

191 1546 586 1617 ὑπονενοήκασι
613 1546 681 1598 τὰ
710 1545 1039 1614 Εὐαγγέλια,
1076 1545 1531 1617 σχηματιζόμενοι
1568 1545 1763 1616 μᾶλλον

189 1637 434 1708 τὴντῶν
482 1638 829 1707 Εὐαγγε).ίων
878 1638 1073 1709 τιμήν·
1127 1639 1215 1692 ἵνα
1246 1638 1336 1692 τὸν
1391 1638 1764 1709 σχηματισμὸν

187 1726 386 1801 δέλεαρ
417 1727 524 1782 τῶν
569 1728 945 1797 ἀπατωμένων
986 1727 1243 1783 λάϐωσιν.
1276 1729 1411 1782 Οὐδὲ
1442 1729 1549 1801 γὰρ
1579 1729 1762 1799 ἐπειδὴ

192 1818 559 1872 συντέθεινται
587 1821 700 1882 τοῖς
736 1819 1108 1888 Εὑαγγελίοις,
1148 1821 1313 1891 τιμᾷν
1348 1819 1665 1891 ὁμολογοῦσι
1697 1819 1766 1872 τὰ

188 1908 533 1980 Εὐαγγέλιαο
583 1910 697 1964 ἀλλ’
761 1908 950 1982 ἐπειδὴ
997 1911 1283 1982 τετίμηται
1332 1910 1392 1963 τὸ
1445 1911 1614 1981 ὄνομα
1668 1909 1761 1963 τοῦ

204 2002 406 2074 Ἰησοῦ.
463 2003 912 2075 προσποιοῦνται·
962 2003 1069 2057 ἔδει
1106 2003 1215 2073 γὰρ
1261 2003 1489 2066 αὐτοὺς,
1540 2002 1654 2071 εῐγε
1695 2002 1763 2055 τὰ

194 2091 508 2161 Εὑαγγέλια
564 2091 787 2162 ἐτίμων,
827 2092 901 2163 μὴ
949 2090 1291 2163 περιτέμνειν
1329 2090 1395 2144 τὰ
1439 2091 1760 2159 Εὐαγγὲλια,

192 2184 271 2255 μὴ
304 2184 443 2259 μέρη
474 2183 582 2237 τῶν
618 2182 963 2252 Εὐαγγελίων
985 2183 1279 2252 ὲξυφελείν,
1310 2182 1384 2254 μὴ
1410 2184 1568 2254 ἕτερα
1601 2200 1766 2254 προσ-

190 2276 384 2340 θεῖναι,
432 2278 567 2349 μήτε
613 2276 755 2347 λόγῳ
803 2276 941 2346 μήτε
975 2276 1080 2348 ἰδίᾳ
1121 2274 1314 2347 γνώμῃ
1342 2276 1409 2329 τὰ
1458 2274 1763 2343 Εὐαγγέλια

187 2369 585 2439 προσγράφειν.
605 2368 738 2421 Οὐδὲ
762 2368 984 2436 γλῶσσα
1004 2367 1117 2438 ἔχει
1139 2368 1207 2421 τὰ
1232 2366 1539 2435 Εὐαγγέλια
1568 2367 1757 2441 ταῦτα,

187 2461 288 2514 καὶ
344 2458 646 2528 ἀναγνώσει
707 2445 1136 2531 παραπέμπουσι
1161 2476 1174 2490 ·
1234 2460 1760 2530 προσγεγραφήκασι
1792 2437 1834 2491 Β

187 2550 324 2620 γοῦν
350 2552 450 2604 ὅσα
501 2550 886 2621 βεϐούληνται,
927 2550 1022 2604 καὶ
1065 2549 1412 2616 ὲξυφείλαντο
1450 2550 1549 2602 ὅσα
1578 2548 1764 2620 κεκρί-

187 2660 322 2699 κασι
346 2660 359 2674 ’
392 2644 487 2696 καὶ¹
525 2643 709 2697 λοιπὸν
753 2638 999 2713 ὀνόματι,
1026 2644 1119 2697 καί
1162 2643 1220 2696 ὲν
1253 2641 1425 2713 τούτῳ
1456 2642 1760 2711 ψεύδονται,

187 2731 417 2787 καλοῦσι
466 2732 528 2785 τὸ
581 2733 933 2801 Εὑαγγὲλιον,
974 2732 1035 2785 τὸ
1074 2730 1232 2803 σῶμα
1279 2731 1373 2784 τοῦ
1430 2730 1762 2800 Εὑαγγελίου

193 2825 277 2898 μὴ
314 2824 675 2897 τετηρηκότες
711 2826 890 2896 σῶμα,
939 2824 1053 2878 ἀλλ’
1092 2826 1275 2895 ἕτερον
1306 2824 1466 2894 σῶμα
1500 2822 1762 2895 γραμμά-

184 2935 323 2983 των,
369 2919 528 2991 μέχρι
570 2918 667 2973 τοῦ
717 2919 979 2990 ὀνόματος
1025 2918 1117 2972 τοῦ
1167 2918 1497 2987 Εὑαγγελίου
1543 2918 1764 2987 φθάνον,

187 3013 553 3082 πεποιηκότες
579 3016 696 3077 ταῖς
738 3013 895 3077 ἰδίαις
927 3012 1231 3084 βουλήσεσι.
1268 3012 1468 3075 Μεῖζον
1517 3011 1625 3079 γὰρ
1656 3010 1764 3062 τῶν

189 3104 368 3159 ἄλλων
392 3103 500 3175 (51)
533 3103 834 3175 ἠτιμάκασι
867 3103 935 3156 τά
979 3102 1319 3171 Εὑαγγέλιαο
1350 3103 1399 3153 0t
1441 3101 1538 3172 μὲν
1564 3100 1670 3172 γὰρ
1703 3100 1762 3152 οὐ

189 3194 457 3266 δέχονται,
502 3195 596 3248 καὶ
642 3194 718 3266 μὴ
762 3194 1040 3265 δεχόμενοι
1072 3195 1131 3246 οὑ
1169 3193 1588 3264 διαφθείρουσιν,
1633 3192 1768 3246 ἀλλὰ

192 3285 355 3358 μόνον
395 3285 760 3348 ἀποσείονται,
812 3285 874 3338 οὐ
939 3284 1036 3355 μὲν
1092 3285 1185 3338 καὶ
1244 3284 1603 3355 ἐμϐατεύουσι
1655 3286 1766 3347 τοῖς

184 3372 543 3450 γράμμασιν·
575 3379 625 3431 οἱ
656 3377 712 3430 δὲ
743 3377 1021 3448 εἰληφέναι
1060 3378 1360 3441 δοκοῦντες,
1391 3378 1764 3437 ἐνεϐάτευσαν,

186 3472 583 3543 ἐνεχόρευσαν,
647 3471 1086 3543 ὲνεκαπήλευσαν
1138 3473 1251 3534 τοῖς
1300 3470 1625 3541 γράμμασι·
1675 3472 1769 3523 καὶ

186 3564 405 3636 γοήτων
431 3563 569 3635 ἔργα
595 3564 689 3617 καὶ
724 3563 979 3635 πονηρῶν
1007 3562 1350 3634 δεδράκασιν.
1391 3563 1617 3614 Ἐκεῖνοι
1649 3562 1771 3631 ἠπί-

188 3673 420 3729 στησαν,
451 3656 581 3727 ψιλῇ
609 3657 673 3728 τῇ
733 3656 960 3727 ἀπιστίᾳ
992 3655 1319 3726 κέχρηνταιο
1356 3653 1392 3707 ἃ
1432 3654 1506 3725 μὴ
1550 3654 1769 3708 πιστεύ-

188 3764 335 3811 ουσι,
386 3747 732 3819 φιλολογῆσαι
784 3748 884 3801 οὐκ
932 3747 1253 3818 ⁴Ιγνέσχοντο·
1314 3741 1478 3810 οὗτοι,
1515 3749 1572 3800 ἐν
1621 3747 1769 3818 μέσῳ
1796 3770 1836 3823 ε)

187 3835 492 3908 γενόμενοι,
525 3837 671 3892 λύειν
704 3839 802 3909 τὴν
841 3838 1105 3909 ἁρμονίαν
1154 3839 1601 3910 ἐπικεχειρήκασι
1621 3856 1634 3868 ·
1667 3857 1764 3892 κα-

188 3928 410 3983 ταλύειν
441 3929 533 3982 τὸν
573 3929 775 4001 ρυθμδν
821 3930 1184 4001 τετολμήκασι
1231 3930 1617 4000 τεχνασμένοις
1663 3948 1767 4001 μα-

188 4016 453 4093 θήμασιν,
483 4021 737 4076 ὑπόθεσιν
767 4023 980 4093 ἀπάτης
1015 4023 1076 4075 τὸ
1102 4022 1273 4092 ὄνομα
1305 4023 1398 4076 τοῦ
1426 4024 1761 4092 Εὐαγγελίου

190 4114 690 4185 παρεσκευακότες.
720 4115 784 4167 Ei
814 4113 922 4185 γὰρ
952 4113 1169 4184 ᾔδεισαν
1202 4114 1262 4165 τὸ
1286 4114 1637 4182 Εὑαγγὲλιον,
1666 4113 1765 4165 οὐκ

190 4204 421 4273 ἠγνόουν
446 4203 536 4257 τὸν
566 4204 728 4275 νόμον
748 4222 760 4234 ο
793 4207 839 4257 εἰ
884 4204 941 4257 δὲ
993 4204 1265 4275 ἠγνόησαν
1297 4204 1387 4258 τὸν
1429 4205 1611 4275 νόμον,
1649 4204 1765 4268 πῶς

192 4297 286 4350 τὸν
321 4296 527 4368 Ἰησοῦν
552 4295 947 4367 παρεδέξαντο;
978 4295 1097 4366 δίχα
1128 4295 1237 4367 γὰρ
1271 4296 1436 4366 νόμου
1471 4295 1675 4367 Ἰησοῦς
1703 4296 1763 4349 οὐ

195 4387 711 4458 παραλαμϐάνεταιο
747 4388 776 4439 ὁ
820 4387 927 4458 γὰρ
957 4387 1017 4439 τὸ
1061 4386 1213 4450 τέλος
1254 4386 1430 4440 ποθῶν
1457 4388 1553 4455 τὴν
1586 4388 1758 4458 ἀρχὴν

194 4479 649 4551 περιεργάζεταιδ
710 4481 737 4533 ὁ
782 4480 837 4532 δὲ
882 4480 982 4549 τῆς
1040 4480 1213 4551 ἀρχῆς
1260 4480 1540 4551 γινόμενος
1602 4482 1767 4551 ὑπερ-

191 4572 367 4644 όπτης
397 4571 720 4636 κενοπαθεῖ,
766 4570 1057 4640 κενολογεῖ,
1090 4570 1228 4642 πρὸς
1281 4570 1431 4634 τέλος
1463 4570 1642 4640 ἄφιξιν
1668 4572 1768 4625 οὐκ

189 4662 327 4735 ἔχει.

1867 1196 2010 1245 mus,
2050 1189 2448 1251 pertractemus
2490 1185 2844 1251 quaestionem
2890 1186 2957 1241 de
2987 1187 3104 1257 lege
3134 1206 3149 1243 :
3184 1188 3439 1246 decreve-

1865 1284 1993 1328 runt
2034 1275 2179 1328 enim
2246 1277 2501 1345 amplecti
2554 1276 2948 1348 Evangelium;
2984 1280 3153 1350 legem
3201 1297 3332 1336 vero
3383 1290 3439 1337 et

1864 1368 2158 1437 prophetas
2189 1367 2586 1433 reprehendere
2625 1370 2973 1423 studuerunt.
2998 1370 3073 1425 Ac
3111 1378 3285 1424 totum
3316 1373 3443 1442 qui-

1865 1457 1985 1511 dem
2035 1456 2202 1512 Vctus
2241 1456 2649 1513 Testamentum
2695 1460 3013 1513 calumniati
3061 1469 3217 1526 sunt,
3260 1461 3444 1516 Evan-

1863 1551 1999 1620 gelia
2054 1567 2183 1606 vero
2231 1552 2500 1607 honorare
2551 1567 2609 1607 se
2674 1553 2937 1621 suspicati
2982 1562 3131 1617 sunt,
3177 1553 3439 1609 honorem

1865 1645 2047 1715 potius
2082 1645 2495 1715 Evangeliorum
2529 1646 2853 1701 simulantes
2885 1663 2900 1712 ;
2945 1654 3004 1700 ut
3033 1655 3177 1701 esset
3208 1647 3444 1701 simula-

1865 1739 1943 1792 tio
2022 1738 2442 1791 invitamentum
2502 1752 2690 1791 eorum
2742 1753 2882 1806 quos
2943 1738 3279 1807 deciperent.
3327 1736 3443 1793 Nec

1863 1828 2009 1882 enim
2070 1827 2196 1897 quia
2242 1830 2620 1882 assentiuntur
2672 1827 3012 1899 Evangeliis,
3056 1837 3328 1883 honorare
3380 1843 3441 1883 se

1865 1917 2159 1988 Evangelia
2208 1918 2538 1973 conﬁtentur
2570 1937 2582 1973 :
2617 1920 2748 1989 quin
2780 1920 2961 1989 potius
2999 1919 3125 1989 quia
3170 1918 3442 1974 honorant

1864 2024 2059 2063 nomen
2083 2009 2234 2074 Jesu,
2267 2011 2471 2082 tingunt
2497 2011 2755 2065 honorem
2783 2010 3202 2079 Evangeliornm
3236 2024 3249 2063 :
3280 2024 3439 2080 opor'

1865 2101 2011 2156 lebat
2053 2110 2233 2157 autem
2263 2119 2377 2165 eos,
2414 2104 2457 2158 si
2490 2104 2709 2173 quidem
2738 2102 3042 2174 Evangelia
3073 2102 3443 2166 honorabant,

1862 2210 1969 2248 non
2007 2195 2398 2249 circumcidere
2422 2195 2711 2264 Evangelia
2739 2213 2753 2262 ;
2794 2210 2904 2248 non
2937 2195 3153 2248 demere
3180 2195 3245 2249 de
3270 2192 3437 2248 Eval.

1864 2282 2042 2352 geliis,
2078 2297 2185 2335 non
2222 2283 2326 2336 alia
2363 2298 2659 2353 apponere,
2695 2299 2871 2353 neque
2911 2283 3094 2337 verbis
3126 2290 3180 2337 et
3220 2282 3446 2352 prOpria

1864 2372 2132 2426 sententia
2187 2371 2477 2443 Evangelia
2527 2374 2823 2428 ascribere.
2888 2372 3001 2427 Nec
3057 2372 3201 2427 enim
3246 2386 3439 2426 eorum

1863 2464 2046 2533 lingua
2095 2463 2208 2518 inec
2254 2465 2540 2533 Evangelia
2588 2464 2780 2527 habet,
2821 2470 2874 2517 et
2914 2478 3102 2517 eorum
3152 2462 3437 2516 lectionem

1865 2558 2307 2626 prtetermittunt.
2344 2558 2734 2627 Ascripserunt
2760 2557 2945 2626 itaque
2974 2570 3311 2626 quaecunque
3344 2568 3440 2608 vo-

1866 2648 2109 2713 luerunt,
2144 2657 2197 2703 et
2241 2649 2593 2703 detraxerunt
2638 2663 2975 2719 quaecunque
3006 2648 3389 2717 iudicaverunt
3420 2662 3435 2700 :

1865 2747 1921 2794 et
1956 2748 2146 2810 postea
2200 2739 2422 2795 nomine
2456 2740 2730 2809 appellant
2775 2733 3062 2807 Evangelia
3105 2737 3198 2806 qui
3239 2747 3440 2804 corpus

1866 2827 2146 2899 Evangelii
2178 2844 2287 2882 non
2327 2836 2703 2890 servaverunt,
2728 2827 2820 2881 sed
2854 2828 3034 2896 potius
3062 2823 3209 2878 aliud
3235 2836 3439 2893 corpus

1865 2922 2194 2980 litterarum,
2224 2920 2368 2991 quod
2404 2935 2576 2990 usque
2603 2919 2668 2973 ad
2694 2936 2888 2975 nomen
2915 2927 3125 2973 tantum
3162 2914 3439 2987 Evangelii

1867 3014 2149 3083 pertingit,
2198 3013 2419 3084 pr0pria
2469 3014 2740 3067 voluntate
2791 3013 3056 3067 fecerunt.
3102 3009 3233 3064 Plus
3292 3007 3440 3063 enim

1842 3119 2032 3173 quam
2059 3105 2289 3172 gentiles
2326 3103 2613 3172 Evangelia
2643 3103 3116 3155 inhonoravcrunt
3152 3119 3165 3154 :
3206 3099 3284 3153 illi
3328 3112 3439 3151 non

1868 3194 2141 3263 recipiunt
2164 3235 2177 3255 ,
2208 3203 2261 3249 et
2288 3210 2397 3247 non
2431 3193 2743 3262 recipiendo
2775 3209 2881 3247 non
2911 3198 3307 3260 corrumpunt,
3344 3188 3439 3244 sed

1869 3291 2044 3343 solum
2098 3288 2355 3357 rejiciuut
2383 3326 2398 3350 ,
2452 3301 2561 3340 non
2609 3292 2790 3339 tamen
2835 3286 3046 3338 calcant
3092 3284 3345 3336 litteras:
3383 3281 3439 3334 hi

1872 3396 2000 3433 vero
2029 3394 2151 3431 cum
2193 3380 2468 3447 recepisse
2498 3378 2843 3440 videbantur,
2875 3375 3242 3433 calcaverunt,
3269 3371 3443 3425 insul-

1871 3480 2055 3532 tarunt
2091 3479 2144 3525 et
2186 3471 2629 3525 adulteraverunt
2663 3471 2910 3531 litteras;
2960 3476 3013 3521 et
3043 3465 3186 3535 quod
3223 3464 3441 3534 praesti-

1869 3563 2110 3633 giatores
2163 3570 2216 3616 et
2274 3562 2507 3632 improbi
2572 3560 2800 3622 faciunt,
2878 3558 3143 3612 fecerunt.
3195 3556 3272 3609 Illi
3329 3570 3442 3610 non

1871 3654 2223 3710 crediderunt
2266 3654 2463 3715 solum,
2495 3659 2548 3707 et
2577 3652 2779 3722 quibus
2824 3665 2931 3703 non
2967 3646 3338 3711 crediderunt,
3373 3644 3443 3699 de

1870 3748 1950 3802 eis
1988 3763 2013 3801 ο
2043 3762 2101 3800 se
2127 3746 2320 3800 disseri
2356 3761 2462 3799 non
2496 3745 2777 3814 patiuntur
2811 3761 2823 3796 :
2858 3741 2913 3794 hi
2947 3754 3073 3794 vero
3113 3738 3167 3792 in
3200 3736 3440 3792 medium

1870 3838 2202 3909 prodeuntes
2243 3837 2422 3889 conati
2456 3842 2584 3889 sunt
2618 3839 2943 3889 concentum
2970 3830 3180 3885 solvere
3209 3846 3223 3896 ;
3252 3826 3443 3881 modu-

1870 3932 2125 3984 lationem
2176 3929 2441 3984 doctrinis
2493 3928 2727 3981 artilicio
2774 3923 3055 3979 fabricatis
3090 3921 3281 3977 tollere
3320 3917 3443 3974 ausi

1868 4031 2015 4089 sunt,
2048 4030 2351 4093 praeparato
2377 4021 2593 4074 nomine
2624 4017 2921 4088 Evangelii,
2954 4023 3014 4069 ut
3040 4020 3185 4069 esset
3215 4010 3443 4066 fallacia

1868 4131 2054 4169 causa.
2106 4112 2162 4168 Si
2202 4113 2345 4167 enim
2394 4110 2742 4180 Evangelium
2805 4105 3210 4177 cognovissent,
3268 4103 3442 4171 legem

1869 4224 1980 4262 non
2040 4207 2384 4277 ignorassent
2428 4222 2441 4257 :
2501 4202 2647 4273 quod
2698 4202 2744 4255 si
2794 4200 2962 4270 legem
3008 4197 3441 4268 ignoraverunt,

1871 4299 2145 4370 quomodo
2176 4297 2358 4352 Jesum
2402 4295 2767 4365 receperunt?
2808 4294 2926 4349 sine
2968 4292 3083 4360 lege
3114 4290 3258 4343 enim
3284 4285 3445 4341 Chri-

1873 4399 1991 4446 stus
2013 4407 2120 4446 non
2155 4390 2414 4459 recipitur
2448 4408 2460 4443 :
2493 4404 2616 4442 nam
2648 4386 2741 4456 qui
2770 4385 2929 4439 linem
2963 4382 3255 4443 desiderat,
3288 4379 3442 4449 prin—

1873 4485 2073 4553 cipium
2127 4483 2462 4551 investigat:
2500 4488 2689 4533 contra
2734 4492 2885 4539 vero,
2923 4476 3014 4545 qui
3062 4482 3145 4528 est
3190 4469 3442 4542 principii

1875 4580 2236 4643 contemptor,
2266 4587 2439 4626 vanus
2465 4577 2568 4635 est,
2592 4583 2730 4624 vane
2750 4567 3013 4636 loquitur,
3041 4579 3147 4617 non
3172 4567 3349 4632 potest
3384 4557 3442 4612 in

1880 4663 2038 4719 tinem
2069 4663 2321 4717 evadere.

1283 4771 1419 4830 CAP.
1458 4773 1526 4830 ll.
1568 4774 1673 4830 Lex
1704 4776 2001 4830 necessaria
2030 4772 2371 4829 Christianis.

262 4891 328 4945 Et
351 4889 408 4943 δὲ
435 4887 610 4955 τέλος
632 4889 821 4957 νόμου
839 4887 1111 4956 Χριστὸς,
1140 4887 1505 4959 ματαιοπονοῦ
1515 4906 1588 4952 σι,
1612 4889 1777 4960 νόμου

192 4983 295 5056 μὲν
326 4981 563 5051 φυγάδες
586 4980 756 5047 ὄντες,
775 4979 983 5051 Ἰησοῦν
1006 4980 1064 5033 δὲ
1087 4979 1775 5051 εἰδέναιὲπαγγελλόμενοι.

192 5077 259 5129 Et
293 5075 369 5146 μὴ
396 5074 562 5143 νόμος
596 5072 841 5143 λαλήσει,
864 5073 892 5125 ὁ
929 5072 1133 5144 Κύριος
1172 5073 1272 5126 οὐκ
1314 5074 1766 5142 ἐπιγινώσκεται·

190 5169 226 5236 ἡ
257 5165 367 5236 γὰρ
391 5164 570 5236 σιωπὴ
598 5163 693 5217 τοῦ
719 5164 910 5234 νόμου,
936 5163 1128 5231 ἄγνοια
1153 5162 1247 5216 τοῦ
1269 5181 1337 5236 κη
1348 5165 1671 5236 ρυττομένου
1691 5180 1705 5195 ο
1733 5166 1766 5234 ὴ

187 5260 247 5311 δὲ
271 5257 368 5312 τοῦ
382 5257 549 5329 νόμου
576 5257 834 5327 μάθησις,
853 5256 1151 5324 ἐπίγνωσις
1176 5255 1274 5311 τοῦ
1295 5257 1770 5330 προκαταγγελλο-

195 5349 381 5421 μένου.
413 5348 477 5403 Et
511 5348 621 5421 γὰρ
655 5348 940 5412 Μωῦσέως
973 5349 1192 5419 ἢκουον,
1237 5350 1522 5403 ἐπίστευον
1567 5351 1648 5414 εἰς
1680 5350 1771 5403 τὸν

191 5438 857 5513 παρεληλυθότα.’Δμέλει
890 5442 951 5493 οὐ
975 5438 1291 5495 πιστεύεται
1323 5442 1351 5494 ὁ
1382 5441 1769 5514 ἐγηγερμένος,

266 5603 314 5638 ⁸⁸
345 5602 509 5660 Rom.
539 5620 606 5668 ς,
638 5602 691 5657 tl.

267 5759 379 5831 (3i)
425 5759 675 5814 Ἀυυων.
706 5756 978 5829 lnterpres
1007 5755 1220 5828 legebat
1246 5753 1432 5809 ἐθνῶν.

1949 4887 2007 4941 Si
2039 4895 2218 4941 autem
2253 4886 2376 4956 ﬁnis
2407 4884 2534 4954 tegis
2566 4890 2649 4939 est
2685 4880 2928 4937 Christus
2962 4879 3025 4943 ’⁸,
3060 4876 3262 4932 frustra
3293 4874 3443 4930 labo-

1875 4987 2000 5033 rant
2054 4978 2148 5049 qui
2191 4978 2360 5048 legem
2418 4975 2651 5045 fugiunt,
2694 4982 2747 5028 et
2802 4970 3164 5041 cognitionem
3212 4965 3342 5022 Jesu
3384 4981 3445 5021 se

1876 5070 2076 5124 habere
2097 5070 2442 5139 proﬁtentur.
2476 5066 2594 5120 Nisi
2628 5066 2709 5119 lex
2740 5065 3014 5134 loquatur,
3042 5059 3307 5114 Dominus
3334 5073 3445 5113 non

1878 5165 2199 5234 agnoscitur
2241 5182 2256 5218 :
2289 5161 2634 5216 taciturnitas
2669 5159 2814 5214 enim
2852 5156 3008 5227 legis,
3050 5151 3319 5224 ignoratio
3361 5159 3447 5205 est

1876 5257 2156 5330 prmdicati
2194 5276 2206 5311 :
2262 5270 2457 5311 rursus
2498 5268 2627 5309 vero
2668 5251 2907 5321 cognitio
2934 5237 3090 5318 legis,
3131 5245 3324 5299 notitia
3362 5250 3447 5297 est

1875 5350 2242 5422 praenuntiati.
2288 5345 2345 5403 Si
2389 5349 2532 5403 enim
2578 5344 2816 5418 Moysem
2862 5342 3133 5404 audirent,
3162 5334 3448 5393 crederent

1879 5445 1937 5499 in
1982 5459 2108 5500 eum
2162 5442 2258 5515 qui
2299 5441 2468 5499 venit.
2518 5438 2660 5496 Sane
2696 5435 2917 5509 quidem
2958 5446 3135 5504 neque
3182 5428 3450 5487 suscitato
