  <div class='ocr_page' id='page_1' title='image "/cluster/home/n/w/nwhite01/storage/ocr_20150623/18/nnc1.0046978550/625.png"; bbox 0 0 3782 6166; ppageno 0'>
   <div class='ocr_carea' id='block_1_1' title="bbox 421 284 1914 349">
    <p class='ocr_par' dir='ltr' id='par_1_1' title="bbox 421 287 1914 349">
     <span class='ocr_line' id='line_1_1' title="bbox 421 287 1914 349; baseline -0.005 0"><span class='ocrx_word' id='word_1_1' title='bbox 421 294 562 349; x_wconf 70' lang='grc'><strong><em>1215</em></strong></span> <span class='ocrx_word' id='word_1_2' title='bbox 1538 287 1679 343; x_wconf 81' lang='grc' dir='ltr'><strong><em>ΤΙΤΙ</em></strong></span> <span class='ocrx_word' id='word_1_3' title='bbox 1721 288 1914 344; x_wconf 78' lang='lat' dir='ltr'><strong><em>BUSTI</em></strong></span> 
     </span>
    </p>
   </div>
   <div class='ocr_carea' id='block_1_2' title="bbox 2231 284 3724 349">
    <p class='ocr_par' dir='ltr' id='par_1_2' title="bbox 2231 284 3724 346">
     <span class='ocr_line' id='line_1_2' title="bbox 2231 284 3724 346; baseline -0.001 -6"><span class='ocrx_word' id='word_1_4' title='bbox 2231 286 2503 346; x_wconf 67' lang='lat' dir='ltr'><strong><em>,PISCOPI</em></strong></span> <span class='ocrx_word' id='word_1_5' title='bbox 3565 284 3724 339; x_wconf 73' lang='grc'><strong><em>1216</em></strong></span> 
     </span>
    </p>
   </div>
   <div class='ocr_carea' id='block_1_3' title="bbox 419 401 1912 481">
    <p class='ocr_par' dir='ltr' id='par_1_3' title="bbox 419 409 1912 476">
     <span class='ocr_line' id='line_1_3' title="bbox 419 409 1912 476; baseline -0.001 -8"><span class='ocrx_word' id='word_1_6' title='bbox 419 413 685 476; x_wconf 81' lang='lat' dir='ltr'><strong><em>creditur,</em></strong></span> <span class='ocrx_word' id='word_1_7' title='bbox 742 411 848 467; x_wconf 87' lang='lat' dir='ltr'><strong><em>nisi</em></strong></span> <span class='ocrx_word' id='word_1_8' title='bbox 899 411 986 467; x_wconf 74' lang='lat' dir='ltr'><strong><em>lex</em></strong></span> <span class='ocrx_word' id='word_1_9' title='bbox 1028 409 1187 466; x_wconf 82' lang='lat' dir='ltr'><strong><em>ﬁdem</em></strong></span> <span class='ocrx_word' id='word_1_10' title='bbox 1233 409 1398 464; x_wconf 78' lang='lat' dir='ltr'><strong><em>iaciat</em></strong></span> <span class='ocrx_word' id='word_1_11' title='bbox 1434 410 1805 466; x_wconf 75' lang='lat' dir='ltr'><strong><em>audientibus.</em></strong></span> <span class='ocrx_word' id='word_1_12' title='bbox 1853 411 1912 466; x_wconf 88' lang='lat' dir='ltr'><strong><em>Et</em></strong></span> 
     </span>
    </p>
   </div>
   <div class='ocr_carea' id='block_1_4' title="bbox 2232 401 3725 481">
    <p class='ocr_par' dir='ltr' id='par_1_4' title="bbox 2232 401 3725 481">
     <span class='ocr_line' id='line_1_4' title="bbox 2232 401 3725 481; baseline -0.006 -18"><span class='ocrx_word' id='word_1_13' title='bbox 2232 409 2276 481; x_wconf 83' lang='grc' dir='ltr'>,ὴ</span> <span class='ocrx_word' id='word_1_14' title='bbox 2305 410 2487 462; x_wconf 84' lang='grc' dir='ltr'><em>πίστιν</em></span> <span class='ocrx_word' id='word_1_15' title='bbox 2511 409 2540 462; x_wconf 85' lang='grc' dir='ltr'>ὁ</span> <span class='ocrx_word' id='word_1_16' title='bbox 2572 406 2736 478; x_wconf 88' lang='grc' dir='ltr'><em>νόμος</em></span> <span class='ocrx_word' id='word_1_17' title='bbox 2763 404 2877 469; x_wconf 80' lang='grc' dir='ltr'><em>τοῖς</em></span> <span class='ocrx_word' id='word_1_18' title='bbox 2908 403 3197 457; x_wconf 81' lang='grc' dir='ltr'><em>ἀκούουσιν</em></span> <span class='ocrx_word' id='word_1_19' title='bbox 3223 401 3547 474; x_wconf 71' lang='grc' dir='ltr'><em>ὲμποιήσει.</em></span> <span class='ocrx_word' id='word_1_20' title='bbox 3578 401 3725 455; x_wconf 71' lang='grc' dir='ltr'><em>Κᾶν</em></span> 
     </span>
    </p>
   </div>
   <div class='ocr_carea' id='block_1_5' title="bbox 417 493 1910 575">
    <p class='ocr_par' dir='ltr' id='par_1_5' title="bbox 417 501 1910 574">
     <span class='ocr_line' id='line_1_5' title="bbox 417 501 1910 574; baseline -0.001 -17"><span class='ocrx_word' id='word_1_21' title='bbox 417 504 638 574; x_wconf 89' lang='lat' dir='ltr'><strong><em>quidam</em></strong></span> <span class='ocrx_word' id='word_1_22' title='bbox 673 502 857 560; x_wconf 86' lang='lat' dir='ltr'><strong><em>dicat:</em></strong></span> <span class='ocrx_word' id='word_1_23' title='bbox 890 502 1044 557; x_wconf 80' lang='lat' dir='ltr'><strong><em>Mitte</em></strong></span> <span class='ocrx_word' id='word_1_24' title='bbox 1084 501 1375 566; x_wconf 81' lang='lat' dir='ltr'><strong><em>Lazarum,</em></strong></span> <span class='ocrx_word' id='word_1_25' title='bbox 1417 510 1476 555; x_wconf 89' lang='lat' dir='ltr'><strong><em>ut</em></strong></span> <span class='ocrx_word' id='word_1_26' title='bbox 1511 507 1714 556; x_wconf 86' lang='lat' dir='ltr'><strong><em>nuntiet</em></strong></span> <span class='ocrx_word' id='word_1_27' title='bbox 1742 502 1910 571; x_wconf 78' lang='lat' dir='ltr'><strong><em>fratri</em></strong></span> 
     </span>
    </p>
   </div>
   <div class='ocr_carea' id='block_1_6' title="bbox 2231 493 3724 575">
    <p class='ocr_par' dir='ltr' id='par_1_6' title="bbox 2238 493 3724 575">
     <span class='ocr_line' id='line_1_6' title="bbox 2238 493 3724 575; baseline -0.006 -20"><span class='ocrx_word' id='word_1_28' title='bbox 2238 520 2323 566; x_wconf 89' lang='grc' dir='ltr'><strong><em>τις</em></strong></span> <span class='ocrx_word' id='word_1_29' title='bbox 2353 501 2508 575; x_wconf 80' lang='grc' dir='ltr'><em>λέγῃ,</em></span> <span class='ocrx_word' id='word_1_30' title='bbox 2527 500 2778 568; x_wconf 71' lang='grc' dir='ltr'><em>Πέμψον</em></span> <span class='ocrx_word' id='word_1_31' title='bbox 2791 495 3073 565; x_wconf 80' lang='grc' dir='ltr'><strong><em>Λάζαρον,</em></strong></span> <span class='ocrx_word' id='word_1_32' title='bbox 3088 496 3190 550; x_wconf 78' lang='grc' dir='ltr'><em>ἵνα</em></span> <span class='ocrx_word' id='word_1_33' title='bbox 3209 495 3545 564; x_wconf 56' lang='grc' dir='ltr'><em>ἀναγγείλῃ</em></span> <span class='ocrx_word' id='word_1_34' title='bbox 3573 493 3724 559; x_wconf 78' lang='grc' dir='ltr'><em>τοῖς</em></span> 
     </span>
    </p>
   </div>
   <div class='ocr_carea' id='block_1_7' title="bbox 417 585 1910 666">
    <p class='ocr_par' dir='ltr' id='par_1_7' title="bbox 417 593 1906 666">
     <span class='ocr_line' id='line_1_7' title="bbox 417 593 1906 666; baseline -0.001 -16"><span class='ocrx_word' id='word_1_35' title='bbox 417 597 571 660; x_wconf 85' lang='lat' dir='ltr'><strong><em>meis,</em></strong></span> <span class='ocrx_word' id='word_1_36' title='bbox 608 613 670 650; x_wconf 89' lang='lat' dir='ltr'><strong><em>ne</em></strong></span> <span class='ocrx_word' id='word_1_37' title='bbox 695 607 745 650; x_wconf 86' lang='lat' dir='ltr'><strong><em>et</em></strong></span> <span class='ocrx_word' id='word_1_38' title='bbox 795 595 898 666; x_wconf 85' lang='lat' dir='ltr'><strong><em>ipsi</em></strong></span> <span class='ocrx_word' id='word_1_39' title='bbox 946 596 1156 650; x_wconf 76' lang='lat' dir='ltr'><strong><em>veniant</em></strong></span> <span class='ocrx_word' id='word_1_40' title='bbox 1201 596 1255 649; x_wconf 87' lang='lat' dir='ltr'><strong><em>in</em></strong></span> <span class='ocrx_word' id='word_1_41' title='bbox 1298 593 1436 648; x_wconf 83' lang='lat' dir='ltr'><strong><em>hunc</em></strong></span> <span class='ocrx_word' id='word_1_42' title='bbox 1485 594 1658 648; x_wconf 86' lang='lat' dir='ltr'><strong><em>locum</em></strong></span> <span class='ocrx_word' id='word_1_43' title='bbox 1705 605 1906 650; x_wconf 82' lang='lat' dir='ltr'><strong><em>tarmen</em></strong></span> 
     </span>
    </p>
   </div>
   <div class='ocr_carea' id='block_1_8' title="bbox 2230 585 3723 666">
    <p class='ocr_par' dir='ltr' id='par_1_8' title="bbox 2230 585 3723 665">
     <span class='ocr_line' id='line_1_8' title="bbox 2230 585 3723 665; baseline -0.007 -16"><span class='ocrx_word' id='word_1_44' title='bbox 2230 594 2391 665; x_wconf 70' lang='grc' dir='ltr'><em>ἱεροῖς</em></span> <span class='ocrx_word' id='word_1_45' title='bbox 2416 611 2536 665; x_wconf 86' lang='grc' dir='ltr'><strong><em>μου</em></strong></span> <span class='ocrx_word' id='word_1_46' title='bbox 2562 591 2648 662; x_wconf 82' lang='grc' dir='ltr'><em>μὴ</em></span> <span class='ocrx_word' id='word_1_47' title='bbox 2680 589 2882 644; x_wconf 72' lang='grc' dir='ltr'><em>ἐλθεῖν</em></span> <span class='ocrx_word' id='word_1_48' title='bbox 2913 592 3000 654; x_wconf 80' lang='grc' dir='ltr'><strong><em>είς</em></strong></span> <span class='ocrx_word' id='word_1_49' title='bbox 3023 587 3138 657; x_wconf 85' lang='grc' dir='ltr'><em>τὴν</em></span> <span class='ocrx_word' id='word_1_50' title='bbox 3175 585 3320 641; x_wconf 77' lang='grc' dir='ltr'><em>ὁδὸν</em></span> <span class='ocrx_word' id='word_1_51' title='bbox 3353 585 3470 656; x_wconf 83' lang='grc' dir='ltr'><em>τῆς</em></span> <span class='ocrx_word' id='word_1_52' title='bbox 3493 585 3723 650; x_wconf 76' lang='grc' dir='ltr'><em>βασά-</em></span> 
     </span>
    </p>
   </div>
   <div class='ocr_carea' id='block_1_9' title="bbox 415 680 1908 758">
    <p class='ocr_par' dir='ltr' id='par_1_9' title="bbox 415 684 1908 758">
     <span class='ocr_line' id='line_1_9' title="bbox 415 684 1908 758; baseline -0.001 -17"><span class='ocrx_word' id='word_1_53' title='bbox 415 694 473 741; x_wconf 89' lang='lat' dir='ltr'><strong><em>et</em></strong></span> <span class='ocrx_word' id='word_1_54' title='bbox 502 686 869 758; x_wconf 87' lang='lat' dir='ltr'><strong><em>respondente</em></strong></span> <span class='ocrx_word' id='word_1_55' title='bbox 885 685 1156 741; x_wconf 74' lang='lat' dir='ltr'><strong><em>Abraham</em></strong></span> <span class='ocrx_word' id='word_1_56' title='bbox 1184 705 1198 741; x_wconf 91' lang='lat'><em>:</em></span> <span class='ocrx_word' id='word_1_57' title='bbox 1227 684 1438 739; x_wconf 78' lang='lat' dir='ltr'><strong><em>Habent</em></strong></span> <span class='ocrx_word' id='word_1_58' title='bbox 1458 684 1696 756; x_wconf 71' lang='lat' dir='ltr'><strong><em>Moysen:</em></strong></span> <span class='ocrx_word' id='word_1_59' title='bbox 1724 698 1771 740; x_wconf 90' lang='lat' dir='ltr'><strong><em>et</em></strong></span> <span class='ocrx_word' id='word_1_60' title='bbox 1789 702 1908 756; x_wconf 59' lang='lat' dir='ltr'><strong><em>pro;</em></strong></span> 
     </span>
    </p>
   </div>
   <div class='ocr_carea' id='block_1_10' title="bbox 2229 680 3722 758">
    <p class='ocr_par' dir='ltr' id='par_1_10' title="bbox 2236 680 3722 756">
     <span class='ocr_line' id='line_1_10' title="bbox 2236 680 3722 756; baseline -0.009 -13"><span class='ocrx_word' id='word_1_61' title='bbox 2236 690 2496 756; x_wconf 79' lang='grc' dir='ltr'><em>ταύτηςο</em></span> <span class='ocrx_word' id='word_1_62' title='bbox 2536 687 2629 740; x_wconf 73' lang='grc' dir='ltr'><strong><em>καὶ</em></strong></span> <span class='ocrx_word' id='word_1_63' title='bbox 2665 684 2915 753; x_wconf 86' lang='grc' dir='ltr'><em>λέγοντος</em></span> <span class='ocrx_word' id='word_1_64' title='bbox 2960 680 3231 752; x_wconf 78' lang='grc' dir='ltr'><em>Ἀϐραὰμ,</em></span> <span class='ocrx_word' id='word_1_65' title='bbox 3270 681 3529 749; x_wconf 83' lang='grc' dir='ltr'><strong><em>Ἔχουσι</em></strong></span> <span class='ocrx_word' id='word_1_66' title='bbox 3567 680 3722 734; x_wconf 69' lang='grc' dir='ltr'><em>Μω-</em></span> 
     </span>
    </p>
   </div>
   <div class='ocr_carea' id='block_1_11' title="bbox 416 771 1909 851">
    <p class='ocr_par' dir='ltr' id='par_1_11' title="bbox 416 779 1909 851">
     <span class='ocr_line' id='line_1_11' title="bbox 416 779 1909 851; baseline 0.001 -18"><span class='ocrx_word' id='word_1_67' title='bbox 416 789 522 844; x_wconf 87' lang='lat' dir='ltr'><strong><em>tas,</em></strong></span> <span class='ocrx_word' id='word_1_68' title='bbox 557 780 736 837; x_wconf 88' lang='lat' dir='ltr'><strong><em>dicat:</em></strong></span> <span class='ocrx_word' id='word_1_69' title='bbox 770 779 896 834; x_wconf 85' lang='lat' dir='ltr'><strong><em>Nisi</em></strong></span> <span class='ocrx_word' id='word_1_70' title='bbox 926 782 1044 851; x_wconf 87' lang='lat' dir='ltr'><strong><em>quis</em></strong></span> <span class='ocrx_word' id='word_1_71' title='bbox 1082 795 1147 834; x_wconf 80' lang='lat' dir='ltr'><strong><em>ea:</em></strong></span> <span class='ocrx_word' id='word_1_72' title='bbox 1187 780 1415 834; x_wconf 86' lang='lat' dir='ltr'><strong><em>mortuis</em></strong></span> <span class='ocrx_word' id='word_1_73' title='bbox 1457 789 1718 851; x_wconf 76' lang='lat' dir='ltr'><strong><em>resurgat,</em></strong></span> <span class='ocrx_word' id='word_1_74' title='bbox 1755 798 1858 834; x_wconf 85' lang='lat' dir='ltr'><strong><em>non</em></strong></span> <span class='ocrx_word' id='word_1_75' title='bbox 1888 798 1909 834; x_wconf 89' lang='lat' dir='ltr'><strong><em>c</em></strong></span> 
     </span>
    </p>
   </div>
   <div class='ocr_carea' id='block_1_12' title="bbox 2230 771 3723 851">
    <p class='ocr_par' dir='ltr' id='par_1_12' title="bbox 2260 771 3723 849">
     <span class='ocr_line' id='line_1_12' title="bbox 2260 771 3723 849; baseline -0.009 -14"><span class='ocrx_word' id='word_1_76' title='bbox 2260 780 2360 835; x_wconf 79' lang='grc' dir='ltr'><strong><em>καὶ</em></strong></span> <span class='ocrx_word' id='word_1_77' title='bbox 2410 779 2551 846; x_wconf 81' lang='grc' dir='ltr'><em>τσὺς</em></span> <span class='ocrx_word' id='word_1_78' title='bbox 2584 777 2928 849; x_wconf 67' lang='grc' dir='ltr'><em>προφήτας,</em></span> <span class='ocrx_word' id='word_1_79' title='bbox 2982 774 3144 846; x_wconf 71' lang='grc' dir='ltr'><em>εἴπῃ·</em></span> <span class='ocrx_word' id='word_1_80' title='bbox 3197 773 3330 827; x_wconf 77' lang='grc' dir='ltr'><strong><em>Ἐὰν</em></strong></span> <span class='ocrx_word' id='word_1_81' title='bbox 3350 771 3437 842; x_wconf 84' lang='grc' dir='ltr'><em>μή</em></span> <span class='ocrx_word' id='word_1_82' title='bbox 3499 788 3600 836; x_wconf 81' lang='grc' dir='ltr'><strong><em>τις</em></strong></span> <span class='ocrx_word' id='word_1_83' title='bbox 3641 771 3723 823; x_wconf 80' lang='grc' dir='ltr'><strong><em>ἐκ</em></strong></span> 
     </span>
    </p>
   </div>
   <div class='ocr_carea' id='block_1_13' title="bbox 412 863 1905 945">
    <p class='ocr_par' dir='ltr' id='par_1_13' title="bbox 412 870 1905 943">
     <span class='ocr_line' id='line_1_13' title="bbox 412 870 1905 943; baseline 0.002 -19"><span class='ocrx_word' id='word_1_84' title='bbox 412 870 573 937; x_wconf 77' lang='lat' dir='ltr'><strong><em>dent,-</em></strong></span> <span class='ocrx_word' id='word_1_85' title='bbox 647 872 832 927; x_wconf 88' lang='lat' dir='ltr'><strong><em>audiet</em></strong></span> <span class='ocrx_word' id='word_1_86' title='bbox 861 883 1040 926; x_wconf 90' lang='lat' dir='ltr'><strong><em>tamen</em></strong></span> <span class='ocrx_word' id='word_1_87' title='bbox 1069 873 1172 927; x_wconf 86' lang='lat' dir='ltr'><strong><em>iste</em></strong></span> <span class='ocrx_word' id='word_1_88' title='bbox 1203 890 1216 927; x_wconf 91' lang='lat'><strong>:</strong></span> <span class='ocrx_word' id='word_1_89' title='bbox 1258 870 1318 925; x_wconf 83' lang='lat' dir='ltr'><strong><em>Si</em></strong></span> <span class='ocrx_word' id='word_1_90' title='bbox 1352 871 1590 943; x_wconf 68' lang='lat' dir='ltr'><strong><em>Moysen:</em></strong></span> <span class='ocrx_word' id='word_1_91' title='bbox 1629 883 1678 926; x_wconf 84' lang='lat' dir='ltr'><strong><em>et</em></strong></span> <span class='ocrx_word' id='word_1_92' title='bbox 1721 873 1905 941; x_wconf 72' lang='lat' dir='ltr'><strong><em>prop/it</em></strong></span> 
     </span>
    </p>
   </div>
   <div class='ocr_carea' id='block_1_14' title="bbox 2225 863 3718 945">
    <p class='ocr_par' dir='ltr' id='par_1_14' title="bbox 2225 863 3718 941">
     <span class='ocr_line' id='line_1_14' title="bbox 2225 863 3718 941; baseline -0.011 -11"><span class='ocrx_word' id='word_1_93' title='bbox 2225 875 2328 930; x_wconf 66' lang='lat' dir='ltr'><strong><em>76n-</em></strong></span> <span class='ocrx_word' id='word_1_94' title='bbox 2352 871 2618 941; x_wconf 77' lang='grc' dir='ltr'><strong><em>ἀναστῇ,</em></strong></span> <span class='ocrx_word' id='word_1_95' title='bbox 2643 874 2714 926; x_wconf 87' lang='grc' dir='ltr'><em>οὐ</em></span> <span class='ocrx_word' id='word_1_96' title='bbox 2737 870 2824 940; x_wconf 81' lang='grc' dir='ltr'><em>μὴ</em></span> <span class='ocrx_word' id='word_1_97' title='bbox 2856 869 3316 922; x_wconf 80' lang='grc' dir='ltr'><strong><em>πιστεύσουσιν·</em></strong></span> <span class='ocrx_word' id='word_1_98' title='bbox 3363 863 3718 924; x_wconf 76' lang='grc' dir='ltr'><em>ἀκούσεται,</em></span> 
     </span>
    </p>
   </div>
   <div class='ocr_carea' id='block_1_15' title="bbox 413 955 1906 1036">
    <p class='ocr_par' dir='ltr' id='par_1_15' title="bbox 413 964 1906 1036">
     <span class='ocr_line' id='line_1_15' title="bbox 413 964 1906 1036; baseline 0 -20"><span class='ocrx_word' id='word_1_99' title='bbox 413 979 517 1017; x_wconf 90' lang='lat' dir='ltr'><strong><em>non</em></strong></span> <span class='ocrx_word' id='word_1_100' title='bbox 561 965 876 1029; x_wconf 87' lang='lat' dir='ltr'><strong><em>audierunt,</em></strong></span> <span class='ocrx_word' id='word_1_101' title='bbox 932 981 1094 1034; x_wconf 86' lang='lat' dir='ltr'><strong><em>neque</em></strong></span> <span class='ocrx_word' id='word_1_102' title='bbox 1138 964 1183 1018; x_wconf 89' lang='lat' dir='ltr'><strong><em>si</em></strong></span> <span class='ocrx_word' id='word_1_103' title='bbox 1223 966 1339 1034; x_wconf 87' lang='lat' dir='ltr'><strong><em>quis</em></strong></span> <span class='ocrx_word' id='word_1_104' title='bbox 1387 981 1420 1017; x_wconf 91' lang='lat' dir='ltr'><strong><em>a</em></strong></span> <span class='ocrx_word' id='word_1_105' title='bbox 1465 966 1688 1019; x_wconf 77' lang='lat' dir='ltr'><strong><em>mortuis</em></strong></span> <span class='ocrx_word' id='word_1_106' title='bbox 1736 982 1906 1036; x_wconf 75' lang='lat' dir='ltr'><strong><em>resurg</em></strong></span> 
     </span>
    </p>
   </div>
   <div class='ocr_carea' id='block_1_16' title="bbox 2232 955 3725 1036">
    <p class='ocr_par' dir='ltr' id='par_1_16' title="bbox 2232 955 3725 1035">
     <span class='ocr_line' id='line_1_16' title="bbox 2232 955 3725 1035; baseline -0.011 -11"><span class='ocrx_word' id='word_1_107' title='bbox 2232 969 2460 1035; x_wconf 68' lang='lat' dir='ltr'><strong><em>twéwc</em></strong></span> <span class='ocrx_word' id='word_1_108' title='bbox 2487 966 2588 1024; x_wconf 81' lang='grc' dir='ltr'><em>καὶ</em></span> <span class='ocrx_word' id='word_1_109' title='bbox 2619 963 2738 1019; x_wconf 87' lang='grc' dir='ltr'><strong><em>τῶν</em></strong></span> <span class='ocrx_word' id='word_1_110' title='bbox 2760 960 3080 1033; x_wconf 66' lang='grc' dir='ltr'><em>προφητῶν</em></span> <span class='ocrx_word' id='word_1_111' title='bbox 3095 963 3206 1014; x_wconf 80' lang='grc' dir='ltr'><em>οὐκ</em></span> <span class='ocrx_word' id='word_1_112' title='bbox 3225 959 3536 1028; x_wconf 78' lang='grc' dir='ltr'><em>ἤκουσαν,</em></span> <span class='ocrx_word' id='word_1_113' title='bbox 3550 955 3725 1010; x_wconf 68' lang='grc' dir='ltr'><em>οὐδὲ</em></span> 
     </span>
    </p>
   </div>
   <div class='ocr_carea' id='block_1_17' title="bbox 413 1049 1906 1129">
    <p class='ocr_par' dir='ltr' id='par_1_17' title="bbox 413 1050 1906 1126">
     <span class='ocr_line' id='line_1_17' title="bbox 413 1050 1906 1126; baseline 0.003 -22"><span class='ocrx_word' id='word_1_114' title='bbox 413 1051 628 1105; x_wconf 83' lang='lat' dir='ltr'><strong><em>audient</em></strong></span> <span class='ocrx_word' id='word_1_115' title='bbox 663 1053 728 1105; x_wconf 85' lang='lat'><strong><em>&quot;.</em></strong></span> <span class='ocrx_word' id='word_1_116' title='bbox 763 1050 810 1106; x_wconf 91' lang='grc' dir='ltr'><strong>Ο</strong></span> <span class='ocrx_word' id='word_1_117' title='bbox 843 1068 956 1107; x_wconf 89' lang='lat' dir='ltr'><strong><em>rem</em></strong></span> <span class='ocrx_word' id='word_1_118' title='bbox 988 1053 1214 1108; x_wconf 84' lang='lat' dir='ltr'><strong><em>miram!</em></strong></span> <span class='ocrx_word' id='word_1_119' title='bbox 1253 1070 1431 1124; x_wconf 89' lang='lat' dir='ltr'><strong><em>neque</em></strong></span> <span class='ocrx_word' id='word_1_120' title='bbox 1461 1056 1507 1109; x_wconf 87' lang='lat' dir='ltr'><strong><em>si</em></strong></span> <span class='ocrx_word' id='word_1_121' title='bbox 1539 1056 1664 1126; x_wconf 86' lang='lat' dir='ltr'><strong><em>quis</em></strong></span> <span class='ocrx_word' id='word_1_122' title='bbox 1705 1071 1736 1109; x_wconf 81' lang='lat' dir='ltr'><strong><em>a</em></strong></span> <span class='ocrx_word' id='word_1_123' title='bbox 1767 1067 1906 1110; x_wconf 88' lang='lat' dir='ltr'><strong><em>mort</em></strong></span> 
     </span>
    </p>
   </div>
   <div class='ocr_carea' id='block_1_18' title="bbox 2225 1049 3718 1129">
    <p class='ocr_par' dir='ltr' id='par_1_18' title="bbox 2254 1049 3718 1129">
     <span class='ocr_line' id='line_1_18' title="bbox 2254 1049 3718 1129; baseline -0.011 -13"><span class='ocrx_word' id='word_1_124' title='bbox 2254 1080 2344 1129; x_wconf 84' lang='grc' dir='ltr'><strong><em>τις</em></strong></span> <span class='ocrx_word' id='word_1_125' title='bbox 2374 1062 2444 1115; x_wconf 78' lang='grc' dir='ltr'><strong><em>ἐκ</em></strong></span> <span class='ocrx_word' id='word_1_126' title='bbox 2476 1058 2706 1128; x_wconf 85' lang='grc' dir='ltr'><em>νεκρῶν</em></span> <span class='ocrx_word' id='word_1_127' title='bbox 2734 1054 3004 1125; x_wconf 78' lang='grc' dir='ltr'><em>ἀναστῇ,</em></span> <span class='ocrx_word' id='word_1_128' title='bbox 3035 1054 3420 1108; x_wconf 84' lang='grc' dir='ltr'><em>ἀκούσονται.</em></span> <span class='ocrx_word' id='word_1_129' title='bbox 3479 1049 3718 1104; x_wconf 77' lang='grc' dir='ltr'><em>Βαὸαίῑ</em></span> 
     </span>
    </p>
   </div>
   <div class='ocr_carea' id='block_1_19' title="bbox 411 1138 1904 1226">
    <p class='ocr_par' dir='ltr' id='par_1_19' title="bbox 411 1144 1904 1213">
     <span class='ocr_line' id='line_1_19' title="bbox 411 1144 1904 1213; baseline 0.003 -15"><span class='ocrx_word' id='word_1_130' title='bbox 411 1144 680 1198; x_wconf 72' lang='lat' dir='ltr'><strong><em>excitatus</em></strong></span> <span class='ocrx_word' id='word_1_131' title='bbox 734 1145 986 1199; x_wconf 90' lang='lat' dir='ltr'><strong><em>nuntium</em></strong></span> <span class='ocrx_word' id='word_1_132' title='bbox 1045 1145 1254 1213; x_wconf 79' lang='lat' dir='ltr'><strong><em>aﬂ&#39;erat,</em></strong></span> <span class='ocrx_word' id='word_1_133' title='bbox 1323 1147 1374 1202; x_wconf 86' lang='lat' dir='ltr'><strong><em>ei</em></strong></span> <span class='ocrx_word' id='word_1_134' title='bbox 1427 1147 1670 1203; x_wconf 89' lang='lat' dir='ltr'><strong><em>creditur</em></strong></span> <span class='ocrx_word' id='word_1_135' title='bbox 1721 1149 1841 1203; x_wconf 90' lang='lat' dir='ltr'><strong><em>sine</em></strong></span> <span class='ocrx_word' id='word_1_136' title='bbox 1883 1148 1904 1202; x_wconf 81' lang='grc' dir='ltr'><strong><em>ι</em></strong></span> 
     </span>
    </p>
   </div>
   <div class='ocr_carea' id='block_1_20' title="bbox 2228 1138 3721 1226">
    <p class='ocr_par' dir='ltr' id='par_1_20' title="bbox 2279 1138 3721 1226">
     <span class='ocr_line' id='line_1_20' title="bbox 2279 1138 3721 1226; baseline -0.011 -19"><span class='ocrx_word' id='word_1_137' title='bbox 2279 1153 2388 1226; x_wconf 78' lang='grc' dir='ltr'><em>γὰρ</em></span> <span class='ocrx_word' id='word_1_138' title='bbox 2433 1155 2466 1224; x_wconf 75' lang='grc' dir='ltr'><strong>ἡ</strong></span> <span class='ocrx_word' id='word_1_139' title='bbox 2515 1151 2609 1205; x_wconf 81' lang='grc' dir='ltr'><em>τοῦ</em></span> <span class='ocrx_word' id='word_1_140' title='bbox 2653 1147 3024 1222; x_wconf 84' lang='grc' dir='ltr'><em>ὲγηγερμένου</em></span> <span class='ocrx_word' id='word_1_141' title='bbox 3085 1142 3432 1216; x_wconf 79' lang='grc' dir='ltr'><strong><em>παραγγελία</em></strong></span> <span class='ocrx_word' id='word_1_142' title='bbox 3478 1143 3554 1212; x_wconf 82' lang='grc' dir='ltr'><em>τῇ</em></span> <span class='ocrx_word' id='word_1_143' title='bbox 3601 1138 3721 1192; x_wconf 72' lang='grc' dir='ltr'><em>τοῦ</em></span> 
     </span>
    </p>
   </div>
   <div class='ocr_carea' id='block_1_21' title="bbox 409 1231 1902 1318">
    <p class='ocr_par' dir='ltr' id='par_1_21' title="bbox 409 1237 1880 1313">
     <span class='ocr_line' id='line_1_21' title="bbox 409 1237 1880 1313; baseline 0.006 -24"><span class='ocrx_word' id='word_1_144' title='bbox 409 1245 464 1290; x_wconf 85' lang='lat' dir='ltr'><strong><em>et</em></strong></span> <span class='ocrx_word' id='word_1_145' title='bbox 484 1237 782 1307; x_wconf 86' lang='lat' dir='ltr'><strong><em>prophetis,</em></strong></span> <span class='ocrx_word' id='word_1_146' title='bbox 808 1238 917 1292; x_wconf 92' lang='lat' dir='ltr'><strong><em>imo</em></strong></span> <span class='ocrx_word' id='word_1_147' title='bbox 941 1256 1115 1309; x_wconf 91' lang='lat' dir='ltr'><strong><em>neque</em></strong></span> <span class='ocrx_word' id='word_1_148' title='bbox 1145 1239 1408 1297; x_wconf 85' lang='lat' dir='ltr'><strong><em>Dominus</em></strong></span> <span class='ocrx_word' id='word_1_149' title='bbox 1424 1240 1584 1297; x_wconf 83' lang='lat' dir='ltr'><strong><em>Jesus</em></strong></span> <span class='ocrx_word' id='word_1_150' title='bbox 1615 1242 1880 1313; x_wconf 73' lang='lat' dir='ltr'><strong><em>apostolis</em></strong></span> 
     </span>
    </p>
   </div>
   <div class='ocr_carea' id='block_1_22' title="bbox 2227 1231 3720 1318">
    <p class='ocr_par' dir='ltr' id='par_1_22' title="bbox 2227 1231 3720 1316">
     <span class='ocr_line' id='line_1_22' title="bbox 2227 1231 3720 1316; baseline -0.011 -15"><span class='ocrx_word' id='word_1_151' title='bbox 2227 1267 2261 1300; x_wconf 67' lang='grc' dir='ltr'><em>πυ</em></span> <span class='ocrx_word' id='word_1_152' title='bbox 2297 1248 2392 1300; x_wconf 70' lang='grc' dir='ltr'><strong><em>καὶ</em></strong></span> <span class='ocrx_word' id='word_1_153' title='bbox 2421 1245 2531 1299; x_wconf 84' lang='grc' dir='ltr'><strong><em>τῶν</em></strong></span> <span class='ocrx_word' id='word_1_154' title='bbox 2557 1241 2854 1316; x_wconf 82' lang='grc' dir='ltr'><strong><em>προφητῶν</em></strong></span> <span class='ocrx_word' id='word_1_155' title='bbox 2878 1239 3085 1311; x_wconf 69' lang='lat'><strong><em>(52)....</em></strong></span> <span class='ocrx_word' id='word_1_156' title='bbox 3117 1240 3145 1291; x_wconf 82' lang='lat'><strong>6</strong></span> <span class='ocrx_word' id='word_1_157' title='bbox 3190 1234 3397 1308; x_wconf 81' lang='grc' dir='ltr'><em>Ἰησοῦς</em></span> <span class='ocrx_word' id='word_1_158' title='bbox 3424 1234 3560 1305; x_wconf 87' lang='grc' dir='ltr'><em>δίχα</em></span> <span class='ocrx_word' id='word_1_159' title='bbox 3591 1231 3720 1302; x_wconf 76' lang='grc' dir='ltr'><em>τῆς</em></span> 
     </span>
    </p>
   </div>
   <div class='ocr_carea' id='block_1_23' title="bbox 410 1323 1903 1406">
    <p class='ocr_par' dir='ltr' id='par_1_23' title="bbox 410 1331 1899 1406">
     <span class='ocr_line' id='line_1_23' title="bbox 410 1331 1899 1406; baseline 0.007 -26"><span class='ocrx_word' id='word_1_160' title='bbox 410 1343 601 1399; x_wconf 89' lang='lat' dir='ltr'><strong><em>parere</em></strong></span> <span class='ocrx_word' id='word_1_161' title='bbox 636 1331 804 1386; x_wconf 84' lang='lat' dir='ltr'><strong><em>voluit</em></strong></span> <span class='ocrx_word' id='word_1_162' title='bbox 836 1335 1278 1405; x_wconf 89' lang='lat' dir='ltr'><strong><em>transliguratus,</em></strong></span> <span class='ocrx_word' id='word_1_163' title='bbox 1324 1335 1428 1390; x_wconf 90' lang='lat' dir='ltr'><strong><em>nisi</em></strong></span> <span class='ocrx_word' id='word_1_164' title='bbox 1467 1335 1730 1390; x_wconf 79' lang='lat' dir='ltr'><strong><em>adhibitis</em></strong></span> <span class='ocrx_word' id='word_1_165' title='bbox 1783 1337 1899 1406; x_wconf 88' lang='lat' dir='ltr'><strong><em>lege</em></strong></span> 
     </span>
    </p>
   </div>
   <div class='ocr_carea' id='block_1_24' title="bbox 2225 1323 3718 1406">
    <p class='ocr_par' dir='ltr' id='par_1_24' title="bbox 2225 1323 3718 1403">
     <span class='ocr_line' id='line_1_24' title="bbox 2225 1323 3718 1403; baseline -0.01 -10"><span class='ocrx_word' id='word_1_166' title='bbox 2225 1341 2385 1403; x_wconf 89' lang='grc' dir='ltr'><em>υσίας</em></span> <span class='ocrx_word' id='word_1_167' title='bbox 2451 1337 2632 1393; x_wconf 82' lang='grc' dir='ltr'><em>αὐτῶν</em></span> <span class='ocrx_word' id='word_1_168' title='bbox 2685 1335 2808 1389; x_wconf 79' lang='grc' dir='ltr'><em>οὐδὲ</em></span> <span class='ocrx_word' id='word_1_169' title='bbox 2853 1335 2968 1396; x_wconf 87' lang='grc' dir='ltr'><em>τοῖς</em></span> <span class='ocrx_word' id='word_1_170' title='bbox 3026 1329 3345 1392; x_wconf 84' lang='grc' dir='ltr'><strong><em>ἀποστόλοις</em></strong></span> <span class='ocrx_word' id='word_1_171' title='bbox 3391 1323 3718 1396; x_wconf 77' lang='grc' dir='ltr'><em>φαίνεσθαι</em></span> 
     </span>
    </p>
   </div>
   <div class='ocr_carea' id='block_1_25' title="bbox 409 1420 1902 1506">
    <p class='ocr_par' dir='ltr' id='par_1_25' title="bbox 409 1420 1902 1493">
     <span class='ocr_line' id='line_1_25' title="bbox 409 1420 1902 1493; baseline 0.005 -20"><span class='ocrx_word' id='word_1_172' title='bbox 409 1420 695 1491; x_wconf 86' lang='lat' dir='ltr'><strong><em>prophetis</em></strong></span> <span class='ocrx_word' id='word_1_173' title='bbox 723 1432 820 1490; x_wconf 91' lang='lat' dir='ltr'><strong><em>;.et</em></strong></span> <span class='ocrx_word' id='word_1_174' title='bbox 858 1424 949 1493; x_wconf 88' lang='lat' dir='ltr'><strong><em>qui</em></strong></span> <span class='ocrx_word' id='word_1_175' title='bbox 986 1426 1161 1493; x_wconf 91' lang='lat' dir='ltr'><strong><em>potuit</em></strong></span> <span class='ocrx_word' id='word_1_176' title='bbox 1191 1425 1568 1480; x_wconf 87' lang='lat' dir='ltr'><strong><em>testimonium</em></strong></span> <span class='ocrx_word' id='word_1_177' title='bbox 1598 1443 1627 1480; x_wconf 91' lang='lat' dir='ltr'><strong><em>a</em></strong></span> <span class='ocrx_word' id='word_1_178' title='bbox 1652 1426 1812 1482; x_wconf 86' lang='lat' dir='ltr'><strong><em>Patre</em></strong></span> <span class='ocrx_word' id='word_1_179' title='bbox 1833 1428 1902 1482; x_wconf 76' lang='lat' dir='ltr'><strong><em>fel</em></strong></span> 
     </span>
    </p>
   </div>
   <div class='ocr_carea' id='block_1_26' title="bbox 2222 1420 3715 1506">
    <p class='ocr_par' dir='ltr' id='par_1_26' title="bbox 2222 1423 3715 1502">
     <span class='ocr_line' id='line_1_26' title="bbox 2222 1423 3715 1502; baseline -0.009 -16"><span class='ocrx_word' id='word_1_180' title='bbox 2222 1451 2293 1487; x_wconf 68' lang='grc' dir='ltr'><em>»σε</em></span> <span class='ocrx_word' id='word_1_181' title='bbox 2317 1449 2329 1461; x_wconf 87' lang='grc'><strong>·</strong></span> <span class='ocrx_word' id='word_1_182' title='bbox 2365 1433 2459 1488; x_wconf 63' lang='grc' dir='ltr'><strong><em>καὶ</em></strong></span> <span class='ocrx_word' id='word_1_183' title='bbox 2510 1431 2808 1502; x_wconf 88' lang='grc' dir='ltr'><em>δυνάμενος</em></span> <span class='ocrx_word' id='word_1_184' title='bbox 2858 1427 2964 1480; x_wconf 83' lang='grc' dir='ltr'><strong><em>ὑπὸ</em></strong></span> <span class='ocrx_word' id='word_1_185' title='bbox 2993 1425 3088 1479; x_wconf 81' lang='grc' dir='ltr'><em>τοῦ</em></span> <span class='ocrx_word' id='word_1_186' title='bbox 3133 1423 3346 1495; x_wconf 84' lang='grc' dir='ltr'><em>Πατρὸς</em></span> <span class='ocrx_word' id='word_1_187' title='bbox 3378 1423 3715 1494; x_wconf 81' lang='grc' dir='ltr'><em>μαρτυρεῖ-</em></span> 
     </span>
    </p>
   </div>
   <div class='ocr_carea' id='block_1_27' title="bbox 409 1514 1902 1596">
    <p class='ocr_par' dir='ltr' id='par_1_27' title="bbox 409 1514 1894 1590">
     <span class='ocr_line' id='line_1_27' title="bbox 409 1514 1894 1590; baseline 0.005 -22"><span class='ocrx_word' id='word_1_188' title='bbox 409 1529 519 1569; x_wconf 91' lang='lat' dir='ltr'><strong><em>non</em></strong></span> <span class='ocrx_word' id='word_1_189' title='bbox 569 1514 921 1571; x_wconf 83' lang='lat' dir='ltr'><strong><em>inhonoravl‘t</em></strong></span> <span class='ocrx_word' id='word_1_190' title='bbox 975 1519 1384 1573; x_wconf 84' lang='lat' dir='ltr'><strong><em>consortionem</em></strong></span> <span class='ocrx_word' id='word_1_191' title='bbox 1439 1530 1754 1575; x_wconf 86' lang='lat' dir='ltr'><strong><em>sanctorum</em></strong></span> <span class='ocrx_word' id='word_1_192' title='bbox 1809 1537 1894 1590; x_wconf 87' lang='lat' dir='ltr'><strong><em>:q</em></strong></span> 
     </span>
    </p>
   </div>
   <div class='ocr_carea' id='block_1_28' title="bbox 2222 1514 3715 1596">
    <p class='ocr_par' dir='ltr' id='par_1_28' title="bbox 2222 1514 3715 1596">
     <span class='ocr_line' id='line_1_28' title="bbox 2222 1514 3715 1596; baseline -0.007 -18"><span class='ocrx_word' id='word_1_193' title='bbox 2222 1567 2245 1591; x_wconf 49' lang='grc' dir='ltr'><strong><em>ι,</em></strong></span> <span class='ocrx_word' id='word_1_194' title='bbox 2277 1527 2378 1580; x_wconf 78' lang='grc' dir='ltr'><strong><em>οὐκ</em></strong></span> <span class='ocrx_word' id='word_1_195' title='bbox 2419 1525 2654 1596; x_wconf 76' lang='grc' dir='ltr'><strong><em>ἠτίμασε</em></strong></span> <span class='ocrx_word' id='word_1_196' title='bbox 2697 1521 2794 1594; x_wconf 81' lang='grc' dir='ltr'><em>τὴν</em></span> <span class='ocrx_word' id='word_1_197' title='bbox 2830 1520 3114 1574; x_wconf 81' lang='grc' dir='ltr'><em>συνουσίαν</em></span> <span class='ocrx_word' id='word_1_198' title='bbox 3155 1518 3261 1571; x_wconf 84' lang='grc' dir='ltr'><strong><em>τῶν</em></strong></span> <span class='ocrx_word' id='word_1_199' title='bbox 3305 1516 3480 1586; x_wconf 80' lang='grc' dir='ltr'><em>ἁγίων</em></span> <span class='ocrx_word' id='word_1_200' title='bbox 3503 1531 3519 1545; x_wconf 85' lang='grc'>⁶</span> <span class='ocrx_word' id='word_1_201' title='bbox 3555 1514 3715 1568; x_wconf 68' lang='grc' dir='ltr'><em>ἀλλὰ</em></span> 
     </span>
    </p>
   </div>
   <div class='ocr_carea' id='block_1_29' title="bbox 407 1607 1900 1687">
    <p class='ocr_par' dir='ltr' id='par_1_29' title="bbox 407 1607 1898 1682">
     <span class='ocr_line' id='line_1_29' title="bbox 407 1607 1898 1682; baseline 0.005 -23"><span class='ocrx_word' id='word_1_202' title='bbox 407 1607 592 1678; x_wconf 88' lang='lat' dir='ltr'><strong><em>potius</em></strong></span> <span class='ocrx_word' id='word_1_203' title='bbox 636 1623 762 1662; x_wconf 89' lang='lat' dir='ltr'><strong><em>cum</em></strong></span> <span class='ocrx_word' id='word_1_204' title='bbox 799 1609 960 1664; x_wconf 85' lang='lat' dir='ltr'><strong><em>vellet</em></strong></span> <span class='ocrx_word' id='word_1_205' title='bbox 1004 1611 1370 1666; x_wconf 87' lang='lat' dir='ltr'><strong><em>certissimam</em></strong></span> <span class='ocrx_word' id='word_1_206' title='bbox 1401 1611 1560 1667; x_wconf 79' lang='lat' dir='ltr'><strong><em>(idem</em></strong></span> <span class='ocrx_word' id='word_1_207' title='bbox 1603 1612 1656 1666; x_wconf 93' lang='lat' dir='ltr'><strong><em>in</em></strong></span> <span class='ocrx_word' id='word_1_208' title='bbox 1696 1627 1898 1682; x_wconf 89' lang='lat' dir='ltr'><strong><em>conspe</em></strong></span> 
     </span>
    </p>
   </div>
   <div class='ocr_carea' id='block_1_30' title="bbox 2222 1607 3715 1687">
    <p class='ocr_par' dir='ltr' id='par_1_30' title="bbox 2271 1607 3715 1687">
     <span class='ocr_line' id='line_1_30' title="bbox 2271 1607 3715 1687; baseline -0.007 -17"><span class='ocrx_word' id='word_1_209' title='bbox 2271 1617 2424 1687; x_wconf 71' lang='grc' dir='ltr'><em>ὄψεσι</em></span> <span class='ocrx_word' id='word_1_210' title='bbox 2500 1615 2610 1668; x_wconf 84' lang='grc' dir='ltr'><strong><em>τῶν</em></strong></span> <span class='ocrx_word' id='word_1_211' title='bbox 2664 1613 2977 1668; x_wconf 85' lang='grc' dir='ltr'><strong><em>ἀποστόλων</em></strong></span> <span class='ocrx_word' id='word_1_212' title='bbox 3033 1611 3212 1664; x_wconf 81' lang='grc' dir='ltr'><em>πίστιν</em></span> <span class='ocrx_word' id='word_1_213' title='bbox 3273 1607 3715 1680; x_wconf 71' lang='grc' dir='ltr'><em>ἀκριϐεστάτην</em></span> 
     </span>
    </p>
   </div>
   <div class='ocr_carea' id='block_1_31' title="bbox 408 1700 1901 1782">
    <p class='ocr_par' dir='ltr' id='par_1_31' title="bbox 408 1700 1901 1772">
     <span class='ocr_line' id='line_1_31' title="bbox 408 1700 1901 1772; baseline 0.004 -20"><span class='ocrx_word' id='word_1_214' title='bbox 408 1700 783 1768; x_wconf 85' lang='lat' dir='ltr'><strong><em>apostolorum</em></strong></span> <span class='ocrx_word' id='word_1_215' title='bbox 817 1700 1019 1766; x_wconf 83' lang='lat' dir='ltr'><strong><em>facere,</em></strong></span> <span class='ocrx_word' id='word_1_216' title='bbox 1052 1702 1199 1772; x_wconf 81' lang='lat' dir='ltr'><strong><em>quod</em></strong></span> <span class='ocrx_word' id='word_1_217' title='bbox 1242 1703 1299 1758; x_wconf 92' lang='lat' dir='ltr'><strong><em>in</em></strong></span> <span class='ocrx_word' id='word_1_218' title='bbox 1341 1713 1582 1758; x_wconf 88' lang='lat' dir='ltr'><strong><em>montem</em></strong></span> <span class='ocrx_word' id='word_1_219' title='bbox 1624 1720 1719 1759; x_wconf 90' lang='lat' dir='ltr'><strong><em>eos</em></strong></span> <span class='ocrx_word' id='word_1_220' title='bbox 1759 1704 1901 1760; x_wconf 92' lang='lat' dir='ltr'><strong><em>addu</em></strong></span> 
     </span>
    </p>
   </div>
   <div class='ocr_carea' id='block_1_32' title="bbox 2216 1700 3709 1782">
    <p class='ocr_par' dir='ltr' id='par_1_32' title="bbox 2216 1700 3709 1782">
     <span class='ocr_line' id='line_1_32' title="bbox 2216 1700 3709 1782; baseline -0.006 -19"><span class='ocrx_word' id='word_1_221' title='bbox 2216 1711 2422 1782; x_wconf 58' lang='lat' dir='ltr'><strong><em>tépsvo;</em></strong></span> <span class='ocrx_word' id='word_1_222' title='bbox 2463 1705 2864 1781; x_wconf 78' lang='grc' dir='ltr'><strong><em>παρασχέσθαι,</em></strong></span> <span class='ocrx_word' id='word_1_223' title='bbox 2897 1707 2973 1769; x_wconf 84' lang='grc' dir='ltr'><em>ὡς</em></span> <span class='ocrx_word' id='word_1_224' title='bbox 3004 1704 3206 1774; x_wconf 83' lang='grc' dir='ltr'><strong><em>ἀνῆγεν</em></strong></span> <span class='ocrx_word' id='word_1_225' title='bbox 3239 1704 3296 1756; x_wconf 78' lang='grc' dir='ltr'><em>ὲν</em></span> <span class='ocrx_word' id='word_1_226' title='bbox 3323 1701 3403 1772; x_wconf 81' lang='grc' dir='ltr'><em>τῷ</em></span> <span class='ocrx_word' id='word_1_227' title='bbox 3437 1700 3561 1773; x_wconf 76' lang='grc' dir='ltr'><em>δρει</em></span> <span class='ocrx_word' id='word_1_228' title='bbox 3593 1704 3709 1755; x_wconf 76' lang='grc' dir='ltr'><strong><em>καὶ</em></strong></span> 
     </span>
    </p>
   </div>
   <div class='ocr_carea' id='block_1_33' title="bbox 405 1793 1898 1873">
    <p class='ocr_par' dir='ltr' id='par_1_33' title="bbox 405 1793 1875 1872">
     <span class='ocr_line' id='line_1_33' title="bbox 405 1793 1875 1872; baseline 0.003 -23"><span class='ocrx_word' id='word_1_229' title='bbox 405 1793 522 1860; x_wconf 80' lang='lat' dir='ltr'><strong><em>hat,</em></strong></span> <span class='ocrx_word' id='word_1_230' title='bbox 576 1802 630 1849; x_wconf 91' lang='lat' dir='ltr'><strong><em>et</em></strong></span> <span class='ocrx_word' id='word_1_231' title='bbox 687 1795 1208 1866; x_wconf 79' lang='lat' dir='ltr'><strong><em>transﬁgurabatur,</em></strong></span> <span class='ocrx_word' id='word_1_232' title='bbox 1261 1799 1588 1854; x_wconf 87' lang='lat' dir='ltr'><strong><em>ostendebat</em></strong></span> <span class='ocrx_word' id='word_1_233' title='bbox 1638 1799 1875 1872; x_wconf 61' lang='lat' dir='ltr'><strong><em>Moysen]</em></strong></span> 
     </span>
    </p>
   </div>
   <div class='ocr_carea' id='block_1_34' title="bbox 2213 1793 3706 1873">
    <p class='ocr_par' dir='ltr' id='par_1_34' title="bbox 2213 1793 3706 1873">
     <span class='ocr_line' id='line_1_34' title="bbox 2213 1793 3706 1873; baseline -0.008 -18"><span class='ocrx_word' id='word_1_234' title='bbox 2213 1801 2527 1873; x_wconf 78' lang='grc' dir='ltr'><em>εμορφοῦτο,</em></span> <span class='ocrx_word' id='word_1_235' title='bbox 2571 1799 2810 1852; x_wconf 74' lang='grc' dir='ltr'><em>ἐδείκνυε</em></span> <span class='ocrx_word' id='word_1_236' title='bbox 2855 1795 3096 1851; x_wconf 84' lang='grc' dir='ltr'><em>Μωῦσέα</em></span> <span class='ocrx_word' id='word_1_237' title='bbox 3143 1795 3238 1849; x_wconf 70' lang='grc' dir='ltr'><strong><em>καὶ</em></strong></span> <span class='ocrx_word' id='word_1_238' title='bbox 3273 1793 3483 1858; x_wconf 87' lang='grc' dir='ltr'><em>Ἦλίαν,</em></span> <span class='ocrx_word' id='word_1_239' title='bbox 3520 1793 3618 1845; x_wconf 76' lang='grc' dir='ltr'><em>ἵνα</em></span> <span class='ocrx_word' id='word_1_240' title='bbox 3670 1794 3706 1862; x_wconf 74' lang='grc' dir='ltr'>ἡ</span> 
     </span>
    </p>
   </div>
   <div class='ocr_carea' id='block_1_35' title="bbox 404 1882 1897 1962">
    <p class='ocr_par' dir='ltr' id='par_1_35' title="bbox 404 1882 1897 1950">
     <span class='ocr_line' id='line_1_35' title="bbox 404 1882 1897 1950; baseline 0.006 -12"><span class='ocrx_word' id='word_1_241' title='bbox 404 1882 581 1939; x_wconf 84' lang='lat' dir='ltr'><strong><em>Eliam</em></strong></span> <span class='ocrx_word' id='word_1_242' title='bbox 604 1927 619 1950; x_wconf 93' lang='lat'><strong><em>,</em></strong></span> <span class='ocrx_word' id='word_1_243' title='bbox 654 1894 714 1940; x_wconf 92' lang='lat' dir='ltr'><strong><em>ut</em></strong></span> <span class='ocrx_word' id='word_1_244' title='bbox 750 1889 1071 1944; x_wconf 92' lang='lat' dir='ltr'><strong><em>testimonio</em></strong></span> <span class='ocrx_word' id='word_1_245' title='bbox 1114 1898 1262 1945; x_wconf 85' lang='lat' dir='ltr'><strong><em>esset</em></strong></span> <span class='ocrx_word' id='word_1_246' title='bbox 1299 1893 1641 1946; x_wconf 87' lang='lat' dir='ltr'><strong><em>consociatio</em></strong></span> <span class='ocrx_word' id='word_1_247' title='bbox 1681 1894 1897 1948; x_wconf 83' lang='lat' dir='ltr'><strong><em>sanctit:</em></strong></span> 
     </span>
    </p>
   </div>
   <div class='ocr_carea' id='block_1_36' title="bbox 2214 1882 3707 1962">
    <p class='ocr_par' dir='ltr' id='par_1_36' title="bbox 2214 1883 3707 1962">
     <span class='ocr_line' id='line_1_36' title="bbox 2214 1883 3707 1962; baseline -0.003 -19"><span class='ocrx_word' id='word_1_248' title='bbox 2214 1893 2350 1946; x_wconf 73' lang='lat' dir='ltr'><strong><em>maia</em></strong></span> <span class='ocrx_word' id='word_1_249' title='bbox 2390 1891 2489 1962; x_wconf 86' lang='grc' dir='ltr'><em>τῆς</em></span> <span class='ocrx_word' id='word_1_250' title='bbox 2523 1889 2810 1960; x_wconf 83' lang='grc' dir='ltr'><strong><em>ἁγιότητος</em></strong></span> <span class='ocrx_word' id='word_1_251' title='bbox 2846 1887 3072 1957; x_wconf 82' lang='grc' dir='ltr'><em>γένηται</em></span> <span class='ocrx_word' id='word_1_252' title='bbox 3103 1884 3409 1958; x_wconf 80' lang='grc' dir='ltr'><em>μαρτυρία“</em></span> <span class='ocrx_word' id='word_1_253' title='bbox 3444 1884 3546 1938; x_wconf 75' lang='grc' dir='ltr'><strong><em>καὶ</em></strong></span> <span class='ocrx_word' id='word_1_254' title='bbox 3601 1883 3707 1938; x_wconf 50' lang='grc' dir='ltr'><em>ἵνα</em></span> 
     </span>
    </p>
   </div>
   <div class='ocr_carea' id='block_1_37' title="bbox 403 1977 1896 2057">
    <p class='ocr_par' dir='ltr' id='par_1_37' title="bbox 403 1979 1895 2056">
     <span class='ocr_line' id='line_1_37' title="bbox 403 1979 1895 2056; baseline 0.007 -24"><span class='ocrx_word' id='word_1_255' title='bbox 403 1979 626 2033; x_wconf 89' lang='lat' dir='ltr'><strong><em>illorum</em></strong></span> <span class='ocrx_word' id='word_1_256' title='bbox 666 1999 677 2034; x_wconf 93' lang='lat'>:</span> <span class='ocrx_word' id='word_1_257' title='bbox 716 1989 772 2036; x_wconf 90' lang='lat' dir='ltr'><strong><em>et</em></strong></span> <span class='ocrx_word' id='word_1_258' title='bbox 801 1991 860 2034; x_wconf 91' lang='lat' dir='ltr'><strong><em>ut</em></strong></span> <span class='ocrx_word' id='word_1_259' title='bbox 893 1982 940 2037; x_wconf 90' lang='lat' dir='ltr'><strong><em>is</em></strong></span> <span class='ocrx_word' id='word_1_260' title='bbox 967 1983 1059 2050; x_wconf 90' lang='lat' dir='ltr'><strong><em>qui</em></strong></span> <span class='ocrx_word' id='word_1_261' title='bbox 1087 1981 1276 2039; x_wconf 84' lang='lat' dir='ltr'><strong><em>Jesum</em></strong></span> <span class='ocrx_word' id='word_1_262' title='bbox 1312 1986 1528 2054; x_wconf 82' lang='lat' dir='ltr'><strong><em>recipit,</em></strong></span> <span class='ocrx_word' id='word_1_263' title='bbox 1563 1985 1744 2040; x_wconf 83' lang='lat' dir='ltr'><strong><em>socios</em></strong></span> <span class='ocrx_word' id='word_1_264' title='bbox 1774 1989 1895 2056; x_wconf 86' lang='lat' dir='ltr'><strong><em>ejus</em></strong></span> 
     </span>
    </p>
   </div>
   <div class='ocr_carea' id='block_1_38' title="bbox 2207 1977 3700 2057">
    <p class='ocr_par' dir='ltr' id='par_1_38' title="bbox 2208 1977 3700 2057">
     <span class='ocr_line' id='line_1_38' title="bbox 2208 1977 3700 2057; baseline -0.013 -17"><span class='ocrx_word' id='word_1_265' title='bbox 2208 1986 2438 2057; x_wconf 89' lang='grc' dir='ltr'><em>χόμενος</em></span> <span class='ocrx_word' id='word_1_266' title='bbox 2475 1983 2566 2037; x_wconf 80' lang='grc' dir='ltr'><em>τὸν</em></span> <span class='ocrx_word' id='word_1_267' title='bbox 2604 1981 2811 2054; x_wconf 81' lang='grc' dir='ltr'><em>Ἰησοῦν</em></span> <span class='ocrx_word' id='word_1_268' title='bbox 2838 1981 2961 2038; x_wconf 78' lang='grc' dir='ltr'><em>τοὺς</em></span> <span class='ocrx_word' id='word_1_269' title='bbox 2998 1979 3256 2042; x_wconf 79' lang='grc' dir='ltr'><strong><em>συνόντας</em></strong></span> <span class='ocrx_word' id='word_1_270' title='bbox 3292 1978 3366 2049; x_wconf 82' lang='grc' dir='ltr'><em>μὴ</em></span> <span class='ocrx_word' id='word_1_271' title='bbox 3405 1977 3700 2046; x_wconf 56' lang='grc' dir='ltr'><em>ἀτιμάτς,</em></span> 
     </span>
    </p>
   </div>
   <div class='ocr_carea' id='block_1_39' title="bbox 401 2067 1894 2150">
    <p class='ocr_par' dir='ltr' id='par_1_39' title="bbox 401 2071 1894 2150">
     <span class='ocr_line' id='line_1_39' title="bbox 401 2071 1894 2150; baseline 0.006 -24"><span class='ocrx_word' id='word_1_272' title='bbox 401 2071 733 2142; x_wconf 88' lang='lat' dir='ltr'><strong><em>dedecoret;</em></strong></span> <span class='ocrx_word' id='word_1_273' title='bbox 774 2090 843 2130; x_wconf 92' lang='lat' dir='ltr'><strong><em>ne</em></strong></span> <span class='ocrx_word' id='word_1_274' title='bbox 873 2075 918 2130; x_wconf 91' lang='lat' dir='ltr'><strong><em>si</em></strong></span> <span class='ocrx_word' id='word_1_275' title='bbox 948 2075 1070 2145; x_wconf 89' lang='lat' dir='ltr'><strong><em>ejus</em></strong></span> <span class='ocrx_word' id='word_1_276' title='bbox 1117 2079 1412 2147; x_wconf 87' lang='lat' dir='ltr'><strong><em>stipatores</em></strong></span> <span class='ocrx_word' id='word_1_277' title='bbox 1449 2085 1505 2133; x_wconf 89' lang='lat' dir='ltr'><strong><em>et</em></strong></span> <span class='ocrx_word' id='word_1_278' title='bbox 1539 2079 1822 2135; x_wconf 90' lang='lat' dir='ltr'><strong><em>ministros</em></strong></span> <span class='ocrx_word' id='word_1_279' title='bbox 1861 2096 1894 2150; x_wconf 91' lang='lat' dir='ltr'><strong><em>p</em></strong></span> 
     </span>
    </p>
   </div>
   <div class='ocr_carea' id='block_1_40' title="bbox 2205 2067 3698 2150">
    <p class='ocr_par' dir='ltr' id='par_1_40' title="bbox 2228 2067 3698 2149">
     <span class='ocr_line' id='line_1_40' title="bbox 2228 2067 3698 2149; baseline -0.008 -18"><span class='ocrx_word' id='word_1_280' title='bbox 2228 2080 2323 2149; x_wconf 83' lang='grc' dir='ltr'><em>μὴ,</em></span> <span class='ocrx_word' id='word_1_281' title='bbox 2359 2077 2484 2140; x_wconf 82' lang='grc' dir='ltr'><em>τοὺς</em></span> <span class='ocrx_word' id='word_1_282' title='bbox 2525 2073 2856 2146; x_wconf 77' lang='grc' dir='ltr'><strong><em>δορυφόρους</em></strong></span> <span class='ocrx_word' id='word_1_283' title='bbox 2899 2071 2993 2124; x_wconf 73' lang='grc' dir='ltr'><strong><em>καὶ</em></strong></span> <span class='ocrx_word' id='word_1_284' title='bbox 3043 2070 3322 2142; x_wconf 81' lang='grc' dir='ltr'><strong><em>ὑπηρέτας</em></strong></span> <span class='ocrx_word' id='word_1_285' title='bbox 3363 2067 3635 2133; x_wconf 75' lang='grc' dir='ltr'><em>εὐτελίζω</em></span> <span class='ocrx_word' id='word_1_286' title='bbox 3655 2087 3698 2132; x_wconf 70' lang='grc' dir='ltr'><em>ιν,</em></span> 
     </span>
    </p>
   </div>
   <div class='ocr_carea' id='block_1_41' title="bbox 401 2163 1894 2241">
    <p class='ocr_par' dir='ltr' id='par_1_41' title="bbox 401 2165 1424 2241">
     <span class='ocr_line' id='line_1_41' title="bbox 401 2165 1424 2241; baseline 0.006 -20"><span class='ocrx_word' id='word_1_287' title='bbox 401 2165 648 2234; x_wconf 75' lang='lat' dir='ltr'><strong><em>vitaeiat,</em></strong></span> <span class='ocrx_word' id='word_1_288' title='bbox 678 2183 863 2241; x_wconf 88' lang='lat' dir='ltr'><strong><em>regem</em></strong></span> <span class='ocrx_word' id='word_1_289' title='bbox 899 2168 1080 2240; x_wconf 90' lang='lat' dir='ltr'><strong><em>ipsum</em></strong></span> <span class='ocrx_word' id='word_1_290' title='bbox 1113 2171 1424 2228; x_wconf 87' lang='lat' dir='ltr'><strong><em>inhonoret.</em></strong></span> 
     </span>
    </p>
   </div>
   <div class='ocr_carea' id='block_1_42' title="bbox 1540 2163 3033 2241">
    <p class='ocr_par' dir='ltr' id='par_1_42' title="bbox 2095 2163 3033 2240">
     <span class='ocr_line' id='line_1_42' title="bbox 2095 2163 3033 2240; baseline -0.01 -16"><span class='ocrx_word' id='word_1_291' title='bbox 2095 2171 2258 2224; x_wconf 80' lang='grc' dir='ltr'><em>αὑτὸν</em></span> <span class='ocrx_word' id='word_1_292' title='bbox 2287 2168 2569 2240; x_wconf 77' lang='grc' dir='ltr'><strong><em>ἀτιμάζων</em></strong></span> <span class='ocrx_word' id='word_1_293' title='bbox 2600 2163 2633 2206; x_wconf 61' lang='grc' dir='ltr'><strong><em>δ’</em></strong></span> <span class='ocrx_word' id='word_1_294' title='bbox 2664 2166 2754 2220; x_wconf 84' lang='grc' dir='ltr'><em>τὸν</em></span> <span class='ocrx_word' id='word_1_295' title='bbox 2791 2163 3033 2218; x_wconf 79' lang='grc' dir='ltr'><em>ϐασιλέα.</em></span> 
     </span>
    </p>
   </div>
   <div class='ocr_carea' id='block_1_43' title="bbox 1533 2323 2550 2399">
    <p class='ocr_par' dir='ltr' id='par_1_43' title="bbox 1533 2323 2550 2399">
     <span class='ocr_line' id='line_1_43' title="bbox 1533 2323 2550 2399; baseline -0.002 -19"><span class='ocrx_word' id='word_1_296' title='bbox 1533 2323 1661 2380; x_wconf 72' lang='lat' dir='ltr'><strong>CAP.</strong></span> <span class='ocrx_word' id='word_1_297' title='bbox 1695 2324 1784 2382; x_wconf 87' lang='lat' dir='ltr'><strong><em>Ill.</em></strong></span> <span class='ocrx_word' id='word_1_298' title='bbox 1815 2325 2005 2399; x_wconf 85' lang='lat' dir='ltr'><strong><em>Legem</em></strong></span> <span class='ocrx_word' id='word_1_299' title='bbox 2033 2327 2250 2396; x_wconf 73' lang='lat' dir='ltr'><strong><em>perfecit</em></strong></span> <span class='ocrx_word' id='word_1_300' title='bbox 2282 2325 2550 2380; x_wconf 82' lang='lat' dir='ltr'><strong><em>Christus.</em></strong></span> 
     </span>
    </p>
   </div>
   <div class='ocr_carea' id='block_1_44' title="bbox 468 2457 1961 2536">
    <p class='ocr_par' dir='ltr' id='par_1_44' title="bbox 468 2462 1961 2536">
     <span class='ocr_line' id='line_1_44' title="bbox 468 2462 1961 2536; baseline 0.003 -20"><span class='ocrx_word' id='word_1_301' title='bbox 468 2462 950 2535; x_wconf 71' lang='lat' dir='ltr'><strong><em>Deniqueztantam</em></strong></span> <span class='ocrx_word' id='word_1_302' title='bbox 973 2479 1163 2520; x_wconf 89' lang='lat' dir='ltr'><strong><em>curam</em></strong></span> <span class='ocrx_word' id='word_1_303' title='bbox 1191 2465 1328 2536; x_wconf 79' lang='lat' dir='ltr'><strong><em>legis</em></strong></span> <span class='ocrx_word' id='word_1_304' title='bbox 1358 2471 1412 2521; x_wconf 91' lang='lat' dir='ltr'><strong><em>et</em></strong></span> <span class='ocrx_word' id='word_1_305' title='bbox 1439 2464 1832 2536; x_wconf 87' lang='lat' dir='ltr'><strong><em>prophetarum</em></strong></span> <span class='ocrx_word' id='word_1_306' title='bbox 1859 2465 1961 2520; x_wconf 22' lang='lat' dir='ltr'><strong><em>Sall</em></strong></span> 
     </span>
    </p>
   </div>
   <div class='ocr_carea' id='block_1_45' title="bbox 2193 2457 3686 2536">
    <p class='ocr_par' dir='ltr' id='par_1_45' title="bbox 2194 2457 3686 2536">
     <span class='ocr_line' id='line_1_45' title="bbox 2194 2457 3686 2536; baseline -0.006 -18"><span class='ocrx_word' id='word_1_307' title='bbox 2194 2464 2427 2536; x_wconf 87' lang='grc' dir='ltr'><em>οσαύτην</em></span> <span class='ocrx_word' id='word_1_308' title='bbox 2464 2461 2594 2533; x_wconf 77' lang='grc' dir='ltr'><em>γοῦν</em></span> <span class='ocrx_word' id='word_1_309' title='bbox 2628 2460 2944 2531; x_wconf 81' lang='grc' dir='ltr'><em>ἐπιμέλειαν</em></span> <span class='ocrx_word' id='word_1_310' title='bbox 2971 2458 3063 2512; x_wconf 78' lang='grc' dir='ltr'><em>τοῦ</em></span> <span class='ocrx_word' id='word_1_311' title='bbox 3087 2458 3252 2528; x_wconf 88' lang='grc' dir='ltr'><em>νόμου</em></span> <span class='ocrx_word' id='word_1_312' title='bbox 3281 2457 3375 2510; x_wconf 74' lang='grc' dir='ltr'><strong><em>καὶ</em></strong></span> <span class='ocrx_word' id='word_1_313' title='bbox 3401 2457 3511 2510; x_wconf 84' lang='grc' dir='ltr'><strong><em>τῶν</em></strong></span> <span class='ocrx_word' id='word_1_314' title='bbox 3537 2474 3686 2530; x_wconf 78' lang='grc' dir='ltr'><em>προ-</em></span> 
     </span>
    </p>
   </div>
   <div class='ocr_carea' id='block_1_46' title="bbox 397 2548 1890 2630">
    <p class='ocr_par' dir='ltr' id='par_1_46' title="bbox 397 2555 1885 2630">
     <span class='ocr_line' id='line_1_46' title="bbox 397 2555 1885 2630; baseline 0.002 -21"><span class='ocrx_word' id='word_1_315' title='bbox 397 2563 554 2610; x_wconf 78' lang='lat' dir='ltr'><strong><em>vator</em></strong></span> <span class='ocrx_word' id='word_1_316' title='bbox 580 2555 795 2619; x_wconf 88' lang='lat' dir='ltr'><strong><em>habuit,</em></strong></span> <span class='ocrx_word' id='word_1_317' title='bbox 829 2564 886 2610; x_wconf 89' lang='lat' dir='ltr'><strong><em>ut</em></strong></span> <span class='ocrx_word' id='word_1_318' title='bbox 916 2556 1052 2610; x_wconf 92' lang='lat' dir='ltr'><strong><em>nihil</em></strong></span> <span class='ocrx_word' id='word_1_319' title='bbox 1077 2572 1144 2611; x_wconf 83' lang='lat' dir='ltr'><strong><em>ex</em></strong></span> <span class='ocrx_word' id='word_1_320' title='bbox 1174 2558 1290 2630; x_wconf 91' lang='lat' dir='ltr'><strong><em>lege</em></strong></span> <span class='ocrx_word' id='word_1_321' title='bbox 1315 2572 1426 2612; x_wconf 90' lang='lat' dir='ltr'><strong><em>non</em></strong></span> <span class='ocrx_word' id='word_1_322' title='bbox 1448 2557 1778 2626; x_wconf 80' lang='lat' dir='ltr'><strong><em>perfecerit;</em></strong></span> <span class='ocrx_word' id='word_1_323' title='bbox 1799 2573 1885 2612; x_wconf 92' lang='lat' dir='ltr'><strong><em>om</em></strong></span> 
     </span>
    </p>
   </div>
   <div class='ocr_carea' id='block_1_47' title="bbox 2192 2548 3685 2630">
    <p class='ocr_par' dir='ltr' id='par_1_47' title="bbox 2192 2548 3685 2625">
     <span class='ocr_line' id='line_1_47' title="bbox 2192 2548 3685 2625; baseline -0.005 -15"><span class='ocrx_word' id='word_1_324' title='bbox 2192 2557 2262 2610; x_wconf 84' lang='grc' dir='ltr'><strong><em>ῶν</em></strong></span> <span class='ocrx_word' id='word_1_325' title='bbox 2291 2554 2584 2625; x_wconf 86' lang='grc' dir='ltr'><em>πεποίηται</em></span> <span class='ocrx_word' id='word_1_326' title='bbox 2611 2555 2638 2607; x_wconf 86' lang='grc' dir='ltr'>ὁ</span> <span class='ocrx_word' id='word_1_327' title='bbox 2670 2552 2880 2624; x_wconf 82' lang='grc' dir='ltr'><em>Σωτὴρ,</em></span> <span class='ocrx_word' id='word_1_328' title='bbox 2908 2552 2983 2615; x_wconf 86' lang='grc' dir='ltr'><em>ὡς</em></span> <span class='ocrx_word' id='word_1_329' title='bbox 3026 2550 3193 2621; x_wconf 76' lang='grc' dir='ltr'><em>μηδὲν</em></span> <span class='ocrx_word' id='word_1_330' title='bbox 3233 2548 3420 2611; x_wconf 79' lang='grc' dir='ltr'><em>ἀτελὲς</em></span> <span class='ocrx_word' id='word_1_331' title='bbox 3447 2549 3685 2618; x_wconf 79' lang='grc' dir='ltr'><em>ποιῆσαι</em></span> 
     </span>
    </p>
   </div>
   <div class='ocr_carea' id='block_1_48' title="bbox 397 2639 1890 2719">
    <p class='ocr_par' dir='ltr' id='par_1_48' title="bbox 397 2649 1890 2719">
     <span class='ocr_line' id='line_1_48' title="bbox 397 2649 1890 2719; baseline -0.001 -18"><span class='ocrx_word' id='word_1_332' title='bbox 397 2657 580 2702; x_wconf 89' lang='lat' dir='ltr'><strong><em>autem</em></strong></span> <span class='ocrx_word' id='word_1_333' title='bbox 614 2662 736 2718; x_wconf 70' lang='lat' dir='ltr'><strong><em>quae</em></strong></span> <span class='ocrx_word' id='word_1_334' title='bbox 769 2649 975 2718; x_wconf 90' lang='lat' dir='ltr'><strong><em>scripta</em></strong></span> <span class='ocrx_word' id='word_1_335' title='bbox 1019 2657 1196 2713; x_wconf 87' lang='lat' dir='ltr'><strong><em>erant,</em></strong></span> <span class='ocrx_word' id='word_1_336' title='bbox 1225 2650 1544 2718; x_wconf 87' lang='lat' dir='ltr'><strong><em>patraverit,</em></strong></span> <span class='ocrx_word' id='word_1_337' title='bbox 1576 2650 1890 2719; x_wconf 73' lang='lat' dir='ltr'><strong><em>clamaretqi</em></strong></span> 
     </span>
    </p>
   </div>
   <div class='ocr_carea' id='block_1_49' title="bbox 2189 2639 3682 2719">
    <p class='ocr_par' dir='ltr' id='par_1_49' title="bbox 2195 2639 3682 2719">
     <span class='ocr_line' id='line_1_49' title="bbox 2195 2639 3682 2719; baseline -0.007 -17"><span class='ocrx_word' id='word_1_338' title='bbox 2195 2650 2359 2719; x_wconf 87' lang='grc' dir='ltr'><em>νόμου</em></span> <span class='ocrx_word' id='word_1_339' title='bbox 2381 2665 2394 2677; x_wconf 87' lang='grc'><strong>·</strong></span> <span class='ocrx_word' id='word_1_340' title='bbox 2421 2647 2598 2701; x_wconf 83' lang='grc' dir='ltr'><em>πάντα</em></span> <span class='ocrx_word' id='word_1_341' title='bbox 2624 2645 2681 2697; x_wconf 86' lang='grc' dir='ltr'><em>δὲ</em></span> <span class='ocrx_word' id='word_1_342' title='bbox 2711 2644 2893 2698; x_wconf 81' lang='grc' dir='ltr'><strong><em>ἀνύειν</em></strong></span> <span class='ocrx_word' id='word_1_343' title='bbox 2920 2643 2989 2696; x_wconf 80' lang='grc' dir='ltr'><em>τὰ</em></span> <span class='ocrx_word' id='word_1_344' title='bbox 3013 2641 3392 2715; x_wconf 86' lang='grc' dir='ltr'><em>γεγραμμένα,</em></span> <span class='ocrx_word' id='word_1_345' title='bbox 3427 2639 3557 2711; x_wconf 80' lang='grc' dir='ltr'><em>βοᾷν</em></span> <span class='ocrx_word' id='word_1_346' title='bbox 3587 2640 3682 2703; x_wconf 81' lang='grc' dir='ltr'><em>δὲ,</em></span> 
     </span>
    </p>
   </div>
   <div class='ocr_carea' id='block_1_50' title="bbox 398 2732 1891 2811">
    <p class='ocr_par' dir='ltr' id='par_1_50' title="bbox 398 2737 1891 2811">
     <span class='ocr_line' id='line_1_50' title="bbox 398 2737 1891 2811; baseline 0.001 -18"><span class='ocrx_word' id='word_1_347' title='bbox 398 2737 525 2794; x_wconf 82' lang='grc' dir='ltr'><strong><em>Νοη</em></strong></span> <span class='ocrx_word' id='word_1_348' title='bbox 556 2741 669 2794; x_wconf 81' lang='lat' dir='ltr'><strong><em>veni</em></strong></span> <span class='ocrx_word' id='word_1_349' title='bbox 696 2740 896 2794; x_wconf 82' lang='lat' dir='ltr'><strong><em>solvere</em></strong></span> <span class='ocrx_word' id='word_1_350' title='bbox 920 2740 1105 2808; x_wconf 81' lang='lat' dir='ltr'><strong><em>legem,</em></strong></span> <span class='ocrx_word' id='word_1_351' title='bbox 1141 2741 1230 2794; x_wconf 82' lang='lat' dir='ltr'><strong><em>sed</em></strong></span> <span class='ocrx_word' id='word_1_352' title='bbox 1256 2739 1592 2809; x_wconf 74' lang='lat' dir='ltr'><strong><em>adimplere&quot;</em></strong></span> <span class='ocrx_word' id='word_1_353' title='bbox 1627 2757 1643 2805; x_wconf 86' lang='lat'><strong><em>;</em></strong></span> <span class='ocrx_word' id='word_1_354' title='bbox 1677 2740 1891 2811; x_wconf 78' lang='lat' dir='ltr'><strong><em>ingrede</em></strong></span> 
     </span>
    </p>
   </div>
   <div class='ocr_carea' id='block_1_51' title="bbox 2191 2732 3684 2811">
    <p class='ocr_par' dir='ltr' id='par_1_51' title="bbox 2191 2732 3684 2811">
     <span class='ocr_line' id='line_1_51' title="bbox 2191 2732 3684 2811; baseline -0.007 -15"><span class='ocrx_word' id='word_1_355' title='bbox 2191 2762 2198 2795; x_wconf 85' lang='lat'>:</span> <span class='ocrx_word' id='word_1_356' title='bbox 2235 2742 2425 2811; x_wconf 79' lang='grc' dir='ltr'><em>ἦλθον</em></span> <span class='ocrx_word' id='word_1_357' title='bbox 2467 2739 2806 2793; x_wconf 76' lang='grc' dir='ltr'><em>καταλῦσαι</em></span> <span class='ocrx_word' id='word_1_358' title='bbox 2844 2736 2952 2791; x_wconf 83' lang='grc' dir='ltr'><strong><em>τὸν</em></strong></span> <span class='ocrx_word' id='word_1_359' title='bbox 2983 2739 3194 2805; x_wconf 82' lang='grc' dir='ltr'><em>νόμον,</em></span> <span class='ocrx_word' id='word_1_360' title='bbox 3232 2733 3395 2790; x_wconf 70' lang='grc' dir='ltr'><em>ἀλλὰ</em></span> <span class='ocrx_word' id='word_1_361' title='bbox 3439 2732 3684 2802; x_wconf 55' lang='lat' dir='ltr'><strong><em>1.11m}-</em></strong></span> 
     </span>
    </p>
   </div>
   <div class='ocr_carea' id='block_1_52' title="bbox 396 2825 1889 2901">
    <p class='ocr_par' dir='ltr' id='par_1_52' title="bbox 396 2827 1889 2899">
     <span class='ocr_line' id='line_1_52' title="bbox 396 2827 1889 2899; baseline -0.002 -17"><span class='ocrx_word' id='word_1_362' title='bbox 396 2836 491 2882; x_wconf 91' lang='lat' dir='ltr'><strong><em>tur</em></strong></span> <span class='ocrx_word' id='word_1_363' title='bbox 519 2836 700 2884; x_wconf 90' lang='lat' dir='ltr'><strong><em>autem</em></strong></span> <span class='ocrx_word' id='word_1_364' title='bbox 726 2828 781 2883; x_wconf 90' lang='lat' dir='ltr'><strong><em>in</em></strong></span> <span class='ocrx_word' id='word_1_365' title='bbox 824 2829 1110 2898; x_wconf 90' lang='lat' dir='ltr'><strong><em>templum,</em></strong></span> <span class='ocrx_word' id='word_1_366' title='bbox 1142 2836 1197 2883; x_wconf 90' lang='lat' dir='ltr'><strong><em>et</em></strong></span> <span class='ocrx_word' id='word_1_367' title='bbox 1239 2835 1432 2899; x_wconf 89' lang='lat' dir='ltr'><strong><em>turpes</em></strong></span> <span class='ocrx_word' id='word_1_368' title='bbox 1463 2827 1591 2883; x_wconf 88' lang='lat' dir='ltr'><strong><em>&#39;nde</em></strong></span> <span class='ocrx_word' id='word_1_369' title='bbox 1630 2827 1889 2882; x_wconf 87' lang='lat' dir='ltr'><strong><em>administ</em></strong></span> 
     </span>
    </p>
   </div>
   <div class='ocr_carea' id='block_1_53' title="bbox 2192 2825 3685 2901">
    <p class='ocr_par' dir='ltr' id='par_1_53' title="bbox 2195 2825 3685 2901">
     <span class='ocr_line' id='line_1_53' title="bbox 2195 2825 3685 2901; baseline -0.007 -14"><span class='ocrx_word' id='word_1_370' title='bbox 2195 2877 2209 2898; x_wconf 97' lang='lat'><strong><em>,</em></strong></span> <span class='ocrx_word' id='word_1_371' title='bbox 2247 2835 2472 2887; x_wconf 81' lang='grc' dir='ltr'><strong><em>εἰσιέναι</em></strong></span> <span class='ocrx_word' id='word_1_372' title='bbox 2500 2832 2556 2884; x_wconf 84' lang='grc' dir='ltr'><em>δὲ</em></span> <span class='ocrx_word' id='word_1_373' title='bbox 2588 2834 2646 2884; x_wconf 80' lang='grc' dir='ltr'><em>ὲν</em></span> <span class='ocrx_word' id='word_1_374' title='bbox 2687 2830 2764 2900; x_wconf 83' lang='grc' dir='ltr'><em>τῷ</em></span> <span class='ocrx_word' id='word_1_375' title='bbox 2798 2828 2948 2901; x_wconf 80' lang='grc' dir='ltr'><em>ἱερῷ,</em></span> <span class='ocrx_word' id='word_1_376' title='bbox 2985 2830 3081 2883; x_wconf 76' lang='grc' dir='ltr'><strong><em>καὶ</em></strong></span> <span class='ocrx_word' id='word_1_377' title='bbox 3125 2827 3224 2890; x_wconf 80' lang='grc' dir='ltr'><em>τὰς</em></span> <span class='ocrx_word' id='word_1_378' title='bbox 3269 2825 3502 2887; x_wconf 85' lang='grc' dir='ltr'><em>ἀτόπους</em></span> <span class='ocrx_word' id='word_1_379' title='bbox 3532 2826 3685 2877; x_wconf 78' lang='grc' dir='ltr'><em>οξκο-</em></span> 
     </span>
    </p>
   </div>
   <div class='ocr_carea' id='block_1_54' title="bbox 397 2917 1890 2999">
    <p class='ocr_par' dir='ltr' id='par_1_54' title="bbox 397 2917 1890 2989">
     <span class='ocr_line' id='line_1_54' title="bbox 397 2917 1890 2989; baseline -0.001 -16"><span class='ocrx_word' id='word_1_380' title='bbox 397 2922 576 2974; x_wconf 90' lang='lat' dir='ltr'><strong><em>tiones</em></strong></span> <span class='ocrx_word' id='word_1_381' title='bbox 604 2920 804 2974; x_wconf 82' lang='lat' dir='ltr'><strong><em>domus</em></strong></span> <span class='ocrx_word' id='word_1_382' title='bbox 835 2917 929 2972; x_wconf 91' lang='lat' dir='ltr'><strong><em>Dei</em></strong></span> <span class='ocrx_word' id='word_1_383' title='bbox 960 2919 1211 2988; x_wconf 75' lang='lat' dir='ltr'><strong><em>eiecerit,</em></strong></span> <span class='ocrx_word' id='word_1_384' title='bbox 1241 2926 1303 2972; x_wconf 90' lang='lat' dir='ltr'><strong><em>ut</em></strong></span> <span class='ocrx_word' id='word_1_385' title='bbox 1337 2919 1573 2975; x_wconf 86' lang='lat' dir='ltr'><strong><em>reddens</em></strong></span> <span class='ocrx_word' id='word_1_386' title='bbox 1617 2920 1839 2974; x_wconf 90' lang='lat' dir='ltr'><strong><em>domum</em></strong></span> <span class='ocrx_word' id='word_1_387' title='bbox 1884 2935 1890 2989; x_wconf 73' lang='grc' dir='ltr'><strong><em>ι</em></strong></span> 
     </span>
    </p>
   </div>
   <div class='ocr_carea' id='block_1_55' title="bbox 2192 2917 3685 2999">
    <p class='ocr_par' dir='ltr' id='par_1_55' title="bbox 2197 2917 3685 2993">
     <span class='ocr_line' id='line_1_55' title="bbox 2197 2917 3685 2993; baseline -0.009 -12"><span class='ocrx_word' id='word_1_388' title='bbox 2197 2929 2278 2990; x_wconf 88' lang='grc' dir='ltr'><strong><em>ίας</em></strong></span> <span class='ocrx_word' id='word_1_389' title='bbox 2306 2926 2545 2993; x_wconf 77' lang='grc' dir='ltr'><em>ἐξωθεῖν,</em></span> <span class='ocrx_word' id='word_1_390' title='bbox 2581 2925 2687 2987; x_wconf 84' lang='grc' dir='ltr'><em>ἵνα,</em></span> <span class='ocrx_word' id='word_1_391' title='bbox 2723 2923 2810 2976; x_wconf 77' lang='grc' dir='ltr'><em>τὸν</em></span> <span class='ocrx_word' id='word_1_392' title='bbox 2844 2917 2990 2974; x_wconf 73' lang='grc' dir='ltr'><em>οἷκον</em></span> <span class='ocrx_word' id='word_1_393' title='bbox 3021 2919 3258 2991; x_wconf 84' lang='grc' dir='ltr'><em>καθαρὸν</em></span> <span class='ocrx_word' id='word_1_394' title='bbox 3301 2917 3555 2979; x_wconf 78' lang='grc' dir='ltr'><em>ἀποδοὺς,</em></span> <span class='ocrx_word' id='word_1_395' title='bbox 3592 2917 3685 2968; x_wconf 82' lang='grc' dir='ltr'><em>πί-</em></span> 
     </span>
    </p>
   </div>
   <div class='ocr_carea' id='block_1_56' title="bbox 396 3007 1889 3090">
    <p class='ocr_par' dir='ltr' id='par_1_56' title="bbox 396 3007 1870 3078">
     <span class='ocr_line' id='line_1_56' title="bbox 396 3007 1870 3078; baseline 0.001 -16"><span class='ocrx_word' id='word_1_396' title='bbox 396 3024 541 3073; x_wconf 84' lang='lat' dir='ltr'><strong><em>ram,</em></strong></span> <span class='ocrx_word' id='word_1_397' title='bbox 569 3023 628 3062; x_wconf 91' lang='lat' dir='ltr'><strong><em>re</em></strong></span> <span class='ocrx_word' id='word_1_398' title='bbox 660 3009 777 3077; x_wconf 89' lang='lat' dir='ltr'><strong><em>ipsa</em></strong></span> <span class='ocrx_word' id='word_1_399' title='bbox 812 3007 1132 3078; x_wconf 90' lang='lat' dir='ltr'><strong><em>plenissime</em></strong></span> <span class='ocrx_word' id='word_1_400' title='bbox 1162 3010 1516 3078; x_wconf 87' lang='lat' dir='ltr'><strong><em>persuaderet</em></strong></span> <span class='ocrx_word' id='word_1_401' title='bbox 1545 3025 1604 3065; x_wconf 92' lang='lat' dir='ltr'><strong><em>se</em></strong></span> <span class='ocrx_word' id='word_1_402' title='bbox 1643 3026 1870 3066; x_wconf 90' lang='lat' dir='ltr'><strong><em>suarum</em></strong></span> 
     </span>
    </p>
   </div>
   <div class='ocr_carea' id='block_1_57' title="bbox 2186 3007 3679 3090">
    <p class='ocr_par' dir='ltr' id='par_1_57' title="bbox 2186 3009 3679 3090">
     <span class='ocr_line' id='line_1_57' title="bbox 2186 3009 3679 3090; baseline -0.009 -17"><span class='ocrx_word' id='word_1_403' title='bbox 2186 3037 2205 3073; x_wconf 80' lang='grc' dir='ltr'><strong><em>ν</em></strong></span> <span class='ocrx_word' id='word_1_404' title='bbox 2239 3016 2641 3090; x_wconf 76' lang='grc' dir='ltr'><em>ἀκριϐεστάτην</em></span> <span class='ocrx_word' id='word_1_405' title='bbox 2675 3013 2750 3085; x_wconf 83' lang='grc' dir='ltr'><em>τῷ</em></span> <span class='ocrx_word' id='word_1_406' title='bbox 2808 3011 3093 3084; x_wconf 80' lang='grc' dir='ltr'><em>πράγματι</em></span> <span class='ocrx_word' id='word_1_407' title='bbox 3139 3009 3415 3082; x_wconf 82' lang='grc' dir='ltr'><em>παράσχῃ,</em></span> <span class='ocrx_word' id='word_1_408' title='bbox 3467 3009 3546 3072; x_wconf 82' lang='grc' dir='ltr'><em>ὡς</em></span> <span class='ocrx_word' id='word_1_409' title='bbox 3596 3009 3679 3060; x_wconf 80' lang='lat' dir='ltr'><strong><em>ol-</em></strong></span> 
     </span>
    </p>
   </div>
   <div class='ocr_carea' id='block_1_58' title="bbox 396 3100 1889 3177">
    <p class='ocr_par' dir='ltr' id='par_1_58' title="bbox 396 3105 1889 3175">
     <span class='ocr_line' id='line_1_58' title="bbox 396 3105 1889 3175; baseline 0.002 -18"><span class='ocrx_word' id='word_1_410' title='bbox 396 3113 750 3175; x_wconf 87' lang='lat' dir='ltr'><strong><em>paternarum</em></strong></span> <span class='ocrx_word' id='word_1_411' title='bbox 800 3118 984 3159; x_wconf 89' lang='lat' dir='ltr'><strong><em>rerum</em></strong></span> <span class='ocrx_word' id='word_1_412' title='bbox 1019 3105 1467 3174; x_wconf 86' lang='lat' dir='ltr'><strong><em>procurationem</em></strong></span> <span class='ocrx_word' id='word_1_413' title='bbox 1514 3105 1820 3174; x_wconf 88' lang='lat' dir='ltr'><strong><em>suspicere.</em></strong></span> <span class='ocrx_word' id='word_1_414' title='bbox 1859 3105 1889 3160; x_wconf 71' lang='grc' dir='ltr'>Ε</span> 
     </span>
    </p>
   </div>
   <div class='ocr_carea' id='block_1_59' title="bbox 2190 3100 3683 3177">
    <p class='ocr_par' dir='ltr' id='par_1_59' title="bbox 2190 3100 3683 3177">
     <span class='ocr_line' id='line_1_59' title="bbox 2190 3100 3683 3177; baseline -0.007 -15"><span class='ocrx_word' id='word_1_415' title='bbox 2190 3126 2253 3161; x_wconf 65' lang='grc' dir='ltr'><strong><em>ιον</em></strong></span> <span class='ocrx_word' id='word_1_416' title='bbox 2296 3107 2390 3161; x_wconf 73' lang='grc' dir='ltr'><strong><em>καὶ</em></strong></span> <span class='ocrx_word' id='word_1_417' title='bbox 2424 3105 2692 3177; x_wconf 78' lang='grc' dir='ltr'><em>πατρῴων</em></span> <span class='ocrx_word' id='word_1_418' title='bbox 2725 3103 3117 3174; x_wconf 77' lang='grc' dir='ltr'><strong><em>ἐπιμελόμενος</em></strong></span> <span class='ocrx_word' id='word_1_419' title='bbox 3157 3101 3518 3172; x_wconf 81' lang='grc' dir='ltr'><em>πραγμάτων.</em></span> <span class='ocrx_word' id='word_1_420' title='bbox 3571 3100 3683 3170; x_wconf 48' lang='lat' dir='ltr'><strong><em>Boi</em></strong></span> 
     </span>
    </p>
   </div>
   <div class='ocr_carea' id='block_1_60' title="bbox 396 3190 1889 3272">
    <p class='ocr_par' dir='ltr' id='par_1_60' title="bbox 396 3195 1856 3252">
     <span class='ocr_line' id='line_1_60' title="bbox 396 3195 1856 3252; baseline -0.001 -1"><span class='ocrx_word' id='word_1_421' title='bbox 396 3207 510 3251; x_wconf 88' lang='lat' dir='ltr'><strong><em>mat</em></strong></span> <span class='ocrx_word' id='word_1_422' title='bbox 537 3196 683 3252; x_wconf 87' lang='lat' dir='ltr'><strong><em>enim</em></strong></span> <span class='ocrx_word' id='word_1_423' title='bbox 717 3195 954 3251; x_wconf 86' lang='lat' dir='ltr'><strong><em>:Domus</em></strong></span> <span class='ocrx_word' id='word_1_424' title='bbox 989 3195 1173 3249; x_wconf 85' lang='lat' dir='ltr'><strong><em>Patris</em></strong></span> <span class='ocrx_word' id='word_1_425' title='bbox 1221 3195 1323 3250; x_wconf 89' lang='lat' dir='ltr'><strong><em>mei</em></strong></span> <span class='ocrx_word' id='word_1_426' title='bbox 1378 3196 1565 3250; x_wconf 85' lang='lat' dir='ltr'><strong><em>domus</em></strong></span> <span class='ocrx_word' id='word_1_427' title='bbox 1597 3197 1856 3250; x_wconf 86' lang='lat' dir='ltr'><strong><em>orationis</em></strong></span> 
     </span>
    </p>
   </div>
   <div class='ocr_carea' id='block_1_61' title="bbox 2191 3190 3684 3272">
    <p class='ocr_par' dir='ltr' id='par_1_61' title="bbox 2191 3190 3684 3265">
     <span class='ocr_line' id='line_1_61' title="bbox 2191 3190 3684 3265; baseline 0.02 -37"><span class='ocrx_word' id='word_1_428' title='bbox 2191 3216 2230 3250; x_wconf 51' lang='grc' dir='ltr'><em>γ.</em></span> <span class='ocrx_word' id='word_1_429' title='bbox 2275 3201 2336 3253; x_wconf 73' lang='grc' dir='ltr'><em>ὀ</em></span> <span class='ocrx_word' id='word_1_430' title='bbox 2377 3195 2538 3263; x_wconf 70' lang='grc' dir='ltr'><em>οἶκος</em></span> <span class='ocrx_word' id='word_1_431' title='bbox 2579 3196 2684 3250; x_wconf 84' lang='grc' dir='ltr'><em>τοῦ</em></span> <span class='ocrx_word' id='word_1_432' title='bbox 2727 3195 2946 3264; x_wconf 71' lang='grc' dir='ltr'><em>Πατρός</em></span> <span class='ocrx_word' id='word_1_433' title='bbox 2989 3213 3108 3265; x_wconf 83' lang='grc' dir='ltr'><em>μου</em></span> <span class='ocrx_word' id='word_1_434' title='bbox 3140 3190 3300 3260; x_wconf 78' lang='grc' dir='ltr'><em>οἶκος</em></span> <span class='ocrx_word' id='word_1_435' title='bbox 3325 3191 3684 3262; x_wconf 64' lang='grc' dir='ltr'><em>προσευχῆς</em></span> 
     </span>
    </p>
   </div>
   <div class='ocr_carea' id='block_1_62' title="bbox 395 3279 1888 3358">
    <p class='ocr_par' dir='ltr' id='par_1_62' title="bbox 395 3285 1888 3357">
     <span class='ocr_line' id='line_1_62' title="bbox 395 3285 1888 3357; baseline -0.002 -15"><span class='ocrx_word' id='word_1_436' title='bbox 395 3287 646 3353; x_wconf 85' lang='lat' dir='ltr'><strong><em>cabitur;</em></strong></span> <span class='ocrx_word' id='word_1_437' title='bbox 687 3304 776 3342; x_wconf 76' lang='lat' dir='ltr'><strong><em>vos</em></strong></span> <span class='ocrx_word' id='word_1_438' title='bbox 825 3298 1001 3342; x_wconf 86' lang='lat' dir='ltr'><strong><em>autem</em></strong></span> <span class='ocrx_word' id='word_1_439' title='bbox 1055 3287 1258 3357; x_wconf 82' lang='lat' dir='ltr'><strong><em>fecistis</em></strong></span> <span class='ocrx_word' id='word_1_440' title='bbox 1297 3303 1414 3341; x_wconf 86' lang='lat' dir='ltr'><strong><em>eam</em></strong></span> <span class='ocrx_word' id='word_1_441' title='bbox 1455 3285 1760 3355; x_wconf 81' lang='lat' dir='ltr'><strong><em>speluncam</em></strong></span> <span class='ocrx_word' id='word_1_442' title='bbox 1815 3289 1888 3339; x_wconf 89' lang='lat' dir='ltr'><strong><em>lat</em></strong></span> 
     </span>
    </p>
   </div>
   <div class='ocr_carea' id='block_1_63' title="bbox 2185 3279 3678 3358">
    <p class='ocr_par' dir='ltr' id='par_1_63' title="bbox 2185 3279 3678 3358">
     <span class='ocr_line' id='line_1_63' title="bbox 2185 3279 3678 3358; baseline -0.008 -13"><span class='ocrx_word' id='word_1_443' title='bbox 2185 3289 2490 3358; x_wconf 75' lang='grc' dir='ltr'><em>ηθήσεται·</em></span> <span class='ocrx_word' id='word_1_444' title='bbox 2537 3285 2706 3356; x_wconf 82' lang='grc' dir='ltr'><em>ὑμεῖς</em></span> <span class='ocrx_word' id='word_1_445' title='bbox 2763 3284 2832 3337; x_wconf 85' lang='grc' dir='ltr'><em>δὲ</em></span> <span class='ocrx_word' id='word_1_446' title='bbox 2879 3285 3065 3338; x_wconf 76' lang='grc' dir='ltr'><em>αὑτὸν</em></span> <span class='ocrx_word' id='word_1_447' title='bbox 3107 3281 3471 3349; x_wconf 74' lang='grc' dir='ltr'><em>πεποιήκατε</em></span> <span class='ocrx_word' id='word_1_448' title='bbox 3514 3279 3678 3348; x_wconf 74' lang='grc' dir='ltr'><em>σπή-</em></span> 
     </span>
    </p>
   </div>
   <div class='ocr_carea' id='block_1_64' title="bbox 395 3373 1888 3454">
    <p class='ocr_par' dir='ltr' id='par_1_64' title="bbox 395 3377 1885 3450">
     <span class='ocr_line' id='line_1_64' title="bbox 395 3377 1885 3450; baseline -0.002 -15"><span class='ocrx_word' id='word_1_449' title='bbox 395 3380 592 3435; x_wconf 81' lang='lat' dir='ltr'><strong><em>num&quot;.</em></strong></span> <span class='ocrx_word' id='word_1_450' title='bbox 623 3379 686 3434; x_wconf 87' lang='lat' dir='ltr'><strong><em>Et</em></strong></span> <span class='ocrx_word' id='word_1_451' title='bbox 719 3380 849 3450; x_wconf 90' lang='lat' dir='ltr'><strong><em>quia</em></strong></span> <span class='ocrx_word' id='word_1_452' title='bbox 880 3387 1010 3435; x_wconf 88' lang='lat' dir='ltr'><strong><em>sunt</em></strong></span> <span class='ocrx_word' id='word_1_453' title='bbox 1046 3379 1273 3434; x_wconf 70' lang='lat' dir='ltr'><strong><em>inﬁnita:</em></strong></span> <span class='ocrx_word' id='word_1_454' title='bbox 1301 3377 1602 3448; x_wconf 71' lang='lat' dir='ltr'><strong><em>Scriptura:</em></strong></span> <span class='ocrx_word' id='word_1_455' title='bbox 1637 3379 1837 3448; x_wconf 90' lang='lat' dir='ltr'><strong><em>quibus</em></strong></span> <span class='ocrx_word' id='word_1_456' title='bbox 1870 3380 1885 3432; x_wconf 93' lang='lat' dir='ltr'><strong><em>i</em></strong></span> 
     </span>
    </p>
   </div>
   <div class='ocr_carea' id='block_1_65' title="bbox 2186 3373 3679 3454">
    <p class='ocr_par' dir='ltr' id='par_1_65' title="bbox 2187 3373 3679 3454">
     <span class='ocr_line' id='line_1_65' title="bbox 2187 3373 3679 3454; baseline -0.009 -16"><span class='ocrx_word' id='word_1_457' title='bbox 2187 3401 2258 3438; x_wconf 93' lang='grc' dir='ltr'><strong><em>ον</em></strong></span> <span class='ocrx_word' id='word_1_458' title='bbox 2287 3379 2552 3454; x_wconf 78' lang='grc' dir='ltr'><em>λῃστῶν.</em></span> <span class='ocrx_word' id='word_1_459' title='bbox 2589 3379 2700 3432; x_wconf 72' lang='grc' dir='ltr'><strong><em>Καὶ</em></strong></span> <span class='ocrx_word' id='word_1_460' title='bbox 2732 3376 2917 3446; x_wconf 79' lang='grc' dir='ltr'><em>ἐπειδὴ</em></span> <span class='ocrx_word' id='word_1_461' title='bbox 2958 3377 3126 3449; x_wconf 83' lang='grc' dir='ltr'><em>μυρία</em></span> <span class='ocrx_word' id='word_1_462' title='bbox 3158 3377 3274 3431; x_wconf 71' lang='grc' dir='ltr'><em>ἐστὶ</em></span> <span class='ocrx_word' id='word_1_463' title='bbox 3318 3375 3476 3444; x_wconf 82' lang='grc' dir='ltr'><em>λόγια</em></span> <span class='ocrx_word' id='word_1_464' title='bbox 3517 3373 3679 3427; x_wconf 74' lang='grc' dir='ltr'><em>δυνά-</em></span> 
     </span>
    </p>
   </div>
   <div class='ocr_carea' id='block_1_66' title="bbox 395 3468 1888 3549">
    <p class='ocr_par' dir='ltr' id='par_1_66' title="bbox 395 3473 1888 3545">
     <span class='ocr_line' id='line_1_66' title="bbox 395 3473 1888 3545; baseline -0.002 -18"><span class='ocrx_word' id='word_1_465' title='bbox 395 3489 519 3528; x_wconf 88' lang='lat' dir='ltr'><strong><em>rum</em></strong></span> <span class='ocrx_word' id='word_1_466' title='bbox 555 3473 792 3528; x_wconf 83' lang='lat' dir='ltr'><strong><em>absurda</em></strong></span> <span class='ocrx_word' id='word_1_467' title='bbox 817 3473 1004 3544; x_wconf 91' lang='lat' dir='ltr'><strong><em>opinio</em></strong></span> <span class='ocrx_word' id='word_1_468' title='bbox 1031 3473 1289 3545; x_wconf 75' lang='lat' dir='ltr'><strong><em>redargui</em></strong></span> <span class='ocrx_word' id='word_1_469' title='bbox 1310 3478 1524 3543; x_wconf 87' lang='lat' dir='ltr'><strong><em>potest;</em></strong></span> <span class='ocrx_word' id='word_1_470' title='bbox 1557 3487 1660 3529; x_wconf 88' lang='lat' dir='ltr'><strong><em>nos</em></strong></span> <span class='ocrx_word' id='word_1_471' title='bbox 1685 3488 1753 3527; x_wconf 90' lang='lat' dir='ltr'><strong><em>ne</em></strong></span> <span class='ocrx_word' id='word_1_472' title='bbox 1772 3473 1888 3542; x_wconf 89' lang='lat' dir='ltr'><strong><em>prol</em></strong></span> 
     </span>
    </p>
   </div>
   <div class='ocr_carea' id='block_1_67' title="bbox 2184 3468 3677 3549">
    <p class='ocr_par' dir='ltr' id='par_1_67' title="bbox 2184 3468 3677 3546">
     <span class='ocr_line' id='line_1_67' title="bbox 2184 3468 3677 3546; baseline -0.006 -16"><span class='ocrx_word' id='word_1_473' title='bbox 2184 3494 2224 3530; x_wconf 52' lang='grc' dir='ltr'><strong><em>ια</em></strong></span> <span class='ocrx_word' id='word_1_474' title='bbox 2248 3476 2516 3529; x_wconf 86' lang='grc' dir='ltr'><em>δυσωπεῖν</em></span> <span class='ocrx_word' id='word_1_475' title='bbox 2539 3475 2636 3546; x_wconf 81' lang='grc' dir='ltr'><em>τὴν</em></span> <span class='ocrx_word' id='word_1_476' title='bbox 2665 3474 2866 3528; x_wconf 83' lang='grc' dir='ltr'><em>ἄτοπον</em></span> <span class='ocrx_word' id='word_1_477' title='bbox 2897 3471 3121 3528; x_wconf 78' lang='grc' dir='ltr'><em>ἐκείνων</em></span> <span class='ocrx_word' id='word_1_478' title='bbox 3144 3469 3318 3535; x_wconf 80' lang='grc' dir='ltr'><em>δόξαν,</em></span> <span class='ocrx_word' id='word_1_479' title='bbox 3347 3469 3532 3539; x_wconf 76' lang='grc' dir='ltr'><em>ἡμεῖς,</em></span> <span class='ocrx_word' id='word_1_480' title='bbox 3592 3468 3677 3522; x_wconf 78' lang='grc' dir='ltr'><em>ἵνα</em></span> 
     </span>
    </p>
   </div>
   <div class='ocr_carea' id='block_1_68' title="bbox 395 3561 1888 3642">
    <p class='ocr_par' dir='ltr' id='par_1_68' title="bbox 395 3563 1888 3636">
     <span class='ocr_line' id='line_1_68' title="bbox 395 3563 1888 3636; baseline -0.001 -18"><span class='ocrx_word' id='word_1_481' title='bbox 395 3563 706 3620; x_wconf 84' lang='lat' dir='ltr'><strong><em>scribentes</em></strong></span> <span class='ocrx_word' id='word_1_482' title='bbox 727 3564 929 3619; x_wconf 92' lang='lat' dir='ltr'><strong><em>librum</em></strong></span> <span class='ocrx_word' id='word_1_483' title='bbox 955 3565 1011 3619; x_wconf 93' lang='lat' dir='ltr'><strong><em>in</em></strong></span> <span class='ocrx_word' id='word_1_484' title='bbox 1033 3565 1254 3636; x_wconf 87' lang='lat' dir='ltr'><strong><em>longum</em></strong></span> <span class='ocrx_word' id='word_1_485' title='bbox 1281 3564 1672 3635; x_wconf 86' lang='lat' dir='ltr'><strong><em>producamus,</em></strong></span> <span class='ocrx_word' id='word_1_486' title='bbox 1703 3565 1888 3634; x_wconf 86' lang='lat' dir='ltr'><strong><em>permit</em></strong></span> 
     </span>
    </p>
   </div>
   <div class='ocr_carea' id='block_1_69' title="bbox 2182 3561 3675 3642">
    <p class='ocr_par' dir='ltr' id='par_1_69' title="bbox 2195 3561 3675 3640">
     <span class='ocr_line' id='line_1_69' title="bbox 2195 3561 3675 3640; baseline -0.005 -17"><span class='ocrx_word' id='word_1_487' title='bbox 2195 3570 2376 3638; x_wconf 87' lang='grc' dir='ltr'><em>λόγοις</em></span> <span class='ocrx_word' id='word_1_488' title='bbox 2414 3568 2624 3622; x_wconf 89' lang='grc' dir='ltr'><em>πλείοσι</em></span> <span class='ocrx_word' id='word_1_489' title='bbox 2674 3567 2942 3640; x_wconf 87' lang='grc' dir='ltr'><em>χρώμενοι</em></span> <span class='ocrx_word' id='word_1_490' title='bbox 2985 3569 3064 3629; x_wconf 86' lang='grc' dir='ltr'><em>εἰς</em></span> <span class='ocrx_word' id='word_1_491' title='bbox 3111 3564 3283 3636; x_wconf 78' lang='grc' dir='ltr'><em>μῆκος</em></span> <span class='ocrx_word' id='word_1_492' title='bbox 3317 3561 3675 3632; x_wconf 79' lang='grc' dir='ltr'><em>ὲξαγάγωμεν</em></span> 
     </span>
    </p>
   </div>
   <div class='ocr_carea' id='block_1_70' title="bbox 395 3655 1888 3734">
    <p class='ocr_par' dir='ltr' id='par_1_70' title="bbox 395 3655 1888 3726">
     <span class='ocr_line' id='line_1_70' title="bbox 395 3655 1888 3726; baseline 0 -16"><span class='ocrx_word' id='word_1_493' title='bbox 395 3670 520 3710; x_wconf 87' lang='lat' dir='ltr'><strong><em>mus</em></strong></span> <span class='ocrx_word' id='word_1_494' title='bbox 551 3655 672 3711; x_wconf 86' lang='lat' dir='ltr'><strong><em>aliis</em></strong></span> <span class='ocrx_word' id='word_1_495' title='bbox 704 3656 785 3709; x_wconf 90' lang='lat' dir='ltr'><strong><em>uti</em></strong></span> <span class='ocrx_word' id='word_1_496' title='bbox 820 3656 1116 3711; x_wconf 82' lang='lat' dir='ltr'><strong><em>verborum</em></strong></span> <span class='ocrx_word' id='word_1_497' title='bbox 1151 3657 1418 3726; x_wconf 85' lang='lat' dir='ltr'><strong><em>analogiis</em></strong></span> <span class='ocrx_word' id='word_1_498' title='bbox 1462 3676 1474 3711; x_wconf 89' lang='lat'><strong>:</strong></span> <span class='ocrx_word' id='word_1_499' title='bbox 1509 3671 1612 3710; x_wconf 91' lang='lat' dir='ltr'><strong><em>nos</em></strong></span> <span class='ocrx_word' id='word_1_500' title='bbox 1643 3664 1822 3710; x_wconf 87' lang='lat' dir='ltr'><strong><em>autem</em></strong></span> <span class='ocrx_word' id='word_1_501' title='bbox 1858 3657 1888 3710; x_wconf 88' lang='lat' dir='ltr'><strong><em>b</em></strong></span> 
     </span>
    </p>
   </div>
   <div class='ocr_carea' id='block_1_71' title="bbox 2180 3655 3673 3734">
    <p class='ocr_par' dir='ltr' id='par_1_71' title="bbox 2203 3656 3673 3734">
     <span class='ocr_line' id='line_1_71' title="bbox 2203 3656 3673 3734; baseline -0.005 -18"><span class='ocrx_word' id='word_1_502' title='bbox 2203 3664 2380 3733; x_wconf 89' lang='grc' dir='ltr'><em>λόγον,</em></span> <span class='ocrx_word' id='word_1_503' title='bbox 2405 3666 2518 3724; x_wconf 86' lang='grc' dir='ltr'><em>τοῖς</em></span> <span class='ocrx_word' id='word_1_504' title='bbox 2551 3663 2649 3734; x_wconf 85' lang='grc' dir='ltr'><em>μὲν</em></span> <span class='ocrx_word' id='word_1_505' title='bbox 2683 3661 2861 3726; x_wconf 79' lang='grc' dir='ltr'><em>ἄλλοις</em></span> <span class='ocrx_word' id='word_1_506' title='bbox 2892 3658 3270 3731; x_wconf 70' lang='grc' dir='ltr'><em>ἐπιτρέψωμεν</em></span> <span class='ocrx_word' id='word_1_507' title='bbox 3315 3658 3436 3720; x_wconf 84' lang='grc' dir='ltr'><em>ταῖς</em></span> <span class='ocrx_word' id='word_1_508' title='bbox 3482 3656 3673 3708; x_wconf 78' lang='grc' dir='ltr'><em>ἀναλο-</em></span> 
     </span>
    </p>
   </div>
   <div class='ocr_carea' id='block_1_72' title="bbox 394 3746 1887 3828">
    <p class='ocr_par' dir='ltr' id='par_1_72' title="bbox 394 3746 1887 3818">
     <span class='ocr_line' id='line_1_72' title="bbox 394 3746 1887 3818; baseline 0 -18"><span class='ocrx_word' id='word_1_509' title='bbox 394 3747 564 3801; x_wconf 90' lang='lat' dir='ltr'><strong><em>vitate</em></strong></span> <span class='ocrx_word' id='word_1_510' title='bbox 609 3748 716 3812; x_wconf 90' lang='lat' dir='ltr'><strong><em>usi,</em></strong></span> <span class='ocrx_word' id='word_1_511' title='bbox 763 3747 832 3801; x_wconf 86' lang='lat' dir='ltr'><strong><em>ad</em></strong></span> <span class='ocrx_word' id='word_1_512' title='bbox 881 3763 944 3802; x_wconf 92' lang='lat' dir='ltr'><strong><em>ea</em></strong></span> <span class='ocrx_word' id='word_1_513' title='bbox 989 3763 1110 3818; x_wconf 80' lang='lat' dir='ltr'><strong><em>quae</em></strong></span> <span class='ocrx_word' id='word_1_514' title='bbox 1164 3758 1358 3802; x_wconf 83' lang='lat' dir='ltr'><strong><em>contra</em></strong></span> <span class='ocrx_word' id='word_1_515' title='bbox 1405 3746 1722 3817; x_wconf 84' lang='lat' dir='ltr'><strong><em>Scripturas</em></strong></span> <span class='ocrx_word' id='word_1_516' title='bbox 1767 3748 1887 3802; x_wconf 89' lang='lat' dir='ltr'><strong><em>dicu</em></strong></span> 
     </span>
    </p>
   </div>
   <div class='ocr_carea' id='block_1_73' title="bbox 2181 3746 3674 3828">
    <p class='ocr_par' dir='ltr' id='par_1_73' title="bbox 2183 3749 3674 3828">
     <span class='ocr_line' id='line_1_73' title="bbox 2183 3749 3674 3828; baseline -0.006 -18"><span class='ocrx_word' id='word_1_517' title='bbox 2183 3775 2230 3820; x_wconf 91' lang='grc' dir='ltr'><strong><em>ις</em></strong></span> <span class='ocrx_word' id='word_1_518' title='bbox 2272 3757 2381 3810; x_wconf 85' lang='grc' dir='ltr'><strong><em>τῶν</em></strong></span> <span class='ocrx_word' id='word_1_519' title='bbox 2422 3756 2684 3828; x_wconf 77' lang='grc' dir='ltr'><em>ῥημάτων</em></span> <span class='ocrx_word' id='word_1_520' title='bbox 2715 3755 2982 3828; x_wconf 82' lang='grc' dir='ltr'><em>χρῆσθαι·</em></span> <span class='ocrx_word' id='word_1_521' title='bbox 3020 3754 3182 3824; x_wconf 83' lang='grc' dir='ltr'><em>ἡμεῖς</em></span> <span class='ocrx_word' id='word_1_522' title='bbox 3232 3749 3308 3814; x_wconf 83' lang='grc' dir='ltr'><em>δὲ,</em></span> <span class='ocrx_word' id='word_1_523' title='bbox 3345 3749 3674 3820; x_wconf 72' lang='grc' dir='ltr'><em>συμμέτροις</em></span> 
     </span>
    </p>
   </div>
   <div class='ocr_carea' id='block_1_74' title="bbox 394 3836 1887 3922">
    <p class='ocr_par' dir='ltr' id='par_1_74' title="bbox 394 3836 1887 3910">
     <span class='ocr_line' id='line_1_74' title="bbox 394 3836 1887 3910; baseline 0 -18"><span class='ocrx_word' id='word_1_524' title='bbox 394 3852 706 3906; x_wconf 83' lang='lat' dir='ltr'><strong><em>pergemus.</em></strong></span> <span class='ocrx_word' id='word_1_525' title='bbox 744 3836 1097 3909; x_wconf 81' lang='lat' dir='ltr'><strong><em>Recipientes</em></strong></span> <span class='ocrx_word' id='word_1_526' title='bbox 1145 3839 1501 3910; x_wconf 72' lang='lat' dir='ltr'><strong><em>Evangelium</em></strong></span> <span class='ocrx_word' id='word_1_527' title='bbox 1551 3855 1658 3892; x_wconf 81' lang='lat' dir='ltr'><strong><em>non</em></strong></span> <span class='ocrx_word' id='word_1_528' title='bbox 1708 3840 1887 3904; x_wconf 57' lang='lat' dir='ltr'><strong><em>recipit</em></strong></span> 
     </span>
    </p>
   </div>
   <div class='ocr_carea' id='block_1_75' title="bbox 2178 3836 3671 3922">
    <p class='ocr_par' dir='ltr' id='par_1_75' title="bbox 2178 3841 3671 3922">
     <span class='ocr_line' id='line_1_75' title="bbox 2178 3841 3671 3922; baseline -0.006 -19"><span class='ocrx_word' id='word_1_529' title='bbox 2178 3851 2431 3921; x_wconf 69' lang='grc' dir='ltr'><em>ισόμενοι,</em></span> <span class='ocrx_word' id='word_1_530' title='bbox 2460 3850 2598 3922; x_wconf 76' lang='grc' dir='ltr'><em>πρὸς</em></span> <span class='ocrx_word' id='word_1_531' title='bbox 2633 3849 2800 3913; x_wconf 80' lang='grc' dir='ltr'><em>αὐτὰς</em></span> <span class='ocrx_word' id='word_1_532' title='bbox 2849 3846 2948 3910; x_wconf 82' lang='grc' dir='ltr'><em>τὰς</em></span> <span class='ocrx_word' id='word_1_533' title='bbox 2997 3844 3298 3907; x_wconf 83' lang='grc' dir='ltr'><em>ἀντιθέσεις</em></span> <span class='ocrx_word' id='word_1_534' title='bbox 3343 3843 3454 3896; x_wconf 84' lang='grc' dir='ltr'><strong><em>τῶν</em></strong></span> <span class='ocrx_word' id='word_1_535' title='bbox 3482 3841 3671 3910; x_wconf 79' lang='grc' dir='ltr'><em>λογίων</em></span> 
     </span>
    </p>
   </div>
   <div class='ocr_carea' id='block_1_76' title="bbox 393 3927 1886 4013">
    <p class='ocr_par' dir='ltr' id='par_1_76' title="bbox 393 3927 1880 4002">
     <span class='ocr_line' id='line_1_76' title="bbox 393 3927 1880 4002; baseline 0.003 -21"><span class='ocrx_word' id='word_1_536' title='bbox 393 3927 592 3998; x_wconf 89' lang='lat' dir='ltr'><strong><em>legem,</em></strong></span> <span class='ocrx_word' id='word_1_537' title='bbox 637 3929 764 3998; x_wconf 89' lang='lat' dir='ltr'><strong><em>quia</em></strong></span> <span class='ocrx_word' id='word_1_538' title='bbox 815 3946 926 3984; x_wconf 91' lang='lat' dir='ltr'><strong><em>non</em></strong></span> <span class='ocrx_word' id='word_1_539' title='bbox 981 3939 1153 3985; x_wconf 89' lang='lat' dir='ltr'><strong><em>totum</em></strong></span> <span class='ocrx_word' id='word_1_540' title='bbox 1189 3941 1243 3986; x_wconf 92' lang='lat' dir='ltr'><strong><em>et</em></strong></span> <span class='ocrx_word' id='word_1_541' title='bbox 1298 3932 1566 4001; x_wconf 86' lang='lat' dir='ltr'><strong><em>integrum</em></strong></span> <span class='ocrx_word' id='word_1_542' title='bbox 1626 3931 1880 4002; x_wconf 75' lang='lat' dir='ltr'><strong><em>Erangeli</em></strong></span> 
     </span>
    </p>
   </div>
   <div class='ocr_carea' id='block_1_77' title="bbox 2177 3927 3670 4013">
    <p class='ocr_par' dir='ltr' id='par_1_77' title="bbox 2177 3935 3670 4013">
     <span class='ocr_line' id='line_1_77' title="bbox 2177 3935 3670 4013; baseline -0.004 -20"><span class='ocrx_word' id='word_1_543' title='bbox 2177 3941 2528 4013; x_wconf 79' lang='grc' dir='ltr'><em>ρήσωμεν.Τὸ</em></span> <span class='ocrx_word' id='word_1_544' title='bbox 2545 3940 2875 4010; x_wconf 81' lang='grc' dir='ltr'><em>Εὑαγγέλιον</em></span> <span class='ocrx_word' id='word_1_545' title='bbox 2903 3937 3360 4012; x_wconf 86' lang='grc' dir='ltr'><em>παραδεχόμενοι,</em></span> <span class='ocrx_word' id='word_1_546' title='bbox 3391 3935 3484 3989; x_wconf 78' lang='grc' dir='ltr'><em>τὸν</em></span> <span class='ocrx_word' id='word_1_547' title='bbox 3512 3937 3670 4005; x_wconf 82' lang='grc' dir='ltr'><em>νόμον</em></span> 
     </span>
    </p>
   </div>
   <div class='ocr_carea' id='block_1_78' title="bbox 393 4018 1886 4099">
    <p class='ocr_par' dir='ltr' id='par_1_78' title="bbox 393 4018 1880 4094">
     <span class='ocr_line' id='line_1_78' title="bbox 393 4018 1880 4094; baseline 0.003 -20"><span class='ocrx_word' id='word_1_548' title='bbox 393 4018 710 4089; x_wconf 87' lang='lat' dir='ltr'><strong><em>recipiunt;</em></strong></span> <span class='ocrx_word' id='word_1_549' title='bbox 745 4022 948 4091; x_wconf 86' lang='lat' dir='ltr'><strong><em>alioqui</em></strong></span> <span class='ocrx_word' id='word_1_550' title='bbox 987 4024 1156 4094; x_wconf 82' lang='lat' dir='ltr'><strong><em>legem</em></strong></span> <span class='ocrx_word' id='word_1_551' title='bbox 1193 4026 1524 4094; x_wconf 85' lang='lat' dir='ltr'><strong><em>reciperent,</em></strong></span> <span class='ocrx_word' id='word_1_552' title='bbox 1572 4025 1618 4079; x_wconf 91' lang='lat' dir='ltr'><strong><em>si</em></strong></span> <span class='ocrx_word' id='word_1_553' title='bbox 1655 4026 1880 4079; x_wconf 77' lang='lat' dir='ltr'><strong><em>univers</em></strong></span> 
     </span>
    </p>
   </div>
   <div class='ocr_carea' id='block_1_79' title="bbox 2174 4018 3667 4099">
    <p class='ocr_par' dir='ltr' id='par_1_79' title="bbox 2182 4025 3667 4099">
     <span class='ocr_line' id='line_1_79' title="bbox 2182 4025 3667 4099; baseline -0.003 -19"><span class='ocrx_word' id='word_1_554' title='bbox 2182 4027 2608 4099; x_wconf 81' lang='grc' dir='ltr'><em>παραδέχονται·</em></span> <span class='ocrx_word' id='word_1_555' title='bbox 2650 4028 2770 4082; x_wconf 82' lang='grc' dir='ltr'><em>οὐδὲ</em></span> <span class='ocrx_word' id='word_1_556' title='bbox 2813 4027 2922 4098; x_wconf 80' lang='grc' dir='ltr'><em>γὰρ</em></span> <span class='ocrx_word' id='word_1_557' title='bbox 2950 4027 3072 4080; x_wconf 80' lang='grc' dir='ltr'><em>οὐδὲ</em></span> <span class='ocrx_word' id='word_1_558' title='bbox 3108 4025 3400 4097; x_wconf 75' lang='grc' dir='ltr'><em>ὁλόκληρον</em></span> <span class='ocrx_word' id='word_1_559' title='bbox 3427 4025 3490 4078; x_wconf 80' lang='grc' dir='ltr'><em>τὸ</em></span> <span class='ocrx_word' id='word_1_560' title='bbox 3521 4025 3667 4093; x_wconf 68' lang='grc' dir='ltr'><em>ἅγιον</em></span> 
     </span>
    </p>
   </div>
   <div class='ocr_carea' id='block_1_80' title="bbox 394 4112 1887 4189">
    <p class='ocr_par' dir='ltr' id='par_1_80' title="bbox 394 4112 1887 4188">
     <span class='ocr_line' id='line_1_80' title="bbox 394 4112 1887 4188; baseline 0.001 -20"><span class='ocrx_word' id='word_1_561' title='bbox 394 4112 753 4184; x_wconf 82' lang='lat' dir='ltr'><strong><em>Evangelium</em></strong></span> <span class='ocrx_word' id='word_1_562' title='bbox 786 4125 1034 4170; x_wconf 86' lang='lat' dir='ltr'><strong><em>tenerent</em></strong></span> <span class='ocrx_word' id='word_1_563' title='bbox 1060 4137 1073 4171; x_wconf 89' lang='lat'><strong>:</strong></span> <span class='ocrx_word' id='word_1_564' title='bbox 1105 4134 1249 4171; x_wconf 84' lang='lat' dir='ltr'><strong><em>nunc</em></strong></span> <span class='ocrx_word' id='word_1_565' title='bbox 1274 4127 1454 4173; x_wconf 85' lang='lat' dir='ltr'><strong><em>autem</em></strong></span> <span class='ocrx_word' id='word_1_566' title='bbox 1489 4121 1663 4188; x_wconf 84' lang='lat' dir='ltr'><strong><em>primo</em></strong></span> <span class='ocrx_word' id='word_1_567' title='bbox 1683 4133 1887 4187; x_wconf 77' lang='lat' dir='ltr'><strong><em>raupon</em></strong></span> 
     </span>
    </p>
   </div>
   <div class='ocr_carea' id='block_1_81' title="bbox 2172 4112 3665 4189">
    <p class='ocr_par' dir='ltr' id='par_1_81' title="bbox 2172 4113 3665 4189">
     <span class='ocr_line' id='line_1_81' title="bbox 2172 4113 3665 4189; baseline -0.004 -19"><span class='ocrx_word' id='word_1_568' title='bbox 2172 4117 2412 4186; x_wconf 76' lang='grc' dir='ltr'><em>ιιγγέλιον</em></span> <span class='ocrx_word' id='word_1_569' title='bbox 2456 4118 2851 4189; x_wconf 85' lang='grc' dir='ltr'><em>παραδέχονται</em></span> <span class='ocrx_word' id='word_1_570' title='bbox 2872 4134 2886 4148; x_wconf 72' lang='grc' dir='ltr'><strong>ο</strong></span> <span class='ocrx_word' id='word_1_571' title='bbox 2931 4117 2964 4186; x_wconf 81' lang='grc' dir='ltr'>ἦ</span> <span class='ocrx_word' id='word_1_572' title='bbox 3000 4115 3110 4187; x_wconf 82' lang='grc' dir='ltr'><em>γὰρ</em></span> <span class='ocrx_word' id='word_1_573' title='bbox 3143 4113 3208 4168; x_wconf 82' lang='grc' dir='ltr'><em>ἂν</em></span> <span class='ocrx_word' id='word_1_574' title='bbox 3248 4117 3344 4168; x_wconf 77' lang='grc' dir='ltr'><strong><em>καὶ</em></strong></span> <span class='ocrx_word' id='word_1_575' title='bbox 3382 4113 3477 4166; x_wconf 86' lang='grc' dir='ltr'><em>τὸν</em></span> <span class='ocrx_word' id='word_1_576' title='bbox 3511 4113 3665 4183; x_wconf 64' lang='grc' dir='ltr'><em>νόμον</em></span> 
     </span>
    </p>
   </div>
   <div class='ocr_carea' id='block_1_82' title="bbox 393 4203 1886 4282">
    <p class='ocr_par' dir='ltr' id='par_1_82' title="bbox 393 4203 1886 4281">
     <span class='ocr_line' id='line_1_82' title="bbox 393 4203 1886 4281; baseline 0 -19"><span class='ocrx_word' id='word_1_577' title='bbox 393 4203 774 4276; x_wconf 82' lang='lat' dir='ltr'><strong><em>Evangelium,</em></strong></span> <span class='ocrx_word' id='word_1_578' title='bbox 793 4219 1160 4264; x_wconf 84' lang='lat' dir='ltr'><strong><em>consentanee</em></strong></span> <span class='ocrx_word' id='word_1_579' title='bbox 1177 4211 1348 4280; x_wconf 81' lang='lat' dir='ltr'><strong><em>legem</em></strong></span> <span class='ocrx_word' id='word_1_580' title='bbox 1375 4228 1482 4264; x_wconf 91' lang='lat' dir='ltr'><strong><em>non</em></strong></span> <span class='ocrx_word' id='word_1_581' title='bbox 1516 4212 1808 4281; x_wconf 88' lang='lat' dir='ltr'><strong><em>recipiunt.</em></strong></span> <span class='ocrx_word' id='word_1_582' title='bbox 1833 4211 1886 4265; x_wconf 78' lang='lat' dir='ltr'><strong><em>Ct</em></strong></span> 
     </span>
    </p>
   </div>
   <div class='ocr_carea' id='block_1_83' title="bbox 2171 4203 3664 4282">
    <p class='ocr_par' dir='ltr' id='par_1_83' title="bbox 2171 4204 3664 4282">
     <span class='ocr_line' id='line_1_83' title="bbox 2171 4204 3664 4282; baseline -0.003 -19"><span class='ocrx_word' id='word_1_583' title='bbox 2171 4210 2406 4281; x_wconf 74' lang='grc' dir='ltr'><em>ιμϐανον,</em></span> <span class='ocrx_word' id='word_1_584' title='bbox 2437 4211 2485 4264; x_wconf 86' lang='grc' dir='ltr'><em>εί</em></span> <span class='ocrx_word' id='word_1_585' title='bbox 2510 4210 2800 4282; x_wconf 83' lang='grc' dir='ltr'><em>ὁλόκληρον</em></span> <span class='ocrx_word' id='word_1_586' title='bbox 2829 4210 2890 4263; x_wconf 85' lang='grc' dir='ltr'><em>τὸ</em></span> <span class='ocrx_word' id='word_1_587' title='bbox 2921 4207 3247 4276; x_wconf 84' lang='grc' dir='ltr'><em>Εὐαγγέλιον</em></span> <span class='ocrx_word' id='word_1_588' title='bbox 3277 4205 3551 4275; x_wconf 74' lang='grc' dir='ltr'><em>ἐδέχοντοο</em></span> <span class='ocrx_word' id='word_1_589' title='bbox 3579 4204 3664 4259; x_wconf 72' lang='grc' dir='ltr'><em>νῦν</em></span> 
     </span>
    </p>
   </div>
   <div class='ocr_carea' id='block_1_84' title="bbox 392 4297 1885 4374">
    <p class='ocr_par' dir='ltr' id='par_1_84' title="bbox 392 4301 1885 4374">
     <span class='ocr_line' id='line_1_84' title="bbox 392 4301 1885 4374; baseline -0.001 -17"><span class='ocrx_word' id='word_1_590' title='bbox 392 4301 694 4357; x_wconf 76' lang='lat' dir='ltr'><strong><em>vincuntur</em></strong></span> <span class='ocrx_word' id='word_1_591' title='bbox 726 4301 894 4372; x_wconf 83' lang='lat' dir='ltr'><strong><em>igitur</em></strong></span> <span class='ocrx_word' id='word_1_592' title='bbox 942 4319 1048 4356; x_wconf 90' lang='lat' dir='ltr'><strong><em>non</em></strong></span> <span class='ocrx_word' id='word_1_593' title='bbox 1076 4313 1260 4358; x_wconf 86' lang='lat' dir='ltr'><strong><em>tenere</em></strong></span> <span class='ocrx_word' id='word_1_594' title='bbox 1291 4306 1484 4374; x_wconf 73' lang='lat' dir='ltr'><strong><em>legem,</em></strong></span> <span class='ocrx_word' id='word_1_595' title='bbox 1537 4313 1760 4374; x_wconf 82' lang='lat' dir='ltr'><strong><em>propter</em></strong></span> <span class='ocrx_word' id='word_1_596' title='bbox 1812 4306 1885 4357; x_wconf 88' lang='lat' dir='ltr'><strong><em>lat</em></strong></span> 
     </span>
    </p>
   </div>
   <div class='ocr_carea' id='block_1_85' title="bbox 2169 4297 3662 4374">
    <p class='ocr_par' dir='ltr' id='par_1_85' title="bbox 2171 4297 3662 4372">
     <span class='ocr_line' id='line_1_85' title="bbox 2171 4297 3662 4372; baseline -0.003 -18"><span class='ocrx_word' id='word_1_597' title='bbox 2171 4301 2385 4371; x_wconf 81' lang='grc' dir='ltr'><em>πρῶτον</em></span> <span class='ocrx_word' id='word_1_598' title='bbox 2417 4303 2478 4356; x_wconf 82' lang='grc' dir='ltr'><em>τὸ</em></span> <span class='ocrx_word' id='word_1_599' title='bbox 2499 4302 2831 4372; x_wconf 85' lang='grc' dir='ltr'><em>Εὐαγγέλιον</em></span> <span class='ocrx_word' id='word_1_600' title='bbox 2883 4299 3325 4371; x_wconf 82' lang='grc' dir='ltr'><em>καπηλεύσαντες</em></span> <span class='ocrx_word' id='word_1_601' title='bbox 3363 4297 3498 4367; x_wconf 72' lang='lat'><strong><em>(55),</em></strong></span> <span class='ocrx_word' id='word_1_602' title='bbox 3532 4297 3662 4350; x_wconf 66' lang='grc' dir='ltr'><em>εἰκό-</em></span> 
     </span>
    </p>
   </div>
   <div class='ocr_carea' id='block_1_86' title="bbox 395 4384 1888 4466">
    <p class='ocr_par' dir='ltr' id='par_1_86' title="bbox 395 4393 1888 4464">
     <span class='ocr_line' id='line_1_86' title="bbox 395 4393 1888 4464; baseline -0.001 -14"><span class='ocrx_word' id='word_1_603' title='bbox 395 4393 600 4450; x_wconf 90' lang='lat' dir='ltr'><strong><em>cinium</em></strong></span> <span class='ocrx_word' id='word_1_604' title='bbox 631 4395 685 4450; x_wconf 90' lang='lat' dir='ltr'><strong><em>in</em></strong></span> <span class='ocrx_word' id='word_1_605' title='bbox 719 4395 1032 4464; x_wconf 76' lang='lat' dir='ltr'><strong><em>Evangelio.</em></strong></span> <span class='ocrx_word' id='word_1_606' title='bbox 1081 4395 1137 4450; x_wconf 89' lang='lat' dir='ltr'><strong><em>Si</em></strong></span> <span class='ocrx_word' id='word_1_607' title='bbox 1175 4403 1354 4450; x_wconf 85' lang='lat' dir='ltr'><strong><em>autem</em></strong></span> <span class='ocrx_word' id='word_1_608' title='bbox 1395 4395 1688 4464; x_wconf 63' lang='lat' dir='ltr'><strong><em>Evangelia</em></strong></span> <span class='ocrx_word' id='word_1_609' title='bbox 1729 4397 1888 4452; x_wconf 85' lang='lat' dir='ltr'><strong><em>tcstin</em></strong></span> 
     </span>
    </p>
   </div>
   <div class='ocr_carea' id='block_1_87' title="bbox 2168 4384 3661 4466">
    <p class='ocr_par' dir='ltr' id='par_1_87' title="bbox 2168 4384 3661 4466">
     <span class='ocr_line' id='line_1_87' title="bbox 2168 4384 3661 4466; baseline -0.002 -21"><span class='ocrx_word' id='word_1_610' title='bbox 2168 4409 2190 4455; x_wconf 82' lang='lat'><strong><em>;</em></strong></span> <span class='ocrx_word' id='word_1_611' title='bbox 2216 4393 2307 4446; x_wconf 81' lang='grc' dir='ltr'><em>τὸν</em></span> <span class='ocrx_word' id='word_1_612' title='bbox 2335 4394 2498 4464; x_wconf 89' lang='grc' dir='ltr'><em>νόμον</em></span> <span class='ocrx_word' id='word_1_613' title='bbox 2528 4395 2589 4447; x_wconf 80' lang='grc' dir='ltr'><em>οὐ</em></span> <span class='ocrx_word' id='word_1_614' title='bbox 2629 4392 3042 4466; x_wconf 81' lang='grc' dir='ltr'><em>παραδέχονται.</em></span> <span class='ocrx_word' id='word_1_615' title='bbox 3091 4391 3433 4462; x_wconf 84' lang='grc' dir='ltr'><em>Ἐλέγχονται</em></span> <span class='ocrx_word' id='word_1_616' title='bbox 3467 4384 3558 4442; x_wconf 77' lang='grc' dir='ltr'><em>οὖν</em></span> <span class='ocrx_word' id='word_1_617' title='bbox 3585 4389 3661 4442; x_wconf 68' lang='grc' dir='ltr'><em>διὰ</em></span> 
     </span>
    </p>
   </div>
   <div class='ocr_carea' id='block_1_88' title="bbox 393 4481 1886 4559">
    <p class='ocr_par' dir='ltr' id='par_1_88' title="bbox 393 4486 1877 4559">
     <span class='ocr_line' id='line_1_88' title="bbox 393 4486 1877 4559; baseline 0.002 -17"><span class='ocrx_word' id='word_1_618' title='bbox 393 4486 546 4542; x_wconf 86' lang='lat' dir='ltr'><strong><em>nium</em></strong></span> <span class='ocrx_word' id='word_1_619' title='bbox 569 4488 835 4553; x_wconf 89' lang='lat' dir='ltr'><strong><em>tribuunt,</em></strong></span> <span class='ocrx_word' id='word_1_620' title='bbox 862 4497 914 4542; x_wconf 90' lang='lat' dir='ltr'><strong><em>et</em></strong></span> <span class='ocrx_word' id='word_1_621' title='bbox 941 4490 1109 4559; x_wconf 77' lang='lat' dir='ltr'><strong><em>legem</em></strong></span> <span class='ocrx_word' id='word_1_622' title='bbox 1145 4505 1250 4543; x_wconf 90' lang='lat' dir='ltr'><strong><em>non</em></strong></span> <span class='ocrx_word' id='word_1_623' title='bbox 1281 4490 1572 4555; x_wconf 86' lang='lat' dir='ltr'><strong><em>honorant,</em></strong></span> <span class='ocrx_word' id='word_1_624' title='bbox 1600 4491 1877 4545; x_wconf 88' lang='lat' dir='ltr'><strong><em>testimoni</em></strong></span> 
     </span>
    </p>
   </div>
   <div class='ocr_carea' id='block_1_89' title="bbox 2164 4481 3657 4559">
    <p class='ocr_par' dir='ltr' id='par_1_89' title="bbox 2180 4481 3657 4558">
     <span class='ocr_line' id='line_1_89' title="bbox 2180 4481 3657 4558; baseline -0.003 -21"><span class='ocrx_word' id='word_1_625' title='bbox 2180 4485 2597 4558; x_wconf 83' lang='grc' dir='ltr'><em>λελῃστευκέναι</em></span> <span class='ocrx_word' id='word_1_626' title='bbox 2647 4487 2709 4540; x_wconf 72' lang='grc' dir='ltr'><em>τὸ</em></span> <span class='ocrx_word' id='word_1_627' title='bbox 2746 4485 3097 4555; x_wconf 80' lang='grc' dir='ltr'><em>Εὐαγγέλιον.</em></span> <span class='ocrx_word' id='word_1_628' title='bbox 3131 4485 3195 4537; x_wconf 78' lang='lat' dir='ltr'><strong><em>Et</em></strong></span> <span class='ocrx_word' id='word_1_629' title='bbox 3240 4483 3296 4536; x_wconf 81' lang='grc' dir='ltr'><em>δὲ</em></span> <span class='ocrx_word' id='word_1_630' title='bbox 3335 4483 3394 4536; x_wconf 82' lang='grc' dir='ltr'><em>τὸ</em></span> <span class='ocrx_word' id='word_1_631' title='bbox 3424 4481 3657 4550; x_wconf 80' lang='grc' dir='ltr'><strong><em>Εὐαγγέ-</em></strong></span> 
     </span>
    </p>
   </div>
   <div class='ocr_carea' id='block_1_90' title="bbox 395 4574 1888 4654">
    <p class='ocr_par' dir='ltr' id='par_1_90' title="bbox 395 4579 1888 4654">
     <span class='ocr_line' id='line_1_90' title="bbox 395 4579 1888 4654; baseline 0.005 -22"><span class='ocrx_word' id='word_1_632' title='bbox 395 4579 736 4634; x_wconf 85' lang='lat' dir='ltr'><strong><em>inbonorant</em></strong></span> <span class='ocrx_word' id='word_1_633' title='bbox 769 4599 783 4634; x_wconf 90' lang='lat'><strong>:</strong></span> <span class='ocrx_word' id='word_1_634' title='bbox 823 4597 931 4634; x_wconf 85' lang='lat' dir='ltr'><strong><em>non</em></strong></span> <span class='ocrx_word' id='word_1_635' title='bbox 959 4582 1071 4648; x_wconf 89' lang='lat' dir='ltr'><strong><em>jam</em></strong></span> <span class='ocrx_word' id='word_1_636' title='bbox 1105 4583 1248 4636; x_wconf 88' lang='lat' dir='ltr'><strong><em>enim</em></strong></span> <span class='ocrx_word' id='word_1_637' title='bbox 1279 4591 1364 4639; x_wconf 79' lang='lat' dir='ltr'><strong><em>est</em></strong></span> <span class='ocrx_word' id='word_1_638' title='bbox 1401 4583 1504 4637; x_wconf 90' lang='lat' dir='ltr'><strong><em>hoc</em></strong></span> <span class='ocrx_word' id='word_1_639' title='bbox 1537 4583 1711 4654; x_wconf 87' lang='lat' dir='ltr'><strong><em>legem</em></strong></span> <span class='ocrx_word' id='word_1_640' title='bbox 1745 4584 1888 4639; x_wconf 82' lang='lat' dir='ltr'><strong><em>inhm</em></strong></span> 
     </span>
    </p>
   </div>
   <div class='ocr_carea' id='block_1_91' title="bbox 2164 4574 3657 4654">
    <p class='ocr_par' dir='ltr' id='par_1_91' title="bbox 2164 4574 3657 4648">
     <span class='ocr_line' id='line_1_91' title="bbox 2164 4574 3657 4648; baseline -0.002 -21"><span class='ocrx_word' id='word_1_641' title='bbox 2164 4591 2194 4627; x_wconf 91' lang='grc' dir='ltr'><strong><em>ν</em></strong></span> <span class='ocrx_word' id='word_1_642' title='bbox 2229 4579 2516 4648; x_wconf 84' lang='grc' dir='ltr'><em>μαρτυρεῖ,</em></span> <span class='ocrx_word' id='word_1_643' title='bbox 2558 4577 2652 4631; x_wconf 72' lang='grc' dir='ltr'><strong><em>καὶ</em></strong></span> <span class='ocrx_word' id='word_1_644' title='bbox 2693 4579 2754 4630; x_wconf 77' lang='grc' dir='ltr'><em>οὐ</em></span> <span class='ocrx_word' id='word_1_645' title='bbox 2790 4577 2996 4648; x_wconf 86' lang='grc' dir='ltr'><em>τιμῶσι</em></span> <span class='ocrx_word' id='word_1_646' title='bbox 3032 4575 3121 4629; x_wconf 81' lang='grc' dir='ltr'><em>τὸν</em></span> <span class='ocrx_word' id='word_1_647' title='bbox 3155 4575 3336 4646; x_wconf 89' lang='grc' dir='ltr'><em>νόμον,</em></span> <span class='ocrx_word' id='word_1_648' title='bbox 3361 4574 3657 4644; x_wconf 75' lang='grc' dir='ltr'><em>ἠτιμάκασι</em></span> 
     </span>
    </p>
   </div>
   <div class='ocr_carea' id='block_1_92' title="bbox 393 4664 1886 4741">
    <p class='ocr_par' dir='ltr' id='par_1_92' title="bbox 393 4672 1886 4741">
     <span class='ocr_line' id='line_1_92' title="bbox 393 4672 1886 4741; baseline 0.003 -15"><span class='ocrx_word' id='word_1_649' title='bbox 393 4686 540 4735; x_wconf 86' lang='lat' dir='ltr'><strong><em>rare,</em></strong></span> <span class='ocrx_word' id='word_1_650' title='bbox 577 4672 672 4726; x_wconf 89' lang='lat' dir='ltr'><strong><em>sed</em></strong></span> <span class='ocrx_word' id='word_1_651' title='bbox 696 4673 877 4741; x_wconf 89' lang='lat' dir='ltr'><strong><em>potius</em></strong></span> <span class='ocrx_word' id='word_1_652' title='bbox 913 4688 1020 4727; x_wconf 92' lang='lat' dir='ltr'><strong><em>non</em></strong></span> <span class='ocrx_word' id='word_1_653' title='bbox 1049 4674 1279 4729; x_wconf 87' lang='lat' dir='ltr'><strong><em>credere</em></strong></span> <span class='ocrx_word' id='word_1_654' title='bbox 1316 4676 1538 4730; x_wconf 84' lang='lat' dir='ltr'><strong><em>testanti</em></strong></span> <span class='ocrx_word' id='word_1_655' title='bbox 1576 4690 1684 4730; x_wconf 88' lang='lat' dir='ltr'><strong><em>:ac</em></strong></span> <span class='ocrx_word' id='word_1_656' title='bbox 1724 4677 1770 4732; x_wconf 90' lang='lat' dir='ltr'><strong><em>si</em></strong></span> <span class='ocrx_word' id='word_1_657' title='bbox 1803 4692 1886 4731; x_wconf 65' lang='lat' dir='ltr'><strong><em>unt</em></strong></span> 
     </span>
    </p>
   </div>
   <div class='ocr_carea' id='block_1_93' title="bbox 2165 4664 3658 4741">
    <p class='ocr_par' dir='ltr' id='par_1_93' title="bbox 2165 4664 3658 4741">
     <span class='ocr_line' id='line_1_93' title="bbox 2165 4664 3658 4741; baseline -0.025 -24"><span class='ocrx_word' id='word_1_658' title='bbox 2165 4685 2176 4717; x_wconf 72' lang='grc' dir='ltr'><strong><em>ι</em></strong></span> <span class='ocrx_word' id='word_1_659' title='bbox 2208 4669 2540 4740; x_wconf 80' lang='grc' dir='ltr'><em>μαρτυρίαν·</em></span> <span class='ocrx_word' id='word_1_660' title='bbox 2569 4669 2753 4723; x_wconf 82' lang='grc' dir='ltr'><em>οὐκέτι</em></span> <span class='ocrx_word' id='word_1_661' title='bbox 2783 4668 2892 4740; x_wconf 82' lang='grc' dir='ltr'><em>γὰρ</em></span> <span class='ocrx_word' id='word_1_662' title='bbox 2985 4667 3176 4739; x_wconf 74' lang='grc' dir='ltr'><strong><em>ἀτιμία</em></strong></span> <span class='ocrx_word' id='word_1_663' title='bbox 3212 4665 3304 4720; x_wconf 69' lang='grc' dir='ltr'><strong><em>τοῦ</em></strong></span> <span class='ocrx_word' id='word_1_664' title='bbox 3336 4667 3524 4736; x_wconf 48' lang='lat' dir='ltr'><strong><em>V690,),</em></strong></span> 
     </span>
    </p>
   </div>
   <div class='ocr_carea' id='block_1_94' title="bbox 393 4758 1886 4841">
    <p class='ocr_par' dir='ltr' id='par_1_94' title="bbox 393 4767 1886 4840">
     <span class='ocr_line' id='line_1_94' title="bbox 393 4767 1886 4840; baseline 0.006 -19"><span class='ocrx_word' id='word_1_665' title='bbox 393 4767 614 4838; x_wconf 86' lang='lat' dir='ltr'><strong><em>quidem</em></strong></span> <span class='ocrx_word' id='word_1_666' title='bbox 651 4767 1005 4840; x_wconf 85' lang='lat' dir='ltr'><strong><em>Evangelium</em></strong></span> <span class='ocrx_word' id='word_1_667' title='bbox 1043 4779 1357 4835; x_wconf 77' lang='lat' dir='ltr'><strong><em>tesmretur,</em></strong></span> <span class='ocrx_word' id='word_1_668' title='bbox 1395 4773 1546 4828; x_wconf 91' lang='lat' dir='ltr'><strong><em>aliud</em></strong></span> <span class='ocrx_word' id='word_1_669' title='bbox 1576 4789 1706 4830; x_wconf 89' lang='lat' dir='ltr'><strong><em>vero</em></strong></span> <span class='ocrx_word' id='word_1_670' title='bbox 1745 4783 1886 4830; x_wconf 80' lang='lat' dir='ltr'><strong><em>tacet</em></strong></span> 
     </span>
    </p>
   </div>
   <div class='ocr_carea' id='block_1_95' title="bbox 2164 4758 3657 4841">
    <p class='ocr_par' dir='ltr' id='par_1_95' title="bbox 2167 4758 3657 4835">
     <span class='ocr_line' id='line_1_95' title="bbox 2167 4758 3657 4835; baseline -0.003 -21"><span class='ocrx_word' id='word_1_671' title='bbox 2167 4762 2394 4815; x_wconf 86' lang='grc' dir='ltr'><em>ἀπιστία</em></span> <span class='ocrx_word' id='word_1_672' title='bbox 2447 4761 2540 4815; x_wconf 78' lang='grc' dir='ltr'><em>τοῦ</em></span> <span class='ocrx_word' id='word_1_673' title='bbox 2593 4762 3024 4835; x_wconf 85' lang='grc' dir='ltr'><em>μαρτυροῦντος·</em></span> <span class='ocrx_word' id='word_1_674' title='bbox 3072 4761 3165 4815; x_wconf 74' lang='grc' dir='ltr'><strong><em>καὶ</em></strong></span> <span class='ocrx_word' id='word_1_675' title='bbox 3217 4762 3265 4813; x_wconf 83' lang='grc' dir='ltr'><strong><em>εί</em></strong></span> <span class='ocrx_word' id='word_1_676' title='bbox 3308 4760 3407 4830; x_wconf 81' lang='grc' dir='ltr'><em>μὲν</em></span> <span class='ocrx_word' id='word_1_677' title='bbox 3460 4758 3518 4811; x_wconf 88' lang='grc' dir='ltr'><em>ἒν</em></span> <span class='ocrx_word' id='word_1_678' title='bbox 3561 4759 3657 4811; x_wconf 75' lang='grc' dir='ltr'><strong><em>τῶν</em></strong></span> 
     </span>
    </p>
   </div>
   <div class='ocr_carea' id='block_1_96' title="bbox 393 4849 1886 4933">
    <p class='ocr_par' dir='ltr' id='par_1_96' title="bbox 393 4859 1886 4933">
     <span class='ocr_line' id='line_1_96' title="bbox 393 4859 1886 4933; baseline 0.005 -21"><span class='ocrx_word' id='word_1_679' title='bbox 393 4865 450 4912; x_wconf 90' lang='lat' dir='ltr'><strong><em>et</em></strong></span> <span class='ocrx_word' id='word_1_680' title='bbox 496 4859 660 4915; x_wconf 89' lang='lat' dir='ltr'><strong><em>unius</em></strong></span> <span class='ocrx_word' id='word_1_681' title='bbox 699 4866 910 4914; x_wconf 84' lang='lat' dir='ltr'><strong><em>tantum</em></strong></span> <span class='ocrx_word' id='word_1_682' title='bbox 945 4860 1297 4917; x_wconf 85' lang='lat' dir='ltr'><strong><em>dedecoratio</em></strong></span> <span class='ocrx_word' id='word_1_683' title='bbox 1339 4873 1518 4933; x_wconf 88' lang='lat' dir='ltr'><strong><em>esset;</em></strong></span> <span class='ocrx_word' id='word_1_684' title='bbox 1569 4881 1678 4920; x_wconf 91' lang='lat' dir='ltr'><strong><em>non</em></strong></span> <span class='ocrx_word' id='word_1_685' title='bbox 1733 4875 1886 4922; x_wconf 49' lang='lat' dir='ltr'><strong><em>tacert</em></strong></span> 
     </span>
    </p>
   </div>
   <div class='ocr_carea' id='block_1_97' title="bbox 2162 4849 3655 4933">
    <p class='ocr_par' dir='ltr' id='par_1_97' title="bbox 2162 4849 3655 4927">
     <span class='ocr_line' id='line_1_97' title="bbox 2162 4849 3655 4927; baseline -0.005 -19"><span class='ocrx_word' id='word_1_686' title='bbox 2162 4854 2432 4923; x_wconf 84' lang='grc' dir='ltr'><em>αγγελίων</em></span> <span class='ocrx_word' id='word_1_687' title='bbox 2464 4853 2784 4927; x_wconf 77' lang='grc' dir='ltr'><em>ἐμαρτύρει,</em></span> <span class='ocrx_word' id='word_1_688' title='bbox 2818 4853 3006 4926; x_wconf 77' lang='grc' dir='ltr'><em>ἕτερον</em></span> <span class='ocrx_word' id='word_1_689' title='bbox 3037 4853 3094 4906; x_wconf 85' lang='grc' dir='ltr'><em>δὲ</em></span> <span class='ocrx_word' id='word_1_690' title='bbox 3140 4850 3372 4914; x_wconf 76' lang='grc' dir='ltr'><em>ἐσιώπα,</em></span> <span class='ocrx_word' id='word_1_691' title='bbox 3413 4849 3511 4903; x_wconf 72' lang='grc' dir='ltr'><strong><em>καὶ</em></strong></span> <span class='ocrx_word' id='word_1_692' title='bbox 3545 4849 3655 4902; x_wconf 67' lang='grc' dir='ltr'><strong><em>καθ’</em></strong></span> 
     </span>
    </p>
   </div>
   <div class='ocr_carea' id='block_1_98' title="bbox 393 4940 1886 5023">
    <p class='ocr_par' dir='ltr' id='par_1_98' title="bbox 393 4946 1886 5023">
     <span class='ocr_line' id='line_1_98' title="bbox 393 4946 1886 5023; baseline 0.007 -21"><span class='ocrx_word' id='word_1_693' title='bbox 393 4947 503 5003; x_wconf 87' lang='lat' dir='ltr'><strong><em>alia</em></strong></span> <span class='ocrx_word' id='word_1_694' title='bbox 537 4949 847 5021; x_wconf 83' lang='lat' dir='ltr'><strong><em>Evangelia,</em></strong></span> <span class='ocrx_word' id='word_1_695' title='bbox 873 4967 993 5023; x_wconf 64' lang='lat' dir='ltr'><strong><em>quae</em></strong></span> <span class='ocrx_word' id='word_1_696' title='bbox 1023 4952 1499 5010; x_wconf 88' lang='lat' dir='ltr'><strong><em>dedecorationem</em></strong></span> <span class='ocrx_word' id='word_1_697' title='bbox 1525 4956 1690 5013; x_wconf 91' lang='lat' dir='ltr'><strong><em>unius</em></strong></span> <span class='ocrx_word' id='word_1_698' title='bbox 1721 4946 1886 5013; x_wconf 76' lang='lat' dir='ltr'><strong><em>comn</em></strong></span> 
     </span>
    </p>
   </div>
   <div class='ocr_carea' id='block_1_99' title="bbox 2164 4940 3657 5023">
    <p class='ocr_par' dir='ltr' id='par_1_99' title="bbox 2164 4940 3657 5020">
     <span class='ocr_line' id='line_1_99' title="bbox 2164 4940 3657 5020; baseline -0.007 -17"><span class='ocrx_word' id='word_1_699' title='bbox 2164 4965 2200 5012; x_wconf 70' lang='grc' dir='ltr'><em>νς</em></span> <span class='ocrx_word' id='word_1_700' title='bbox 2236 4950 2395 5020; x_wconf 87' lang='grc' dir='ltr'><em>μόνον</em></span> <span class='ocrx_word' id='word_1_701' title='bbox 2438 4949 2686 5018; x_wconf 80' lang='grc' dir='ltr'><em>ἐγίγνετο</em></span> <span class='ocrx_word' id='word_1_702' title='bbox 2732 4950 2764 5020; x_wconf 84' lang='grc' dir='ltr'>ὴ</span> <span class='ocrx_word' id='word_1_703' title='bbox 2811 4948 3034 5019; x_wconf 60' lang='lat' dir='ltr'><strong><em>tinniat“</em></strong></span> <span class='ocrx_word' id='word_1_704' title='bbox 3086 4947 3189 4999; x_wconf 86' lang='grc' dir='ltr'><strong><em>οὐκ</em></strong></span> <span class='ocrx_word' id='word_1_705' title='bbox 3242 4943 3308 4998; x_wconf 82' lang='grc' dir='ltr'><em>ἂν</em></span> <span class='ocrx_word' id='word_1_706' title='bbox 3350 4942 3560 4996; x_wconf 74' lang='grc' dir='ltr'><em>ἐσιώπα</em></span> <span class='ocrx_word' id='word_1_707' title='bbox 3596 4940 3657 4994; x_wconf 75' lang='grc' dir='ltr'><em>τὰ</em></span> 
     </span>
    </p>
   </div>
   <div class='ocr_carea' id='block_1_100' title="bbox 394 5035 1887 5112">
    <p class='ocr_par' dir='ltr' id='par_1_100' title="bbox 394 5041 841 5098">
     <span class='ocr_line' id='line_1_100' title="bbox 394 5041 841 5098; baseline 0 0"><span class='ocrx_word' id='word_1_708' title='bbox 394 5056 520 5098; x_wconf 84' lang='lat' dir='ltr'><strong><em>nem</em></strong></span> <span class='ocrx_word' id='word_1_709' title='bbox 553 5041 841 5098; x_wconf 89' lang='lat' dir='ltr'><strong><em>ducerent.</em></strong></span> 
     </span>
    </p>
   </div>
   <div class='ocr_carea' id='block_1_101' title="bbox 2159 5035 3652 5112">
    <p class='ocr_par' dir='ltr' id='par_1_101' title="bbox 2159 5035 3652 5112">
     <span class='ocr_line' id='line_1_101' title="bbox 2159 5035 3652 5112; baseline -0.007 -17"><span class='ocrx_word' id='word_1_710' title='bbox 2159 5047 2214 5096; x_wconf 66' lang='lat' dir='ltr'><strong><em>ta</em></strong></span> <span class='ocrx_word' id='word_1_711' title='bbox 2242 5043 2569 5111; x_wconf 84' lang='grc' dir='ltr'><em>Εὐαγγέλια,</em></span> <span class='ocrx_word' id='word_1_712' title='bbox 2602 5043 2786 5111; x_wconf 84' lang='grc' dir='ltr'><em>κοινὴν</em></span> <span class='ocrx_word' id='word_1_713' title='bbox 2833 5042 3054 5112; x_wconf 85' lang='grc' dir='ltr'><em>ἀτιμίαν</em></span> <span class='ocrx_word' id='word_1_714' title='bbox 3096 5039 3195 5109; x_wconf 78' lang='grc' dir='ltr'><em>τὴν</em></span> <span class='ocrx_word' id='word_1_715' title='bbox 3236 5035 3331 5090; x_wconf 80' lang='grc' dir='ltr'><em>τοῦ</em></span> <span class='ocrx_word' id='word_1_716' title='bbox 3384 5037 3504 5099; x_wconf 78' lang='grc' dir='ltr'><em>ἐνὸς</em></span> <span class='ocrx_word' id='word_1_717' title='bbox 3548 5037 3652 5088; x_wconf 75' lang='grc' dir='ltr'><em>ἀτι-</em></span> 
     </span>
    </p>
   </div>
   <div class='ocr_carea' id='block_1_102' title="bbox 2082 5134 2544 5207">
    <p class='ocr_par' dir='ltr' id='par_1_102' title="bbox 2082 5134 2544 5207">
     <span class='ocr_line' id='line_1_102' title="bbox 2082 5134 2544 5207; baseline 0.004 -20"><span class='ocrx_word' id='word_1_718' title='bbox 2082 5134 2211 5206; x_wconf 87' lang='grc' dir='ltr'><em>μίαν</em></span> <span class='ocrx_word' id='word_1_719' title='bbox 2242 5135 2544 5207; x_wconf 80' lang='grc' dir='ltr'><em>ἡγούμενα.</em></span> 
     </span>
    </p>
   </div>
   <div class='ocr_carea' id='block_1_103' title="bbox 469 5303 3217 5378">
    <p class='ocr_par' dir='ltr' id='par_1_103' title="bbox 469 5303 3217 5378">
     <span class='ocr_line' id='line_1_103' title="bbox 469 5303 3217 5378; baseline -0.001 -15"><span class='ocrx_word' id='word_1_720' title='bbox 469 5307 512 5343; x_wconf 65' lang='grc' dir='ltr'><strong><em>ιν</em></strong></span> <span class='ocrx_word' id='word_1_721' title='bbox 549 5306 686 5364; x_wconf 85' lang='lat' dir='ltr'><strong><em>Luc.</em></strong></span> <span class='ocrx_word' id='word_1_722' title='bbox 726 5324 844 5374; x_wconf 79' lang='lat' dir='ltr'><strong><em>xw,</em></strong></span> <span class='ocrx_word' id='word_1_723' title='bbox 873 5308 1053 5364; x_wconf 73' lang='lat'><strong><em>28-31.</em></strong></span> <span class='ocrx_word' id='word_1_724' title='bbox 1134 5310 1178 5341; x_wconf 81' lang='lat'>&quot;‘</span> <span class='ocrx_word' id='word_1_725' title='bbox 1215 5309 1406 5367; x_wconf 81' lang='lat' dir='ltr'><strong><em>Matth.</em></strong></span> <span class='ocrx_word' id='word_1_726' title='bbox 1444 5327 1498 5375; x_wconf 90' lang='lat' dir='ltr'><strong><em>v,</em></strong></span> <span class='ocrx_word' id='word_1_727' title='bbox 1537 5311 1623 5365; x_wconf 85' lang='grc'><strong><em>17.</em></strong></span> <span class='ocrx_word' id='word_1_728' title='bbox 1703 5311 1746 5342; x_wconf 83' lang='grc'><strong><em>¹⁹</em></strong></span> <span class='ocrx_word' id='word_1_729' title='bbox 1787 5310 1976 5366; x_wconf 78' lang='lat' dir='ltr'><strong><em>Matth.</em></strong></span> <span class='ocrx_word' id='word_1_730' title='bbox 2013 5327 2139 5375; x_wconf 71' lang='lat' dir='ltr'><strong><em>XXI,</em></strong></span> <span class='ocrx_word' id='word_1_731' title='bbox 2177 5311 2286 5378; x_wconf 75' lang='lat' dir='ltr'><strong><em>i3;</em></strong></span> <span class='ocrx_word' id='word_1_732' title='bbox 2322 5310 2490 5364; x_wconf 84' lang='lat' dir='ltr'><strong><em>Marc.</em></strong></span> <span class='ocrx_word' id='word_1_733' title='bbox 2530 5327 2582 5364; x_wconf 70' lang='lat' dir='ltr'><strong>xu</strong></span> <span class='ocrx_word' id='word_1_734' title='bbox 2606 5351 2621 5374; x_wconf 97' lang='lat'><strong><em>,</em></strong></span> <span class='ocrx_word' id='word_1_735' title='bbox 2658 5309 2719 5362; x_wconf 87' lang='lat' dir='ltr'><strong><em>l7</em></strong></span> <span class='ocrx_word' id='word_1_736' title='bbox 2753 5327 2766 5375; x_wconf 94' lang='lat'><strong><em>;</em></strong></span> <span class='ocrx_word' id='word_1_737' title='bbox 2806 5307 2939 5362; x_wconf 85' lang='lat' dir='ltr'><strong><em>Luc.</em></strong></span> <span class='ocrx_word' id='word_1_738' title='bbox 2975 5323 3090 5371; x_wconf 70' lang='lat' dir='ltr'><strong><em>XIX,</em></strong></span> <span class='ocrx_word' id='word_1_739' title='bbox 3128 5303 3217 5360; x_wconf 78' lang='grc'><strong><em>46.</em></strong></span> 
     </span>
    </p>
   </div>
   <div class='ocr_carea' id='block_1_104' title="bbox 523 5484 3645 5557">
    <p class='ocr_par' dir='ltr' id='par_1_104' title="bbox 523 5484 3645 5557">
     <span class='ocr_line' id='line_1_104' title="bbox 523 5484 3645 5557; baseline 0 -19"><span class='ocrx_word' id='word_1_740' title='bbox 523 5485 578 5553; x_wconf 70' lang='grc'><strong><em>2)</em></strong></span> <span class='ocrx_word' id='word_1_741' title='bbox 622 5484 744 5540; x_wconf 85' lang='grc' dir='ltr'><strong><em>Τῶν</em></strong></span> <span class='ocrx_word' id='word_1_742' title='bbox 767 5501 945 5556; x_wconf 79' lang='grc' dir='ltr'><em>προςρ.</em></span> <span class='ocrx_word' id='word_1_743' title='bbox 971 5486 1149 5557; x_wconf 86' lang='lat' dir='ltr'><strong><em>Verba</em></strong></span> <span class='ocrx_word' id='word_1_744' title='bbox 1181 5487 1378 5542; x_wconf 91' lang='lat' dir='ltr'><strong><em>desunt</em></strong></span> <span class='ocrx_word' id='word_1_745' title='bbox 1407 5487 1615 5557; x_wconf 87' lang='lat' dir='ltr'><strong><em>aliquot</em></strong></span> <span class='ocrx_word' id='word_1_746' title='bbox 1645 5487 1701 5541; x_wconf 92' lang='lat' dir='ltr'><strong><em>in</em></strong></span> <span class='ocrx_word' id='word_1_747' title='bbox 1728 5487 1970 5553; x_wconf 72' lang='lat' dir='ltr'><strong><em>Graecis;</em></strong></span> <span class='ocrx_word' id='word_1_748' title='bbox 2080 5488 2334 5542; x_wconf 89' lang='lat' dir='ltr'><strong><em>miscent.</em></strong></span> <span class='ocrx_word' id='word_1_749' title='bbox 2368 5485 2460 5541; x_wconf 91' lang='lat' dir='ltr'><strong><em>Sic</em></strong></span> <span class='ocrx_word' id='word_1_750' title='bbox 2495 5486 2767 5543; x_wconf 86' lang='lat' dir='ltr'><strong><em>Theodor.</em></strong></span> <span class='ocrx_word' id='word_1_751' title='bbox 2813 5485 2856 5540; x_wconf 90' lang='lat' dir='ltr'><strong><em>ll</em></strong></span> <span class='ocrx_word' id='word_1_752' title='bbox 2899 5485 3027 5557; x_wconf 77' lang='lat' dir='ltr'><strong><em>Cor.</em></strong></span> <span class='ocrx_word' id='word_1_753' title='bbox 3062 5502 3119 5557; x_wconf 67' lang='grc' dir='ltr'><strong><em>ιι,</em></strong></span> <span class='ocrx_word' id='word_1_754' title='bbox 3153 5486 3240 5549; x_wconf 80' lang='grc'><strong><em>17,</em></strong></span> <span class='ocrx_word' id='word_1_755' title='bbox 3272 5486 3645 5557; x_wconf 76' lang='lat' dir='ltr'><strong><em>interpretatur</em></strong></span> 
     </span>
    </p>
   </div>
   <div class='ocr_carea' id='block_1_105' title="bbox 399 5555 3644 5627">
    <p class='ocr_par' dir='ltr' id='par_1_105' title="bbox 399 5555 3644 5627">
     <span class='ocr_line' id='line_1_105' title="bbox 399 5555 3644 5627; baseline -0.001 -18"><span class='ocrx_word' id='word_1_756' title='bbox 399 5555 742 5627; x_wconf 79' lang='lat' dir='ltr'><strong><em>sed__s_ensum</em></strong></span> <span class='ocrx_word' id='word_1_757' title='bbox 770 5555 1012 5627; x_wconf 86' lang='lat' dir='ltr'><strong><em>implevit</em></strong></span> <span class='ocrx_word' id='word_1_758' title='bbox 1040 5556 1346 5614; x_wconf 88' lang='lat' dir='ltr'><strong><em>Turrianus</em></strong></span> <span class='ocrx_word' id='word_1_759' title='bbox 1377 5555 1600 5626; x_wconf 79' lang='lat' dir='ltr'><strong><em>optime.</em></strong></span> <span class='ocrx_word' id='word_1_760' title='bbox 1631 5558 1793 5612; x_wconf 76' lang='lat' dir='ltr'><strong><em>BASN.</em></strong></span> <span class='ocrx_word' id='word_1_761' title='bbox 2079 5559 2370 5627; x_wconf 87' lang='lat' dir='ltr'><strong><em>cauponari</em></strong></span> <span class='ocrx_word' id='word_1_762' title='bbox 2405 5559 2649 5613; x_wconf 87' lang='lat' dir='ltr'><strong><em>verbum.</em></strong></span> <span class='ocrx_word' id='word_1_763' title='bbox 2687 5557 2856 5613; x_wconf 75' lang='lat' dir='ltr'><strong><em>Tuan.</em></strong></span> <span class='ocrx_word' id='word_1_764' title='bbox 2883 5588 2952 5598; x_wconf 91' lang='lat'><strong><em>—-</em></strong></span> <span class='ocrx_word' id='word_1_765' title='bbox 2985 5555 3040 5609; x_wconf 90' lang='lat' dir='ltr'><strong><em>In</em></strong></span> <span class='ocrx_word' id='word_1_766' title='bbox 3068 5555 3258 5627; x_wconf 62' lang='lat' dir='ltr'><strong><em>Graeco</em></strong></span> <span class='ocrx_word' id='word_1_767' title='bbox 3280 5555 3644 5627; x_wconf 63' lang='grc' dir='ltr'><em>καπηλεύσανι</em></span> 
     </span>
    </p>
   </div>
   <div class='ocr_carea' id='block_1_106' title="bbox 473 5623 3641 5702">
    <p class='ocr_par' dir='ltr' id='par_1_106' title="bbox 473 5623 3641 5702">
     <span class='ocr_line' id='line_1_106' title="bbox 473 5623 3641 5702; baseline 0.002 -26"><span class='ocrx_word' id='word_1_768' title='bbox 473 5623 585 5702; x_wconf 65' lang='grc' dir='ltr'><strong><em>(ὕᾷ)</em></strong></span> <span class='ocrx_word' id='word_1_769' title='bbox 625 5623 865 5702; x_wconf 44' lang='grc' dir='ltr'><strong><em>Κᾳίτηῖῑξ</em></strong></span> <span class='ocrx_word' id='word_1_770' title='bbox 887 5626 964 5681; x_wconf 90' lang='lat' dir='ltr'><strong><em>Illi</em></strong></span> <span class='ocrx_word' id='word_1_771' title='bbox 992 5638 1375 5702; x_wconf 86' lang='lat' dir='ltr'><strong><em>cauponantur</em></strong></span> <span class='ocrx_word' id='word_1_772' title='bbox 1403 5623 1776 5698; x_wconf 83' lang='lat' dir='ltr'><strong><em>Evangelium,</em></strong></span> <span class='ocrx_word' id='word_1_773' title='bbox 1804 5627 1897 5698; x_wconf 92' lang='lat' dir='ltr'><strong><em>qui</em></strong></span> <span class='ocrx_word' id='word_1_774' title='bbox 1921 5629 1973 5682; x_wconf 93' lang='lat' dir='ltr'><strong><em>in</em></strong></span> <span class='ocrx_word' id='word_1_775' title='bbox 2083 5623 2194 5692; x_wconf 75' lang='grc' dir='ltr'><em>τες,</em></span> <span class='ocrx_word' id='word_1_776' title='bbox 2231 5644 2336 5682; x_wconf 77' lang='lat' dir='ltr'><strong><em>vox</em></strong></span> <span class='ocrx_word' id='word_1_777' title='bbox 2362 5627 2597 5683; x_wconf 86' lang='lat' dir='ltr'><strong><em>deducta</em></strong></span> <span class='ocrx_word' id='word_1_778' title='bbox 2635 5645 2662 5681; x_wconf 88' lang='lat' dir='ltr'><strong><em>a</em></strong></span> <span class='ocrx_word' id='word_1_779' title='bbox 2699 5629 3100 5702; x_wconf 65' lang='lat' dir='ltr'><strong><em>mercatoribus</em></strong></span> <span class='ocrx_word' id='word_1_780' title='bbox 3133 5626 3223 5695; x_wconf 90' lang='lat' dir='ltr'><strong><em>qui</em></strong></span> <span class='ocrx_word' id='word_1_781' title='bbox 3255 5623 3472 5702; x_wconf 74' lang='lat' dir='ltr'><strong><em>merces</em></strong></span> <span class='ocrx_word' id='word_1_782' title='bbox 3504 5624 3641 5682; x_wconf 77' lang='lat' dir='ltr'><strong><em>adul-</em></strong></span> 
     </span>
    </p>
   </div>
   <div class='ocr_carea' id='block_1_107' title="bbox 399 5692 3415 5772">
    <p class='ocr_par' dir='ltr' id='par_1_107' title="bbox 399 5692 3415 5772">
     <span class='ocr_line' id='line_1_107' title="bbox 399 5692 3415 5772; baseline 0.002 -27"><span class='ocrx_word' id='word_1_783' title='bbox 399 5692 639 5746; x_wconf 74' lang='lat' dir='ltr'><strong><em>tabulam</em></strong></span> <span class='ocrx_word' id='word_1_784' title='bbox 682 5693 814 5746; x_wconf 84' lang='lat' dir='ltr'><strong><em>illud</em></strong></span> <span class='ocrx_word' id='word_1_785' title='bbox 849 5692 1177 5760; x_wconf 52' lang='lat' dir='ltr'><strong><em>vertuntfet</em></strong></span> <span class='ocrx_word' id='word_1_786' title='bbox 1223 5699 1462 5770; x_wconf 86' lang='lat' dir='ltr'><strong><em>cogitata</em></strong></span> <span class='ocrx_word' id='word_1_787' title='bbox 1503 5692 1601 5754; x_wconf 59' lang='lat' dir='ltr'><strong><em>su&#39;a</em></strong></span> <span class='ocrx_word' id='word_1_788' title='bbox 1636 5714 1759 5754; x_wconf 91' lang='lat' dir='ltr'><strong><em>cum</em></strong></span> <span class='ocrx_word' id='word_1_789' title='bbox 1794 5692 1967 5772; x_wconf 72' lang='lat' dir='ltr'><strong><em>gratia</em></strong></span> <span class='ocrx_word' id='word_1_790' title='bbox 2079 5706 2257 5756; x_wconf 84' lang='lat' dir='ltr'><strong><em>terant</em></strong></span> <span class='ocrx_word' id='word_1_791' title='bbox 2290 5707 2343 5756; x_wconf 92' lang='lat' dir='ltr'><strong><em>et</em></strong></span> <span class='ocrx_word' id='word_1_792' title='bbox 2378 5704 2734 5769; x_wconf 74' lang='lat' dir='ltr'><strong><em>prostituunt.</em></strong></span> <span class='ocrx_word' id='word_1_793' title='bbox 2769 5697 2986 5756; x_wconf 77' lang='lat' dir='ltr'><strong><em>Pollux.</em></strong></span> <span class='ocrx_word' id='word_1_794' title='bbox 3013 5692 3294 5753; x_wconf 72' lang='lat' dir='ltr'><strong><em>Onomast.</em></strong></span> <span class='ocrx_word' id='word_1_795' title='bbox 3330 5695 3415 5752; x_wconf 78' lang='lat' dir='ltr'><strong><em>In.</em></strong></span> 
     </span>
    </p>
   </div>
  </div>
