3782 6166
47 252 204 308 1217

1077 249 1446 308 ADVERSUS
1484 250 1906 308 MANICIUEOS
1944 252 2071 309 LIB.
2110 252 2200 310 lll.

3167 249 3314 315 t3"

901 366 1027 422 CAP.
1063 367 1152 422 ιν.
1180 366 1292 423 Lex
1315 379 1364 423 et
1389 369 1735 441 Evangelium
1756 368 1820 423 de
1856 368 2068 424 Christo
2111 368 2463 424 consentiunt.

124 489 194 542 Et
249 486 307 540 δὲ
355 484 580 558 Μάρκος
631 484 807 553 λέγει’
871 485 1040 555 Ἀρχὴ
1096 486 1205 541 τοῦ
1265 487 1632 557 Euan-allati
1660 492 1707 548 Δ
1805 485 1833 541 Ε

1805 485 1864 541 Si
1899 501 2030 541 vero
2067 483 2286 540 Marcus
2331 485 2409 538 ait
2435 505 2448 538 :
2478 481 2812 552 Principium
2869 483 3141 558 Evangelii
3176 487 3308 544 λεια

63 577 268 646 Ἰησοῦ
294 574 574 644 Χριστοῦ,
613 573 808 640 καθὼς
843 575 1165 645 τέτραπται
1211 575 1284 630 ἐν
1318 576 1520 644 Ἡσαΐᾳ
1555 575 1638 642 τῷ

47 665 365 736 προφήτῃ·
407 666 438 718 6
483 665 544 719 δὲ
595 665 872 729 Ματθατος
890 682 904 697 ⁸
943 667 1162 734 Βίϐλος
1199 667 1490 738 γενέσεως
1530 669 1636 736 Ἰη-

46 761 175 814 σοῦ
219 759 498 829 Χριστοῦ,
548 758 682 814 υἱοῦ
731 759 926 827 Δαϐὶδ,
965 761 1100 815 υἱοῦ
1137 761 1410 831 Ἁϐραάμ·
1469 763 1563 816 καὶ
1608 765 1638 816 6

51 853 159 924 μὲν
193 851 512 923 προπάτορα
537 851 636 922 τῆς
660 851 798 906 κατὰ
843 851 1021 920 σάρκα
1065 853 1368 924 γεννήσεως
1395 849 1503 907 οἶδε
1545 854 1635 907 τὸν

62 940 342 1012 Ἀϐραὰμ,
377 942 470 993 καὶ
517 942 653 1011 τιμᾷ
705 941 795 994 τὸν
842 941 1037 995 Δαϐίὸο
1086 943 1116 995 6
1165 942 1224 995 δὲ
1274 943 1530 996 συνάπτει
1575 945 1637 997 τὺ

48 1032 386 1102 Εὐαγγέλιον
410 1031 489 1103 τῷ
511 1033 660 1104 νόμῳ
677 1049 694 1063 ·
726 1033 822 1086 καὶ
857 1032 951 1086 τοῦ
980 1033 1311 1102 Εὐαγγελίου
1344 1035 1517 1105 ἀρχὴν
1545 1035 1636 1090 τὸν

47 1122 222 1194 νόμον
247 1124 498 1195 νενόηκεν
519 1141 532 1155 ·
571 1122 822 1194 ἀληθεύει
854 1125 883 1176 6
915 1124 1106 1196 Σωτὴρ
1142 1124 1313 1192 λέγων
1335 1141 1349 1155 ⁸
1389 1126 1450 1179 '0
1477 1124 1635 1195 ὑμᾶς

49 1217 285 1272 ἀθετῶν
318 1216 423 1287 ἐμὲ
463 1216 657 1272 ἀθετεῖ
680 1233 693 1248 ο
735 1216 915 1270 οὐκέτι
962 1216 1069 1285 γὰρ
1121 1217 1280 1289 μέχρι
1327 1217 1418 1271 τοῦ
1467 1219 1631 1288 νόμου

50 1309 270 1362 ἴσταται
299 1311 334 1380 ἡ
364 1309 576 1379 ἀτιμία,
618 1307 732 1361 ἀλλ’
771 1308 858 1361 ἐπ’
889 1309 1052 1362 αὑτὸν
1083 1308 1360 1362 ἀναϐαίνει
1407 1309 1498 1363 τὸν
1523 1312 1634 1363 Σω-

48 1401 218 1472 τῆρα.
252 1400 362 1455 Καὶ
389 1401 438 1453 οί
474 1400 572 1471 μὲν
586 1400 825 1453 Ἰουδαῖοι
871 1400 1234 1454 ἁκουέτωσανο
1264 1402 1334 1454 El
1373 1401 1632 1468 Μωσέως

51 1494 328 1560 ἠκούετε,
355 1494 604 1562 ἠκούετε
630 1491 706 1546 ἂν
728 1493 874 1562 ἐμοῦ
890 1508 903 1521 '
936 1492 1068 1560 περὶ
1099 1493 1206 1562 γὰρ
1233 1492 1380 1561 ἐμοῦ
1404 1493 1632 1561 ἐκεῖνος

47 1584 319 1653 ἔγραψεν
338 1601 352 1617 ο
386 1585 435 1636 οἱ
461 1584 518 1636 δὲ
550 1585 836 1654 Μανιχαῖοι
863 1584 1204 1638 ἀκουέτωσαν
1225 1602 1236 1614 ·
1285 1588 1354 1638 El
1384 1585 1490 1639 τοῦ
1513 1587 1630 1639 Ei)-

46 1677 339 1748 αγγελίου
369 1677 634 1746 ἠκούετε,
668 1676 777 1730 τοῦ
809 1677 994 1746 νόμου
1035 1677 1310 1745 ἠκούετε·
1362 1677 1496 1746 περὶ
1522 1680 1632 1748 γὰρ

47 1769 162 1823 τοῦ
192 1769 380 1838 νόμου
407 1768 473 1822 τὸ
503 1768 868 1837 Εὑατγέλιον
902 1767 1308 1839 γεγράφηκεν·
1343 1769 1457 1822 ἀλλ’
1503 1771 1632 1823 Ἰου-

1738 575 1958 642 Christi,
1982 577 2118 630 sicut
2147 576 2403 644 scriptum
2430 582 2508 628 est
2539 575 2593 627 in
2617 572 2770 627 Isaia
2798 575 3099 643 propheta"
3123 594 3140 644 ;
3171 577 3309 633 Mat.

1736 669 1910 724 thmus
1938 677 2118 722 autem
2159 686 2173 721 :
2217 665 2373 721 Liber
2399 667 2749 737 generationis
2784 664 2914 720 Jesu
2939 666 3160 736 Christi,
3205 669 3309 736 ﬁlii

1734 759 1927 822 David,
1970 760 2072 829 ﬁlii
2124 759 2556 826 Abraham“;et
2583 759 2672 813 hic
2729 759 2948 830 quidem
2993 764 3310 832 progenito-

1736 867 1849 906 rem
1878 851 2008 907 Jesu
2034 853 2333 908 secundum
2371 868 2590 908 carnem
2630 853 2734 909 scit
2765 869 2890 909 esse
2921 853 3220 919 Abraham,
3252 863 3307 910 et

1735 943 1904 998 David
1955 943 2218 1010 honorat;
2274 944 2557 1014 coniungit
2605 943 2958 1015 Evangelium
2989 960 3114 1000 cum
3163 947 3302 1016 lege,

1733 1045 1790 1089 et
1815 1036 1988 1105 legem
2013 1037 2264 1105 cognovit
2289 1051 2411 1091 esse
2450 1037 2778 1106 principium
2813 1037 3126 1109 Evangelii;
3166 1037 3304 1093 fate-

1733 1134 1826 1180 tur
1849 1142 2034 1181 verum
2064 1127 2340 1189 Salvator,
2378 1143 2500 1182 cum
2532 1130 2608 1182 ait
2643 1148 2657 1183 :
2685 1129 2790 1195 Qui
2809 1147 2898 1184 vos
2952 1132 3171 1200 spernit,
3221 1148 3304 1186 me

1734 1221 2002 1287 spernit”,
2035 1235 2141 1272 non
2171 1219 2314 1272 enim
2362 1234 2537 1288 usque
2588 1218 2641 1272 in
2681 1220 2852 1288 legem
2912 1222 3093 1274 evadit
3137 1221 3304 1277 dede-

1734 1328 1853 1372 cus,
1887 1319 1940 1366 et
1971 1312 2042 1366 ibi
2078 1313 2299 1374 residet,
2325 1311 2420 1366 sed
2453 1313 2507 1366 in
2531 1313 2708 1381 ipsum
2729 1311 3066 1367 Salvatorem
3099 1314 3303 1368 redun-

1733 1401 1846 1456 dat.
1879 1401 1956 1456 ΑΟ
1993 1401 2167 1456 Judaei
2221 1403 2438 1471 quidem
2487 1401 2711 1455 audiant
2745 1421 2757 1455 :
2795 1400 2855 1457 Si
2879 1401 3114 1472 Hoysem
3144 1403 3302 1458 audi-

1733 1494 1878 1554 retis,
1915 1493 2171 1547 audiretis
2200 1495 2374 1562 utique
2405 1508 2515 1554 me;
2537 1493 2600 1547 de
2631 1510 2712 1546 me
2743 1494 2880 1547 enim
2903 1495 3111 1561 scripsit
3137 1495 3297 1548 ille”.

1731 1585 2016 1640 Manichaei
2074 1600 2196 1639 vero
2245 1585 2466 1639 audiant
2497 1603 2510 1638 :
2537 1583 2597 1639 Si
2642 1584 2983 1654 Evangelium
3020 1585 3296 1649 audiretis,

1731 1685 1780 1727 et
1813 1674 1974 1744 legem
2004 1673 2294 1738 audiretis;
2325 1673 2387 1727 de
2409 1674 2516 1744 lege
2536 1674 2672 1728 enim
2696 1676 2905 1743 scripsit
2931 1673 3297 1746 Evangeliunt.

1737 1762 1938 1822 Verum
1959 1763 2132 1820 διιόωί
2175 1765 2394 1836 quidem
2436 1766 2557 1821 velo
2599 1767 2775 1820 oculis
2818 1767 3083 1833 adhibito,
3122 1783 3300 1838 neque

43 1854 192 1908 δαῖοι
226 1835 344 1925 μεν,
374 1835 1044 1927 κάλυμμα-λαμϐάνοντες,
1076 1835 1194 1910 οὐδὲ
1219 1858 1310 1912 τὸν
1339 1859 1504 1932 νόμον
1541 1877 1629 1914 νε·
1663 1835 1704 1891 Β
1733 1859 1833 1929 legt

1742 1860 1903 1929 legem
1931 1835 2336 1921 intellexerunt,
2368 1872 2544 1928 neque
2570 1859 2886 1914 nuntiatum
2934 1835 3296 1931 agnoverunt.

45 1946 335 2018 νοήκασιν,
371 1945 490 2000 οὐδὲ
533 1946 624 2001 τὸν
675 1947 1172 2020 καταγγελλόμενον
1203 1949 1546 2019 ἐπέγνωσαν·
1579 1952 1628 2005 οι

43 2037 108 2090 δὲ
142 2037 458 2109 αἱρεσιῶται
482 2038 791 2110 ὀφθαλμοὺς
817 2039 1029 2110 ἔχουσιν
1073 2041 1134 2094 οὐ
1169 2041 1482 2112 βλέποντας,
1515 2037 1629 2096 ὧτα

48 2129 268 2198 ἔχουσιν
299 2130 399 2183 οὐκ
429 2130 690 2185 ἀκούοντα
712 2148 727 2162 ο
763 2131 851 2184 διὰ
890 2133 953 2185 τὸ
993 2131 1066 2204 μὴ
1107 2133 1424 2204 παρακύψαι
1456 2136 1533 2199 εἰς
1561 2135 1630 2189 τὰ

47 2220 381 2289 Εὐαγγέλια,
429 2223 506 2292 τῷ
555 2223 704 2294 νόμῳ
749 2223 1120 2294 ὲμαχὲσαντο’
1165 2225 1272 2279 ἰδοὺ
1299 2226 1408 2298 γὰρ
1448 2229 1476 2280 6
1529 2227 1629 2298 μὲν

59 2311 318 2382 Ἰωάννης
356 2311 455 2385 βοᾷ
471 2329 485 2344 ο
536 2313 793 2383 Ἐγένετο
832 2315 1140 2384 ἄνθρωπος
1173 2317 1627 2388 ἀπεσταλμένος

47 2403 216 2470 παρὰ
249 2403 418 2469 Θεοῦ,
458 2404 647 2476 ὄνομα
671 2406 832 2473 αὑτῷ
868 2407 1167 2476 Ἰωάννηςο
1218 2405 1396 2477 οὗτος
1442 2407 1629 2481 ἦλθεν

42 2497 139 2560 εὶς
182 2497 532 2566 μαρτυρίαν,
564 2515 664 2553 ινα
688 2500 1045 2570 μαρτυρήσῃ
1087 2501 1220 2572 περὶ
1262 2501 1368 2556 τοῦ
1412 2506 1624 2571 φωτός.

46 2585 176 2642 Οἵδε
196 2588 289 2640 τὸν
320 2590 591 2662 μάρτυρα,
625 2592 719 2645 καὶ
747 2588 853 2645 οἶδε
896 2593 988 2646 τὸν
1019 2595 1458 2666 μαρτυρούμενον
1479 2611 1494 2629 ο
1532 2595 1627 2648 καὶ

44 2680 145 2734 τὸν
176 2681 428 2754 μάρτυρα
465 2683 805 2754 προγράφει’
842 2684 905 2738 '0
950 2687 1133 2754 νόμος
1177 2685 1276 2738 καὶ
1313 2688 1366 2740 oi
1404 2685 1628 2754 στροφῆ⁴

45 2787 148 2825 ται
163 2771 378 2841 μέχρις
411 2771 698 2828 Ἰωάννου.
739 2771 946 2827 Οὐκοῦν
978 2777 1006 2828 6
1042 2776 1292 2847 Ἰωάννης
1338 2778 1621 2847 μαρτυρεῖ,

44 2865 148 2920 καὶ
177 2867 205 2918 6
239 2865 402 2935 νόμος
432 2866 665 2938 μάρτυρ,
699 2867 793 2920 καὶ⁵
831 2869 1182 2940 μαρτυρεῖται
1211 2869 1240 2919 6
1265 2868 1447 2938 νόμος.

123 2957 267 3028 Ὀρα
300 2957 483 3028 ἡλίκον
511 2959 769 3030 ἀτόπημα
797 2960 831 3030 ἡ
875 2959 1004 3030 περὶ
1038 2960 1134 3023 τὰς
1168 2960 1468 3032 μαρτυρίας
1495 2960 1623 3013 ἀπι-

45 3049 174 3103 στία
202 3049 429 3120 νομίζει.
462 3051 571 3104 Καὶ
592 3051 818 3106 τοιαῦτα
842 3051 1046 3105 τούτων
1069 3050 1476 3122 φθεγξαμένων,
1505 3050 1625 3104 οὐδὲ

1732 1949 1982 2006 Haerelici
2020 1964 2150 2003 vero
2181 1951 2372 2006 oculos
2407 1951 2610 2006 habent
2651 1967 2848 2019 caecos,
2883 1961 2938 2008 et
2982 1967 3146 2010 aures
3176 1967 3300 2009 sur-

1730 2043 1829 2099 das
1860 2060 1872 2096 :
1910 2043 2038 2112 quia
2066 2059 2176 2098 non
2204 2044 2593 2114 introspiciunt
2626 2045 2679 2100 in
2709 2045 3088 2116 Evangelium,
3123 2048 3300 2117 legem

1729 2143 2200 2205 Oppugnaverunt.
2238 2135 2478 2193 Joannes
2511 2137 2658 2192 enim
2693 2137 2894 2191 clamat
2925 2157 2938 2192 :
2971 2135 3100 2193 Fuit
3143 2137 3299 2192 homo

1729 2227 1923 2282 missus
1955 2243 1990 2281 a
2023 2226 2154 2292 Deo,
2186 2228 2272 2281 cui
2293 2244 2481 2284 nomen
2505 2225 2870 2284 erat‘Joannes
2903 2244 2922 2283 :
2943 2228 3040 2302 hic
3077 2230 3215 2284 venit
3244 2232 3302 2286 in

1730 2321 2104 2387 testimonium,
2131 2330 2190 2374 ut
2219 2323 2577 2376 testimonium
2607 2321 2896 2392 perhiberet
2917 2321 2982 2376 de
3029 2321 3294 2376 lumine“.

1728 2411 1995 2484 Cognovit
2053 2421 2270 2480 testem,
2316 2419 2372 2469 et
2425 2413 2682 2484 cognovit
2724 2415 2793 2469 de
2828 2429 2938 2484 quo
2984 2420 3104 2469 erat
3145 2415 3300 2468 testi-

1727 2504 1995 2570 monium,
2019 2511 2074 2560 et
2100 2513 2294 2561 testem
2318 2506 2620 2576 praescribit
2655 2506 2908 2576 inquiens
2940 2524 2954 2560 :
2985 2503 3097 2559 Lex
3112 2516 3162 2560 et
3175 2521 3302 2574 pro-

1723 2595 1891 2665 plteta:
1915 2612 2076 2668 usque
2104 2596 2174 2650 ad
2197 2596 2528 2653 Joannem".
2558 2596 2798 2654 Joannes
2829 2598 2995 2669 igitur
3024 2604 3256 2654 testatur
3276 2636 3297 2665 ,

1723 2694 1778 2742 et
1807 2687 1894 2742 lex
1932 2689 2089 2745 testis
2123 2699 2243 2755 est,
2278 2697 2334 2744 et
2359 2691 2731 2746 testimonium
2754 2691 2858 2763 legi
2880 2689 3223 2762 perhibetur.

1804 2957 1962 3025 Vide,
1992 2973 2103 3014 non
2133 2959 2356 3015 credere
2390 2957 2744 3021 testimoniis,
2771 2963 3037 3028 quantum
3069 2957 3297 3014 absurdi

1723 3051 1934 3108 afferat.
1970 3050 2149 3121 Atque
2181 3051 2235 3104 bi
2269 3050 2488 3123 quidem
2513 3065 2636 3104 cum
2664 3049 2794 3104 talia
2828 3049 3089 3114 dixerint,
3120 3065 3305 3136 neque

40 3145 72 3196 6
100 3142 320 3204 Λουκᾶς
354 3144 562 3234 σιωπᾷ·
591 3143 724 3214 φησὶ
769 3143 879 3214 γὰρ
923 3143 1022 3213 τὴν
1071 3143 1236 3214 αὐτὴν
1280 3144 1461 3214 φωνὴν
1491 3143 1621 3214 (54),
1650 3178 1692 3234 c
1725 3142 1833 3198 Luc

1742 3143 1903 3198 Lucas
1942 3141 2096 3208 silet;
2140 3143 2332 3196 eadem
2380 3141 2528 3196 enim
2563 3155 2697 3196 voce
2734 3156 2870 3197 usus
2917 3147 3024 3206 est,
3068 3147 3123 3196 et
3172 3142 3301 3197 aliis

41 3232 142 3285 καὶ
168 3230 380 3302 συνῳδὰ
405 3234 516 3296 τοῖς
545 3233 722 3297 ἄλλοις
751 3233 1065 3304 φθέγγεται,
1097 3236 1190 3288 καὶ
1216 3235 1501 3305 διηγεῖται,
1540 3235 1622 3287 ὅτι

41 3323 172 3394 ἄρτι
204 3321 302 3394 μὲν
327 3323 356 3375 ὁ
382 3323 618 3396 Γαϐριὴλ
645 3329 712 3396 τῇ
745 3326 934 3397 Μαρίᾳ
967 3325 1154 3395 φανεὶς
1194 3325 1345 3395 ἠφίει
1376 3326 1634 3397 οὐράνιον·

41 3413 364 3484 ἀσπασμὸν,
391 3414 561 3484 λέγων
581 3432 594 3446 ·
629 3417 822 3485 Χαζοε,
857 3417 1312 3486 κεχαριτωμένη,
1343 3421 1376 3472 ὀ
1411 3419 1624 3487 Κύριος

37 3503 194 3573 μετὰ
218 3506 367 3561 σοῦ’
402 3507 482 3574 ὡς
514 3507 581 3560 δέ
617 3507 816 3576 ἐκείνη
856 3509 954 3562 ἐπὶ
986 3509 1066 3574 τῷ
1091 3509 1248 3579 λόγῳ
1278 3509 1624 3578 ἐταράττετο

41 3597 146 3651 καί
172 3596 525 3667 διελογίζετο
554 3599 624 3653 ἐν
671 3600 858 3668 ἑαυτῇ
908 3603 1196 3670 λέγουσα,
1230 3602 1496 3669 ποταπὸς
1529 3603 1621 3671 εἴη

41 3691 77 3742 ό
113 3688 443 3758 ἀσπασμὸς
477 3686 684 3757 οὗτος·
720 3690 924 3762 ἔλεγε’
957 3693 1054 3760 Μὴ
1101 3693 1308 3762 φοϐοῦ,
1346 3694 1617 3764 Μαριάμ·

38 3775 220 3847 εὗρες
262 3780 372 3850 γὰρ
416 3781 592 3851 χάριν
637 3783 893 3838 ἐνώπιον
946 3785 1054 3838 τοῦ
1112 3785 1291 3840 Θεοῦ’
1349 3787 1448 3840 καὶ
1493 3787 1623 3842 ἰδοὺ

40 3869 350 3940 συλλήψῃ
383 3872 453 3926 ἐν
480 3875 714 3942 γαστρὶ,
769 3873 872 3927 καὶ
913 3873 1054 3944 τέξῃ
1090 3875 1255 3940 υἱὸν,
1301 3875 1399 3929 καὶ
1450 3877 1626 3930 καλέ-

38 3978 178 4028 σεις
199 3962 266 4015 τὸ
299 3962 487 4033 ὄνομα
519 3965 704 4018 αὐτοῦ
732 3965 984 4033 Ἰησοῦν.
1010 3963 1195 4034 Οὗτος
1222 3968 1390 4022 ἔσται
1414 3967 1620 4039 μέγας,

38 4056 144 4110 καὶ
182 4056 316 4122 Υἱὸς
353 4057 636 4124 Ὑψίστου
667 4056 1064 4125 κληθήσεταιο
1106 4060 1204 4113 καὶ
1243 4059 1418 4115 δώσει
1461 4061 1620 4127 αὐτῷ

36 4149 260 4216 Κύριος
283 4145 391 4200 τὸν
421 4149 637 4215 θρόνον
667 4148 846 4202 Δαϐὶδ
872 4149 980 4203 τοῦ
1018 4151 1240 4218 πατρὸς
1277 4150 1492 4204 αὑτοῦ·
1523 4152 1623 4206 καὶ

33 4235 404 4303 ,ϐασιλεύσει
433 4240 520 4305 είς
549 4239 694 4305 τοὺς
740 4240 985 4306 αἰῶνας·
1039 4242 1138 4295 καὶ
1165 4240 1273 4308 τῆς
1303 4243 1624 4310 ,ϐασιλείας

35 4328 232 4383 αὐτοῦ
280 4331 392 4383 οὐκ
430 4329 601 4385 ἔσται
654 4331 848 4400 τέλος.
893 4332 1004 4387 Καὶ
1048 4335 1274 4404 τιμᾶται
1311 4334 1494 4399 Δαὸὶδ,
1533 4336 1625 4388 καὶ

35 4420 226 4493 πατὴρ
257 4421 596 4492 ὁμολογεῖται
632 4425 903 4496 Σωτῆρος,
952 4425 1047 4478 καὶ
1094 4427 1243 4497 μένει
1274 4430 1306 4499 ή
1337 4428 1500 4501 ἀρχὴ,
1531 4429 1625 4482 καὶ

1723 3236 2073 3307 evangelistis
2101 3247 2347 3289 consona
2387 3234 2631 3304 loquitur
2658 3241 2975 3306 narretque,
3007 3233 3154 3304 quod
3190 3233 3300 3287 Ga-

1720 3329 1857 3385 briel
1899 3326 2118 3398 quidem
2149 3326 2402 3396 apparuit
2429 3326 2631 3391 Mariae,
2668 3335 2722 3381 et
2767 3327 3044 3382 caelestem
3089 3326 3297 3380 saluta-

1721 3420 1923 3476 tionem
1946 3420 1996 3474 ei
2031 3419 2238 3481 attulit,
2266 3417 2522 3488 inquiens
2550 3436 2563 3472 ε
2591 3418 2717 3481 Ave,
2754 3419 2931 3488 gratia
2959 3417 3136 3486 plena,
3191 3416 3294 3470 Do-

1721 3514 1894 3566 minus
1924 3520 2112 3566 tecum.
2154 3509 2285 3575 Quce
2317 3525 2434 3563 cum
2463 3509 2722 3575 audisset,
2755 3508 2972 3562 turbata
2995 3509 3149 3562 estin
3179 3525 3294 3562 ser—

1723 3620 1876 3658 mone
1904 3603 2042 3672 ejus,
2091 3610 2141 3656 et
2169 3600 2458 3670 cogitabat,
2499 3600 2672 3670 qualis
2707 3609 2842 3654 esset
2869 3601 2975 3654 ista
3011 3599 3290 3653 salutatio.

1723 3694 1793 3749 Et
1820 3695 1895 3749 ait
1927 3693 2141 3764 angelus
2162 3694 2250 3747 ei:
2277 3690 2359 3746 Ne
2409 3692 2616 3757 timeas,
2674 3689 2873 3754 Maria,
2896 3691 3138 3744 invenisti
3155 3691 3296 3744 enim

1722 3786 1954 3855 gratiam
1980 3783 2118 3852 apud
2143 3781 2311 3836 Deum
2342 3797 2360 3835 :
2385 3797 2500 3835 ecce
2527 3781 2784 3845 concipies
2820 3781 2876 3834 in
2895 3789 3068 3843 utero,
3116 3788 3165 3833 et
3194 3795 3292 3848 pa-

1723 3877 1825 3930 ries
1847 3876 2041 3946 ﬁlium,
2077 3884 2126 3930 et
2164 3873 2372 3929 vocabis
2419 3889 2606 3926 nomen
2643 3872 2757 3940 ejus
2809 3869 3014 3926 Iesum.
3045 3870 3146 3924 Hic
3193 3871 3296 3925 erit

1725 3983 1968 4037 magnus,
2006 3975 2054 4020 et
2087 3964 2263 4018 Filius
2298 3963 2561 4017 Altissimi
2602 3962 2870 4016 vocabitur
2900 3980 2918 4016 :
2944 3969 2994 4016 et
3027 3960 3173 4015 dabit
3209 3960 3299 4015 illi

1723 4057 1983 4111 Dominus
2038 4055 2212 4109 sedem
2244 4053 2415 4108 David
2457 4054 2627 4122 patris
2660 4053 2774 4121 ejus
2806 4067 2823 4104 :
2853 4062 2904 4106 et
2951 4051 3188 4122 regnabit
3239 4052 3298 4106 in

1723 4150 1878 4203 domo
1898 4145 2062 4201 Iacob
2103 4147 2157 4199 in
2186 4155 2471 4200 retentum:
2497 4153 2545 4199 et
2560 4145 2702 4215 regni
2732 4144 2845 4214 ejus
2863 4161 2967 4198 non
2981 4147 3079 4199 erit
3099 4145 3297 4214 ﬁnis".

1724 4239 2035 4294 Honoratur
2065 4236 2257 4301 David,
2295 4244 2349 4291 et
2373 4247 2525 4307 pater
2555 4236 2675 4306 ejus
2705 4251 2828 4292 esse
2865 4237 3209 4296 conceditur,
3239 4245 3298 4291 et

1725 4339 1836 4387 stat
1891 4345 1957 4386 ac
2010 4328 2173 4385 durat
2214 4328 2556 4399 principatus
2610 4326 2753 4396 ejus,
2791 4327 3137 4395 traditurque
3187 4323 3297 4378 Do-

1726 4422 1899 4484 mino,
1923 4429 1977 4476 et
2027 4419 2189 4475 ﬁnem
2237 4435 2348 4474 non
2388 4418 2575 4484 habet,
2621 4417 2780 4486 cujus
2819 4417 2988 4487 gloria
3034 4425 3296 4485 perpetua

35 4512 399 4583 παραδίδοται
436 4514 512 4585 τῷ
546 4516 764 4586 Κυρίῳ,
810 4518 905 4570 καὶ
948 4517 1099 4580 τέλος
1143 4519 1202 4570 οὺ
1250 4518 1483 4589 δέχεται,
1521 4520 1620 4589 τῆς
1651 4513 1694 4565 D
1721 4523 1826 4570 est.

1742 4516 2036 4584 :st.'Atque
2086 4513 2200 4568 haec
2249 4511 2468 4583 quidem
2506 4518 2636 4567 sunt
2675 4509 2947 4580 principia
2975 4505 3297 4578 Evangelio-

34 4605 218 4676 ἀρχῆς
255 4606 312 4657 ὲν
354 4605 432 4676 τῷ
473 4606 811 4679 ἀτελευτήτῳ
849 4609 1266 4680 σεμνυνομένης.
1304 4610 1414 4664 Καὶ
1447 4609 1617 4664 ταῦτα

37 4697 142 4767 μὲν
173 4697 230 4748 αἱ
262 4693 370 4748 τῶν
411 4697 754 4766 Εὑαγγελίων
797 4700 998 4770 ἀρχαί⁶
1042 4701 1146 4753 ἔδει
1182 4701 1289 4773 γὰρ
1328 4703 1477 4772 ἡμᾶς
1513 4702 1621 4756 ἀπὸ

32 4787 151 4840 τῶν
196 4785 380 4857 ἀρχῶν
423 4787 514 4842 τὸν
543 4789 700 4858 λόγον
734 4792 953 4860 ὑφεῖναι,
989 4792 1055 4845 ἵν’
1088 4791 1250 4858 οὕτω,
1279 4793 1508 4846 κατόπιν
1539 4810 1623 4856 τις

34 4877 273 4950 βαδίζων
301 4879 394 4931 τοῦ
427 4879 606 4948 λόγου,
641 4883 736 4935 καὶ
773 4884 868 4955 τὴν
899 4884 1222 4938 ἀκολουθίαν
1266 4885 1359 4938 καὶ
1393 4885 1491 4956 τὴν
1523 4885 1621 4958 ἁρ-

37 4974 237 5044 μονίαν
285 4973 394 5028 τῶν
445 4974 615 5046 λόγων
660 4978 896 5047 κατανοῇ
942 4976 1007 5041 ἐξ
1043 4977 1179 5031 ὅλων
1225 4977 1334 5032 τῶν
1373 4980 1618 5049 Εὑαγγε-

33 5067 196 5122 λίων.

123 5159 345 5231 Ἐπειδὴ
374 5161 431 5214 δὲ
463 5163 555 5215 καὶ
595 5164 628 5234 ἡ
666 5163 996 5234 ἅποστολικὴ
1028 5163 1272 5220 διακονία
1297 5164 1619 5237 χαρακτῆρα

38 5250 208 5317 σώζει
237 5254 620 5323 εὐαγγελικὸν,
649 5257 744 5310 καὶ
774 5258 802 5310 ὁ
834 5256 1045 5321 Παῦλος
1079 5254 1208 5323 οἶδε,
1243 5260 1336 5312 καὶ
1365 5259 1464 5328 τὴν
1500 5257 1618 5310 δια-

1720 4622 1841 4661 rum
1875 4626 1889 4662 :
1924 4607 2209 4677 oportebat
2239 4605 2406 4671 enim,
2455 4611 2513 4658 ut
2544 4619 2611 4659 ex
2648 4602 2940 4673 principiis
2983 4613 3297 4656 sermonem

1719 4703 2050 4758 teneremus.
2080 4694 2211 4750 Post
2237 4709 2380 4764 quae,
2430 4692 2528 4764 qui
2563 4707 2706 4763 pone
2754 4691 3058 4762 gradiatur,
3097 4704 3295 4744 conse-

1723 4789 1996 4843 cutionem
2047 4796 2102 4842 et
2152 4793 2479 4842 concentum
2535 4798 2850 4840 sermonum
2906 4798 2973 4837 ex
3021 4781 3302 4837 universis

1723 4878 2036 4949 Evangeliis
2057 4877 2344 4948 intelligat.

1791 5167 1930 5234 Quia
1961 5181 2088 5220 vero
2126 5167 2291 5222 etiam
2329 5165 2562 5236 apostoli
2610 5165 2845 5221 ministri
2879 5162 3155 5236 Evangelii
3192 5171 3300 5232 sty-

1721 5260 1830 5314 lum
1875 5259 2246 5330 evangelicum
2285 5267 2527 5324 servant,
2574 5269 2628 5314 et
2669 5257 2875 5314 Paulus
2919 5270 3137 5328 quoque
3169 5268 3298 5311 eum

113 5407 162 5482 ’Ῐ
201 5406 372 5465 Ππθ·
400 5423 454 5482 .1,-
490 5411 551 5482 5:
616 5412 660 5446 ”
701 5385 891 5467 Matth.
928 5428 978 5478 ι,
1020 5412 1071 5467 l.
1144 5414 1190 5445 "
1229 5412 1362 5469 Luc.
1400 5430 1428 5467 ι
1454 5457 1467 5480 ,
1510 5412 1592 5468 l6.
1673 5415 1718 5446 ³³
1753 5412 1833 5468 Jo:

1753 5412 1912 5470 Joan.
1950 5430 2004 5480 v,
2041 5413 2131 5469 46.
2207 5414 2254 5447 ’⁸
2289 5412 2448 5470 Joan.
2485 5431 2536 5482 ι,
2569 5413 2624 5479 6,
2659 5413 2707 5466 7.
2785 5414 2830 5444 ’⁵
2869 5410 3002 5467 Luc.
3039 5423 3167 5475 ινι,
3203 5404 3304 5463 16'.

41 5481 89 5512 ’⁸
131 5477 268 5532 Luc.
305 5496 356 5545 ι,
390 5477 579 5536 Ξὸοὗὸ.

113 5599 230 5670 (5t)
276 5601 394 5675 ζῆν
417 5601 611 5671 αὐτὴν
630 5603 859 5672 φωνήν.
897 5601 1098 5660 Eadem
1126 5617 1278 5670 voce,
1307 5602 1481 5674 patris
1542 5602 1771 5673 scilicet,
1829 5625 1833 5653 ι

1742 5609 1771 5673 t,
1829 5603 1958 5675 quia
2023 5599 2192 5656 David
2227 5607 2437 5671 patrem
2467 5595 2672 5655 Christi
2712 5592 2928 5650 vocavit
2981 5590 3125 5648 sicut
3158 5585 3305 5644 Mat—-

41 5670 240 5730 theseus.
279 5669 452 5727 Tuan.
