3782 6166
457 273 527 332 12
536 274 596 331 ιε

1578 272 1714 331 TITI
1751 271 2182 331 BOSTRENSIS
2220 271 2525 329 EPISCOPI

3565 270 3782 333 1εὲοῖ

452 393 630 458 novit,
662 400 716 447 et
748 393 1108 449 ministerium
1155 396 1472 466 passionum
1514 410 1739 450 suarum
1780 395 1833 449 in
1872 410 1971 465 par

2134 396 2313 447 κονίαν
2341 392 2531 448 ἑαυτοῦ
2565 390 2673 445 τῶν
2700 392 3038 464 παθημάτων
3080 394 3138 446 έν
3180 392 3336 464 μέρει
3371 392 3691 462 Εὐαγγελξου

451 482 731 555 Evangelii
757 486 979 541 metitur
997 487 1076 553 ²⁷;
1131 488 1209 541 ait
1237 488 1380 541 enim
1412 506 1426 541 :
1461 487 1758 543 Secundum
1796 487 2033 559 Evange-

452 575 587 631 lium
604 593 774 630 meum
800 592 892 645 per
922 576 1103 631 Jesum
1133 576 1475 645 Christum“,
1520 596 1622 635 nos
1665 596 1843 651 neque
1880 585 2032 651 prin-

449 675 596 745 cipia
626 674 872 744 Apustoli
919 677 1401 745 praetermittemus
1433 696 1446 731 :
1481 677 1615 747 quin
1662 678 1753 731 illa
1790 693 2031 734 comme-

449 780 729 821 moremus
761 774 819 821 ut
845 782 1036 821 omnes
1057 764 1386 838 Scripturas,
1408 778 1461 823 et
1482 770 1743 840 principia
1778 770 2028 841 Scriptu-

448 870 635 909 rarum
689 865 1087 925 percurrentes,
1129 874 1235 912 una
1283 874 1473 913 eorum
1532 874 1664 915 voce
1704 861 1875 931 legem
1913 863 2030 919 dis-

448 961 762 1015 pensemus.
812 946 1073 1004 Scribens
1106 950 1273 1019 igitur
1302 948 1543 1006 liebraeis
1577 954 1657 1006 sic
1693 953 1769 1006 ait
1808 972 1819 1007 :
1851 954 2033 1009 Mutti-

448 1038 646 1106 fariam
682 1039 960 1111 multisque
996 1041 1167 1094 modis
1195 1041 1321 1095 olim
1371 1042 1506 1097 Deus
1546 1045 1758 1115 loquens
1784 1047 2025 1117 patribus

442 1128 502 1181 in
521 1129 805 1197 prophetis,
832 1132 1110 1186 novissime
1138 1132 1326 1188 diebus
1366 1136 1485 1189 istis
1514 1136 1719 1191 locutus
1757 1146 1837 1191 est
1876 1139 2027 1194 nobis

446 1218 500 1270 in
529 1216 692 1281 Filio,
719 1236 870 1290 quem
911 1224 1182 1276 constituit
1223 1224 1477 1278 hwredem
1521 1228 1905 1295 universorum,
1937 1246 2029 1299 per

445 1325 595 1378 quem
628 1321 678 1364 et
698 1313 896 1366 swcula
928 1314 1119 1383 fecit".
1157 1315 1271 1370 Hoc
1302 1318 1357 1370 in
1385 1320 1504 1372 loco
1531 1317 1747 1375 Patrem
1775 1320 1899 1375 Filii
1929 1339 2024 1377 co-

445 1403 651 1471 gnovit,
717 1416 771 1460 et
810 1405 1021 1462 Patrem
1062 1407 1182 1463 Filii
1220 1425 1581 1481 cognoscens,
1637 1430 1746 1469 non
1791 1418 2027 1485 partitur

445 1510 583 1558 rem.
615 1512 723 1551 non
760 1506 902 1553 tacet
934 1501 1000 1555 de
1029 1503 1291 1573 antiquis,
1337 1520 1445 1558 non
1475 1507 1701 1561 ascribit
1727 1508 1864 1563 alios
1907 1524 2028 1578 pro-

442 1585 658 1654 phetas,
711 1590 806 1645 sed
861 1591 1025 1648 Deum
1081 1593 1492 1663 prOphetarum,
1529 1604 1582 1650 et
1624 1595 1839 1653 Patrem
1874 1596 2020 1655 Filii.

441 1673 646 1733 Paulus
682 1694 788 1733 non
819 1681 1052 1750 partitus
1083 1690 1189 1747 est,
1224 1700 1401 1755 neque
1444 1686 1664 1755 divisit;
1700 1688 1811 1742 imo
1848 1697 2023 1743 totum

2133 490 2352 558 μετρεῖ·
2411 486 2543 558 φησὶ
2582 485 2710 557 γάρ’
2757 485 2916 539 Κατὰ
2960 485 3028 538 τὸ
3069 485 3439 555 Euan-elidi“
3464 502 3579 555 μου
3604 484 3695 539 διὰ

2142 578 2338 647 Ἰησοῦ
2378 576 2633 646 Χριστοῦ
2654 593 2667 607 ο
2706 576 2864 646 ἡμεῖς
2898 576 3031 647 μηδὲ
3068 576 3165 640 τὰς
3208 576 3383 648 ἀρχὰς
3412 576 3503 630 τοῦ
3542 577 3694 633 Ἀπο-

2131 670 2318 723 στόλου
2357 656 2816 743 παραλείψωμεν,
2870 668 3007 722 ἀλλὰ
3053 670 3322 723 κάκείνων
3361 673 3441 734 είς
3486 673 3693 743 μνήμην

2130 760 2403 831 ἔλθωμεν,
2451 762 2559 825 ἵνα,
2603 761 2780 824 πάσας
2821 760 2919 821 τὰς
2963 761 3185 832 Γραφὰς
3227 763 3321 816 καὶ
3366 763 3537 835 ἀρχὰς
3592 765 3695 817 τῶν

2127 853 2360 925 Γραφῶν
2384 853 2763 925 παρελθόντες,
2806 856 2873 924 τῇ
2920 855 3199 927 όμοφωνίᾳ
3240 855 3334 909 τοῦ
3368 857 3530 927 νόμου
3561 859 3699 911 obso-

2127 945 2473 1015 νομήσωμεν.
2502 944 2732 1015 Γράφων
2777 944 2874 1015 μὲν
2921 947 3032 1008 τοῖς
3073 945 3362 1016 Ἑϐραίοις,
3405 945 3573 1010 οὕτως
3611 947 3700 999 lio

2128 1051 2242 1102 γει’
2286 1035 2644 1104 Πολυμερῶς
2691 1038 2789 1091 καὶ
2831 1038 3222 1105 πολυτρόπως
3259 1037 3445 1091 πάλαι
3484 1043 3517 1093 o'
3559 1041 3700 1105 Θεὸς

2126 1126 2410 1203 λαλήσας
2446 1127 2570 1194 τοῖς
2603 1128 2900 1197 πατράσιν
2931 1128 3002 1181 ἐν
3040 1127 3165 1194 τοῖς
3211 1129 3561 1198 προφήταις,
3605 1130 3698 1183 ἐπ’

2125 1218 2399 1286 ἐσχάτων
2427 1220 2546 1273 τῶν
2586 1222 2819 1290 ἡμερῶν
2859 1223 3084 1274 τούτων
3120 1221 3425 1290 ἐλάλησεν
3458 1222 3601 1292 ἡμῖν
3629 1225 3704 1276 ἐν

2135 1309 2265 1374 mp,
2302 1310 2373 1364 ὃν
2403 1310 2580 1379 ἔθηκε
2612 1316 2987 1382 κληρονόμον
3036 1313 3295 1376 πάντων,
3356 1312 3433 1366 δι’
3483 1309 3556 1368 οὗ
3602 1314 3705 1367 καὶ

2125 1400 2375 1467 ἐποίησε
2402 1403 2542 1467 τοὺς
2574 1402 2794 1470 αἰῶνας
2812 1421 2825 1434 ·
2863 1404 3095 1458 ἐνταῦθα
3127 1404 3343 1476 Πατέρα
3367 1400 3507 1458 οἶδεν
3534 1405 3665 1457 Υἱοῦ
3685 1423 3700 1435 ο

2127 1498 2219 1550 καὶ
2257 1497 2476 1569 Πατέρα
2523 1499 2879 1569 ἐπιστάμενος
2932 1498 3077 1563 Υἰοῦ,
3104 1499 3165 1551 οὐ
3206 1498 3412 1570 μερίζει
3456 1498 3518 1551 τό
3563 1501 3705 1570 πρᾶ-

2124 1605 2260 1659 γμα,
2292 1588 2355 1641 οὑ
2388 1590 2566 1660 σιωπᾷ
2605 1591 2732 1661 περὶ
2767 1589 2874 1642 τῶν
2904 1589 3166 1653 παλαιῶν,
3195 1590 3254 1643 οὺ
3285 1591 3570 1661 προφήτας
3594 1591 3708 1643 ἐτέ-

2129 1696 2251 1749 ρους
2283 1681 2643 1752 προσγράφει,
2687 1680 2820 1734 ἀλλὰ
2853 1681 2985 1735 Θεὸν
3013 1682 3326 1754 προφητῶν,
3359 1682 3455 1735 καὶ
3482 1683 3705 1755 Πατέρα

442 1768 723 1838 praedicat,
739 1771 890 1824 illum
924 1773 1143 1843 quidem
1167 1790 1198 1828 a
1233 1776 1511 1846 prophetis
1534 1780 1842 1844 adoratum,
1865 1780 1972 1835 huu

2134 1771 2253 1824 Υἱοῦ
2274 1788 2289 1804 ο
2324 1775 2419 1826 καὶ
2456 1775 2484 1827 6
2515 1773 2612 1843 μὲν
2644 1772 2854 1837 Παῦλος
2891 1775 2951 1827 οὐ
2987 1774 3301 1845 μεμέρικεν,
3329 1772 3453 1827 οὔτε
3484 1774 3701 1857 διεῖλεν⁹

439 1877 572 1916 vero
603 1871 759 1932 partu
790 1864 1031 1931 editum;
1079 1873 1243 1936 atque
1304 1868 1469 1938 hujus
1507 1870 1728 1939 quidem
1771 1873 2010 1941 Patrem,

439 1954 535 2023 qui
566 1955 689 2009 illos
722 1955 910 2011 habuit
961 1959 1301 2024 adoratores,
1328 1969 1383 2015 et
1428 1962 1532 2017 sibi
1580 1966 1875 2035 supplices.
1915 1968 2018 2025 Cui

436 2047 584 2100 enim
619 2049 895 2118 supplices
919 2059 1048 2105 sunt
1079 2053 1154 2106 illi
1182 2054 1481 2125 prophetae,
1519 2056 1684 2127 hujus
1726 2057 1896 2117 Filius
1935 2073 2017 2118 est

432 2137 712 2195 Christus.
750 2139 806 2195 Si
836 2152 1014 2198 autem
1043 2142 1243 2199 Filium
1281 2147 1544 2215 bonoras,
1597 2166 1693 2206 eos
1739 2168 1871 2208 vero
1921 2156 2016 2225 qui

437 2230 587 2285 Patri
607 2233 936 2303 supplicant,
958 2251 1191 2292 accusas
1211 2252 1265 2293 et
1280 2240 1545 2296 conviciis
1577 2242 1891 2311 insectaris,
1918 2262 2014 2304 ore

434 2320 597 2377 effers
635 2339 757 2393 quae
781 2324 863 2380 vis
902 2343 915 2379 :
946 2337 1236 2382 succenset
1257 2326 1461 2394 Filius;
1505 2344 1614 2384 non
1646 2333 1850 2400 patitur
1875 2348 2013 2389 con-

399 2412 411 2422 ’
438 2416 661 2472 tumelia
697 2416 909 2471 Patrem
941 2417 1093 2477 allici.
1157 2417 1213 2474 Si
1248 2421 1395 2475 enim
1429 2420 1591 2478 Pater
1622 2421 1747 2478 Filii
1780 2425 2014 2482 inhono-

436 2509 706 2563 rationem
737 2523 891 2562 suam
921 2509 1095 2573 ducit,
1145 2518 1352 2580 quanto
1387 2513 1560 2583 magis
1610 2511 1781 2570 Filius
1818 2525 2013 2573 contu-

435 2602 650 2656 meliam
681 2600 863 2657 Patris
884 2602 1148 2658 vilitatem
1182 2618 1339 2658 suam
1367 2618 1490 2660 esse
1519 2606 1833 2676 reputabit?

2120 1862 2234 1916 ἀλλ’
2287 1863 2385 1917 ἕνα
2430 1864 2462 1934 ἢ
2508 1863 2599 1916 τὸν
2643 1864 2804 1917 αὑτὸν
2860 1863 3139 1935 κηρύττει,
3192 1864 3282 1917 ἐπ’
3328 1864 3553 1918 ἐκείνων
3602 1866 3703 1936 μὲν

2120 1954 2583 2027 προσκυνηθεᾮτα,
2633 1955 2820 2010 τοῦτον
2867 1956 2924 2009 δὲ
2972 1955 3340 2010 τεκνωθέντα”
3373 1957 3467 2010 καὶ
3508 1957 3701 2010 τούτου

2122 2048 2221 2121 μὲν
2243 2050 2556 2120 γεννήτορα,
2584 2048 2813 2111 ἐκείνοις
2836 2048 2893 2101 δὲ
2916 2051 3316 2119 προσκυνηταῑς
3340 2049 3435 2101 καί
3460 2049 3703 2113 οἰκέταις

2120 2140 2462 2211 χρησάμενον
2480 2158 2493 2172 ·
2527 2132 2589 2195 οὗ
2621 2139 2729 2210 γάρ
2759 2141 2893 2193 εἰσιν
2928 2139 3134 2193 οἰκέται
3157 2142 3207 2193 οἱ
3232 2140 3510 2210 προφῆται
3530 2181 3547 2204 ,
3574 2142 3702 2194 τοῦ·

2120 2249 2213 2285 του
2244 2231 2394 2301 ἐστὶν
2415 2231 2541 2295 Υἱὸς
2563 2232 2592 2283 ό
2628 2230 2883 2302 Χριστός.
2912 2232 2974 2284 El
3002 2230 3057 2284 δὲ
3085 2231 3176 2284 τὸν
3208 2230 3335 2284 Υἰδν
3361 2233 3550 2303 τιμᾷς,
3574 2235 3703 2295 τοὺς

2116 2321 2171 2376 δὲ
2227 2321 2441 2386 οἰκέτας
2481 2321 2785 2386 διαϐάλλεις
2834 2323 2931 2376 καὶ
2989 2322 3282 2390 λοιδορεῖς,
3334 2323 3415 2394 τῷ
3468 2324 3701 2393 στόματι

2117 2414 2327 2486 φθέγγῃ
2361 2413 2397 2468 ἃ
2433 2413 2644 2484 βούλει·
2683 2416 2838 2485 ὁρᾷς,
2880 2414 2967 2467 ὅτι
3004 2414 3302 2482 ἀγανακτεί
3339 2417 3368 2469 6
3412 2414 3567 2478 Υἱός·
3598 2417 3702 2469 οὐκ

2117 2506 2366 2577 ἀνέχεται
2404 2506 2616 2578 Πατρὸς
2656 2506 3032 2578 ὑδριζομένου.
3070 2509 3134 2562 El
3174 2506 3285 2579 γὰρ
3314 2510 3344 2561 6
3380 2508 3573 2579 Πατὴρ
3598 2508 3703 2578 τὴν

2114 2596 2209 2651 τοῦ
2252 2598 2381 2652 nos
2432 2592 2656 2670 ἀτιμίαν
2703 2598 2838 2652 ίδίαν
2888 2598 3110 2669 ἀτιμίαν
3155 2598 3496 2666 λελόγισται,
3549 2600 3703 2668 πόσῳ

2125 2690 2323 2762 μᾶλλον
2358 2693 2388 2745 6
2422 2691 2549 2755 Υἱὸς
2574 2690 2670 2762 τὴν
2702 2690 2799 2744 τοῦ
2841 2691 3053 2763 Πατρὸς
3080 2690 3236 2763 ῦ6ριν
3264 2691 3401 2746 ίδίαν
3422 2691 3703 2746 εὐτέλειαν

2120 2781 2377 2852 λογιεῖται
2400 2801 2416 2850 ;

1031 2871 1161 2926 Car.
1203 2870 1267 2926 V.
1309 2871 1487 2928 ναι-ἕω
1512 2872 1736 2929 haereses
1759 2874 1905 2929 circa
1940 2875 2128 2947 legem.
2153 2879 2283 2934 Tres
2320 2876 2558 2933 hwretici
2588 2877 3089 2949 legemuituperant.

498 2985 612 3066 Sed
663 2995 722 3041 ut
770 2987 975 3043 sensim
1032 2996 1340 3059 pergentes,
1382 2989 1648 3059 paulatim
1699 2990 1774 3065 ad.
1815 2990 1972 3046 erube

2188 2992 2306 3047 Ἵνα
2352 2992 2409 3045 δὲ
2449 2993 2564 3057 καὶ,
2610 2994 2726 3046 κατ’
2763 2992 2941 3061 ὀλίγον
2987 2990 3296 3061 φοιτῶντες,
3339 2993 3483 3047 κατὰ
3521 2992 3700 3066 βραχῦ

435 3062 699 3135 scendum
730 3079 1144 3150 compellamus,
1183 3079 1265 3134 sic
1302 3079 1684 3150 aggrediemur
1718 3062 1972 3151 argumen

2134 3084 2549 3154 ῑυσωπήσωμεν,
2576 3083 2748 3147 οὕτως
2782 3083 3207 3155 ὲπιχειρίσωμεν
3233 3101 3246 3112 ·
3274 3083 3337 3136 El
3378 3062 3581 3138 850576

432 3174 538 3227 tari
571 3192 583 3228 :
623 3169 677 3225 Si
710 3170 811 3226 Dei
844 3179 928 3225 est
952 3171 1060 3231 lex.
1109 3184 1280 3241 quare
1310 3170 1480 3241 legem
1510 3185 1621 3225 non
1651 3171 1881 3226 tenent?
1913 3169 1969 3226 Si

2134 3193 2240 3241 1.0;,
2276 3175 2417 3230 διατι
2459 3177 2519 3229 οὐ
2564 3177 2957 3248 παραδέχονται
2999 3176 3090 3230 τὸν
3130 3176 3330 3245 νόμον;
3372 3177 3439 3229 Et
3486 3176 3549 3231 δὲ
3587 3178 3706 3231 δια-

426 3273 563 3320 vero
614 3266 787 3335 legem
831 3263 1164 3329 criminaris,
1217 3262 1376 3330 cujus
1434 3263 1599 3318 verba
1657 3278 1721 3318 ac
1766 3277 1872 3317 vox
1926 3263 1972 3320 le

2134 3265 2328 3331 ἲάλλεις
2372 3264 2463 3321 τὸν
2507 3267 2688 3338 νόμον,
2739 3269 2884 3332 τίνος
2931 3270 3151 3340 ῥήματα
3191 3270 3282 3323 καὶ
3332 3269 3489 3342 φωνὴ
3548 3272 3579 3324 ὁ
3616 3274 3701 3325 νό-

428 3357 559 3412 est?
588 3357 745 3425 cujus
779 3362 1067 3424 potestate,
1109 3370 1232 3425 quae
1273 3356 1477 3425 scripta
1518 3361 1668 3419 sunt,
1716 3355 1894 3409 locuta
1927 3369 1972 3410 es

2134 3362 2254 3424 1.0;;
2301 3357 2447 3421 τίνος
2493 3357 2721 3429 δυνάμει
2766 3357 2838 3411 τὰ
2883 3360 3242 3430 γεγραμμένα
3279 3360 3433 3429 παρὰ
3482 3360 3585 3415 τοῦ
3618 3363 3709 3414 v6-

431 3449 563 3504 lex?
594 3447 691 3502 llic
713 3449 925 3518 partitae
970 3455 1098 3501 sunt
1122 3447 1359 3502 haereses
1390 3488 1405 3512 ,
1447 3462 1547 3501 nec
1566 3448 1679 3517 jam
1700 3461 1810 3501 uno
1847 3447 1972 3517 mod

2134 3468 2215 3503 ιου
2242 3450 2566 3522 λελάληται;
2608 3451 2871 3505 Ἐνταῦθα
2916 3451 3026 3522 γὰρ
3069 3452 3126 3504 αἱ
3163 3451 3401 3522 αἱρέσεις
3430 3452 3707 3526 διαιροῦν·

430 3542 886 3605 sermocinantes,
914 3542 1013 3596 sed
1055 3540 1159 3595 sibi
1210 3548 1574 3611 repugnantes
1618 3557 1631 3593 :
1666 3554 1729 3593 ac
1780 3537 2012 3594 Valenti-

428 3635 579 3689 niani
619 3635 836 3704 quidem
871 3635 972 3700 sic,
1000 3633 1280 3687 Manichaei
1312 3649 1441 3687 vero
1461 3634 1640 3702 aliter,
1687 3648 1847 3690 secus
1871 3634 2009 3688 Mar-

427 3729 575 3782 cion.
613 3726 804 3797 Sputa,
832 3743 941 3781 non
962 3728 1126 3781 verba
1155 3727 1534 3781 testimonium
1565 3736 1692 3783 sunt
1719 3734 1911 3782 contra
1935 3729 2007 3783 le-

427 3834 572 3891 gem.
619 3817 988 3873 Valentiniani
1014 3818 1256 3888 quidem,
1316 3815 1531 3885 Justus,
1584 3819 1859 3889 inquiunt,
1890 3830 2007 3875 erat

360 3974 365 3983 ι
428 3911 572 3967 Deus
604 3911 759 3981 legis;
796 3919 848 3965 et
864 3910 1198 3979 cumjustus
1214 3915 1504 3973 esset,non
1528 3918 1645 3964 erat
1668 3908 1830 3964 Pater
1849 3909 2001 3965 Filii.

422 4001 606 4069 Jesus,
655 4003 928 4074 inquiunt,
958 4002 1153 4067 bonus,
1196 4002 1373 4056 bonus
1399 4010 1579 4055 autem
1611 4009 1665 4055 et
1700 4000 1902 4069 Pater;
1939 4017 2004 4057 ac

423 4093 587 4151 Pater
620 4096 839 4165 quidem
863 4096 1039 4150 bonus
1068 4110 1083 4160 ;
1111 4101 1165 4150 et
1192 4095 1393 4149 bonum
1427 4093 1571 4165 quod
1600 4094 1842 4164 genitum
1874 4103 1956 4148 est
1984 4111 2000 4161 ;

424 4189 568 4246 Deus
596 4199 727 4244 vero
774 4189 909 4259 legis
970 4187 1173 4257 justus.
1241 4186 1444 4242 Taliter
1495 4186 1827 4241 disserentes
1888 4200 1995 4239 non

424 4283 824 4347 intellexerunt,
843 4282 1056 4352 qualem
1077 4279 1453 4335 habitudinem
1472 4279 1666 4333 habeat
1692 4278 1901 4348 justum
1932 4277 2000 4331 ad

2108 3561 2218 3608 ται,
2278 3544 2371 3597 καὶ
2421 3545 2604 3598 οὐκέτι
2661 3546 2821 3615 ὃμοια
2881 3543 3250 3611 διαλέγονται·
3304 3544 3423 3598 ἀλλ’
3470 3547 3707 3610 ἑαυταῖς

2112 3638 2412 3707 μαχόμενα·
2445 3637 2538 3690 καὶ
2582 3635 3011 3690 Οὑαλεντινιανοὶ
3066 3636 3162 3707 μὲν
3205 3628 3306 3689 ὧδε
3329 3675 3343 3702 ,
3399 3638 3706 3709 Μανιχαῖοι

2108 3723 2245 3794 ὧδε,
2278 3729 2502 3800 ἑτέρωθι
2547 3729 2604 3783 δὲ
2651 3731 2937 3801 Μαρκίων.
2990 3728 3308 3800 Πτῦσματα,
3344 3735 3440 3783 καὶ
3494 3733 3563 3785 οῦ
3612 3734 3707 3804 ῥή-

2110 3838 2254 3892 ματα
2306 3820 2448 3874 κατὰ
2495 3819 2589 3872 τοῦ
2633 3821 2797 3892 νόμου
2849 3820 3182 3893 μαρτυροῦσι
3207 3840 3221 3853 ο
3270 3824 3362 3875 καὶ
3404 3825 3707 3879 Οῦαλεντι-

2106 3912 2276 3966 νιανοὶ
2315 3913 2433 3982 μὲν,
2485 3912 2725 3977 Δίκαιος,
2761 3914 2940 3982 φασὶν,
2982 3908 3049 3983 ἧν
3094 3916 3123 3967 6
3159 3910 3251 3967 τοῦ
3299 3914 3466 3985 νόμον
3521 3915 3702 3982 8:6;-

2106 4005 2201 4058 καὶ
2245 4005 2447 4070 δίκαιος
2494 4003 2603 4071 ὣν,
2646 4006 2708 4058 οὐ
2767 4003 2954 4076 Πατὴρ
3001 4001 3069 4076 ἦν
3120 4005 3215 4060 τοῦ
3257 4004 3411 4060 Υίοῦ.
3458 4008 3702 4079 Ἰησοῦς,

2106 4098 2267 4167 φασὶν
2294 4138 2308 4162 ,
2366 4097 2600 4166 ἀγαθός·
2670 4096 2874 4167 ἀγαθὸς
2915 4096 2973 4149 δὲ
3030 4096 3124 4150 καὶ
3172 4098 3201 4149 6
3244 4097 3475 4170 Πατήρο
3523 4100 3623 4154 καὶ
3673 4102 3705 4152 ὀ

2107 4191 2205 4263 μὲν
2243 4190 2336 4244 τοῦ
2375 4189 2506 4245 Υἱοῦ
2554 4190 2743 4262 Πατὴρ
2791 4189 3028 4259 ἀγαθὸς,
3067 4189 3161 4244 καὶ
3209 4190 3416 4259 ἀγαθὸν
3455 4203 3524 4245 το
3572 4210 3704 4262 γεν-

2103 4284 2362 4355 νώμενον,
2398 4287 2426 4338 6
2457 4285 2514 4338 δὲ
2537 4282 2632 4337 τοῦ
2663 4284 2829 4354 νόμου
2857 4283 3082 4347 δίκαιοςο
3119 4284 3215 4337 καὶ
3244 4283 3477 4337 τοιαῦτα
3514 4285 3699 4338 8:11:-

420 4377 657 4443 bonum;
689 4389 866 4445 neque
914 4374 982 4429 de
1031 4389 1097 4428 eo
1128 4374 1536 4444 cogitaverunt,
1585 4372 1731 4441 quod
1785 4371 1832 4425 si
1868 4371 1972 4440 Qlllt

2134 4377 2341 4447 ¹όμενοι,
2376 4377 2493 4431 οἵαν
2524 4377 2708 4447 σχέσιν
2740 4376 2801 4429 τὸ
2833 4376 3036 4430 δίκαιον
3071 4375 3206 4447 πρὸς
3241 4375 3303 4429 τὸ
3336 4376 3553 4444 ἀγαθὸν
3582 4376 3699 4447 εχει

414 4469 654 4539 justum,
683 4476 768 4523 est
794 4477 847 4523 et
878 4466 1116 4531 bonum;
1147 4473 1201 4519 et
1255 4465 1301 4519 si
1353 4463 1483 4534 quid
1539 4463 1779 4528 bonum,
1828 4470 1972 4539 est'e

2134 4445 2474 4540 ὐὴνενοήκασι
2494 4486 2507 4498 ·
2660 4469 2763 4533 ὅτι,
2795 4468 2924 4521 εἴτι
2952 4445 3180 4533 δίκαιον,
3211 4469 3306 4521 καὶ
3332 4469 3574 4537 ἀγαθὸν,

414 4562 651 4631 justum.
678 4551 814 4616 Cum
843 4568 1022 4615 autem
1052 4558 1366 4627 hujusmodi
1398 4557 1760 4628 cogitationes
1806 4556 1994 4611 conci-

418 4660 549 4723 pere
575 4668 685 4707 non
716 4653 1010 4722 potuerint,
1039 4651 1143 4705 hoc
1188 4649 1366 4705 solum
1406 4665 1502 4705 eos
1534 4648 1941 4718 interrogemus
1978 4666 1992 4703 :

421 4739 480 4799 Si
503 4745 687 4816 justus
714 4752 797 4798 est
824 4741 967 4797 Deus
997 4742 1150 4811 legis,
1186 4748 1372 4795 etnon
1403 4746 1489 4795 est
1522 4737 1685 4794 Pater
1708 4737 1855 4803 Filii,
1880 4753 1994 4793 non

415 4841 505 4890 est
535 4832 721 4902 justus
748 4831 907 4887 Jesus
935 4849 948 4884 :
984 4837 1039 4885 ct
1074 4829 1350 4899 quomodo
1376 4828 1649 4898 justitiam
1685 4842 1714 4880 a
1740 4826 1879 4881 Filio
1907 4843 1997 4882 re-

414 4926 724 4999 quirimus?
751 4926 797 4981 si
832 4941 941 4979 non
963 4933 1047 4979 est
1070 4923 1284 4994 genitus
1320 4937 1351 4976 a
1373 4923 1547 4992 justo,
1584 4921 1863 4992 quomodo
1899 4920 1994 4991 ju-

414 5016 595 5074 dicat?
625 5015 900 5087 quomodo
925 5015 1132 5083 judicio
1172 5013 1456 5068 decernit?
1509 5012 1783 5082 quomodo
1842 5025 1995 5066 com-

412 5107 644 5163 missum
669 5113 753 5161 est
776 5104 826 5159 ei
863 5119 894 5157 a
938 5102 1099 5158 Patre
1128 5102 1400 5158 tribunal?
1450 5100 1729 5173 quomodo
1769 5099 1990 5155 unicui-

411 5214 518 5270 que
547 5197 726 5254 reddit
754 5196 1058 5251 secundum
1087 5210 1251 5265 opera
1279 5195 1416 5249 sua?
1471 5193 1746 5264 quomodo
1796 5207 1986 5247 verum

409 5299 494 5346 est
522 5288 668 5361 quod
692 5288 768 5341 ait
800 5285 1038 5342 Paulus:
1090 5284 1168 5341 Iis
1214 5287 1305 5356 qui
1337 5288 1620 5340 secundum
1668 5285 1980 5353 patientiam

410 5380 532 5436 boni
572 5379 742 5450 operis
782 5378 1010 5449 gloriam
1053 5386 1102 5432 et
1144 5376 1391 5431 honorem
1441 5384 1491 5431 et
1540 5375 1985 5444 incorruptionem

2103 4558 2157 4612 εἴ
2180 4576 2233 4611 τι
2266 4558 2490 4627 ἀγαθὸν,
2509 4558 2737 4621 δίκαιον,
2767 4559 2872 4611 οὐδ’
2900 4560 2957 4610 ὲν
2988 4557 3257 4629 φαντασίᾳ
3283 4557 3575 4630 εἰλήφασι.
3604 4560 3699 4630 Μὴ

2100 4648 2386 4720 δυνάμενοι
2422 4649 2479 4703 δὲ
2519 4650 2776 4712 τοιαύτας
2809 4651 3107 4720 φαντασίας
3129 4650 3296 4720 ἔχειν,
3333 4651 3502 4706 τοῦτο
3532 4652 3701 4722 μόνον

2101 4739 2518 4811 ἑρωτάσθωσαψ
2545 4741 2608 4794 El
2642 4739 2848 4805 δίκαιος
2886 4744 2915 4795 6
2947 4740 3042 4794 τοῦ
3072 4740 3237 4812 νόμου
3269 4741 3428 4806 Θεὸς,
3465 4746 3575 4798 καὶ
3596 4745 3701 4798 οὐκ

2100 4828 2216 4882 ἔστι
2248 4831 2438 4903 Πατὴρ
2470 4831 2563 4884 τοῦ
2587 4831 2739 4895 Υίοῦ,
2767 4833 2869 4885 οὐκ
2899 4831 3015 4884 ἐστι
3036 4831 3241 4895 δίκαιος
3267 4835 3296 4886 6
3334 4833 3584 4905 Ἰησοῦς·
3604 4836 3703 4888 καὶ

2097 4921 2215 4986 πῶς
2255 4923 2354 4995 τὴν
2396 4922 2737 4993 δικαιοσύνην
2769 4923 2878 4977 ἀπὸ
2907 4922 3001 4976 τοῦ
3034 4922 3162 4976 Υίοῦ
3196 4923 3592 4995 ἁπαιτοῦμενς
3640 4927 3701 4978 Εἰ

2094 5013 2156 5065 οὐ
2185 5013 2506 5084 γεγέννηται
2538 5013 2647 5066 ἀπὸ
2676 5013 2771 5066 τοῦ
2800 5013 3031 5078 δικαίου,
3061 5013 3180 5072 πῶς
3205 5013 3425 5086 κρίνεις
3456 5016 3591 5079 πῶς
3622 5014 3705 5068 δι-

2094 5103 2251 5169 κάζει
2274 5120 2288 5169 ;
2323 5105 2439 5167 πῶς
2466 5105 2527 5157 τὸ
2559 5103 2710 5174 βῆμα
2738 5105 3138 5176 ἐγκεχείρισται
3165 5104 3275 5158 ἀπὸ
3300 5104 3400 5158 τοῦ
3435 5107 3701 5174 [lat-96;:

2095 5195 2212 5258 πῶς
2232 5196 2448 5266 ἑκάστῳ
2472 5196 2759 5249 ἀποδίδωσι
2789 5196 2924 5267 πρὸς
2952 5195 2987 5249 ἃ
3009 5194 3245 5268 inpage;
3275 5195 3397 5259 πῶς
3426 5196 3701 5267 ἀληθεύει

2094 5284 2328 5351 Παῦλος,
2363 5285 2565 5362 λέγων,
2621 5287 2749 5353 Τοῖς
2786 5287 2903 5357 μὲν
2952 5288 3080 5342 καθ’
3132 5287 3457 5357 ὑπομονὴν
3511 5290 3701 5356 ἔργον

2092 5376 2317 5445 ἀγαθοῦ
2345 5373 2586 5445 ζητοῦσι
2610 5376 2764 5447 ζὶυὴν
2791 5377 3048 5433 αἰώνιον·
3079 5378 3192 5451 (55)
3217 5380 3247 5431 6
3291 5377 3428 5442 Θεὸς
3489 5394 3699 5448 away.

478 5536 523 5567 "’
560 5537 773 5593 Coloss.
812 5554 859 5601 ι,
892 5534 983 5589 24.
1060 5536 1107 5567 ’⁸
1145 5533 1302 5590 Rom.
1338 5550 1414 5600 ιι,
1452 5532 1537 5588 16.
1617 5534 1663 5566 ⁸³
1705 5532 1868 5591 Hebr.
1933 5551 1988 5598 ι,
2025 5533 2076 5598 l,
2111 5532 2167 5586 2.

478 5646 597 5770 (ὅδὲ
632 5650 696 5701 '0
711 5650 854 5716 Θεὸς
880 5638 1165 5720 συνεργεῖ
1185 5653 1271 5715 εὶς
1298 5650 1544 5720 ἀγαθόν.
1578 5648 1635 5702 1η
1661 5656 1807 5703 textu
1832 5647 1972 5701 Pau-

406 5726 520 5770 ωιυ
600 5732 709 5770 om.
752 5735 811 5770 ιι.
852 5720 965 5770 7-9.
1014 5728 1122 5770 n’on
1156 5730 1372 5770 exstant
1415 5723 1524 5770 haec
1562 5720 1724 5770 verba
1755 5739 1768 5770 :
1798 5735 1972 5770 nenue

2079 5662 2141 5703 ea
2173 5663 2305 5703 sane
2329 5648 2547 5719 legebat
2583 5647 2873 5718 interpres.
2904 5644 3059 5713 Quin
3093 5653 3163 5719 et,
3184 5647 3525 5719 importuna
3562 5648 3697 5719 huic

600 5732 709 5774 om.
752 5735 811 5774 ιι.
852 5720 965 5776 7-9.
1014 5717 1123 5775 non
1156 5717 1372 5776 exstant
1415 5723 1524 5775 haec
1562 5720 1725 5777 verba
1755 5739 1768 5775 :
1798 5735 1972 5790 neque
2083 5720 2202 5774 loco
2252 5717 2526 5775 videntur.
2583 5717 2829 5790 Apostoli
2871 5720 3018 5775 enim
3056 5717 3696 5791 verbis'praemittenda
