3782 6166
113 261 248 318 ιεξι

1165 261 1532 317 ADVERSUS
1569 260 1994 319 MANICHKEOS
2019 262 2146 318 LIB.
2178 263 2266 318 Ill.

3224 264 3366 322 1222

109 382 203 450 γεῖ
229 379 309 442 εἰς
332 378 392 431 τὸ
424 378 657 446 ἀγαθόν·
694 378 824 445 τοῖς
854 378 922 432 δὲ
948 377 1016 443 ἐξ
1045 379 1296 447 ἐριθείας
1324 379 1637 449 πειθομένο

1808 390 2076 451 yuaarunt.
2132 382 2295 435 vitam
2328 388 2625 435 aeternam:
2660 384 2725 436 iis
2772 391 2946 435 autem
2993 382 3083 452 qui
3132 391 3257 436 sunt
3298 399 3365 437 ea:

104 472 184 541 τῇ
211 471 435 537 ἀδικίᾳ,
457 470 601 541 ὀργὴ
626 470 724 525 καὶ
747 472 950 540 θυμός·
975 473 1183 540 θλίψις
1203 472 1302 525 καὶ
1325 474 1688 542 στενοχωρία

101 566 208 619 ἐπὶ
236 563 445 619 πᾶσαν
464 563 675 633 ψυχὴν
700 562 1035 632 ἀνθρώπου,
1054 564 1163 617 τοῦ
1186 562 1687 633 κατεργαζομένου

104 658 176 711 τὸ
204 658 431 716 κακόνξ
458 657 689 709 Λέλυται
718 655 826 727 γὰρ
859 656 925 709 τὰ
953 658 1189 728 ῥήματα,
1223 658 1271 709 εἰ
1296 658 1324 708 6
1352 655 1446 708 τοῦ
1477 655 1686 708 δικαίου

104 750 234 817 ὄρος
262 752 340 819 τῷ
364 746 476 818 ra}.
500 750 600 800 οὑκ
627 746 951 801 ἀποδίδοται.
984 749 1046 801 Εἰ
1068 749 1125 801 δὲ
1148 749 1385 818 τιμωρία
1422 749 1519 817 μὲν
1547 747 1689 800 κατὰ

103 841 221 892 τῶν
252 841 589 894 ἐπταικότων
622 843 818 903 κεῖται,
853 842 947 893 καὶ
972 841 1179 913 ,μέτρον
1209 842 1477 911 τιμωρίας
1521 842 1553 911 ἡ
1592 840 1686 892 τοῦ

104 929 322 983 δικαίου
355 930 646 983 ἐπιστασία
673 929 935 998 γίγνεται·
971 932 1126 1000 τιμαὶ
1152 930 1207 982 δὲ
1232 930 1324 983 καὶ
1358 930 1556 1000 δωρεαὶ
1578 932 1688 993 τοῖς

106 1022 489 1094 εὐδοκιμοῦσιν
510 1021 988 1093 ἁποταμιεύονται·
1014 1025 1108 1077 καὶ
1134 1023 1480 1093 σταθμίζεται
1502 1025 1533 1093 ἡ
1554 1023 1687 1094 τιμὴ

105 1116 177 1183 τῇ
211 1114 306 1166 τοῦ
334 1114 541 1167 δικαίου
573 1114 867 1185 ἐπικρίσει·
903 1114 1018 1177 πῶς
1046 1114 1465 1177 διαστέλλονται,
1497 1115 1591 1167 καὶ
1624 1115 1685 1167 οὐ

107 1204 490 1258 συστέλλονται
514 1205 610 1275 τὴν
645 1205 969 1276 προπέτειαν
991 1222 1004 1269 ;
1037 1206 1098 1257 Εἰ
1125 1204 1181 1258 δὲ
1205 1205 1232 1255 6
1257 1203 1561 1275 Μονογενὴς
1589 1204 1687 1273 μὲν

103 1297 372 1360 τοιοῦτος,
388 1296 446 1348 οὑ
458 1296 695 1360 τοιοῦτος
709 1296 763 1349 δὲ
779 1298 968 1367 ὁΠατή
977 1312 1028 1368 ρ·
1042 1296 1218 1349 οὐκέτι
1231 1296 1412 1366 ὅμοιος
1432 1295 1490 1360 ἐξ
1504 1296 1687 1365 ὁμοίου

105 1386 457 1455 γεγέννηται·
512 1386 693 1440 οὐκέτι
729 1387 890 1441 εἰκὼν
922 1384 1015 1440 τοῦ
1068 1388 1474 1458 γεγεννηκότος·
1504 1387 1687 1440 οὐκέτι

104 1478 438 1548 χαρακτήρ·
469 1478 650 1532 οὐκέτι
683 1480 1064 1551 ἀπαύγασμα·
1091 1481 1273 1534 οὐκέτι
1304 1483 1332 1533 6
1365 1481 1575 1551 βλέπων
1598 1479 1688 1532 τὸν

107 1571 245 1624 Υἱὸν
276 1571 459 1641 βλέπει
486 1572 575 1624 τὸν
608 1573 847 1643 Πατέρα,
882 1572 999 1641 εἴγε
1038 1573 1111 1644 μὴ
1140 1575 1257 1626 ὅσα
1297 1573 1421 1639 ἔχει
1463 1576 1495 1625 ό
1533 1570 1685 1636 Υἱὸς,

107 1661 242 1731 ἔχει
273 1665 305 1715 ό
342 1660 555 1731 Πατήρ·
590 1664 683 1716 καὶ
716 1663 813 1734 βοᾷ
851 1666 879 1717 6
918 1664 1106 1735 Σωτὴρ
1144 1665 1200 1717 ἐν
1236 1662 1314 1733 τῷ
1353 1662 1684 1731 Εὑαγγελίῳ·

1795 470 2144 534 contentione,
2174 480 2223 523 et
2249 470 2339 540 qui
2370 486 2474 524 non
2507 472 2845 541 acquiescant
2888 471 3116 535 veritati,
3145 469 3367 524 credunt

1795 572 1969 616 autem
1996 563 2285 632 iniquitati,
2318 564 2400 615 ira
2425 571 2474 616 et
2510 564 2847 634 indignatio:
2877 563 3152 618 tribulatio
3182 574 3231 618 et
3263 582 3367 618 au-

1793 655 1970 724 gustia
2018 655 2073 707 in
2136 670 2337 707 omnem
2385 655 2616 707 animam
2674 654 2901 708 hominis
2951 657 3216 723 aperanti:
3246 672 3366 710 ma-

1796 746 1903 798 lum
1930 746 2012 798 3°?
2047 746 2233 799 Saluta
2255 745 2399 799 enim
2429 752 2557 800 sunt
2591 753 2644 801 ct
2663 756 3004 802 evanuerunt
3034 747 3150 801 haec
3176 747 3365 809 verba,

1794 840 1840 893 si
1876 839 2118 893 deﬁnitio
2145 839 2281 906 justi
2312 852 2419 892 non
2455 840 2903 892 accommodatur
2927 847 2982 894 et
3008 840 3256 894 redditur
3278 838 3369 892 Fi-

1793 931 1887 985 lio.
1927 929 1983 983 Si
2033 938 2214 983 autem
2266 930 2333 982 iis
2362 930 2456 997 qui
2485 927 2852 998 deliquerunt,
2888 931 3248 984 constitutum
3282 938 3370 984 est

1795 1022 2145 1092 supplicium,
2175 1030 2228 1076 et
2275 1021 2457 1089 justus
2506 1022 2599 1091 qui
2635 1030 2851 1090 prazest,
2889 1023 3219 1092 supplicium
3255 1039 3369 1078 mc-

1796 1116 1958 1176 titur;
2010 1123 2203 1167 contra
2253 1128 2383 1166 vero
2421 1113 2659 1167 honores
2692 1119 2747 1167 et
2802 1127 3029 1167 munera
3076 1119 3369 1168 servantur

1793 1206 1931 1260 bene
1960 1204 2206 1267 meritis,
2259 1214 2312 1257 et
2357 1203 2534 1257 honor
2574 1202 2787 1256 delectu
2848 1216 2913 1256 ac
2972 1201 3370 1271 dijudicatione

1788 1298 1922 1367 justi
1950 1295 2280 1364 ponderatur
2309 1313 2323 1348 :
2356 1294 2632 1364 quomodo
2656 1311 2763 1348 non
2790 1294 3104 1348 discindunt
3134 1304 3188 1349 et
3213 1309 3367 1349 com-

1794 1386 2035 1453 primunt
2069 1384 2464 1454 petulantiam?
2500 1382 2558 1437 Si
2612 1392 2792 1438 autem
2844 1384 2968 1439 talis
3016 1386 3233 1455 quidem
3279 1393 3367 1441 est

1795 1475 2145 1546 Unigenilus,
2184 1475 2345 1530 Pater
2367 1491 2497 1529 vero
2527 1491 2653 1553 non,
2689 1483 2773 1530 est
2821 1476 2976 1543 talis;
3014 1492 3123 1531 non
3155 1476 3265 1548 jam
3297 1494 3367 1533 ex

1794 1570 1956 1626 simili
1981 1570 2176 1625 similis
2206 1571 2421 1639 genitus
2456 1577 2541 1623 est
2568 1587 2583 1623 :
2614 1583 2725 1622 non
2747 1568 2859 1637 jam
2885 1576 2969 1624 est
2999 1569 3172 1640 imago
3220 1570 3364 1639 ejus,

1795 1665 1884 1731 qui
1913 1662 2135 1732 genuit;
2167 1678 2272 1715 non
2305 1662 2479 1731 ﬁgura
2502 1701 2518 1726 ,
2561 1676 2671 1714 non
2704 1660 2951 1729 splendor
2984 1661 3023 1692 ³¹
3062 1679 3075 1714 :
3108 1677 3217 1716 non
3251 1662 3363 1731 jam

107 1751 309 1822 Πάτερ
336 1754 545 1819 δίκαιε,
580 1754 679 1807 καὶ
705 1758 736 1808 d
769 1756 997 1824 κόσμος
1029 1771 1103 1808 σε
1135 1757 1245 1808 οὐκ
1281 1756 1454 1824 ἐγνω,
1477 1752 1591 1822 ἐγὼ
1622 1754 1640 1806 ί

1808 1754 1882 1824 μή
1913 1753 2059 1806 videt
2090 1750 2287 1805 Filium
2317 1792 2332 1816 ,
2370 1752 2515 1807 videt
2547 1750 2787 1813 Patrem,
2827 1749 2873 1806 si
2906 1764 3014 1804 non
3048 1767 3368 1823 quwcunque

107 1860 192 1899 σε
226 1845 438 1916 ἔγνων.
475 1846 538 1897 Τί
572 1846 899 1918 πράξωμενς
950 1846 1095 1900 νῶτα
1138 1847 1316 1917 δῶμεν
1360 1846 1438 1917 τῷ
1486 1846 1635 1918 ρήμα

1808 1844 1943 1899 labet
1968 1842 2164 1908 Filius,
2200 1843 2351 1897 habet
2383 1846 2544 1897 Pater
2595 1843 2638 1873 ³⁸
2666 1861 2679 1896 :
2711 1850 2766 1897 et
2796 1842 2996 1896 clamat
3031 1841 3283 1897 Salvator
3310 1842 3364 1896 in

105 1937 211 1992 τοῦ
243 1939 522 2010 Σωτῆρος;
568 1940 969 2011 ἀπιστήσομεν;
1004 1939 1082 2009 τῷ
1108 1937 1509 2010 γεγραμμένῳ;
1555 1937 1588 2008 ἢ
1630 1954 1640 1971 ⁸

1808 1936 2089 2006 Evangelio
2118 1953 2133 1991 :
2170 1934 2214 1991 0
2239 1935 2402 1989 Pater
2422 1935 2588 2005 juste,
2622 1934 2848 1989 mundus
2877 1945 2925 1990 te
2955 1952 3060 1990 non
3084 1937 3247 1998 novit,
3274 1952 3367 2006 ego

111 2034 221 2104 μὲν
241 2034 392 2103 ῥῆμα
424 2032 793 2104 θαυμάσομεν·
840 2032 935 2102 τῆς
964 2031 1071 2102 γὰρ
1098 2031 1353 2101 ἀληθείας
1382 2030 1497 2082 ἐστὶ
1520 2031 1689 2099 ῥῆμα.

1792 2046 1911 2084 vero
1942 2040 1989 2082 te
2014 2029 2131 2082 novi
2156 2027 2223 2082 ".
2259 2026 2403 2094 Quid
2446 2027 2706 2097 agemus?
2739 2035 2891 2097 terga
2952 2026 3148 2083 demus
3198 2029 3368 2083 verbo

110 2124 507 2188 Οὐαλεντίνους
534 2126 590 2178 δὲ
617 2126 693 2188 ὼς
728 2125 1036 2196 μεμηνότας
1061 2125 1153 2177 καὶ
1183 2122 1571 2194 δαιμονιῶντας
1592 2121 1640 2188 ἐξ

1808 2119 2118 2185 Salvatoris,
2153 2136 2221 2175 ne
2250 2119 2541 2175 credamus
2572 2121 2818 2191 scripto:
2852 2131 2946 2174 aut
2979 2120 3275 2177 habeamus
3313 2121 3369 2176 in

105 2218 227 2273 τῶν
259 2218 577 2290 θεοπρεπῶς)
605 2220 699 2273 καὶ
728 2218 885 2289 ἱερῶν
917 2218 1202 2289 συνεδρίων
1237 2220 1542 2290 στήσωμεν.

1797 2213 2160 2268 admiratione
2188 2212 2453 2268 verbum?
2517 2218 2601 2267 est
2654 2212 2799 2267 enim
2839 2212 3067 2267 verbum
3100 2213 3365 2269 veritatis.

109 2310 440 2369 Valentinos
493 2328 622 2368 vero
657 2320 917 2383 tanquam
959 2313 1297 2370 insanientes
1337 2322 1389 2368 et
1425 2327 1457 2366 a
1511 2311 1758 2367 daemone
1794 2318 1947 2365 actos
2000 2316 2158 2366 extra
2209 2316 2512 2365 conventus
2561 2321 2627 2362 ac
2683 2306 2969 2364 confessus
3035 2316 3257 2364 sanctos
3310 2317 3368 2364 et

105 2406 289 2464 Deum
322 2408 579 2464 decentes
613 2409 1025 2464 collocahimus.

199 2502 341 2556 Ἀλλ’
370 2503 555 2574 ἐπειδὴ
580 2503 779 2558 ἄτοπόν
806 2522 860 2558 τι
884 2504 1166 2576 πάσχομεν
1190 2505 1281 2559 τὸν
1304 2505 1446 2560 κατὰ
1470 2506 1580 2560 τῶν
1603 2506 1690 2559 αἱ·

109 2592 393 2666 ρεσιωτῶν
432 2592 762 2664 μηκύνοντες
804 2592 982 2661 λόγον,
1030 2592 1104 2664 μὴ
1134 2592 1338 2663 ταύτης
1367 2594 1466 2663 τῆς
1496 2592 1689 2647 ὑποθέ-

109 2702 258 2749 σεως
285 2687 433 2756 ἡμᾶς
460 2685 743 2756 ἑλκούσης,
779 2685 1244 2757 άνακαλεσώμεθα
1273 2686 1366 2742 τὸν
1393 2686 1570 2756 λόγον,
1596 2686 1691 2740 καὶ

102 2780 210 2831 ἐπι
234 2776 333 2848 τὴν
361 2777 725 2847 ὑποκειμένην
750 2777 1002 2832 ὑπόθεσιν
1024 2782 1381 2849 χωρήσωμεν·
1405 2778 1690 2833 καὶταῦτα

102 2868 211 2921 τοῦ
240 2868 548 2932 λυσιτελοῦς
576 2869 762 2923 ἕνεκεν
800 2870 1149 2940 ἐσκεμμένοι,
1186 2870 1272 2922 ἵνα
1313 2872 1448 2941 μήτε
1478 2863 1631 2933 οὗτος
1661 2872 1691 2924 6

102 2959 273 3028 λόγος
304 2960 478 3031 πάντη
514 2960 921 3031 σεσιωπημένος
951 2963 1080 3032 ἡμῖν
1116 2961 1354 3034 ὑπάρχῃ·
1388 2962 1549 3032 τριχῆ
1580 2961 1689 3032 γὰρ

103 3053 146 3122 ἠ
177 3051 412 3123 πονηρία
436 3052 737 3123 διῃρημένη
765 3052 908 3106 κατὰ
936 3052 1029 3106 τοῦ
1059 3052 1222 3123 νόμου
1254 3051 1570 3121 ἐφθέγξατο·
1596 3052 1688 3105 καὶ

1866 2497 1972 2553 Sed
1997 2496 2127 2568 quia
2157 2495 2363 2566 aliquid
2393 2495 2710 2550 indecorum
2757 2495 2916 2551 nobis
2948 2497 3181 2562 accidit,
3235 2496 3367 2554 dum

1795 2605 2104 2648 sermonem
2156 2598 2348 2645 contra
2407 2589 2692 2644 haereticos
2746 2590 2905 2660 longe
2958 2590 3364 2659 protrahimus,

1794 2698 1919 2738 cum
1952 2697 2054 2738 nos
2094 2683 2371 2753 negotium
2421 2690 2736 2751 susceptum
2780 2697 2891 2736 non
2929 2697 2995 2736 eo
3028 2683 3243 2749 trahat;
3277 2698 3366 2737 re-

1790 2792 2050 2831 vocemus
2078 2790 2409 2837 sermonem,
2439 2782 2494 2828 et
2522 2774 2589 2827 ad
2642 2775 2984 2844 propositum
3029 2781 3084 2829 et
3142 2775 3369 2830 institu-

1796 2876 1911 2923 tum
1939 2883 2230 2938 pergamus
2260 2886 2272 2921 :
2315 2866 2402 2921 his
2435 2866 2701 2922 hactenus
2745 2867 2953 2921 utiliter
2982 2867 3365 2930 consideratis,

1795 2968 1855 3015 ut
1884 2975 2063 3015 sermo
2091 2959 2157 3015 de
2190 2961 2312 3016 istis
2348 2975 2458 3014 non
2487 2960 2710 3013 omnino
2740 2959 2900 3015 nobis
2928 2960 3235 3029 praeteritus
3268 2948 3363 3014 sit.

1795 3049 2093 3120 Tripartita
2120 3052 2263 3106 enim
2301 3052 2544 3121 nequitia
2579 3060 2769 3105 contra
2799 3052 2970 3129 legem
3016 3052 3197 3105 locuta
3241 3059 3362 3113 est,

101 3144 403 3208 τοσαύταις
427 3145 747 3216 χρησαμένη
770 3144 1100 3215 διαιρέσεσι,
1123 3143 1398 3206 τοσούτοις
1428 3144 1640 3214 κέχρητε

1808 3142 2017 3196 .otidem
2055 3142 2320 3196 ministris
2341 3151 2396 3195 et
2424 3142 2695 3211 prwfectis
2728 3142 3083 3212 blaSphemia:
3115 3158 3233 3206 usa,
3263 3141 3369 3197 Va-

94 3235 204 3288 ῖκαῖ
242 3237 354 3298 τοῖς
381 3236 678 3306 ὑπηρέταις
706 3236 801 3289 καὶ
827 3236 1155 3306 προστάταις
1191 3237 1289 3305 τῆς
1325 3233 1690 3305 βλασφημίας,

102 3326 368 3397 ᾑρημένη
400 3328 524 3389 τοὺς
550 3328 888 3397 ὑπηρετῆσαι
918 3328 1265 3397 δυναμένους·
1302 3328 1395 3379 καὶ
1432 3325 1519 3378 διὰ
1548 3326 1691 3379 06a-

102 3417 353 3470 λεντίνου
385 3418 482 3487 μὲν
517 3417 836 3488 σμικρύνειν
870 3416 960 3469 τὸν
995 3416 1178 3486 νόμον,
1214 3416 1307 3468 καὶ
1335 3414 1589 3485 χωρίζειν
1629 3414 1690 3467 τὸ

102 3510 466 3578 Εὑαγγέλιον·
499 3511 587 3564 διὰ
620 3511 677 3563 δὲ
713 3509 1035 3581 Μαρκίωνος
1060 3508 1411 3579 ὲκτρώματός
1439 3526 1581 3571 τινος
1615 3505 1691 3560 εἴ·

99 3619 203 3654 ναι
220 3602 321 3672 τὴν
344 3602 437 3655 τοῦ
461 3603 623 3672 νόμου
647 3603 888 3674 Γραφήν·
917 3601 1005 3655 διὰ
1023 3602 1079 3654 δὲ
1107 3601 1427 3671 Μανιχαίου,
1452 3599 1686 3673 πονηροῦ

100 3707 282 3753 τινος,
317 3691 610 3761 ἀφεγγοῦς,
628 3691 746 3745 ὅλον
776 3693 1017 3755 σκότους·
1059 3690 1283 3743 τοιαῦτα
1307 3690 1415 3759 γὰρ
1440 3690 1687 3761 πράττει·

99 3779 338 3832 τοιαῦτα
362 3782 605 3853 ῥημάτια
627 3782 928 3854 συντίθησι·
955 3780 1258 3836 κενολεκτεί
1278 3781 1364 3833 διὰ
1390 3781 1689 3845 συνθέσεως

103 3873 357 3945 ῥήματα,
388 3875 777 3945 καταπλήττων
812 3873 979 3936 ἀκοὰς
998 3872 1396 3943 ἀγυμνάστους.

1795 3234 2001 3288 lentino
2064 3231 2283 3301 quidem
2342 3233 2411 3285 ad
2459 3233 2807 3288 minuendam
2859 3242 2914 3288 et
2963 3234 3365 3289 extenuandam

1794 3324 1988 3394 legem,
2017 3332 2069 3378 et
2094 3323 2457 3391 separandum
2488 3322 2876 3394 Evangelium;
2920 3323 3200 3379 Marciane
3234 3339 3366 3380 vero

1793 3415 1861 3469 ad
1892 3415 2236 3481 tradendum,
2268 3431 2392 3472 esse
2440 3414 2785 3485 Scripturam
2843 3416 2981 3486 legis
3020 3418 3364 3471 ahortionem
3458 3412 3461 3419 ’

1790 3509 2117 3581 quamdam;
2169 3508 2465 3563 Manichaee
2494 3519 2673 3563 autem
2715 3508 2783 3563 ad
2816 3508 3211 3571 mentiendum,
3242 3522 3366 3563 esse

1788 3601 1960 3671 legem
1991 3600 2279 3670 cujusdam
2317 3601 2466 3666 mali,
2489 3599 2778 3669 splendore
2804 3600 3045 3655 carentis
3070 3608 3124 3654 et
3150 3614 3215 3654 ex
3244 3606 3360 3654 toto

1789 3692 2137 3747 tenebricosi.
2172 3691 2324 3745 Talia
2344 3692 2488 3746 enim
2519 3691 2649 3762 agit,
2674 3692 2803 3745 talia
2838 3691 3006 3745 verba
3044 3689 3359 3759 componit;

1788 3798 1929 3837 vana
1964 3785 2242 3853 loquitur;
2295 3798 2455 3838 aures
2486 3784 2650 3837 rudes
2683 3794 2738 3837 et
2790 3783 3176 3837 inexercitatas
3204 3797 3359 3836 com-

1792 3875 2067 3943 positione
2093 3876 2381 3930 verborum
2407 3875 2465 3930 in
2498 3875 2913 3929 admirationem
2939 3873 3252 3929 traducens.

535 3994 663 4049 CAP.
693 3994 781 4049 Vl.
811 3997 892 4048 An
922 3993 1174 4049 adventus
1201 3992 1334 4047 Filii
1362 3992 1460 4047 Dei
1485 3992 1714 4047 dwmoni
1735 3998 1993 4065 cognitus.
2020 3997 2235 4068 Angelis
2264 3997 2530 4068 incognita
2560 3996 2660 4050 Dei
2692 3996 2937 4050 consilia.

181 4107 276 4161 Διὸ
300 4105 521 4160 τοιαῦτα
561 4106 833 4177 ἐρωτῆσαι
868 4107 965 4158 δεῖ·
1002 4107 1064 4158 Εἰ
1092 4106 1119 4157 6
1154 4104 1386 4176 πονηρὸς
1412 4105 1502 4158 τὸν
1527 4106 1689 4176 νόμον

102 4201 373 4273 ἔγραψεν,
404 4202 433 4254 6
458 4201 704 4270 ἀφεγγὴς
720 4201 942 4261 ἐκεῖνος.
975 4198 1200 4251 καθόλου
1234 4197 1329 4251 καὶ
1358 4196 1531 4250 διόλου
1566 4197 1690 4250 σκό-

100 4311 202 4357 τος
248 4291 343 4358 ὢν,
392 4292 511 4356 πῶς
551 4292 665 4363 ᾔδει
700 4291 908 4344 ἕλευσιν
950 4291 1156 4362 Ἰησοῦ;
1205 4290 1321 4353 πῶς
1352 4290 1466 4361 ⁴ᾔδει
1504 4289 1686 4359 ἄφιξιν

1868 4109 2230 4175 Quamobrem
2252 4109 2561 4180 percontari
2580 4118 2793 4180 oportet
2816 4130 2827 4165 :
2850 4109 2906 4164 Si
2931 4111 3109 4166 malus
3124 4110 3215 4166 ille
3243 4112 3364 4167 sine

1796 4199 2105 4269 splendore,
2131 4210 2184 4257 et
2204 4211 2349 4257 totus
2367 4210 2499 4256 etex
2515 4209 2629 4257 toto
2650 4203 2907 4266 tenebrat,
2931 4203 3099 4273 legem
3120 4204 3362 4274 scripsit,

1795 4291 2071 4359 quomodo
2111 4295 2365 4364 cognovit
2391 4294 2682 4349 adventum
2726 4292 2888 4347 Filii?
2930 4294 3205 4364 quomodo
3237 4310 3365 4350 eum

100 4384 315 4454 αὖτοῦς
342 4384 479 4449 πῶς,
512 4387 676 4455 μήπω
725 4383 833 4436 τῶν
874 4382 1213 4456 πραγμάτων
1260 4382 1640 4454 πεπραγμένωπ

1808 4380 2026 4435 adesse?
2064 4381 2338 4451 quomodo
2385 4392 2510 4437 ante
2561 4391 2815 4437 eventum
2869 4398 3053 4437 rerum
3097 4382 3367 4438 intellexit

102 4478 349 4548 συνῆκεν
385 4477 421 4531 ἃ.
463 4476 818 4531 ἐϐουλεύσατο
848 4479 877 4528 6
912 4476 1062 4538 Θεὸς,
1100 4476 1193 4528 καὶ
1231 4473 1684 4545 προκατήγγειλε,

99 4571 206 4625 καὶ
242 4570 617 4641 προεδήλωσε;
644 4570 878 4642 Φανεραὶ
905 4566 1014 4638 γὰρ
1044 4569 1100 4621 αἱ
1131 4568 1224 4620 τοῦ
1251 4567 1414 4637 νόμου
1448 4567 1682 4637 Γραφαὶ,

97 4661 317 4716 ἄνωθεν
366 4660 737 4731 μαρτυροῦσαι
780 4661 877 4732 τὴν
920 4661 1101 4730 ἄφιξιν
1138 4658 1231 4712 τοῦ
1280 4658 1430 4710 Υίοῦ.
1483 4660 1545 4711 Et
1590 4658 1686 4729 μὲν

96 4750 220 4821 γὰρ
252 4750 487 4821 ἐροῦσιν,
527 4752 586 4803 '0
613 4752 775 4821 νόμος
798 4753 897 4805 οὑκ
935 4753 1219 4823 ἐδήλωσεν,
1255 4750 1376 4803 οὗτε
1413 4750 1687 4820 προφῆται

96 4846 317 4911 προεσή
328 4858 521 4911 μαναν,
549 4842 689 4894 κατὰ
715 4842 821 4895 τῶν
844 4844 1132 4913 προφανῶν
1160 4843 1514 4912 φθεγγόμενοι
1542 4839 1690 4908 ἐλεγ-

96 4928 436 5002 χθήσονται·
476 4930 572 5000 οὐχ
602 4930 759 5001 ήμῶν
808 4931 1114 4985 πλεκόντων
1136 4934 1232 4985 τὸν
1282 4932 1522 5001 ἔλεγχον,
1572 4930 1685 4983 ἀλλ’

96 5020 291 5073 αὐτῶν
323 5020 430 5073 τῶν
474 5021 822 5091 Εὑαγγελίων
863 5022 1107 5096 φανερῶς
1149 5022 1557 5095 φθεγγομένων,
1591 5023 1686 5077 καὶ

98 5112 223 5165 ἄνω
256 5112 349 5163 καὶ
382 5111 531 5165 κάτω
561 5112 825 5183 βοώντων·
855 5115 935 5185 πῆ
967 5116 1062 5185 μὲν
1093 5116 1178 5168 ἵνα
1213 5115 1470 5187 πληρωθῇ
1503 5115 1564 5167 τὸ
1589 5118 1686 5187 ρη-

99 5204 201 5257 Θὲν
236 5203 323 5256 διὰ
357 5203 579 5257 Ἡσαΐου
627 5205 721 5257 τοῦ
774 5208 1072 5276 προφήτου,
1109 5206 1187 5272 πῆ
1235 5207 1311 5259 δέ·
1340 5211 1461 5262 Οὐκ
1493 5205 1683 5279 ἦλθον

99 5294 447 5350 καταλῦσαι
488 5299 596 5351 τὸν
633 5298 842 5367 νόμον,
882 5297 1042 5352 ἀλλὰ
1069 5296 1401 5367 πληρῶσαι.
1435 5302 1498 5353 Εἰ
1530 5301 1586 5353 δὲ
1613 5302 1678 5353 ὲκ

180 5451 228 5482 ³⁸
263 5447 424 5506 Rom.
461 5466 534 5517 ιι,
576 5449 687 5507 7-9.
762 5451 804 5483 ³¹
846 5449 1008 5508 Hebr.
1044 5468 1095 5518 ι,
1128 5453 1183 5506 5.
1259 5453 1303 5484 "
1339 5452 1496 5509 Joan.
1530 5469 1677 5518 xvii,
1712 5453 1803 5508 25.

1792 4488 1914 4542 quae
1944 4472 2084 4528 Deus
2118 4474 2347 4529 consilia
2369 4484 2645 4545 ceperat,
2676 4485 2731 4529 et
2758 4474 3141 4545 praanuntiavit
3188 4489 3275 4535 ea,
3307 4482 3363 4531 et

1793 4568 2080 4638 praedixit?
2132 4567 2431 4623 Manifesta:
2472 4544 2647 4621 enim’
2673 4544 2800 4623 sunt
2848 4564 3145 4636 Scriptum
3179 4566 3312 4636 legis
3340 4606 3361 4632 ,

1792 4676 1913 4730 quas
1936 4675 1965 4713 a
1996 4659 2266 4731 principio
2299 4659 2591 4714 adventum
2621 4656 2740 4710 Filii
2771 4663 3063 4712 testantur.
3126 4655 3181 4710 Si
3213 4657 3360 4712 enim

1793 4754 1975 4808 dicent
2001 4760 2190 4808 contra
2215 4768 2277 4808 ea
2305 4768 2428 4822 quae
2457 4753 2510 4805 in
2541 4749 2831 4805 manifesto
2868 4759 3017 4812 sunt,
3051 4750 3362 4820 loquentes,

1792 4859 1902 4898 non
1920 4843 2319 4915 praanuntiasse
2350 4844 2735 4913 legem,neque
2766 4843 3059 4913 prophetas
3082 4842 3363 4914 pmsigni-

1794 4936 2020 5003 ﬁcasse;
2053 4937 2451 5005 redarguentur
2483 4951 2592 4991 non
2622 4951 2654 4989 a
2688 4936 2847 4991 nobis
2874 4934 3079 4991 nostris
3113 4934 3365 4994 confuta-

1794 5027 2057 5090 tionibus,
2074 5027 2168 5082 sed
2199 5028 2268 5082 ab
2292 5028 2424 5096 ipsis
2438 5026 2746 5097 Evangeliis
2764 5027 2969 5097 apertis
2984 5027 3166 5081 verbis
3186 5044 3202 5094 ;
3234 5041 3365 5082 cum

1792 5118 1991 5187 ubique
2008 5118 2266 5180 clamant,
2285 5131 2433 5170 nunc
2458 5116 2698 5185 quidem,
2724 5123 2781 5169 ut
2810 5116 3098 5185 impleatur
3118 5114 3263 5184 quod
3286 5115 3370 5167 di-

1788 5215 1935 5262 ctum
1976 5216 2060 5262 est
2092 5222 2188 5276 per
2235 5206 2427 5262 Isaiam
2465 5207 2809 5276 prOphetam,
2845 5221 2991 5260 nunc
3035 5220 3163 5261 vero
3199 5203 3292 5259 :N
3301 5222 3368 5259 on

1788 5300 1903 5354 veni
1920 5302 2115 5353 solvere
2142 5299 2323 5368 legem,
2344 5296 2435 5352 sed
2453 5298 2664 5366 implere
2680 5297 2743 5353 ³⁸.
2765 5295 2824 5351 Si
2844 5306 2973 5353 vero
2995 5312 3060 5353 ex
3078 5296 3164 5353 his
3179 5298 3371 5353 convi-

1880 5454 1927 5485 ³³
1963 5452 2154 5507 Matth.
2192 5469 2244 5520 v,
2287 5454 2373 5509 l7.

96 5624 229 5682 quae
262 5608 424 5678 paulo
461 5614 585 5664 ante
626 5620 814 5663 auctor
835 5607 969 5662 dixit
1003 5627 1014 5663 :
1059 5607 1329 5674 Quomodo
1364 5609 1636 5679 unicuique
1673 5608 1842 5663 reddit
1865 5608 2150 5666 secundum
2175 5621 2334 5681 op‘era
2355 5613 2494 5667 sua?
2517 5640 2584 5652 —-
2602 5609 2680 5667 Iis
2706 5613 2796 5685 qui
2820 5611 3129 5680 secundum,
3157 5619 3268 5669 etc.
