3782 6166
397 253 542 312 ιω

1566 239 1705 296 TITI
1743 236 2174 297 DOSTRENSIS
2203 235 2514 295 EPISGOP!

3535 239 3678 296 1224

397 367 474 424 eti
506 363 876 426 consentiunt,
897 361 1026 432 quid
1056 359 1122 414 ad
1150 359 1250 414 hoc
1280 356 1727 428 respondebunt?
1754 356 1813 413 Si
1846 357 1984 411 enim

2157 355 2278 408 ύτου
2315 353 2500 424 σαφῶς
2545 352 2890 424 ἐλεγχόμενοι
2941 352 3294 419 συντίθενται,
3340 353 3395 406 τί
3439 353 3680 425 ἀποκρι-

399 474 551 516 nemo
566 455 859 525 novit,'qua:
874 461 994 508 sunt
1016 452 1260 517 hominis,
1287 452 1389 504 nisi
1411 449 1643 519 Spiritus
1663 448 1758 503 Dei
1787 449 1833 480 “
1852 466 1866 515 ;
1885 449 1978 518 qui

397 557 583 604 autem
605 548 776 618 legem
803 544 1046 615 scripsit,
1065 543 1216 597 novit
1233 557 1354 611 qua:
1366 550 1522 596 erant
1551 542 1606 594 in
1626 539 1753 606 Deo,
1770 548 1824 595 et
1841 541 1981 596 scie-

398 641 495 697 bat
515 653 856 711 quacunque
874 636 1014 692 Deus
1033 636 1333 702 volebat,et
1349 634 1555 688 idcirco
1576 633 1798 704 scripsit
1821 650 1982 690 accu-

397 741 517 788 rate
544 741 595 786 et
610 731 867 791 scienter,
897 736 1015 784 erat
1035 729 1196 796 igitur
1208 741 1272 779 ex
1299 724 1428 789 Deo,
1445 735 1496 779 et
1525 724 1666 780 Deus
1693 734 1742 778 et
1771 725 1826 779 in
1847 725 1978 790 Deo;

397 834 454 878 et
481 821 603 877 ideo
627 834 966 892 quaecunque
995 818 1212 872 volebat
1231 816 1394 882 Deus,
1429 818 1646 872 locutus
1675 827 1778 884 est,
1798 819 1980 874 sciens

400 929 524 986 qua:
549 914 606 968 in
631 912 742 968 Deo
761 919 942 974 erant,
974 917 1028 966 et
1055 926 1162 964 non
1205 910 1484 980 ignorans.
1511 907 1569 963 Si
1605 917 1788 964 autem
1820 925 1982 966 nemo

401 1017 497 1060 cor
529 1011 780 1059 nostrum
839 1001 1012 1064 novit,
1056 1001 1150 1056 sed
1186 1001 1336 1057 solus
1392 1000 1544 1056 novit
1584 1002 1678 1071 qui
1733 1001 1789 1056 id
1830 1000 1976 1064 fecit,

399 1103 457 1152 et
484 1096 616 1150 latet
654 1109 750 1148 cor
777 1100 1026 1148 nostrum
1058 1093 1218 1155 alios,
1242 1107 1359 1148 non
1393 1098 1573 1162 potest
1595 1099 1777 1146 tamen
1812 1092 1982 1148 latere

399 1185 594 1242 Deum.
627 1185 760 1251 Qua:
785 1192 964 1238 autem
993 1184 1210 1238 volebat
1242 1184 1407 1247 Deus,
1438 1198 1549 1237 non
1577 1183 1862 1254 ignorabat
1887 1201 1982 1240 ne-

399 1277 597 1348 quitia,
634 1277 728 1332 sed
763 1277 1006 1342 sciebat;
1064 1282 1120 1330 et
1180 1274 1269 1329 hic
1318 1275 1540 1344 quidem
1573 1275 1832 1340 volebat,
1889 1277 1980 1330 illa

400 1383 529 1425 vero
558 1370 925 1440 cognoscebat
951 1412 963 1422 .
996 1370 1270 1439 quomodo
1302 1385 1412 1424 non
1435 1369 1689 1424 tribuunt
1725 1371 1983 1440 nequitiae

401 1474 660 1529 magnam
720 1459 1171 1529 amplitudinem,
1206 1474 1368 1529 quam
1419 1475 1530 1514 non
1581 1460 1759 1530 potuit
1803 1461 1983 1517 celare

400 1550 548 1607 Deus
581 1555 647 1608 de
682 1553 932 1607 consiliis
977 1560 1030 1605 et
1075 1553 1352 1606 voluntate
1391 1553 1524 1607 sua?
1568 1553 1840 1622 quomodo
1872 1568 1982 1607 non

401 1642 699 1698 detrahunt
734 1640 843 1696 Deo
867 1684 882 1707 ,
914 1643 1009 1712 qui
1055 1657 1164 1696 non
1204 1643 1380 1712 potuit
1413 1643 1591 1697 celare
1639 1642 1982 1713 nequitiam?

2081 451 2332 513 νοῦνται;
2362 448 2434 500 El
2459 447 2569 515 γὰρ
2598 443 2800 509 οὐδεὶς
2831 443 2954 498 οἵδε
2983 443 3056 498 τὰ
3084 444 3191 499 τοῦ
3217 445 3385 510 Θεοῦ,
3420 448 3472 498 ει
3494 447 3590 515 μὴ
3614 447 3680 499 τὸ

2078 537 2324 606 Πνεῦμα
2351 535 2457 589 τοῦ
2488 535 2657 600 Θεοῦ,
2687 538 2716 588 6
2742 535 2800 588 δὲ
2835 535 2995 606 νόμον
3021 537 3246 606 γράφων
3279 535 3396 606 ᾔδει
3418 535 3494 590 τὰ
3521 537 3585 589 ἐν
3603 536 3679 606 τῷ

2079 629 2221 699 Θεῷ,
2261 630 2356 682 καὶ
2396 630 2667 698 ἠπίστατο
2716 628 2818 681 ὅσα
2869 628 3118 682 ἐϐούλετο
3164 631 3193 681 6
3239 627 3395 692 Θεὸς,
3446 629 3549 683 καὶ
3585 622 3678 681 ’διὰ

2080 720 2238 774 τοῦτο
2283 720 2632 790 γεγράφηκεν
2685 717 2743 783 ἐξ
2790 720 3111 783 ἐπιστασίας
3154 721 3248 773 καὶ
3290 721 3617 791 ἐπιστήμης
3650 721 3679 771 6

2080 812 2325 884 γράφωνο
2357 811 2471 878 ἄρα
2505 808 2652 863 Θεοῦ
2681 805 2768 881 ἧν,
2818 809 2918 862 καὶ
2944 810 3088 875 Θεὸς
3106 805 3194 882 ἦν,
3225 811 3322 863 καὶ
3348 810 3422 862 ἐν
3441 805 3527 875 τῷ
3559 808 3679 874 Θεῷ

2079 901 2166 978 ἦν·
2196 906 2288 959 καὶ
2317 904 2405 958 διὰ
2427 903 2585 956 τοῦτο
2605 903 2705 956 ὅσα
2727 901 2979 956 ἐϐούλετο
2999 905 3027 955 6
3055 903 3186 966 Θεὸς
3215 901 3507 973 λελάληκε,
3538 894 3680 954 νοῶν

2080 998 2151 1052 τὰ
2181 999 2237 1050 ἐν
2264 997 2344 1068 τῷ
2375 994 2514 1066 Θεῷ,
2559 995 2652 1048 καὶ
2684 996 2784 1047 οὐκ
2813 995 3043 1064 ἀγνοῶν.
3077 995 3142 1047 Ei
3179 995 3236 1047 δὲ
3261 995 3359 1066 τὴν
3387 994 3682 1065 ἡμετέραν

2082 1089 2309 1160 καρδίαν
2346 1085 2484 1141 οἶδεν
2521 1088 2714 1150 οὐδεὶς,
2759 1087 2921 1158 μόνος
2951 1087 3007 1140 δέ
3041 1081 3181 1140 οἶδεν
3215 1088 3243 1140 ό
3276 1087 3549 1158 Ποιητὴςο
3586 1086 3685 1139 καὶ

2083 1183 2333 1237 λανθάνει
2363 1183 2460 1254 μὲν
2489 1182 2733 1253 ἡμετέρα
2767 1182 2964 1253 καρδία
2995 1182 3122 1245 τοὺς
3156 1182 3370 1245 ἄλλους,
3406 1184 3469 1235 ού
3506 1182 3683 1235 δύνα-

2082 1293 2171 1329 ται
2199 1275 2254 1327 δὲ
2287 1275 2567 1327 λανθάνειν
2600 1274 2692 1328 τὸν
2725 1273 2874 1327 Θεόν·
2905 1273 2940 1327 ἃ
2969 1274 3026 1327 δὲ
3053 1274 3301 1327 ἐϐούλετο
3329 1276 3358 1327 6
3383 1274 3545 1338 Θεὸς,
3579 1274 3685 1326 ούκ

2083 1368 2269 1438 ἠγνόει
2296 1370 2328 1438 ἡ
2356 1367 2608 1438 πονηρία,
2644 1366 2757 1419 ἀλλ’
2786 1366 2920 1437 ᾔδει·
2949 1367 3042 1420 καὶ
3062 1360 3216 1429 οὗτος
3240 1366 3337 1436 μὲν
3366 1365 3478 1436 (56)
3514 1364 3682 1419 ἐϐου-

2082 1458 2287 1521 λεύετο,
2321 1458 2504 1528 ἐκείνη
2531 1457 2586 1510 δὲ
2619 1457 2757 1528 ᾖδεν
2790 1457 2907 1520 πῶς
2933 1457 2994 1509 ού
3032 1457 3172 1527 μέγα
3206 1456 3436 1527 μέγεθος
3465 1456 3683 1508 διδόασι

2082 1551 2147 1622 τῇ
2177 1551 2433 1621 πονηρίᾳ,
2454 1549 2726 1620 δυναμένῃ
2755 1548 2890 1620 μηδὲ
2911 1549 3008 1620 τὴν
3036 1548 3231 1619 βουλὴν
3253 1549 3346 1601 τοῦ
3369 1546 3512 1600 Θεοῦ
3538 1547 3686 1600 ἀπό-

2083 1659 2289 1714 κρυφον
2329 1641 2509 1712 ἔχειν;
2557 1641 2675 1705 πῶς
2717 1642 2774 1694 δὲ
2815 1643 2876 1694 οὐ
2921 1641 3264 1695 διαϐάλλουσι
3294 1641 3384 1693 τὸν
3414 1640 3573 1703 Θεὸν,
3601 1640 3684 1710 μὴ

402 1732 482 1786 Ac
521 1732 764 1787 ridemus
795 1731 1017 1803 quidem
1058 1733 1232 1794 viros,
1262 1734 1356 1804 qui
1388 1750 1512 1788 cum
1548 1733 1756 1802 aliquid
1789 1743 1982 1788 contra

2157 1737 2380 1805 νάμενον
2435 1735 2570 1805 μήτε
2617 1733 2883 1804 πονηρίαν
2931 1731 3223 1803 κρύπτειν;
3263 1733 3374 1786 Καὶ
3423 1731 3685 1801 γελῶμεν

403 1823 592 1879 hostes
614 1823 916 1878 moliuntur
941 1832 996 1878 et
1017 1824 1403 1880 machinantur
1424 1865 1440 1891 ,
1491 1826 1781 1880 consilium
1815 1840 1984 1879 cxco-

405 1917 634 1986 gitatum
658 1916 715 1969 in
740 1923 986 1985 apertum
1017 1915 1275 1971 ell‘erunt.

476 2007 580 2074 Qui
601 2006 730 2062 talia
764 2008 1084 2076 loquuntur,
1115 2017 1172 2062 et
1204 2006 1520 2078 hujusmodi
1551 2023 1858 2066 sermonem
1903 2025 1988 2068 se-

404 2105 556 2162 runt,
588 2114 698 2154 non
724 2097 912 2154 vident
943 2099 1124 2155 facere
1162 2116 1255 2166 se,
1313 2108 1372 2155 ut
1409 2101 1648 2157 ludibrio
1703 2105 1775 2158 sit
1807 2103 1984 2170 Deus;

405 2190 654 2262 quicum
691 2191 886 2246 militet
914 2201 1176 2262 tanquam
1235 2193 1347 2248 dux
1402 2194 1680 2250 exercitus
1725 2196 1988 2250 adversus

407 2284 728 2354 nequitiam,
764 2283 994 2338 consilia
1026 2299 1125 2338 sua
1165 2299 1272 2338 non
1319 2285 1532 2340 occulte
1567 2287 1888 2353 servaverit,
1918 2304 1988 2342 ne

407 2375 666 2446 nequitiae
723 2376 1064 2445 pateﬁerent.
1111 2375 1266 2441 Quod
1296 2376 1343 2431 si
1389 2376 1589 2432 divinae
1631 2384 1687 2433 et
1731 2380 1989 2449 angelica:

407 2475 708 2538 potestates
756 2482 868 2521 non
929 2475 1158 2538 possunt
1209 2468 1548 2540 intelligere,
1596 2470 1728 2541 quid
1771 2471 1987 2528 consilii

407 2559 588 2629 capiat
618 2557 798 2626 Pater,
833 2560 1093 2630 solusque
1133 2559 1304 2617 Filius
1344 2561 1620 2633 intelligit,
1652 2571 1706 2617 et
1728 2571 1984 2618 enarrat:

407 2649 579 2707 Deum
601 2667 748 2706 nemo
773 2651 904 2705 uidit
933 2667 1163 2722 unquam
1191 2667 1210 2706 :
1245 2655 1541 2724 unigenitus
1571 2653 1750 2709 Filius
1775 2655 1867 2726 qui
1911 2663 1991 2710 est

407 2744 464 2798 in
493 2745 613 2798 sinu
648 2742 863 2809 Patris,
918 2746 1028 2814 ipse
1064 2748 1330 2800 enarravit
1380 2747 1424 2780 ³⁸
1457 2765 1470 2801 :
1507 2747 1780 2817 quomodo
1834 2748 1991 2802 malae

408 2842 709 2906 potestates
746 2849 811 2890 ea
843 2851 964 2906 quae
995 2839 1048 2889 in
1083 2834 1192 2892 Deo
1227 2842 1404 2900 erant,
1438 2843 1834 2907 cognoverunt,
1863 2852 1989 2891 cum

409 2941 591 2996 neque
615 2927 814 2981 divinae
844 2935 1144 2997 potestates
1169 2929 1283 2983 haec
1313 2929 1458 2984 scire
1492 2930 1726 2998 possint,
1768 2929 1875 2984 nisi
1923 2944 1986 2984 ea

408 3018 660 3073 tradente
687 3027 741 3073 et
769 3027 1060 3073 enarrante
1091 3017 1386 3088 Unigenito
1417 3019 1672 3073 discant?
1699 3017 1855 3086 Quod
1888 3033 1987 3072 au-

410 3119 520 3166 tem
562 3110 680 3180 ipsa
723 3111 806 3166 lex
856 3111 1039 3164 omnia
1068 3125 1190 3180 quae
1221 3110 1289 3165 ad
1319 3109 1612 3165 adventum
1647 3110 1767 3180 ejus
1822 3113 1992 3181 perti-

412 3207 565 3265 nent,
601 3199 754 3269 prius
807 3209 1031 3254 narret:
1073 3197 1240 3263 Ecce,
1289 3196 1503 3267 inquit,
1539 3196 1696 3267 Virgo
1749 3197 1806 3250 in
1841 3207 1992 3252 utero

409 3291 662 3356 lubebit,
690 3299 739 3345 et
785 3291 959 3360 pariet
1004 3288 1207 3344 Filium
1257 3290 1324 3345 ³⁸.
1362 3290 1517 3344 Alius
1576 3289 1842 3360 prOpheta
1879 3304 1990 3344 non

414 3382 631 3455 ignorat
663 3389 886 3436 'ocum:
931 3378 999 3433 Et
1047 3390 1104 3434 tu
1173 3378 1461 3444 Bethleem,
1502 3389 1645 3433 terra
1693 3377 1875 3444 Iuda,
1909 3395 1993 3432 ne-

406 3486 678 3542 quaquam
725 3471 949 3524 minima
996 3486 1048 3524 es
1084 3469 1139 3523 in
1201 3470 1526 3540 principibus
1559 3468 1706 3523 Juda
1733 3469 1796 3522 ³⁷.
1838 3469 1992 3524 Alius

413 3564 596 3617 locum
629 3561 839 3624 deﬁnit,
882 3563 974 3617 ubi
1014 3561 1230 3632 positus
1258 3578 1272 3614 :
1301 3560 1556 3630 Cognovit
1602 3560 1692 3615 bos
1723 3575 1994 3630 possesso-

411 3672 524 3711 rem
551 3672 727 3718 suum,
752 3664 801 3710 et
831 3657 1013 3710 asinus
1063 3670 1295 3726 prtesepe
1343 3653 1544 3708 domini
1595 3655 1682 3707 sui
1723 3653 1790 3707 ⁸⁸.
1839 3653 1994 3707 Alius

413 3747 598 3820 fugam
636 3749 692 3802 in
733 3747 1051 3820 Egyptum,
1085 3756 1138 3803 et
1188 3749 1420 3804 reditum
1460 3762 1527 3801 ex
1577 3745 1816 3817 Egypto
1851 3765 1865 3802 :
1910 3745 1993 3802 Es:

413 3837 652 3909 Egypto
680 3841 858 3894 vocavi
891 3839 1095 3894 Filium
1121 3857 1293 3894 meum
1325 3840 1390 3894 ³⁸.
1416 3839 1573 3894 Alius
1599 3839 1991 3893 habitationem

414 3931 472 3984 in
505 3937 664 3985 aetate
697 3931 892 4001 puerili
925 3950 938 3986 :
991 3931 1156 3985 Terra
1188 3929 1432 3985 Zabulon
1460 3939 1510 3984 et
1543 3939 1684 3984 terra
1716 3928 1991 3999 Nephtlta-

416 4025 533 4090 lim,
564 4027 704 4078 viam
731 4026 893 4079 maris
921 4025 1068 4078 ultra
1096 4022 1390 4078 Jordanem
1411 4039 1428 4077 :
1444 4024 1690 4092 popuius,
1725 4025 1814 4093 qui
1841 4023 1988 4078 sede-

415 4115 504 4171 bat
546 4117 604 4171 in
633 4118 880 4182 tenebris,
905 4117 1032 4170 vidit
1067 4116 1234 4169 lucem
1261 4129 1507 4184 magnam
1538 4116 1604 4170 “.
1639 4116 1792 4170 Alius
1829 4116 1992 4170 etiam

409 4207 818 4265 Praecursorem
870 4224 982 4264 non
1032 4209 1286 4278 ignorat:
1342 4209 1453 4262 Vox
1498 4209 1778 4262 clamantis
1821 4209 1874 4261 in
1902 4207 1994 4260 de-

415 4315 588 4358 serto:
626 4301 825 4357 Parate
869 4303 1010 4358 viam
1058 4300 1316 4366 Domini,
1357 4311 1527 4355 rectas
1573 4301 1733 4370 facite
1777 4301 1992 4354 semitas

2089 1826 2188 1898 μὲν
2216 1829 2342 1890 τοὺς
2366 1826 2586 1898 ἄνδρας,
2641 1827 2733 1879 ὅτε
2766 1843 2819 1878 τι
2849 1826 3178 1897 πράττοντες
3211 1825 3348 1878 κατὰ
3372 1823 3484 1877 τῶν
3512 1823 3684 1876 πολε-

2089 1921 2245 1991 μίων,
2277 1919 2591 1992 εὐφώρατον
2625 1917 2840 1970 ποιοῦσι
2869 1918 2929 1971 τὸ
2961 1917 3205 1987 σκέμμα.

2157 2010 2410 2063 Τοιοῦτον
2430 2009 2484 2062 δὲ
2507 2008 2796 2070 πλέκοντες
2816 2007 2992 2076 λόγον,
3015 2007 3114 2078 οὐχ
3129 2005 3350 2076 δρῶσιν,
3365 2005 3446 2059 ὅτι
3470 2004 3683 2075 χλεύην

2087 2105 2226 2158 κατὰ
2251 2101 2344 2156 τοῦ
2372 2101 2506 2155 Θεοῦ
2538 2100 2914 2164 σκευάζουσιψ
2942 2099 3022 2152 ὅτι
3050 2095 3372 2170 στρατηγῶν
3406 2095 3554 2149 κατὰ
3573 2096 3682 2166 τῆς

2087 2196 2355 2267 πονηρίας
2399 2197 2427 2248 6
2467 2193 2620 2258 Θεδς,
2657 2191 2727 2245 τὰ
2773 2191 3065 2260 σκέμματα
3111 2189 3180 2241 τὰ
3227 2188 3335 2242 ἴδια
3382 2186 3570 2257 ἀφανῆ
3613 2187 3682 2239 ού

2086 2289 2407 2360 τετήρηκεν·
2459 2286 2575 2338 ἀλλ’
2619 2280 2766 2356 εἶχεν
2812 2282 2952 2338 αὐτὰ
2997 2280 3285 2354 εὐφώρατα
3327 2283 3396 2351 τῇ
3436 2280 3682 2350 πονηρίᾳ

2087 2381 2368 2452 γινόμενα.
2411 2379 2474 2431 Εἰ
2507 2379 2563 2432 δὲ
2598 2378 2693 2432 καὶ
2719 2378 2774 2430 αἱ
2816 2376 2956 2429 θεῖαι
2983 2375 3240 2445 δυνάμεις
3265 2373 3357 2426 καὶ
3384 2371 3685 2439 ἀγγελικειὶ

2088 2473 2147 2525 οὐ
2187 2471 2441 2524 δύνανται
2486 2470 2678 2540 νοῆσαι
2726 2468 2780 2522 τί
2827 2466 3138 2538 βουλεύεται
3179 2469 3209 2519 6
3252 2463 3460 2535 Πατὴρ,
3508 2462 3679 2534 μόνου

2088 2563 2333 2626 νοοῦντος
2375 2563 2469 2615 καὶ
2511 2560 2878 2634 ἐξηγουμένου
2930 2557 3025 2612 τοῦ
3078 2557 3230 2610 Υίοῦ·
3280 2556 3430 2611 Θεὸν
3470 2554 3682 2620 οὐδεὶς

2088 2655 2310 2724 ἑώρακε
2333 2653 2598 2708 πώποτε·
2637 2657 2670 2707 ό
2699 2649 3037 2722 μονογενὴς
3066 2649 3217 2714 Υἱὸς,
3254 2651 3287 2702 ό
3324 2645 3411 2700 ὢν
3441 2648 3532 2712 εὶς
3568 2645 3685 2699 τὸν

2089 2750 2323 2803 κόλπον
2358 2747 2464 2801 τοῦ
2504 2745 2756 2812 Πατρὸς,
2798 2742 3030 2808 ἐκεῖνος
3067 2739 3428 2809 ἐξηγήσατο·
3465 2735 3588 2799 πῶς
3617 2738 3678 2788 αἱ

2091 2833 2324 2911 πονηραὶ
2355 2839 2616 2907 δυνάμεις
2646 2835 2869 2906 ᾔδεισαν
2905 2832 2975 2886 τὰ
3016 2833 3075 2886 ἐν
3111 2830 3188 2902 τῷ
3219 2827 3367 2899 Θεῷ;
3409 2827 3535 2880 οὐδὲ
3567 2825 3681 2878 τῶν

2091 2932 2248 2985 θείων
2277 2930 2560 3000 δυνάμεων
2596 2926 2767 2981 ταῦτα
2792 2925 3109 2998 δυναμένων
3141 2922 3356 2986 είδέναι,
3388 2921 3438 2974 εί
3464 2918 3542 2990 μὴ
3569 2934 3684 2970 πα-

2017 3059 2058 3116 C
2096 3024 2308 3096 ράόοσις
2341 3021 2682 3094 μαθημάτων
2715 3022 2780 3073 ἐκ
2823 3020 2926 3090 τῆς
2968 3017 3063 3071 τοῦ
3104 3013 3440 3116 Ιξίονογενοῦς
3476 3012 3682 3116 ἐξηγῇ-

2094 3131 2233 3178 σεως
2257 3114 2562 3188 παραδοθῇ;
2599 3114 2721 3167 Ὅτι
2748 3111 2806 3166 δὲ
2837 3110 2999 3174 αὐτὸς
3029 3111 3060 3163 6
3085 3108 3245 3178 νόμος
3263 3107 3456 3160 ,πάντα
3481 3104 3556 3156 τὰ
3577 3105 3682 3172 τῆς

2092 3206 2329 3277 ἀφίξεως
2359 3206 2524 3259 αὑτοῦ
2555 3203 2844 3277 προλαϐὼν
2874 3204 3164 3274 διηγεῖται·
3207 3197 3351 3252 ἰδοὺ
3377 3197 3417 3264 ἡ
3449 3196 3680 3264 Παρθέ-

2091 3317 2199 3365 νος
2221 3300 2291 3352 ἐν
2320 3298 2532 3369 γαστρὶ
2567 3297 2712 3361 ἕξει,
2760 3294 2861 3349 καὶ
2897 3293 3128 3359 τέξεται
3178 3290 3346 3344 Υὶόν·
3395 3288 3586 3360 ἕτερος
3621 3287 3682 3340 δὲ

2093 3393 2376 3464 προφήτης
2416 3391 2509 3444 τὸν
2544 3390 2709 3443 τόπον
2748 3389 2847 3442 οὐκ
2886 3388 3089 3456 ἀγνοεῖ·
3132 3384 3240 3438 Καὶ
3262 3381 3372 3446 σὺ,
3409 3380 3682 3449 Βηθλεέμ

2105 3484 2311 3550 Ἰούδα,
2354 3481 2630 3552 οὐδαμῶς
2674 3481 2968 3550 ἐλαχίστη
3011 3473 3068 3531 εἳ
3104 3477 3176 3530 ἐν
3218 3473 3343 3539 τοῖς
3391 3473 3683 3543 ἡγεμόσιν

2105 3575 2310 3630 Ἰούδα·
2336 3575 2522 3647 ἕτερος
2550 3576 2646 3630 καὶ
2669 3575 2761 3628 τὸν
2780 3575 2905 3646 ὅρον
2930 3571 3031 3641 τῆς
3055 3570 3276 3631 θέσεωςο
3314 3568 3509 3636 Ἔγνω
3523 3564 3684 3629 ,ϐοῦς

2092 3668 2200 3723 τὸν
2232 3668 2634 3737 κτησάμενον,
2671 3666 2772 3720 καὶ
2811 3665 2950 3730 ὄνος
2986 3664 3102 3732 τὴν
3145 3659 3381 3732 φάτνην
3425 3658 3538 3713 τοῦ
3581 3675 3684 3710 κυ-

2085 3761 2223 3830 ρίου
2264 3760 2468 3816 αὑτοῦ·
2510 3760 2694 3831 ἕτερος
2735 3758 2793 3811 δὲ
2830 3758 2924 3810 καὶ
2955 3757 3056 3828 τὴν
3083 3756 3164 3818 είς
3192 3753 3467 3819 Αἴγυπτον
3503 3749 3682 3819 φυγὴν

2094 3852 2186 3905 καὶ
2215 3851 2311 3922 τὴν
2337 3851 2428 3904 ἀπ’
2460 3850 2736 3918 Αἰγύπτου
2769 3848 3046 3902 ἐπάνοδον·
3092 3845 3189 3908 Ἐξ
3216 3843 3524 3911 Αἰγύπτου
3543 3838 3684 3891 exd-

2092 3948 2249 3999 λεσα
2272 3943 2380 3997 τὸν
2410 3944 2544 3996 Υὶόν
2565 3959 2703 4012 μουο
2731 3941 2889 4004 ἄλλος
2914 3939 3012 4010 τὴν
3038 3939 3249 4007 οἴκησιν
3272 3934 3374 4005 τὴν
3399 3933 3458 3985 ἐν
3483 3933 3555 4000 τῇ
3583 3930 3680 4000 νέᾳ

2092 4036 2279 4108 ἡλικίᾳ
2305 4035 2453 4106 αύτῷ
2477 4034 2815 4104 γενηθεῖσαν·
2849 4031 2938 4100 Γῆ
2975 4029 3316 4088 Ζαϐουλὼν,
3343 4022 3424 4094 γῆ
3449 4023 3680 4090 Νεφθα-

2093 4129 2250 4197 λείμ,
2279 4128 2422 4181 όδὸν
2444 4126 2762 4192 θαλάσσης
2781 4124 2971 4193 πέραν
2989 4121 3093 4176 τοῦ
3127 4117 3446 4188 Ἰορδάνου·
3474 4117 3509 4168 ὀ
3532 4115 3679 4177 ,ζὼς

2095 4222 2128 4272 ὀ
2159 4217 2494 4288 καθήμενος
2518 4218 2588 4271 ἐν
2617 4217 2816 4270 σκότει
2849 4212 2974 4282 φῶς
3003 4210 3124 4266 εἶδε
3151 4209 3307 4278 μέγα
3329 4223 3344 4237 ·
3405 4205 3594 4275 ἕτερος
3621 4203 3674 4254 δὲ

2095 4313 2189 4365 καὶ
2218 4309 2308 4364 τόν
2338 4310 2649 4380 Πρὸδρομον
2677 4307 2777 4360 ούκ
2799 4306 2998 4374 ἀγνοεί’
3023 4299 3193 4367 Φωνὴ
3212 4295 3489 4363 βοῶντος
3515 4295 3588 4347 ἐν
3605 4291 3672 4359 τῇ

405 4395 528 4466 ejus
553 4396 621 4452 “.
663 4393 907 4466 Denique
960 4395 1007 4449 si
1042 4393 1168 4466 quis
1198 4394 1358 4449 vellet
1408 4394 1724 4465 prophetias
1767 4409 1829 4448 ex
1870 4394 1987 4463 lege

2160 4402 2302 4472 ήμφ·
2339 4400 2720 4471 Ἑτοιμάσατε
2738 4398 2852 4466 τὴν
2872 4397 3015 4451 ὁδὸν
3040 4393 3146 4448 τοῦ
3167 4389 3414 4458 Κυρίου·
3442 4385 3673 4447 εὐθείας

406 4487 693 4558 colligere,
737 4495 912 4541 totum
947 4484 1308 4555 Evangeiium
1351 4499 1681 4555 componere
1714 4485 1991 4540 videretur

413 4577 831 4633 conscribendis
883 4576 1052 4634 rebus
1098 4577 1156 4631 in
1203 4591 1269 4632 eo
1297 4575 1466 4646 gestis
1501 4575 1831 4645 propheticis
1870 4592 1994 4629 ver-

409 4667 522 4733 bis,
563 4684 795 4723 narrans
829 4667 1106 4731 studiose,
1151 4676 1205 4723 et
1248 4665 1526 4736 φιλολόγος
1570 4654 1678 4721 non
1710 4667 1830 4722 sine
1881 4668 1994 4737 spi-

407 4758 522 4814 ritu
553 4758 672 4828 ejus
701 4759 1042 4830 disciplinas,
1078 4759 1198 4829 ejus
1227 4757 1528 4823 doctrinas,
1552 4757 1673 4827 ejus
1696 4758 1990 4828 baptisma,

405 4850 536 4920 ejus
565 4851 864 4918 miracula,
916 4851 1185 4920 judicium
1222 4849 1462 4916 factum,
1497 4849 1866 4920 proditionem
1895 4849 1995 4904 ιιι-

413 4943 517 5006 ex,
553 4957 674 5012 quae
705 4943 759 4996 in
796 4943 1042 5012 patibulo
1076 4941 1240 5007 facta,
1273 4943 1366 5009 fel,
1395 4953 1608 4999 acetum
1645 4946 1700 4999 in
1733 4946 1825 5000 siti
1861 4961 1992 5016 por-

412 5039 646 5097 rectum,
662 5032 840 5101 ipsam
866 5032 1202 5102 sepulturam
1229 5041 1285 5089 et
1305 5042 1740 5103 monumentum,
1761 5034 1993 5091 descen-

413 5139 538 5179 sum
577 5124 645 5178 ad
688 5123 934 5192 inferos,
981 5124 1158 5196 ipsam
1188 5128 1672 5196 resurrectionem,
1707 5138 1762 5185 et
1801 5131 1868 5185 ad
1899 5147 1996 5187 ex-

407 5224 651 5275 tremum
691 5219 1146 5290 assumptiouem.
1181 5217 1337 5274 Tunc
1374 5220 1523 5276 enim
1552 5262 1568 5289 ,
1621 5224 1770 5294 quod
1801 5240 1994 5296 super.

405 5317 522 5378 est,
554 5310 851 5369 clamabit:
881 5312 1074 5368 Tollite
1102 5321 1307 5383 portas,
1351 5313 1635 5384 principes,
1665 5325 1868 5372 vestras
1895 5359 1910 5385 ,
1945 5326 1995 5372 et

487 5465 536 5501 “
572 5467 732 5524 Rom.
770 5485 842 5534 ιι,
879 5469 968 5524 Η.

410 5535 464 5569 ⁸⁸
501 5536 609 5593 lsa.
644 5555 734 5604 ix,
771 5540 825 5604 Ι,
858 5539 914 5594 2.

1084 5468 1128 5501 ³³
1167 5467 1325 5524 Joan.
1362 5484 1413 5530 ι,
1449 5468 1537 5524 18.

1019 5539 1063 5571 ⁴¹
1105 5539 1211 5594 lsa.
1248 5554 1352 5601 XL,
1390 5539 1443 5594 5.

1650 5471 1694 5503 ³⁶
1731 5473 1836 5528 lsa.
1872 5487 1982 5534 vn,
2020 5472 2109 5528 Η.

2089 4493 2314 4547 ποιεῖτε
2345 4492 2486 4558 τοὺς
2516 4492 2753 4561 τρίϐους
2793 4487 3000 4543 αὑτοῦ.
3049 4485 3158 4538 Καὶ
3199 4481 3337 4543 ὅλως
3378 4480 3429 4533 εξ
3475 4476 3671 4545 βουλη-

2095 4585 2211 4658 θείη
2235 4603 2337 4649 τις,
2363 4585 2757 4655 ἀναλεγόμενος
2785 4581 2884 4644 τὰς
2912 4582 2975 4633 ἐκ
2999 4577 3091 4632 τοῦ
3120 4576 3284 4644 νόμου
3314 4569 3671 4642 προφητείας,

2092 4677 2214 4730 ὅλον
2255 4678 2316 4729 τὸ
2360 4675 2690 4745 Εὑαγγέλιον
2726 4672 3027 4731 συνθεῖναι,
3063 4667 3131 4722 τά
3168 4661 3269 4719 ῶδε
3305 4660 3674 4732 πεπραγμένα

2098 4769 2306 4839 ῥήμασι
2340 4768 2695 4839 προφητικοῖς
2730 4762 3081 4834 συγγράφων,
3117 4758 3415 4828 φανήσεται
3448 4751 3675 4821 φιλομα-

2097 4858 2201 4929 θής
2229 4875 2314 4921 τις
2341 4858 2438 4910 καὶ
2468 4856 2762 4926 φιλολόγος,
2797 4855 2870 4925 μὴ
2893 4853 3013 4923 δίχα
3035 4848 3340 4918 πνεύματος
3373 4842 3672 4914 ἐξηγούμε-

2099 4966 2188 5013 νος
2234 4947 2576 5020 παιδεύματα
2597 4947 2782 5010 αὑτοῦ,
2809 4941 3152 5003 διδασκαλίας
3176 4934 3362 5000 αὐτοῦ,
3392 4935 3674 5006 βάπτισμα

2097 5041 2282 5105 αὐτοῦ,
2325 5041 2566 5112 σημείων
2610 5037 2964 5100 ἐπιτελέσεις,
3005 5035 3065 5087 τὸ
3101 5028 3324 5100 γεγονὸς
3352 5029 3553 5096 κρῖμα,
3583 5023 3674 5093 τὴν

2097 5134 2384 5207 προδοσίαν
2411 5132 2504 5187 τοῦ
2543 5132 2733 5195 Ἰούδα,
2759 5131 2859 5201 τὴν
2886 5130 2978 5182 ἐπὶ
3007 5125 3099 5180 τοῦ
3134 5121 3310 5194 ίκρίου
3340 5116 3670 5187 οἰκονομίαν.

2093 5226 2193 5299 τὴν
2220 5225 2382 5297 χολὴν
2403 5226 2498 5279 καὶ
2518 5225 2578 5278 τὺ
2599 5224 2719 5291 ὅξος
2744 5223 2804 5275 τὸ
2825 5224 2880 5275 ἐν
2909 5219 3035 5298 δίψη
3065 5211 3349 5282 δεδομένον
3379 5207 3556 5299 αὐτῷ,
3579 5207 3671 5274 τὴν

2097 5298 2272 5389 ταφὴν
2306 5317 2476 5388 αὐτὴν
2507 5317 2600 5370 καὶ
2626 5315 2687 5368 τὸ
2723 5314 3002 5386 μνημεῖον,
3037 5308 3132 5380 τὴν
3156 5303 3474 5375 οἰκονομίαν
3491 5298 3593 5370 τὴν
3619 5299 3670 5350 ἐν

3244 5460 3289 5494 ³⁸
3328 5456 3459 5516 Ose.
3492 5470 3549 5512 ιι
3569 5493 3587 5520 ,
3618 5449 3668 5506 i-

2223 5473 2266 5505 ³⁷
2307 5472 2471 5530 Mich.
2508 5489 2562 5543 v,
2596 5471 2653 5528 2.
2768 5470 2813 5503 ³⁸
2851 5469 2956 5524 lsa.
2994 5482 3048 5535 1,
3084 5465 3139 5520 5.

492 5668 611 5740 (56)
663 5671 1057 5730 Ἐϐουλεύετο.
1092 5670 1365 5743 lnterpres
1403 5673 1602 5743 legisse
1627 5670 1843 5727 videtur
1883 5667 2150 5723 ἐϐούλετο.
