3782 6166
149 272 288 331 Ιὲὲῖἳ

1200 272 1570 330 ADVERSUS
1613 273 2037 332 MANICHJEOS
2077 273 2208 332 LIB.
2237 272 2327 328 ιιι.

3249 265 3388 324 1223

145 395 226 464 τῷ
270 391 390 463 ᾅδῃ,
421 391 520 461 τὴν
551 389 766 460 ἔγερσιν
798 388 987 460 αὐτὴν,
1032 391 1091 442 τὸ
1132 390 1439 445 τελευταῖον
1483 391 1578 444 καὶ
1621 391 1718 462 τὴν

1863 391 2116 456 Γευαηιὶηἱ,
2163 397 2330 458 parte
2377 386 2687 453 wternales,
2727 395 2777 440 et
2841 384 3080 440 introibit
3140 401 3233 440 rex
3281 387 3395 456 glo-

145 484 432 555 ἁνάληψιν·
462 483 582 535 τότε
610 481 716 553 γὰρ
745 480 928 533 λοιπὸν
957 482 1050 535 καὶ
1083 480 1352 554 βοήσεται·
1381 484 1582 551 Ἄρατε
1609 484 1718 536 πύ-

140 579 282 641 λας,
331 577 383 628 οὶ
429 572 736 641 ἄρχοντες,
790 570 974 640 ὑμῶν,
1026 573 1124 626 καὶ
1174 573 1488 641 ἐπὰρθητε,
1535 575 1719 627 πύλαι

140 663 392 723 aitEn-tat,
423 664 519 717 καὶ
544 663 952 716 εἰσελεύσεται
987 665 1033 716 ό.
1052 663 1351 731 βασιλεὺς
1378 663 1484 732 τῆς
1517 664 1718 732 δόξης’

142 757 270 809 τότε
309 753 466 808 τοῦτο
501 755 796 828 προσθήσει
826 757 920 810 καὶ
947 757 1009 809 τὸ
1040 757 1419 828 γεγραμμένον
1450 757 1601 828 παρὰ
1626 755 1719 810 τοῦ

141 846 335 899 Δαϐίδο
362 836 550 900 Hister
585 851 618 900 ὀ
655 848 868 915 Κύριος
903 848 983 914 τῷ
1023 852 1216 918 Κυρίῳ
1247 866 1387 917 μουο
1419 849 1616 902 Κάθου
1653 850 1722 902 ἐκ

141 937 365 1002 δεξιῶν
389 956 530 1007 μου,
560 938 672 1005 ἕως
698 938 775 993 ἂν
799 940 881 996 θῶ
903 941 1043 1007 τοὺς
1073 942 1326 1010 ἐχθρούς
1355 955 1471 994 σου
1499 941 1724 993 ὑποπό-

142 1029 284 1082 διον
318 1029 436 1082 τῶν
475 1029 677 1084 ποδῶν
705 1047 842 1086 σου.
882 1033 944 1085 Εἰ
983 1027 1077 1086 οὖν
1105 1035 1133 1085 6
1163 1033 1325 1102 νόμος
1358 1031 1530 1094 οὕτως
1565 1031 1723 1102 ἠκρί-

143 1123 294 1176 6ωσε
315 1123 412 1194 τὴν
433 1123 613 1192 ἄφιξιν
637 1124 730 1177 τοῦ
761 1125 892 1178 1⁸ίοῦ
919 1126 1012 1178 καὶ
1045 1104 1316 1198 μακρόθεν
1338 1124 1721 1196 προήγγειλεν,

141 1210 334 1264 οὐκέτι
380 1212 743 1279 διαϐάλλεται,
787 1215 970 1268 οὐκέτι
1010 1215 1155 1286 ἄλλῳ
1195 1217 1623 1287 προσγράφεται.
1667 1215 1725 1268 '0

144 1304 415 1374 γεννήσας
459 1306 848 1378 προελὰλησεν·
888 1309 916 1360 6
955 1307 1382 1378 βουλευσάμενος
1417 1307 1560 1378 λόγῳ
1601 1324 1726 1379 προ-

146 1392 311 1448 έλαῦε
332 1394 400 1448 τὰ
425 1396 747 1468 πράγματα·
773 1396 904 1461 Θεὸς
929 1398 1204 1469 έγέννησε-
1237 1397 1370 1460 Θεὸς
1393 1396 1558 1466 λέγει’
1595 1398 1727 1462 Υἱός

136 1500 266 1553 μου
294 1485 351 1538 εἷ
373 1485 475 1551 σὺ,
512 1486 626 1556 ἐγὼ
655 1487 926 1557 σήμερον
969 1488 1300 1558 γεγέννηκά
1329 1505 1424 1544 σε.
1457 1488 1590 1552 Θεὸς
1623 1489 1728 1541 ἀτι-

145 1578 358 1631 έστειλε
379 1595 392 1607 ·
429 1580 560 1645 Θεὸς
596 1582 683 1635 διὰ
707 1584 950 1646 Μωσέως
977 1583 1228 1653 sumat:-
1249 1581 1570 1651 Προφήτην
1585 1580 1728 1650 ὑμῖν

143 1668 482 1738 ἀναστήσει
506 1674 721 1742 Κύριος
742 1678 774 1728 ό
801 1675 944 1741 Θεὸς
981 1677 1048 1728 ἐκ
1083 1675 1199 1729 τῶν
1224 1675 1502 1743 ἀδελφῶν
1537 1671 1722 1742 ὑμῶν·

1821 485 1917 537 ria:
1938 485 2017 547 ";
2063 491 2194 536 tunc
2225 481 2484 552 adjunget
2517 479 2640 542 hoc,
2666 479 2810 549 quod
2845 494 2876 532 a
2906 477 3092 532 .David
3125 478 3391 547 scriptum

1821 584 1941 632 est:
1975 575 2127 630 Dixit
2189 575 2444 628 Dominus
2500 572 2725 626 Domino
2769 588 2880 626 meo
2906 610 2920 636 ,
2963 570 3151 626 Sedea
3190 571 3394 626 dextris

1823 671 1972 734 meis,
2002 668 2164 722 donec
2208 683 2402 737 ponam
2436 666 2675 720 inimicos
2720 675 2838 719 tuos
2875 663 3160 718 scabellum
3205 663 3396 732 pedum

1824 769 2034 812 tuorum
2055 759 2120 814 ”.
2174 757 2230 812 Si
2260 757 2424 828 igitur
2462 757 2550 811 lex
2593 756 2729 811 adeo
2781 757 3068 835 diligenter
3096 755 3390 810 adventum

1823 849 1947 904 Filii
1969 849 2280 921 descripsit,
2305 857 2360 904 et
2384 849 2680 919 longinquo
2710 858 2952 916 tempore
2980 856 3273 918 antequam
3303 861 3394 902 res

1822 942 2124 1007 evenirent,
2155 956 2250 996 eas
2286 940 2710 1011 praenuntiavit,
2769 955 2879 995 non
2906 938 3020 1007 jam
3055 946 3352 994 accusatur
3376 979 3392 1004 ,

1824 1050 1934 1089 non
1959 1035 2073 1105 jam
2129 1034 2284 1088 alteri
2337 1034 2653 1088 ascribitur.
2689 1032 2794 1098 Qui
2840 1033 3075 1102 genuit,
3124 1032 3394 1103 praedixit.

1825 1129 1928 1196 Qui
1961 1127 2304 1192 deliberavit,
2330 1142 2420 1183 res
2451 1127 2601 1182 dicto
2628 1126 2968 1196 anticipavit.
3006 1124 3151 1181 Deus
3181 1125 3397 1196 genuit.

1826 1223 1970 1278 Deus
1997 1221 2130 1276 dicit
2163 1241 2176 1276 :
2211 1218 2384 1274 Filius
2419 1235 2563 1273 meus
2593 1233 2646 1272 es
2673 1227 2750 1280 tu,
2783 1234 2871 1288 ego
2897 1218 3048 1272 hodie
3069 1218 3222 1287 genui
3247 1226 3294 1271 te
3327 1216 3396 1268 “.

1826 1313 1976 1370 Deus
2002 1313 2150 1367 misit
2180 1327 2284 1366 me.
2317 1310 2460 1365 Deus
2489 1325 2584 1380 per
2608 1307 2844 1380 Moysen:
2869 1310 3082 1364 locutus
3109 1317 3191 1364 est
3218 1328 3230 1363 :
3264 1307 3402 1363 Pro-

1827 1407 2032 1475 phetam
2053 1403 2193 1459 vobis
2212 1402 2490 1458 suscitabit
2511 1402 2767 1456 Dominus
2786 1401 2924 1456 Deus
2951 1418 3015 1456 ea:
3039 1402 3296 1471 fratribus
3329 1419 3404 1457 ve-

1828 1497 1992 1560 stris;
2024 1497 2196 1564 ipsum
2229 1493 2458 1547 audietis
2481 1533 2494 1557 ,
2526 1508 2846 1562 quwcunque
2887 1492 3124 1562 loquetur
3147 1491 3290 1546 vobis
3332 1491 3401 1546 “.

1831 1586 1905 1641 De
1929 1587 1997 1641 iis
2029 1586 2165 1656 ipsis
2200 1583 2456 1639 omnibus
2497 1582 2638 1638 Deus
2672 1583 3024 1650 deliberavit;
3069 1591 3124 1638 et
3150 1598 3276 1637 cum
3307 1582 3404 1638 de-

1831 1678 2139 1743 liberasset,
2160 1692 2271 1732 non
2300 1676 2508 1742 tacuit;
2537 1675 2829 1730 consilium
2859 1691 2922 1729 ac
2951 1675 3400 1730 deliberationem

143 1763 338 1816 αὐτοῦ
369 1765 708 1819 ἀκούσεσθε
742 1765 959 1832 πάντα,
995 1766 1112 1820 ὅσα
1144 1767 1253 1821 ἐὰν
1278 1765 1526 1835 λαλήσῃ
1562 1763 1724 1834 ὑμῖν.

1863 1767 2235 1829 ηιωιιιιιιιὶιινὶι,
2267 1781 2364 1837 per
2401 1765 2762 1835 praenuntiata
2805 1764 2964 1820 ﬁdem
3017 1765 3264 1820 faciens:
3307 1763 3407 1819 Vo-

157 1852 222 1906 '0
254 1854 385 1919 Θεὸς
415 1855 790 1923 ἐϐουλεύσατο,
814 1859 907 1912 καὶ
932 1862 960 1912 6
987 1859 1414 1930 βουλευσάμενος
1436 1860 1536 1913 οὐκ
1561 1857 1723 1912 ὲσιώ-

145 1961 312 2016 mlas.“
361 1949 460 2017 τὴν
493 1948 684 2019 βουλὴν
718 1955 1084 2023 προεμήνυσε,
1134 1953 1316 2007 πίστιν
1361 1953 1602 2023 ἐμποιῶν
1639 1952 1727 2007 διὰ

143 2037 260 2092 τῶν
293 2043 766 2111 προμηνυθέντων·
795 2045 1095 2111 Καλεῖται,
1129 2045 1262 2117 φησι
1287 2044 1416 2116 γὰρ,
1443 2044 1510 2098 τὸ
1538 2045 1727 2114 ὄνομα

1835 1868 2008 1922 catur,
2044 1855 2254 1926 inquit,
2300 1869 2487 1909 nomen
2519 1854 2655 1923 ejus,
2685 1853 2870 1925 Magni
2900 1853 3112 1908 consilii
3145 1853 3362 1924 angelus
3385 1895 3402 1920 ,

1835 1949 2187 2016 admirabilis,
2216 1947 2835 2017 consiliarius,princeps
2863 1949 3033 2016 pacis,
3063 1957 3213 2016 pater
3238 1946 3408 2016 futuri

1832 2023 2013 2098 seculi
2046 2041 2110 2094 ’⁸.
2151 2041 2328 2111 Atque
2348 2041 2464 2096 haec
2484 2041 2703 2112 quidem
2729 2040 3033 2095 confutatio
3062 2040 3142 2095 sic
3169 2041 3350 2095 habet.

143 2130 337 2185 αὑτοῦ
358 2133 637 2203 Μεγάλης
672 2137 913 2206 ,βουλῆς
969 2137 1246 2207 ἅγγελος,
1283 2137 1645 2206 θαυμαστὸς,
1705 2137 2068 2206 σύμϐουλος,
2112 2135 2314 2203 ἅρχων
2365 2132 2628 2202 εἰρήνης,
2682 2132 2880 2200 πατὴρ
2926 2133 3033 2187 τοῦ
3074 2132 3410 2202 μέλλοντος

144 2219 382 2291 αιῶνος.
419 2228 528 2280 Kal
555 2226 795 2293 τοιοῦτος
823 2232 919 2302 μὲν
942 2233 970 2284 6
998 2231 1238 2294 τοιοῦτος
1266 2231 1503 2301 ἐλεγχος.

1406 2366 1535 2419 (ΞΜ).
1571 2363 1684 2418 Vll.
1715 2362 1824 2416 Lex
1851 2361 1984 2415 bona
2005 2358 2155 2429 jubet

238 2481 454 2555 Ἐπειδὴ
478 2483 536 2536 δὲ
559 2481 638 2552 τῷ
667 2481 888 2554 πονηρῷ
915 2483 1326 2555 προσγράφουσι
1349 2483 1440 2535 τὸν
1473 2481 1655 2552 νόμον,
1681 2479 1733 2532 τί

149 2577 414 2647 φήσουσιν
442 2574 537 2626 ὲάν
580 2590 664 2635 τις
695 2571 873 2625 αὐτῶν
908 2572 1198 2644 πεύσηται,
1233 2573 1282 2624 εί
1315 2572 1342 2623 ὁ
1375 2571 1610 2644 πονηρὸς
1631 2588 1732 2624 πο-

151 2667 296 2740 νηρὰ
321 2667 594 2738 παραινεῖ,
627 2665 722 2717 καὶ
747 2664 807 2717 οὐ
838 2664 1058 2717 δύναται
1082 2664 1157 2735 μὴ
1185 2667 1470 2734 παραινεῖν
1496 2661 1728 2734 πονηρὰ,

151 2759 337 2812 εἴποτε
373 2757 466 2811 καὶ
497 2755 640 2808 καλὰ
667 2755 1008 2826 παραινέσει,
1037 2756 1132 2808 καὶ
1168 2754 1353 2824 ἀγαθὰ
1392 2753 1729 2825 συμϐουλεύ-

152 2868 275 2916 est;
315 2851 379 2902 Εἰ
418 2849 515 2919 μὲν
543 2848 656 2919 γὰρ
701 2847 937 2919 ἐροῦσιν,
974 2848 1056 2900 ὃτι
1101 2847 1310 2915 πέφυκε
1349 2847 1492 2900 καλὰ
1528 2863 1728 2919 παραι-

149 2945 286 3006 νεῖν,
316 2941 412 2994 noti
446 2939 626 3008 ἁγαθά
653 2938 1061 3010 συμϐουλεύειν,
1083 2939 1268 2993 λύουσι
1298 2939 1458 2994 πάλιν
1493 2939 1583 2993 τὸν
1608 2941 1733 2994 ἑαυ-

150 3031 264 3083 τῶν
287 3031 412 3101 ὅρον
431 3045 444 3058 ·
481 3029 664 3081 οὐκέτι
693 3027 802 3100 γὰρ
843 3029 1080 3098 πονηρὸς
1111 3030 1140 3081 6
1178 3030 1253 3100 μὴ
1283 3031 1494 3101 πονηρά
1533 3047 1736 3100 παραι-

1911 2474 2048 2542 Quia
2085 2490 2214 2530 vero
2265 2475 2437 2546 legem
2488 2475 2796 2530 attribuunt
2835 2477 3001 2542 malo,
3037 2480 3169 2549 quid
3207 2482 3411 2540 dicturi

1841 2577 1990 2632 sunt,
2019 2567 2066 2622 si
2103 2567 2228 2638 quis
2257 2582 2352 2622 eos
2383 2575 2755 2638 percontetur,
2788 2568 2836 2622 si
2875 2571 3054 2626 malus
3095 2572 3236 2628 mala
3281 2590 3413 2629 ειη-

1838 2661 1970 2727 det;
2001 2668 2053 2714 et
2100 2675 2211 2714 non
2235 2667 2416 2730 potest
2453 2675 2565 2714 non
2604 2661 2838 2716 suadere
2880 2663 3065 2730 mala;
3098 2665 3142 2718 si
3173 2667 3415 2735 quando-

1839 2769 1946 2823 que
1991 2753 2134 2808 bona
2183 2753 2452 2820 suadebit,
2489 2751 2654 2808 etiam
2698 2753 2840 2810 bona
2881 2756 3109 2811 consilia
3137 2756 3324 2813 dabit?
3354 2758 3415 2816 Si

1838 2848 1983 2902 enim
2039 2845 2245 2910 dicant,
2305 2853 2490 2916 aptum
2551 2860 2676 2901 esse
2717 2854 2913 2901 natura
2958 2849 3026 2902 ad
3069 2850 3413 2906 suadendum

1839 2938 2005 3004 bona,
2043 2938 2112 2992 ad
2149 2937 2390 2992 dandum
2431 2938 2573 2993 bona
2619 2939 2873 3004 consilia,
2907 2955 3099 2995 rursus
3142 2941 3415 2998 deﬁnitio-

1840 3046 1967 3086 nem
2002 3045 2157 3086 suam
2200 3031 2438 3086 solvunt.
2483 3027 2605 3086 Non
2637 3027 2781 3084 enim
2815 3031 2930 3101 jam
2977 3033 3154 3089 malus
3186 3045 3291 3098 est,
3320 3035 3415 3105 qui

151 3121 292 3175 νῶν·
343 3121 527 3175 οὐκέτι
572 3120 808 3192 πονηρὸς
857 3122 886 3174 6
926 3120 1106 3189 ἀγαθά
1149 3121 1552 3193 συμϐουλεύων.
1582 3123 1645 3176 El
1678 3123 1729 3176 δὲ

1863 3137 1985 3178 bona
2015 3123 2108 3176 dat
2133 3122 2385 3178 consilia.
2429 3119 2525 3176 Sin
2563 3130 2744 3178 autem
2789 3123 2940 3178 nulla
2984 3123 3127 3180 bona
3160 3127 3417 3183 voluntas

151 3211 380 3282 οὐδεμία
404 3212 719 3285 προαίρεσις
746 3212 925 3282 ἀγαθὴ
951 3213 1060 3266 ἀπὸ
1081 3216 1318 3286 πονηροῦ
1348 3215 1733 3287 προσέρχεται,

151 3304 319 3367 ποίας
343 3303 548 3370 τάξεως
598 3303 812 3374 ἐροῦσιν
853 3303 1067 3367 ὲκείνας
1107 3302 1206 3368 τὰς
1242 3305 1621 3376 παραινέσεις’
1654 3308 1737 3359 Οὐ

153 3397 514 3464 πορνεύσεις
533 3414 545 3426 ’
576 3398 648 3450 οὐ
660 3397 1006 3466 μοιχεύσεις
1026 3414 1040 3426 ·
1079 3399 1150 3450 οὐ
1185 3396 1434 3465 κλέψεις
1451 3414 1464 3427 ·
1501 3399 1573 3451 οὐ
1598 3400 1741 3466 ψευ·

153 3485 662 3555 δομαρτυρήσεις;
710 3487 878 3549 Ποίας
932 3485 1140 3551 τάξεως
1195 3487 1409 3557 ἐροῦσιν
1463 3489 1638 3541 ἐκεῖνο
1677 3487 1739 3540 τὸ

154 3578 572 3648 γεγραμμένον·
629 3581 710 3632 Οὐ
759 3579 1034 3647 ποιήσεις
1082 3580 1320 3646 σεαυτῷ
1363 3580 1610 3647 εἴδωλα,
1664 3583 1737 3635 οὐ

153 3667 384 3733 παντὸς
406 3669 684 3737 ὁμοίωμα,
707 3668 843 3722 οὔτε
860 3668 976 3723 ὅσα
991 3668 1154 3734 ἐντῷ
1179 3667 1431 3737 οὐρανῷ,
1460 3669 1599 3722 οὔτε
1621 3669 1740 3722 ὅσα

150 3757 227 3812 ἐν
260 3755 336 3826 τῇ
360 3757 458 3828 γῇ,
503 3759 640 3813 οὔτε
670 3759 786 3812 ὅσα
815 3759 885 3813 ἐν
908 3759 1034 3825 τοῖς
1064 3759 1246 3813 ὕδασι
1263 3775 1282 3822 ;
1315 3760 1482 3822 Ποίας
1523 3759 1738 3831 μερίδος

154 3852 392 3922 φήσουσι
429 3851 499 3905 τὰ
543 3853 970 3924 προστάγματα·
1025 3854 1146 3907 Οὐκ
1195 3851 1588 3922 ἐπιθυμήσεις
1631 3850 1736 3904 τοῦ

147 3943 306 4008 ,βοὸς
332 3943 438 3998 τοῦ
471 3943 739 4014 ἀδελφοῦ
783 3958 919 4010 σου,
951 3945 990 4013 ἢ
1024 3945 1131 3999 τοῦ
1176 3942 1517 4013 ὑποζυγίου,
1545 3943 1584 4012 ἢ
1625 3941 1738 4010 τῆς

152 4035 464 4102 γυναικὸς,
499 4036 537 4104 ἢ
582 4037 808 4103 παντὸς
840 4035 1100 4102 κτήνους
1113 4052 1133 4100 ;
1161 4036 1225 4088 El
1272 4035 1369 4106 μὲν
1409 4033 1517 4106 γὰρ
1566 4033 1738 4102 σεμνά

154 4127 256 4179 καὶ
284 4126 402 4180 θεῖα
441 4128 536 4180 καὶ
580 4129 819 4200 ὲράσμια
855 4127 924 4182 τά
966 4127 1192 4182 τοιαῦτα
1222 4130 1506 4198 φήσουσιν,
1548 4129 1740 4199 ἐντρα-

152 4220 419 4290 πήσονται
449 4220 554 4273 ὑπὸ
579 4220 688 4274 τῶν
719 4221 1094 4292 παραινέσεων
1126 4220 1188 4274 τὸ
1224 4220 1450 4291 μέγεθος
1471 4219 1562 4273 τοῦ
1599 4237 1737 4290 συμ-

154 4310 578 4376 ϐεϐουλευκότος
609 4313 936 4384 ἠγνοηκότες
955 4329 968 4343 ·
999 4315 1046 4366 εί
1080 4313 1138 4367 δὲ
1172 4311 1348 4382 φαῦλα
1383 4312 1520 4366 αύτά
1552 4312 1736 4384 ἐροῦσι

153 4404 255 4458 καὶ
275 4403 692 4476 διαϐεϐλημένα,
720 4407 813 4460 καὶ
843 4405 1045 4476 φαῦλόν
1075 4407 1192 4459 ἐστι
1227 4405 1287 4458 τὸ
1328 4406 1402 4477 μὴ
1432 4407 1733 4480 πορνεύειν,

153 4495 254 4548 καὶ
278 4494 480 4564 φαῦλόν
504 4497 618 4551 ἐστι
646 4498 706 4551 τὸ
739 4499 812 4570 μὴ
848 4499 1134 4570 ἐπιθυμεῖν
1163 4499 1476 4570 ἀλλοτρίων,
1502 4500 1596 4553 καὶ
1624 4517 1734 4554 τοι·

151 4587 299 4642 αὖτά
331 4589 447 4642 ἐστι
486 4591 554 4644 τὰ
589 4591 796 4660 φαῦλαο
841 4592 1031 4646 σκόπει
1071 4587 1160 4646 οἷα
1197 4594 1481 4663 νοὴσουσιν
1521 4593 1730 4661 ἀγαθά·

131 4683 351 4736 σκόπει
371 4723 386 4748 ,
426 4685 506 4737 ὅτι
533 4687 847 4755 προαγωγοί
878 4687 983 4740 εἰσι
1020 4686 1128 4741 τῶν
1159 4685 1382 4758 ἡδονῶν,
1414 4687 1508 4740 καὶ
1539 4687 1734 4758 πρόξε-

150 4791 237 4830 νοι
257 4775 366 4829 τῶν
393 4777 644 4841 είδώλων,
677 4780 770 4832 καὶ
808 4781 1039 4850 αἰσχρᾶς
1067 4779 1364 4850 ἐπιθυμίας
1397 4781 1651 4851 εὑρεταί·
1687 4781 1735 4833 οί

150 4867 264 4940 γὰρ
285 4869 376 4923 τὸν
411 4871 574 4944 νόμον
605 4871 979 4936 διαϐάλλοντες
1013 4874 1152 4944 ὑπὲρ
1193 4872 1421 4944 ἀνομίας
1466 4873 1735 4943 πρεσϐεύ-

149 4979 214 5016 ου
221 4979 323 5016 σιν.

222 5145 286 5196 Οί
313 5144 404 5198 τὸν
437 5145 601 5216 νόμον
643 5147 735 5200 τὸν
761 5147 860 5210 τάς
895 5147 1088 5217 ἡδονὰς
1127 5147 1478 5220 ἀναιροῦντα,
1511 5149 1601 5201 τὸν
1635 5147 1732 5220 τὴν

147 5235 370 5306 ἀπάτην
401 5238 756 5303 καταλύοντα,
790 5240 879 5293 τὸν
905 5241 1322 5313 δεισιδαιμονίαν
1353 5241 1733 5314 καταργοῦντα

147 5327 642 5400 ὲξοστρακίζοντες,
684 5332 736 5385 τί
777 5331 1044 5404 ἓτερον,ἢ
1087 5333 1433 5397 εἰσοικίζουσι
1480 5334 1576 5398 τὰς
1611 5333 1734 5405 ἡδο-

145 5418 247 5484 νὰς
268 5422 362 5474 καὶ
388 5424 703 5497 εἰσφέρουσι
733 5426 832 5489 τὰς
856 5426 1181 5497 ὲπιθυμίας;
1221 5429 1337 5482 Ἵνα
1364 5431 1395 5500 ή
1431 5428 1588 5500 ἡδονὴ
1614 5427 1736 5481 ἀνέ-

1837 3233 1903 3273 ac
1945 3217 2269 3272 deliberatio
2309 3232 2339 3270 a
2383 3217 2527 3272 malo
2577 3218 2968 3288 proﬁciscitur,
3006 3219 3165 3289 cujus
3204 3221 3418 3278 ordinis

1839 3309 2022 3364 dicent
2073 3324 2196 3365 esse
2249 3309 2374 3364 illas
2422 3309 2710 3364 suasiones
2754 3325 2817 3364 ac
2860 3310 3190 3366 monitiones
3236 3333 3248 3366 :
3291 3311 3416 3368 Non

1838 3401 2225 3471 furnicaberis;
2265 3418 2371 3456 non
2415 3401 2781 3466 adulterabis;
2819 3418 2922 3455 non
2961 3402 3165 3470 furtum
3208 3403 3416 3472 facies;

1847 3512 1952 3550 non
2000 3495 2198 3566 falsum
2259 3495 2614 3548 testimonium
2679 3494 2819 3548 dices
2865 3495 2929 3548 ⁸⁷.
2985 3495 3156 3564 Cujus
3205 3496 3418 3552 ordinis

1837 3589 2022 3643 dicent
2065 3603 2188 3644 esse
2218 3587 2374 3650 illud,
2414 3586 2559 3657 quod
2608 3587 2872 3656 scriptum
2909 3597 2993 3642 est
3036 3607 3050 3642 :
3090 3586 3211 3641 Non
3252 3588 3417 3657 facies

1839 3678 1933 3731 tibi
1953 3677 2119 3746 idola,
2151 3695 2242 3732 nec
2271 3678 2434 3732 ullius
2461 3678 2883 3745 similitudinem,
2915 3695 3074 3749 neque
3098 3696 3418 3752 qua'cunque

1838 3772 1893 3824 in
1938 3771 2086 3834 caelo,
2129 3787 2290 3840 neque
2332 3786 2653 3840 quacunque
2683 3771 2736 3824 in
2768 3781 2930 3837 terra,
2974 3788 3135 3840 neque
3169 3789 3418 3843 qua’cun-

1837 3877 1935 3931 que
1963 3861 2019 3914 in
2051 3862 2202 3930 aquis
2226 3859 2502 3929 Ml?Cujus
2535 3860 2706 3930 partis
2742 3875 2865 3916 esse
2896 3861 2985 3914 illa
3016 3861 3214 3916 dicturi
3241 3868 3372 3917 sunt
3398 3879 3413 3915 :

1841 3951 1963 4007 Non
2003 3954 2337 4022 concupisces
2389 3952 2564 4006 bovem
2604 3952 2794 4020 fratris
2837 3953 2935 4015 tui,
2974 3962 3068 4005 aut
3114 3953 3412 4024 subjugale,

1839 4055 1931 4099 aut
1965 4061 2204 4110 uxorem,
2246 4055 2339 4099 aut
2379 4061 2530 4100 omne
2566 4045 2864 4115 iumentum
2897 4045 2988 4099 ‘9?
3025 4043 3084 4099 Si
3117 4047 3262 4101 enim
3299 4046 3417 4101 hazc

1841 4136 2070 4191 honesta
2109 4143 2162 4191 et
2209 4136 2394 4191 divina
2447 4145 2612 4207 atque
2665 4135 2923 4189 amabilia
2976 4150 3100 4190 esse
3155 4133 3417 4198 dixerint,

1840 4228 1972 4298 ipsa;
1998 4229 2331 4284 monitiones
2359 4228 2614 4296 ellicient,
2639 4236 2699 4283 ut
2729 4244 2788 4284 se
2815 4228 2920 4298 ipsi
2946 4229 3294 4293 erubescant,
3324 4228 3420 4298 qui

1839 4321 2252 4392 amplitudinem
2290 4321 2412 4392 ejus
2457 4323 2552 4392 qui
2587 4322 2837 4386 monuit,
2874 4322 3284 4393 ignoraverunt.
3320 4318 3418 4374 Sin

1837 4431 1968 4472 vero
1991 4415 2229 4470 dixerint
2254 4429 2422 4484 prava
2449 4431 2573 4471 esse
2599 4415 2714 4470 inec
2741 4423 2796 4470 et
2839 4414 2896 4468 in
2924 4413 3175 4480 crimine,
3207 4420 3262 4468 et
3293 4427 3420 4482 pra-

1768 4536 1813 4591 D
1841 4524 1969 4563 vum
2001 4515 2086 4564 est
2125 4522 2232 4562 non
2274 4509 2536 4574 scortari,
2568 4515 2624 4563 et
2656 4521 2883 4578 pravum
2927 4521 2993 4560 ac
3033 4506 3290 4559 vitiosum
3333 4511 3421 4559 est

1844 4617 1954 4654 non
1998 4600 2390 4671 concupiscere
2433 4601 2627 4658 aliena.
2667 4609 2721 4654 et
2764 4595 3079 4668 hujusmodi
3110 4605 3260 4661 sunt,
3295 4611 3420 4667 quas

1844 4693 1986 4748 mala
2029 4700 2176 4758 sunt,
2209 4693 2453 4756 adverte,
2482 4691 2669 4762 qualia
2701 4691 2847 4745 bona
2891 4705 3018 4745 esse
3061 4688 3415 4760 intelligunt;

1844 4794 1897 4841 et
1923 4786 2196 4856 quomodo
2229 4787 2616 4856 prostitutores
2646 4792 2776 4841 sunt
2805 4784 3168 4854 voluptatum,
3204 4789 3258 4837 et
3281 4795 3418 4836 con-

1848 4879 2130 4933 ciliatores
2153 4878 2446 4943 idolorum,
2473 4892 2537 4932 ac
2565 4878 2805 4946 turpium
2835 4876 3194 4947 cupiditatum
3222 4875 3417 4930 inven-

1844 4976 2012 5023 tores.
2049 4966 2153 5034 Qui
2193 4967 2338 5023 enim
2379 4968 2552 5037 legem
2589 4975 2885 5032 accusant,
2918 4981 3019 5036 pro
3057 4966 3187 5021 vitio
3231 4979 3263 5019 a
3302 4965 3420 5037 lege

1843 5060 2024 5114 alieno
2056 5060 2261 5115 obeunt
2294 5060 2641 5129 legationem.

1913 5149 2015 5215 Qui
2058 5148 2229 5219 legem
2254 5189 2268 5213 ,
2302 5163 2424 5218 qua}
2455 5148 2762 5217 voluptates
2787 5146 2960 5210 tollit,
2992 5159 3114 5215 quas
3146 5143 3417 5198 fallaciam

1839 5244 2054 5304 evertit.
2084 5257 2206 5312 quas
2246 5242 2693 5312 superstitionem
2743 5239 3086 5310 exstinguit,
3137 5238 3417 5308 relegant,

1841 5335 1971 5404 quid
2009 5335 2156 5389 aliud
2191 5335 2400 5389 faciunt
2429 5349 2594 5404 quam
2636 5333 2945 5402 voluptates
2985 5331 3208 5386 domum
3248 5333 3424 5383 intro--

1841 5429 2070 5497 ducunt,
2108 5440 2163 5484 et
2201 5428 2529 5500 cupiditates
2572 5426 2899 5483 accersunt?
2932 5425 3002 5480 Ut
3045 5434 3225 5480 autem
3269 5424 3423 5476 volu-

219 5595 266 5629 ⁸¹
294 5597 454 5676 £53];
487 5602 748 5676 ultu],
819 5602 870 5676 ξ’
909 5603 1054 5676 Psal.
1096 5620 1184 5660 CIX
1213 5647 1227 5669 ,
1263 5605 1312 5658 l.
1394 5605 1439 5638 ⁸⁵
1478 5604 1623 5662 Psal.
1661 5622 1720 5672 ιι,

1888 5609 1933 5642 ⁸⁵
1975 5606 2133 5666 Deut.
2171 5625 2337 5675 ινιιι,
2377 5608 2465 5676 15,
2504 5607 2588 5665 18.
2669 5608 2713 5641 ⁸⁸
2751 5606 2859 5665 lsa.
2897 5623 2948 5664 ιι
2974 5649 2988 5674 ,
3025 5604 3092 5670 6g
3157 5604 3202 5643 ⁸⁷
3247 5601 3417 5660 Exod.

143 5684 250 5736 ω,
286 5668 476 5725 14-16.
552 5672 598 5703 η
639 5673 769 5729 ibid.
804 5673 858 5727 4.
936 5675 979 5706 ’⁵³
1023 5676 1152 5730 ibid.
1195 5668 1279 5730 l7.

472 5763 747 5827 ΡΑΤιιοι..
795 5767 910 5830 Gn.
965 5768 1194 5830 XVlll.

3023 5764 3104 5826 39
