3782 6166
429 307 566 368 ΙΞΞῚ

1558 308 1695 366 τιτι
1734 307 2159 368 BOSTRENSIS
2182 307 2497 366 'EPISCOPI

3531 306 3664 364 1228

427 434 552 496 ptas
599 423 826 479 licenter
857 438 914 478 m
949 430 1158 480 mentes
1189 422 1488 496 irrumpat,
1520 426 1692 498 legem
1734 443 1801 483 ex
1832 427 1968 482 habit

2163 447 2187 482 ν
2213 427 2469 500 είσϐάλλῃ
2495 427 2554 482 ὲν
2576 425 2698 490 ταῖς
2728 424 3007 490 διανοίαις,
3036 423 3128 478 τὸν
3156 422 3318 495 νόμον
3347 423 3418 476 ἐκ
3449 424 3562 478 τῶν
3590 426 3664 478 ol-

428 517 729 573 tationibus
775 515 1076 586 ejecerunt,
1125 533 1194 572 ne
1244 521 1361 588 lege
1405 519 1509 582 usi,
1559 533 1591 572 a
1633 519 1746 590 lege
1793 521 1998 590 pudore

429 605 792 664 adicerentur.
827 606 934 662 Sed
987 609 1265 678 quomodo
1300 609 1415 680 lege
1454 609 1625 680 ejecta
1669 625 1831 666 aures
1869 625 1997 665 suas

428 701 644 756 venales
669 701 1362 770 praebent-cupiditatibus,
1394 709 1618 773 apparet
1651 703 1735 758 lex
1767 718 1888 758 esse
1916 703 1998 756 in-

429 793 712 848 terfectrix
742 795 999 864 nequitia:
1033 813 1046 848 :
1079 795 1133 848 hi
1167 803 1347 850 autem
1381 796 1601 851 indocte
1641 807 1694 852 et
1730 797 1998 852 inerudite

430 885 673 953 aggressi
723 891 851 938 sunt
890 897 1154 938 accusare
1178 885 1346 955 legem
1384 903 1397 939 :
1437 901 1500 940 ac
1545 887 1629 941 lex
1653 886 1869 957 quidem
1901 904 1996 943 ne-

428 977 656 1048 quitiam
687 977 823 1042 odit,
855 978 912 1032 hi
944 993 1075 1033 vero
1106 979 1276 1049 legem
1320 980 1576 1036 oderunt.
1619 979 1827 1036 Evertit
1873 981 1996 1050 qui-

426 1071 550 1127 dem
613 1070 1055 1140 superstitionem
1111 1072 1218 1137 lex,
1274 1072 1329 1126 hi
1381 1088 1511 1127 vero
1569 1074 1771 1128 audent
1824 1075 1993 1150 legem

424 1170 689 1220 evertere.
739 1162 1092 1234 Opponamus
1142 1166 1305 1236 igitur
1349 1165 1563 1221 res.'Si
1610 1167 1694 1222 lex
1741 1169 1996 1238 nequitia:

423 1253 699 1308 contraria
729 1262 834 1318 est,
867 1254 922 1307 hi
953 1262 1134 1310 autem
1186 1255 1358 1326 legem
1397 1267 1732 1327 oppugnant,
1761 1273 1993 1312 succen-

423 1353 545 1399 sent
577 1354 796 1416 propter
826 1348 1152 1418 nequitiam,
1181 1349 1310 1420 quia
1356 1349 1443 1404 lex
1480 1352 1778 1421 nequitiam
1807 1351 1996 1405 crimi-

420 1444 583 1490 natur
634 1455 647 1491 :
694 1438 893 1494 etenim
937 1439 1067 1508 quia
1113 1455 1222 1494 non
1269 1442 1554 1512 patiuntur
1599 1449 1659 1497 ut
1707 1453 1995 1498 accusetur

419 1529 702 1600 nequitia,
760 1530 968 1585 idcirco
1026 1532 1200 1602 legem
1270 1533 1376 1604 ipsi
1443 1547 1875 1601 accusaverunt,
1933 1543 1992 1588 ut

420 1623 701 1678 accusatio
753 1623 1012 1693 nequitiae
1062 1625 1240 1681 nullas
1285 1625 1428 1681 vires
1472 1626 1715 1692 haberet,
1759 1628 1885 1697 lege
1935 1627 1990 1682 in

419 1716 629 1770 crimen
660 1723 870 1771 vocata.
909 1715 967 1770 Si
1002 1717 1088 1771 lex
1116 1717 1259 1772 idola
1303 1719 1462 1783 tollit,
1494 1728 1550 1775 et
1587 1719 1989 1775 multitudinem

418 1803 648 1861 deorum
689 1807 871 1873 solvit,
909 1807 964 1861 hi
997 1815 1180 1862 autem
1209 1809 1314 1864 tela
1353 1809 1408 1863 in
1451 1811 1621 1882 legem
1661 1820 1939 1868 torserunt
1975 1828 1988 1864 :

417 1905 850 1953 consentaneum
894 1907 1034 1964 erat,
1079 1908 1138 1955 ut
1183 1901 1590 1958 multitudinem
1639 1902 1864 1958 deorum
1899 1903 1994 1958 de-

417 1989 756 2048 nuntiarent.
789 1989 860 2046 Ut
899 1993 1064 2063 igitur
1102 1994 1395 2049 multitudo
1430 1994 1655 2050 deorum
1698 1995 1994 2050 conﬁrma-

417 2089 593 2146 retur,
655 2082 791 2153 legis
845 2094 1174 2156 prazceptum
1249 2087 1397 2158 apud
1453 2102 1548 2142 eos
1605 2088 1833 2142 vetitum
1889 2095 1991 2154 est,

415 2172 561 2243 quod
590 2174 879 2239 aitzAudi,
908 2175 1102 2244 Israel,
1133 2176 1392 2232 Dominus
1415 2177 1557 2232 Deus
1585 2185 1704 2232 tuus
1738 2177 1993 2233 Dominus

413 2283 551 2321 unus
583 2277 702 2332 est;
735 2278 808 2333 et,
847 2269 1046 2341 Diliges
1096 2269 1381 2324 Dominum
1424 2270 1591 2325 Deum
1628 2280 1775 2325 tuum
1808 2272 1888 2338 '°;
1919 2281 1992 2338 et,

415 2358 500 2414 Ne
544 2361 678 2429 ferte
723 2362 979 2429 aspiciens
1030 2363 1082 2416 iu
1122 2363 1308 2416 cwlum
1333 2403 1348 2426 ,
1392 2374 1441 2417 et
1487 2363 1662 2418 videns
1703 2362 1866 2418 solem
1894 2403 1909 2428 ,
1943 2373 1994 2418 et

415 2453 628 2515 lunam,
661 2462 713 2507 et
753 2454 966 2519 stellas,
1018 2455 1206 2508 adores
1247 2471 1310 2509 ea
1336 2457 1402 2510 “.
1433 2456 1636 2512 Contra
1676 2457 1790 2512 haec
1830 2457 1994 2513 verba

412 2547 524 2602 tela
562 2545 854 2616 jecerunt;
889 2554 1080 2602 contra
1112 2548 1228 2602 haec
1254 2558 1524 2619 praecepta
1552 2550 1859 2620 exasperati
1882 2549 1995 2604 'lin-

411 2653 572 2709 guam
617 2649 874 2708 tanquam
923 2639 1162 2710 gladium
1208 2651 1474 2696 acuerunt
1523 2659 1534 2694 :
1583 2641 1787 2696 idcirco
1820 2656 1850 2695 a
1886 2640 1996 2696 da:-

411 2729 669 2786 monibus
699 2739 955 2802 aguntur,
996 2739 1052 2787 et
1091 2735 1274 2786 omnia
1322 2741 1674 2800 venerantur,
1706 2748 1808 2788 nec
1846 2733 1992 2787 aliud

413 2821 598 2877 sciunt
627 2837 788 2892 quam
827 2823 1008 2877 omnia
1051 2823 1279 2877 adorare
1325 2838 1338 2875 :
1385 2838 1447 2878 ac
1491 2838 1704 2894 semper
1743 2839 1802 2879 se
1841 2823 1994 2877 humi

2094 525 2308 595 κήσεων
2347 524 2572 594 ἦλασαν,
2601 521 2689 575 ἴνα
2716 521 2790 592 μὴ
2820 521 2969 591 νόμῳ
2997 519 3330 591 χρησάμενοι
3362 518 3470 572 ὑπὸ
3503 518 3664 589 νόμου

2093 616 2450 688 ὲντραπῶσιν.
2515 615 2676 667 Ἀλλά
2715 613 2832 678 πῶς
2890 613 2980 665 τὸν
3035 612 3198 683 νόμον
3245 612 3663 682 ἀποσεισάμενοι

2093 706 2550 776 ἀναπεπταμένας
2572 703 2780 757 ἑαυτῶν
2807 701 2907 766 τὰς
2939 702 3105 764 ἀκοάς
3135 700 3533 772 παράσχωνται
3554 705 3667 763 ταῖς

2092 797 2435 868 ἐπιθυμίαις·
2469 795 2715 866 φαίνεται
2745 795 2802 848 δὲ
2845 795 2874 845 6
2903 793 3064 864 νόμος
3093 793 3293 854 κακίας
3338 791 3630 863 ἁναιρὲτης
3651 808 3666 821 ·

2091 884 2237 944 οὗτοι
2261 890 2317 943 δὲ
2338 887 2560 959 ἀμαθῶς
2588 887 2681 940 καὶ
2703 886 3038 948 ἀπαιδεύτως
3061 883 3367 938 διαϐάλλειν
3392 884 3488 935 τὸν
3509 884 3669 952 νόμον

2093 982 2572 1054 ὲπικεχειρήκασιν
2594 998 2608 1013 ·
2639 980 2734 1032 καὶ
2752 981 2780 1031 6
2805 978 2901 1049 μὲν
2920 979 3081 1047 νόμος
3097 975 3302 1030 κακίαν
3329 976 3501 1046 μισεῖ,
3531 970 3672 1028 οὗτοι

2091 1075 2148 1128 δὲ
2181 1074 2342 1144 νόμον
2388 1072 2631 1145 μισοῦσι·
2669 1071 2764 1124 καὶ
2792 1069 3051 1124 καταλύει
3084 1069 3182 1140 μὲν
3219 1067 3676 1138 τὴνδεισιδαιμο-

2092 1167 2211 1221 νίαν
2237 1167 2266 1219 6
2298 1166 2487 1237 νόμος·
2510 1159 2655 1218 οὗτοι
2678 1164 2733 1217 δὲ
2753 1163 2899 1216 λύειν
2918 1163 3008 1215 τὸν
3032 1163 3193 1231 νόμον
3216 1158 3516 1229 τολμῶσιν.
3561 1160 3678 1211 Ἀν-

2091 1259 2328 1330 τιθῶμεν
2370 1253 2462 1312 οὖν
2491 1259 2559 1312 τὰ
2599 1257 2918 1329 πράγματα.
2973 1255 3035 1307 El
3067 1256 3095 1308 6
3120 1253 3281 1323 νόμος
3323 1252 3499 1322 κακίᾳ
3525 1251 3678 1305 ἀντί-

2093 1369 2304 1418 κειται,
2346 1345 2490 1404 οὗτοι
2531 1349 2590 1403 δὲ
2629 1349 2778 1420 νόμῳ
2829 1347 3122 1418 μάχονται,
3169 1344 3546 1414 ἀγανακτοῦσι
3593 1343 3681 1396 διὰ

2092 1441 2311 1504 κακίαν,
2336 1442 2417 1493 ὅτι
2465 1440 2493 1492 6
2528 1437 2690 1508 νόμος
2719 1436 2913 1490 κακίαν
2957 1433 3262 1488 διαϐάλλει·
3295 1433 3368 1504 μὴ
3416 1433 3682 1504 φέροντες

2092 1533 2200 1605 γάρ
2230 1531 2330 1602 τὴν
2361 1531 2463 1600 τῆς
2493 1529 2693 1591 κακίας
2741 1525 3014 1595 διαϐολὴν,
3048 1525 3142 1577 τὸν
3189 1525 3353 1594 νόμον
3379 1523 3680 1593 διαϐεϐλή-

2093 1641 2273 1689 κασιν,
2317 1623 2404 1676 ἵνα
2451 1621 2657 1692 ἡκατά
2685 1619 2785 1690 τῆς
2826 1619 3025 1681 κακίας
3057 1615 3275 1687 διαϐολὴ
3323 1615 3400 1686 μὴ
3453 1613 3678 1686 ἰσχύσῃ.

2091 1717 2185 1770 τοῦ
2205 1715 2369 1786 νόμου
2397 1711 2839 1783 διαϐεϐλημένου.
2872 1711 2934 1762 El
2963 1711 2991 1762 6
3014 1708 3177 1779 νόμος
3205 1708 3274 1760 τά
3301 1707 3504 1761 εἴδωλα
3525 1708 3684 1761 ἀναι-

2095 1812 2198 1882 ρεῖ,
2231 1810 2324 1862 καὶ
2350 1807 2448 1878 τὴν
2480 1805 2768 1859 πολυθεῒαν
2787 1802 3064 1866 καταλύει,
3099 1795 3245 1856 οὗτοι
3272 1800 3330 1853 δὲ
3357 1800 3508 1854 ὅπλα
3539 1799 3683 1852 κατά

2090 1902 2186 1956 τοῦ
2216 1901 2379 1972 νόμου
2406 1899 2785 1969 κεκινήκασιν·
2815 1895 3038 1958 εἰκότως
3058 1892 3348 1946 πολυθεῖαν
3375 1893 3682 1962 κατήγγει-

2091 1993 2188 2046 λαν
2208 2007 2222 2021 ·
2259 1991 2346 2044 ἵνα
2377 1990 2484 2060 γάρ
2511 1991 2538 2041 6
2582 1987 2683 2057 τῆς
2718 1984 3005 2047 πολυθεΐας
3047 1982 3237 2054 ἰσχύσῃ
3270 1981 3451 2050 λόγος,
3487 1981 3556 2033 τὸ
3583 1980 3680 2033 τοῦ

2092 2082 2256 2152 νόμου
2289 2080 2416 2151 παρ’
2446 2079 2630 2140 αὐτοῖς
2663 2074 2966 2129 κεκώλυται
2987 2072 3351 2144 παράγγελμα
3378 2071 3444 2124 τὸ
3473 2070 3680 2138 λέγον⁴

2096 2174 2334 2234 Ἄκουε,
2377 2167 2644 2236 Ἰσραὴλ,
2669 2166 2882 2234 Κύριος
2919 2165 2952 2216 ὀ
2982 2162 3125 2227 Θεός
3153 2177 3290 2224 σου,
3315 2161 3539 2227 Κύριος
3591 2154 3682 2224 εἷς

2091 2263 2223 2318 ἐστι
2244 2279 2257 2293 ·
2290 2261 2404 2326 καὶ,
2446 2257 2804 2328 Ἀγαπήσεις
2828 2256 3045 2324 Κύριον
3061 2254 3168 2307 τὸν
3198 2254 3345 2306 θεόν
3373 2267 3495 2306 σου
3512 2270 3527 2281 ·
3558 2254 3679 2313 καὶ,

2093 2357 2189 2425 Μὴ
2239 2352 2587 2422 ἀναϐλέψας
2634 2352 2722 2415 είς
2757 2347 2864 2401 τὸν
2911 2345 3189 2413 οὐραγὸν,
3240 2343 3339 2396 καὶ
3383 2341 3531 2396 ιδὼν
3570 2343 3683 2394 τεν

2094 2447 2271 2515 ἥλιον
2310 2445 2406 2498 καὶ
2453 2443 2569 2510 τὴν
2614 2437 2913 2504 σελήνην,
2966 2432 3405 2502 προσκυνήσῃς
3443 2430 3677 2496 αὐτοῖς.

2093 2539 2236 2611 Πρὸς
2257 2537 2429 2591 ταῦτα
2451 2535 2519 2588 τά
2541 2535 2758 2607 ῥήματα
2787 2529 2926 2584 ὅπλα
2955 2528 3273 2598 κεκινήκασι
3295 2543 3308 2554 ·
3335 2524 3474 2594 πρὸς
3501 2522 3682 2576 ταῦτα

2091 2633 2161 2687 τὰ
2190 2629 2627 2702 παραγγέλματα
2667 2622 3077 2696 τραχυνθέντες,
3128 2620 3204 2682 ὡς
3251 2619 3535 2689 μάχαιραν

2093 2723 2341 2794 γλῶσσαν
2370 2719 2676 2790 ἠκόνησαν·
2716 2714 2803 2768 διὰ
2835 2712 2993 2766 τοῦτο
3023 2709 3339 2781 δαιμονῶσι,
3372 2709 3467 2761 καὶ
3495 2706 3681 2760 πάντα

2091 2813 2311 2886 τιμῶσι,
2341 2811 2436 2865 καὶ
2467 2809 2617 2863 οὐδὲν
2647 2807 2846 2867 ἴσασιν,
2889 2807 2936 2858 εί
2983 2803 3055 2876 μὴ
3097 2803 3271 2857 πάντα
3299 2801 3681 2872 προσκυνεῖν⁴

412 2891 685 2978 sternunt,
743 2921 796 2968 et
849 2923 1081 2969 mentem
1139 2915 1342 2970 habent
1403 2891 1628 2980 elatam,
1694 2923 1968 2986 errantqut

2163 2907 2189 2958 .l.
2218 2905 2303 2959 ἀεὶ
2334 2903 2594 2956 πίπτουσι
2616 2897 2790 2969 χαμαὶ
2814 2896 2909 2950 καὶ
2935 2893 3158 2965 γνώμην
3188 2891 3401 2962 ἔχουσιν

413 3016 478 3056 ac
513 3010 778 3074 vagantur
821 3017 988 3058 sensu
1032 3003 1200 3058 animi
1239 3023 1252 3059 :
1287 3005 1467 3058 omnia
1498 3019 1596 3074 pro
1633 3019 1731 3058 sua
1765 3004 1987 3060 licentia

410 3101 695 3148 verterunt
741 3094 796 3148 in
833 3095 965 3150 deos
1011 3114 1025 3151 :
1063 3095 1311 3150 vicerunt
1359 3095 1596 3166 gentiles
1641 3104 1694 3150 et
1736 3095 1986 3149 multitu-

407 3185 557 3251 dine,
601 3193 655 3241 et
696 3187 963 3252 vanitate,
1016 3187 1247 3258 gentiles
1296 3203 1361 3242 ex
1407 3187 1702 3258 gentilibus
1743 3186 1983 3252 oriundi,

407 3284 462 3333 et
483 3278 854 3348 magnitudine
882 3277 1071 3353 ﬂagitii
1097 3279 1377 3351 gentilium
1407 3277 1744 3350 ignorantias
1767 3277 1984 3333 illorum

409 3378 752 3442 superantes.

2093 3012 2210 3067 νην·
2246 2993 2340 3048 καὶ
2374 2989 2679 3044 πλανῶνται
2697 2987 2791 3042 καὶ
2814 2985 3105 3056 ρέμϐονται
3123 2984 3189 3053 τῇ
3218 2980 3460 3050 διανοίᾳ·
3485 2979 3682 3032 πάντα

2090 3087 2532 3156 τεθεοποιήκασιν
2591 3081 2676 3134 ἐπ’
2712 3077 2954 3144 ἐξουσίας
2976 3094 2989 3108 ·
3019 3075 3113 3128 καὶ
3157 3073 3254 3144 τὴν
3285 3072 3492 3141 πλάνην
3525 3072 3685 3140 ἐσχή-

2092 3198 2220 3235 κασι
2247 3180 2357 3247 (57)
2377 3195 2392 3211 ·
2427 3175 2743 3247 νενικήκασι
2770 3171 2896 3234 τοὺς
2926 3168 3190 3239 ’Έλληνας
3218 3165 3298 3235 τῷ
3325 3165 3546 3236 πλήθει,
3583 3164 3686 3217 καὶ

2089 3274 2156 3344 τῇ
2204 3270 2450 3340 κενότητι
2503 3249 3066 3336 Ἕλληνες’⁹Ελλήνων
3107 3256 3409 3328 γεγονότες,
3453 3256 3556 3310 καὶ
3599 3256 3683 3326 τῷ

2094 3359 2312 3432 μεγέθει
2343 3357 2441 3428 τῆς
2464 3355 2643 3410 αὐτῶν
2673 3351 2901 3414 ἀτοπίας
2935 3349 3032 3414 τάς
3059 3349 3282 3402 ἐκείνων
3305 3347 3684 3418 ἀμϐλύνοντες

2091 3450 2333 3521 ἀγνοίας.

1494 3568 1622 3625 Car.
1668 3567 1802 3623 VIII.
1831 3567 1985 3624 Nihil
2005 3569 2333 3642 ﬂagitiosum
2360 3565 2416 3620 in
2441 3565 2570 3636 lege.

477 3685 559 3742 Ne
581 3685 706 3756 quis
743 3691 926 3739 autem
958 3693 1074 3738 arte
1109 3681 1464 3740 fallacissima
1495 3682 1746 3737 studiose
1788 3689 1843 3738 et
1887 3697 1984 3738 ac-

407 3787 602 3838 curate
663 3792 799 3832 usus
860 3777 1036 3841 dicat,
1098 3774 1389 3830 Simulavit
1438 3775 1564 3839 lex,
1624 3781 1678 3830 et
1735 3775 1984 3845 quaedam

408 3869 641 3942 pulchra
683 3867 861 3922 iurata
887 3907 902 3931 ,
943 3877 1201 3936 tanquam
1226 3881 1340 3922 sua
1372 3866 1601 3936 protulit
1621 3906 1636 3931 ,
1673 3879 1798 3919 eum
1828 3865 1988 3920 vellet

411 3977 515 4018 sua
541 3960 742 4031 ﬂagitia
774 3960 1085 4023 honestare,
1121 3966 1176 4013 et
1207 3966 1390 4028 partes
1425 3957 1730 4012 honestatis
1759 3956 1989 4012 inseruit

409 4052 593 4110 studio
637 4050 924 4123 obtegendi
973 4051 1371 4120 turpitudinem
1419 4051 1651 4104 aliarum
1701 4049 1986 4120 partium;

409 4162 539 4217 age,
580 4145 923 4201 excutiamus
957 4145 1155 4214 primo.
1205 4153 1386 4198 utrum
1433 4142 1641 4213 aliquid
1689 4142 1987 4198 absurdum

405 4247 465 4294 et
526 4238 852 4309 ﬂagitiosum
913 4235 1055 4306 apud
1117 4237 1288 4302 legem
1331 4245 1631 4306 appareat,
1692 4243 1857 4305 atque
1914 4235 1989 4290 ita

406 4331 674 4403 ﬂagitium
711 4331 945 4389 istorum
993 4327 1369 4397 redarguatur.
1425 4328 1779 4392 Secundo,~si
1822 4341 1987 4398 quas-

405 4425 533 4479 dam
563 4430 753 4494 partes
777 4422 893 4476 vitii
933 4419 1249 4477 ulciscendo
1281 4420 1589 4489 dissipavit,
1625 4421 1859 4475 reddens
1889 4434 1986 4475 eos

407 4518 502 4586 qui
526 4515 842 4577 credebant,
873 4513 1076 4567 liberos
1104 4514 1172 4567 ab
1205 4513 1369 4567 omni.
1381 4520 1535 4582 parte
1559 4513 1674 4566 vitii
1702 4530 1716 4577 ;
1744 4511 1986 4580 nonjam

411 4609 498 4662 lex
553 4606 810 4660 simulata
857 4603 1176 4673 apparebit,
1227 4603 1360 4672 quin
1417 4604 1600 4673 potius
1659 4602 1880 4657 inimica
1932 4609 1988 4656 et

408 4699 586 4756 hostis
612 4698 729 4754 vitii
757 4705 811 4752 et
836 4697 1112 4766 nequitiac.
1148 4694 1356 4760 Tertio,
1391 4697 1437 4750 si
1476 4696 1723 4765 quaedam
1756 4696 1987 4751 honesta

407 4789 932 4852 circumseminavit,
975 4794 1029 4843 et
1072 4803 1180 4843 non
1210 4802 1440 4842 omnem
1483 4789 1718 4857 speciem
1766 4785 1985 4841 virtutis

408 4897 534 4938 cum
575 4883 756 4938 littera
798 4881 934 4952 legis
974 4879 1280 4950 conjunxit,
1328 4889 1387 4934 ut
1435 4879 1681 4950 quaedam
1734 4878 1986 4933 videatur

408 4974 734 5042 scripsisse,
799 4975 954 5044 plura
1008 4989 1136 5027 vero
1209 4971 1547 5042 reliquisse;
1607 4970 1806 5024 habeat
1877 4968 1984 5021 vim

409 5067 647 5136 aliquam
700 5065 957 5120 refutatio
1008 5065 1162 5134 legis.
1216 5061 1314 5116 Sin
1373 5078 1499 5116 vero
1550 5062 1808 5116 universa
1865 5073 1988 5129 quae

407 5161 640 5216 honesta
687 5167 741 5214 et
787 5160 987 5213 decora
1042 5166 1192 5220 sunt,
1236 5157 1461 5210 omnino
1505 5156 1559 5209 in
1605 5155 1804 5208 litteris
1852 5152 1987 5222 legis

407 5253 585 5322 posita
618 5259 746 5308 sunt
775 5269 788 5305 :
825 5251 1162 5304 admiremur
1199 5249 1391 5318 legem,
1422 5256 1472 5302 et
1515 5246 1608 5300 Dei
1643 5247 1814 5316 legem
1847 5260 1985 5299 con—

408 5343 681 5410 ﬁtealnur,
729 5343 1086 5411 dicamusque
1119 5356 1424 5397 sermonem
1456 5339 1548 5394 Dei
1581 5355 1740 5403 esse;
1779 5339 1837 5392 iu
1883 5338 1986 5393 hos

479 5499 526 5530 ⁸ο
566 5499 724 5554 Deut.
763 5515 847 5559 v1,
880 5498 945 5562 4,
981 5497 1033 5552 5.
1111 5497 1170 5548 ’.ιι
1201 5496 1355 5550 Deut.
1395 5488 1592 5558 Ityli).

484 5651 597 5718 (57)
635 5653 744 5706 Kal
800 5651 913 5718 τὴν
963 5653 1204 5719 πλάνην
1252 5652 1574 5721 ἐσχήκασι.
1627 5648 1758 5721 ‘l'l_:_ec
1822 5647 1986 5704 verba

409 5723 596 5777 Oullsit
624 5722 893 5790 interpres
923 5740 937 5778 :
975 5725 1026 5775 in
1056 5718 1285 5777 errarem
1320 5718 1634 5776 inciderunt.
1664 5718 1827 5774 Bssa.

2161 3682 2281 3736 Ἵνα
2304 3680 2360 3734 δὲ
2391 3679 2464 3750 μή
2487 3693 2572 3740 τις
2598 3670 2980 3744 ἀπατηλοτάτῃ
3010 3668 3172 3741 τέχνῃ
3195 3665 3542 3739 χρησάμενος
3568 3669 3684 3720 ἔπι-

2087 3771 2495 3845 τετηδευμένως
2517 3769 2675 3840 λέγῃ,
2713 3762 3146 3836 Ἐσχηματίσατο
3172 3762 3200 3812 ὁ
3222 3759 3405 3830 νόμος,
3428 3760 3528 3811 καὶ
3549 3760 3682 3812 »ἔνια

2091 3865 2196 3919 τῶν
2239 3864 2418 3918 καλῶν
2459 3858 2772 3930 σεσυληκὼς
2807 3857 2940 3926 (58),
2975 3854 3050 3918 ὡς
3086 3853 3193 3906 ῑδια
3235 3851 3679 3923 προσηνέγκατο,

2094 3956 2355 4027 σεμνῦναι
2383 3953 2482 4016 τὰς
2516 3950 2710 4006 ἑαυτοῦ
2752 3948 2980 4010 ἀτοπίας
3009 3942 3348 4015 βουλόμενος,
3379 3942 3472 3995 καὶ
3509 3943 3683 4013 μόρια

2093 4047 2202 4101 τῶν
2241 4044 2420 4100 καλῶν
2469 4043 2774 4114 ὲνέσπειρε,
2807 4038 2896 4092 διὰ
2945 4036 3054 4090 τῶν
3098 4034 3308 4106 μορίων
3349 4032 3460 4085 τῶν
3493 4033 3682 4086 καλῶν

2094 4139 2201 4192 τῶν
2260 4137 2394 4192 ἄλλα
2439 4131 2785 4204 κατακρύψαι
2838 4126 3218 4189 ἐσπουδακώς·
3276 4122 3412 4194 φέρε
3459 4122 3683 4195 πρῶτον

2021 4263 2065 4317 D
2095 4229 2481 4300 γυμνάσωμεν,
2521 4227 2594 4297 μή
2637 4242 2690 4277 τι
2731 4223 2928 4276 ἄτοπον
2959 4216 3111 4317 παρ-ἀ
3136 4215 3226 4317 τῷ
3274 4216 3443 4317 νόμῳ..
3457 4214 3678 4317 φανείη.

2093 4323 2188 4377 καὶ
2211 4321 2379 4384 οὕτως
2404 4318 2623 4387 ἔλεγχος
2643 4315 2741 4386 τῆς
2771 4312 3001 4375 ἀτοπίας
3026 4310 3201 4363 αὐτῶν
3223 4306 3498 4375 γιγνέσθω
3520 4323 3534 4335 ·
3562 4306 3682 4359 δεύ-

2093 4432 2271 4487 τερον,
2319 4415 2368 4466 εί
2402 4411 2517 4465 ἔνια
2542 4411 2639 4480 τῆς
2679 4405 2875 4468 κακίας
2919 4403 3057 4475 μέρη
3089 4398 3390 4466 ἐπεξελθὼν
3431 4396 3679 4451 ἀπεσκέ-

2093 4508 2274 4571 δασεν,
2323 4502 2639 4575 ἐλευθέρους
2680 4500 2806 4561 τοὺς
2844 4495 3196 4556 πιστεύοντας
3241 4489 3448 4552 παντὸς
3481 4489 3677 4559 μορίου

2096 4599 2293 4662 κακίας
2343 4595 2651 4661 ἀποδείξας,
2699 4590 2884 4647 οὐκέτι
2921 4586 3391 4658 ἐσχηματισμένος
3437 4585 3466 4636 ὁ
3513 4582 3679 4652 νόμος

2095 4692 2315 4762 φανείη,
2338 4689 2451 4744 ἀλλ’
2477 4687 2668 4758 ἐχθρὸς
2687 4685 2782 4737 καὶ
2818 4683 2916 4753 τῆς
2948 4680 3142 4742 κακίας
3170 4675 3432 4744 πολέμιος
3450 4690 3464 4704 ·
3494 4675 3679 4744 τρίτον

2092 4787 2172 4849 δὲ,
2207 4787 2254 4838 εί
2279 4783 2395 4837 ἔνια
2427 4781 2533 4836 τῶν
2565 4778 2740 4834 καλῶν
2770 4777 3142 4848 περιέσπειρε,
3174 4773 3268 4825 καὶ
3300 4772 3361 4824 οὐ
3399 4771 3509 4824 πᾶν
3541 4767 3681 4833 £7.60;

2092 4878 2193 4949 τῆς
2217 4875 2418 4948 ἀρετῆς
2445 4875 2554 4936 τοῖς
2587 4872 2878 4943 γράμμασι
2905 4865 3158 4936 συνῆψεν,
3193 4865 3300 4926 ἵνα,
3341 4863 3392 4914 εἰ
3430 4862 3531 4931 μὲν
3563 4862 3681 4914 ἔνια

2095 4969 2288 5041 φανείη
2333 4963 2717 5039 γεγραφηκὼς,
2763 4961 2981 5013 πλείονα
3027 4958 3083 5010 δὲ
3127 4953 3536 5016 ἀπολελοιπὼς,
3583 4953 3680 5024 ἔχη

2095 5061 2216 5116 τινά
2259 5061 2486 5131 δύναμιν
2529 5060 2556 5110 ὁ
2601 5056 2848 5124 ἐλεγχος·
2881 5053 2928 5104 εί
2965 5051 3022 5103 δὲ
3067 5049 3161 5102 ὅλα
3193 5046 3369 5100 διόλου
3420 5045 3491 5098 τὰ
3538 5045 3682 5100 καλὰ

2096 5157 2208 5217 τοῖς
2234 5153 2556 5222 γράμμασιν
2585 5146 2812 5216 ἐπετέθη
2843 5145 2937 5197 τοῦ
2968 5143 3151 5213 νόμου,
3189 5138 3568 5210 θαυμάσωμεν
3591 5139 3680 5189 τὸν

2047 5280 2049 5284 ι
2097 5247 2279 5316 νόμον,
2312 5245 2407 5298 καὶ
2451 5241 2586 5295 Θεοῦ
2622 5241 2783 5311 νόμον
2825 5237 3280 5308 ὁμολογήσωμεν·
3323 5231 3420 5284 καὶ
3463 5230 3681 5301 Πατρὶς

2095 5335 2307 5407 ὁμιλίαν
2333 5339 2592 5406 φήσωμεν
2608 5349 2621 5362 ·
2644 5331 2864 5393 τούτους
2879 5329 2934 5383 δὲ
2967 5321 3480 5398 παραγραψώμεθα,
3501 5321 3682 5390 κίϐδη-

2165 5641 2278 5712 (58)
2323 5643 2490 5696 Ἕνια
2535 5641 2654 5694 τῶν
2683 5633 2884 5712 ab.ch
2917 5635 3303 5712 σεσυληκῴς.
3351 5634 3553 5706 Aliqua
3585 5631 3678 5686 lto-

2087 5707 2235 5770 nes‘ta
2263 5707 2578 5782 subripiens.
2614 5721 2670 5764 ut
2696 5711 2874 5780 turpia
2910 5709 3184 5778 obtegeret.
3217 5707 3291 5760 lo.
