3782 6166
61 5626 75 5678 i

164 277 308 335 {229

1226 275 1594 335 ADVERSUS
1627 275 2054 335 MANICHEOS
2084 278 2217 336 LIB.
2260 280 2347 338 Ill.

3271 291 3413 349 i250

162 395 260 452 λον
293 394 517 468 γνώμην
544 394 643 451 καὶ
677 397 1248 470 παρακεχαραγμένην
1270 397 1589 469 ἐσχηκότας.
1617 394 1689 449 ’0

1846 408 1973 450 vero
2023 397 2430 454 accusationem
2475 415 2507 455 ε
2547 399 2665 473 lege
2713 401 3128 475 transferamus,
3173 425 3415 484 quorum

168 489 271 559 μὲν
311 483 406 543 οὖν
442 488 566 543 οὐδὲ
594 488 654 543 ἓν
688 490 876 563 μέριον
912 490 1111 555 κακίας
1154 488 1567 561 ὲπεσπαρμένον
1604 487 1738 559 ἔχει,

161 578 288 633 οὐδὲ
341 577 526 649 μόριον
571 579 767 643 κακίας
814 570 1151 652 ἀφῂρηκὼς,
1208 579 1394 651 ἑτέρου
1446 577 1736 648 ἐφείσατοο

163 669 302 725 ἀλλά
323 670 560 742 καθαρὸς
585 671 682 742 μὲν
707 673 736 727 6
764 671 927 743 νόμος
951 672 1048 727 καὶ
1075 672 1249 741 ἅγιος,
1283 672 1376 731 καὶ
1393 669 1527 725 Θεοῦ
1552 670 1738 741 νόμος,

159 763 194 818 6
225 762 437 827 Παῦλος
468 762 567 836 βοᾷ
584 781 600 797 ’
629 763 770 819 ὥστε
804 766 865 818 '0
892 764 1012 836 μὲν
1029 766 1214 836 νόμος
1243 764 1429 834 ἅγιος,
1454 763 1555 818 καί
1577 763 1616 832 ἠ
1638 763 1737 818 ἐν·

158 855 315 926 τολὴ
353 856 511 926 ἁγία,
539 856 641 911 καί
665 857 887 923 δικαία,
936 858 1037 912 καὶ
1061 855 1251 929 ἀγαθή
1272 874 1285 888 ⁸
1327 857 1440 920 καὶ,
1482 855 1740 927 Οἶδαμεν

158 946 295 1019 γὰρ,
319 947 411 1003 ὅτι
453 950 488 1003 ὀ
524 948 643 1019 μὲν
667 949 854 1019 νόμος
892 950 1293 1019 πνευματικός
1326 949 1458 1003 ἐστι
1478 962 1493 977 ⁸
1527 946 1590 1001 τὸ
1629 945 1739 1018 γάρ

160 1038 342 1108 ἅγιον,
383 1039 478 1094 καὶ
514 1041 900 1112 πνευματικὸν,
928 1043 1026 1097 καὶ
1058 1040 1260 1112 ἀγαθὸν
1301 1041 1482 1112 πάσης
1511 1040 1741 1105 ἀτοπίας

157 1130 506 1198 ἀπολὲλυται,
526 1133 621 1189 καὶ
641 1133 864 1206 οὐδεμιᾷ
879 1135 1081 1207 ἀτοπίᾳ
1113 1134 1361 1205 ἀνέχεται
1380 1149 1396 1167 ο
1419 1133 1739 1204 σεμνύνεται

159 1226 287 1288 ταῖς
328 1225 568 1297 ἀρεταῖς,
597 1227 691 1281 καὶ
726 1226 1031 1297 διαλέγεται
1062 1226 1141 1299 τῷ
1182 1225 1301 1298 Θεῷ
1318 1243 1333 1259 ·
1366 1228 1402 1297 ή
1446 1225 1554 1298 γὰρ
1600 1224 1738 1296 πρὸς

156 1315 254 1370 τὸν
278 1314 405 1373 Θεὸν
437 1317 619 1390 ὁμιλία
662 1317 829 1389 ἄλλης
866 1319 964 1391 μὲν
989 1318 1194 1385 τάξεως
1222 1317 1323 1372 οὐκ
1355 1317 1626 1388 ἀνέχεται,
1667 1318 1734 1387 τῇ

156 1410 219 1465 δὲ
267 1408 361 1465 τοῦ
401 1412 717 1484 Πνεύματος
762 1412 1078 1485 ῥυθμίζεται
1129 1411 1444 1484 ἐπιστασίαν
1494 1411 1738 1480 Πνεῦμα

155 1502 273 1571 τὰρ
317 1505 351 1557 d
391 1503 554 1571 Θεὸς,
581 1504 681 1559 καὶ
720 1504 863 1572 τοὺς
909 1502 1404 1575 προσκυνοῦντας
1446 1502 1636 1557 αὐτὸν
1662 1502 1735 1557 ἐν

1842 487 2112 543 sententia
2138 488 2444 546 adulterina
2479 502 2533 547 et
2574 492 2872 562 depravata
2905 504 3012 553 est.
3047 497 3207 565 Quod
3244 503 3413 574 igitur

1840 577 2048 634 nullam
2080 587 2291 651 partem
2321 582 2442 639 vitii
2472 583 2556 639 lex
2589 584 2750 642 habet
2780 588 3186 659 inseminatam,
3232 610 3413 667 neque

1841 677 2049 740 partem
2080 673 2305 730 abstulit
2335 674 2527 742 aliam,
2569 685 2625 732 et
2659 679 2754 734 alii
2798 684 3058 753 pepercit,
3101 685 3199 742 sed
3227 689 3414 759 potius

1840 777 1976 832 pura
2007 771 2094 820 est
2120 764 2207 821 lex
2239 773 2296 823 et
2327 778 2537 837 sancta,
2568 778 2623 825 et
2652 770 2748 827 Dei
2776 773 2898 842 lex;
2926 773 3130 834 Paulus
3159 779 3359 835 clamat
3392 800 3408 838 :

1838 852 1949 910 Lex
1971 854 2179 926 quidem
2198 868 2408 928 sancta,
2435 871 2484 916 et
2514 864 2824 921 mandatum
2848 881 3091 924 sanctum
3111 879 3161 926 et
3175 870 3409 941 justum,

1838 958 1889 1004 et
1912 948 2105 1006 bonum
2140 953 2187 986 ⁵³
2219 970 2236 1022 ;
2276 964 2333 1010 et
2368 973 2382 1011 :
2427 955 2637 1014 Scimus
2678 962 2839 1030 enim,
2873 964 3014 1024 quod
3043 963 3128 1017 lea:
3162 966 3415 1034 spiritua-

1840 1041 1908 1097 lis
1942 1053 2022 1099 est
2063 1044 2110 1083 ⁵³
2145 1064 2160 1101 :
2206 1046 2356 1117 quod
2387 1048 2535 1104 enim
2577 1059 2829 1108 sanetum
2863 1061 2969 1119 est,
3007 1061 3062 1111 et
3103 1057 3408 1127 spirituale,

1838 1140 1893 1187 et
1938 1134 2163 1201 bonum,
2209 1137 2280 1194 ab
2323 1141 2473 1195 omni
2511 1144 2853 1214 turpitudine
2890 1146 3184 1205 liberatum
3217 1158 3325 1219 est,
3354 1157 3413 1208 et

1839 1226 1987 1281 nulla
2035 1228 2196 1299 culpa
2244 1228 2298 1284 in
2346 1246 2413 1286 eo
2450 1233 2638 1300 haeret,
2683 1237 3055 1310 gloriaturque
3089 1240 3409 1310 virtutibus,

1837 1323 1892 1372 et
1917 1331 2041 1373 cum
2087 1318 2198 1377 Deo
2234 1322 2496 1393 loquitur.
2528 1325 2928 1385 Sermocinatio
2956 1331 3104 1386 enim
3138 1348 3262 1389 cum
3298 1334 3411 1393 Deo

1836 1423 1947 1463 non
1978 1410 2202 1480 patitur,
2236 1420 2295 1467 ut
2333 1414 2559 1472 alterius
2596 1418 2811 1476 ordinis
2840 1420 2913 1476 sit
2942 1461 2957 1487 ,
3002 1424 3101 1479 sed
3131 1426 3409 1491 guberna-

1838 1498 1986 1557 tione
2030 1501 2269 1572 Spiritus
2311 1508 2487 1562 sancti
2525 1516 2896 1581 temperatur;
2942 1512 3084 1569 Deus
3120 1517 3259 1570 enim
3298 1519 3409 1589 spi-

1837 1591 1974 1647 ritus
2015 1603 2095 1648 est
2119 1635 2135 1661 ,
2164 1607 2216 1650 et
2238 1597 2328 1668 qui
2365 1614 2484 1653 eum
2514 1600 2763 1668 adorant,
2802 1605 2857 1659 in
2891 1607 3082 1673 spiritu
3112 1618 3162 1663 et
3192 1611 3410 1667 veritate

1837 1695 2040 1754 oportet
2079 1687 2306 1745 adorare
2333 1690 2401 1748 “.
2434 1691 2546 1750 Lex
2578 1703 2761 1752 autem
2808 1713 2933 1754 cum
2977 1701 3274 1771 spiritualis
3311 1709 3405 1771 sit,

155 1774 274 1841 ζει·
300 1777 396 1832 καὶ
434 1779 484 1832 εί
511 1778 734 1833 δύναται
773 1782 802 1834 6
847 1781 1215 1853 πνευματικὸς
1237 1780 1307 1834 τὰ
1334 1779 1432 1852 μὲν
1451 1778 1584 1833 ἄλλα
1608 1782 1689 1850 κρῖ

1839 1778 2346 1856 sermocinationem
2389 1798 2514 1839 cum
2572 1785 2687 1843 Deo
2738 1797 2896 1859 parat
2951 1809 2967 1860 ;
3026 1800 3081 1847 et
3127 1796 3172 1850 si
3224 1805 3407 1867 potest

154 1887 269 1939 ναι,
302 1871 463 1937 αὐτὸς
481 1872 537 1926 δὲ
568 1872 660 1925 ὑπ’
690 1872 903 1937 οὐδενὸς
934 1872 1311 1943 ἀνακρίνεταιο
1347 1873 1500 1944 πόσῳ
1530 1870 1689 1943 μᾶλλ(

1839 1867 2140 1938 Spiritualis
2200 1874 2306 1928 alia
2357 1876 2576 1947 quidem
2630 1879 2911 1950 judicare,
2961 1884 3078 1955 ipse
3137 1895 3318 1943 autem
3369 1902 3405 1944 a

151 1964 185 2018 6
202 1963 365 2036 νόμος
391 1967 420 2019 6
447 1960 832 2036 πνευματικὸς,
864 1964 1028 2029 αὐτὸς
1061 1965 1158 2038 μὲν
1181 1964 1397 2019 πάντων
1424 1964 1533 2018 τῶν
1555 1962 1689 2018 ἄλλω

1839 1960 2057 2018 nemine
2100 1963 2383 2032 iudicatur
2423 1987 2437 2023 :
2509 1983 2710 2040 quanto
2752 1974 2927 2044 magis
2974 1975 3061 2031 lex
3102 1978 3407 2048 spiritualis

150 2054 283 2118 τοὺς
301 2052 493 2123 λόγους
515 2055 801 2127 ἀνακρῖναι
837 2054 1079 2122 δύναται,
1111 2053 1273 2119 αὐτὸς
1313 2053 1370 2108 δὲ
1405 2053 1496 2109 ὑπ’
1518 2052 1689 2107 οὐδενὶ

1839 2056 2016 2118 potest
2042 2052 2263 2122 quidem
2299 2056 2527 2112 aliorum
2555 2061 2798 2117 omnium
2825 2079 3107 2123 sermones
3131 2068 3403 2140 iudicare.

152 2142 581 2216 ἀνακριθήσεται
595 2159 613 2211 ;
1346 2154 1356 2165 °

1839 2143 1958 2213 ipsa
1985 2160 2117 2201 vero
2143 2160 2177 2201 a
2213 2149 2431 2204 nemine
2450 2150 2821 2220 iudicabitur?

156 1595 451 1663 πνεύματι
480 1595 576 1650 καὶ
610 1596 862 1665 ἀληθείᾳ
885 1596 982 1651 δεῖ
1014 1596 1402 1666 προσκυνεῖν.
1427 1596 1737 1667 Πνευματι-

156 1685 258 1749 κδς
275 1687 332 1741 δὲ
362 1687 438 1742 ὢν
459 1689 490 1742 6
514 1688 697 1760 νόμος,
722 1688 820 1761 τὴν
840 1688 976 1761 πρὸς
1000 1688 1133 1742 Θεὸν
1155 1688 1369 1760 ὁμιλίαν
1392 1686 1737 1758 παρασκευά-

1106 2265 1237 2333 CAP.
1269 2264 1359 2322 1X.
1391 2265 1500 2320 Lex
1523 2280 1731 2321 omnem
1753 2264 1867 2319 vitii
1893 2267 2115 2334 speciem
2143 2266 2384 2325 abstulit.

229 2379 352 2435 ὀτι
373 2378 431 2433 δὲ
458 2378 554 2432 καὶ
580 2380 687 2435 πᾶν
727 2373 867 2443 εἶδος
910 2378 1111 2442 κακίας
1143 2377 1346 2444 ἀνεῖλε,
1394 2378 1491 2431 καὶ
1520 2377 1640 2431 οὐδὲ
1671 2376 1689 2430 ἒ

1904 2375 2061 2444 Quod
2110 2388 2294 2436 autem
2342 2397 2559 2439 omnem
2604 2387 2844 2456 speciem
2885 2389 3004 2447 vitii
3045 2396 3306 2463 sustulit,
3346 2405 3405 2454 et

156 2473 348 2547 μόριον
399 2473 677 2544 παρεῖδεν,
722 2470 837 2559 ἀλλ’
882 2470 1145 2542 ἐπεξῆλθε
1197 2471 1306 2525 πᾶν
1353 2465 1492 2535 εἶδος
1531 2470 1689 2524 κακία

1839 2472 2038 2527 nullam
2070 2482 2280 2544 partem
2307 2478 2659 2545 praetermisit
2686 2489 2781 2535 aut
2808 2483 3065 2554 neglexit,
3089 2487 3184 2544 sed
3218 2491 3404 2559 potius

148 2563 419 2638 ἀναιρῶν,
453 2558 983 2634 ἀνακόπτων,’δῆλον
1011 2563 1077 2616 ὲκ
1103 2561 1214 2617 τῶν
1246 2561 1376 2635 περὶ
1407 2561 1505 2632 τῆς
1534 2561 1689 2661 κακία

1839 2579 1994 2620 omne
2025 2580 2199 2638 genus
2225 2567 2343 2629 vitii
2367 2567 2677 2661 vindicavit
2691 2612 2707 2639 ,
2751 2573 2951 2631 tollens
2988 2586 3044 2632 et
3073 2558 3404 2640 exscindens

146 2660 318 2731 ὅρων,
343 2656 622 2729 τεσσάρων
651 2654 809 2711 εἱδῶν
835 2654 1002 2709 ὄντων
1039 2655 1141 2727 τῆς
1172 2656 1392 2720 κακίας,
1421 2654 1689 2727 ἀφροσύνη

1839 2656 2006 2724 illud;
2061 2667 2279 2716 constat
2318 2674 2388 2716 ex
2429 2661 2642 2734 legibus
2662 2654 2742 2720 'ac
2780 2668 2983 2737 regulis
3006 2668 3075 2725 de
3102 2671 3240 2727 vitio
3269 2689 3404 2733 con-

149 2758 252 2805 και
280 2747 594 2814 ἀκολασίας,
631 2749 725 2802 καὶ
769 2746 990 2812 δειλίας,
1040 2747 1136 2802 καὶ
1163 2746 1396 2812 ἀδικίας.
1431 2748 1494 2801 El
1542 2746 1641 2817 μέν
1673 2763 1689 2798 π

1839 2747 2064 2813 stitutis,
2097 2749 2258 2821 cuius
2292 2759 2424 2809 sunt
2464 2755 2677 2825 species
2719 2765 2976 2828 quatuor,
3009 2761 3402 2834 imprudentia,

150 2842 360 2910 φαυλον
383 2840 467 2912 εἴη
499 2842 529 2894 6
562 2839 728 2911 νόμος
769 2836 1147 2911 σεσιωπηκὼς,
1179 2838 1422 2933 ἀτελὴς-δ
1449 2839 1612 2912 νόμος
1632 2855 1689 2933 ’γε

1839 2843 2295 2915 intemperantia,
2343 2846 2645 2916 timiditas,
2700 2860 2754 2907 et
2805 2851 3098 2923 iniustitia.
3162 2856 3221 2913 Si
3271 2861 3407 2933 quid

145 2932 211 2987 δὲ
255 2931 517 3002 ἐπεξῆλθε
569 2932 664 2986 καὶ
709 2930 1135 3005 ὲπεξεργάσατο,
1181 2933 1288 2986 πᾶν
1338 2928 1478 2995 εἶδος
1528 2932 1689 2986 κακία

1839 2946 2016 3001 autem
2046 2939 2201 3010 pravi
2243 2939 2326 2996 lex
2368 2940 2705 3011 reticuisset,
2733 2943 3050 3015 imperfecta
3084 2960 3229 3006 esset
3260 2928 3349 3009 lex
3385 2973 3400 3009 :

54 3034 57 3037 ‘
148 3023 522 3097 προαναιρῶν,
563 3024 788 3088 εἰκότως
820 3025 854 3095 ἡ
901 3024 1068 3079 κακία
1114 3024 1457 3079 συστέλλεται
1487 3024 1593 3079 ὑπὸ
1629 3023 1725 3078 τοῦ

1836 3028 1925 3084 sin
1973 3045 2103 3086 vero
2149 3039 2211 3087 ut
2251 3048 2442 3092 omnes
2494 3036 2707 3107 species
2752 3039 3010 3111 nequitiae
3057 3045 3402 3115 praecideret,

146 3116 341 3188 νόμου,
385 3116 521 3188 μηδὲ
569 3116 820 3203 λείψανον
858 3115 1002 3188 ἔχειν
1040 3116 1524 3190 συγκεχωρημένη.
1555 3117 1689 3171 Ὅπο

1839 3134 1928 3177 eas
1977 3121 2278 3179 vindicavit
2323 3132 2380 3181 et
2426 3129 2784 3185 retractavit:
2834 3133 3085 3203 sequitur
3132 3136 3324 3192 vitium
3372 3156 3405 3195 a

146 3206 287 3279 γοῦν
317 3206 492 3279 ἰσχύει
530 3198 715 3279 νόμος,
744 3207 839 3261 καὶ
877 3209 944 3279 τῇ
977 3206 1252 3262 πειθοῖ.τά
1284 3208 1449 3279 νεῦρα
1494 3207 1727 3273 δίδωσιν,

144 3299 279 3355 οὐδὲ
334 3299 517 3354 νοτίδα
554 3299 755 3363 κακίας
807 3297 954 3353 ἔστιν
996 3301 1207 3371 εὑρεῖν
1241 3301 1375 3354 ὅπου
1422 3300 1478 3354 δὲ
1527 3302 1727 3367 ἀτονεῖ,

145 3390 503 3463 περιέρχεται
521 3392 559 3462 ὴ
594 3389 827 3461 πονηρία
851 3388 1182 3444 σκυλεύουσα
1198 3392 1294 3446 καὶ
1316 3391 1727 3463 κατανεμομένη

148 3484 242 3536 ἐπ’
268 3481 515 3550 ἐξουσίας
541 3481 852 3553 βαδίζουσα,
881 3483 960 3555 τῷ
983 3482 1278 3555 ἀφυλάκτῳ
1304 3482 1404 3554 τῆς
1423 3482 1602 3554 ψυχῆς
1627 3484 1728 3554 τὴν

147 3571 401 3639 ἐξουσίαν
428 3573 728 3646 εὑραμένη.
758 3571 868 3645 Βοᾷ
894 3574 1003 3646 γὰρ
1026 3576 1056 3627 6
1076 3574 1239 3646 νόμος
1259 3592 1270 3604 ·
1297 3576 1367 3628 El
1391 3576 1426 3629 ὁ
1447 3575 1598 3638 λαός
1606 3590 1727 3643 μου

144 3663 384 3734 ἢκουσέ
400 3682 541 3735 μου,
585 3665 832 3736 Ἰσραὴλ
857 3665 987 3733 ταῖς
1007 3665 1170 3733 όδοῒς
1195 3684 1314 3737 μου
1339 3668 1394 3720 εί
1413 3666 1725 3735 ἐπορεύθη,

140 3757 222 3812 ἐν
247 3757 328 3823 τῷ
348 3757 561 3828 μηδενὶ
580 3756 656 3812 ἂν
680 3757 822 3824 τοὺς
843 3757 1097 3827 ἐχθροὺς
1119 3756 1314 3813 αὐτῶν
1332 3758 1723 3813 ἐταπείνωσαυ

141 3850 240 3902 ὅτε
262 3848 371 3920 γὰρ
402 3847 575 3903 πείθει
606 3848 791 3920 νόμος,
832 3848 1037 3921 ἄνευρα
1078 3849 1287 3919 γίνεται
1315 3849 1384 3905 τὰ
1416 3849 1586 3916 κακά,
1624 3868 1726 3921 χα-

150 3940 253 4013 μαὶ
281 3940 529 4011 κείμενα,
555 3941 649 3994 καὶ
672 3940 805 4012 μηδὲ
833 3941 1149 4014 ἀντωπῆσαι
1165 3945 1230 4015 τῇ
1251 3942 1395 4015 ψυχῇ
1425 3943 1721 4014 δυνάμενα.

140 4032 211 4086 Εἰ
249 4030 359 4104 γὰρ
395 4032 622 4102 λύχνος
670 4033 795 4098 τοῖς
828 4037 976 4088 ποσί
1006 4053 1126 4105 μου
1153 4038 1188 4090 ὀ
1223 4037 1406 4106 νόμος
1441 4051 1578 4102 σου,
1627 4036 1725 4090 καὶ

140 4121 275 4193 φῶς
308 4121 440 4190 ταῖς
481 4124 703 4192 τρίϐοις
723 4142 864 4194 μου,
904 4126 1012 4179 πᾶν
1051 4125 1113 4179 τὸ
1141 4126 1476 4198 πρόσκομμα
1519 4126 1724 4197 ἀνῄρη..

137 4230 258 4280 ται,
291 4215 707 4289 πεφωτισμένης
744 4217 840 4271 καὶ⁵
882 4216 1137 4286 διαυγοῦς
1161 4218 1262 4288 τῆς
1301 4218 1529 4290 καρδίας
1566 4219 1722 4289 εὑρε-

140 4304 362 4377 θείσης·
392 4306 495 4361 κᾶν
518 4308 628 4380 γὰρ
647 4309 748 4379 τὴν
770 4308 898 4363 νέαν
921 4309 1135 4380 ἐκείνην
1163 4310 1257 4364 καὶ
1289 4309 1580 4383 ὀλισθηρὰν
1621 4310 1721 4383 ἔχῃ

138 4394 383 4467 ἡλικίαν,
405 4396 647 4469 φυλακὴν
672 4398 728 4451 δὲ
753 4397 863 4455 τῶν
894 4398 1153 4471 ῥημάτων
1177 4401 1414 4474 τηρήσῃ,
1442 4400 1718 4456 ἀδιάπτω-

1830 3211 1951 3283 lege
1980 3216 2222 3270 coerceri
2251 3224 2307 3272 et
2337 3219 2585 3289 reprimi,
2620 3237 2743 3292 quae
2773 3239 2950 3295 neque
2988 3227 3250 3299 reliquias
3281 3232 3404 3302 ejus

1830 3305 2056 3374 patitur.
2099 3304 2205 3362 Ubi
2246 3306 2414 3379 igitur
2453 3311 2599 3366 valet
2637 3320 2692 3368 et
2735 3314 2879 3386 viget
2920 3318 3029 3384 lex,
3058 3327 3114 3375 ct
3154 3325 3401 3381 suasioni

1828 3410 2029 3452 nervos
2062 3395 2308 3465 adhibet,
2353 3399 2429 3455 ihi
2472 3417 2653 3473 neque
2685 3404 2884 3462 humor
2923 3408 3040 3464 vitii
3079 3414 3351 3482 reperitur
3382 3436 3399 3472 :

1840 3486 1936 3542 ubi
1972 3494 2153 3544 autem
2190 3488 2524 3560 debilitatur,
2562 3493 2881 3553 obambulat
2919 3501 3162 3572 nequitia
3190 3508 3403 3577 compi-

1827 3578 1947 3636 lans
1984 3587 2039 3636 et
2075 3581 2397 3651 depascens,
2438 3584 2667 3644 licenter
2711 3591 2987 3661 gradiens,
3018 3602 3073 3652 et
3121 3596 3402 3653 licentiam

1825 3679 1989 3727 nacta
2018 3686 2239 3744 propter
2268 3676 2570 3732 custodiam
2605 3682 2803 3738 anima:
2827 3686 3151 3756 neglectam.
3188 3688 3402 3747 Clamat

1826 3760 1973 3815 enim
2007 3762 2091 3817 lex
2135 3782 2150 3818 :
2199 3763 2263 3819 Si
2298 3766 2525 3836 populus
2562 3785 2709 3827 meus
2734 3773 2969 3830 audisset
3006 3794 3106 3843 me,
3136 3778 3311 3836 Israel
3339 3783 3400 3838 in

1825 3853 1922 3907 viis
1962 3855 2092 3909 meis
2138 3856 2185 3910 si
2231 3857 2592 3926 ambulasset,
2637 3878 2734 3932 pro
2776 3866 2940 3922 nihilo
2992 3870 3236 3929 inimicos
3279 3874 3397 3945 ejus

1824 3944 2187 4002 humiliassem
2237 3950 2306 4006 ⁸³.
2352 3951 2491 4008 Cum
2528 3955 2675 4011 enim
2714 3957 2800 4012 lex
2840 3962 3154 4031 persuadet,
3197 3944 3397 4026 nervos

1825 4036 2082 4092 amittunt
2130 4039 2263 4094 vitia
2324 4042 2480 4098 humi
2523 4045 2799 4116 iacentia,
2846 4067 2968 4122 quae
3008 4071 3109 4112 nec
3156 4059 3397 4116 animam

1823 4142 1889 4182 ex
1921 4128 2148 4186 adverso
2177 4131 2379 4189 intueri
2405 4147 2659 4206 possunt.
2683 4138 2742 4196 Si
2766 4144 2911 4198 enim
2937 4144 3152 4203 lucerna
3176 4152 3395 4222 pedibus

1822 4221 1950 4275 meis
1976 4220 2060 4275 lca:
2089 4233 2200 4287 tua.
2228 4234 2279 4280 et
2299 4227 2479 4285 lumen
2504 4234 2707 4289 semitis
2730 4236 2860 4291 meis
2886 4238 2956 4302 ⁸⁸,
3011 4220 3192 4299 omnis
3221 4244 3394 4300 oﬂ'en-

1822 4311 1906 4367 sio
1951 4314 2168 4370 sublata
2214 4325 2319 4385 est,
2368 4321 2675 4381 illuminato
2717 4327 2884 4383 corde
2921 4336 2977 4384 et
3029 4332 3391 4404 splendente;

1823 4403 1928 4459 etsi
1973 4406 2121 4460 enim
2174 4411 2299 4480 quis
2340 4420 2504 4471 aetate
2561 4416 2655 4472 illa
2723 4418 3109 4478 adolescentiae
3180 4403 3393 4483 lubrica

135 4503 237 4551 τος
264 4487 523 4542 διατελῶν
552 4489 802 4561 βοήσεται
820 4505 835 4520 ⁸
884 4490 980 4543 Ἐν
1015 4490 1131 4545 τίνι
1171 4490 1528 4559 κατορθώσει
1571 4492 1686 4548 νεώ

1839 4495 1915 4560 sit,
1957 4498 2263 4556 custodiam
2307 4514 2489 4562 tamen
2533 4508 2826 4564 verborum
2870 4521 3158 4569 conservet
3204 4532 3393 4587 perse-

134 4594 315 4645 τερος
340 4576 454 4646 τὴν
494 4577 638 4632 ὁδὸν
665 4578 888 4643 aurai};
929 4580 999 4633 ἔν
1033 4578 1113 4645 τῷ
1158 4582 1541 4649 φυλάξασθαι
1572 4582 1714 4649 τσὺς

130 4670 364 4739 λόγους
392 4684 530 4724 σου.
570 4670 809 4742 Δύναμιν
841 4670 896 4724 δὲ
930 4672 1023 4725 τοῦ
1066 4672 1336 4743 μηδέποτε
1386 4675 1713 4744 σφάλλεσθαι

132 4758 507 4830 πορισάμενος
532 4760 731 4831 ἑαυτῷ,
756 4759 836 4832 τῷ
864 4760 1125 4833 κρύπτειν
1150 4762 1249 4826 τὰς
1283 4762 1376 4815 τοῦ
1418 4765 1583 4836 νόμου
1611 4784 1716 4838 μα-

132 4850 325 4921 θήσεις
359 4852 418 4905 ὲν
465 4854 532 4923 τῇ
579 4852 806 4924 διανοίᾳ,
853 4853 1043 4924 φησίν·
1091 4854 1193 4909 Ἐν
1241 4854 1317 4925 τῇ
1345 4857 1559 4927 καρδίᾳ
1593 4876 1712 4928 μου

128 4941 373 5012 ἔκρυψα
400 4941 473 4996 τὰ
494 4942 668 5014 λόγιά
691 4958 827 5009 σου,
865 4945 1023 5012 ὅπως
1054 4945 1130 5001 ἂν
1157 4947 1238 5018 μὴ
1284 4947 1522 5018 ἁμάρτω
1551 4965 1671 5006 σοι.

203 5117 317 5171 Kal.
344 5116 486 5171 οὕτω
515 5119 605 5172 τὸν
629 5119 790 5190 νόμον
817 5121 936 5174 ἀντὶ
958 5120 1192 5193 φρουροῦ
1216 5121 1312 5175 καὶ
1351 5122 1588 5193 φύλακος
1616 5126 1708 5179 θέ-

126 5226 318 5281 μενος,
351 5214 569 5282 συνήσει
597 5212 714 5275 πῶς
738 5212 966 5266 ἕκαστον
991 5212 1098 5268 τῶν
1122 5213 1353 5269 εἰδώλων
1373 5216 1472 5287 τῆς
1505 5219 1705 5285 κακίας

122 5302 159 5353 ὁ
194 5301 357 5371 νόμος
395 5301 717 5355 ἀπελαύνεν
748 5302 1065 5358 ἀπελαύνων
1101 5304 1198 5375 μὲν
1226 5304 1326 5377 τὴν
1367 5306 1702 5379 ἀφροσύνην,

122 5387 217 5443 διὰ
248 5388 341 5444 τοῦ
387 5388 633 5459 λέγοντος
676 5392 1032 5465 γράμματος’
1068 5394 1164 5463 Μὴ
1210 5396 1450 5464 γίνεσθε
1493 5398 1573 5464 ὡς
1592 5399 1702 5452 νῖπ-

122 5492 242 5548 πος
271 5481 371 5537 καὶ
386 5484 655 5554 ἡμίονος,
678 5483 769 5553 οἷς
786 5489 899 5542 οὐκ
919 5486 1051 5542 ἔστι
1072 5490 1324 5557 σύνεσις
1342 5506 1356 5521 ·
1382 5488 1700 5564 ἐξοστρακί-

200 5625 248 5718 si
272 5623 441 5718 gon};
475 5626 698 5718 mihi}
741 5630 818 5718 I”
855 5628 1110 5718 ibid.nM.
1185 5630 1231 5665 "
1269 5628 1426 5689 Joan.
1461 5648 1535 5700 1v,
1572 5633 1662 5691 24.

1839 5640 1971 5704 Psal.
2008 5662 2171 5718 ωαχ,
2213 5652 2298 5709 l-l.
2374 5655 2421 5689 “

118 5697 171 5731 ⁸⁸
208 5696 344 5756 ibid.
387 5698 472 5753 tl.
545 5697 592 5732 "
630 5696 775 5757 Psal.
817 5715 962 5769 xxxr,
998 5698 1052 5757 9.

1818 4600 2016 4642 verans
2057 4601 2293 4657 erectus,
2342 4595 2601 4651 clamabit
2646 4614 2661 4650 :
2704 4596 2775 4652 In
2803 4614 2904 4669 quo
2948 4602 3165 4673 corrigit
3211 4607 3393 4661 adole—

1829 4681 2062 4734 scentior
2127 4684 2268 4738 viam
2331 4691 2534 4744 suam?
2592 4690 2648 4743 in
2716 4691 3057 4747 custodiendo
3127 4712 3389 4755 sermones

1818 4777 1936 4824 tuos
1987 4772 2055 4827 ⁸⁷.
2117 4772 2287 4831 David
2355 4781 2684 4851 comparatis
2737 4784 2842 4840 sibi
2890 4785 3103 4844 viribus
3154 4788 3223 4845 ad
3276 4807 3389 4851 non

1817 4861 2132 4930 lahendum,
2166 4868 2417 4925 abdendo
2446 4871 2501 4949 ig
2533 4882 2716 4930 mente
2747 4876 3069 4948 disciplinas
3095 4880 3230 4952 legis
3261 4883 3390 4938 ais--

1815 4951 1908 5006 bat
1949 4971 1963 5008 :
2010 4953 2078 5008 In
2122 4957 2278 5013 corde
2320 4976 2433 5016 meo
2479 4961 2730 5019 abscondi
2767 4967 2978 5027 eloquia
3025 4951 3239 5040 tua,iut
3281 4988 3387 5029 non

1810 5058 2012 5112 peccem
2041 5046 2136 5101 tibi
2163 5050 2229 5107 ⁸⁸.

1881 5138 2059 5208 Atque
2100 5141 2175 5195 ita
2200 5143 2294 5213 qui
2322 5144 2495 5216 legem
2524 5163 2625 5218 pro
2665 5150 2896 5207 custode
2924 5152 3255 5219 adhibuerit,
3288 5156 3342 5209 in
3360 5186 3383 5197 -

1811 5228 2033 5300 telligit.
2085 5236 2361 5302 quomodo
2413 5238 2497 5293 lex
2531 5240 2775 5311 singulas
2808 5245 3021 5315 species
3050 5246 3169 5300 vitii
3213 5247 3384 5318 abigit

1810 5325 1864 5371 et
1895 5318 2065 5389 eiicit.
2116 5323 2543 5393 lmprudeutiam
2590 5329 2807 5399 quidem
2856 5348 2955 5401 per
2996 5332 3378 5405 Scripturam,

1808 5424 1929 5477 quas
1950 5412 2026 5466 ait
2050 5431 2063 5467 :
2089 5412 2272 5471 Nolite
2302 5420 2420 5487 ﬁeri
2450 5421 2585 5474 sicut
2603 5437 2762 5491 equus
2778 5431 2827 5477 et
2848 5424 3046 5491 mulus,
3068 5426 3256 5497 quibus
3274 5445 3381 5483 mm

1806 5509 1883 5554 est
1900 5503 2194 5564 intellectus
2225 5509 2293 5566 ".
2346 5511 2714 5569 Timiditatem
2736 5529 2866 5572 vero
2888 5531 2985 5588 per
3008 5515 3376 5592 Scripturam,

2458 5655 2605 5714 Psal.
2638 5670 2828 5728 cxvm,
2864 5657 2986 5719 £05.
3064 5659 3111 5696 ³⁷
3149 5662 3285 5723 ibid.
3321 5664 3379 5732 9,
