3792 6150
464 302 604 361 1231

1611 302 1745 357 TITI
1788 303 2212 362 BOSTRENSIS
2249 304 2558 363 EPISCOPI

3562 311 3698 366 ιιιδι

457 433 580 490 qua!
609 416 791 472 dicit:
828 428 909 471 ite
958 417 1230 481 timueris,
1291 433 1410 470 cum
1456 418 1598 472 dives
1639 419 1811 488 factus
1869 420 2012 491 [ueri

2131 422 2239 485 ζων
2284 421 2341 476 δὲ
2393 423 2493 493 τὴν
2537 422 2873 477 δειλίανοδιά
2925 423 3022 477 τοῦ
3069 424 3315 494 λέγοντος
3360 425 3573 494 λογίου·
3601 431 3692 495 Μὴ

456 512 609 567 homo
642 509 687 541 ss
732 526 746 562 ε
800 525 862 561 ne
919 509 1103 562 timeas
1149 506 1396 576 probrum
1445 509 1746 576 hominum,
1797 523 1844 565 et
1892 514 2027 567 uitu-

454 603 722 673 peratione
769 616 949 655 eorum
1006 617 1068 654 ne
1121 601 1348 654 uincaris
1392 616 1409 653 :
1463 611 1510 655 et
1556 603 1679 657 time
1716 602 1882 658 Deum
1910 645 1929 675 ,η
1978 616 2026 659 et

455 692 651 750 ualebis
678 704 698 757 ;
724 703 933 762 propter
962 694 1131 761 ipsum
1159 702 1333 747 autem
1357 711 1419 749 ne
1445 696 1611 749 alium
1629 695 1833 750 timeas.
1867 697 2028 751 Timi-

454 788 627 843 ditate
662 787 752 841 hic
789 787 959 857 ejecta
999 795 1051 840 et
1087 792 1337 850 extrusa,
1368 793 1425 841 et
1452 787 1651 843 robore
1682 788 1940 857 imposito
1961 803 2025 844 ac

455 876 776 934 fortitudine
822 877 1090 942 immissa,
1122 877 1205 931 lex
1243 878 1481 933 clamat:
1529 877 1720 935 Justus
1773 890 2023 953 tanquam

455 971 535 1026 leo
562 968 783 1039 conﬁdit
806 967 984 1037 ",qui
1020 981 1128 1020 non
1175 968 1327 1021 timet
1360 982 1547 1038 neque
1588 968 1772 1023 horret
1817 969 2025 1039 jumen-

453 1073 592 1120 tum.
634 1062 854 1117 Duabus
904 1060 1151 1129 partibus
1202 1059 1322 1114 vitii
1370 1061 1622 1125 sublatis,
1656 1062 2022 1131 imprudentia

452 1164 509 1208 et
536 1151 849 1214 timiditate,
871 1151 1034 1206 simul
1054 1151 1195 1205 tollit
1221 1151 2019 1226 intemperantiam,inquiens:

454 1241 579 1298 Non
602 1241 970 1313 fornicaberis,
994 1256 1095 1294 non
1119 1239 1453 1296 moechaberis
1473 1242 1539 1297 ⁶¹.
1562 1241 1671 1299 Ubi
1696 1244 2022 1300 cohibentur

417 1335 907 1415 perturbationes,
939 1333 1152 1388 frenum
1210 1334 1584 1404 temperantiae
1623 1335 1678 1390 in
1730 1346 1913 1394 mente
1936 1354 2021 1396 re-

448 1428 692 1497 peritur;
732 1442 795 1482 ac
827 1427 1003 1482 tribus
1029 1426 1347 1489 exstinctis,
1404 1428 1705 1500 exstinguit
1733 1431 1897 1486 etiam
1936 1432 2021 1487 in-

443 1520 718 1589 iustitiam
752 1536 765 1572 :
801 1518 925 1573 Non
951 1518 1111 1588 facies
1152 1518 1247 1571 tibi
1270 1518 1502 1587 pondera
1536 1535 1699 1589 parva
1719 1533 1770 1578 et
1791 1541 2016 1596 magna;

445 1611 675 1679 pondera
696 1612 849 1682 justa
875 1623 924 1669 et
950 1617 1178 1687 aequalia
1201 1618 1309 1672 sint
1338 1617 1434 1672 tibi
1457 1618 1522 1674 ⁸³.

2130 512 2340 581 φοϐοῦ,
2370 512 2516 566 ὅταν
2545 513 2861 584 πλουτήσῃ
2881 515 3210 583 ἅνθρωπος,
3233 515 3319 586 μὴ
3338 518 3525 587 φοϐοῦ
3554 518 3696 571 ὀνει-

2130 604 2351 673 δισμὸν
2392 605 2734 673 ἀνθρώπων,
2768 607 2865 661 καί
2907 607 2986 674 τῷ
3028 608 3347 678 φαυλισμῷ
3378 610 3579 664 αὐτῶν
3609 611 3691 679 μὴ

2126 695 2316 763 ἡττῶο
2350 697 2448 750 καί
2479 698 2666 766 φοϐοῦ
2707 698 2816 752 τὸν
2851 701 3017 765 Θεὸν,
3055 701 3151 754 καὶ
3193 703 3497 770 ίσχύσειςυ
3530 704 3694 768 πλὴν

2125 787 2313 841 αὐτοῦ
2336 790 2423 857 μὴ
2453 789 2641 858 φοϐοῦ
2672 790 2881 846 ἄλλον.
2927 793 3187 846 Ἐνταῦθα
3225 793 3333 865 γὰρ
3359 795 3460 865 τὴν
3499 793 3694 847 δειλίαν

2125 879 2571 949 ἀποσεισάμενος,
2613 882 2709 934 καὶ
2750 883 2848 953 τὴν
2884 881 3075 955 ῥώμην
3118 883 3322 949 ἐνθεὶς,
3348 885 3441 937 καὶ
3470 885 3571 957 τὴν
3605 887 3694 939 ἀν-

2123 973 2306 1044 δρείαν
2334 974 2606 1045 ἐμϐαλὼν,
2643 974 2744 1046 βοᾷ
2765 991 2778 1005 ·
2813 975 3047 1042 Δίκαιος
3088 977 3164 1041 ὡς
3195 975 3352 1030 λέων
3391 976 3695 1038 πέποιθεν,

2123 1068 2200 1131 ὡς
2240 1069 2302 1120 οὐ
2350 1068 2631 1139 φοϐεῖται,
2666 1067 2787 1121 οὐδὲ
2832 1068 3169 1139 καταπτήσει
3213 1068 3426 1138 κτῆνος.
3476 1069 3592 1122 Καὶ
3634 1070 3703 1123 τὰ

2121 1160 2215 1213 δύο
2260 1160 2373 1229 εἴδη
2421 1160 2521 1231 τῆς
2563 1160 2761 1223 κακίας
2798 1157 3088 1231 ἀνῃρηκὼς
3112 1199 3127 1222 ,
3157 1159 3467 1231 ἀφροσύνην
3510 1176 3573 1212 τε
3610 1163 3704 1214 καὶ.

2120 1252 2345 1317 δειλίαν,
2397 1255 2709 1321 συναναιρεί
2750 1252 2845 1306 καὶ
2880 1252 2978 1324 τὴν
3010 1252 3335 1316 ἀκολασίαν,
3369 1250 3577 1320 λέγων·
3621 1254 3705 1304 Οὐ

2120 1347 2511 1416 πορνεύσεις,
2553 1346 2626 1398 οὐ
2665 1345 3033 1414 μοιχεύσεις.
3081 1344 3249 1396 Ὅπου
3295 1343 3364 1396 τὰ
3409 1342 3562 1413 πάθη
3608 1360 3703 1395 συ-

2122 1439 2433 1502 στέλλεται,
2465 1436 2679 1509 χαλινὸς
2713 1436 3065 1508 σωφροσύνης
3104 1437 3163 1489 ὲν
3199 1438 3265 1507 τῇ
3307 1434 3521 1503 διανοίᾳ
3552 1434 3704 1504 εὑρί-

2121 1546 2312 1583 σκεται
2336 1546 2349 1559 ο
2382 1528 2476 1581 καὶ
2507 1526 2617 1581 τῶν
2639 1525 2805 1597 τριῶν
2836 1543 3108 1600 συνανῃρη
3119 1526 3312 1596 μένων,
3348 1528 3570 1596 ἀναιρεῖ
3608 1525 3705 1577 καὶ

2116 1619 2216 1688 τὴν
2248 1616 2461 1671 ἀδικίαν
2482 1631 2496 1645 ·
2530 1618 2612 1671 Οὐ
2646 1614 2920 1682 ποιήσεις
2953 1615 3184 1682 σεαυτῷ
3217 1616 3477 1684 σταθμία
3514 1616 3704 1685 μικρὰ

2117 1710 2214 1764 καὶ
2230 1707 2466 1779 μεγάλα
2489 1725 2502 1739 υ
2526 1708 2785 1777 σταθμία
2809 1708 3010 1762 δίκαια
3024 1709 3120 1764 καὶ
3148 1708 3253 1762 ῑσα
3275 1708 3561 1763 ἐστωσὰν
3578 1726 3695 1764 σοι.

516 1874 691 1945 Atque
714 1872 786 1927 ita
809 1873 1038 1945 singulis
1062 1874 1312 1945 partibus
1335 1875 1589 1946 nequitiae
1615 1874 1829 1941 deletis,
1859 1873 2012 1931 solu-

2185 1863 2295 1917 Καὶ
2328 1861 2492 1926 οὕτω,
2523 1858 2630 1914 τῶν
2667 1863 2766 1933 τῆς
2796 1860 2996 1925 κακίας
3036 1861 3417 1934 ἀνῃρημένων,
3454 1861 3489 1932 ή
3525 1877 3699 1931 πονη-

442 1974 497 2021 ta
519 1973 606 2021 est
624 1965 891 2035 nequitia,
917 1981 1039 2036 quae
1072 1981 1178 2021 non
1218 1973 1400 2037 potest
1429 1967 1664 2037 amplius
1690 1967 2011 2023 obambula-

444 2072 505 2113 re
532 2058 589 2112 in
622 2066 820 2113 mente.
851 2056 1000 2124 Quas
1036 2059 1203 2129 igitur
1240 2058 1359 2113 vitii
1388 2058 1597 2129 species
1626 2073 1738 2114 non
1788 2060 2011 2115 sustulit

442 2149 565 2204 les?
595 2163 733 2219 quas
761 2157 946 2219 partes
974 2151 1271 2221 voluptatis
1306 2165 1416 2208 non
1438 2149 1746 2207 destruxit?
1777 2165 1914 2222 quas
1940 2152 2010 2205 ti-

444 2238 740 2304 miditates,
763 2253 901 2309 quas
948 2238 1342 2310 imprudentiae
1388 2255 1501 2296 non
1532 2256 1709 2312 usque
1735 2242 1872 2298 adeo
1898 2242 2013 2297 vin-

442 2330 648 2386 dicavit
681 2330 879 2387 tollens
919 2331 1274 2401 voluptatem,
1300 2339 1361 2386 ut
1402 2333 1568 2388 etiam
1604 2348 1794 2388 curam
1824 2334 2012 2390 oculo-

443 2438 566 2478 rum
602 2422 874 2487 habuerit,
905 2423 1172 2478 auditioni
1202 2440 1309 2480 non
1341 2427 1667 2496 pepercerit,
1690 2435 1744 2482 et
1769 2426 2011 2497 linguam

441 2530 552 2571 non
588 2515 925 2586 neglexerit?
950 2513 1117 2570 Posui
1141 2517 1280 2571 enim
1320 2518 1486 2572 oculis
1529 2519 1658 2571 meis
1689 2520 2007 2587 custodiam,

439 2618 492 2662 et
516 2624 620 2662 non
650 2606 941 2676 intelligam
982 2623 1138 2677 super
1160 2610 1408 2679 virginem
1450 2610 1519 2664 “.
1572 2608 1805 2665 Sanctus
1836 2626 2009 2681 usque

441 2699 512 2755 ad
558 2713 744 2755 curam
797 2698 1083 2753 oculorum
1134 2700 1416 2771 procedit,
1474 2716 1542 2755 ne
1589 2702 1840 2772 voluptas
1891 2703 2011 2757 ani-

440 2805 586 2846 mam
618 2790 885 2863 titillans,
934 2806 1054 2847 eam
1091 2790 1156 2845 ad
1200 2794 1700 2863 concupiscendum
1751 2793 2005 2850 adducat.

438 2879 597 2937 Alius
623 2890 848 2937 sanctus
877 2882 1149 2937 clamabat
1180 2900 1194 2936 :
1240 2881 1322 2937 Ne
1350 2884 1744 2955 circumspicias
1777 2888 2010 2956 pulchri-

442 2971 676 3026 tudinem
705 2973 1048 3049 atienam,_ne
1071 2973 1307 3043 uoluptas
1329 2992 1448 3028 cum
1477 2977 1785 3032 vestibulum
1817 2980 2010 3035 anima:

441 3060 656 3131 ceperit,
686 3075 826 3129 spem
855 3061 1117 3133 ingressus
1160 3064 1441 3133 concipiat,
1472 3066 1707 3135 quinimo
1762 3085 1795 3122 a
1822 3068 2008 3138 januis

2120 1958 2208 2030 ρία
2252 1953 2500 2017 λέλυται,
2539 1953 2736 2025 μηκέτι
2793 1951 3125 2023 ἐμϐατεῦσαι
3170 1954 3235 2023 τῇ
3273 1951 3486 2023 διανοίᾳ
3532 1952 3699 2005 δυνα-

2119 2048 2276 2119 μένη.
2310 2047 2447 2101 Ποῖα
2472 2042 2566 2101 οὖν
2594 2046 2697 2117 ήδη
2726 2045 2953 2108 ἀτοπίας
2986 2045 3085 2098 οὐκ
3134 2042 3405 2115 ἀνῄρησεν
3430 2046 3461 2097 ό
3497 2044 3699 2114 νόμος;

2115 2141 2245 2192 ποῖα
2284 2138 2425 2210 μέρη
2462 2137 2661 2209 ἡδονῆς
2703 2138 2765 2190 οὐ
2798 2136 3018 2202 λέλυκε;
3058 2134 3217 2198 ποίας
3252 2134 3491 2200 δειλίας,
3538 2134 3700 2197 ποίας

2114 2227 2424 2300 ἀφροσύνας
2469 2228 2569 2281 οὐκ
2616 2227 2710 2280 ἐπὶ
2753 2224 3006 2279 τοσοῦτον
3044 2223 3303 2293 ἐπεξῆλθε
3352 2224 3453 2294 τὴν
3502 2222 3699 2295 ἡδονὴν

2113 2320 2353 2393 ἀναιρῶν
2373 2360 2387 2385 ,
2415 2320 2490 2384 ὡς
2528 2320 2624 2373 καὶ
2649 2318 2758 2372 τῶν
2787 2317 3057 2389 ὀμμάτων
3101 2315 3539 2387 ἑπιμελήσασθαι
3556 2357 3572 2380 ,
3605 2317 3698 2370 καὶ

2111 2414 2210 2484 τῆς
2241 2414 2411 2484 ἀκοῆς
2453 2411 2526 2483 μὴ
2561 2410 2871 2480 φείσασθαι,
2902 2409 2996 2464 καὶ
3033 2408 3134 2479 τῆς
3175 2407 3431 2479 γλώσσης
3460 2408 3537 2479 μὴ
3560 2410 3697 2479 ἡμε-

2112 2504 2335 2577 ληκέναι
2359 2520 2373 2570 ;
2422 2503 2675 2574 Ἐθέμην
2711 2504 2821 2574 γὰρ
2848 2502 2975 2568 τοῖς
3005 2499 3332 2571 ὀφθαλμοῖς
3349 2518 3475 2570 μου
3504 2504 3697 2569 φυλα-

2115 2597 2253 2666 κὴν,
2292 2598 2389 2651 καὶ
2430 2598 2501 2651 οὐ
2541 2596 2628 2665 μὴ
2657 2594 2911 2662 συνήσω
2943 2594 3042 2647 ἐπὶ
3085 2592 3403 2663 παρθένον.
3451 2595 3510 2647 Ὀ
3543 2594 3693 2661 ἅγιος

2119 2686 2280 2758 μέχρι
2317 2685 2427 2739 τῶν
2467 2685 2731 2756 ὀμμάτων
2779 2683 2968 2753 φθάνει
2991 2701 3005 2715 ο
3050 2685 3136 2739 ἵνα
3174 2682 3248 2754 μὴ
3288 2683 3695 2753 γαργαλίζουσα

2114 2779 2211 2851 τὴν
2248 2777 2426 2850 ψυχὴν
2474 2778 2637 2848 ἡδονὴ
2679 2778 2760 2839 είς
2807 2776 3094 2847 σκελισμὶλν
3132 2777 3232 2847 τῆς
3273 2774 3577 2845 ἰπιθυμίας
3606 2774 3695 2827 ἀν-

2113 2869 2316 2941 αγάγῃ.
2362 2870 2588 2943 Ἕτερος
2620 2868 2726 2922 τῶν
2777 2870 2945 2937 ἁγίων
2980 2868 3145 2922 ἐϐόα·
3186 2867 3283 2935 Μὴ
3328 2867 3693 2935 περιϐλέπῃς

2115 2964 2343 3030 κάλλος
2380 2965 2721 3032 ἀλλότριον,
2751 2963 2851 3016 ἵνα
2886 2961 2970 3032 μὴ
3011 2961 3221 3029 ἡδονὴ,
3252 2959 3415 3030 μηδὲ
3449 2962 3524 3012 τὰ
3556 2960 3692 3025 πρό-

2113 3059 2286 3124 θυμα.
2310 3054 2420 3123 τῆς
2444 3053 2652 3124 ψυχῆς
2695 3054 2991 3119 λαϐοῦσα,
3032 3052 3250 3107 ἐλπίδα
3290 3050 3403 3118 τῆς
3453 3049 3690 3103 εισόδου

440 3151 655 3220 repulsa
684 3151 910 3207 insidias
964 3169 1091 3208 suas
1139 3153 1373 3225 desperet
1403 3134 1876 3229 “.7Progrediens
1907 3176 2010 3217 au-

2126 3145 2384 3215 ἰαμϐάνῃ
2404 3164 2418 3176 θ
2445 3144 2606 3199 ἀλλὰ
2628 3143 2725 3197 καὶ
2752 3141 2871 3197 τῶν
2897 3142 3091 3210 θυρῶν
3120 3138 3499 3194 ἀπελαθεῖσα
3523 3134 3691 3229 ἀνέλ-

441 3251 552 3299 tem
582 3241 651 3298 ad
681 3258 843 3300 aures
892 3252 947 3298 et
1001 3245 1067 3299 ad
1103 3245 1357 3316 linguas,
1406 3246 1596 3317 vigiles
1644 3256 1700 3304 et
1758 3251 2011 3309 custodes

440 3333 701 3389 membris
726 3333 990 3405 praefecit,
1021 3350 1129 3390 non
1160 3336 1361 3391 cedens
1405 3337 1524 3392 loco
1574 3353 1705 3406 suo,
1753 3341 1883 3410 quin
1913 3356 2012 3411 po-

441 3428 553 3483 tius
578 3427 778 3483 clamat
802 3447 815 3482 :
852 3426 1025 3494 Pone,
1065 3426 1286 3483 Domine
1305 3470 1321 3496 ,
1348 3428 1646 3484 custodiam
1674 3432 1757 3485 ori
1787 3449 1900 3487 meo
1930 3434 2007 3501 “;

441 3535 510 3577 ue
540 3534 722 3576 sermo
742 3520 918 3591 turpis
940 3521 1060 3576 sine
1088 3522 1321 3579 utilitate
1352 3523 1590 3579 emissus
1614 3565 1629 3590 ,
1687 3525 2011 3581 invitamen-

440 3621 557 3668 tum
591 3613 889 3684 voluptatis
927 3612 1108 3683 turpia
1159 3613 1403 3684 loquenti
1459 3614 1738 3687 adjungat.
1789 3616 2008 3673 Habens

441 3714 704 3777 praeterea
743 3721 931 3761 curam
967 3706 1278 3762 lumborum
1305 3746 1321 3771 ,
1363 3708 1722 3778 praedicavit,
1752 3723 1822 3765 ne
1855 3725 2009 3767 mens

442 3798 552 3853 huc
583 3807 637 3854 et
674 3798 806 3853 illuc
837 3799 1035 3870 agitata
1066 3800 1243 3854 vincto
1287 3809 1450 3858 esset.
1504 3799 1767 3872 Praecepit
1818 3802 2007 3857 enim:

442 3886 534 3943 Sic
553 3887 832 3943 comedetis
853 3888 1069 3959 pascha,
1097 3888 1261 3944 lumbi
1280 3892 1441 3946 vestri
1464 3901 1616 3946 erunt
1636 3892 1904 3962 pra’cincti
1931 3891 2004 3942 στι

442 3993 515 4035 ne
540 3979 588 4035 si
619 3979 861 4034 membra
890 3979 1126 4035 habeant
1176 3981 1466 4049 discincta,
1494 3982 1644 4039 facili
1700 3992 1850 4040 motu
1883 3999 2011 4055 pre-

441 4068 680 4126 hendere
709 4069 1017 4140 possimus;
1072 4086 1267 4128 rursus
1307 4088 1438 4129 vero
1483 4075 1539 4130 in
1569 4075 1651 4131 sic
1696 4075 2009 4146 praecinctis

441 4157 707 4228 optimum
742 4158 991 4215 ordinem
1034 4160 1102 4215 ad
1151 4176 1241 4217 res
1274 4163 1537 4226 gerendas
1579 4173 1636 4221 et
1681 4165 1749 4220 ad
1791 4166 2008 4234 negotia

440 4248 800 4320 reperiamus.

2110 3253 2330 3292 πιστον
2370 3235 2485 3305 τὴν
2519 3233 2854 3302 ἐπιϐουλὴν
2902 3232 3034 3302 ἔχῃ.
3079 3231 3298 3285 Φθάνων
3346 3230 3407 3282 δὲ
3456 3229 3554 3281 ἐπὶ
3600 3228 3690 3288 τὰς

2111 3328 2283 3392 ἀκοὰς
2310 3328 2405 3383 καὶ
2432 3329 2513 3392 είς
2545 3327 2645 3391 τὰς
2675 3325 2953 3395 γλώττας,
2993 3322 3263 3396 φρουροὺς
3306 3321 3407 3375 καὶ
3444 3319 3689 3389 φύλακας

2110 3423 2203 3477 καὶ
2244 3424 2356 3484 τοῖς
2406 3419 2623 3491 μέλεσιν
2676 3417 2946 3490 ἐπέθηκε,
2977 3416 3141 3468 τόπον
3189 3412 3320 3466 [διον
3370 3412 3448 3483 μὴ
3495 3410 3687 3473 διδοὺς,

2108 3514 2223 3569 ἀλλ’
2246 3512 2377 3566 ἐϐόα
2395 3529 2408 3543 ·
2448 3511 2587 3577 Θοῦ,
2615 3512 2815 3580 Κύριε,
2844 3506 3130 3579 φυλακὴν·
3158 3503 3239 3570 τῷ
3265 3505 3524 3573 στόματί
3543 3519 3685 3572 μου·

2110 3606 2197 3660 ἵνα
2229 3603 2362 3677 μηδὲ
2396 3602 2594 3666 ἄτοπος
2630 3601 2789 3670 λόγος
2826 3600 2950 3671 δίχα
2987 3598 3083 3652 τοῦ
3115 3595 3394 3667 ὠφελίμου
3436 3592 3692 3667 προεξελ-

2110 3697 2217 3752 θὼν
2248 3697 2440 3767 ἡδονῆς
2473 3694 2663 3767 δέλεαρ
2695 3694 2774 3765 τῷ
2803 3693 2872 3747 τά
2917 3689 3120 3762 αἰσχρὰ
3162 3686 3528 3759 φθεγγομένῳ
3564 3700 3692 3755 προ-

2108 3789 2328 3861 ξενήσῃ.
2366 3785 2786 3858 Ἐπιμελόμενος
2839 3782 2897 3836 δὲ
2934 3783 3029 3836 καὶ
3068 3780 3170 3850 τῆς
3203 3777 3406 3847 ὀσφύος
3426 3816 3443 3839 ,
3484 3776 3584 3829 τοῦ
3621 3773 3693 3845 μὴ

2108 3874 2209 3935 ὧδε
2258 3880 2417 3934 κάκεῖ
2470 3876 2774 3931 σεισθεῖσαν
2814 3873 2913 3945 τὴν
2959 3873 3196 3927 διάνοιαν
3249 3868 3486 3939 δεσμίαν
3533 3863 3689 3931 εἶναι,

2110 3970 2476 4043 προενοήσατο
2507 3963 2902 4038 παραγγέλλων
2919 3978 2935 3995 ’
2976 3962 3139 4016 Οὕτω
3175 3955 3444 4027 φάγεσθε
3485 3955 3555 4007 τὸ
3581 3953 3694 4007 xci-

2108 4063 2361 4132 σχα,‹αί
2394 4058 2621 4128 ὀσφύες
2656 4054 2825 4127 ὑμῶν
2870 4049 3323 4123 περιεζωσμέναι
3349 4061 3365 4077 ο
3419 4046 3513 4098 ἵνα
3564 4043 3696 4116 μηδὲ

2107 4152 2177 4208 τά
2209 4152 2344 4224 μέλη
2386 4150 2604 4217 ἀζωστα
2643 4148 2856 4221 ἔχοντες
2890 4148 2957 4217 τῇ
3004 4144 3162 4216 ῥᾳδία
3206 4141 3423 4211 κινήσει
3467 4154 3693 4192 atatem-

2110 4246 2480 4318 χειρήσωμεν,
2505 4241 2618 4296 ἀλλ’
2647 4240 2790 4294 οὕτω
2829 4235 3179 4307 διεζωσμέναι
3219 4230 3378 4297 τάξιν
3416 4230 3525 4301 τὴν
3561 4228 3693 4301 πρὸς

2109 4337 2179 4392 τά
2200 4336 2501 4409 πράγματα
2532 4333 2762 4406 ἀρίστην
2786 4329 3096 4404 εὑρώμεθα.

510 4455 595 4512 Ad
625 4454 773 4512 hunc
804 4457 1024 4513 modum
1054 4458 1300 4529 partibus
1330 4459 1629 4531 voluptatis
1656 4462 1907 4528 sublatis,
1950 4464 2007 4519 in

2179 4470 2291 4526 Καὶ
2314 4470 2457 4525 οὕτω
2480 4468 2588 4523 τῶν
2626 4467 2781 4521 είδῶν
2820 4466 2922 4536 τῆς
2963 4464 3154 4538 ἡδονῆς
3195 4460 3689 4535 προανῃρημένων,

443 4549 652 4621 species
679 4550 934 4605 vitiorum
966 4553 1137 4622 partis
1166 4553 1376 4609 ratione
1411 4554 1671 4625 praeditas,
1702 4563 1757 4611 et
1796 4556 1849 4610 in
1884 4572 2009 4627 spe-

441 4641 555 4695 cies
591 4638 872 4708 iujustitia:
919 4641 1137 4697 invasit.
1180 4641 1238 4698 Si
1286 4642 1433 4698 enim
1485 4647 1674 4703 tollere
1715 4663 1837 4718 quae
1880 4655 2010 4705 sunt

441 4730 690 4794 alterius,
725 4740 778 4786 et
802 4747 897 4802 per
923 4734 1031 4787 vim
1063 4733 1255 4789 tollere
1298 4741 1353 4789 et
1397 4735 1571 4792 invito
1606 4737 1828 4795 domino
1853 4781 1868 4806 ,
1919 4740 2007 4794 in-

436 4820 649 4889 iustitia
679 4829 798 4889 est;
824 4830 879 4878 et
906 4810 1184 4879 tollentem
1217 4839 1338 4894 quae
1365 4826 1540 4882 aliena
1571 4836 1738 4894 sunt,
1787 4828 1918 4883 dare
1945 4844 2009 4883 ea

440 4913 838 4979 meretricibus,
875 4915 961 4970 vel
998 4915 1277 4974 luxuriose
1305 4933 1652 4984 consumere,
1687 4920 1899 4991 species
1923 4919 2009 4974 in-

438 5006 667 5075 iustitia:
706 5016 827 5062 est:
862 5006 1103 5079 injustus
1135 5016 1220 5064 est
1243 5050 1258 5075 ,
1305 5010 1400 5080 qui
1436 5010 1695 5066 honorem
1753 5010 1865 5065 Deo
1905 5010 2013 5067 eri-

443 5100 621 5171 piens,
651 5100 813 5170 lignis
853 5108 908 5155 et
938 5100 1277 5157 dmmonibus
1307 5117 1428 5158 eum
1465 5103 1720 5166 adhibet,
1752 5110 1807 5156 et
1839 5102 2012 5156 hono-

444 5207 557 5245 rem
590 5190 685 5246 Dei
717 5191 1011 5256 consumit,
1043 5198 1096 5245 et
1125 5192 1180 5245 in
1214 5199 1396 5248 mente
1424 5194 1737 5248 luxuriosus
1763 5202 1867 5248 est.
1902 5194 2011 5249 Nec

442 5283 588 5337 enim
623 5283 695 5336 ita
722 5284 1000 5338 luxuriose
1029 5284 1183 5348 vivit,
1227 5285 1317 5354 qui
1350 5299 1482 5355 opes
1515 5286 1813 5349 consumit,
1848 5293 1906 5338 ut
1927 5292 2011 5339 cst

444 5373 703 5444 injustus,
736 5374 830 5445 qui
864 5389 1092 5445 magnas
1120 5382 1175 5431 et
1205 5374 1484 5431 aﬂluentes
1533 5375 1754 5432 divitias
1789 5375 2012 5431 honoris

446 5460 540 5517 Dei
566 5479 633 5520 ex
666 5466 851 5520 animo
875 5465 1056 5522 delet:
1085 5466 1327 5537 quandiu
1352 5467 1495 5522 enim
1529 5468 1732 5523 divitize
1752 5468 2010 5539 cognitio-

515 5637 747 5709 “Psal.
786 5655 972 5703 xcvm,
1011 5643 1098 5696 i7.
1173 5645 1216 5677 σί
1259 5643 1418 5698 Prov.
1450 5658 1646 5709 xxvm,
1681 5643 1735 5699 i.

2109 4562 2372 4635 ἐπεξῆλθε
2406 4562 2501 4616 καὶ
2533 4560 2673 4615 κατά
2703 4558 2811 4612 τῶν
2841 4558 2996 4611 εἰδῶν
3015 4557 3114 4627 τῆς
3142 4553 3405 4616 διανοίας,
3431 4554 3533 4605 καὶ
3560 4549 3692 4606 κατά

2109 4655 2218 4709 τῶν
2249 4655 2406 4711 εἰδῶν
2438 4655 2536 4726 τῆς
2573 4651 2808 4714 ἀδικίας.
2845 4652 2909 4703 Εἰ
2938 4649 3047 4721 γὰρ
3070 4648 3130 4700 τὺ
3162 4645 3233 4699 τὰ
3258 4646 3457 4716 ἐτέρου
3490 4643 3690 4703 λαϐεῖν,

2111 4746 2205 4801 καὶ
2239 4746 2330 4817 βίᾳ
2352 4746 2554 4810 λαϐεῖν,
2580 4744 2676 4798 καὶ
2710 4743 2933 4804 ἄκοντος
2960 4738 3164 4802 λαϐεῖν,
3201 4737 3390 4790 ἀδικία
3410 4736 3535 4789 ἐστί
3553 4747 3573 4765 ⁶
3608 4734 3697 4786 καὶ

2111 4837 2199 4889 τὸν
2227 4835 2459 4889 λαϐόντα
2496 4834 2564 4888 τὰ
2604 4833 2791 4903 ἐτέρου
2856 4830 2890 4901 ἢ
2948 4829 3194 4901 ἑταίραις
3227 4825 3430 4879 διδόναι
3450 4865 3469 4890 ,
3501 4826 3537 4898 ἧ
3569 4822 3695 4878 ἀσώ-

2117 4942 2223 4989 τως
2261 4924 2738 4996 καταδαπανῆσαι,
2765 4917 2905 4985 εἶδός
2955 4922 3101 4974 ἐστιν
3143 4917 3391 4980 ἀδικίας·
3440 4917 3629 4979 ἄδικος
3671 4915 3697 4964 ὁ

2115 5014 2214 5086 τὴν
2239 5014 2403 5085 τιμὴν
2430 5014 2522 5067 τοῦ
2551 5012 2685 5066 Θεοῦ
2710 5009 2982 5082 ἀφαιρῶν,
3019 5008 3196 5076 ξύλοις
3225 5006 3282 5060 δὲ
3314 5007 3414 5059 καὶ
3448 5006 3697 5076 δαίμοσιν

2116 5106 2285 5177 αὐτὴν
2315 5104 2594 5169 ἀποδιδοὺς
2618 5143 2633 5168 ,
2663 5105 2759 5157 καλ⁵
2797 5100 3194 5157 καταδαπανόω
3223 5098 3325 5170 τὴν
3369 5098 3546 5169 τιμὴν
3565 5138 3580 5160 ,
3610 5094 3696 5150 καὶ

2114 5195 2518 5267 ἀσωτευόμενος
2546 5197 2604 5249 ὲν
2629 5197 2694 5267 τῇ
2726 5194 2956 5265 διανοίᾳ.
2987 5193 3123 5246 Οὐδὲ
3146 5189 3256 5261 γὰρ
3289 5188 3471 5253 οὕτως
3498 5189 3696 5251 ἄσωτος

2114 5287 2143 5338 ὁ
2166 5285 2557 5340 καταδαπανῶν
2588 5286 2686 5355 τὴν
2714 5284 2920 5351 οὐσίαν,
2952 5283 3026 5347 ὡς
3052 5281 3236 5344 ἄδικος
3263 5281 3292 5332 ὁ
3324 5279 3431 5352 τὴν
3458 5275 3696 5349 μεγάλην

2117 5377 2453 5448 περιουσίαν,
2492 5377 2591 5448 τὴν
2639 5376 2805 5449 τιμὴν
2855 5374 2950 5429 τοῦ
2993 5373 3130 5429 Θεοῦ
3167 5372 3277 5427 ἀπὸ
3321 5373 3429 5444 τῆς
3462 5368 3697 5428 διαωίας

2116 5467 2484 5538 ἐξαφανίζων*
2520 5471 2603 5538 ἐφ’
2635 5470 2760 5523 ὅσον
2804 5466 2913 5539 γὰρ
2954 5465 3282 5536 συνέστηκεν
3323 5465 3362 5536 ἠ
3413 5458 3694 5535 περιουσία

1809 5643 1854 5674 ⁶²
1876 5640 2012 5712 βω

2126 5656 2214 5710 tx,
2251 5643 2355 5711 14,
2394 5645 2482 5702 15.
2559 5646 2607 5680 ⁸³
2643 5645 2821 5705 Levit.
2856 5658 2973 5712 ιιι,
3006 5643 3113 5709 55,
3147 5641 3217 5698 36
3317 5642 3369 5676 “
3402 5639 3514 5698 Job
3544 5653 3686 5699 ιω.

449 5703 505 5759 1.
577 5708 622 5739 ⁸⁸
661 5707 828 5763 Eccli.
870 5726 959 5774 ix,
993 5711 1058 5777 8,
1095 5712 1148 5766 9.
1226 5714 1271 5746 ⁸⁸
1308 5712 1453 5769 Psal.
1488 5703 1712 5781 οιιίδ.
1790 5713 1833 5745 ⁸⁷
1874 5710 2012 5768 Exod

2126 5703 2321 5780 11,“.
