3792 6150
141 315 281 373 1235

1171 335 1542 395 ADVERSUS
1582 339 2007 399 MANICH/EOS
2044 343 2174 402 LIB.
2219 346 2311 402 Ill.

3240 338 3391 414 ηδτ

134 438 530 542 τῆς-γνώσεως
556 446 621 515 τῇ
669 445 914 521 damn
962 451 1097 523 πρὸς
1154 455 1243 508 τὸν
1299 457 1433 511 Θεὸν
1476 460 1712 527 διάθεσις

1820 463 1904 517 nis
1933 462 2025 519 Dei
2056 465 2107 518 in
2133 466 2314 519 animo
2349 474 2691 536 permanent,
2721 470 3013 542 respondet
3036 471 3090 526 in
3114 487 3176 527 ea
3198 474 3381 529 chari-

136 530 469 588 ἀποδίδοται.
507 534 672 589 Ὅταν
705 538 762 591 δὲ
794 542 942 595 πᾶσα
983 548 1330 621 καταπονηθῇ
1384 553 1474 606 καὶ
1517 572 1713 613 καταν-

136 621 320 694 αλωθῇ
354 627 448 679 καὶ
478 628 797 703 πτωχεύσῃ,
821 634 941 687 τότε
968 635 1153 691 λοιπὸν
1186 639 1285 711 τὴν
1314 644 1521 698 ἐκείνου
1548 649 1713 721 τιμὴν

137 715 222 777 είς
264 713 394 779 ξύλα
440 721 533 772 καὶ
582 721 775 794 τέχνην
830 728 1147 799 καταφέρει.
1201 733 1297 786 Διά
1345 736 1503 790 τοῦτο
1547 713 1641 793 καὶ
1669 713 1713 795 ’ὁ

152 808 472 875 ’Δπὸστολος
500 812 595 883 τὴν
632 815 845 872 ἀδικίαν
872 819 1288 894 δεισιδαιμονίαν
1327 829 1711 901 ἐπιστάμενος,

137 897 292 967 ἔλεγε
312 917 325 932 ·
362 904 469 956 Kal
499 905 611 974 τὴν
635 910 1017 979 πλεονεξίαν,
1047 913 1179 997 ἥτις
1199 916 1370 972 ἐστὶν
1403 897 1714 979 elato-Joqu

139 1008 324 1059 τρεια.
852 1033 859 1037 ς

224 1171 375 1226 Ἐπεὶ
403 1168 496 1229 οὖν
521 1177 620 1248 τῆς
651 1179 864 1245 ἀδικίας
893 1185 951 1236 τὸ
984 1185 1364 1256 χαλεπώτατόν
1400 1194 1514 1247 ἐστι
1548 1210 1714 1268 μερος

135 1261 173 1331 ἡ
213 1264 294 1358 είς
321 1264 452 1358 ρεὸν
485 1268 694 1335 ἄγνοια,
732 1271 1043 1346 βραχυτέρα
1072 1278 1128 1332 δέ
1161 1282 1308 1335 ἐστιν
1342 1285 1375 1355 ἡ
1405 1287 1484 1351 είς
1508 1261 1716 1358 ἀνθρωξ-

137 1352 278 1417 ποὺς
313 1355 692 1428 πλημμέλεια⁰
735 1366 828 1418 καὶ
864 1366 945 1430 είς
984 1367 1078 1421 δύο
1110 1352 1395 1444 διαιρεῖται
1431 1379 1463 1446 ἡ
1509 1352 1712 1444 ἀδικία,

138 1444 219 1506 είς
254 1462 310 1497 τε
346 1447 441 1519 τὴν
480 1452 561 1514 είς
588 1451 719 1506 Θεὸν
759 1454 982 1524 ἄγνοιαν
1013 1461 1104 1513 καὶ
1141 1463 1240 1534 τὴν
1277 1467 1357 1529 εἰς
1393 1444 1715 1542 ἀνθρώπους

138 1535 516 1635 ⁸εὲτελημμέλειαν
538 1560 550 1572 ·
597 1548 940 1620 γραφόμενος
978 1553 1006 1604 ὁ
1046 1554 1207 1624 νόμος
1257 1535 1583 1632 ἀμφοτέρὶυν
1626 1564 1717 1635 ἦρ·

138 1624 290 1691 ξατο.
337 1630 445 1684 Καὶ
479 1636 693 1705 πρῶτον
728 1640 829 1710 μὲν
872 1642 998 1715 βοᾷ·
1037 1647 1120 1699 Οὐ
1164 1624 1441 1715 ποιήσεις
1474 1624 1717 1721 σεαυτῷ

133 1718 377 1819 altitudo,
405 1728 630 1794 παντὸς
666 1734 925 1804 ὁμοίωμα
944 1752 957 1765 ο
993 1738 1078 1792 ἵνα
1105 1739 1200 1811 μὴ,
1234 1741 1332 1814 τὴν
1360 1743 1455 1798 τοῦ
1495 1718 1716 1819 πεποιη-

1815 562 1900 609 tas
1938 569 2065 626 erga
2096 554 2286 611 Deum.
2337 556 2474 612 Cum
2505 566 2685 615 autem
2712 576 2902 618 onmes
2930 562 3131 618 divitia:
3157 565 3383 636 dilapsa

1813 654 1867 701 et
1891 657 2225 719 consumpta:
2252 657 2399 716 sunt,
2429 660 2483 705 et
2513 651 2582 705 ad
2611 652 2849 722 inopiam
2885 655 3105 710 redacta
3140 664 3225 712 est
3258 659 3381 712 ani-

1813 752 1937 806 ma;
1972 740 2299 811 relinquitur
2327 749 2477 809 tunc,
2505 752 2565 797 ut
2585 743 2848 799 honorem
2880 745 2972 800 Dei
3001 748 3163 818 lignis
3191 757 3245 804 et
3273 750 3380 806 arti

1813 831 2037 899 pictoris
2066 839 2120 886 et
2154 835 2446 904 sculptoris
2467 835 2695 892 deferat.
2726 836 2882 894 Unde
2911 839 3227 910 Apostolus,
3252 857 3377 897 cum

1814 922 1979 979 sciret
2019 927 2187 995 ipsam
2218 928 2536 996 injustitiam
2584 945 2708 986 esse
2753 932 3023 986 culturam
3063 932 3212 989 falsa:
3254 935 3380 990 reli-

1814 1018 2012 1087 gionis,
2044 1018 2217 1074 dixit:
2254 1018 2318 1072 Et
2345 1021 2645 1085 avaritiam,
2678 1040 2795 1094 qua:
2824 1034 2901 1079 est
2936 1026 3196 1081 idolorum
3225 1029 3382 1084 servi-

1816 1120 1898 1163 tus
1927 1108 1991 1163 “.

1884 1197 2028 1270 Ergo
2055 1201 2183 1271 quia
2217 1202 2488 1257 teterrima
2514 1219 2639 1274 pars
2668 1204 2949 1274 injustitia:
2968 1213 3052 1261 est
3074 1206 3381 1279 ignorantia

1814 1289 1868 1343 in
1895 1289 2090 1356 Deum,
2121 1291 2295 1348 levius
2326 1301 2506 1349 autem
2536 1302 2618 1348 est
2641 1295 2900 1349 delictum
2931 1297 2986 1349 in
3012 1296 3300 1364 homines;
3325 1305 3381 1353 et

1814 1380 1869 1435 in
1894 1389 2078 1452 partes
2109 1382 2247 1439 duas
2278 1383 2542 1437 dividitur
2572 1384 2838 1453 injustitia
2858 1423 2874 1449 ,
2929 1385 2987 1440 in
3014 1386 3407 1457 ignorantiam'

1813 1472 1869 1526 in
1898 1472 2063 1528 Deum
2090 1514 2105 1538 ,
2159 1484 2214 1530 et
2249 1476 2305 1530 in
2329 1475 2584 1531 delictum
2624 1477 2678 1531 in
2709 1477 2994 1534 homines:
3029 1480 3097 1534 ah
3134 1481 3381 1550 utrisque

1815 1565 2141 1635 principium
2172 1567 2403 1637 sumpsit
2431 1568 2515 1621 lex
2540 1568 2764 1638 scripta.
2794 1568 2871 1622 Ac
2895 1568 3129 1638 primum
3161 1569 3381 1640 quidem

1817 1656 2058 1713 clamat:
2117 1656 2239 1714 Non
2294 1659 2456 1729 facies
2514 1659 2610 1714 tibi
2669 1659 2800 1715 idoli
2856 1660 3018 1715 ullius
3075 1660 3381 1716 similitudi-

1817 1765 1930 1802 nem
1954 1750 2028 1816 ⁶¹⁹;
2060 1765 2128 1805 ne
2153 1752 2363 1807 scilicet
2403 1752 2447 1809 si
2499 1751 2555 1806 in
2587 1752 2846 1808 honorem
2874 1752 2993 1822 ejus
3025 1752 3118 1823 qui
3154 1760 3203 1807 te
3231 1751 3380 1818 fecit,

135 1810 489 1888 κότοςτιμὴν
510 1827 1041 1897 κατασωτευόμενος,
1070 1833 1250 1888 πᾶσαν
1273 1810 1444 1909 ἀρδην
1474 1810 1712 1909 διαφθείζ

1820 1840 2130 1897 luxuriosus
2157 1844 2257 1907 sis,
2294 1853 2466 1899 totum
2513 1844 2772 1899 honorem
2810 1843 2903 1900 Dei
2936 1844 3186 1902 funditus
3233 1845 3384 1901 labe-

141 1920 247 1975 ρης
265 1922 278 1935 ·
305 1908 625 1978 ἐχαλέπαινε
661 1914 716 1968 δὲ
754 1918 979 1984 είκότως
1014 1924 1106 1976 καὶ
1142 1926 1269 1998 περὶ
1306 1908 1405 1982 τοῦν
1444 1908 1595 1995 λαοῦ,
1625 1931 1714 1985 ὅτε

139 2003 547 2091 μρσχοποιήσας
589 2004 753 2059 ἐϐόα·
787 2005 962 2065 Οὗτοι
1003 2016 1057 2066 οι
1093 2016 1219 2069 θεοί
1260 2031 1397 2085 σου,
1445 2021 1711 2091 Ἰσραὴλ,

135 2086 359 2186 altera;
396 2092 695 2165 ἐξήγαγόν
742 2114 816 2154 σε
867 2102 937 2155 ἐκ
975 2103 1089 2174 γῆς
1132 2109 1455 2176 Αἰγύπτου.
1500 2086 1713 2186 Ἐπείδῆ

137 2180 378 2280 γὰρ-τὰς
407 2186 499 2240 τοῦ
533 2190 822 2261 εὐεργέτου
859 2195 1066 2267 δωρεὰς
1099 2200 1181 2272 τῷ
1213 2204 1286 2276 μὴ
1319 2204 1601 2280 δυναμένῳ
1634 2180 1717 2263 κι-ἰ

135 2272 368 2343 νηθῆναι
398 2282 863 2355 προσαπένειμαν,
903 2290 996 2342 καὶ
1026 2286 1094 2361 ἦν
1125 2294 1303 2349 ἀδικία
1336 2297 1713 2373 χαλεπωτάτη,

135 2364 240 2435 τὴν
300 2371 612 2439 περιουσίαν
673 2376 772 2447 τῆς
825 2380 1147 2451 εὐεργεσίας
1202 2387 1295 2440 τοῦ
1359 2393 1715 2463 πεποιηκότος

135 2457 309 2553 τέχνῃ
341 2463 434 2515 καὶ
477 2463 757 2536 γλύμματι
788 2469 1094 2529 ἀποδιδόναι
1123 2494 1135 2506 ·
1175 2479 1268 2531 καὶ
1302 2482 1334 2551 ή
1368 2457 1596 2553 ἀλήθεια
1636 2457 1718 2540 κεζ

135 2549 378 2643 κίνηται,
408 2554 502 2607 καὶ
534 2557 562 2609 ὁ
596 2557 757 2629 νόμος
782 2562 1109 2635 γέγραπται,
1141 2571 1234 2623 καὶ
1270 2549 1514 2643 ήήάδικία
1551 2576 1718 2630 κεκώ-

136 2640 318 2705 λυται,
366 2647 460 2700 καὶ
499 2650 527 2701 ὁ
572 2650 856 2718 μανθάνων
905 2656 1242 2718 ἐπαιδεύετο.
1283 2660 1393 2719 Kai.
1439 2666 1579 2720 οὕτω
1621 2671 1714 2725 τοῦ

137 2730 316 2834 θυμοῦ
353 2736 703 2834 τῆςᾳάδικίας
732 2750 1265 2821 προαναιρουμένου,
1301 2756 1395 2810 καὶ
1440 2759 1540 2831 τὴν
1582 2763 1717 2834 πρὸς

135 2822 424 2893 ἄνθρωπον
456 2828 668 2885 ἀδικίαν
690 2838 988 2893 συνανεῖλε.

211 2917 324 3019 καὶ
349 2918 688 3019 πρῶτα-’μὲν
734 2926 911 2998 ἔρωτα
962 2934 1258 3005 χρημάτων
1302 2940 1617 3009 ἐγγενέσθαι
1648 2949 1714 3019 τῇ

311 3009 370 3061 οὐ
402 3010 721 3085 βεϐούληται
741 3035 753 3046 ·
789 3021 911 3073 ἐπεὶ
935 3020 1075 3093 ἔρως
1097 3005 1392 3097 χρημάτων
1423 3032 1591 3087 τίκτει
1620 3005 1717 3101 τάξ

136 3096 500 3199 ἀδικίαςίυιαὶ
527 3106 735 3199 inpii;
765 3111 831 3164 τὰ
859 3115 1114 3185 χρήματα
1136 3096 1405 3191 ἐπιθυμία
1431 3129 1593 3199 γεννᾷ
1619 3096 1717 3194 τάς

143 3184 478 3252 πλεονεξίας.
527 3192 589 3245 Ἥ
643 3194 752 3268 γάρ
786 3199 909 3270 ῥίζα
954 3203 1061 3256 τῶν
1100 3208 1284 3261 κακῶν
1325 3212 1474 3267 ἐστιν
1525 3184 1719 3286 {aa-

138 3279 380 3382 αργυρία
404 3299 417 3310 ·
451 3282 664 3340 ἔσονται
685 3288 742 3341 δὲ
771 3292 952 3347 κλάδοι
987 3299 1079 3350 καὶ
1103 3299 1304 3365 κλῶνες
1333 3305 1432 3374 τῆς
1464 3279 1719 3382 φιλοχρη-

141 3371 343 3470 ματίας
367 3412 381 3435 ,
419 3377 475 3427 αἱ
523 3377 758 3446 ἀδικίαι,
794 3386 851 3437 αἱ
889 3385 1221 3454 πλεονεξίαι·
1273 3396 1366 3448 καὶ
1390 3371 1720 3470 ’ἐπειδὴ-ἀπὸ

137 3460 574 3563 φιλοχρηματίας
612 3470 837 3544 ἄρχεται
865 3479 897 3547 ή
938 3479 1238 3548 πλεονεξία,
1270 3485 1362 3538 καὶ¹
1389 3460 1721 3563 ἀδικία-προ-

137 3554 569 3651 καταλαμϐάνει,
597 3571 935 3637 πρωναιρεῖ,
959 3576 1398 3644 προαπαγγέλλει
1414 3597 1426 3609 ·
1451 3554 1718 3651 Πλοῦέος

134 3643 251 3745 ἐζὰῖε·
289 3646 423 3715 ῥέῃ,
464 3649 552 3719 μὴ
594 3658 991 3721 προστίθεσθε
1051 3643 1333 3731 καρδίαν*
1388 3669 1472 3722 ἵνα
1521 3671 1595 3741 μὴ
1640 3643 1718 3745 τῷ

141 3734 377 3838 ρεύματι
406 3740 511 3838 τῷν
546 3747 844 3838 χρημάτων
878 3753 1212 3824 συρῤέουσαν
1241 3758 1339 3829 τὴν
1373 3734 1609 3817 διάνοίαν
1640 3734 1717 3838 uti)

139 3826 361 3927 ρευστῷΔ
381 3833 625 3904 χρήματι
659 3836 932 3914 λαμϐάνῃ.
968 3844 1031 3898 El
1071 3845 1180 3920 γὰρ
1222 3826 1308 3920 ρεί
1336 3850 1406 3905 τὰ
1437 3826 1714 3927 χρήματα,

138 3918 237 3971 καὶ
272 3922 459 3976 στάσιν
496 3927 597 3980 οὐκ
638 3929 771 4000 ἔχει,
808 3934 1031 3999 εἰκότως
1072 3918 1391 3996 ἀνθίσταται

134 4011 241 4080 τὴν
270 4013 472 4067 οἰκείαν
503 4018 691 4071 στάσιν
725 4022 802 4093 τῷ
847 4027 1059 4098 ρευστῷ
1098 4031 1339 4102 χρήματι
1375 4011 1462 4106 μὴ-
1484 4011 1718 4106 διαφθείέ

141 4119 341 4197 ρουσ-α·
379 4107 472 4159 καὶ
501 4111 726 4184 ἐπειδὴ,
766 4116 840 4187 πη
885 4120 984 4187 μὲν
1018 4121 1050 4191 ή
1086 4122 1487 4197 φιλοχρηματία
1520 4129 1713 4195 λυπεῖ,

137 4193 235 4292 ’μὴ⁸
265 4193 383 4292 δὶς-ἠ
411 4199 681 4292 φιλοδοξία
711 4206 925 4261 συλῶσα
950 4211 1047 4281 τὴν
1080 4193 1348 4281 διάνοιαν,
1377 4218 1456 4290 τῷ
1484 4221 1589 4292 νέῳ

134 4283 360 4375 ἀνθηρῷ
387 4288 485 4360 τῆς
514 4290 671 4365 δόξης
701 4296 981 4367 ἐσχεδίασε
1010 4304 1284 4359 καὶτοῦτο
1311 4306 1373 4360 τὸ
1395 4283 1595 4375 πάθος·
1625 4309 1716 4369 ΕΖ-

132 4374 251 4429 δον
277 4376 385 4430 τὸν
410 4380 599 4451 ἀσεϐῆ
643 4385 1034 4457 ἐπαιρόμενον
1080 4396 1176 4447 καὶ
1218 4398 1716 4471 ὺπερυψούμενον

133 4465 220 4556 ᾡς
245 4466 351 4556 τὰς
386 4468 637 4539 κέδρους
678 4476 783 4530 τοῦ
814 4478 1070 4535 Λιϐάνου
1094 4498 1108 4510 ·
1132 4485 1229 4537 καὶ
1259 4465 1588 4556 παρῆλθοα,
1613 4493 1711 4548 καὶ

136 4555 271 4655 ιδοὺ
315 4561 425 4655 οὐκ
628 4565 716 4619 ἵνα
745 4569 984 4643 μηδεμιᾷ
1029 4574 1180 4646 ἀκμῇ
1219 4555 1411 4648 ῥᾳδίως
1465 4599 1716 4655 μαραινο-

137 4645 279 4720 μένῃ
307 4648 593 4747 υπηγμένη
623 4657 655 4726 ἡ
685 4657 892 4712 διάνοια
918 4662 978 4714 τὸ
1011 4645 1228 4736 sauciis
1251 4645 1478 4739 μέγεοοξ
1512 4645 1716 4747 πίπρά-

134 4752 272 4811 σκῃ·
310 4738 423 4793 ἀλλ’
450 4743 873 4815 ὑπερκύπτοντα
911 4753 1081 4808 ταῦτα
1111 4757 1204 4810 τοῦ
1230 4738 1431 4832 ἔρωτος
1459 4764 1559 4835 τῆς
1592 4738 1716 4838 ἀλη-

132 4828 539 4929 θείας-ἔχηται.
572 4839 683 4893 Καὶ
716 4842 803 4897 διὰ
843 4843 1001 4899 τοῦτο
1037 4847 1133 4920 τὴν
1176 4828 1708 4929 συμμετρίαντιμᾷπ,

132 4921 233 4973 καὶ
260 4922 359 4994 τὴν
388 4926 599 4981 ἀδικίαν
628 4931 819 4997 ἐξωθεῖ
840 4953 852 4965 ’
885 4938 981 4990 καὶ
1010 4938 1079 4992 τὰ
1113 4940 1229 4994 θεῖα
1259 4946 1543 5018 οἰκητήρια
1571 4951 1709 5002 ἀπο-

129 5012 320 5068 δίδωσι
349 5020 461 5081 τοῖς
482 5020 581 5091 τὴν
612 5028 1350 5103 συμμετρίανοτετηρηκόσιν.

207 5108 319 5160 Καὶ
357 5107 530 5175 οὕτως
574 5112 700 5186 βοᾷ·
740 5120 947 5187 Κύριε,
985 5124 1076 5188 τίς
1118 5126 1471 5193 παροικήσει
1514 5130 1584 5183 ἐν
1631 5132 1709 5198 τῷ

128 5199 484 5270 σκηνώματι
537 5219 655 5260 σου
676 5224 695 5271 ;
745 5208 782 5277 ἢ
827 5212 919 5278 τίς
972 5217 1424 5285 κατασκηνώσει
1472 5221 1542 5274 ἐν
1588 5222 1709 5292 ὄρει

130 5290 282 5382 eter
300 5308 448 5359 σου;
479 5299 885 5369 Πορευόμενος
910 5303 1166 5376 ἄμωμος,
1206 5308 1301 5361 καὶ
1327 5290 1710 5382 ἐργαζόμειός

130 5381 533 5473 δικαιοσύνην
554 5408 567 5420 '
601 5392 810 5449 λαλῶν
837 5398 1126 5467 ἀλήθειαν
1154 5402 1224 5454 ἐν
1245 5404 1457 5473 καρδίᾳ
1492 5381 1676 5461 αὐτοῦ
1693 5424 1705 5437 ·

132 5472 264 5539 ἶνα,
297 5481 403 5533 πᾶν
451 5477 590 5548 εἶδος
630 5485 1064 5561 φιλοχρηματίας
1108 5492 1389 5566 ἐξορίσας,
1437 5497 1598 5549 τόπον
1644 5500 1709 5569 τῇ

213 5665 258 5737 ξ’
302 5664 501 5737 Ephes.
539 5687 590 5733 ν,
627 5672 679 5727 5.

762 5676 803 5707 ⁸ο
844 5673 1011 5732 Exod.
1053 5676 1165 5740 xx,
1193 5678 1244 5733 4.

131 5736 179 5773 ⁷³
218 5736 365 5795 Psal.
404 5756 513 5811 xw,
552 5743 663 5796 l-S.

1332 5679 1375 5709 ⁷ο
1416 5677 1587 5733 Exod.
1630 5696 1815 5748 “xtl,
1862 5686 1909 5738 t.

1817 1930 2007 1987 facias.
2058 1932 2231 1991 Iratus
2269 1942 2353 1991 est
2394 1943 2574 1991 autem
2607 1936 2808 2007 populo
2841 1936 3023 2007 juste,
3071 1952 3196 1993 cum
3239 1936 3385 1993 facto

1815 2021 1986 2076 vitulo
2015 2023 2283 2079 clamabat
2308 2044 2321 2078 :
2354 2023 2429 2078 Hi
2449 2035 2572 2079 sunt
2600 2025 2677 2079 dii
2703 2026 2813 2084 tui.
2852 2024 3046 2092 Israel,
3067 2028 3158 2097 qui
3183 2035 3231 2080 te
3253 2025 3384 2080 edu-

1814 2121 2005 2166 xerunt
2031 2128 2095 2166 ea:
2119 2122 2260 2167 terra
2290 2112 2509 2185 Egypti
2538 2114 2605 2171 ⁷ο.
2662 2114 2873 2170 Etenim
2917 2116 3045 2186 quia
3098 2115 3242 2170 dona
3284 2113 3386 2171 Dei

1817 2204 1895 2258 illi
1926 2204 2279 2275 assignabant
2325 2214 2379 2259 et
2405 2205 2799 2273 attribuebant,
2826 2206 2920 2276 qui
2951 2220 3169 2261 movere
3190 2220 3249 2261 se
3270 2218 3385 2261 non

1816 2301 2053 2364 poterat,
2085 2301 2312 2364 eratque
2369 2292 2795 2365 ﬂagitiosissima
2854 2296 3122 2366 injustitia
3163 2295 3384 2351 divitias

1816 2384 2205 2441 beneﬁciorum
2246 2384 2332 2441 sui
2360 2387 2601 2441 auctoris
2636 2387 2741 2441 arti
2793 2394 2848 2442 ct
2892 2386 3186 2458 sculptura:
3230 2387 3387 2443 attri-

1817 2478 1983 2533 buere
2011 2477 2274 2534 :idcirco
2311 2481 2512 2537 veritas
2543 2482 2797 2545 excitata,
2838 2490 2906 2552 et.
2930 2482 3015 2539 lex
3048 2483 3251 2552 scripta
3277 2522 3294 2549 ,
3327 2490 3386 2538 et

1818 2569 2085 2638 injustitia
2124 2570 2292 2625 vetita
2319 2579 2436 2637 est,
2486 2580 2540 2628 et
2575 2573 2670 2643 qui
2713 2572 2979 2637 discebat,
3005 2573 3381 2630 erudiebatur.

1818 2661 1993 2729 Atque
2025 2661 2098 2716 ita
2141 2663 2353 2717 sublata
2389 2665 2541 2734 prius
2591 2665 2896 2735 iniustitia,
2953 2681 3076 2736 qua;
3117 2667 3256 2721 iram
3287 2665 3385 2722 Dei

1818 2754 2174 2822 provocavit,
2226 2754 2551 2825 iniustitiam
2586 2772 2806 2827 quoque
2836 2755 2891 2810 in
2922 2756 3197 2814 hominem
3243 2773 3373 2816 sus-

1818 2844 1961 2897 tulit.

1886 2934 1964 2990 Ac
2006 2937 2240 3005 primum
2267 2938 2487 3010 quidem
2522 2939 2720 3005 noluit,
2759 2949 2820 2996 ut
2864 2956 3021 2997 amor
3067 2941 3385 2996 divitiarum

1820 3025 1874 3079 in
1906 3028 2085 3082 anima
2116 3029 2415 3099 insideret;
2463 3033 2720 3100 quoniam
2757 3048 2911 3087 amor
2941 3032 3253 3088 divitiarum
3281 3049 3384 3106 pa-

1820 3120 1890 3173 rit
1918 3121 2238 3191 injustitias,
2269 3131 2323 3179 et
2350 3124 2621 3194 cupiditas
2648 3125 2877 3181 habendi
2920 3126 3139 3182 divitias
3163 3135 3387 3197 generat

1819 3211 2120 3266 avaritiam.
2155 3211 2329 3268 Radix
2354 3216 2499 3269 enim
2533 3217 2798 3270 malorum
2831 3228 2913 3271 est
2942 3217 3218 3287 cupiditas
3248 3217 3387 3271 divi-

1819 3304 2050 3366 tiarum;
2088 3315 2251 3359 erunt
2294 3313 2473 3359 autem
2531 3307 2667 3359 rami
2711 3319 2765 3361 et
2818 3309 3024 3363 surculi
3071 3309 3385 3379 cupiditatis

1819 3392 2176 3458 pecuniarum
2202 3432 2217 3455 ,
2254 3393 2525 3462 injustitia
2553 3408 2606 3451 et
2638 3398 2861 3450 avaritia
2895 3417 2909 3452 :
2958 3405 3012 3452 et
3048 3398 3304 3468 quoniam
3353 3415 3384 3453 a

1818 3482 2114 3552 cupiditate
2143 3487 2495 3554 pecuniarum
2528 3489 2719 3560 incipit
2743 3490 2965 3543 avaritia
2994 3499 3049 3544 et
3077 3490 3382 3560 injustitia,

1819 3586 2159 3647 praeoccupat
2189 3578 2296 3643 lex,
2328 3580 2479 3650 prius
2504 3583 2664 3645 tollit,
2693 3582 2847 3652 prius
2895 3580 3180 3637 denuntiat
3213 3601 3226 3637 :
3287 3582 3385 3636 Di-

1817 3668 1957 3722 uitia:
1985 3671 2031 3722 si
2082 3670 2334 3742 afﬂuant,
2384 3673 2544 3728 nolite
2592 3691 2682 3728 cur
2719 3691 2975 3744 apponere
3002 3675 3046 3707 ⁷¹
3076 3694 3089 3729 :
3141 3690 3209 3729 ne
3246 3674 3385 3729 divi-

1817 3760 1905 3814 tiae
1925 3767 2160 3815 mentem
2197 3778 2322 3817 cum
2344 3762 2490 3818 [luxu
2518 3764 2831 3820 divitiarum
2868 3764 3252 3830 conﬂuentem,
3285 3765 3385 3820 llu-

1819 3851 1903 3907 xis
1927 3852 2135 3911 divitiis
2173 3855 2410 3926 capiant.
2468 3855 2526 3912 Si
2555 3860 2700 3912 enim
2747 3873 2878 3928 opes
2907 3858 3084 3913 ﬂuunt
3109 3898 3124 3924 ,
3180 3866 3235 3914 et
3273 3874 3384 3914 non

1818 3954 1997 4001 stant:
2037 3950 2232 4005 merito
2268 3952 2473 4006 resistit
2514 3968 2691 4019 mens,
2719 3969 2840 4024 qua:
2867 3963 3067 4010 statum
3091 3972 3250 4012 suum
3281 3956 3386 4012 llu-

1818 4039 1902 4093 xis
1936 4040 2141 4097 divitiis
2174 4059 2282 4097 non
2316 4045 2476 4100 violat
2506 4062 2521 4111 ;
2566 4056 2621 4101 et
2676 4049 2804 4119 quia
2858 4055 2972 4104 tum
3004 4051 3231 4107 avaritia
3267 4069 3386 4108 nio-

1817 4128 1953 4183 lesta
1982 4141 2088 4197 est,
2123 4140 2235 4188 tum
2267 4136 2538 4206 cupiditas
2567 4139 2752 4208 gloria:
2783 4140 2943 4210 cujus
2975 4140 3074 4199 llos
3104 4142 3162 4198 in
3202 4144 3386 4201 anima

1818 4224 2114 4292 praedatur,
2146 4228 2403 4294 erudivit,
2433 4229 2689 4302 inquiens
2719 4252 2732 4288 :
2790 4234 2909 4289 Vidi
2942 4236 3159 4305 impium
3204 4253 3386 4301 super—

1815 4315 2132 4380 exaltatum,
2165 4328 2214 4372 et
2230 4320 2488 4376 eleuatum
2513 4325 2653 4378 sicut
2677 4326 2857 4381 cedros
2873 4326 3065 4382 Libani
3086 4345 3105 4383 :
3139 4331 3384 4394 transivi,

1816 4416 1865 4460 et
1885 4423 1998 4463 ecce
2019 4425 2120 4463 non
2143 4421 2256 4465 erat
2285 4414 2349 4466 τ’.
2393 4413 2464 4469 Ut
2496 4432 2651 4473 mens
2678 4418 2815 4473 nulli
2860 4419 3046 4490 gloriae
3085 4421 3388 4490 quamlibet

1746 4531 1789 4586 υ
1818 4514 2026 4571 magna:
2057 4501 2214 4559 facile
2251 4503 2594 4564 ﬂaccescenti
2628 4510 3057 4580 magnitudinem
3076 4526 3232 4567 suam
3267 4512 3387 4567 ille-

1820 4596 1909 4643 cta
1933 4592 2165 4661 vendat;
2197 4596 2329 4664 quin
2369 4592 2551 4666 potius
2593 4614 2759 4669 supra
2813 4599 2926 4654 haec
2960 4602 3142 4656 omnia
3190 4616 3249 4657 se
3278 4602 3384 4656 eri-

1820 4696 1952 4751 gens
1980 4697 2165 4738 amore
2214 4687 2456 4743 veritatis
2484 4696 2753 4744 teneatur.
2808 4687 3016 4746 Idcirco
3047 4692 3384 4746 moderatio-

1818 4788 1942 4826 nem
1966 4773 2220 4839 houorat,
2248 4786 2303 4831 et
2334 4778 2658 4847 iniustitiam
2688 4782 2931 4852 expellit,
2956 4790 3011 4838 et
3049 4782 3233 4838 divina
3264 4786 3383 4838 loca

1817 4862 1885 4916 ad
1934 4864 2287 4921 habitandum
2337 4871 2584 4940 rependit
2628 4880 2682 4926 et
2712 4874 2956 4945 assignat
2994 4874 3092 4937 iis.
3143 4876 3236 4946 qui
3268 4893 3381 4932 mo-

1815 4958 2044 5013 destiam
2075 4973 2445 5018 servaverunt.

1887 5136 1977 5191 Sic
2008 5145 2186 5192 autem
2220 5139 2420 5193 clamat
2447 5159 2460 5195 :
2498 5140 2742 5206 Domine,
2770 5144 2885 5213 quis
2928 5142 3184 5197 habitabit
3213 5146 3268 5198 in
3292 5156 3380 5198 la-

1814 5229 2096 5284 bernaculo
2124 5238 2233 5294 tuo,
2257 5240 2305 5284 et
2344 5231 2397 5284 in
2426 5244 2598 5287 monte
2626 5244 2809 5289 sancto
2841 5237 2972 5291 tuo?
2995 5235 3101 5302 Qui
3146 5237 3379 5306 ingredi-

1814 5330 1899 5374 tur
1919 5321 2030 5376 aine
2053 5322 2261 5376 macula
2280 5362 2296 5385 ,
2330 5333 2378 5377 et
2404 5334 2653 5394 operatur
2686 5327 2991 5395 justitiam:
3034 5328 3124 5397 qui
3152 5328 3384 5399 loquitur

1813 5411 2081 5464 veritatem
2113 5413 2165 5465 in
2196 5411 2349 5466 corde
2389 5430 2484 5467 suo
2514 5413 2598 5481 7';
2652 5422 2711 5469 ut
2753 5417 2899 5469 omni
2933 5417 3112 5486 specie
3142 5418 3383 5473 avaritia:

1815 5501 2073 5570 relegata,
2106 5502 2285 5557 locum
2312 5504 2594 5573 injustitiaa
2621 5520 2730 5559 non
2760 5506 3033 5576 relinquat
3058 5520 3078 5561 τ
3115 5515 3274 5579 atque
3306 5513 3377 5565 ita

2020 5685 2058 5715 ⁷¹
2107 5683 2248 5740 Psal.
2288 5702 2413 5755 ut,
2450 5687 2532 5741 ll.
2646 5688 2690 5718 ⁷²
2731 5684 2872 5743 Psal.
2912 5702 3107 5753 xxxvn,
3145 5687 3244 5753 55,
3287 5686 3375 5744 36.
