3792 6150
404 336 543 397 1235

1520 340 1655 397 TITI
1695 337 2119 397 BOSTRENSIS
2152 338 2456 397 EPISCOPI

3501 343 3640 400 £256

401 473 618 516 omnem
649 458 884 531 speciem
918 459 1199 530 injustitiae
1248 461 1470 516 sustulit
1498 461 1604 517 lex.
1636 460 1848 519 Idcirco
1876 462 1965 535 qui

2118 464 2258 536 Βικίᾳ
2301 462 2376 534 μὴ
2418 458 2670 532 παρέχῃ·
2708 457 2802 511 καὶ
2838 455 2981 511 οὔτω
3022 458 3129 511 πᾶν
3160 453 3297 523 εἶδος
3338 456 3643 525 ἐπεξελθὼν

401 548 703 608 secundum
733 550 903 621 legem
952 550 1235 621 loquitur,
1283 565 1382 621 pro
1429 551 1655 608 veritate
1701 552 1963 624 loquitur.

397 644 609 701 ldch'co
664 643 756 714 qui
816 652 944 698 sunt
990 642 1225 713 operarii
1266 642 1550 709 veritatis,
1603 659 1711 699 non
1768 659 1969 700 excan-

397 735 648 796 descunt,
682 748 805 788 cum
831 732 915 786 lex
949 732 1216 788 adversus
1247 732 1442 787 vitium
1468 733 1728 805 loquitur.
1763 733 1969 806 Loque-

401 826 564 880 halur
591 823 883 895 aliquando
918 822 1183 881 Dominus
1229 825 1494 884 adversus
1522 829 1838 893 avaritiam;
1868 844 1967 883 ex-

399 915 801 987 asperabantur
826 913 1034 979 Judaei,
1083 925 1138 969 et
1186 917 1416 973 moleste
1469 917 1764 975 ferebant:
1816 934 1970 974 amor

397 1007 543 1061 enim
570 1006 880 1061 divitiarum
907 1020 1131 1077 asperos
1160 1014 1213 1063 et
1254 1008 1423 1064 duros
1447 1023 1542 1065 eos
1577 1010 1837 1067 adversus
1889 1013 1971 1067 lo-

399 1105 651 1168 quentem
682 1095 967 1153 efﬁciebat.
1012 1095 1091 1151 lta
1141 1099 1387 1170 profecto
1426 1108 1532 1165 est,
1564 1115 1687 1155 cum
1721 1101 1970 1173 paedago-

396 1205 499 1261 gus
531 1204 653 1244 cum
684 1204 855 1261 puero
881 1189 1078 1260 ignavo
1110 1200 1165 1246 et
1191 1192 1347 1263 pigro
1376 1191 1619 1260 disserit,
1641 1193 1769 1249 odio
1799 1194 1968 1249 babe-

396 1290 489 1335 tur
513 1282 582 1337 ab
615 1297 680 1337 eo
711 1298 871 1353 quem
920 1283 1164 1338 instruit.
1204 1282 1394 1340 Omnis
1432 1285 1576 1339 enim
1634 1287 1728 1357 qui
1786 1298 1969 1343 motus

395 1372 777 1428 adolescentia:
820 1389 851 1428 a
892 1374 1113 1429 ratione‘
1150 1388 1373 1430 aversos
1414 1375 1706 1443 exscindit,
1740 1377 1793 1431 in
1843 1378 1969 1435 odio

394 1472 480 1520 est
511 1476 731 1537 propter
764 1481 1004 1522 amorem
1035 1466 1370 1537 voluptatum
1402 1487 1414 1522 :
1462 1468 1533 1523 ob
1575 1469 1717 1524 hanc
1744 1484 1967 1525 causam

394 1556 485 1612 lex
515 1557 569 1612 in
595 1558 777 1614 odium
806 1559 957 1614 venit
1005 1560 1298 1616 haereticis.
1332 1560 1468 1627 Quia
1507 1570 1699 1617 contra
1752 1574 1970 1634 pertur-

394 1646 644 1704 bationes
668 1649 941 1712 tendebat,
972 1660 1162 1706 contra
1214 1660 1436 1721 peccata
1478 1652 1812 1719 ambulabat,
1845 1670 1970 1711 con-

392 1744 484 1796 tra
513 1740 764 1795 adamata
790 1742 1125 1809 disserebat,
1179 1760 1291 1800 rem
1324 1761 1481 1816 raquo
1515 1746 1701 1800 animo
1740 1763 1849 1804 non
1881 1761 1967 1803 tu-

395 1828 599 1886 lerunt.

2069 557 2280 614 ἀνεῖλεν
2305 556 2334 607 6
2361 553 2541 624 νόμος.
2582 549 2680 604 Διά
2706 548 2865 603 τούτο
2896 551 2925 602 6
2952 549 3095 603 κατά
3140 549 3302 621 νόμον
3339 549 3649 622 φθεγγόμε.

2068 668 2157 715 νος
2181 647 2322 720 ὑπὲρ
2351 643 2609 716 ἀληθείας
2647 642 2972 712 φθέγγεται’
3003 641 3093 696 διὰ
3116 641 3277 696 τοῦτο
3304 644 3355 696 οἱ
3388 642 3489 713 τῆς
3516 643 3649 715 ἀλη-

2070 742 2223 804 θείας
2251 736 2477 807 ἐργάται
2499 733 2600 787 οὑκ
2625 733 2987 801 ἀγανακτοῦσι
3016 732 3092 803 τῷ
3114 732 3261 803 νόμῳ
3282 732 3429 787 κατά
3451 734 3647 797 κακίας

2069 829 2444 904 φθεγγομένῳ.
2502 823 2711 879 Ἐλάλει
2766 823 2897 877 ποτὲ
2940 822 3081 876 κατὰ
3135 822 3573 894 φιλοχρηματίας
3619 826 3648 877 6

2069 924 2291 996 Σωτήρο
2324 918 2685 992 ὲτραχὺνοντο
2728 918 2780 970 οἱ
2816 916 3056 970 Ἰουδαῖοι
3082 930 3097 946 ⁸
3133 917 3172 987 ἡ
3209 915 3320 987 7&9
3358 916 3515 986 φιλία
3543 916 3650 970 τῶν

2068 1014 2369 1087 χρημάτων
2396 1009 2709 1083 τραχύτητα
2746 1007 2890 1062 κατὰ
2923 1006 3017 1060 τοῦ
3058 1006 3301 1075 λέγοντος
3336 1006 3648 1078 εἰργάζετο.

2069 1106 2288 1177 Ἀμέλει
2327 1105 2457 1158 ὅταν
2491 1100 2836 1171 παιδαγωγὸς
2875 1099 3102 1172 ῥαθύμῳ
3131 1098 3280 1155 παιδὶ
3309 1099 3441 1170 περὶ
3488 1098 3647 1170 ρᾳθυ-

2073 1197 2202 1269 μίας
2234 1195 2575 1267 διαλέγηται,
2615 1195 2852 1265 μισεῖται
2890 1190 3044 1259 παρά
3073 1189 3166 1245 τοῦ
3199 1189 3653 1261 παιδαγωγουμέα

2069 1308 2160 1344 νου
2179 1308 2193 1320 ·
2224 1290 2332 1353 πᾶς
2354 1289 2462 1359 γὰρ
2489 1288 2518 1342 6
2557 1287 2655 1357 τῆς
2687 1285 2814 1348 νέας
2840 1282 3055 1357 ἡλικίας
3083 1282 3144 1336 τδ
3170 1282 3338 1347 πάθος
3363 1283 3657 1336 sudata.)

2073 1385 2314 1455 μισεῖται
2343 1381 2433 1436 διὰ
2471 1380 2573 1452 τὴν
2599 1379 2780 1449 φιλίαν
2817 1379 2928 1432 τῶν
2954 1375 3154 1449 ἡδονῶν
3178 1393 3193 1407 ·
3222 1375 3312 1429 διὰ
3357 1373 3522 1430 τοῦτο
3559 1391 3657 1445 με·-

2072 1477 2300 1547 μίσηται
2338 1473 2491 1547 παρά
2524 1473 2633 1528 τῶν
2666 1472 3001 1545 αἱρεσιωτῶν
3035 1473 3064 1525 6
3096 1470 3277 1541 νόμος.
3305 1469 3463 1522 Ἐπεὶ
3508 1466 3658 1521 κατά

2067 1569 2176 1622 τῶν
2209 1567 2397 1622 παθῶν
2422 1566 2643 1640 ἐχώρει.
2670 1565 2811 1619 κατὰ
2830 1563 2941 1618 τῶν
2971 1562 3381 1635 ἁμαρτημάτων
3408 1560 3657 1625 ἐϐάδιξε,

2069 1661 2210 1715 κατὰ
2252 1660 2359 1716 τῶν
2407 1658 2748 1730 φιλουμένων
2786 1656 3090 1725 διελέγετο·
3136 1656 3237 1709 οὑκ
3298 1655 3545 1726 ἤνεγκαν
3596 1652 3662 1706 τὶ

2071 1753 2325 1825 πρᾶγμα.

607 1944 735 2002 Car.
775 1946 843 2004 X.
877 1948 1098 2004 Omnem
1120 1952 1341 2020 speciem
1371 1952 1578 2008 virtutis
1606 1954 1692 2008 lex
1714 1956 1926 2026 exponit
1959 1972 1977 2010 :
2008 1956 2364 2025 prudentiam,
2386 1953 2716 2023 pudicitiam.
2749 1949 3132 2021 fortitudinem,
3155 1944 3448 2016 justitiam.

466 2061 538 2119 Ut
561 2072 742 2121 autem
772 2080 953 2122 sermo
977 2075 1033 2123 et
1062 2068 1362 2139 disputatio
1391 2082 1578 2127 nostra
1624 2074 1963 2145 amplissima

393 2153 488 2221 slt,
528 2162 583 2212 et
612 2156 794 2213 scelus
823 2156 1048 2215 haeresis
1076 2170 1198 2231 quae
1224 2160 1428 2230 injuste
1452 2163 1519 2217 ad
1548 2164 1718 2234 legem
1752 2165 1966 2234 vitupe-

390 2243 619 2302 randam
674 2263 734 2304 se
792 2251 1043 2309 contulit.
1095 2260 1355 2323 appareat
1391 2273 1404 2309 :
1437 2269 1545 2309 non
1593 2255 1768 2311 solum
1814 2255 1963 2326 quod

391 2351 585 2395 omnes
623 2340 835 2411 species
885 2350 940 2398 et
969 2340 1174 2399 formas
1212 2344 1330 2400 vitii
1389 2347 1636 2412 sustulit,
1679 2347 1960 2413 dicamus,

390 2428 489 2485 sed
511 2429 807 2488 reddamus
837 2433 1063 2505 insuper
1078 2450 1406 2501 sermonem,
1424 2438 1568 2509 quod
1599 2452 1815 2492 omnem
1840 2452 1965 2508 spe-

390 2519 532 2576 ciem
560 2521 779 2579 virtutis
803 2524 883 2581 lex
915 2534 1137 2580 enarrat
1160 2535 1216 2583 et
1247 2528 1489 2600 exponit.
1528 2526 1585 2582 Si
1611 2527 1754 2582 enim
1780 2528 1966 2582 omnia

388 2610 522 2665 vitia
559 2610 643 2666 lex
680 2614 1010 2680 sustulisset,
1045 2631 1153 2670 non
1186 2625 1367 2671 autem
1403 2632 1595 2672 omnes
1627 2618 1859 2673 virtutes
1890 2618 1969 2671 in-

390 2705 674 2768 seruisset,
708 2721 900 2761 manca
934 2718 1080 2765 esset
1109 2708 1217 2773 lex,
1251 2710 1441 2765 relicta
1469 2710 1733 2766 virtutum
1760 2718 1971 2766 exstru-

389 2795 751 2867 ctione;quaz
782 2797 1001 2867 quidem
1046 2799 1228 2854 omnia
1280 2799 1416 2855 vitia
1460 2813 1587 2855 cum
1639 2801 1958 2873 relegasset,

387 2903 502 2944 non
528 2888 642 2959 jam
674 2904 866 2945 omnes
913 2892 1142 2948 virtutes
1180 2892 1375 2948 anima:
1415 2892 1816 2964 despondisset.
1862 2890 1961 2948 Sin

390 2994 525 3036 vero
552 2982 607 3036 in
645 2981 1015 3053 disputatione
1038 2991 1227 3039 nostra
1251 2994 1512 3057 apparent
1540 2987 1682 3057 apud
1714 2988 1884 3058 legem
1906 2995 1962 3043 et

2144 2074 2261 2127 Ἵνα
2302 2072 2359 2126 δὲ
2399 2071 2477 2125 ἔτι
2515 2068 3082 2145 μεγαλοπρεπέστατοι
3113 2062 3378 2134 γένωνται
3420 2060 3561 2132 ἡμῖν
3601 2060 3656 2114 οἱ

2069 2166 2249 2235 λόγοι,
2296 2165 2392 2219 καὶ
2430 2164 2570 2234 φανῇ
2601 2163 2634 2233 ἡ
2673 2160 2780 2215 τῶν
2809 2159 3070 2232 αἱρέσεων
3102 2156 3299 2211 ἀτοπία
3318 2194 3338 2221 ,
3369 2153 3521 2209 κατά
3556 2152 3655 2207 τοῦ

2068 2257 2233 2328 νόμου
2273 2256 2471 2319 ἀδίκως
2504 2253 2834 2325 βεόαδικυῖα,
2884 2251 2958 2323 μὴ
3003 2250 3159 2322 μόνον
3211 2248 3293 2303 ὅτι
3348 2248 3459 2301 πᾶν
3511 2243 3658 2305 εἶδος

2068 2348 2268 2412 κακίας
2312 2346 2518 2400 ἀνεῖλεν
2569 2346 2599 2400 6
2643 2344 2832 2415 νόμος,
2866 2340 3304 2413 προσ-γράφωμεν
3352 2338 3435 2409 τῷ
3479 2337 3652 2409 λόγῳ*

2069 2439 2184 2495 ἀλλ’
2216 2440 2299 2493 ὅτι
2327 2438 2421 2492 καὶ
2445 2438 2552 2491 πᾶν
2574 2431 2711 2500 εἶδος
2739 2434 2940 2507 ἀρετῆς
2969 2433 3256 2503 ὑφηγεῖται
3288 2429 3384 2484 καί
3428 2429 3656 2500 ἐξηγεί-

2070 2550 2182 2593 ται.
2221 2528 2650 2602 προσαποδῶμεν
2687 2529 2754 2599 τῇ
2787 2526 2992 2599 ὁμιλίᾳ.
3037 2526 3101 2579 Εί
3143 2524 3241 2596 μὲν
3278 2522 3389 2596 γάρ
3418 2522 3531 2587 τάς
3549 2540 3653 2576 κα-

2073 2621 2199 2685 κίας
2226 2620 2405 2684 πάσας
2427 2618 2634 2673 ἀνεῖλεν
2653 2618 2683 2671 6
2709 2619 2892 2688 νόμος,
2925 2617 2986 2670 οὑ
3020 2616 3196 2680 πάσας
3234 2616 3291 2670 δὲ
3313 2616 3413 2679 τάς
3443 2614 3655 2686 ἀρετὰς

2075 2714 2350 2785 ἐνέθηκεν,
2376 2711 2619 2767 ἐνέλιπεν
2637 2711 2666 2763 6
2696 2710 2875 2780 νόμος,
2905 2708 3219 2778 λειπόμενος
3253 2707 3351 2779 τὴν
3370 2706 3481 2760 τῶν
3514 2706 3659 2778 ἀρετ

2069 2805 2178 2860 τῶν
2209 2803 2578 2875 κατασκευήν⁹
2626 2801 2721 2855 καὶ
2754 2800 2854 2863 τὰς
2886 2799 2985 2869 μὲν
3008 2799 3205 2863 κακίας
3247 2798 3428 2860 πάσας
3469 2796 3655 2866 ἐξορί-⁵

2070 2912 2188 2959 σας,
2220 2894 2415 2966 μηκέτι
2442 2892 2500 2947 δὲ
2526 2890 2625 2955 τὰς
2650 2890 2850 2962 ἀρετὰς
2879 2890 3058 2953 πάσας
3079 2891 3144 2960 τῇ
3169 2887 3312 2958 ψυχῇ
3345 2886 3653 2958 μνηστευό-

2070 3002 2248 3057 μενος.
2282 2983 2408 3038 Ἐὰν
2445 2983 2502 3037 δὲ
2534 2981 2687 3055 παρά
2714 2981 2809 3036 τοῦ
2854 2981 3014 3051 λόγου
3055 2983 3215 3051 φανῇ,
3261 2980 3341 3033 δτι
3380 2977 3535 3049 παρά
3559 2976 3651 3047 τῷ

389 3066 688 3142 prophetas
730 3086 921 3129 omnes
981 3074 1213 3130 virtutes
1262 3075 1473 3146 positae,
1520 3090 1703 3131 annon
1748 3085 1962 3147 oportet

2118 3079 2215 3149 ἱμῳ
2255 3077 2349 3130 καὶ
2385 3077 2497 3139 τοῖς
2543 3075 2849 3147 προφήταις
2875 3074 3046 3127 πᾶσαι
3085 3073 3289 3124 κεῖνται
3328 3070 3384 3122 αί
3418 3068 3647 3140 ἀρεταὶ,

390 3162 565 3235 legem
620 3160 715 3217 Dei
761 3163 1025 3219 admirari
1054 3174 1109 3220 et
1153 3165 1448 3237 amplecti?
1486 3166 1623 3222 Cum
1655 3170 1800 3224 enim
1857 3171 1969 3224 sint

389 3262 627 3326 quatuor
653 3256 907 3321 virtutes,
933 3257 1244 3327 prudentia,
1274 3261 1660 3330 temperantia,
1706 3260 1970 3318 fortitudo

372 3348 452 3402 'et
478 3347 724 3418 iustitia:
755 3362 946 3405 omnes
966 3350 1197 3408 virtutes
1246 3351 1388 3422 apud
1421 3352 1594 3423 legem
1646 3364 1966 3409 cernuntur.

391 3435 550 3494 Unde
582 3439 677 3511 qui
710 3439 822 3495 vult
856 3456 979 3497 esse
1026 3450 1381 3512 temperatus,
1436 3442 1601 3499 habet
1641 3444 1695 3497 in
1728 3444 1845 3514 lege
1887 3443 1972 3498 di—

390 3531 655 3602 rciplinas
686 3550 699 3589 :
733 3534 824 3603 qui
855 3533 1039 3589 studet
1066 3542 1124 3589 ut
1154 3534 1226 3589 sit
1255 3534 1516 3604 prudens,
1559 3534 1816 3590 adhibitis
1837 3534 1970 3591 sub-

394 3622 554 3680 sidiis
596 3625 752 3693 legis,
797 3625 1057 3696 praeclare
1104 3641 1165 3682 se
1208 3626 1263 3681 in
1300 3627 1468 3683 rebus
1515 3633 1665 3698 geret
1696 3644 1712 3681 :
1741 3625 1971 3697 quivult

393 3733 519 3775 esse
542 3715 721 3781 fortis,
754 3718 996 3774 instruat
1049 3734 1108 3775 se
1166 3719 1455 3791 praeceptis
1500 3719 1637 3791 legis
1670 3718 1807 3790 :qui
1854 3718 1970 3773 vult

389 3810 663 3880 justitiam
692 3810 934 3882 assequi,
970 3810 1185 3883 pondus
1236 3810 1465 3883 iustitia:
1486 3817 1692 3876 teneat,
1739 3818 1792 3867 et
1833 3812 1970 3867 nihil

394 3901 663 3972 inaequale
712 3901 895 3968 faciet,
956 3901 1165 3960 faciens
1203 3904 1386 3959 omnia
1419 3902 1487 3959 ad
1520 3902 1967 3976 perpendiculum

391 3994 622 4065 iustitiae
659 4013 672 4050 :
712 4003 766 4051 et
794 3996 886 4066 qui
908 3994 1086 4053 factus
1114 4004 1199 4053 est
1219 3997 1494 4069 particeps
1522 3997 1846 4068 prudentiae,
1879 3997 1968 4052 di-

396 4095 485 4142 cat
513 4106 526 4143 :
552 4086 813 4143 Dominus
850 4088 1038 4143 docuit
1080 4103 1168 4144 me
1216 4090 1562 4160 sapientiam,
1595 4096 1649 4145 et
1684 4088 1970 4160 prudentia

397 4180 639 4236 hominis
667 4196 777 4235 non
809 4190 893 4236 est
925 4180 980 4236 in
1007 4195 1133 4249 me;
1166 4188 1227 4235 ut
1254 4182 1356 4239 hac
1385 4181 1508 4237 ﬁcta
1534 4191 1588 4237 et
1615 4189 1832 4239 errante
1860 4183 1970 4252 ejeo

397 4274 487 4323 cta
540 4277 596 4324 et
655 4268 962 4339 repudiata,
1024 4270 1284 4339 optimam
1354 4281 1409 4326 et
1463 4270 1701 4326 divinam
1766 4271 1972 4342 ample-

395 4366 595 4417 ctatur.

466 4533 751 4592 Pudicitia:
778 4551 909 4592 vero
938 4539 1184 4609 exempla
1215 4539 1425 4595 infinita
1467 4541 1724 4612 reperiet,
1772 4541 1863 4612 qui
1900 4543 1970 4598 le-

392 4627 574 4698 gendo
611 4635 838 4699 quaret,
875 4637 934 4683 ut
961 4631 1206 4700 exempla
1256 4630 1532 4701 pudicitia:
1585 4632 1878 4704 exprimat,
1914 4641 1970 4688 et

391 4720 617 4792 antiqua
640 4723 887 4794 exempla
915 4723 983 4778 ad
1034 4724 1434 4781 ﬁrmamentum
1485 4733 1540 4782 et
1592 4726 1762 4783 robur
1801 4727 1970 4783 casti-

389 4815 524 4872 tatis
580 4817 1017 4888 complectatur:
1049 4825 1110 4872 ut
1141 4818 1285 4874 illius
1333 4818 1692 4876 adolescentis
1739 4820 1795 4874 in
1849 4820 1969 4891 ipso

389 4902 527 4961 flore
552 4907 752 4970 aetatis.
791 4907 884 4978 qui
928 4905 1031 4961 fuit
1080 4922 1110 4960 a
1172 4906 1437 4965 fratribus
1494 4907 1749 4967 venditus
1799 4917 1854 4965 et
1900 4909 1968 4964 ab

393 4994 653 5070 Egyptio
680 5006 934 5069 emptus;
967 4999 1061 5070 qui
1089 4999 1392 5057 libertatem
1432 5002 1680 5074 corporis
1713 5002 1969 5064 mutavit,

390 5089 695 5147 libertatem
727 5107 857 5147 vero
906 5094 1101 5148 animae
1149 5093 1540 5149 immutabilem
1594 5095 1965 5161 conservavit;

392 5180 488 5246 qui
517 5180 668 5236 exuit
691 5184 938 5252 pallium,
963 5201 1031 5239 ne
1076 5185 1343 5255 pudicitia
1374 5197 1707 5255 exueretur;
1761 5191 1850 5243 cui
1881 5188 1965 5244 vis

392 5269 609 5338 quidem
637 5272 860 5342 pallium
886 5274 1129 5339 abstulit.
1178 5276 1482 5334 necessitas
1521 5293 1649 5333 vero
1704 5293 1809 5332 non
1854 5279 1966 5334 eri-

392 5361 512 5432 puit
540 5364 882 5428 castitatem;
927 5366 1019 5435 qui
1052 5365 1245 5421 maluit
1272 5367 1456 5440 aﬂligi,
1506 5384 1669 5439 quam
1721 5370 1776 5424 in
1817 5383 1965 5424 mor-

391 5455 521 5508 bum
562 5457 859 5526 voluptatis
882 5459 1164 5527 incidere;
1197 5461 1388 5514 maluit
1432 5477 1556 5517 esse
1599 5462 1654 5516 in
1707 5462 1967 5529 vinculis,

390 5560 557 5614 quam
599 5549 718 5618 capi
773 5551 1082 5622 voluptate;
1132 5553 1224 5624 qui
1262 5554 1522 5609 invidiam
1574 5555 1715 5625 turpi
1762 5556 1965 5610 actioni

387 5639 718 5708 praeposuit;
741 5642 834 5710 qui
868 5643 1191 5710 existimari,
1228 5653 1284 5702 et
1316 5660 1425 5701 non
1455 5661 1578 5702 esse
1603 5646 1772 5702 voluit
1813 5663 1934 5701 :me
1955 5674 1968 5689 -

386 5726 498 5801 gius
555 5729 700 5783 enim
752 5730 1056 5801 judicavit,
1090 5735 1280 5792 haberi
1329 5736 1527 5808 turpis,
1567 5751 1729 5808 quam
1775 5754 1896 5794 esse
1914 5744 1967 5793 ct

2071 3169 2190 3234 πῶς
2216 3169 2278 3223 οὑ
2301 3166 2601 3240 θαυμάζειν
2625 3166 2706 3221 δεῖ
2733 3165 2829 3220 καλ⁵
2864 3162 3221 3235 ἀποδέχεσθαι
3260 3162 3350 3215 τὸν
3383 3160 3477 3214 τοῦ
3507 3158 3652 3214 θεοῦ

2070 3262 2233 3333 νόμον
2248 3277 2263 3328 ;
2281 3260 2567 3332 Τεττάρων
2590 3258 2699 3330 7&9
2721 3256 2897 3311 οὐσῶν
2919 3253 3151 3328 ἀρετῶν,
3181 3252 3517 3324 φρονήσεως,
3543 3267 3659 3303 σω-

2070 3350 2362 3426 φροσύνης,
2405 3347 2656 3419 ἀνδρείας
2694 3346 2788 3399 καὶ
2818 3343 3178 3414 δικαιοσύνης.
3223 3340 3339 3395 ὅλαι
3370 3337 3528 3410 παρά
3566 3338 3657 3409 τῷ

2068 3444 2219 3517 νόμῳ
2268 3441 2549 3512 φαίνονται
2587 3440 2642 3492 αί
2672 3437 2884 3510 ἀρεταί.
2935 3435 3034 3490 Διά
3059 3434 3216 3488 τοῦτο
3251 3434 3281 3487 6
3317 3430 3652 3517 βουλόμενος

2070 3516 2209 3587 εἶναι
2250 3529 2481 3603 σώφρων
2518 3527 2631 3600 ἔχει
2672 3526 2742 3580 τά
2781 3524 3107 3598 μαθήματαο
3144 3525 3174 3576 6
3223 3520 3466 3575 σπεύδων
3506 3516 3652 3572 εἶναι

2071 3624 2355 3698 φρόνιμος,
2379 3621 2477 3686 τάς
2499 3617 2753 3691 ἀφορμὰς
2769 3615 2863 3670 τοῦ
2896 3616 3060 3686 νόμου
3089 3611 3291 3676 λαϐὼν,
3328 3608 3651 3681 ἀριστεύει-ει

2069 3718 2129 3772 ἐν
2159 3715 2239 3788 τῷ
2260 3714 2545 3788 πράγματι
2563 3727 2578 3742 ·
2608 3713 2637 3764 6
2677 3708 2996 3781 βουλόμενος
3027 3700 3166 3758 εῖναι
3216 3702 3461 3772 ἀνδρεῖος
3490 3700 3649 3754 ἀλει-

2070 3809 2252 3880 φὲσθω
2280 3810 2400 3871 ταῖς
2444 3802 2853 3877 παραγγελίαις·
2892 3801 2921 3853 6
2955 3796 3263 3862 σπουδάζων
3298 3792 3653 3860 δικαιοσύνης

2069 3902 2310 3972 ἅψασθαι
2329 3899 2392 3954 τὸ
2427 3896 2688 3968 σταθμίον
2707 3895 2807 3967 τῆς
2832 3891 3176 3962 δικαιοσύνης
3216 3887 3519 3961 κρατείτω,
3551 3886 3653 3939 καὶ

2068 3993 2220 4047 οὐδὲν
2245 3992 2429 4047 ἄνισον
2448 3988 2666 4062 πράξει,
2710 3985 2936 4057 σταθμῷ
2980 3980 3323 4053 δικαιοσύνης
3357 3978 3430 4032 τά
3466 3979 3652 4031 πάντα

2069 4086 2323 4157 πράττων
2340 4100 2357 4114 ·
2383 4082 2477 4136 καὶ
2502 4080 2814 4152 φρονήσεως
2844 4076 2944 4147 μὲν
2977 4076 3035 4128 ὲν
3060 4070 3270 4145 μεθέξει
3300 4069 3650 4140 γιγνόμενος,

2069 4176 2274 4245 λεγέτω
2297 4192 2310 4205 ο
2351 4174 2407 4228 Ὀ
2439 4172 2571 4238 Θεδς
2613 4169 2822 4235 ὲδίδαξέ
2858 4184 2926 4240 με
2964 4167 3155 4236 σοφίαν
3178 4205 3193 4231 ,
3244 4165 3337 4218 καὶ⁸
3384 4162 3656 4235 φρόνησις

2069 4266 2373 4339 ἀνθρώπων
2414 4265 2515 4319 οὑκ
2552 4263 2699 4317 ἐστιν
2719 4264 2776 4315 ὲν
2812 4260 2953 4333 ἐμοί’
2996 4260 3104 4323 ἵνα,
3130 4257 3227 4330 τὴν
3256 4254 3651 4325 πεπλασμένην

2068 4355 2274 4427 ταύτην
2320 4354 2419 4408 καὶ⁵
2468 4342 2889 4424 πεπλανημένην
2926 4346 3225 4421 ὲξωθήσας,
3268 4345 3370 4418 τὴν
3414 4344 3651 4416 ἀρίστην

1997 4455 2042 4511 1)
2071 4448 2166 4502 καὶ
2195 4446 2345 4501 θείαν
2373 4447 2705 4517 ἀσπάσηται.

2139 4541 2498 4615 Σωφροσύνης
2524 4541 2582 4596 δὲ
2620 4538 2990 4609 ὑποδείγματα
3017 4535 3185 4608 μυρία
3214 4533 3438 4606 εὑρήσει
3465 4530 3651 4603 ζητῶν

2069 4637 2100 4691 6
2136 4634 2546 4707 ἀναγινώσκων,
2571 4632 2639 4687 τά
2653 4631 3025 4700 ὑποδείγματα
3039 4626 3311 4689 ἐκτυπῶν,
3332 4624 3427 4678 καὶ
3454 4622 3651 4692 ἄλειμ-

2072 4749 2149 4803 μα
2192 4728 2543 4801 σωφροσύνης
2584 4726 2652 4781 τά
2700 4723 2908 4778 παλαιά
2947 4720 3316 4791 ὑποδείγματα
3355 4716 3651 4787 δεχόμενος

2067 4823 2161 4877 τὸν
2198 4822 2412 4877 νεανίαν
2445 4822 2647 4874 ἐκεῖνον
2689 4816 2781 4872 τὸν
2800 4816 3051 4887 ἀκμαῖον,
3081 4812 3173 4866 τὸν
3208 4811 3318 4865 ἀπὸ
3336 4810 3448 4864 τῶν
3488 4808 3651 4862 ἀδελ-

2070 4913 2189 4984 φῶν
2232 4912 2532 4984 δεδομένον,
2579 4911 2673 4965 καὶ
2702 4908 2809 4963 ἀπὸ
2833 4906 2926 4962 τοῦ
2971 4904 3267 4975 Αἰγυπτίου
3310 4901 3645 4973 ἐωνημένον,

2067 5004 2158 5057 τὸν
2186 5004 2284 5075 τὴν
2323 5001 2633 5074 ἐλευθερίαν
2666 5001 2764 5071 τῆς
2799 4998 2977 5070 ψυχῆς
3002 4996 3287 5067 διετήρησε
3317 4992 3648 5063 διατετηρη-

2070 5096 2230 5149 κότα⁹
2261 5095 2350 5148 τὸν
2380 5092 2782 5163 ἀποδυσάμενον
2809 5088 2877 5142 τά
2915 5087 3135 5159 ἱμάτια,
3165 5085 3250 5138 ἶνα
3287 5082 3362 5154 μὴ
3386 5081 3488 5152 τὴν
3538 5098 3647 5135 σω·

2070 5185 2340 5257 φροσύνην
2365 5183 2728 5254 ἀποδύσηται’
2758 5181 2849 5235 τὸν
2877 5179 2967 5251 βία
3006 5178 3104 5249 μὲν
3145 5179 3214 5229 τά
3255 5174 3446 5246 ίμάτια
3479 5174 3651 5241 ἀφαι-

2072 5279 2316 5349 ρεθέντα,
2342 5279 2417 5350 ἐξ,
2430 5277 2671 5346 ἀνάγκης
2692 5274 2749 5327 δὲ
2783 5270 3132 5344 σωφροσύνης
3160 5268 3233 5339 μὴ
3261 5265 3651 5321 ἀποσπασθέν-

2068 5387 2168 5424 ταο
2202 5371 2293 5424 τὸν
2327 5370 2518 5424 παθεῖν
2544 5367 2818 5438 ἑλόμενον.
2847 5366 2934 5417 ἵνα
2970 5362 3045 5433 μὴ
3072 5359 3150 5431 τῷ
3186 5358 3348 5413 πάθει
3379 5357 3482 5427 τῆς
3517 5356 3647 5429 ἡδο-

2068 5463 2167 5533 νῆς
2202 5461 2341 5532 πέσῃ
2361 5477 2373 5491 ⁸
2406 5460 2497 5513 τὸν
2525 5458 2646 5512 ἀντδ⁸
2666 5454 2871 5518 πάθους
2902 5453 2999 5525 τῆς
3031 5450 3223 5523 ἡδονῆς
3265 5450 3324 5502 ἐν
3350 5448 3506 5513 τάξει
3536 5447 3646 5499 τῶν

2068 5553 2304 5625 δεσμίων
2330 5551 2590 5622 γεγονότα
2608 5566 2621 5581 ο
2653 5549 2743 5602 τὸν
2766 5547 3018 5618 ἑλόμενον
3039 5542 3322 5614 δεσμώτην
3351 5537 3513 5602 εἶναι,
3556 5539 3644 5591 ἵνα

2072 5646 2148 5718 μὴ
2168 5646 2386 5718 δέσμιος
2424 5646 2521 5716 τῆς
2558 5641 2752 5715 ἡδονῆς
2790 5638 3021 5713 εὑρεθῇ’
3055 5637 3149 5690 τὸν
3187 5634 3382 5705 φθόνον
3421 5633 3525 5704 τῆς
3556 5633 3645 5718 αἱ·

2072 5715 2241 5811 δχρἅς
2267 5715 2520 5809 λπράξεως
2545 5727 3038 5807 προκρίνανταυιδν
3060 5725 3380 5798 νομισθῆναι
3413 5721 3443 5776 ὃ
3465 5721 3548 5793 μὴ
3574 5715 3644 5791 ἣν
