3792 6150
161 302 295 360 1257

1174 299 1549 358 ADVERSUS
1590 301 2021 360 MANICHAZOS
2057 303 2186 359 LIB.
2215 305 2304 362 III.

3257 267 3400 362 less

153 419 511 491 βουληθέντα’
567 416 782 473 κάλλιον
820 417 928 488 γάρ
975 414 1256 484 ἐλογίσατο
1307 415 1368 468 τὸ
1410 415 1729 488 νομισθῆναι

1842 421 2043 474 latere:
2099 420 2146 474 si
2173 419 2320 474 enim
2354 429 2496 475 esset
2527 430 2580 476 et
2637 424 2846 490 lateret,
2891 426 3162 481 metuebat
3204 433 3399 481 testem

149 512 398 583 αἰσχρὸν,
429 510 462 581 ἦ
499 506 638 563 εἶναι
673 509 766 562 καὶ
811 507 1101 562 ,λανθάνειν
1123 523 1136 536 ο
1181 507 1464 577 γινόμενος
1498 506 1606 578 γὰρ
1636 509 1731 560 καὶ

147 599 447 664 λανθάνων,
485 600 667 653 ἐδεδίει
717 599 968 670 μάρτυρα
1019 596 1109 650 τὸν
1149 596 1312 649 Θεόν’
1351 595 1624 666 νομισθεὶς
1653 595 1730 659 δὲ,

148 693 374 764 ἠρκεῖτο
420 691 499 763 τῷ
555 692 766 762 ἐπόπτῃ
811 689 1173 762 μαρτυροῦντι
1217 692 1330 753 τοῖς
1369 689 1729 760 γιγνομένοις.

147 781 265 836 Καὶ
296 783 397 852 τῆς
435 781 535 851 μὲν
573 781 927 853 σωφροσύνης
960 780 1263 850 ὑπόδειγμα
1293 779 1470 833 τοῦτο.

222 872 338 942 Τῆς
377 872 434 925 δὲ
463 872 713 942 ἀνδρείας
747 873 918 926 πολλά
949 874 1046 944 μὲν
1075 873 1168 926 καὶ
1201 872 1355 936 ἀλλα,
1381 872 1561 925 ἱκανὸν
1588 872 1642 924 δὲ
1672 873 1732 924 τὸ

147 962 250 1034 τῆς
283 961 494 1025 Ἰουδὶθ,
528 963 609 1015 ὅτι
647 961 870 1030 γύναιον
915 959 1015 1033 ἦν,
1069 962 1163 1014 καὶ
1212 960 1436 1023 ἀσθενὲς
1487 956 1588 1030 ἦν,
1638 959 1732 1012 καὶ

148 1050 382 1122 ἄτολμον
413 1046 503 1122 ἦν,
553 1053 674 1104 ἐπεὶ
719 1051 940 1120 γύναιον
975 1047 1062 1122 ἦν.
1099 1049 1370 1120 Εὑτολμον
1405 1051 1463 1103 δὲ
1515 1049 1608 1102 καὶ
1641 1049 1732 1102 ἀν-

148 1145 352 1216 δρεῖον,
383 1145 505 1198 ἐπεὶ
528 1146 716 1198 πιστὸν
747 1141 814 1216 ἦν
834 1162 846 1174 ·
877 1147 958 1198 ὅτι
994 1144 1062 1197 τὰ
1088 1143 1325 1197 ἀδύνατα
1350 1145 1467 1206 ταῖς
1504 1141 1730 1212 προσδο-

153 1238 305 1300 κίαις
337 1237 443 1290 τῶν
468 1236 769 1310 ἀνθρώπων
799 1237 1000 1292 δυνατά
1028 1241 1092 1308 τῇ
1120 1235 1340 1308 ἀνδρεία
1373 1234 1726 1288 ἀποδέδωκεν·

152 1329 237 1381 ὅτι
279 1329 347 1382 τὰ
379 1328 758 1400 ἀπροσδόκητα
801 1331 880 1393 είς
930 1328 1112 1382 πίστιν
1154 1329 1249 1380 καὶ
1296 1327 1488 1380 ἐλπίδα
1524 1326 1732 1396 ήγαγεν

153 1419 375 1492 ἀνδρεία
407 1420 585 1473 πίστει
632 1422 965 1492 κεκερακυῖα
985 1437 998 1449 ·
1028 1419 1096 1472 τὰ
1126 1419 1234 1490 γάρ
1253 1419 1430 1488 τειχία
1467 1415 1732 1486 ἀνεῴγον-

150 1529 244 1576 το,
281 1512 374 1565 καὶ
406 1510 551 1582 ἐξῄει
583 1513 616 1584 ή
653 1513 869 1576 νεᾶνις
915 1512 1008 1564 καὶ
1048 1510 1184 1582 μετά
1226 1509 1518 1580 παιδίσκης
1565 1509 1731 1578 μόνης

153 1603 321 1674 ἐξῄει,
365 1605 424 1657 οὐ
469 1603 528 1657 τὸ
557 1603 795 1658 ὕποπτον
835 1603 928 1657 τοῦ
968 1603 1196 1667 κάλλους
1244 1601 1516 1663 δειλιῶσα,
1561 1600 1620 1651 οὐ
1663 1598 1729 1650 τὰ

153 1695 284 1767 ξίφη
317 1695 721 1768 εὐλαϐουμένη,
758 1697 817 1748 οὐ
850 1695 1145 1766 φοϐηθεῖσα
1195 1693 1268 1764 μὴ
1312 1691 1606 1762 λαγνεύσῃ,
1656 1689 1729 1760 μὴ

1833 508 2034 576 Deum;
2060 509 2144 565 sin
2167 526 2292 565 vero
2316 511 2629 578 haberetur,
2647 522 2937 570 contentus
2953 522 3069 569 erat
3095 523 3230 571 teste
3255 515 3398 571 facta

1833 601 2192 671 inspectante.
2274 601 2451 674 Atque
2524 605 2801 676 pudicitiae
2867 606 3084 677 quidem
3153 607 3256 662 hoc
3326 607 3400 662 sit

1833 695 2161 765 exemplum.

1904 870 2262 926 Fortitudinis
2294 887 2423 926 vero
2460 872 2630 926 multa
2680 872 2896 943 quidem
2936 880 3064 928 sunt
3097 871 3222 935 alia,
3267 869 3398 926 satis

1832 979 1962 1018 vero
1989 979 2134 1019 nunc
2163 965 2234 1018 sit
2263 964 2394 1018 illud
2431 961 2637 1031 Judith,
2669 980 2789 1037 qua:
2821 965 3137 1020 muliercula
3183 973 3321 1025 erat,
3345 973 3402 1019 ct

1833 1055 2049 1110 infirma
2081 1066 2218 1123 erat,
2265 1069 2317 1110 et
2351 1072 2458 1111 non
2507 1057 2683 1112 audax
2725 1065 2864 1123 erat,
2907 1057 3035 1128 quia
3080 1056 3398 1132 muliercula

1832 1157 1971 1202 erat.
1999 1147 2190 1202 Audax
2219 1155 2404 1202 tamen
2434 1148 2617 1204 fuitct
2654 1147 2830 1214 fortis,
2870 1149 2996 1218 quia
3047 1147 3306 1202 credibile
3347 1146 3399 1200 ei

1832 1238 1952 1300 fuit,
1984 1254 2104 1308 qua:
2157 1240 2565 1309 exspectatione
2622 1240 2902 1294 hominum
2961 1237 3072 1293 fieri
3125 1253 3232 1292 non
3279 1252 3400 1306 pos-

1831 1338 1978 1392 sunt,
1999 1345 2158 1399 posse
2192 1329 2540 1396 fortitudine;
2572 1346 2694 1400 quae
2715 1345 2838 1383 cum
2871 1329 2972 1384 fide
2995 1329 3156 1384 mista
3183 1343 3246 1382 ac
3269 1335 3403 1382 tem-

1832 1429 2039 1491 perata,
2072 1421 2138 1475 ad
2171 1421 2329 1474 fidem
2377 1429 2430 1474 et
2465 1436 2613 1490 spem
2649 1421 2875 1474 adduxit
2916 1421 3187 1490 insperata
3219 1417 3399 1473 :muri

1831 1510 1976 1564 enim
2011 1510 2184 1578 aperti
2218 1518 2368 1572 sunt,
2400 1517 2455 1563 et
2484 1509 2652 1563 exivit
2697 1509 3125 1572 adolescentula,
3168 1514 3220 1562 et
3272 1522 3396 1561 cum

1834 1599 1949 1652 sola
1992 1599 2189 1651 ancilla
2237 1599 2426 1663 exivit,
2478 1613 2586 1652 non
2652 1597 2951 1653 formidans
2982 1595 3128 1668 quod
3176 1605 3293 1651 erat
3339 1596 3396 1650 in

1834 1689 2240 1759 pulchritudine
2271 1699 2583 1759 suspectum
2607 1706 2620 1755 ;
2647 1704 2754 1743 non
2772 1699 3016 1742 metuens
3032 1686 3258 1757 gladios,
3287 1702 3398 1742 non

153 1787 248 1859 βίᾳ
275 1787 566 1841 ἀκολασίαν
593 1787 894 1858 ὑπομείνῃ·
932 1787 1006 1858 μὴ
1041 1784 1292 1839 δειλιῶσα
1329 1785 1402 1854 μή
1436 1801 1488 1836 τι
1527 1781 1633 1834 ἀπὸ
1657 1779 1733 1845 ξί-

1842 1778 2031 1833 timens
2061 1794 2128 1833 ne
2168 1779 2228 1832 in
2250 1779 2477 1833 libidine
2499 1787 2666 1846 esset,
2706 1794 2775 1833 ne
2803 1778 2885 1833 vis
2908 1776 3201 1831 inferretur
3238 1774 3398 1847 pudi-

153 1896 288 1948 φους
309 1879 615 1943 ἐξαπίναιον
646 1876 824 1948 πάθῃ·
867 1875 1004 1930 ἀλλὰ
1035 1875 1096 1928 τὸ
1131 1876 1229 1945 μὲν
1268 1873 1495 1946 φοϐερὸν
1523 1871 1617 1925 τοῦ
1659 1871 1733 1936 ξί-

152 1988 288 2039 φους
311 1974 376 2042 τῇ
399 1971 623 2043 ἀνδρεία
645 1969 872 2034 νικῶσα,
909 1969 970 2023 τὸ
996 1969 1052 2022 δὲ
1085 1967 1278 2031 κάλλος
1307 1965 1383 2036 τῷ
1410 1965 1526 2036 Θεῷ
1557 1982 1733 2035 παρα-

151 2060 409 2132 τιθεμένη
431 2077 443 2089 ·
491 2057 801 2124 ἀξιόπιστον
837 2057 946 2128 γὰρ
992 2057 1082 2110 τὸν
1121 2055 1509 2134 Θεὸνφύλακα
1545 2056 1733 2124 ἠγεῖτο

148 2145 248 2199 τοῦ
275 2145 532 2210 κάλλους·
571 2146 825 2216 φρύγανα
861 2146 917 2199 δέ
945 2144 1041 2199 καὶ
1065 2144 1316 2216 πάπυρον
1344 2143 1414 2196 τά
1455 2143 1582 2214 ξίφη
1614 2143 1730 2196 ἐλο-

151 2236 357 2305 γίζετο,
393 2238 745 2306 πεπατηκυῖα
777 2234 853 2306 τῷ
881 2235 1187 2306 φρονήματι
1230 2234 1329 2304 τῆς
1357 2232 1602 2305 ἀνδρείας
1635 2231 1731 2301 τὴν

149 2324 389 2378 δεάίανο
440 2326 532 2379 καὶ
588 2324 864 2397 παρῆλθεν
908 2327 940 2395 ή
984 2324 1143 2395 γυνὴ,
1189 2325 1282 2376 καὶ
1326 2323 1594 2394 τολμηρὸν
1633 2322 1731 2375 οὐκ

152 2415 370 2489 ἐκρίθη.
407 2417 540 2470 Οὐδὲ
569 2417 906 2488 τραχύτητος
959 2415 1210 2486 ἔγκλημα
1247 2414 1354 2486 (59)
1404 2415 1728 2485 ὑπέμεινενο

151 2504 277 2559 οὔτε
300 2505 408 2578 γὰρ
439 2506 704 2577 ἀτελῆ,τά
740 2506 1014 2577 κριθέντα,
1062 2506 1147 2559 ἵνα
1183 2504 1517 2577 τραχύτητος
1543 2505 1733 2577 ἐγκλη-

155 2598 222 2669 θῇ
246 2615 260 2628 ·
295 2598 643 2670 πεπεραίωκε
683 2597 750 2652 τά
795 2597 1219 2668 βεϐουλευμέναο
1269 2598 1350 2660 είς
1390 2597 1560 2670 πέρας
1590 2595 1730 2669 ήχθη

152 2689 224 2742 τὰ
255 2691 586 2760 ἐσκεμμένα.
618 2690 717 2743 Διά
746 2689 903 2744 τοῦτο
936 2689 1270 2760 θαυμάζεται
1293 2729 1308 2752 ,
1359 2689 1442 2742 ὅτι
1475 2689 1732 2761 φρόνησιν

155 2780 379 2852 ἀνδρείᾳ
405 2781 586 2852 ἔμιξεν
607 2799 620 2811 ·
657 2784 739 2836 ὃτι
765 2784 865 2836 ὅσα
889 2781 1264 2846 ἐβουλεύσατο,
1293 2782 1371 2845 είς
1405 2781 1579 2852 πέρας
1601 2782 1734 2850 ὴγά-

155 2887 304 2941 γετο.

1831 1869 1972 1923 citite
2005 1886 2020 1936 ;
2052 1883 2159 1923 non
2191 1867 2492 1923 formidans
2533 1885 2602 1924 ne
2653 1869 2783 1940 quid
2825 1867 3167 1938 repentinum
3196 1883 3262 1924 ex
3287 1867 3401 1938 gla-

1833 1957 1924 2012 dio
1970 1957 2242 2013 accideret
2279 1978 2291 2013 :
2327 1959 2460 2029 quin
2509 1959 2688 2029 potius
2729 1967 2992 2015 terrorem
3039 1957 3204 2030 gladii
3245 1957 3404 2011 forti-

1831 2051 2021 2106 tudine
2053 2052 2298 2118 vincens,
2355 2053 2750 2110 formositatem
2787 2070 2918 2109 vero
2975 2053 3086 2109 Deo
3125 2067 3419 2107 commem-

1831 2142 1991 2197 dans.
2027 2141 2194 2198 Deum
2225 2146 2368 2198 enim
2403 2146 2688 2200 custodem
2719 2145 3142 2215 pulchritudinis
3179 2143 3402 2215 dignum

1833 2233 1923 2287 cui
1957 2233 2176 2300 fideret,
2233 2235 2578 2289 existimabat
2627 2251 2776 2303 esse;
2834 2237 3042 2308 gladios
3097 2250 3228 2291 vero
3279 2249 3402 2289 sar—

1837 2331 2019 2379 menta
2058 2332 2110 2379 et
2131 2340 2394 2396 papyrum
2432 2326 2688 2391 ducebat,
2727 2329 2893 2382 animi
2930 2327 3248 2385 fortitudine
3289 2327 3404 2380 for-

1838 2417 2099 2472 midinem
2147 2434 2413 2488 superans
2447 2439 2459 2474 :
2493 2421 2751 2476 transivit
2803 2423 3023 2486 mulier,
3065 2429 3119 2477 et
3150 2436 3260 2476 non
3309 2429 3398 2476 est

1835 2505 2140 2577 iudicatum
2191 2510 2559 2573 temerarium,
2611 2512 2754 2581 quod
2807 2527 2941 2567 ausa
2990 2519 3094 2569 est.
3133 2511 3251 2566 Non
3299 2510 3420 2566 fuit.

1839 2599 1999 2653 inea
2047 2601 2358 2654 criminatio
2419 2601 2671 2669 duritiaz;
2738 2617 2839 2658 nec
2891 2603 3035 2657 enim
3089 2601 3403 2672 imperfecta

1838 2687 2080 2754 fuerunt,
2103 2707 2225 2761 quae
2254 2691 2467 2746 fuerant
2483 2693 2728 2762 judicata
2754 2701 2808 2748 et
2845 2693 3084 2756 decreta,
3116 2704 3175 2749 ut
3202 2694 3403 2749 duritia

1840 2789 2130 2837 accusetur
2164 2801 2176 2836 :
2208 2783 2434 2852 perfecit
2461 2799 2544 2851 ea,
2576 2784 2643 2839 de
2675 2787 2875 2856 quibus
2897 2787 3254 2842 deliberatum
3285 2784 3406 2840 fuc-

1841 2879 1930 2926 rat
1963 2891 1975 2927 :
2012 2871 2079 2925 ad
2113 2871 2272 2927 finem
2300 2874 2563 2943 perducta
2596 2883 2726 2928 sunt
2778 2875 3145 2930 considerata.
3196 2873 3406 2928 Idcirco

158 2967 215 3022 in
270 2968 632 3027 admiratione
677 2979 784 3038 est,
839 2973 968 3044 quia
1019 2970 1367 3043 prudentiam
1421 2968 1728 3026 fortitudini
1769 2968 2083 3036 admiscuit,
2120 2971 2250 3042 quia
2273 2985 2432 3026 omne
2479 2971 2768 3026 consilium
2823 2979 3065 3042 emptum
3102 2968 3409 3025 adexitum

158 3061 433 3130 perduxit.

229 3153 342 3206 Καὶ
369 3154 466 3224 τῆς
495 3153 744 3224 ἀνδρείας
776 3155 979 3227 ταύτης
1021 3157 1319 3227 ὑπόδειγμα
1346 3154 1618 3220 λαϐόντες,
1648 3155 1742 3208 καὶ

1916 3151 2032 3208 Hoc
2061 3149 2399 3206 fortitudinis
2431 3150 2680 3220 exemplo
2710 3157 2946 3219 sumpto,
2978 3149 3205 3220 iustitiae
3241 3152 3408 3208 etiam

156 3246 259 3318 τῆς
313 3246 657 3319 δικαιοσύνης
716 3248 1018 3319 ληψόμεθα.
1081 3249 1246 3302 Ὅταν
1303 3247 1576 3320 ἀμύνηται
1639 3249 1736 3317 μὲν

158 3337 433 3410 Ἀϐραάμ,
464 3340 556 3392 καὶ
595 3342 1053 3413 ὑπερμαχήσηται
1081 3341 1189 3396 τῶν
1212 3342 1600 3414 ἀδικουμένων,
1642 3341 1738 3395 καὶ

163 3431 437 3502 βοηθήσας
474 3433 682 3504 ἀκούσῃ
721 3434 870 3506 παρὰ
901 3435 1010 3489 τῶν
1043 3433 1542 3505 ἐλευθερωθέντων
1591 3432 1737 3486 Λάϐε

160 3524 264 3595 τὴν
289 3523 454 3578 ἵππον
487 3527 581 3580 καὶ
606 3528 781 3580 πάντα
810 3528 1020 3600 σεαυτῷ
1039 3543 1054 3558 ο
1086 3527 1180 3580 καὶ
1205 3525 1374 3581 ταῦτα
1391 3525 1622 3590 ἀκούων,
1662 3525 1736 3598 μὴ

163 3614 302 3686 πρὸς
329 3615 420 3668 τὸν
452 3618 830 3689 χρηματισμὸν
865 3618 1098 3688 βλέπων,
1123 3617 1259 3672 ἀλλά
1279 3618 1414 3690 πρὸς
1441 3619 1501 3671 τὸ
1532 3617 1738 3670 δίκαιον

163 3704 427 3770 ἀτενίζων
448 3747 462 3771 ,
497 3710 591 3761 καὶ
625 3709 1040 3779 συγγινώσκων,
1083 3711 1163 3764 ὃτι
1191 3709 1398 3782 δωρεὰν
1431 3709 1610 3773 ἔλαϐε,
1647 3708 1740 3762 καὶ

165 3793 286 3858 πῶς
322 3795 568 3868 πωλῆσαι
592 3798 690 3869 τήν
711 3798 919 3870 δωρεάν
960 3801 1061 3852 οὐκ
1095 3800 1330 3868 ὀφείλει,
1370 3800 1450 3852 ὅτι
1495 3798 1740 3870 χάρισμα

165 3890 580 3960 πιπράσκεσθαι
600 3893 700 3946 οὐκ
722 3893 974 3962 ἀνέχεται
996 3911 1008 3926 ·
1031 3894 1112 3946 ὃτι
1137 3893 1309 3948 ἄδικοι
1335 3895 1382 3946 οί
1409 3892 1506 3956 τὰς
1534 3893 1740 3965 δωρεὰς

166 3981 545 4053 ἁποδεδομένοι
577 3984 746 4036 εἰσίνο
781 3985 862 4038 ὃτι
902 3985 962 4037 οὑ
1009 3984 1231 4048 δικαίως
1261 3984 1330 4038 τὰ
1355 3983 1487 4037 ὤνια
1514 3985 1607 4036 καὶ
1643 3984 1740 4047 τὰς

165 4070 485 4142 εὐεργεσίας
506 4075 673 4127 πωλεῖ
692 4092 792 4138 τις.
830 4075 1064 4146 Ίμάτιον
1095 4076 1188 4130 καὶ
1205 4074 1485 4146 κειμήλιον
1509 4074 1594 4126 ἐπ’
1610 4074 1740 4141 ἀγο-

169 4164 270 4233 ρᾶς
312 4167 703 4238 πιπρασκέσθω
726 4185 740 4198 ·
776 4168 1018 4240 ἄπρατος
1050 4168 1106 4222 δέ
1135 4169 1166 4239 ἡ
1209 4167 1491 4239 εὐεργεσία
1537 4165 1744 4234 μενέτω

164 4254 248 4327 τῷ
287 4258 646 4331 μεγαλοψύχῳ
688 4260 788 4330 τῆς
823 4259 1082 4324 διανοίας,
1132 4261 1362 4330 προῖκας
1391 4255 1468 4328 τῷ
1505 4255 1742 4328 δεομένῳ

165 4346 438 4421 διδομένη.
483 4351 592 4405 Καὶ
639 4351 876 4406 τοιοῦτον
913 4352 1034 4423 ἕχον
1075 4351 1173 4422 μὲν
1203 4352 1301 4422 τῆς
1345 4349 1578 4413 διανοίας
1622 4347 1744 4401 ὑπό-

167 4437 390 4509 δειγμα,
431 4442 510 4494 ὅτι
539 4441 637 4505 τὰς
665 4442 870 4514 δωρεὰς
898 4442 993 4496 καὶ
1029 4441 1126 4505 τὰς
1145 4440 1462 4510 εὐεργεσίας
1504 4437 1738 4509 μεγάλου

166 4534 451 4604 Iphi-“17°C
481 4536 884 4606 πιπράσκεσθαι
906 4536 965 4588 οὐ
999 4534 1098 4599 δεῖ,
1135 4533 1270 4588 ἀλλά
1290 4535 1474 4604 τηρεῖν
1493 4531 1590 4603 τὴν
1612 4532 1739 4585 ἐκά-

169 4641 298 4677 στου
328 4626 512 4698 τιμὴν,
550 4627 624 4698 μὴ
645 4627 1191 4699 προδιαφθειρόμενον
1219 4629 1285 4697 τῇ
1319 4626 1460 4678 δόσει
1483 4623 1590 4677 τῶν
1604 4639 1740 4694 χρη-

171 4718 381 4788 μάτων.

1837 3244 2142 3314 exemplum
2171 3256 2471 3297 sumamus.
2504 3240 2638 3295 Cum
2664 3241 2936 3294 Abraham
2967 3240 3166 3309 injuria
3183 3241 3406 3299 affectos

1838 3338 2114 3392 ulciscens
2143 3349 2241 3405 pro
2276 3334 2357 3388 eis
2386 3333 2664 3404 pugnavit,
2707 3339 2762 3386 et
2798 3347 2922 3385 cum
2974 3339 3097 3402 post
3139 3335 3404 3388 auxilium

1839 3430 2062 3484 allatum
2093 3427 2308 3482 audiret
2345 3441 2375 3479 a
2405 3424 2652 3480 liberatis
2687 3423 2920 3495 :Accipe
2963 3425 3062 3478 tibi
3103 3426 3406 3495 equitatum

1837 3529 1891 3577 et
1925 3521 2140 3586 omnia;
2181 3534 2291 3574 non
2338 3517 2392 3572 in
2427 3524 2694 3588 quaestum
2725 3516 2955 3586 aspexit,
2999 3517 3094 3571 sed
3132 3517 3402 3586 justitiam

1839 3613 2108 3680 attendit;
2147 3609 2421 3683 quomodo
2442 3609 2697 3663 conscius
2720 3623 2780 3663 se
2817 3607 2988 3679 gratis
3017 3609 3248 3680 cepisse,
3293 3623 3405 3662 non

1839 3705 2068 3761 debebat
2119 3704 2354 3759 vendere
2395 3701 2596 3756 donum
2632 3719 2644 3754 :
2681 3701 2806 3770 quia
2859 3701 3032 3771 gratia
3103 3717 3214 3757 non
3241 3701 3411 3772 lpati-

1838 3806 1930 3851 tur
1990 3804 2050 3850 ut
2096 3794 2500 3860 venumdetur;
2553 3792 2822 3862 siquidem
2873 3791 3063 3863 injusti
3123 3800 3270 3857 sunt,
3311 3791 3407 3862 qui

1848 3890 1990 3944 dona
2029 3887 2304 3953 vendunt;
2333 3894 2388 3940 et
2421 3899 2527 3940 non
2557 3885 2706 3956 justo
2729 3886 2853 3955 quis
2883 3885 3094 3940 venalia
3139 3893 3193 3940 et
3243 3885 3409 3939 bene-

1843 3982 1965 4036 ﬁcia
2002 3979 2314 4035 venumdat.
2363 3977 2546 4035 Vestis
2609 3986 2664 4034 et
2724 3993 2813 4033 res
2868 3978 3104 4047 pretiosa
3144 3975 3412 4032 vendatur

1842 4074 1897 4130 in
1930 4073 2091 4128 foro:
2135 4071 2460 4127 beneficium
2491 4085 2647 4134 vero,
2687 4085 2755 4126 ne
2802 4069 3068 4124 habeatur
3114 4068 3408 4138 vendibile,

1842 4165 1988 4235 quod
2027 4179 2226 4234 magno
2265 4163 2449 4218 animo
2502 4162 2673 4233 gratis
2737 4161 2998 4232 indigenti
3051 4158 3175 4214 dari
3228 4155 3408 4215 debet.

1844 4254 1975 4310 Tale
2013 4255 2318 4325 exemplum
2351 4253 2649 4316 habemus,
2687 4252 2828 4307 dona
2903 4261 2956 4305 et
2991 4249 3252 4305 beneficia
3301 4263 3410 4302 non

1844 4355 2097 4418 oportere
2125 4347 2296 4401 multa
2323 4345 2552 4418 pecunia
2578 4344 2832 4410 vendere,
2858 4344 2951 4398 sed
2981 4358 3198 4399 servare
3219 4358 3410 4413 quem-

1847 4454 1952 4509 que
1993 4439 2258 4494 honorem
2311 4453 2494 4506 suum,
2552 4443 2742 4491 etnon
2797 4435 2948 4506 prius
3004 4435 3231 4490 pecunia
3287 4448 3412 4489 cor-

1843 4532 2041 4603 rumpi.

1160 4830 1289 4886 Car.
1333 4829 1420 4884 XI.
1465 4824 2008 4894 Concordantt'afegis
2032 4832 2081 4877 et
2107 4821 2394 4892 Evangelii.

243 4947 354 5001 Kal.
381 4947 548 5000 ταῦτα
580 4947 677 5017 μὲν
711 4945 883 5009 οὑτως
918 4945 1310 5011 ἐπεξελθόντες,
1346 4943 1750 4998 κατεσκευάσαο

176 5055 305 5109 μεν·
347 5039 428 5091 ὅτι
462 5037 638 5091 πάντα
665 5039 722 5090 ἐν
751 5038 898 5108 νόμῳ
927 5041 1124 5102 κεῖται,
1170 5037 1264 5089 καί⁸
1293 5035 1490 5098 κακίας
1532 5035 1748 5106 ἀναίρε-

175 5148 285 5195 οις,
309 5130 402 5184 καὶ
433 5130 632 5201 ἀρετῆς
672 5130 1004 5202 κατόρθωσις
1023 5147 1036 5159 ·
1067 5131 1160 5184 καὶ
1206 5130 1408 5182 τούτων
1434 5129 1598 5182 ὄντων
1629 5129 1748 5180 ἰκα-

174 5222 282 5277 νῶν
319 5221 454 5292 πρὸς
477 5221 740 5293 ἐντροπὴν
770 5223 864 5276 καὶ
887 5221 1217 5292 δυσώπησιν,
1257 5221 1350 5276 καί
1384 5239 1441 5274 τε
1476 5219 1537 5272 τὸ
1563 5220 1746 5290 ὅμοιον

175 5311 527 5381 ἀποδίδομεν·
569 5314 616 5365 εί
653 5313 760 5383 γὰρ
807 5313 971 5383 μηδὲν
1019 5309 1162 5383 εἶχεν
1201 5315 1230 5366 ὁ
1280 5313 1440 5382 νόμος
1491 5312 1602 5364 ἴσον
1651 5308 1744 5363 τοῦ

177 5403 536 5472 Εὑαγγελίου,
564 5405 656 5458 τοῦ
703 5404 956 5474 ἀνομοίου
1006 5407 1037 5476 ἡ
1095 5403 1395 5475 κατηγορία
1447 5398 1552 5473 ἦνον
1597 5403 1651 5453 είο
1689 5401 1745 5454 δὲ

177 5496 431 5566 ὁμοιότης
476 5497 620 5562 ἐστὶ,
656 5496 709 5552 τί
746 5495 836 5549 ἐπὶ
868 5497 964 5566 τῆς
989 5496 1303 5566 ὁμοιότητος
1345 5491 1705 5564 διαφερόμεθα
1730 5532 1744 5556 ,

177 5586 279 5657 τῆς
319 5587 633 5660 ὁμοιότητος
661 5587 1008 5660 διαφέρεσθαι
1055 5587 1138 5664 μή.
1170 5585 1532 5658 ἀνεχομένης;
1571 5584 1678 5655 Βοᾷ
1717 5583 1745 5636 ὁ

1923 4937 2098 5007 Atque
2144 4937 2259 4991 hazc
2300 4935 2519 5006 quidem
2574 4941 2836 4988 hactenus
2885 4930 3181 5002 persecuti,
3213 4930 3412 5002 proba-

1851 5031 2028 5085 vimus
2061 5037 2351 5098 utrnmqne
2379 5042 2503 5082 esse
2536 5026 2589 5079 iu
2646 5026 2787 5096 lege,
2829 5031 2886 5079 et
2921 5024 3036 5079 vitii
3065 5023 3414 5093 exstirpatio-

1849 5137 1992 5185 nem,
2033 5128 2088 5174 et
2113 5119 2332 5175 virtutis
2370 5115 2601 5172 omcium
2633 5124 2795 5188 atque
2819 5115 3260 5170 exercitationem
3289 5129 3303 5177 ;
3333 5119 3414 5165 at-

1850 5227 1957 5281 que
2002 5213 2114 5264 haec
2173 5209 2392 5280 quidem
2451 5209 2586 5264 satis
2641 5223 2782 5272 esse,
2820 5216 2880 5262 ut
2933 5206 3022 5261 isti
3066 5204 3412 5259 erubescant.

1850 5304 2068 5375 Aliquid
2121 5303 2298 5357 simile
2329 5301 2605 5356 reddimus
2648 5301 2704 5354 in
2757 5299 3049 5369 Evangelio
3082 5303 3136 5352 et
3173 5296 3309 5366 lege.
3356 5293 3413 5348 Si

1851 5395 1995 5450 enim
2049 5401 2233 5448 essent
2282 5391 2592 5462 Evangelia,
2637 5397 2694 5444 et
2717 5397 2862 5445 esset
2902 5391 3007 5452 lex,
3072 5394 3126 5443 et
3155 5387 3290 5442 nihil
3329 5385 3412 5441 lex

1853 5488 2076 5543 haberet
2111 5485 2316 5556 aequale
2361 5483 2676 5554 Evangelio,
2732 5480 2948 5536 crimini
2979 5479 3202 5535 daretur
3247 5476 3414 5534 dissi-

1853 5579 2124 5635 militudo.
2163 5579 2260 5633 Sin
2293 5587 2470 5633 autem
2506 5575 2810 5632 similitudo
2837 5574 3090 5647 est,quid
3121 5573 3188 5630 de
3219 5567 3414 5628 simili-

248 5744 365 5818 (59)
412 5745 780 5814 Τίλίιχύτητος
812 5743 975 5814 ἐγκλ.
1020 5739 1228 5796 Duritia
1259 5740 1401 5796 cnim
1443 5738 1652 5808 stupori
1685 5735 1878 5793 similis
1912 5733 2228 5806 patientiam
2269 5730 2532 5787 imitatur.
2568 5726 2736 5784 Tune.

3189 5837 3224 5868 ἄ
