3792 6150
156 330 292 388 1241

1178 319 1551 378 ADVERSUS
1589 315 2017 375 MANICHASOS
2053 315 2182 372 LIB.
2225 315 2311 372 Ill.

3276 311 3412 366 1'24?

158 465 338 513 κοτες,
383 446 472 501 τὸν
510 445 675 517 νόμον
711 442 1047 515 ἐξηγήσαντο
1070 457 1084 470 ·
1129 432 1277 495 οὗτοι
1327 440 1386 493 δὲ
1444 440 1534 493 τδν
1581 437 1799 511 νόμονλ

1885 452 1984 492 ero
2010 436 2106 507 qui
2135 435 2311 506 legem
2343 430 2619 490 criminati
2667 435 2829 495 sunt,
2864 429 3036 499 legem
3073 426 3306 492 feriunt;
3358 436 3417 483 et

157 539 579 609 διαϐεϐληκὸτες
611 537 689 608 τῷ
733 536 884 607 νόμῳ
926 532 1427 603 διαπληκτίζονται,
1471 532 1566 587 καὶ
1603 530 1741 603 πρὸς

156 632 290 695 ’τοὺς
310 629 753 700 ἐξηγησαμένους
784 628 876 682 τὸν
904 628 1089 700 νόμον.
1113 630 1225 682 Καὶ
1254 627 1376 698 ἴσην
1402 626 1500 698 μὲν
1526 625 1576 677 oi
1605 622 1743 677 ἀπό-

164 722 343 775 στολοι
374 720 474 792 τὴν
508 720 802 791 ὁμοιότητα
837 719 933 774 τοῦ
963 719 1295 790 Εὑαγγελίου
1332 721 1427 773 καὶ
1452 716 1547 771 τοῦ
1575 716 1741 787 νόμου

162 815 525 885 γινώσκουσι·
564 815 658 868 καὶ
692 814 782 869 τὸν
814 815 977 886 νόμον
1009 813 1267 876 λαϐόντες
1309 813 1371 866 τὸ
1411 809 1744 881 Εὑαγγέλιον

168 910 427 980 βλέπουσι
453 927 466 940 ·
494 908 587 961 καὶ
617 910 696 972 είς
718 908 781 961 τὸ
803 908 1135 978 Εὑαγγέλιον
1162 905 1628 979 παρακύπτοντες,
1652 903 1744 958 τὸν

165 1004 333 1075 νόμον
357 1003 455 1055 ούκ
482 1000 795 1073 ἀναιροῦσιν
815 1017 830 1033 ·
858 995 1004 1054 οὗτοι
1036 1002 1092 1055 δὲ
1117 1002 1188 1056 τὰ
1217 1003 1378 1071 ὃμοια
1404 1000 1490 1054 ἀεὶ
1518 998 1747 1069 ἀνόμοια

169 1094 530 1165 ἡγησάμενοι,
567 1094 661 1147 καὶ
688 1091 757 1146 τὰ
799 1093 927 1163 φίλα
960 1095 1172 1158 ἑαυτοῖς
1202 1096 1297 1147 κα)⁵
1341 1091 1544 1160 ἀδελφὰ
1580 1089 1747 1160 ἄφιλα

171 1187 267 1240 καὶ
304 1186 546 1240 ἄσπονδα
585 1184 996 1257 ὁμολογοῦντες,
1043 1185 1244 1249 κακίας
1286 1185 1383 1256 μὲν
1429 1184 1647 1253 ἔλεγχον
1687 1182 1748 1236 οὑ

172 1278 467 1349 φεύγουσι·
505 1278 712 1350 διιστᾷν
742 1277 797 1332 δὲ
833 1278 928 1333 καὶ
954 1277 1178 1348 διαιρεῖν
1203 1276 1272 1330 τὰ
1298 1277 1458 1346 ὅμοια
1484 1274 1751 1331 ἐσπουδα-

173 1370 353 1433 κότες,
387 1369 460 1440 μὴ
487 1368 775 1440 δυνάμενοι
801 1368 859 1421 δὲ
883 1367 1126 1439 διαιρεῖν.
1180 1365 1353 1420 Ἐπεὶ.
1370 1366 1471 1417 οὐκ
1500 1363 1752 1433 ἀνέχεται

173 1464 204 1517 ὁ
229 1463 392 1533 νόμος
427 1460 520 1515 τοῦ
542 1460 879 1530 Εὑαγγελίου
929 1458 1274 1532 διαιρεῖσθαι,
1311 1456 1414 1526 τῆς
1458 1452 1755 1526 βασκανίας

176 1554 385 1609 ἑαυτῶν
411 1553 511 1626 τὴν
561 1554 839 1625 ἐπιτιμίαν
876 1551 1283 1623 ἐκαρπώσαντο.
1342 1549 1471 1602 Ἰδοὺ
1509 1548 1619 1619 γὰρ
1656 1547 1757 1599 ὅσα

178 1645 309 1715 περὶ
350 1643 560 1713 Πατρὸς
609 1645 669 1697 ἐν
725 1642 894 1713 νόμῳ,
943 1641 1117 1694 ταῦτα
1175 1639 1270 1693 καὶ
1322 1640 1380 1691 ἐν
1406 1636 1758 1707 Εὐαγγελίοις

178 1739 356 1790 κεῖται
381 1752 395 1766 ·
425 1736 524 1789 ὅσα
550 1736 678 1807 περὶ
705 1732 860 1798 Υἱοῢ,
888 1732 1062 1786 ταῦτα
1082 1734 1140 1786 ἐν
1168 1732 1498 1803 ἀμφοτέροις
1524 1732 1755 1801 εἴρηται·

178 1830 281 1882 ὅσα
319 1828 449 1900 περὶ
504 1827 821 1899 Πνεύματος
875 1825 1053 1895 ἁγίου,
1099 1824 1273 1878 ταῦτα
1326 1825 1383 1876 ἐν
1436 1822 1764 1894 ἀμφοτέροις
1795 1809 1838 1863 Β

181 1919 366 1992 εὑρεῖν
399 1919 772 1992 δυνησόμεθα·
805 1920 926 1973 οὑδὲ
961 1919 1217 1988 ὁπότερον
1253 1917 1363 1989 γὰρ
1403 1917 1637 1987 γράμμα
1669 1916 1764 1969 τοῦ

183 2011 502 2082 Πνεύματος
526 2009 618 2064 τοῦ
659 2010 816 2080 ἁγίου
868 2012 1205 2082 ἀμνημονεῖ·
1258 2008 1373 2062 ἀλλ’
1427 2011 1486 2062 ἐν
1541 2008 1640 2079 μὲν
1689 2006 1767 2078 τῷ

184 2105 503 2177 Εὐαγγελίῳ
529 2107 562 2177 ἡ
595 2104 796 2177 δωρεὰ,
818 2104 1017 2159 ἐκεῖδέ
1038 2104 1133 2157 καὶ
1159 2104 1193 2175 ἡ
1229 2102 1465 2175 αἴτησις.
1496 2104 1606 2156 Καὶ
1638 2103 1768 2156 ποτὲ

189 2198 290 2269 μὲν
315 2198 464 2266 λέγει
515 2200 543 2250 ὁ
588 2196 750 2250 Δαϐίδ
774 2213 788 2228 ·
838 2196 908 2250 Τὸ
951 2195 1198 2266 Πνεῦμά
1232 2210 1349 2249 σου
1381 2194 1447 2247 τὸ
1486 2193 1657 2264 ἅγιον
1681 2193 1769 2263 μὴ

186 2288 529 2358 ἁντανέλῃς
555 2288 658 2343 ἀπ’
692 2287 864 2358 ἐμοῦ·
898 2289 1029 2342 ποτὲ
1052 2288 1111 2341 δὲ
1144 2286 1476 2357 Εὑαγγέλιον
1504 2304 1517 2317 ·
1552 2284 1773 2340 Λάϐετε

188 2383 435 2450 Πνεῦμα
473 2381 677 2451 ἄτιον·
723 2381 788 2434 ἵν’
824 2379 853 2433 ὂ
911 2379 1009 2450 μὲν
1049 2378 1160 2449 ἔχει
1212 2377 1287 2449 μὴ
1337 2377 1628 2447 ἀφαιρεθῇ,
1661 2375 1689 2429 ὃ
1715 2375 1772 2429 δέ

192 2473 497 2547 χαρίζεται,
545 2466 700 2537 οὗτος
735 2472 834 2544 ἔχῃ
869 2470 1069 2526 λαϐών.
1114 2470 1225 2524 Καὶ¹
1270 2471 1337 2541 τῇ
1386 2468 1641 2539 συνουσίᾳ
1680 2466 1773 2520 τοῦ

191 2567 351 2636 ἁγίου
377 2565 691 2637 Πνεύματος
722 2563 986 2636 τιμῶνται
1024 2564 1080 2615 αἱ
1123 2562 1313 2633 ψυχαὶ,
1347 2562 1482 2634 μήτε
1513 2560 1774 2615 ἀποσπώ-

197 2674 358 2729 μεναι
382 2657 484 2728 τῆς
513 2656 818 2720 συνουσίας,
867 2656 1003 2726 μήτε
1036 2653 1160 2724 δίχα
1204 2653 1302 2725 τῆς
1339 2650 1627 2714 συνουσίας
1660 2650 1775 2703 δια-

194 2750 467 2804 τελοῦσαι.

271 2842 384 2895 Καὶ
414 2841 699 2914 δυνήσεταί
739 2857 824 2904 τις
858 2840 987 2912 περὶ
1018 2838 1264 2908 ἀγγέλων
1292 2838 1387 2891 καὶ
1426 2836 1779 2908 ἀρχαγγέλων

197 2933 433 2988 καὶτῶν
474 2933 648 2987 ἄλλων
678 2932 957 3000 ἐξουσιῶν,
1005 2933 1098 2985 καὶ
1152 2931 1280 3002 περὶ
1324 2928 1610 2999 ἀνθρώπου
1643 2927 1778 3000 (61),

198 3026 298 3079 καὶ
322 3026 443 3095 γῆς,
495 3024 590 3078 καὶ
624 3023 732 3078 τῶν
766 3023 938 3078 ἄλλων
989 3021 1506 3096 δημιουργημάτων,
1558 3020 1783 3092 ἐπεξερ-

1849 544 1944 586 eos
1994 528 2090 598 qui
2148 527 2321 598 legem
2378 526 2842 596 explanaverunt,
2898 528 3165 590 pungunt.
3220 516 3416 573 Parem

1850 614 2268 679 similitudinem
2292 618 2569 690 Evangelii
2594 624 2756 687 atque
2778 614 2912 685 legis
2928 617 3269 682 cognoscunt
3294 622 3421 678 apo-

1850 713 2015 770 stoli:
2045 713 2138 783 qui
2160 726 2281 767 cum
2302 712 2473 780 legem
2492 717 2735 770 sumunt,
2759 704 3097 775 evangelium
3116 700 3419 770 aspiciunt;

1850 822 1974 862 cum
1988 804 2333 876 Evangelium
2346 802 2636 873 aspiciunt,
2652 801 2821 872 legem
2839 814 2947 854 non
2967 794 3278 852 tollunthli
3296 804 3424 846 vero

1852 899 1981 955 dum
1997 913 2117 967 quae
2130 903 2258 952 sunt
2280 894 2502 958 similia,
2530 908 2640 947 sem
2651 907 2745 962 per
2764 888 3056 946 dissimilia
3072 902 3193 943 esse
3210 891 3421 954 putant,

1852 1003 1906 1051 et
1922 1008 2044 1064 quae
2066 990 2169 1047 sibi
2189 989 2332 1043 inter
2350 1002 2409 1043 se
2433 985 2608 1040 amica
2625 990 2678 1038 et
2706 996 2985 1053 germana,
3012 980 3232 1034 inimica
3255 985 3309 1031 et
3327 975 3424 1028 ad-

1854 1087 2100 1144 versaria
2118 1098 2240 1139 esse
2257 1080 2599 1152 proﬁtentur,
2618 1092 2729 1132 non
2755 1075 2971 1145 quidem
2987 1072 3271 1141 ellugiunt,
3294 1068 3425 1137 quin

1855 1181 2065 1238 malitia
2087 1194 2275 1236 eorum
2298 1175 2546 1232 convicta
2581 1174 2684 1229 sit:
2724 1170 3038 1239 disjengere
3054 1181 3183 1220 vero
3210 1171 3263 1219 et
3293 1162 3429 1215 diri-

1857 1289 2008 1331 mere
2038 1271 2241 1329 similia
2272 1269 2401 1324 dum
2447 1265 2687 1327 student,
2716 1276 2895 1330 neque
2943 1266 3124 1312 tamen
3174 1259 3429 1325 possunt.

1860 1363 2316 1436 Quandoquidem
2346 1361 2430 1415 lex
2467 1359 2536 1413 ab
2565 1355 2862 1425 Evangelio
2883 1352 3049 1407 dividi
3084 1365 3191 1404 non
3227 1354 3429 1416 potest,

1866 1457 2091 1514 invidiae
2129 1471 2242 1512 sua:
2284 1452 2525 1521 fructum
2569 1453 2933 1519 perceperunt
2975 1441 3431 1511 obiurgationem.

1869 1550 2219 1619 Quaecunque
2247 1546 2390 1602 enim
2413 1544 2481 1599 de
2499 1541 2734 1597 Patrein
2765 1540 2883 1608 lege
2910 1536 3114 1605 scripta
3146 1537 3294 1594 sunt,
3317 1529 3436 1583 haec

1867 1644 2032 1701 etiam
2066 1650 2192 1698 sunt
2216 1641 2269 1693 in
2301 1635 2612 1707 Evangeliis
2640 1652 2653 1688 :
2687 1642 3028 1703 quaecunque
3048 1624 3113 1679 de
3128 1621 3288 1685 Filio,
3320 1620 3436 1673 haec

1873 1737 1929 1791 in
1964 1736 2213 1804 utrisque
2241 1746 2259 1787 :
2287 1745 2409 1802 quae
2438 1728 2505 1784 de
2538 1725 2748 1798 Spiritu
2792 1730 3018 1786 sancto,
3063 1718 3178 1772 haec
3220 1726 3439 1784 quoque

1869 1832 1922 1885 in
1953 1829 2221 1883 ambobus
2247 1824 2489 1895 reperire
2521 1818 2822 1892 poterimus
2849 1836 2863 1871 :
2897 1820 3091 1870 neutra
3117 1809 3262 1865 enim
3293 1805 3441 1859 Scri-

1868 1931 2028 1993 ptura
2059 1936 2167 1974 non
2192 1917 2444 1973 meminit
2473 1916 2541 1969 de
2568 1911 2779 1984 Spiritu
2810 1917 3001 1967 sancto
3021 1924 3035 1961 :
3058 1903 3237 1959 imoin
3262 1898 3441 1952 Evam

1870 1986 2013 2085 gelio
2040 2019 2125 2067 est
2157 2010 2360 2065 donum
2387 2048 2401 2072 ,
2429 2004 2503 2060 ibi
2537 2017 2667 2059 vero
2696 2008 2780 2055 est
2808 1997 3019 2070 petitio.
3052 1993 3118 2047 Et
3148 1986 3443 2059 aliquando

1875 2081 2010 2162 dicit
2052 2101 2227 2159 David
2260 2121 2272 2156 :
2311 2099 2572 2169 Spiritum
2603 2103 2845 2151 sanctum
2878 2100 3025 2144 tuum
3069 2101 3133 2139 ne
3166 2081 3379 2151 auferas
3412 2094 3445 2130 a

1872 2216 1954 2253 me
1982 2198 2050 2253 ⁸⁸.
2085 2194 2364 2251 Interdum
2405 2190 2540 2246 dicit
2565 2184 2958 2255 Evangelium:
3004 2174 3235 2244 Accipite
3274 2169 3447 2239 Spiri-

1874 2303 1987 2348 tum
2018 2300 2263 2347 sanctum
2313 2286 2398 2340 8°:
2434 2292 2496 2338 ut
2526 2280 2673 2353 quod
2704 2276 2925 2349 quidem
2963 2271 3127 2326 habet
3159 2263 3350 2326 David,
3378 2277 3447 2316 ne

1874 2386 2156 2443 auferatur
2198 2381 2248 2436 ei
2287 2387 2481 2449 rogat:
2520 2373 2666 2445 quod
2700 2384 2833 2426 vero
2883 2366 2974 2420 hic
3007 2363 3202 2423 donat,
3236 2357 3289 2411 id
3320 2368 3444 2410 cum

1876 2478 1968 2532 ille
2004 2471 2301 2542 acceperit,
2328 2445 2547 2523 li'abeat.
2576 2457 2972 2517 Familiaritate
3003 2453 3166 2508 etiam
3207 2445 3447 2520 Spiritus

1880 2566 2058 2625 sancti
2090 2565 2287 2619 animae
2320 2561 2680 2620 honorantur,
2720 2567 2820 2607 nec
2861 2565 2892 2604 a
2930 2543 3301 2600 familiaritate
3327 2536 3450 2607 ejus

1879 2655 2105 2725 avulsae,
2138 2669 2318 2728 neque
2349 2653 2466 2710 sine
2494 2649 2615 2720 ejus
2649 2642 3017 2702 familiaritate
3044 2638 3450 2709 permanentes.

1951 2839 2032 2894 Ad
2062 2834 2312 2893 eumdem
2343 2828 2567 2885 modum
2599 2821 2799 2895 poterit
2827 2817 2954 2891 quis
2991 2805 3345 2877 elaborando,
3385 2802 3454 2857 de

1885 2931 2094 3003 angelis
2128 2936 2182 2984 et
2223 2920 2574 2993 archangelis
2603 2924 2658 2972 et
2702 2914 2822 2968 aliis
2855 2904 3249 2981 potestatibus,
3299 2903 3357 3003 et
3385 2895 3453 2995 de

1885 2984 2029 3081 cce‘lo
2058 3037 2122 3077 ac
2155 3027 2301 3075 terra
2327 3014 2560 3083 aliisque
2575 3004 2846 3064 creaturis
2873 2993 3287 3056 similitudinem
3320 2984 3455 3057 legis

200 3116 513 3187 γασάμενος
564 3116 663 3185 τὴν
716 3115 1009 3186 ὁμοιότητα
1042 3074 1162 3168 ,Ἰτοΰ
1190 3074 1506 3185 ⁸τεμνόμου,
1543 3113 1637 3167 καὶ
1671 3074 1778 3165 ’τοῦ

1888 3124 1943 3173 et
1973 3110 2254 3182 Evangelii
2284 3101 2687 3174 contemplari,
2753 3103 2916 3165 atque
2967 3090 3043 3143 ita
3080 3074 3456 3151 investigando

2152 3199 2166 3206 -
2246 3198 2258 3206 .
2306 3198 2315 3206 .
2520 3192 2532 3206 .
2820 3197 2919 3206 Μ,
2953 3192 3080 3206 MM
3108 3181 3310 3206 Man
3343 3181 3456 3206 mm

200 3206 561 3275 Εὑαγγελίου,
599 3205 895 3277 θεωρῆσαι,
932 3205 1025 3258 καὶ
1066 3205 1209 3259 οὑτω
1246 3202 1580 3275 κατιχνεύων
1620 3202 1782 3273 μέχρι

201 3296 297 3352 τοῦ
354 3298 634 3369 ἐλαχίστου
697 3297 940 3367 φθάσαι·
996 3298 1156 3367 ἡμεῖς
1207 3295 1264 3348 δὲ
1320 3295 1411 3347 τὸν
1468 3288 1783 3365 τηλικοῦτον

202 3390 367 3459 ὄγκον
394 3388 824 3461 παραιτούμεθα,
854 3389 1013 3458 μόνον
1042 3391 1107 3458 τῇ
1142 3386 1397 3440 ὑποθέσει
1427 3385 1782 3457 χρησάμενοι,

204 3483 304 3537 καὶ
350 3484 474 3546 τοὺς
527 3482 846 3553 φιλομαθεῖς
894 3480 1283 3551 ἐκκαλούμενοι
1337 3480 1439 3550 τῆς
1479 3477 1786 3541 ὑποθέσεως

207 3573 542 3644 ἁψαμένους,
568 3572 661 3626 ἐπὶ
697 3571 876 3625 πάντα
899 3571 969 3624 τὰ
999 3569 1332 3642 θεωρήματα
1360 3571 1577 3641 χωρεῖν.
1609 3569 1787 3640 Ὅπερ

204 3668 265 3720 δὲ
307 3667 445 3737 μετά
467 3682 609 3729 τινος
637 3663 973 3735 κατηγορίας
1021 3661 1409 3716 καταιτιῶνται
1445 3661 1495 3714 οἱ
1535 3659 1790 3733 αἱρεσιῶ-

205 3776 319 3823 ται,
363 3757 523 3811 τοῦτο
570 3758 728 3828 μόνον
766 3754 1192 3827 προσγράψομεν
1237 3752 1314 3825 τῷ
1359 3752 1521 3824 λόγῳ,
1565 3753 1653 3805 ἵνα
1696 3752 1790 3806 καὶ

208 3850 309 3923 τὴν
366 3851 547 3904 αἰτίαν
605 3849 829 3902 ἐκείνων
876 3847 1150 3917 λύσωμεν,
1202 3846 1296 3899 καὶ
1343 3843 1437 3899 τοῦ
1480 3846 1644 3917 νόμου
1693 3844 1792 3909 τὰς

208 3943 481 4006 διαθέσεις
502 3939 982 4011 κατοπτεύσωμεν.
1017 3939 1082 3991 Εἰ
1108 3937 1217 4009 γὰρ
1257 3939 1453 3990 ἐκεῖνοι
1481 3935 1581 4007 τὴν
1614 3935 1792 3990 αἰτίαν

209 4036 323 4090 τῶν
351 4033 695 4106 γραμμάτων
728 4030 1192 4101 ἀναγινώσκοντες
1233 4028 1533 4104 ὑϐριστικῴ
1566 4029 1792 4100 στόματι

212 4129 530 4201 κέχρηνται,
565 4126 678 4181 ἀλλ’
704 4128 863 4197 ἡμεῖς
888 4126 983 4179 καὶ
1007 4126 1074 4196 τῇ
1104 4124 1380 4195 ὁμοιότητι
1400 4121 1792 4193 δυσωπήσομεν

212 4219 396 4275 αὐτῶν
441 4219 541 4289 τὴν
581 4218 796 4272 ἄνοιαν·
832 4217 924 4270 καὶ
969 4215 1066 4303 τὴν
1111 4214 1290 4267 αἰτίαν
1333 4212 1672 4285 παραθέσθαι
1718 4211 1793 4283 μὴ

214 4310 685 4383 παοαιτησόμεθα.

1888 3218 2063 3273 usque
2101 3181 2168 3254 ad
2188 3198 2474 3253 minimum
2502 3189 2793 3246 devenire:
2820 3197 2923 3237 nos
2953 3192 3081 3233 vero
3108 3181 3311 3230 tantam
3343 3181 3457 3221 mo-

1887 3295 1993 3350 lem
2030 3297 2386 3348 recusantes,
2442 3290 2498 3338 et
2551 3276 2824 3350 principio
2867 3278 3079 3325 tantum
3124 3263 3230 3326 usi,
3262 3271 3459 3331 provo-

1887 3393 2183 3454 cantesque
2210 3379 2510 3438 studiosos,
2543 3378 2603 3426 ut
2631 3374 2889 3436 suscepto
2907 3363 2973 3417 ad
2991 3356 3334 3415 tractandum
3368 3365 3460 3406 ar-

1894 3487 2156 3554 gumento
2186 3474 2252 3528 ad
2282 3471 2464 3527 omnia
2488 3467 2828 3522 theoremata
2848 3454 3170 3528 procedant,
3196 3447 3249 3502 id
3282 3445 3460 3554 solum

1891 3530 2176 3627 ad
2198 3564 2577 3635 adiungemus,
2619 3550 2761 3623 quod
2796 3542 3038 3602 haeretici
3069 3552 3192 3593 cum
3224 3530 3462 3635 quadam

1893 3660 2321 3734 reprehensione
2375 3658 2673 3711 accusant,
2714 3649 2777 3696 ut
2821 3651 3012 3695 eorum
3049 3626 3461 3687 accusationem

1898 3717 2291 3813 dissolvanius,
2336 3754 2391 3801 et
2441 3740 2579 3813 legis
2612 3731 3003 3806 dispositiones
3042 3717 3458 3813 perspiciamus.

1900 3849 1958 3904 Si
1996 3846 2141 3903 enim
2169 3841 2244 3896 illi
2279 3804 2528 3908 legentes
2558 3844 2679 3902 quae
2701 3804 2912 3880 'contra
2948 3816 3284 3885 Scripturam
3321 3804 3461 3908 obji—

1897 3943 2074 4003 ciunt,
2107 3951 2202 3991 ore
2233 3925 2629 3988 contumelioso
2654 3919 2738 3975 usi
2770 3924 2932 3973 sunt:
2966 3917 3020 3964 at
3049 3922 3149 3962 nos
3173 3899 3465 3958 amentiam

1903 4026 2272 4091 similitudine
2303 4021 2722 4090 redarguemus,
2758 4018 2811 4065 et
2838 4020 2959 4077 qua:
2990 4004 3045 4056 in
3078 3995 3306 4054 crimine
3324 3991 3461 4060 obji-

1911 4128 2086 4189 ciunt,
2120 4131 2395 4193 apponere
2422 4129 2530 4169 non
2555 4104 2951 4165 dubitabimus.

1295 4444 1426 4500 CAP.
1463 4443 1600 4499 Xlll.
1643 4445 1916 4501 Acerbitas
1941 4441 2067 4514 legis
2093 4433 2402 4493 vindicatur.

300 4567 626 4639 Ἐγκαλοῦσι
664 4565 772 4637 γὰρ
808 4564 888 4637 τῷ
920 4562 1135 4634 παλαιῷ
1175 4562 1345 4633 νόμῳ,
1377 4562 1453 4626 ὠς
1484 4564 1678 4634 τραχεῖ
1710 4565 1804 4618 καὶ

1835 4568 1879 4623 D
1981 4560 2262 4614 Accusant
2287 4548 2433 4606 enim
2465 4548 2706 4599 veterem
2733 4536 2906 4604 legem
2938 4536 3200 4596 tanquam
3227 4515 3477 4573 acerbam

318 4609 626 4639 "mw..-"
704 4609 738 4619 ..
820 4609 836 4618 -
927 4609 1132 4634 ...ω-,γ
1186 4609 1230 4616 .-
1331 4609 1345 4627 ,
1381 4609 1450 4626 τι,
1496 4609 1510 4613 -
1557 4609 1589 4615 _
1630 4609 1675 4616 -,
1712 4609 1799 4618 ,,..,

218 4666 451 4734 ἀπηνεῖ·
480 4609 773 4728 ἐγκαλοῦσι
801 4609 896 4711 ac;
942 4658 1055 4719 τοῖς
1099 4609 1351 4718 ualuit};
1393 4609 1697 4727 ὑπηρέταις
1729 4656 1799 4721 ὡς

1908 4661 1963 4709 et
1986 4647 2268 4706 crudelem
2300 4660 2314 4695 :
2351 4638 2616 4694 accusant
2644 4635 2905 4700 prmterea
2938 4625 3151 4673 veteres
3196 4609 3478 4665 ministros

2404 4733 2408 4734 '
2638 4731 2646 4734 -
2841 4718 2876 4734 ·ν
2943 4714 3002 4734 -Αι
3051 4704 3478 4734 ,ιιεη-...ηεηηηηι

220 4754 671 4827 αὑστηροτέροις,
702 4751 798 4805 καὶ
856 4750 1054 4822 μᾶλλον
1088 4748 1225 4837 προς
1267 4750 1367 4820 τὴν
1399 4748 1683 4820 ἐπιτιμίαν
1719 4748 1808 4820 ρέ-

220 4867 407 4909 πουσι,
437 4847 532 4901 καὶ
565 4847 800 4919 στοργῆς
832 4843 1014 4906 ἐλέους
1035 4840 1496 4913 ἀπηλλαγμένοις,
1523 4840 1597 4913 μὴ
1627 4840 1809 4895 νοοῦν-

1907 4754 2174 4815 tanquam
2211 4733 2547 4792 austeriores
2599 4731 2655 4781 et
2717 4718 2889 4791 magis
2939 4714 3005 4769 ad
3047 4704 3480 4815 obiurgationem

1906 4797 2240 4910 propensos,
2282 4835 2335 4884 et
2368 4825 2438 4880 ab
2461 4817 2750 4876 aﬂ'ectione
2799 4802 3189 4910 misericordiae
3230 4797 3478 4910 ιιΙίειΙπρε,

220 4883 407 4909 ἰιυυυιο
441 4883 532 4901 Λυδι-
565 4883 719 4919 νυννι
739 4883 797 4916 ιη
832 4883 1011 4906 ..σι-νυνι,
1035 4883 1496 4913 ...συνιιιπιεη...ν.,,
1523 4883 1597 4913 t...‘
1637 4883 1776 4895 νη.-.

218 4958 313 5005 τες
364 4938 427 4991 τὸ
471 4936 893 5008 γεγραμμένον·
937 4931 1161 4986 "Exsere
1206 4931 1304 4984 καὶ
1341 4931 1546 4998 κρίσιν
1584 4931 1799 5000 ᾄσομαι

1909 4883 2421 4990 bonrintelligentes
2444 4908 2591 4982 quod
2619 4904 2884 4974 scriptum
2912 4902 3023 4951 est:
3057 4883 3482 4948 Misericordia”:

2445 5004 2455 5008 ’
2560 5002 2592 5008 ’⁸
2614 5002 2626 5008 ⁵
2676 4997 2710 5008 ’⁸
2811 4995 2822 5006 ⁸
2911 4990 2953 5008 ⁸⁸⁷
3009 5000 3182 5008 -Α----
3211 4980 3445 5008 ηηῖιιιιίοὲ

223 5048 346 5097 σοι,
375 5031 553 5100 Κύριε
579 5046 594 5060 ·
643 5029 781 5098 μήτε
808 5018 1028 5089 εἰδότες,
1064 5025 1146 5077 ὃτι
1176 5024 1208 5094 ἡ
1239 5022 1513 5094 τελειότης
1538 5023 1636 5093 τῆς
1662 5023 1808 5075 οἰκο-

223 5122 419 5195 νομίας
457 5119 517 5184 ἐξ
559 5119 743 5180 ἐλέους
791 5117 885 5169 καὶ
933 5114 1213 5186 ἐπιτιμίας
1261 5114 1514 5185 ἢρτηται.
1560 5112 1670 5166 Καὶ
1716 5110 1805 5165 διὰ

223 5214 385 5269 τοῦτο
416 5209 891 5283 ἀμϐλυωποῦντες,
936 5207 1178 5261 σιωπῶσι
1207 5207 1334 5269 τοὺς
1366 5205 1682 5276 οίκτιρμοὺς
1709 5203 1804 5257 τοῦ

231 5308 393 5379 δόμου
417 5323 430 5338 ·
460 5304 659 5377 μᾶλλον
698 5302 757 5356 δὲ
800 5301 910 5355 τῶν
947 5299 1317 5371 ἐπιτιμήσεων
1373 5296 1802 5369 μνημονεύουσι·

225 5400 322 5454 καὶ
373 5399 486 5454 ἄνω
534 5396 630 5450 καὶ
671 5395 821 5449 κάτω
871 5392 1063 5464 βοῶσιν
1083 5408 1095 5419 ·
1128 5391 1239 5462 Οὑχ
1273 5391 1437 5463 ὁρᾶτε
1462 5429 1477 5455 ,
1503 5389 1688 5460 φησὶν,
1721 5389 1808 5441 ἵνα

300 5579 347 5610 ⁸⁸
389 5576 535 5632 Psal.
573 5592 627 5640 ι,
664 5575 750 5629 15.
827 5572 873 5604 ⁸⁸
912 5570 1073 5626 Joan.
1113 5585 1207 5635 xx,
1241 5568 1330 5623 22.
1366 5530 1369 5533 γ
1409 5569 1452 5601 ⁸⁷
1495 5566 1639 5622 Psal.
1673 5580 1725 5635 (ς,
1764 5565 1811 5617 l.

304 5736 420 5807 (6i)
472 5732 823 5802 Ἀνθρώπου.
859 5728 938 5783 An
972 5723 1235 5799 οὑρανοῦἳ

1912 5029 1961 5075 et
1982 5016 2244 5089 judicium
2275 5004 2499 5064 cantabo
2530 5002 2647 5064 tibi,
2667 4995 2886 5051 Domine
2910 4990 2980 5059 '7;
3008 5000 3185 5057 neque
3211 4980 3479 5041 scientes,

1917 5072 2314 5182 perfectionem
2346 5098 2559 5153 ratione
2590 5084 3007 5164 gubernationis
3060 5095 3124 5134 ex
3170 5072 3485 5130 misericor-

1915 5204 2006 5259 dia
2040 5208 2094 5257 et
2124 5193 2500 5253 vindicatione
2532 5187 2789 5260 pendere.
2827 5179 3036 5235 idcirco
3064 5169 3287 5233 caecati,
3323 5164 3484 5220 mise—

1918 5296 2168 5352 rationes
2196 5290 2334 5362 legis
2367 5289 2587 5351 tacent;
2619 5289 2672 5336 et
2691 5273 3121 5334 vindicationum
3156 5265 3340 5336 potius
3372 5274 3487 5359 me-

1920 5347 2323 5449 minerunt;vet
2368 5347 2583 5446 ubique
2615 5371 2853 5426 clamant
2886 5380 2900 5418 ε
2954 5359 3071 5414 Non
3113 5353 3326 5416 videtis,
3357 5347 3486 5420 quia
