3792 6150
350 314 489 369 1245

1483 317 1621 374 TITI
1662 317 2094 377 BOS'I’RENSIS
2131 319 2440 378 EPISCOPI

3470 325 3612 382 1244

349 431 504 503 pueri
531 430 684 502 parvi
708 434 1020 490 convicium
1055 434 1307 491 fecerunt
1328 434 1544 503 Eliseo;
1571 436 1788 496 Eliseus
1800 454 1924 494 vero

2098 438 2224 493 ιιδία
2261 438 2615 510 λοιδορήσωσι
2654 439 2748 493 τὸν
2793 438 3090 494 Ἐλισσαῖον
3109 455 3123 469 ⁸
3173 441 3482 512 κατηρᾶτο,
3517 442 3614 494 καὶ

352 523 639 577 maledixit
676 523 759 579 eis
783 564 799 589 ,
840 531 896 580 et
927 524 1146 582 duobus
1189 527 1338 582 ursis
1369 526 1598 582 tradidit
1625 544 1827 599 pueros
1860 529 1932 585 ad

352 616 769 672 devorandum?
798 615 919 672 Non
944 618 1164 684 videtis,
1203 619 1331 689 quia
1376 620 1707 690 quibusdam
1747 621 1933 676 militi-

353 706 462 766 bus
484 709 671 765 missis
697 726 728 765 a
762 726 890 782 rege
921 710 990 765 ad
1013 711 1318 766 vocandum
1352 711 1525 767 Elinm
1579 713 1789 778 invitis,
1824 729 1929 769 no-

342 800 459 871 Juit
489 801 569 856 ire
598 816 722 856 cum
753 801 856 868 eis,
885 801 1066 872 ignem
1085 801 1369 870 jaculatus
1409 810 1519 870 est,
1541 811 1596 858 et
1621 802 1770 857 viros
1797 818 1932 858 con-

346 892 613 964 'sumpsit,
640 895 916 965 inquiens,
950 893 1011 949 Si
1040 895 1120 948 vir
1154 894 1252 948 Dei
1280 910 1371 965 ego
1392 910 1531 959 sum,
1563 894 1836 949 descendet
1865 896 1930 950 de

353 987 484 1041 εωίο
505 987 668 1057 ignis,
720 996 770 1041 et
815 986 1086 1041 devorabit
1119 995 1166 1041 te
1194 994 1243 1041 et
1289 987 1672 1057 quinquaginta
1697 995 1814 1041 tuos
1840 986 1930 1042 ⁸⁸2

352 1080 414 1135 Si
441 1080 608 1150 hujus
641 1080 767 1134 mali
803 1080 1158 1135 accusatione
1184 1086 1239 1134 et
1260 1079 1534 1135 vindictas
1557 1080 1700 1134 inter
1729 1080 1930 1133 vitiosa

349 1180 408 1227 et
431 1186 599 1243 prava
634 1171 905 1237 referunt,
939 1171 1070 1241 quid
1099 1171 1303 1227 dicturi
1339 1179 1469 1228 sunt
1504 1170 1573 1227 de
1599 1170 1801 1237 Paulo;
1834 1173 1929 1242 qui

349 1278 477 1318 cum
517 1264 726 1318 videret
760 1263 1060 1334 aliquando
1098 1261 1366 1318 Bar-Jesu
1396 1278 1613 1333 magum
1635 1303 1650 1327 ,
1684 1263 1779 1334 qui
1810 1274 1928 1317 erat

349 1371 474 1409 cum
505 1355 697 1427 Sergio
727 1356 897 1412 Paulo
923 1357 1276 1427 proconsule,
1307 1354 1693 1417 disserentem.
1723 1367 1776 1411 et
1795 1356 1929 1409 arti-

349 1448 544 1504 ﬁciosa
576 1449 986 1506 machinatione
1014 1450 1286 1505 orationis
1314 1456 1551 1504 mentem
1589 1465 1781 1505 eorum
1835 1449 1928 1521 qui

347 1542 635 1598 veritatem
668 1542 1000 1605 didicerant,
1030 1543 1454 1614 depravantem,
1486 1558 1599 1597 non
1671 1551 1756 1599 est
1788 1559 1918 1614 pas-

347 1647 469 1698 sus,
501 1634 825 1704 increpavit,
847 1633 1081 1703 punivit,
1124 1634 1359 1704 privavit
1395 1634 1595 1700 oculis,
1629 1634 1926 1690 clamavit:

349 1725 566 1795 Oplene
604 1725 728 1780 dolo
757 1735 806 1780 et
838 1727 981 1780 omni
1003 1725 1250 1796 fallacia,
1278 1727 1360 1795 ﬁli
1399 1726 1621 1791 diaboli,
1655 1744 1760 1782 non
1786 1727 1928 1782 desi-

2031 530 2185 585 δυσὶν
2216 530 2440 601 ἄρκτοις
2470 530 2662 585 ἐκδοτα
2687 530 2969 603 παρεδίδου
2990 530 3060 584 τὰ
3083 531 3272 603 νήπια,
3298 530 3468 604 βορὰν
3496 532 3614 603 (62)

2030 626 2125 680 καὶ⁸
2154 625 2336 695 θοίνην
2378 622 2812 696 παρεσκευακὼς
2852 624 2967 686 τοῖς
3012 623 3234 693 ἄρκτοις
3278 621 3349 675 τά
3382 621 3614 686 παιδίας

2031 719 2144 788 Οὐχ
2193 718 2377 789 δρᾶτε,
2430 714 2616 785 φησιν,
2670 714 2756 766 ἵνα
2804 713 2950 777 τινὲς
3001 712 3224 777 ἄκοντες
3276 710 3609 783 στρατιῶται

2029 809 2139 863 ἀπὸ
2168 808 2259 861 τοῦ
2289 803 3023 869 ἐπιτάττοντος¹ἀποσταλῶσι
3045 803 3271 858 καλέσαι
3282 804 3372 857 τὸν
3399 803 3615 869 Ἠλίαν,

2032 900 2245 972 βαδίσαι
2277 899 2375 970 μὲν
2412 898 2651 970 ὤκνησε,
2686 898 2784 951 καὶ
2829 896 3033 966 φθάσαι
3079 897 3449 968 παρῃτήσατο,
3494 895 3617 968 πῦρ

2028 991 2086 1046 δέ
2126 992 2465 1060 κατήνεγκε,
2511 989 2607 1043 καὶ
2649 991 2776 1052 τοὺς
2825 987 3025 1059 ἀνδρας
3069 986 3307 1041 ἐδαπάνα
3356 987 3452 1040 καὶ
3506 988 3605 1041 ἀν-

2029 1083 2221 1154 ήλισκε
2236 1122 2251 1145 ,
2275 1080 2465 1151 λέγων’
2486 1083 2553 1135 El
2579 1079 2889 1149 ἅνθρωπος
2911 1079 3011 1133 τοῦ
3031 1077 3179 1133 Θεοῦ
3204 1080 3320 1147 είμι
3336 1077 3472 1147 ἐγὼ,
3502 1095 3613 1132 κα-

2028 1175 2349 1241 ταϐήσεται
2382 1174 2503 1244 πῦρ
2524 1172 2644 1228 ἀπὸ
2680 1173 2786 1227 τοῦ
2818 1172 3096 1240 οὐρανοῦ,
3123 1171 3221 1226 καὶ
3259 1171 3609 1241 καταφαγῆ-

2029 1268 2204 1323 σεταί
2239 1283 2313 1321 σε
2354 1267 2452 1320 καὶ
2490 1264 2632 1330 τοὺς
2667 1261 3045 1329 πεντήκοντὰ
3074 1277 3233 1326 o'ov;
3270 1263 3380 1317 Καὶ
3415 1262 3609 1334 ἐπειδὴ

2029 1361 2286 1423 τοιαύτας
2322 1358 2521 1421 αἰτίας,
2568 1356 2663 1410 καὶ
2707 1354 2966 1418 τοιαύτας
3014 1354 3295 1424 ἐπιτιμίας
3336 1355 3394 1407 ἐν
3448 1352 3615 1419 τάξειε

2030 1453 2296 1524 πονηρίας
2329 1453 2420 1506 καὶ
2452 1448 2649 1512 κακίας
2685 1447 2945 1512 τίθενται,
2992 1446 3045 1500 τί
3077 1445 3260 1518 ἐροῦσι
3288 1446 3415 1516 περὶ
3452 1444 3608 1498 Παύο

2029 1545 2121 1598 λου
2141 1561 2156 1575 ⁸
2180 1545 2326 1607 ὅστις
2356 1541 2487 1596 ποτὲ
2527 1541 2617 1595 τὸν
2657 1538 2947 1609 λεγόμενον
2979 1535 3280 1611 Βαριησοῦν
3306 1537 3409 1589 τὸν.
3431 1535 3625 1606 μάγον

2031 1639 2125 1691 ἐπὶ
2150 1635 2375 1709 Σεργίου
2408 1633 2620 1687 Παύλου
2647 1631 2979 1694 ἀνθυπάτου,
3009 1630 3087 1694 ὡς
3112 1628 3486 1698 κακοτεχνίαις
3510 1627 3613 1682 τοῦ

2031 1730 2189 1799 λόγου
2227 1728 2589 1801 στρεφόμενον
2633 1726 2731 1797 τὴν
2767 1724 3005 1779 διάνοιαν
3049 1723 3158 1776 τῶν
3202 1721 3616 1793 παιδευομένων

347 1819 433 1874 nis
466 1820 764 1873 subvertere
795 1818 905 1873 vias
937 1816 1152 1872 Domini
1172 1816 1471 1875 rectas?Et
1500 1835 1637 1873 nunc
1665 1835 1781 1873 ecce
1804 1836 1923 1874 ma-

2098 1839 2194 1894 ιρα,
2220 1822 2320 1875 ούκ
2347 1821 2599 1891 ήνεγκεν,
2639 1817 2957 1888 ἐπετίμησε,
2993 1816 3244 1886 στέρησιν
3267 1812 3375 1867 τῶν
3405 1809 3623 1881 ὀφθαλ-

348 1928 449 1968 nus
490 1912 702 1967 Domini
749 1928 907 1981 super
936 1922 1005 1977 te,
1035 1923 1085 1968 et
1118 1915 1224 1969 eris
1257 1930 1450 1980 circus,
1490 1931 1594 1969 non
1626 1915 1806 1970 videns
1835 1932 1924 1970 so-

349 2002 453 2058 lem
481 2020 645 2075 usque
678 2004 748 2058 ad
779 2015 978 2075 tempus
991 2005 1056 2062 ⁸⁸.

2031 1915 2147 1988 μῶν
2202 1914 2527 1986 εἰργάσατο,
2581 1912 2827 1984 ἐϐόησεν*
2879 1907 2954 1965 *Ω
3005 1908 3235 1977 πλῆρες
3278 1907 3465 1961 δόλου
3508 1905 3613 1959 καὶ

2029 2007 2234 2075 πάσης
2258 2005 2663 2076 ῥᾳδιουργίας,
2690 2005 2784 2060 υίὲ
2810 2004 3109 2067 διαϐόλου,
3146 2004 3217 2057 οὐ
3248 2002 3454 2070 παύσῃ
3480 1998 3619 2053 δισ-

346 2096 625 2167 στρέφων
670 2098 777 2166 τὰς
855 2099 1035 2167 ὀδοὺς
1093 2101 1319 2169 Κυρίου
1371 2101 1480 2166 τὰς
1530 2102 1803 2169 εὐθείας;
1848 2102 1959 2158 Kai
1997 2103 2128 2159 ιδοὺ
2174 2104 2305 2175 χεὶρ
2355 2104 2579 2172 Κυρίου
2622 2103 2722 2157 ἐπὶ
2763 2101 2858 2168 σέο,
2912 2102 3011 2155 καὶ
3053 2100 3169 2169 ἔσῃ
3213 2097 3471 2168 τυφλὸς,
3520 2095 3624 2166 μὴ

343 2190 595 2257 ,βλέπων
622 2193 729 2248 τὸν
750 2193 929 2262 ἥλιον
944 2195 1084 2265 ἄχρι
1108 2195 1314 2264 καιροῦ
1339 2210 1358 2259 ;

1100 2329 1229 2386 Car.
1269 2330 1410 2388 XIV.
1438 2329 1582 2387 Deus
1618 2335 1791 2403 parcit
1815 2334 1870 2387 in
1902 2332 2074 2389 Veteri
2106 2342 2155 2389 et
2190 2334 2244 2387 in
2280 2329 2431 2386 Novo
2459 2329 2812 2386 Testamento.

416 2439 560 2508 Quid
584 2441 651 2497 de
667 2439 828 2496 Petro
843 2440 1047 2507 dicent,
1064 2442 1287 2513 quando
1313 2443 1556 2502 Ananias
1570 2454 1625 2501 et
1644 2445 1917 2519 Sappbira

347 2531 570 2587 vendita
619 2532 1071 2602 possessiuncula
1121 2541 1333 2605 partem
1364 2536 1527 2607 pretii
1570 2537 1674 2593 sibi
1710 2546 1923 2594 averte-

347 2628 498 2687 runt,
525 2629 734 2694 partem
763 2622 1098 2690 attulerunt,
1144 2638 1270 2679 cum
1303 2625 1574 2682 Ananiam
1614 2628 1922 2697 iudicatum

344 2721 405 2769 et
432 2714 703 2769 mendacii
759 2715 1074 2771 convictum
1113 2724 1292 2772 morte
1339 2717 1544 2785 aﬂ'ecit,
1596 2720 1923 2793 Sappbiram

347 2814 531 2862 autem
577 2806 757 2862 eidem
809 2807 1065 2877 sepulcro
1111 2808 1393 2865 tradidit?
1439 2809 1707 2868 Iacebant
1773 2815 1923 2869 enim

347 2898 572 2962 mortui,
601 2897 769 2951 verbo
791 2897 1089 2954 interfecti.
1124 2896 1241 2953 Illic
1262 2902 1404 2971 ignis
1434 2902 1633 2959 allatus
1665 2920 1924 2961 consum-

348 2989 461 3060 psit
489 2988 557 3042 ad
589 2988 762 3043 Eliam
786 2988 1063 3059 profectos
1097 3009 1111 3045 :
1153 2990 1246 3046 hic
1301 2994 1528 3048 verbum
1561 2996 1827 3052 emissum
1865 2998 1924 3053 in

347 3089 649 3153 conspectu
680 3082 1076 3153 discipulorum
1105 3082 1304 3146 eﬂecit,
1330 3092 1392 3140 ut
1413 3087 1505 3157 qui
1531 3086 1689 3144 ﬁdem
1718 3104 1927 3161 caupo-

2098 2448 2164 2501 Τί
2195 2447 2251 2501 δὲ
2293 2447 2479 2521 ἐροῦσι
2527 2443 2779 2517 περὶτοῦ
2830 2441 3059 2514 Πέτρου,
3104 2440 3193 2494 ὅτε
3234 2439 3482 2505 ’Δνανίας
3509 2442 3619 2495 καὶ

2029 2539 2336 2610 Σάπφειρα,
2383 2538 2735 2610 πωλήσαντες
2765 2533 3084 2606 κτημάτιον,
3122 2531 3466 2601 ἐνοσφίσαντο
3506 2530 3613 2602 μὲ-

2034 2648 2145 2703 ρος,
2171 2629 2335 2701 μέρος
2367 2627 2425 2681 δέ
2450 2626 2840 2698 κεκομίκασιν
2873 2625 2957 2678 ὅτι
2999 2622 3190 2694 κρίνας
3230 2622 3327 2676 καὶ
3357 2620 3615 2689 ἐλέγξας,

2030 2723 2120 2778 τὸν
2155 2723 2253 2794 μὲν
2300 2721 2547 2775 Ἀνανίαν
2585 2720 2774 2791 νεκρὸν
2815 2718 3002 2784 ἔδειξε,
3054 2715 3151 2789 τὴν
3188 2715 3245 2769 δὲ
3290 2714 3625 2788 Σάπφειραν»

2029 2815 2111 2888 τῷ
2162 2813 2312 2886 αὐτῷ
2364 2812 2657 2886 μνηματίῳ
2723 2811 3145 2884 παραδέδωκεν;
3203 2810 3450 2863 Ἔκειντο
3493 2807 3612 2879 γὰρ

2031 2910 2216 2980 νεκροὶ
2277 2907 2422 2978 λόγῳ
2475 2905 2835 2981 ἀνῃρημένοι.
2887 2902 3066 2959 Κάκεῖ
3112 2903 3209 2975 μὲν
3247 2902 3308 2956 τὸ
3355 2899 3469 2973 πῦρ
3516 2916 3617 2953 κο-

2036 2998 2226 3071 μισθὲν
2269 2998 2529 3070 ἀνήλισκε
2579 2997 2705 3062 τοὺς
2758 2995 3152 3067 ἀφικομένους’
3201 2988 3301 3047 ὦδε
3350 2992 3407 3046 δὲ
3451 2991 3616 3060 λόγος

2033 3087 2310 3161 προελθὼν
2335 3089 2393 3143 ἐν
2420 3087 2575 3159 ὄψεσι
2596 3085 2705 3140 τῶν
2730 3083 3176 3156 μαθητευομένων
3195 3081 3420 3152 νεκροὺς
3441 3077 3617 3143 ἔδειξε

349 3175 468 3230 nati
498 3185 679 3242 erant,
712 3188 1081 3235 morerentur.
1122 3178 1238 3232 Illic
1277 3176 1494 3235 Eliseus
1520 3194 1753 3251 corpora
1795 3198 1924 3253 pue-

2098 3178 2159 3241 ὺς
2188 3178 2288 3249 τὴν
2322 3177 2506 3231 πίστιν
2546 3174 3046 3246 κεκατι-ηλευκότας.
3082 3174 3260 3226 Κάκεῖ
3299 3171 3395 3241 μὲν
3433 3169 3619 3222 Ἐλισ-

349 3277 540 3318 rorum
575 3264 765 3321 bestiis
797 3264 986 3320 dedit:
1027 3267 1118 3321 bic
1172 3266 1380 3324 Paulus
1422 3278 1703 3340 aspectum
1741 3273 1927 3327 oculo-

352 3369 473 3408 rum
508 3356 732 3418 ademit,
783 3366 839 3412 et
865 3373 991 3413 eum
1039 3359 1133 3426 qui
1175 3360 1425 3428 videbat,
1458 3364 1717 3432 caecavit;
1751 3373 1806 3420 et
1833 3367 1928 3437 qui

352 3447 482 3502 talia
512 3456 885 3519 patraverunt,
921 3465 1116 3519 pmnas
1156 3450 1446 3508 dederunt.
1479 3451 1536 3508 Si
1571 3455 1738 3525 igitur
1766 3473 1930 3527 paena

353 3552 421 3593 ac
448 3539 692 3595 vindicta
720 3541 777 3595 in
810 3542 970 3598 malis
1003 3551 1350 3610 numeratur,
1386 3546 1518 3601 mali
1550 3555 1681 3603 sunt
1722 3549 1929 3606 Paulus

352 3638 410 3685 et
437 3628 669 3687 Petrus:
702 3632 788 3687 sin
821 3641 1003 3688 autem
1029 3634 1158 3689 boni
1182 3644 1335 3703 sunt,
1360 3636 1488 3708 quia
1520 3641 1754 3710 apostoli
1778 3650 1928 3710 sunt,

354 3721 485 3778 boni
514 3732 664 3789 sunt,
700 3725 830 3796 quia
865 3741 1057 3796 poenas
1083 3739 1405 3799 exegerunt.
1440 3728 1583 3797 Quid
1617 3746 1811 3803 poenas
1840 3748 1934 3789 ac-

354 3830 542 3878 cusas,
574 3816 741 3885 idque
766 3819 1034 3887 apostolis
1064 3821 1399 3893 lrrogatione
1440 3836 1730 3893 poenarum
1767 3826 1936 3882 usis?

355 3905 564 3972 Quodsi
594 3908 874 3977 apostolos
913 3909 1137 3979 quidem
1173 3916 1564 3983 approbamus,
1584 3929 1777 3985 poenas
1804 3931 1935 3973 vero

356 3995 764 4067 improbemus:
804 4014 914 4054 non
949 4000 1254 4056 decernunt
1285 4003 1371 4059 vel
1409 4004 1505 4074 jus
1553 4005 1745 4061 dicunt
1786 4006 1934 4078 leges

357 4088 663 4144 secundum
695 4106 985 4162 personam
1007 4093 1076 4149 de
1112 4093 1311 4162 lactis;
1342 4111 1451 4151 non
1473 4098 1780 4169 disceptant
1797 4116 1933 4155 con-

356 4187 441 4234 tra
465 4196 775 4253 personas;
808 4183 904 4240 sed
944 4185 1696 4256 astipulantursimilitudini
1751 4189 1931 4247 facto-

355 4285 502 4327 rum.

2031 3272 2183 3335 σαῖος
2210 3270 2373 3343 θηρσὶΙ
2409 3269 2478 3323 τὰ
2516 3268 2746 3340 σώματα
2784 3268 2892 3321 τῶν
2938 3267 3146 3339 νηπίων
3179 3265 3382 3318 ἐδίδου·
3409 3256 3513 3316 ὦδε
3554 3262 3618 3315 δὲ

2030 3362 2242 3426 Παῦλος
2272 3361 2473 3434 ἀφῄρει
2502 3361 2598 3430 τὴν
2632 3360 2816 3432 βλέψιν
2842 3359 2949 3412 τῶν
2977 3359 3262 3429 ὀμμάτων,
3290 3357 3385 3410 καὶ
3406 3355 3616 3424 τυφλὸν

2028 3454 2121 3510 τὸν
2171 3453 2435 3526 βλέποντα
2485 3451 2771 3524 εἰργάζετο
2793 3468 2807 3481 ·
2857 3450 2949 3503 καί
3000 3447 3225 3501 τοιαῦτα
3280 3445 3617 3517 πράττοντες

2030 3546 2129 3611 τάς
2156 3545 2433 3617 ἐπιτιμίας
2465 3544 2780 3598 δεδώκασιν.
2819 3544 2883 3597 Ei
2913 3538 3008 3595 οὖν
3039 3541 3133 3594 ἐπὶ
3169 3539 3389 3603 ἀτόποις
3423 3541 3457 3610 ἠ
3489 3542 3615 3592 ἐπι-

2031 3636 2190 3708 τιμία
2234 3635 2591 3707 λαμϐάνεται,
2634 3634 2834 3694 ἄτοπος
2878 3630 3083 3701 Πέτρος
3137 3626 3234 3681 καὶ
3273 3625 3516 3688 Παῦλος·
3561 3627 3615 3677 εἰ

2033 3727 2091 3781 δὲ
2123 3724 2277 3780 καλοί
2306 3726 2463 3790 εἰσιν,
2503 3726 2586 3778 ὅτι
2617 3721 2904 3776 ἀπόστολοι
2936 3723 3041 3774 είσι
3061 3760 3076 3783 ,
3129 3719 3224 3773 καὶ
3253 3716 3406 3772 καλοί
3449 3718 3615 3779 εἰσιν,

2035 3819 2121 3872 δτι
2151 3818 2591 3888 ἐπιτετιμήκασι.
2624 3815 2690 3868 Τί
2726 3812 3032 3875 διαϐάλλεις
3054 3810 3151 3874 τὰς
3189 3809 3487 3879 ἐπιτιμίας,
3519 3807 3617 3860 καὶ

2034 3911 2143 3965 τῶν
2172 3909 2484 3964 ἀποστόλων
2514 3906 2819 3977 ἐπιτιμίαις
2850 3904 3242 3977 χρησαμένων;
3271 3904 3334 3957 Et
3360 3902 3486 3964 τοὺς
3514 3900 3621 3971 μὲν

2034 4003 2369 4067 ἀποστόλους
2398 4000 2795 4072 ἀποδεχόμεθα,
2837 3999 2935 4063 τὰς
2982 3997 3039 4051 δὲ
3083 3994 3364 4067 ἐπιτιμίας
3406 3992 3619 4064 μεμφό-

2041 4096 2181 4168 μεθα
2209 4113 2223 4127 ο
2274 4096 2336 4148 ού
2389 4093 2533 4148 κατὰ
2581 4093 2872 4164 πρόσωπον
2928 4091 2980 4144 οἱ
3034 4089 3191 4160 νόμοι
3244 4086 3492 4158 κρίνουσι
3546 4083 3618 4137 τὰ

2038 4184 2375 4257 πράγματα,
2437 4183 2468 4254 ἢ
2521 4181 2872 4247 δικάζουσιν·
2931 4180 2992 4233 οὐ
3047 4177 3186 4251 πρὸς
3232 4177 3302 4231 τὰ
3350 4174 3618 4247 πρόσωπα

2038 4274 2418 4351 ἐρεσχελοῦσι,
2444 4278 2512 4348 τῇ
2551 4274 2611 4329 δὲ
2646 4274 2754 4329 τῶν
2792 4272 3043 4345 πράξεων
3080 4270 3360 4343 ὁμοιότητι
3396 4265 3618 4338 συντρέ·

2037 4385 2243 4443 χουσιν.

945 4498 1076 4553 Ωιι».
1116 4496 1233 4554 XV.
1266 4497 1630 4570 Evangelium,
1659 4502 2026 4559 misericordia
2044 4505 2278 4572 plenum.
2310 4503 2442 4571 Lex,
2473 4504 2661 4560 umbra
2690 4504 3013 4575 futurorum.

426 4608 536 4666 Sed
568 4625 762 4665 rursus
791 4609 946 4664 aiunt
973 4629 985 4665 :
1018 4611 1341 4668 Misericors
1368 4620 1453 4668 est
1481 4611 1689 4681 Filius;
1723 4616 1924 4671 miseri-

2119 4618 2280 4673 Ἀλλά
2324 4636 2490 4691 φησιν
2517 4634 2531 4648 ·
2596 4618 2871 4692 Ἐλεήμων
2912 4620 2942 4672 ό
2987 4618 3144 4682 Υἱὸς,
3190 4616 3439 4688 ἐλεήμων
3481 4620 3512 4673 ὀ
3550 4618 3615 4672 τά

355 4716 481 4760 cors
509 4703 605 4773 qui
634 4701 927 4774 Evangelia
954 4704 1177 4775 scripsit
1204 4721 1218 4771 ;
1264 4712 1320 4758 et
1348 4705 1444 4775 qui
1476 4706 1795 4762 misericors
1824 4717 1928 4774 est,

354 4795 502 4851 lilius
546 4802 631 4851 est
685 4795 1081 4851 misericordis.
1134 4796 1243 4852 Lex
1294 4814 1426 4854 vero
1474 4797 1612 4853 dura
1646 4809 1700 4854 et
1735 4814 1928 4869 aspera

354 4894 463 4955 est,
493 4903 604 4944 non
646 4903 881 4959 parcens
938 4888 1430 4961 delinquentibus:
1491 4891 1929 4947 misericordiam

356 4988 537 5033 autem
591 4979 836 5035 continet
886 4978 1263 5050 Evangelium,
1309 4981 1455 5050 quod
1481 4981 1679 5036 delicta
1709 4982 1931 5052 quidem

359 5077 597 5135 coercet,
638 5071 993 5141 pmnitentias
1024 5088 1154 5126 vero
1182 5072 1464 5143 praedicat.
1514 5072 1691 5140 Ecce,
1724 5074 1926 5142 dicent,

358 5159 553 5219 Petrus
587 5164 826 5234 negavit,
866 5173 922 5220 ct
951 5163 1205 5220 Salvator
1261 5166 1525 5235 pepercit,
1559 5174 1615 5220 et
1661 5182 1787 5223 eum
1836 5169 1930 5238 qui

361 5260 471 5306 tam
514 5269 680 5325 grave
728 5262 1014 5324 peccatum
1074 5253 1451 5321 commiserat,
1502 5255 1836 5324 dissimulat,
1875 5267 1931 5313 et

360 5344 542 5402 minas
591 5345 899 5403 clementiae
954 5346 1214 5418 subjecit,
1271 5353 1330 5402 ut
1375 5350 1806 5406 essetomnibus
1836 5366 1933 5421 per

430 5521 477 5554 ⁸⁸
515 5521 581 5577 Ν
616 5522 750 5595 Reg.
786 5541 838 5589 ι,
880 5525 967 5581 10.
1040 5524 1086 5557 ⁸⁸
1129 5523 1247 5580 Act.
1284 5526 1420 5593 xm‘,
1458 5526 1545 5593 l0,
1582 5527 1670 5584 ll.

433 5675 544 5744 (62)
585 5678 797 5745 Βορὰν.
811 5717 822 5732 .
835 5719 845 5731 .
857 5716 869 5732 .

2038 4710 2350 4781 Εὑαγγέλια
2380 4712 2749 4785 γεγραφηκώς
2774 4727 2789 4741 ·
2846 4713 2942 4765 καὶ
2985 4713 3015 4765 ὁ
3077 4710 3325 4781 ἐλεήμων
3369 4710 3618 4784 γέννημά

2038 4803 2156 4856 ἐστι
2188 4801 2278 4857 τοῦ
2311 4804 2622 4876 ἐλεήμονος.
2664 4805 2724 4859 '0
2765 4804 2823 4858 δὲ
2865 4805 3028 4875 νόμος
3068 4805 3298 4875 τραχὺς,
3336 4803 3401 4856 οὐ
3429 4819 3617 4873 συγγι-

2037 4891 2262 4947 νώσκων
2310 4897 2423 4959 τοῖς
2482 4896 2831 4967 ἡμαρτηκόσι
2851 4910 2869 4928 ο
2923 4893 3233 4965 σπλάγχνον
3279 4892 3338 4947 δὲ
3389 4894 3506 4965 ἔχει
3558 4892 3619 4947 to

2038 4984 2389 5055 Εὑαγγέλιον,
2436 4987 2721 5041 συστέλλον
2773 4987 2872 5059 μὲν
2916 4985 3018 5050 τὰς
3068 4985 3468 5057 πλημμελείας,
3520 5003 3617 5056 κηο

2038 5073 2229 5146 ρύττον
2270 5076 2328 5129 δὲ
2365 5076 2465 5141 τάς
2491 5077 2812 5150 ξμετανοίας.
2870 5076 3003 5131 Ἰδοὺ
3049 5075 3159 5146 γὰρ
3198 5077 3227 5129 ὁ
3269 5073 3485 5146 Σωτὴρ,
3530 5074 3619 5127 λέ-

2039 5165 2208 5232 ξουσι,
2241 5168 2336 5221 καὶ
2365 5169 2575 5241 Πέτρου
2600 5168 2978 5242 ἀρνησαμένου
3006 5167 3279 5237 ἐφείσατο,
3309 5167 3405 5219 καὶ
3437 5166 3615 5237 ἀμάρ·

2034 5277 2187 5331 τημα
2248 5260 2569 5333 τηλικοῦτον
2628 5259 3134 5333 πεπλημμεληκότα
3195 5258 3462 5330 παρίησι,
3524 5258 3615 5312 καὶ

2039 5353 2217 5425 ἁπλῆν
2247 5354 2346 5426 τὴν
2383 5354 2793 5428 φιλανθρωπίαν
2824 5352 3283 5427 προσπεποίηται,
3313 5351 3613 5424 ὑπόδειγμα

914 5677 1135 5733 παιδία.
1182 5677 1426 5749 Infantes
1469 5697 1640 5738 escam
1676 5692 1723 5737 et
1759 5684 2046 5739 couririum
2075 5683 2213 5740 ursis
2244 5692 2659 5758 prwpararerat.
2689 5683 2813 5742 lianc
2850 5686 2906 5743 in
2938 5687 3189 5745 versione
3214 5688 3439 5747 omissa.
