3792 6150
209 287 355 347 1245

1198 291 1571 352 ADVERSUS
1606 288 2033 349 HANlCHEOS
2067 291 2198 348 LIB.
2238 291 2321 352 Ill.

3320 294 3460 352 £216

200 407 304 462 τὸν
332 406 500 478 ἄνδρα
521 405 687 460 παντὶ
711 403 790 477 τῷ
827 405 925 478 βίῳ
953 405 1375 473 καταλελοιπὼς,
1408 408 1496 462 ἵνα
1525 406 1627 478 τῆς
1656 407 1754 460 tau

1889 404 2200 464 universam
2236 409 2404 464 vitam
2458 409 2766 481 exemplum
2821 418 2875 467 et
2930 411 3112 483 imago
3157 410 3460 467 clementiae

199 497 305 554 τοῦ
329 497 736 570 φιλανθρωπίας
763 498 945 554 είκόνα
993 500 1197 554 ἐκεῖνον
1230 500 1508 572 παράσχῃ.
1544 498 1610 552 Τί
1635 493 1755 552 οὗνι

1889 492 2212 555 Salvatoris.
2249 498 2391 567 Quid
2440 500 2610 570 igitur
2663 500 2792 557 lex?
2850 518 2918 558 an
2952 511 3102 558 caret
3151 503 3458 560 imitatione

200 591 411 663 νό;,ιος;
444 587 554 663 ἄρα
589 592 784 663 ἀπορεῖ
816 592 915 663 τῆς
960 593 1261 663 μιμήσεως,
1308 592 1403 645 καὶ
1449 588 1780 662 κατάλληλον

199 682 392 739 εἰκόνα
422 683 522 737 οὐκ
549 682 694 754 ἔχεις
729 682 840 737 Καὶ
871 682 1076 755 Πέτρος
1106 683 1220 754 μὲν,
1245 682 1531 747 σπουδαῖος
1560 681 1656 745 ὣν,
1686 681 1781 735 καὶ

200 774 452 843 σφαλεὶς,
492 774 684 845 ἀφέσει
733 776 830 828 καὶ
871 776 1211 847 συγχωρήσει
1247 775 1568 847 τετίμηται·
1605 774 1780 839 οὐδεὶς

197 867 261 921 δὲ
292 870 350 920 ἐν
385 866 463 938 τῷ
492 867 663 939 νόμῳ,
697 867 1124 939 πλημμελήσας,
1155 868 1249 922 καὶ
1286 868 1429 940 μέγα
1458 866 1782 938 πλημμελή-

201 975 330 1023 σας,
370 958 436 1030 τῇ
467 958 721 1030 μετανοίᾳ
751 959 850 1029 τὴν
887 960 1079 1028 ἄφεσιν
1123 958 1542 1031 ἐμνηστεύσατο.
1579 958 1643 1011 El
1679 958 1779 1029 μὲν

197 1050 316 1125 γὰρ
344 1050 648 1120 ἀγνοοῦσιν,
676 1051 909 1123 ἐροῦμεν
941 1052 1002 1105 τὸ
1028 1052 1410 1125 γεγραμμένον
1427 1068 1443 1085 ο
1485 1050 1779 1118 Ἐλέησόν

188 1159 297 1214 με,
340 1146 375 1198 ὁ
412 1142 579 1212 Θεὸς,
618 1142 769 1197 κατὰ
803 1142 871 1197 τὸ
912 1141 1065 1213 μέγα
1109 1142 1283 1210 ἔλεός
1310 1156 1456 1197 σου’
1500 1141 1600 1196 καὶ
1628 1140 1777 1196 κατὰ

190 1235 269 1289 τὸ
305 1234 539 1304 πλῆθος
572 1233 693 1288 τῶν
715 1234 1030 1305 οἰκτιρμῶν
1049 1251 1164 1290 σου
1188 1234 1514 1303 ἑξάλειψον
1544 1234 1610 1287 τὸ
1630 1234 1774 1288 ἀνό-

186 1325 363 1395 μημά
386 1343 504 1395 μου
525 1341 540 1355 ·
579 1324 676 1379 ἐπὶ
699 1324 911 1379 πλεῖον
936 1324 1176 1380 πλῦνάν
1206 1341 1283 1393 με
1313 1323 1431 1379 ἀπὸ
1473 1321 1585 1393 τῆς
1630 1323 1773 1377 dro-

185 1420 337 1488 μίας
355 1435 497 1487 μου,
539 1417 639 1472 καὶ
662 1417 779 1472 ἀπὸ
820 1417 932 1487 τῆς
964 1418 1251 1487 ἁμαρτίας
1283 1434 1403 1487 μου
1446 1415 1775 1485 καθάρισόν

186 1520 289 1580 με.
322 1507 422 1562 Σοὶ
457 1508 624 1577 μόνῳ
646 1506 930 1579 ἥμαρτον,
965 1509 1065 1564 καὶ
1107 1509 1172 1563 τὸ
1213 1508 1482 1578 πονηρὸν
1517 1509 1776 1565 ἐνώπιόν

189 1616 314 1656 σου
345 1601 624 1671 ἐποίησα.
672 1604 737 1657 Εἰ
780 1602 839 1657 δέ
886 1604 1054 1668 ῐσασι,
1096 1604 1164 1675 τῇ
1214 1603 1525 1676 κακομυθίᾳ
1573 1605 1773 1676 ἐχεμυ-

190 1692 400 1749 θοῦσιν.

1885 588 2142 658 exempli,
2173 598 2226 645 et
2259 606 2369 646 non
2400 589 2565 646 habet
2600 591 2888 664 imaginem
2917 608 3102 665 parem
3135 601 3189 650 et
3217 594 3344 650 huic
3368 609 3458 650 re-

1885 681 2284 750 spondentem?
2315 684 2391 738 Ac
2417 682 2614 740 Petrus
2641 686 2863 756 quidem
2895 687 3079 742 studio
3110 687 3333 743 virtutis
3355 688 3455 744 de-

1883 771 2056 837 ditus,
2086 780 2142 828 et
2167 774 2380 846 lapsus,
2409 776 2568 831 venia
2609 785 2663 831 et
2701 777 3105 834 condonatione
3146 779 3455 834 honoratus

1882 872 2007 920 est:
2039 866 2092 919 in
2121 866 2239 937 lege
2273 873 2455 922 autem
2484 876 2645 922 nemo
2668 875 2790 938 post
2820 875 3131 937 peceatum,
3150 875 3203 924 et
3228 869 3453 939 quidem

1883 972 2165 1028 magnum,
2192 960 2407 1014 veniam
2445 960 2547 1016 sibi
2580 977 2677 1032 per
2709 960 3083 1031 paenitentiam
3114 961 3451 1018 conciliavit.

1885 1046 1944 1101 Si
1977 1049 2122 1103 enim
2157 1050 2435 1121 ignorant,
2463 1051 2821 1108 recitahimus
2849 1050 2995 1122 quod
3028 1052 3293 1123 scriptum
3323 1061 3409 1110 est
3434 1072 3450 1109 :

1885 1137 2142 1196 Miserere
2166 1142 2301 1209 mei,
2336 1140 2472 1196 Deus
2495 1182 2511 1206 ,
2563 1142 2848 1198 secundum
2873 1159 3119 1213 magnam
3153 1144 3454 1199 misericor-

1880 1231 2030 1285 diam
2065 1241 2232 1288 tuam.
2282 1231 2353 1286 Et
2388 1232 2675 1288 secundum
2706 1234 3098 1290 multitudinem
3146 1237 3447 1292 miseratio-

1880 1340 2006 1379 num
2041 1334 2255 1378 tuarum
2276 1324 2393 1379 dele
2424 1325 2756 1396 iniquitatem
2786 1343 2975 1380 meam.
3025 1325 3275 1396 Amplius
3330 1327 3455 1381 ίαιά

1880 1430 1962 1467 me
1993 1413 2057 1467 ab
2089 1415 2366 1485 iniquitate
2395 1432 2531 1481 mea,
2568 1424 2617 1468 et
2663 1433 2695 1470 a
2729 1426 2939 1486 peccato
2966 1434 3076 1472 meo
3107 1419 3305 1471 munda
3344 1434 3446 1474 me.

1882 1505 2000 1560 Tibi
2029 1507 2130 1562 soli
2162 1507 2389 1577 peccavi,
2420 1516 2471 1561 et
2495 1507 2695 1561 malum
2724 1524 2903 1562 coram
2947 1518 2994 1563 te
3027 1509 3127 1578 feci
3156 1510 3225 1562 ὀ.
3264 1509 3319 1563 Si
3350 1526 3449 1563 au-

1877 1606 1989 1655 tem
2024 1614 2135 1653 non
2167 1598 2445 1669 ignorant,
2485 1601 2583 1655 sed
2617 1600 2822 1665 sciunt,
2861 1600 3137 1656 silentium
3177 1608 3363 1656 tenent
3390 1601 3447 1655 in

1877 1691 2022 1745 malo
2051 1705 2324 1747 sermone.

278 1787 506 1857 Ἀδελφὰ
529 1780 621 1841 οὖν
650 1786 719 1841 τὰ
745 1788 1047 1860 πράγματα
1065 1806 1081 1823 ο
1112 1788 1295 1860 ὅμοιαι
1328 1790 1384 1843 αἱ
1417 1788 1623 1853 εἰκόνες
1641 1806 1655 1820 ·
1680 1789 1755 1844 na‘

1947 1782 2204 1854 Cognata:
2221 1782 2388 1854 igitur
2413 1788 2469 1838 et
2486 1795 2760 1853 germanae
2781 1788 2908 1835 sunt
2925 1795 3038 1848 res,
3072 1779 3286 1837 similes
3309 1780 3447 1835 ima-

188 1870 299 1933 ὧδε
339 1878 437 1949 μὲν
479 1879 706 1953 Πέτρος,
745 1882 863 1935 ἐκεῖ
902 1881 961 1935 δὲ
1002 1882 1033 1934 ὀ
1083 1881 1439 1955 ἱεροψάλτης·
1491 1883 1638 1947 ὅπως
1677 1881 1774 1937 καὶ

191 1971 449 2041 μεγάλων
480 1972 786 2045 ἀνθρώπων
815 1972 1084 2045 πτώματα
1132 1974 1397 2046 μεγάλαις
1437 1976 1532 2029 καὶ
1560 1993 1772 2046 συγχω-

192 2063 421 2133 ρήσεσιν
471 2063 594 2136 ἰαθῇ
618 2082 632 2097 ’
678 2065 775 2119 καὶ
824 2068 940 2130 τοῖς
991 2067 1200 2137 μεγάλα
1235 2058 1546 2139 ’ὴτοπηκόσι
1600 2068 1774 2138 μέγας

187 2155 291 2208 καὶ
327 2157 356 2210 ὁ
399 2156 688 2229 γενόμενος
733 2158 901 2222 ἔλεος.
952 2159 1015 2213 Ei
1059 2159 1158 2231 μὲν
1195 2155 1287 2214 οὖν
1334 2160 1672 2232 θαυμάζουσι
1702 2160 1772 2215 τὰ

185 2248 521 2316 Εὐαγγέλια,
571 2250 654 2304 ὅτι
694 2249 900 2322 Πέτρος
941 2250 1145 2323 ἠλεήθη
1167 2268 1182 2283 ο
1217 2250 1661 2323 θαυμαζέτωσαν,
1689 2254 1772 2307 ὅτι

185 2338 291 2391 καὶ
323 2339 485 2392 Δαϐὶδ
511 2339 737 2411 ἡλέηται
759 2358 774 2387 ’.
794 2342 844 2393 εί
875 2341 932 2394 δέ
962 2341 1261 2404 αἰτιῶνται,
1295 2342 1376 2396 ὃτι
1418 2341 1554 2414 μετὰ
1580 2343 1771 2397 τοσάδε

186 2427 293 2481 οὐκ
333 2428 527 2500 ἀφείθη
579 2430 608 2482 ὁ
656 2429 841 2494 Δαδὶδ,
887 2429 1006 2483 οὐδὲ
1053 2430 1307 2500 φεύξεται
1347 2429 1413 2483 δι’
1438 2430 1633 2493 αὐτοὺς
1673 2428 1771 2501 τὴν

187 2519 374 2573 αἰτίαν
422 2521 541 2574 οὐδέ
586 2522 615 2575 ὁ
664 2522 902 2594 Πέτρος’
953 2522 1048 2576 καὶ
1096 2521 1236 2587 δόξει
1284 2522 1383 2594 μὲν
1422 2521 1563 2575 κατὰ
1608 2520 1770 2592 μόνου

186 2608 357 2663 Δαὸὶδ
382 2605 576 2682 εἷναιή
610 2610 785 2676 αἰτία,
811 2614 877 2683 τῇ
911 2610 967 2665 δὲ
998 2611 1223 2682 δυνάμει
1264 2610 1769 2683 κατηγορηθήσεται

185 2700 287 2754 καὶ
312 2703 341 2755 ὁ
369 2701 574 2773 Πέτρος
607 2706 674 2775 τῇ
715 2704 851 2775 αὐτῇ
899 2703 1225 2776 κατηγορίᾳ.
1271 2704 1336 2757 El
1389 2703 1446 2757 δέ
1483 2704 1767 2775 φήσουσιν,

184 2793 275 2846 ὅτι
306 2792 446 2865 καλὴ
493 2793 591 2864 μὲν
634 2796 667 2864 ἡ
717 2794 1080 2866 συγχώρησις,
1124 2795 1285 2867 μέχρι
1312 2794 1370 2849 δὲ
1412 2795 1530 2858 ἑνὸς
1562 2797 1594 2866 ή
1641 2811 1771 2864 συγ-

184 2882 434 2955 χὼρησις
475 2884 569 2939 τοῦ
612 2885 840 2939 παλαιοῦ
873 2886 1038 2957 νόμου
1086 2884 1308 2954 ἔφθασε,
1349 2885 1557 2957 πληθὺς
1593 2886 1650 2939 δὲ
1681 2886 1771 2939 ἐνο

181 2972 364 3027 ταῦθα
425 2976 857 3047 συγχωρήσεως.
916 2975 1011 3029 καὶ
1061 2975 1297 3044 πέλαγος
1350 2975 1625 3044 ἀφέσεως,
1673 2975 1768 3029 καὶ

183 3068 340 3140 φωνή
382 3069 498 3121 ἐστι
546 3067 869 3141 βεϐοηκυῖα·
927 3068 1104 3123 Δεῦτε
1149 3067 1299 3136 πρὸς
1333 3067 1431 3137 μὲ,
1463 3067 1686 3133 πάντες
1712 3071 1767 3122 ol

183 3156 516 3223 κοπιῶντες
565 3159 663 3212 καὶ
703 3156 1180 3227 πεφορτισμένοι,
1230 3156 1392 3226 κάγὼ
1436 3158 1765 3211 ἀναπαύσω

180 3244 376 3315 ὑμᾶς’
412 3246 807 3317 ἁναγνὼτωσαν
839 3247 908 3300 τὰ
936 3246 1160 3311 παλαιὰ,
1196 3248 1285 3300 καὶ
1325 3245 1507 3317 θαῦμα
1532 3245 1643 3299 τῶν
1668 3263 1762 3315 γε-

179 3337 524 3410 γραμμένων
546 3337 990 3410 λαμϐανέτωσαν.

256 3515 321 3568 Ei
347 3513 406 3568 δὲ
435 3514 503 3569 δι’
530 3513 894 3587 ἀμελετησίαν
919 3516 1032 3579 τοῖς
1047 3512 1368 3586 γράμμασιν
1395 3514 1637 3584 ἐντυχεῖν
1663 3515 1764 3570 οὐκ

178 3605 484 3676 ἀνέχονται,
537 3604 816 3659 κάνταῦθα
852 3605 953 3676 τῆς
999 3605 1181 3670 αἰτίας
1224 3604 1430 3676 ταύτης
1487 3605 1763 3661 ἀπαλλατ-

178 3694 446 3751 τέτωσαν.
484 3697 543 3750 '0
587 3696 780 3769 Σωτὴρ
824 3697 971 3767 λέγει
991 3713 1006 3729 ·
1050 3697 1262 3763 Δεῦτε,
1307 3697 1531 3764 πάντες
1560 3700 1617 3753 οι
1658 3716 1763 3755 κο-

179 3785 444 3854 πιῶντες
509 3785 612 3841 καὶ
660 3785 1160 3856 πεφορτισμένοι,
1215 3784 1379 3855 κάγὼ
1430 3786 1763 3841 ἀναπαύσω

177 3877 370 3950 ὑμᾶς’
423 3879 614 3933 οὐδένα
678 3878 894 3950 παρεὶς,
927 3878 1130 3950 μηδένα
1178 3876 1491 3943 ἀπολιπὼν,
1553 3878 1762 3942 πάντας

179 3970 514 4045 περιλαϐών.
557 3972 615 4025 '0
635 3970 692 4024 δέ
711 3970 1030 4042 ἱεροψάλτης
1054 3970 1232 4038 λέγει’
1266 3968 1466 4025 Πάντα
1494 3970 1570 4024 τὰ
1591 3969 1758 4038 ἔθνη,

179 4061 518 4131 κρατήσατε
539 4063 743 4134 χεῖρας
761 4082 776 4096 ·
810 4065 905 4118 καὶ
930 4064 1091 4119 πάλιν
1112 4081 1127 4095 ·
1174 4065 1590 4128 Ἐνωτίσασθε,
1618 4062 1761 4117 πάν-

177 4171 282 4221 τες
319 4156 375 4208 ol
397 4156 817 4222 κατοικοῦντες
866 4158 984 4225 τὴν
1014 4154 1394 4226 οἰκουμένην,
1427 4156 1485 4209 οἵ
1514 4171 1579 4209 τε
1597 4172 1760 4226 γηγε-

176 4245 308 4311 νεῖς
321 4245 421 4300 καὶ
441 4247 557 4301 υἱοὶ
583 4244 702 4301 τῶν
716 4246 1060 4317 ἀνθρώπων,
1081 4247 1178 4301 ἐπὶ
1203 4245 1270 4300 τὸ
1294 4245 1442 4301 αὐτὸ
1463 4247 1760 4313 πλούσιος

177 4337 281 4394 καὶ
309 4338 521 4408 πένης.
546 4340 757 4405 Πάντες
784 4340 845 4407 ἐξ
881 4340 1234 4410 Εὑαγγελίου,
1267 4338 1471 4403 πάντες
1497 4339 1561 4391 ἐκ
1593 4338 1757 4410 νόμου

176 4430 514 4503 κεκίνηνται·
539 4432 727 4488 οὐδένα
744 4433 1105 4505 παραλέλοιπε
1116 4433 1176 4487 τὸ
1194 4431 1521 4501 Εὐαγγέλιον
1541 4449 1553 4462 ’
1571 4431 1759 4486 οὐδένα

175 4523 392 4594 ἀφῆκεν
451 4524 481 4576 ὁ
530 4523 713 4595 νόμος.
777 4522 1004 4594 Ἐὄὸησε
1036 4523 1097 4576 τὸ
1138 4523 1506 4592 Εὐαγγέλιον·
1564 4523 1757 4576 Μετα-

173 4612 389 4679 νοεῖτε,
413 4612 620 4684 ﬁnus
642 4615 753 4685 γὰρ
781 4615 820 4684 ἡ
836 4615 1125 4679 βασιλεία
1150 4615 1270 4670 τῶν
1294 4615 1585 4685 οὐρανῶν.
1614 4614 1759 4688 Πρὸς

175 4707 390 4771 πάντας
421 4707 599 4778 ἀφῆκε
632 4706 729 4778 τὴν
774 4708 989 4779 ὁμιλίαν
1041 4709 1263 4780 ταύτην.
1298 4711 1557 4764 Πταίουσι
1591 4708 1760 4763 διελέ-

174 4818 306 4871 γετο
328 4818 342 4832 ’
379 4800 739 4872 ἐσφαλμένοις
793 4800 1018 4872 ὡμίλει·
1054 4801 1155 4874 ήδη
1200 4801 1428 4856 θάνατον
1455 4801 1758 4872 ὀφείλουσιν

174 4893 504 4963 ἐφθέγγετο·
558 4891 867 4965 ἐλευθερίαν
922 4894 1010 4948 διά
1059 4893 1155 4948 τοῦ
1196 4895 1549 4967 κηρύγματος
1620 4909 1757 4966 προ-

172 4986 556 5059 εμνηστεύετο.

260 5078 603 5151 Ἐπεδήμησε
626 5079 723 5133 καὶ
772 5080 956 5135 Ἰωνᾶς
998 5080 1056 5133 ἐν
1080 5080 1146 5151 τῇ
1187 5076 1394 5141 Νινευτ,
1426 5079 1484 5132 ἐν
1515 5075 1752 5131 πόλειοῦ

179 5169 375 5242 μικρᾷ,
408 5171 465 5223 ἐν
497 5170 639 5224 ἔθνει
677 5169 1106 5243 πολυανθρὼπῳ.
1139 5166 1250 5243 Τὴν
1291 5171 1518 5243 ἀπειλὴν
1550 5170 1749 5235 ἔδειξε·

172 5261 274 5332 τὴν
302 5261 582 5333 ἐπιτιμίαν
612 5263 713 5316 οὐκ
740 5260 1045 5331 ἐσιώπησεν
1068 5279 1082 5293 ·
1115 5263 1308 5336 ἐϐόησε
1334 5263 1648 5335 πληκτικῶς
1673 5261 1752 5335 τῷ

171 5351 339 5427 λόγῳ.
370 5350 494 5412 Εἷδε
516 5356 639 5420 τοὺς
661 5355 856 5428 ἄνδρας
874 5372 887 5387 ’
916 5357 996 5421 εἰς
1014 5356 1302 5428 μετάθεσιν
1321 5355 1550 5427 ἤνεγκεν
1570 5371 1584 5389 ·
1610 5357 1746 5409 ἁπο-

170 5439 367 5506 >.ύτους
400 5443 503 5515 τῆς
548 5445 822 5517 ἁμαρτίας
874 5445 1185 5517 εἰργάσατο.
1241 5445 1304 5499 'll
1340 5443 1750 5517 προκατηγγελ-

173 5531 313 5606 μένη
341 5534 588 5606 ἐπιτιμία
620 5532 823 5607 ᾤχετοο
850 5534 996 5601 ἕλεος
1018 5535 1284 5608 διεδέχετο
1302 5553 1316 5567 ο
1346 5536 1407 5591 τὸ
1422 5534 1748 5609 ζητούμενον

247 5713 296 5747 ⁸⁸
336 5713 477 5772 Psal.
517 5732 583 5787 1.,
617 5718 672 5784 5,
708 5718 771 5778 4.
810 5716 862 5774 6.

1791 3125 1833 3182 C

1872 1876 2028 1947 gines
2064 1894 2078 1930 :
2124 1884 2286 1943 atque
2311 1874 2401 1929 hic
2430 1874 2652 1946 quidem
2680 1871 2878 1929 Petrus
2898 1914 2914 1939 ,
2952 1873 3065 1928 illic
3089 1888 3219 1929 vero
3251 1872 3446 1941 David;

1874 1978 1935 2023 ut
1969 1981 2291 2038 magnorum
2329 1967 2572 2021 virorum
2626 1966 2815 2037 lapsus
2844 1981 3041 2038 magna
3076 1964 3243 2021 etiam
3286 1964 3446 2021 venia

1872 2070 2138 2116 curentur
2167 2099 2184 2125 ,
2217 2068 2272 2115 et
2308 2058 2377 2114 iis
2407 2058 2502 2130 qui
2532 2058 2773 2129 graviter
2814 2057 3198 2128 deliquerunt,
3248 2070 3446 2127 magna

1872 2153 2036 2207 etiam
2067 2150 2447 2208 misericordia
2474 2150 2681 2205 tributa
2706 2150 2799 2206 sit.
2831 2148 2890 2204 Si
2920 2149 3089 2221 igitur
3104 2148 3447 2204 admirantur

1871 2245 2187 2316 Evangelia,
2217 2244 2344 2314 quia
2376 2241 2574 2298 Petrus
2628 2241 3069 2297 misericordiam
3111 2246 3444 2296 consecutus

1872 2343 1990 2392 est:
2024 2335 2367 2391 admirentur
2390 2333 2554 2388 etiam
2587 2333 2784 2404 legem,
2820 2334 2947 2404 quia
2986 2340 3042 2387 et
3074 2332 3237 2387 David
3279 2332 3444 2388 mise-

1871 2428 2164 2483 ricordiam
2198 2428 2427 2496 adeptus
2456 2433 2559 2481 est.
2596 2425 2654 2480 Si
2700 2435 2884 2480 autem
2934 2425 3105 2496 legem
3140 2432 3443 2492 accusant,

1870 2520 1997 2592 quia
2026 2526 2150 2592 post
2191 2525 2345 2573 tanta
2370 2518 2569 2573 delicta
2595 2533 2705 2573 nou
2741 2525 2826 2574 est
2854 2516 3026 2572 David
3056 2516 3185 2572 data
3233 2516 3394 2572 venia
3422 2533 3442 2584 ;

1868 2624 2049 2680 neque
2084 2607 2280 2664 Petrus
2311 2606 2568 2678 opinione
2587 2623 2802 2673 eorum,
2835 2608 3110 2678 querelam
3133 2617 3187 2663 et
3213 2621 3445 2662 accusa-

1869 2704 2073 2758 tionem
2102 2701 2361 2773 eﬂ‘ugiet:
2393 2710 2449 2757 et
2471 2701 2749 2758 videbitur
2773 2700 2994 2771 quidem
3037 2710 3229 2755 contra
3261 2698 3441 2755 solum

1870 2793 2040 2849 David
2065 2794 2209 2849 facta
2240 2794 2554 2860 accusatio;
2586 2792 2682 2849 sed
2726 2794 2908 2863 reipsa
2960 2792 3151 2849 eadem
3208 2807 3443 2849 accusa-

1869 2886 2020 2941 tione
2057 2885 2413 2941 accusabitur
2455 2884 2675 2941 Petrus.
2710 2883 2769 2939 Si
2804 2892 2988 2940 autem
3024 2884 3301 2953 dixerint,
3344 2885 3441 2941 ho-

1867 2992 1993 3033 nam
2026 2977 2248 3049 quidem
2280 2993 2404 3034 esse
2432 2978 2672 3045 veniam,
2710 2977 2806 3034 sed
2827 2977 3043 3034 veniam
3071 2979 3274 3035 veteris
3300 2978 3439 3050 legis

1868 3087 2044 3143 usque
2077 3072 2146 3127 ad
2182 3088 2352 3126 unum
2380 3072 2688 3143 pertigisse,
2707 3072 2762 3127 in
2784 3070 3078 3142 Evangelio
3097 3078 3277 3125 autem
3303 3069 3442 3123 mul-

1868 3170 1977 3216 tam
2010 3179 2135 3219 esse
2161 3164 2400 3229 veniam,
2422 3172 2477 3219 et
2496 3164 2723 3235 pelagus
2747 3162 3206 3228 condonationis;
3242 3171 3293 3217 et
3326 3162 3440 3216 cla-

1864 3261 1978 3307 mat
2007 3254 2081 3308 ibi
2113 3252 2401 3311 Salvator:
2446 3255 2630 3309 Venite
2663 3256 2732 3308 ad
2768 3270 2869 3319 me,
2910 3269 3088 3308 omnes
3112 3253 3201 3323 qui
3228 3253 3441 3306 labora-

1867 3342 1936 3395 tis
1965 3351 2015 3396 et
2043 3344 2249 3397 onerati
2290 3345 2438 3412 estis,
2476 3352 2526 3398 et
2576 3360 2670 3413 ego
2705 3344 2942 3413 reﬁciam
2992 3360 3082 3398 vos
3123 3343 3196 3409 9‘,
3249 3343 3438 3412 legant

1864 3441 2139 3499 vetera,et
2162 3436 2356 3491 subeat
2383 3435 2674 3491 admiratio
2702 3450 2893 3490 eorum
2917 3451 3038 3507 qua
3057 3434 3262 3507 scripta
3284 3445 3434 3491 sunt.

1936 3523 1993 3580 Si
2045 3534 2227 3581 autem
2276 3535 2500 3599 propter
2547 3526 2980 3583 dissuetudinem
3031 3527 3436 3585 exercitationis

1863 3615 2059 3671 nolunt
2081 3616 2260 3687 legere
2287 3617 2516 3687 scripta,
2540 3614 2709 3672 etiam
2745 3614 2835 3671 hic
2858 3615 3115 3671 desinant
3144 3630 3432 3673 accusare.

1865 3709 2117 3765 Salvator
2147 3710 2317 3766 dicit:
2362 3708 2541 3763 Venite
2575 3707 2646 3762 ad
2696 3725 2797 3772 me,
2843 3725 3019 3764 omnes
3061 3709 3151 3779 qui
3175 3708 3434 3764 laboratis

1862 3811 1912 3855 et
1937 3801 2141 3855 onerati
2172 3800 2319 3863 estis,
2363 3809 2412 3853 et
2431 3814 2525 3867 ego
2551 3800 2788 3870 reﬁciam
2827 3815 2916 3854 vos
2943 3815 2962 3853 :
2995 3799 3268 3854 neminem
3294 3813 3435 3868 prte-

1862 3892 2116 3953 termisit,
2153 3891 2423 3945 neminem
2471 3891 2712 3962 reliquit,
2744 3905 2938 3946 omnes
2964 3890 3280 3961 complexus
3309 3897 3431 3945 est:

1862 3981 2033 4037 David
2063 3997 2190 4038 vero
2221 3985 2297 4036 ait
2327 4000 2341 4037 :
2371 3980 2563 4037 Omnes
2590 3993 2786 4054 gentes,
2822 3981 3059 4053 plaudite
3098 3982 3341 4037 nianibus
3362 3982 3430 4037 “.

1861 4073 1928 4130 Et
1966 4090 2160 4131 rursus
2192 4093 2205 4130 :
2251 4073 2486 4129 Auribus
2530 4076 2796 4144 percipite,
2823 4092 3002 4131 omnes
3042 4077 3134 4147 qui
3174 4075 3432 4129 habitatis

1862 4170 2060 4237 orbem,
2089 4169 2277 4240 quique
2311 4168 2583 4239 terrigenw
2623 4176 2672 4222 et
2725 4168 2829 4239 ﬁlii
2868 4169 3159 4236 hominum,
3185 4167 3346 4223 simul
3376 4168 3434 4222 in

1860 4278 2023 4316 unum
2061 4261 2200 4316 dives
2225 4270 2275 4316 et
2324 4276 2522 4331 pauper
2537 4258 2605 4316 ”.
2637 4260 2839 4317 Omnes
2870 4261 2925 4315 in
2962 4259 3257 4333 Evangelio
3280 4258 3433 4316 exci-

1861 4355 1962 4410 tati
1994 4361 2156 4419 sunt,
2191 4368 2383 4410 omnes
2422 4355 2477 4409 in
2515 4356 2650 4427 lege.
2686 4353 2968 4410 Neminem
3002 4353 3220 4423 reliquit
3254 4350 3433 4407 Evan-

1789 4472 1834 4529 ι)
1863 4449 2094 4521 gelium,
2134 4447 2550 4509 nemiuemles
2604 4447 2810 4501 omisit.
2868 4444 3135 4501 Clamavit
3182 4444 3430 4515 Evange-

975 5719 1017 5753 ⁹¹
1062 5718 1251 5777 Matth.
1288 5736 1374 5789 st,
1410 5719 1500 5778 26.
1578 5723 1622 5755 ”
1661 5719 1804 5780 Psal.

1858 4543 2014 4606 lium,
2031 4541 2176 4612 Agite
2198 4541 2575 4609 paenitentiam,
2596 4538 3023 4609 appropinquavit
3051 4537 3187 4592 enim
3214 4552 3431 4608 regnum

1859 4632 2192 4690 caelorum”.
2218 4631 2483 4687 Omnibus
2502 4630 2710 4685 dimisit
2731 4630 2871 4684 hanc
2894 4628 3428 4695 sermocinationem;

1858 4741 1983 4781 cum
2004 4722 2452 4794 delinquentibus
2487 4721 2835 4792 loquebatur,
2863 4735 2988 4775 cum
3012 4719 3179 4790 lapsis
3218 4733 3432 4774 sermo-

1857 4832 1983 4872 nem
2038 4813 2308 4881 habebat,
2360 4827 2483 4867 cum
2510 4813 2578 4868 iis
2623 4806 2715 4884 qui
2768 4812 2881 4881 jam
2921 4819 3076 4866 erant
3100 4810 3180 4865 rei
3209 4809 3426 4876 mortis,

1856 4903 2202 4975 loquebatur,
2230 4901 2536 4957 libertatem
2577 4916 2676 4973 per
2703 4900 3137 4972 praedicationem
3182 4914 3431 4971 prmon-

1860 4995 2098 5051 ciliabat.

1929 5081 2216 5137 Proiectus
2258 5089 2344 5137 est
2376 5079 2548 5138 Jonas
2579 5080 2849 5148 Ninivem,
2890 5096 3013 5153 quae
3057 5088 3177 5138 erat
3230 5081 3427 5139 civitas

1858 5187 1968 5228 non
2006 5187 2194 5243 parva.
2226 5179 2281 5227 et
2311 5187 2506 5244 magna
2549 5174 2789 5245 gentium
2826 5172 3132 5244 frequentia
3158 5171 3424 5227 habitata.

1859 5261 2045 5317 Edidit
2076 5262 2580 5330 comminationem,
2629 5279 2737 5318 non
2774 5264 2993 5319 reticuit
3020 5276 3260 5332 pmnam,
3310 5262 3426 5318 cla-

1855 5353 2045 5419 mavit,
2095 5355 2391 5423 perterruit
2434 5369 2710 5410 sermone.
2743 5352 2894 5410 Vidit
2931 5353 3101 5420 viros,
3135 5352 3203 5409 ad
3240 5361 3425 5408 muta-

1854 5443 2057 5498 tionem
2109 5443 2235 5498 vitzn
2278 5443 2513 5514 impulit,
2562 5441 2693 5498 fecit
2734 5451 2794 5499 ut
2830 5451 3115 5514 peccatum
3164 5445 3422 5517 repudia-

1852 5542 1999 5591 rent.
2036 5532 2412 5590 Praenuntiata
2451 5533 2800 5591 comminatio
2839 5534 2993 5602 abiit,
3024 5535 3291 5592 successit
3314 5536 3421 5591 mi-

1851 5738 2013 5792 ιινι,
2050 5721 2106 5781 2.
2183 5723 2228 5758 “
2263 5720 2413 5782 Psal.
2447 5722 2721 5792 nmuﬁ,
2766 5720 2820 5780 5.
2915 5721 2961 5755 "
3001 5719 3187 5779 Matth.
3228 5737 3330 5790 ιιι,
3358 5719 3415 5775 2.
