3824 6140
374 278 513 335 1247
1538 272 1674 326 TITI
1713 270 1933 327 BOSTll

2024 269 2137 325 [SlS
2169 269 2475 327 EPISCOP]
3496 274 3641 331 1248

371 391 692 449 sericordia.
723 387 949 444 Factum
994 397 1079 445 est
1111 387 1280 458 quod,
1316 397 1375 442 ut
1399 386 1573 446 ﬁeret,
1609 388 1937 441 curabatur:

2046 385 2270 453 γέγονεν
2292 402 2306 415 ·
2337 387 2397 439 οὐ
2427 386 2537 456 γὰρ
2561 388 2593 458 ἡ
2621 385 2730 440 τῶν
2748 385 3050 457 ἀνθρώπων
3074 386 3353 458 ἀναίρεσις
3368 385 3637 457 ἐζητεῖτο.

370 496 482 537 non
519 481 665 536 enim
703 482 956 536 interitus
1007 481 1379 550 quazrebatur,
1430 477 1526 533 sed
1568 478 1800 533 mutatio
1834 493 1940 533 mo-

2048 477 2162 531 ἀλλ’
2189 481 2222 549 ή
2256 479 2364 532 τῶν
2396 481 2612 551 τρόπων
2676 479 2945 551 μεταϐολὴ
2980 483 3269 551 ἡρευνᾶτο.
3306 482 3417 534 Καὶ
3446 480 3639 551 ἐπειδὴ

370 589 492 629 rum
542 573 919 644 indagabatur.
970 570 1269 641 Postquam
1319 570 1522 625 factum
1577 579 1663 625 est
1711 570 1836 632 hoc,
1891 576 1940 625 et

2047 569 2236 638 γέγονε
2276 570 2338 624 τὸ
2391 570 2646 643 ζητηθὲν,
2703 573 2798 626 καὶ
2859 572 3271 643 μετεϐλήθησαν
3311 574 3363 626 oi
3409 573 3636 644 ἄνδρες,

367 668 473 721 viri
512 668 708 721 mutati
754 673 920 729 sunt,
976 664 1230 734 apparuit
1271 664 1477 718 donum
1515 663 1644 729 Dei;
1689 664 1940 718 clamavit

2047 661 2219 733 ἐφάνη
2286 662 2380 716 τοῦ
2444 663 2828 735 φιλανθρώπου
2910 666 2943 735 ἡ
3004 664 3212 736 δωρεάν
3260 665 3451 736 ἐϐόησε
3513 682 3638 718 συν-

366 758 545 814 Judex
579 759 944 830 patrocinium
973 756 1318 827 suscipiens;
1350 756 1488 811 dixit
1519 756 1776 811 ministro
1801 772 1901 811 suo
1927 774 1941 808 :

370 850 431 905 Si
477 861 530 903 tu
577 851 820 904 tristatus
851 866 904 903 es
940 863 1036 916 pro
1071 847 1349 902 cucurbita
1390 864 1486 917 pro
1530 864 1634 918 qua
1666 864 1770 901 non
1796 847 1945 901 labo-

367 944 524 1005 rasti,
559 959 674 1012 quae
702 942 797 995 sub
838 958 945 994 una
978 951 1129 995 nocte
1158 951 1287 994 nata
1319 949 1396 994 est
1430 949 1480 993 et
1509 941 1604 993 sub
1652 956 1759 993 una
1796 950 1945 994 nocte

364 1035 561 1103 periit;
614 1050 705 1101 ego
756 1049 874 1085 vero
922 1049 1025 1086 non
1079 1048 1296 1101 parcam
1345 1046 1439 1099 pro
1496 1028 1686 1084 Ninive
1735 1032 1944 1086 civitate

364 1140 576 1193 magna,
622 1124 675 1176 in
708 1139 813 1193 qua
845 1122 1089 1177 habitant
1143 1122 1263 1189 plus
1308 1137 1468 1192 quam
1510 1131 1714 1175 centum
1758 1124 1942 1192 viginti

362 1217 536 1271 millia
569 1216 861 1280 hominum,
901 1225 950 1270 et
1003 1215 1173 1269 multa
1194 1214 1439 1283 jumenta
1462 1215 1507 1245 "
1535 1215 1559 1268 ?
1595 1214 1662 1268 Et
1697 1215 1940 1285 pepercit

360 1307 525 1371 Deus,
576 1308 671 1377 qui
702 1322 851 1361 nunc
891 1306 1114 1377 quidem
1161 1307 1275 1360 haec
1304 1306 1484 1374 dixit;
1522 1306 1576 1360 in
1623 1308 1731 1361 alio
1756 1316 1938 1363 autem

359 1399 620 1468 propheta
655 1399 931 1461 clamavit,
962 1399 1219 1468 inquiens
1257 1414 1271 1451 :
1306 1396 1448 1453 Nolo
1492 1407 1710 1453 mortem
1753 1414 1940 1469 pecca-

359 1493 511 1556 toris,
535 1491 625 1546 sed
653 1493 820 1563 magis
841 1500 898 1544 ut
921 1501 1275 1555 convertatur,
1301 1501 1349 1545 et
1376 1492 1511 1546 vivat
1535 1492 1615 1547 "z
1644 1493 1737 1562 qui
1769 1493 1838 1548 ab
1867 1493 1936 1548 iis

350 1584 451 1654 qui
499 1585 683 1639 sciunt
712 1583 902 1639 laudes
956 1584 1077 1653 ejus
1115 1599 1334 1648 canere,
1383 1586 1442 1639 in
1479 1585 1735 1641 laudibus
1769 1601 1936 1639 voca-

353 1683 448 1729 tur
473 1676 765 1730 miserator
811 1683 865 1731 et
905 1676 1244 1740 misericors,
1276 1676 1491 1746 patiens
1516 1684 1570 1731 et
1605 1677 1789 1731 multa!
1830 1677 1934 1731 mi-

2042 753 2263 824 ηγορῶν
2292 756 2320 808 6
2359 754 2593 820 δικάζων
2614 774 2627 787 ο
2661 752 2782 809 εἷπε
2824 756 2902 828 τῷ
2943 757 3138 810 ἑαυτοῦ
3165 758 3350 831 οἰκέτῃ
3372 775 3387 789 ο
3426 761 3499 813 Ei
3548 759 3633 813 σὺ

2042 844 2265 913 ἐφείσω
2321 845 2475 915 ὑπὲρ
2546 845 2658 914 τῆς
2738 850 3113 915 κολοκύνθης
3180 848 3332 916 ὑπὲρ
3378 845 3456 918 ἧς
3518 852 3636 904 οὐκ

2041 937 2502 1006 ἐκακοπάθησας
2532 978 2548 1004 ,
2603 938 2642 1006 ἢ
2668 939 2786 994 ὑπὸ
2834 942 3025 994 νύκτα
3076 939 3310 1011 ἐγένετο
3362 943 3459 995 καὶ
3508 941 3634 995 ὑπὸ

2042 1029 2234 1083 νύκτα
2284 1029 2559 1085 ἀπώλετο
2583 1048 2596 1061 ·
2642 1030 2758 1102 ἐγὼ
2811 1030 2881 1084 δὲ
2931 1033 3004 1086 οὐ
3049 1032 3329 1100 φείσομαι
3361 1035 3516 1101 ὑπερ
3540 1035 3639 1086 Νι-

2041 1119 2174 1172 νευῒ
2222 1118 2329 1187 τῆς
2381 1122 2616 1187 πόλεως
2648 1121 2758 1190 τῆς
2791 1120 3081 1191 μεγάλης,
3116 1123 3186 1176 ἐν
3220 1117 3259 1193 ᾖ
3283 1124 3635 1178 κατοικοῦσι

2040 1211 2291 1277 πλείους
2338 1211 2376 1280 ἢ
2432 1210 2662 1266 (δώδεκα
2700 1212 2990 1282 μυριάδες
3024 1213 3258 1282 ἀνδρῶν
3296 1216 3394 1269 καὶ
3435 1214 3633 1283 κτήνη

2041 1304 2278 1366 πολλάξ
2342 1304 2453 1358 Καὶ
2493 1298 2710 1373 φειδοῦς
2763 1300 2831 1375 ἦν
2862 1304 3015 1369 Θεὸς,
3063 1307 3157 1359 καὶ
3205 1307 3435 1379 φανερὸς
3484 1303 3555 1378 ἦν
3602 1309 3636 1361 6

2040 1386 2411 1467 φθεγγόμενος
2436 1414 2448 1426 ο
2481 1398 2510 1449 6
2542 1396 2636 1451 νῦν
2667 1397 2763 1467 μὲν
2789 1397 2962 1451 ταῦτα
2994 1396 3251 1469 εἰρηκὼς,
3278 1401 3335 1451 ὲν
3361 1399 3419 1452 δὲ
3452 1399 3636 1470 ἑτέρῳ

2038 1490 2294 1559 προφήτῃ
2318 1487 2594 1559 βεϐοηκώς
2619 1503 2632 1515 ·
2661 1490 2743 1542 Οὐ
2758 1488 3058 1557 ,Βούλομαι
3077 1488 3186 1543 τὸν
3225 1489 3486 1544 θάνατον
3518 1492 3633 1546 τοῦ

2036 1583 2407 1651 ἀμαρτωλοῠ,
2465 1584 2545 1649 ὡς
2591 1583 2654 1636 τὸ
2701 1583 3055 1653 ἐπιστρέψαι
3107 1583 3205 1638 καὶ
3251 1583 3358 1654 ζῇν
3397 1587 3625 1640 αὐτόν·

2035 1675 2063 1726 6
2088 1675 2191 1727 ὑπὸ
2206 1674 2315 1728 τῶν
2341 1676 2721 1745 ἐπισταμένων
2741 1677 2930 1746 ὑμνεῖν
2949 1675 3228 1743 δοξολογού
3236 1694 3394 1747 μενος
3416 1679 3630 1750 οἰκτίρ-

354 1764 670 1820 sericordiae
708 1784 720 1819 :
756 1773 865 1819 tam
900 1766 1095 1836 ingens
1144 1767 1288 1821 enim
1349 1768 1573 1838 pelagus
1625 1767 1934 1823 miseratio-

2039 1782 2153 1835 μων
2184 1765 2280 1818 καὶ
2310 1765 2560 1836 ἐλεήμων
2602 1769 2631 1821 6
2666 1766 2890 1839 Κύριος,
2943 1768 3295 1839 μακρόθυμος
3323 1769 3414 1822 καὶ
3462 1769 3628 1822 πολυ-

353 1870 483 1910 num
519 1856 661 1926 apud
698 1855 865 1911 Deum
898 1864 1002 1923 est,
1052 1865 1112 1911 ut
1144 1858 1425 1913 minimam
1455 1867 1510 1912 et
1552 1859 1930 1914 brevissimam

347 1947 515 2002 etiam
546 1946 1093 2019 ﬂagitiosissimorum
1125 1949 1192 2003 ad
1228 1950 1598 2021 pmnitentiam
1625 1950 1932 2004 inclinatio-

350 2054 476 2093 nem
526 2055 636 2094 non
692 2042 974 2112 relinquat
1046 2041 1456 2096 inhonoratam.
1532 2042 1721 2096 Achab
1783 2043 1927 2097 enim

350 2127 523 2185 ferme
553 2131 618 2185 ad
647 2140 953 2187 extremum
998 2132 1256 2202 nequitize
1293 2141 1662 2202 processerat,
1714 2141 1769 2188 et
1802 2149 1927 2189 cum

348 2222 573 2291 paulum
606 2230 971 2293 compunctus
1000 2230 1166 2290 esset,
1202 2224 1489 2279 honoravit
1513 2240 1636 2280 eum
1677 2223 1843 2288 Deus,
1874 2232 1929 2280 et

348 2329 464 2368 rem
494 2316 749 2371 ministro
787 2316 1047 2384 ostendit,
1072 2324 1125 2371 et
1165 2319 1342 2373 minas
1375 2321 1635 2388 repressit
1677 2335 1741 2374 ac
1774 2320 1929 2373 cohi-

349 2405 487 2469 buit,
523 2408 852 2475 protrahens
899 2408 1116 2461 interim
1150 2416 1365 2479 tempus
1394 2411 1649 2480 supplicii
1682 2431 1693 2465 :
1752 2412 1924 2479 Vides,

348 2500 546 2568 inquit,
580 2500 837 2571 quomodo
875 2513 1214 2571 compunctus
1249 2512 1325 2557 est
1367 2505 1589 2560 Achab?
1632 2525 1736 2562 non
1766 2508 1926 2562 indu-

345 2606 463 2642 cam
495 2591 638 2643 mala
671 2592 726 2644 in
766 2591 950 2646 diebus
979 2592 1114 2661 ejus,
1149 2594 1240 2647 sed
1268 2597 1322 2648 in
1355 2596 1478 2650 aliis
1510 2596 1691 2652 diebus
1706 2601 1749 2631 ⁸⁷
1787 2620 1799 2654 :
1843 2600 1927 2653 id-

345 2697 452 2750 que
501 2691 559 2736 ut
600 2684 879 2737 minimam
933 2685 1304 2755 aspersionem
1347 2688 1680 2757 pmnitentia:
1714 2691 1924 2747 decenti

345 2773 553 2829 honore
584 2771 728 2829 Deus
796 2774 1112 2831 honoraret.

417 2949 525 3005 Sed
557 2950 669 3004 haec
700 2951 987 3012 hactenus,
1028 2965 1096 3004 ne
1120 2948 1422 3018 disputatio
1454 2950 1521 3005 dc
1545 2951 1660 3022 lege
1697 2952 1922 3007 omnino

348 3042 724 3111 praeteriretur
773 3057 881 3095 non
936 3049 1167 3095 tractata
1204 3120 1209 3124 ι
1243 3052 1310 3107 οι⁶
1356 3057 1609 3098 excussa.
1657 3041 1771 3097 Hoc
1826 3059 1918 3099 so-
1947 3083 1988 3140 ϐ

351 3137 462 3190 lum
517 3135 810 3199 addemus,
861 3134 1034 3190 fuisse
1093 3120 1264 3205 legem
1304 3136 1550 3191 umbram
1612 3135 1920 3192 futurorum

344 3232 659 3297 bonorum;
706 3231 1057 3302 padagogum
1105 3248 1236 3287 vero
1284 3232 1542 3303 adjuvare
1583 3251 1810 3306 puerum
1864 3246 1920 3291 et

343 3331 556 3379 aetatem
592 3324 857 3394 pueritiae,
877 3340 1162 3396 quousque
1194 3326 1454 3395 magister
1473 3335 1728 3397 suscepta
1758 3344 1919 3399 gran-

345 3414 499 3469 diore
541 3413 662 3482 ejus
694 3414 1044 3478 habitudine,
1092 3417 1394 3483 majoribus
1441 3417 1750 3488 disciplinis
1790 3435 1917 3474 eum

348 3507 530 3561 tradat
563 3526 576 3561 :
631 3507 973 3563 commodius
1015 3508 1161 3562 enim
1194 3516 1247 3563 et
1281 3509 1461 3578 aptius
1504 3509 1609 3565 hoc
1648 3511 1917 3580 principio

344 3607 607 3672 tanquam
666 3600 1020 3655 fundamento
1068 3601 1256 3670 jac-to,
1298 3602 1494 3671 poterit
1551 3603 1675 3672 quis
1714 3603 1916 3658 conﬁr-

344 3708 516 3761 mare,
569 3694 842 3763 quomodo
896 3693 980 3747 lea:
1017 3708 1107 3761 per
1134 3691 1371 3763 Moyscm
1400 3695 1546 3759 data,
1589 3698 1765 3767 gratia
1795 3714 1914 3752 vero

343 3793 395 3840 et
422 3786 616 3842 ueritas
660 3803 692 3838 a
720 3784 930 3840 Christo
958 3786 1104 3855 facta
1136 3788 1205 3840 sit
1221 3786 1287 3840 “.

2034 1856 2181 1919 έλεος
2200 1873 2214 1886 ·
2242 1857 2557 1927 τηλικοῦτον
2585 1859 2695 1931 γὰρ
2721 1859 2955 1928 πέλαγός
2976 1861 3124 1913 ἐστιν
3151 1860 3448 1931 οἰκτιρμῶν
3468 1860 3627 1929 παρὰ

2032 1945 2111 2014 τῷ
2145 1946 2285 2016 Θεῷ,
2313 1946 2389 2010 ὡς
2416 1948 2508 2000 καὶ
2540 1950 2639 2017 τὴν
2669 1948 2957 2019 ἐλαχίστην
3001 1949 3097 2002 καὶ
3123 1948 3490 2020 βραχυτάτην,
3525 1952 3626 2005 καὶ

2029 2037 2138 2091 τῶν
2199 2038 2339 2092 πάνυ
2394 2039 2745 2108 φαυλοτάτων
2798 2042 2937 2113 πρὸς
2977 2043 3264 2112 μετάνοιαν
3298 2044 3503 2115 ῥοπὴν,
3541 2046 3624 2117 μὴ

2029 2130 2294 2201 ἀτίμητον
2330 2134 2509 2186 ἐᾶσαι.
2565 2133 2758 2203 Σχεδὸν
2793 2132 2905 2204 γὰρ
2939 2136 3019 2197 είς
3054 2134 3228 2206 πέρας
3263 2137 3461 2199 κακίας
3490 2137 3623 2208 ἐλη-

2030 2221 2258 2286 λακότος
2286 2222 2382 2276 τοῦ
2428 2224 2654 2294 Ἀχαά6,
2687 2224 2781 2277 καὶ
2821 2224 3017 2294 ὀλίγως
3050 2242 3166 2290 πως
3197 2228 3619 2296 κατανυγέντος,

2027 2314 2319 2385 τετίμηκεν
2362 2316 2390 2367 6
2429 2314 2581 2377 Θεὸς,
2614 2315 2710 2367 καὶ
2741 2314 2909 2382 ἔδειξε
2941 2315 3019 2386 τῷ
3045 2316 3231 2390 οἰκέτῃ
3257 2317 3317 2370 τὸ
3355 2320 3617 2390 πρᾶγμα,

2028 2404 2124 2458 καὶ
2181 2405 2486 2459 συνέστειλε
2537 2407 2637 2477 τὴν
2689 2407 2940 2477 ἀπειλὴν,
2976 2408 3168 2479 χρόνον
3202 2409 3299 2479 τῆς
3328 2411 3615 2481 ἐπιτιμίας

2030 2495 2230 2566 μεταξὺ
2258 2495 2685 2566 καταλιμπάνων
2703 2514 2715 2528 ’
2746 2493 2940 2563 Εἶδες,
2972 2498 3123 2567 φησὶ,
3160 2498 3286 2565 πῶς
3317 2502 3615 2570 κατεγύγη

2038 2587 2251 2655 Ἄχαάὸ
2269 2604 2289 2651 ;
2315 2589 2386 2641 οὐ
2437 2588 2524 2656 μὴ
2561 2588 2762 2653 ἐπάξω
2794 2588 2866 2642 τὰ
2903 2591 3059 2644 κακὰ
3104 2590 3175 2644 ἐν
3208 2590 3336 2656 ταῖς
3363 2592 3612 2662 ἡμέραις

2023 2679 2232 2743 αὐτοῦ,
2268 2680 2407 2734 ἀλλ’
2432 2681 2502 2733 ἐν
2555 2680 2802 2749 ἡμέραις
2836 2680 3054 2747 ἄλλαις
3074 2699 3089 2713 ο
3128 2682 3215 2735 ἵνα
3239 2684 3331 2735 καὶ
3354 2684 3450 2755 τὴν
3485 2685 3613 2739 ἐλα-

2023 2773 2215 2843 χίστην
2255 2772 2444 2844 ρανίδα
2490 2773 2591 2843 τῆς
2624 2773 2912 2844 μετανοίας
2956 2774 3165 2846 τιμήσῃ
3209 2776 3275 2845 τῇ
3320 2776 3608 2848 πρεπούσῃ

2022 2868 2154 2935 τιμῇ
2198 2867 2227 2917 6
2255 2864 2406 2928 Θεός.

2094 2956 2203 3009 Καὶ
2252 2956 2425 3010 ταῦτα
2456 2957 2553 3026 μὲν
2585 2957 2747 3028 μέχρι
2801 2957 2990 3011 τούτου
3041 2959 3434 3029 προειρηκότες
3476 2977 3613 3013 κατ-

2022 3047 2303 3119 ελέξαμεν,
2332 3050 2418 3101 ἵνα
2453 3050 2547 3102 καὶ
2593 3051 2622 3103 6
2657 3051 2799 3121 ’περὶ
2838 3051 3003 3121 νόμου
3032 3050 3188 3118 λόγος
3217 3052 3289 3121 μὴ
3324 3052 3607 3117 παντελῶς

2022 3137 2369 3210 ἀγύμναστος
2416 3138 2907 3209 καταλελειμμένος
2955 3139 3194 3213 ὑπάρχῃ·
3231 3141 3388 3211 μόνον
3440 3140 3610 3197 τοῦτο

2022 3232 2602 3303 προσγεγραφηκότες,
2652 3233 2732 3284 ὅτι
2789 3231 2916 3285 σκιὰ
2963 3232 3125 3302 νόμος
3157 3233 3263 3285 τῶν
3302 3233 3606 3304 μελλόντων

2021 3322 2271 3391 άγαθῶνο
2307 3324 2400 3376 καὶ
2430 3322 2539 3392 γὰρ
2577 3323 2920 3391 παιδαγωγὸς
2970 3324 3309 3394 συμπράττει
3338 3324 3415 3395 τῷ
3452 3328 3608 3380 παιδὶ

2020 3413 2114 3465 καὶ
2142 3415 2206 3483 τῇ
2242 3414 2340 3483 νέᾳ
2384 3412 2587 3483 ἡλικίᾳ,
2629 3413 2821 3483 μέχρις
2851 3405 2912 3465 οὗ
2949 3414 2977 3465 ὁ
3014 3413 3329 3478 διδάσκαλος
3357 3415 3455 3487 τὴν
3488 3416 3605 3482 ἕξιν

2018 3502 2352 3574 ’παραλαδὼν
2407 3506 2519 3568 τοῖς
2581 3503 2863 3575 μαθήμασι
2921 3506 3034 3568 τοῖς
3081 3505 3289 3575 μείζοσι
3331 3508 3556 3580 παραδῷ
3586 3528 3598 3540 ·

2024 3596 2381 3668 καιριώτερον
2412 3596 2522 3668 γάρ
2562 3614 2646 3659 τις
2673 3596 2982 3667 δυνήσεται,
3010 3596 3210 3669 ταύτην
3237 3598 3373 3651 ἰδίαν
3404 3600 3601 3653 ὑπόθε-

2017 3704 2101 3741 σιν
2132 3688 2381 3759 θέμενος,
2411 3688 2816 3743 κατασκευάσαι
2840 3689 2959 3754 πῶς
2999 3691 3098 3760 μὲν
3125 3690 3225 3744 διὰ
3264 3691 3522 3758 Μωσέως
3562 3698 3601 3747 ὁ

2018 3781 2222 3848 νόμος,
2254 3780 2373 3834 ἀπὸ
2398 3781 2466 3834 δὲ
2492 3782 2712 3850 Κυρίου
2737 3782 2777 3850 ἠ
2809 3780 2979 3850 χάρις
3012 3783 3109 3835 καὶ
3133 3782 3433 3851 ἡάλήθεια
3460 3782 3593 3853 ἐγέο

2017 3889 2175 3925 γετο.
2912 3908 2918 3912 .

1189 3984 1318 4037 (In.
1362 3982 1497 4039 XVI.
1539 3982 1751 4039 Creatio
1777 4002 1809 4039 a
1836 3984 2050 4040 diabolo
2090 3986 2372 4039 secundant
2406 3984 2749 4041 Manichteos.

435 4098 549 4153 Nos
603 4107 781 4153 autem
829 4099 966 4154 alias
1031 4101 1536 4171 argumentationes
1599 4102 1909 4158 abortionis

346 4193 510 4250 istius
543 4194 897 4262 attingamus,
924 4196 1200 4262 proposita
1225 4194 1330 4247 alia
1367 4194 1533 4263 hujus
1566 4195 1825 4265 Opinione
1856 4195 1913 4249 in

346 4284 648 4356 Scripturis
682 4284 890 4339 absona
935 4291 990 4338 et
1042 4284 1324 4351 absurda;
1361 4292 1420 4338 ut
1465 4301 1529 4339 ea
1586 4301 1817 4342 excussa
1863 4294 1916 4341 et

341 4380 579 4444 evoluta,
625 4378 803 4449 quoad
840 4378 954 4434 ﬁeri
987 4387 1185 4451 potest,
1217 4387 1427 4433 mentes
1480 4379 1800 4449 illaqueatas
1846 4395 1913 4434 ex

341 4470 597 4543 opinione
625 4478 840 4525 amenle
869 4474 1079 4540 eripere
1095 4471 1389 4541 possimus.
1415 4469 1661 4525 Porrexit
1686 4471 1828 4527 enim
1854 4486 1914 4526 se

343 4579 517 4633 usque
550 4561 616 4617 ad
654 4561 917 4616 fabricam
965 4561 1190 4627 mundi;
1246 4569 1300 4616 et
1345 4562 1449 4616 hoc
1483 4562 1628 4631 quod
1668 4562 1913 4617 cernitur

340 4665 607 4719 creatura,
663 4671 693 4709 a
728 4655 948 4710 diabolo
996 4663 1241 4710 creatum
1291 4669 1416 4710 esse
1476 4655 1625 4722 vult;
1682 4671 1912 4726 esseque

341 4748 613 4805 hominem
693 4763 723 4800 a
780 4747 994 4802 diabolo
1056 4745 1404 4813 formatum;
1453 4753 1617 4816 atque
1674 4747 1911 4801 animam

345 4842 564 4912 quidem
598 4856 629 4895 a
656 4840 791 4904 Deo,
832 4855 954 4895 esse
987 4849 1168 4894 tamen
1196 4840 1414 4909 corpori
1440 4855 1471 4892 a
1497 4839 1715 4893 diabolo
1763 4850 1913 4909 apta-

341 4941 475 4996 tam,
529 4938 582 4986 et
624 4930 826 4985 factum
878 4928 1197 4996 hominem;
1245 4930 1337 4999 qui
1382 4928 1746 4984 substantiam
1785 4929 1909 4998 qui-

342 5029 464 5083 dem
492 5027 744 5098 corporis
780 5041 847 5081 ex
895 5024 1204 5081 substantia
1228 5023 1430 5080 diaboli
1458 5025 1752 5095 acceperit,
1785 5023 1909 5079 sub-

341 5121 597 5177 stantiam
628 5133 756 5173 vero
790 5117 984 5172 anima:
1027 5125 1288 5186 tanquam
1336 5117 1569 5187 spolium
1605 5127 1658 5172 et
1685 5117 1909 5173 exuvias

340 5224 405 5260 ex
438 5207 547 5262 Deo
578 5206 877 5277 sumpserit
910 5225 924 5259 :
962 5213 1023 5260 ut
1079 5205 1264 5260 anima
1306 5207 1525 5285 quidem
1578 5217 1792 5276 sumpta
1835 5209 1909 5263 sit

339 5314 405 5353 ex
444 5298 570 5361 Deo,
607 5299 839 5354 traxerit
869 5314 1001 5355 vero
1026 5298 1095 5355 de
1116 5296 1229 5355 Deo
1259 5300 1494 5369 spolium
1527 5299 1810 5355 diabolus:
1832 5306 1908 5353 at-

337 5409 444 5461 que
469 5394 539 5445 ita
583 5409 646 5447 ex
696 5392 1005 5447 substantia
1036 5392 1238 5447 diaboli
1289 5400 1344 5447 et
1379 5392 1554 5462 spolio
1583 5391 1692 5445 Deo
1724 5391 1909 5447 detra~

338 5493 430 5538 cto
463 5483 783 5538 fabricatum
812 5499 934 5541 esse
971 5484 1266 5548 hominem,
1292 5500 1357 5538 ex
1389 5497 1618 5553 corpore
1641 5492 1695 5536 ct
1723 5484 1904 5536 anima

414 5642 459 5673 π
500 5640 616 5696 Jun.
657 5656 755 5705 111,
794 5642 890 5707 l0,
929 5641 1013 5695 ii.

1090 5642 1133 5673 “
1174 5641 1368 5696 Ezech.
1407 5656 1611 5704 xxxm,
1650 5636 1733 5694 ll.
1810 5641 1853 5675 ’⁷
1897 5637 1960 5693 Ill
1995 5636 2124 5710 Reg.
2163 5655 2280 5703 ut,
2314 5637 2403 5694 '29.

2099 4105 2287 4174 Ἡμεῖς
2320 4103 2376 4156 δὲ
2401 4104 2495 4157 καὶ
2514 4104 2622 4158 τῶν
2639 4106 2840 4176 ἐτέρων
2859 4106 3251 4178 ἐπιχειρήσεων
3278 4108 3371 4161 τοῦ
3388 4107 3596 4181 ἐκτρώ-

2021 4211 2189 4264 ματος
2215 4193 2571 4265 ἐφαψὼμεθα,
2604 4196 2702 4267 τὴν
2747 4195 2913 4265 ἄλλην
2944 4197 3142 4250 ἄτοπον
3161 4198 3324 4251 αὐτοῦ
3352 4196 3508 4266 δόξαν
3531 4206 3593 4258 ἐν

2018 4288 2132 4347 τοῖς
2164 4284 2364 4353 λογίοις
2419 4287 2829 4357 παρατιθέντες,
2878 4289 2971 4341 καὶ
3008 4292 3128 4354 ταῖς
3161 4290 3437 4357 ὲξετάσεσι
3489 4312 3591 4364 γυ-

2022 4376 2297 4448 μνοῦντες,
2361 4379 2529 4440 ὅπως,
2590 4379 2640 4431 εί
2668 4396 2729 4447 γε
2758 4376 2865 4433 οἶόν
2892 4379 2950 4433 τέ
2991 4382 3124 4446 ἐστι,
3155 4380 3253 4446 τὰς
3281 4384 3591 4455 αἱρεθείσας

2017 4468 2254 4532 διανοίας
2297 4469 2393 4540 τῆς
2443 4470 2635 4538 ἀλόγου
2668 4470 2824 4542 δόξης
2862 4471 3213 4545 ὲξυφαιρῆσαι
3250 4473 3589 4547 δυνηθῶμεν,

2030 4555 2291 4622 Ἐξὲτεινε
2310 4558 2419 4631 γὰρ
2444 4558 2636 4614 ἑαυτὸν
2667 4563 2759 4613 καὶ
2783 4561 2945 4632 μέχρι
2971 4561 3063 4615 τοῦ
3086 4562 3585 4636 δημιουργήματος·

2018 4651 2111 4704 καὶ
2132 4650 2289 4704 τοῦτο
2316 4650 2376 4704 τὸ
2406 4651 2725 4723 φαινόμενον
2749 4655 2874 4725 ποίη
2884 4671 2958 4725 μα
2981 4652 3075 4707 τοῦ
3109 4655 3423 4719 άπατεῶνος
3448 4653 3589 4711 εἶναι

2018 4741 2232 4813 ποίημα
2263 4741 2542 4812 βούλεται·
2578 4744 2673 4797 καὶ
2734 4739 2872 4797 εἶναι
2900 4744 2993 4798 τὸν
3047 4744 3327 4817 ἄνθρωπον
3360 4747 3589 4819 πλάσμα

2009 4834 2103 4887 τοῦ
2166 4833 2437 4905 πονηροῦ’
2466 4835 2562 4887 καὶ
2610 4832 2748 4889 εἶναι
2802 4836 2899 4907 μὲν
2937 4835 3035 4908 τὴν
3070 4837 3243 4909 ψυχὴν
3272 4838 3379 4891 ἀπὺ
3423 4839 3585 4904 Θεοῦ,

2010 4920 2148 4978 εἶναι
2174 4925 2230 4977 δὲ
2270 4925 2420 4997 παρὰ
2451 4925 2545 4978 τοῦ
2577 4927 2816 5000 πονηροῦ
2859 4929 3211 5000 ἡρμοσμένην
3236 4946 3249 4959 ·
3296 4930 3390 4984 καὶ
3427 4948 3591 5000 γεγο-

2009 5020 2156 5074 νέναι
2188 5020 2278 5073 τὸν
2294 5020 2598 5090 ἄνθρωπον,
2620 5021 2718 5091 τὴν
2743 5022 2840 5093 μὲν
2867 5020 3050 5076 οὐσίαν
3074 5022 3167 5075 τοῦ
3202 5023 3452 5093 σώματος
3479 5026 3589 5080 ἀπὸ

2008 5113 2106 5182 τῆς
2143 5112 2330 5176 οὐσίας
2351 5113 2612 5185 εἰληφότα
2638 5112 2731 5166 τοῦ
2777 5113 3035 5185 πονηροῦ,
3066 5113 3163 5186 τὴν
3188 5114 3244 5168 δὲ
3277 5116 3465 5169 οὐσίαν
3488 5118 3590 5189 τῆς

2012 5204 2210 5275 ψυχῆς,
2244 5204 2318 5268 ὡς
2371 5206 2564 5259 σκῦλον
2610 5207 2644 5277 ἢ
2689 5205 2928 5277 λάφυρον
2965 5207 3073 5259 ἀπὸ
3106 5206 3238 5260 Θεοῦ
3267 5208 3585 5280 ληφθεῖσαν,

2015 5298 2119 5350 ὑπὸ
2163 5298 2219 5350 δὲ
2263 5296 2357 5350 τοῦ
2403 5298 2638 5369 πονηροῦ
2682 5297 3270 5369 λαφυραγωγηθείσαν·
3297 5299 3473 5365 οὕτως
3522 5300 3588 5355 ἐκ

2013 5408 2071 5443 τε
2104 5390 2201 5459 τῆς
2227 5388 2784 5460 λαφυραγωγηθείσης
2814 5390 2906 5443 καὶ
2949 5391 3047 5461 τῆς
3073 5392 3260 5456 οὐσίας
3286 5392 3380 5445 τοῦ
3415 5410 3588 5465 πονη-

2004 5482 2109 5553 ,ροῦ
2142 5481 2420 5550 γεγονέναι
2437 5482 2524 5534 τὸν
2555 5480 2855 5551 ἄνθρωπον,
2880 5484 2943 5536 ἐκ
2972 5483 3146 5554 ψυχῆς
3178 5483 3270 5537 καὶ
3304 5484 3582 5556 σώματος·

2482 5640 2525 5671 ³⁸⁸
2562 5638 2717 5695 Joan.
2760 5657 2809 5705 ι,
2849 5641 2934 5698 17.
