3792 6150
190 318 332 375 1249
1236 310 1608 369 ADVERSUS

1675 312 2098 371 MANICHEOS
2132 313 2260 368 LIB.
2303 312 2390 368 ill.

3311 309 3451 366 1250

191 434 286 488 καὶ
308 433 409 503 τῆς
436 431 534 504 μὲν
559 430 735 501 ψυχῆς
769 428 842 501 μὴ
863 426 1033 482 αἴτιον
1061 423 1198 482 εῖναι
1224 430 1318 483 τὸν
1348 429 1603 502 πονηρὸν,
1632 445 1770 499 μητε

1876 434 2215 484 constantem
2245 443 2257 477 :
2292 433 2456 496 atque
2494 423 2688 477 anima:
2715 421 2935 493 quidem
2964 437 3074 478 non
3113 439 3234 479 esse.
3260 436 3451 480 aucto—

190 523 550 596 πεποιηκέναι
576 522 763 576 οὐσίαν
791 520 991 591 ψυχῆς,
1024 520 1123 589 τῆς
1150 520 1303 583 δὲείς
1330 520 1563 591 κρίσεως
1600 519 1767 590 μόνης

185 618 293 686 τῆς
352 618 412 670 ἐν
455 614 667 686 σώματι
697 613 917 685 ἐνεργὸν
943 612 1120 665 εἶναι·
1176 612 1475 675 σκυλεύσας
1521 611 1650 682 γὰρ,
1694 609 1771 674 ὥς

190 708 663 779 φασιν,είσέκρινε
688 708 754 776 τῇ
800 705 967 776 σαρκί
985 723 998 735 ·
1027 703 1125 776 τὴν
1150 704 1207 757 δέ
1249 704 1427 774 σάρκα
1454 703 1646 774 αὐτὴν,
1676 702 1773 755 καὶ

187 802 294 873 τὴν
353 800 549 854 πλάσιν
597 799 788 869 αὐτὴν,
830 799 926 852 καὶ
983 798 1073 850 τὸν
1136 796 1491 868 χαρακτῆρα,
1537 796 1632 848 καὶ¹
1673 794 1770 865 τὴν

190 893 505 964 τοιαυτήνδε
533 892 764 964 μορφὴν,
792 891 885 944 καὶ
904 889 1003 961 τὴν
1045 889 1234 943 οὐσίαν
1259 888 1407 959 ὅλην,
1442 887 1604 959 ἔργον
1630 882 1771 939 εἶναι

192 987 288 1040 καὶ
315 985 508 1039 πλάσιν
540 984 632 1037 τοῦ
662 981 995 1045 ἀπατεῶνας.
1034 981 1123 1045 Ἐξ
1169 979 1428 1034 ἐναντίων
1452 978 1583 1047 γοῦν
1609 994 1772 1046 γεγο-

191 1078 339 1132 νέναι
367 1078 459 1131 τὸν
487 1061 769 1147 ἄνθρωπον
793 1074 1201 1145 ὁμολογοῦντες,
1215 1073 1336 1125 οὐδὲ
1362 1071 1453 1125 τὸν
1478 1070 1589 1123 τῶν
1619 1071 1774 1125 ἐνανο

187 1171 326 1224 τίων
354 1171 499 1224 ἴσασι
528 1170 683 1239 λόγον
706 1184 719 1198 ’
753 1168 874 1222 οὐδὲ
902 1169 984 1221 ὅτι
1017 1166 1133 1220 ἔστι
1179 1165 1300 1220 τινὰ
1330 1163 1441 1218 τῶν
1490 1162 1769 1226 ἐναντίων,

191 1262 354 1315 ἁτινα
400 1262 571 1332 ἀμιγῆ
615 1264 759 1314 ἐστιν
810 1262 867 1313 ἐν
894 1260 1096 1323 αὐτοῖς,
1134 1256 1403 1332 μηδεμίαν
1432 1254 1568 1326 πρὸς
1602 1251 1774 1307 ἑαυτὰ

199 1352 346 1423 μίξιν
393 1329 486 1406 καὶ
542 1329 824 1405 κοινωνίαν
865 1349 1118 1414 δέξασθαι
1180 1329 1473 1419 δυνάμενα,
1520 1343 1655 1399 ἀλλὰ
1704 1345 1772 1415 τῇ

195 1443 526 1516 νομιζομένῃ
565 1443 818 1515 κοινωνίᾳ
847 1441 1179 1516 ἀναιρέσεως
1215 1439 1423 1494 ἑαυτῶν
1447 1438 1576 1491 ὅντα
1607 1434 1775 1501 αίτία,

198 1537 278 1607 μὴ
305 1535 577 1608 δυνάμενα
618 1536 753 1608 ὁμοῦ
791 1532 931 1590 εἶναι
955 1550 968 1564 ·
1002 1534 1137 1589 ἀλλὰ
1170 1532 1264 1586 τοῦ
1304 1532 1494 1602 ἑτέρου
1526 1530 1780 1600 ἀναιρου-

198 1627 387 1699 μένου,
408 1628 497 1683 διὰ
527 1629 627 1699 τὴν
655 1630 749 1682 τοῦ
784 1629 971 1701 ἑτέρου
1000 1627 1377 1698 ἐπικράτησιν.

1867 536 1982 576 rem
2039 519 2340 582 diabolum,
2394 530 2570 585 neque
2623 514 2990 569 substantiam
3031 516 3153 583 ejus
3227 514 3448 577 fecisse.

1868 611 1963 666 sed
2016 611 2191 665 solius
2254 610 2538 678 ingressus
2594 606 2790 660 animae
2844 606 2898 659 in
2961 621 3164 677 corpus
3226 608 3450 662 effecto-

1869 717 1983 759 rem
2045 717 2198 767 esse;
2262 700 2561 755 detractam
2604 698 2751 752 enim
2803 706 3065 767 tanquam
3108 699 3363 768 spolium,
3391 708 3451 752 ut

1868 794 1973 865 ipsi
2031 793 2203 855 aiunt,
2278 791 2334 844 in
2387 803 2612 843 carnem
2689 788 2959 854 immisit;
3035 802 3257 842 carnem
3320 804 3452 843 vero

1871 887 2064 956 ipsam,
2085 893 2137 939 et
2167 882 2564 946 formationem,
2588 887 2641 935 et
2666 879 2912 950 figuram,
2930 888 2985 935 et
3010 881 3174 935 talem
3199 880 3449 945 formam,

1873 992 1939 1031 ac
1991 983 2160 1030 totam
2203 974 2564 1029 substantiam
2614 986 2753 1042 opus
2799 987 2925 1027 esse
2973 980 3027 1026 et
3066 971 3451 1027 formationem

1873 1068 2096 1123 diaboli.
2148 1064 2408 1121 Fatentes
2454 1065 2618 1134 igitur
2647 1062 2852 1117 factum
2886 1078 3007 1119 esse
3055 1064 3332 1118 hominem
3383 1078 3451 1118 ex

1872 1159 2206 1225 contrariis,
2279 1171 2456 1227 neque
2523 1170 2645 1226 quae
2716 1156 2789 1210 sit
2852 1157 3250 1209 contrariorum
3310 1153 3452 1209 ratio

1872 1253 2072 1319 sciunt;
2101 1266 2277 1321 neque
2300 1250 2500 1314 sciunt,
2521 1262 2644 1303 esse
2672 1247 2919 1317 qumdam
2942 1247 3214 1301 contraria
3236 1261 3356 1316 quae
3378 1247 3454 1299 in-

1878 1354 1963 1401 ter
1991 1360 2051 1401 se
2088 1341 2431 1410 commisceri
2468 1353 2576 1393 non
2605 1345 2860 1409 possunt,
2898 1337 3028 1407 quia
3058 1337 3265 1391 nullam
3307 1337 3448 1391 inter

1883 1454 1943 1494 se
1964 1435 2404 1492 communionem
2435 1446 2612 1502 neque
2639 1430 2953 1484 mistionem
2977 1430 3179 1484 habere
3218 1434 3446 1497 queunt;

1884 1528 2017 1600 quin
2071 1526 2254 1596 potius
2297 1537 2465 1577 causa
2520 1527 2650 1577 sunt
2705 1520 2961 1574 interitus
2988 1518 3073 1573 sui
3106 1519 3161 1572 in
3201 1519 3293 1572 illa
3329 1535 3451 1588 qua:

1878 1632 2125 1696 putatur,
2182 1617 2599 1682 communione,
2659 1614 2788 1684 quia
2839 1628 2969 1691 non,
3001 1624 3233 1683 possunt
3285 1614 3451 1669 simul

1850 1725 2033 1781 esse;
2075 1713 2187 1768 imo
2222 1707 2373 1763 aliud
2410 1707 2645 1771 tollitur,
2681 1705 2811 1776 quia
2856 1705 3004 1759 aliud
3033 1705 3368 1760 dominatur.

1000 1854 1128 1909 CAP.
1168 1851 1333 1908 XVII.
1369 1850 1572 1920 Corpus
1595 1863 1699 1903 non
1727 1852 1804 1899 est
1828 1856 1862 1894 α
1893 1831 2132 1896 diabolo,
2155 1839 2204 1883 et
2230 1827 2410 1881 anima
2437 1843 2469 1879 a
2505 1824 2634 1879 Deo.

284 1969 412 2024 Ἰδοὺ
440 1967 548 2041 γὰρ
586 1970 643 2023 ἐν
696 1968 779 2023 ἑνὶ
821 1968 1159 2038 κοιτωνίσκῳ
1203 1965 1386 2038 ἡμέρα
1418 1966 1514 2019 καὶ
1550 1961 1648 2027 νὺξ
1671 1960 1770 2015 οὐκ

1941 1949 2105 2013 Ecce,
2135 1946 2191 1999 in
2237 1958 2347 1998 uno
2382 1941 2640 1996 cubiculo
2668 1940 2786 1996 dies
2818 1947 2872 1995 et
2920 1955 3031 1994 nox
3078 1936 3311 1994 inveniri
3341 1928 3451 1992 no“

198 2060 266 2115 ἂν
296 2060 542 2132 εὑρεθείη
563 2077 577 2090 ·
610 2059 734 2113 ἐπεὶ
767 2059 926 2130 μόνον
960 2058 1076 2128 φῶς
1113 2057 1333 2129 εὑρεθὲν
1374 2055 1692 2127 προαναιρεί
1712 2051 1772 2104 τὸ

199 2152 409 2217 σκότος.
474 2153 603 2206 Ἰδοὺ
631 2153 689 2205 ἐν
746 2152 846 2222 μιᾷ
870 2151 1015 2222 ψυχῇ
1058 2148 1379 2221 σωφροσύνη
1416 2148 1509 2200 καὶ
1545 2142 1772 2215 πορνεία

193 2244 299 2297 οὐκ
325 2243 391 2297 ἂν
423 2242 639 2314 φανείη·
691 2242 814 2295 ἐπεὶ
842 2241 978 2313 μόνη
1015 2240 1332 2312 σωφροσύνη
1353 2279 1369 2304 ,
1401 2240 1648 2307 φανεῖσα,
1685 2236 1775 2287 ἐκ·

196 2331 375 2386 ποδὼν
400 2331 651 2400 γενέσθαι
682 2332 779 2403 τὴν
820 2331 1073 2403 πορνείαν
1119 2332 1282 2385 ποιεῖ.
1329 2328 1460 2382 Ἰδοὺ
1499 2324 1775 2380 θεοσέϐεια

197 2426 295 2480 καὶ
326 2426 550 2480 ἀσέϐεια
581 2428 638 2479 ἐν
672 2427 752 2480 ἐνὶ
795 2424 1067 2497 ἀνθρώπῳ
1108 2424 1209 2476 οὐκ
1254 2422 1319 2477 ἂν
1365 2422 1605 2490 γένοιτο·
1640 2418 1772 2470 ὅπου

196 2518 311 2590 γὰρ
333 2518 584 2571 εὺσέσεια
629 2518 899 2586 φαίνεται,
939 2517 1058 2570 οὐδὲ
1087 2515 1236 2587 ῥανὶς
1274 2512 1526 2575 ἀσεὸείας
1556 2508 1777 2579 φανείη.

210 2608 510 2679 Ἐπικρίνει
550 2606 607 2660 δὲ
635 2607 728 2660 καὶ
771 2607 799 2658 ὀ
848 2605 1186 2668 Ἀπόστολος,
1235 2603 1329 2656 καὶ
1371 2600 1660 2672 σφραγίζει
1706 2598 1774 2652 τὰ

198 2700 494 2773 εἰρημένα·
533 2700 630 2765 Τίς
683 2698 960 2752 κοινωνία
1006 2696 1151 2766 φωτὶ
1193 2695 1342 2763 πρὸς
1386 2694 1645 2758 σκότος;
1681 2691 1777 2755 Τίς

192 2789 607 2861 μερὶς-Χριστῷ
638 2789 788 2858 πρὸς
818 2790 1064 2851 Bella);
1096 2786 1174 2840 Τὰ
1195 2786 1302 2857 γὰρ
1328 2786 1537 2847 ἑαυτοῖς
1559 2781 1775 2836 ἐναντία

198 2882 333 2953 φίλα
348 2883 557 2945 ἑαυτοῖς
572 2881 673 2934 οὐκ
691 2882 755 2934 ἂν
774 2880 983 2948 γένοιτο
998 2896 1012 2909 ·
1037 2879 1129 2932 καὶ
1158 2877 1285 2948 μίαν
1305 2875 1572 2947 ἁρμονίαν
1588 2873 1688 2926 οὐκ
1708 2871 1774 2925 ἂν

196 2972 437 3030 ποιοῖτὰ
464 2973 668 3026 ἑαυτῶν
699 2971 1045 3043 διεστηκότα·
1094 2968 1213 3022 ούδὲ
1254 2967 1363 3039 γὰρ
1393 2967 1456 3020 ἑκ
1476 2984 1536 3018 τε
1567 2961 1774 3038 ῥυθμοῦ

198 3067 298 3120 καὶ
309 3065 614 3139 ἀρρυθμίας
630 3065 729 3136 μία
742 3063 949 3134 γίνεται
965 3061 1217 3133 ἁρμονία,
1236 3058 1360 3113 οὔτε
1378 3060 1442 3111 ἐκ
1461 3055 1671 3125 σιωπῆς
1683 3055 1777 3108 καὶ

198 3159 390 3222 λαλιᾶς
419 3158 517 3230 μία
543 3158 790 3227 γίγνεται
817 3155 1098 3217 σύστασις·
1140 3152 1299 3224 μόνον
1328 3148 1437 3219 γὰρ
1460 3147 1520 3200 τὸ
1552 3145 1608 3198 ἓν
1638 3140 1812 3207 εἶναι,

197 3250 425 3322 ὀφείλει,
459 3248 552 3303 τοῦ
588 3249 776 3320 ἑτέρου
814 3247 1069 3318 συστῆναι
1112 3245 1212 3319 ούκ
1256 3239 1603 3312 ἀνεχομένου.
1632 3238 1695 3290 Εἰ
1719 3235 1777 3289 δὲ

1871 2050 2073 2117 potest,
2107 2039 2236 2110 quia
2269 2037 2449 2092 solum
2482 2034 2667 2088 lumen
2714 2034 2994 2088 inventum
3023 2031 3179 2101 prius
3228 2030 3453 2085 sustulit

1871 2135 2152 2193 tenebras.
2189 2128 2353 2194 Ecce,
2391 2127 2448 2180 in
2481 2141 2591 2180 una
2631 2124 2814 2179 anima
2852 2123 3116 2193 pudicitia
3154 2131 3205 2176 et
3234 2126 3448 2176 scorta-

1872 2229 1948 2283 tio
1972 2240 2083 2281 non
2117 2228 2349 2293 possunt
2380 2220 2567 2282 cerni;
2598 2216 2728 2286 quia
2759 2214 2875 2269 sola
2902 2210 3187 2282 pudicitia,
3211 2210 3256 2265 si
3284 2223 3451 2279 appa-

1870 2319 2064 2383 ruerit,
2108 2316 2260 2384 fugat
2295 2318 2349 2367 ct
2378 2309 2635 2365 amandat
2681 2306 3091 2362 scortationem.
3137 2302 3294 2365 Ecce,
3334 2301 3449 2371 pie-

1872 2421 1955 2467 tas
1984 2420 2037 2465 et
2057 2408 2308 2477 impietas
2349 2405 2405 2457 in
2436 2401 2655 2456 homine
2681 2414 2788 2451 uno
2822 2412 3102 2467 nunquam
3132 2402 3322 2461 erunt;
3357 2393 3448 2446 ubi

1872 2502 2015 2557 enim
2050 2499 2227 2569 pietas
2255 2493 2523 2555 cernitur,
2557 2505 2733 2559 neque
2764 2488 2911 2543 stilla
2943 2485 3239 2555 impietatis
3278 2497 3448 2554 appa-

1875 2592 2034 2647 rebit.
2084 2588 2387 2644 Confirmat
2428 2591 2609 2637 autem
2659 2579 2978 2650 Apostolus,
3017 2587 3070 2631 et
3106 2576 3288 2646 signat
3326 2589 3447 2644 qua:

1873 2685 2019 2739 dicta
2055 2689 2183 2737 sunt
2217 2700 2231 2735 :
2263 2678 2415 2744 Quae,
2448 2676 2648 2745 inquit,
2682 2673 2904 2727 societas
2933 2671 3035 2724 luci
3072 2668 3139 2722 ad
3169 2666 3452 2722 tenebras?

1875 2774 2009 2841 Qua:
2055 2786 2181 2840 pars
2222 2767 2436 2824 Christo
2489 2781 2608 2820 cum
2651 2762 2924 2817 Belial”?
2965 2760 3095 2827 Quae
3135 2762 3280 2814 enim
3321 2767 3449 2816 sunt

1874 2865 1978 2920 sibi
2017 2860 2333 2923 contraria,
2391 2871 2501 2911 non
2549 2861 2783 2925 possunt
2828 2867 2950 2907 esse
2989 2849 3092 2905 sibi
3140 2850 3353 2914 amica;
3398 2855 3453 2903 et

1873 2969 2020 3009 unus
2060 2956 2363 3008 concentus
2414 2962 2526 3001 non
2580 2944 2779 3016 poterit
2828 2940 3029 3003 facere,
3064 2947 3125 2994 ut
3175 2955 3295 3009 qua.-
3326 2949 3455 2993 sunt

1875 3045 2042 3100 unius
2076 3050 2377 3097 concentus
2424 3037 2737 3105 discrepent
2773 3053 2785 3087 :
2823 3047 2925 3086 nec
2951 3032 3097 3085 enim
3151 3046 3219 3084 ex
3262 3045 3455 3085 mune-

1875 3152 2002 3192 I‘OSO
2053 3143 2108 3190 et
2152 3148 2264 3188 non
2316 3143 2613 3184 numeroso
2691 3141 2835 3180 unus
2883 3132 3204 3187 ροηοεηιυε,
3247 3131 3301 3177 et
3347 3137 3454 3176 una

1874 3226 2176 3283 modulatio
2237 3222 2507 3284 eﬁicitur,
2556 3233 2656 3273 nec
2693 3234 2760 3272 ex
2810 3218 3031 3273 silentio
3079 3225 3134 3271 et
3181 3217 3456 3271 locutione

198 3306 265 3398 σεδ
298 3306 455 3415 σῶμα
484 3338 553 3414 ἦν
602 3306 698 3395 τοῦ
719 3306 979 3411 πονηροῦ,
1001 3339 1096 3392 καὶ
1114 3339 1147 3408 ὴ
1166 3314 1319 3406 ὶψυχὴ
1467 3329 1624 3394 Θεοῦ,
1658 3329 1770 3391 πῶς

1879 3335 1992 3374 una
2029 3314 2360 3385 compositio
2387 3312 2466 3366 fit.
2521 3309 2701 3365 Unum
2734 3309 2878 3364 enim
2921 3310 3096 3363 solum
3131 3323 3252 3362 esse
3292 3323 3455 3376 opor-

199 3439 285 3500 εἰς
315 3435 442 3506 μίαν
456 3434 720 3507 ἁρμονίαν
741 3433 833 3486 τοῦ
856 3429 1139 3502 ἀνθρώπου
1165 3426 1518 3489 ἀποδέδοται;
1546 3420 1663 3486 πῶς
1695 3421 1776 3484 εἰς

203 3528 335 3600 μίαν
392 3526 629 3581 διάθεσιν
677 3526 769 3579 καὶ
797 3523 1010 3595 φιλίαν;
1052 3521 1182 3575 Ἰδοὺ
1213 3519 1322 3591 γὰρ
1339 3518 1647 3590 ἥρμοσται,
1679 3512 1774 3567 καὶ

198 3622 422 3690 γέγονεν
479 3614 559 3683 εἷς
610 3617 892 3691 ἄνθρωπος
915 3633 929 3647 ·
979 3617 1073 3669 καὶ
1112 3617 1178 3686 τῇ
1230 3611 1466 3684 ἁρμονίᾳ.
1493 3608 1640 3662 ἐστὶν
1670 3603 1769 3671 εἷς.

216 3712 354 3765 Ἰδοὺ
386 3713 419 3782 ἡ
444 3711 588 3781 ψυχή
619 3707 846 3763 ἑστιτοῦ
883 3706 1150 3779 σώματος,
1193 3706 1288 3759 καὶ
1315 3703 1460 3772 φιλεῖ
1492 3702 1586 3756 καὶ
1610 3700 1771 3771 στέρ-

200 3818 311 3871 γει·
336 3801 664 3872 Οὐδεὶςγάρ
689 3817 831 3854 ποτε
849 3800 964 3867 τὴν
987 3797 1202 3853 ἑαυτοῦ
1230 3795 1425 3864 σάρκα
1439 3793 1734 3863 ἐμίσησεν
1752 3807 1767 3822 ·

196 3894 338 3950 ἀλλ’
366 3892 634 3963 ἐκτρέφει
664 3892 763 3946 καὶ
782 3889 993 3946 θάλπει
1014 3888 1224 3958 αὐτήν.
1254 3888 1317 3941 Εἰ
1335 3886 1390 3938 δὲ
1405 3885 1468 3956 δὴ
1486 3883 1566 3955 τῷ
1599 3882 1770 3953 ἑτέρῳ

202 3985 356 4056 μέλει
382 3985 510 4057 περὶ
534 3984 630 4039 τοῦ
679 3985 886 4057 ἑτέρου,
912 3983 1005 4035 καὶ
1030 3983 1128 4053 τὴν
1166 3979 1431 4051 ἀλγηδόνα
1458 3977 1552 4031 τοῦ
1586 3974 1772 4046 σῶμα⁸

198 4093 314 4142 τος,
348 4076 483 4132 ίδίαν
526 4076 795 4147 ἀλγηδόνα
823 4077 1039 4146 ἡγεῖται
1065 4074 1099 4143 ἡ
1125 4072 1305 4143 ψυχή·
1339 4070 1433 4124 καὶ
1459 4069 1520 4123 οὐ
1552 4068 1771 4136 διαιρεῖ-

197 4185 293 4222 ται
322 4167 432 4221 τῶν
477 4168 832 4239 παθημάτων,
872 4165 987 4221 ἀλλ’
1016 4163 1308 4218 οἰκειοῦται
1337 4162 1474 4233 πρὸς
1514 4159 1582 4214 τὰ
1606 4157 1771 4231 τραύ-

202 4279 370 4334 ματα,
392 4261 681 4316 οἰκειοῦται
705 4258 920 4332 πρὸςτὰ
940 4257 1257 4329 παθήματα·
1282 4256 1375 4308 καὶ
1389 4254 1476 4317 ὅτε
1499 4252 1596 4324 μὲν
1615 4252 1770 4320 ἀλγεῖ

197 4355 528 4428 τραυμάτων
598 4354 782 4408 ἕνεκεν
800 4393 815 4419 ,
875 4353 1089 4409 ἀνιᾶται
1113 4389 1128 4414 ,
1186 4346 1453 4403 ἀνώδυνον
1500 4341 1638 4407 εἶναι
1695 4342 1769 4414 μὴ

196 4444 502 4516 δυναμένη·
537 4444 625 4497 ὅτε
650 4443 706 4496 δὲ
734 4440 1013 4512 ήδυπαθεῑ,
1042 4439 1135 4493 καὶ
1174 4437 1277 4490 ὑπὸ
1299 4436 1397 4506 τῆς
1425 4434 1618 4505 ἡδονῆς
1649 4435 1771 4503 ἐρε-

200 4538 434 4603 θίζεται,
492 4535 704 4608 μετέχει
754 4533 862 4588 τῶν
916 4532 1228 4602 κινημάτων
1264 4528 1359 4582 καὶ
1396 4530 1429 4598 ἡ
1474 4526 1640 4597 ψυχὴ,
1675 4525 1769 4578 καὶ

201 4626 604 4697 συνεφάπτεται
625 4625 731 4679 τῶν
763 4621 1091 4695 ἐρεθισμῶν·
1124 4619 1219 4673 καὶ
1248 4617 1401 4689 λήγει
1428 4617 1524 4689 μὲν
1547 4614 1767 4686 ὁμοίως,

197 4719 468 4791 λαμϐάνει
526 4717 582 4770 δὲ
629 4716 864 4770 ἐπίδοσιν
889 4712 1165 4775 ὡσαύτως.
1207 4709 1317 4762 Καὶ
1362 4707 1635 4779 ληγούσης
1680 4705 1777 4776 μὲν

196 4812 379 4883 ψυχῆς
399 4810 508 4864 ἀπὸ
536 4808 643 4862 τῶν
678 4806 990 4877 κινημάτων
1022 4802 1131 4856 τῶν
1150 4800 1357 4865 παθῶν,
1392 4799 1648 4870 συλλήγει
1686 4799 1778 4850 καὶ

197 4903 262 4957 τὸ
315 4899 494 4971 σῶμα,
547 4900 640 4953 καὶ
682 4894 1078 4966 καθησυχάζει·
1133 4888 1553 4961 ἐπιτριϐομένης
1584 4887 1642 4941 δὲ
1679 4887 1778 4957 τῆς

198 4991 496 5062 ἐπιθυμίας
540 4989 597 5041 ἐν
737 4986 880 5057 ψυχῇ
916 4983 1142 5038 καὶτῶν
1169 4979 1471 5053 ἐρεθισμῶν
1500 4976 1777 5045 ἐπιτριϐο-

203 5085 402 5155 μένων,
436 5080 616 5153 ἡδύνει
677 5081 771 5134 καὶ
817 5080 878 5132 τὸ
932 5078 1112 5148 σῶμα,
1148 5075 1245 5129 καὶ
1283 5072 1645 5143 φλεγμαίνει·
1684 5070 1778 5123 καὶ

197 5177 474 5245 γίγνονται
505 5174 632 5237 ἴσως
667 5172 763 5244 μὲν
821 5172 871 5224 οἱ
922 5169 1218 5242 ἑρεθισμοὶ,
1261 5167 1388 5230 ἴσως
1425 5165 1484 5220 δὲ
1527 5165 1622 5218 καὶ
1664 5162 1774 5215 τῶν

199 5266 575 5340 ἐρεθισμάτων
612 5267 668 5319 αἱ
718 5262 1004 5326 ἀποθέσεις
1053 5263 1147 5315 καὶ
1190 5259 1478 5330 ἐκλείψεις.
1515 5258 1577 5310 El
1620 5256 1679 5310 δὲ
1715 5255 1777 5321 ἐξ

200 5359 460 5415 ἐναντίων
484 5354 573 5430 ἦν,
603 5360 697 5412 καὶ
743 5358 804 5411 τὸ
830 5357 928 5428 μὲν
959 5355 1117 5426 σῶμα
1146 5354 1241 5410 τοῦ
1271 5352 1506 5424 πονηροῦ
1536 5348 1626 5424 ἦν,
1658 5353 1694 5423 ἡ
1719 5350 1777 5404 δὲ

200 5450 347 5522 ψυχὴ
393 5451 488 5504 τοῦ
547 5451 711 5504 Θεοῦ·
748 5450 962 5522 πρῶτον
993 5451 1092 5522 μὲν
1117 5448 1217 5502 οὐκ
1269 5446 1335 5501 ἂν
1377 5446 1619 5515 ἐγεγόνει
1656 5444 1779 5498 σύν-

198 5544 340 5611 οδος,
370 5542 494 5599 οὔτε
521 5544 657 5616 αὐτὴ
686 5545 719 5616 ἡ
751 5542 937 5615 μακρὰ
962 5542 1153 5614 κρᾶσις
1169 5538 1471 5592 ἐπετελεῖτο
1489 5554 1504 5568 ·
1529 5537 1779 5609 δεύτερον

271 5723 321 5758 ’⁸
361 5721 401 5777 ιι
434 5720 559 5780 Cor.
603 5738 690 5788 v1,
728 5721 829 5788 ιι,
868 5721 954 5776 15.
1032 5723 1048 5753 ι
1090 5717 1292 5791 Ephes.
1327 5732 1382 5784 v,
1420 5715 1507 5771 i9.

1874 3419 1969 3475 tet,
2001 3411 2177 3464 altero
2206 3405 2446 3469 sublato,
2484 3401 2632 3472 quod
2669 3416 2777 3455 non
2815 3400 3020 3470 patitur
3060 3407 3117 3451 ut
3164 3399 3327 3453 simul
3358 3398 3451 3451 sit.

1876 3501 1934 3556 Si
1960 3509 2143 3556 autem
2169 3512 2371 3569 corpus
2394 3506 2544 3552 esset
2586 3494 2812 3558 diaboli,
2843 3503 2897 3548 et
2928 3492 3108 3546 anima
3142 3490 3271 3556 Dei;
3314 3507 3453 3560 quo-

1873 3596 2038 3651 modo
2068 3609 2212 3649 unus
2247 3600 2549 3646 concentus
2582 3587 2820 3642 hominis
2848 3600 2914 3639 ex
2950 3585 3031 3639 eis
3067 3581 3337 3637 conflatus
3364 3599 3455 3640 es-

1873 3687 2279 3759 set?quomodo
2309 3700 2416 3740 una
2444 3681 2681 3738 amicitia
2708 3690 2761 3735 et
2780 3679 3017 3735 affectio?
3040 3677 3139 3739 En,
3165 3684 3383 3750 aptatus
3399 3684 3455 3729 et

1872 3784 2050 3838 factus
2084 3788 2326 3855 estunus
2354 3778 2518 3832 homo
2544 3815 2559 3841 ,
2606 3784 2659 3831 et
2680 3779 2949 3829 concentu
2978 3787 3042 3825 ac
3071 3767 3455 3824 convenientia

1871 3891 2014 3932 unus
2029 3881 2132 3930 est.
2159 3872 2299 3927 Ecce
2324 3870 2505 3925 anima
2523 3868 2775 3937 copulata
2801 3873 3021 3919 estcum
3042 3876 3291 3932 corpore,
3316 3867 3371 3914 et
3389 3859 3455 3913 il-

1870 3968 1963 4023 lud
1990 3974 2136 4021 amat
2156 3972 2210 4020 et
2233 3962 2518 4017 aiiectione
2539 3957 2921 4029 complectitur
2944 3976 2957 4009 :
3002 3952 3172 4009 Nemo
3194 3953 3333 4007 enim
3352 3966 3454 4005 un-

1870 4074 2027 4130 quam
2037 4072 2248 4110 carnem
2262 4070 2411 4110 suam
2434 4052 2552 4107 odio
2564 4049 2862 4113 habuit,sed
2876 4048 3044 4102 nutrit
3058 4056 3106 4101 et
3123 4046 3259 4117 fovet
3274 4061 3391 4099 eam
3410 4043 3452 4096 ¹.

1872 4150 2121 4205 Siautem
2140 4149 2367 4204 alterum
2385 4145 2608 4200 alterius
2620 4157 2805 4197 curam
2822 4141 3064 4203 habet,et
3077 4140 3316 4194 dolorem
3335 4151 3452 4191 cor—

1867 4242 2018 4313 poris
2040 4256 2198 4297 suum
2220 4239 2368 4295 ducit
2389 4238 2649 4302 anima;et
2674 4251 2781 4289 non
2808 4222 3142 4303 disiungitur
3158 4229 3456 4284 πηοειὶοηί-

1867 4337 1993 4403 bus,
2006 4334 2098 4391 sed
2112 4333 2357 4403 adjungit
2374 4347 2433 4388 se
2445 4332 2512 4386 ad
2528 4332 2773 4395 vulnera,
2790 4326 3036 4398 adiungit
3051 4341 3110 4382 se
3131 4323 3198 4378 ad
3219 4321 3455 4378 aﬂ‘ectio-

1869 4436 2049 4493 nes;et
2065 4441 2189 4480 cum
2206 4439 2405 4493 corpus
2427 4417 2573 4477 d'olet
2593 4428 2813 4493 pr0pter
2826 4417 3132 4480 vulnera,in
3155 4412 3371 4469 tristitia
3398 4417 3452 4465 et

1870 4520 2119 4575 molestia
2136 4525 2221 4573 est
2246 4517 2446 4577 anima,
2466 4529 2588 4585 quae
2609 4528 2716 4567 non
2743 4518 2921 4580 potest
2939 4523 3063 4565 esse
3084 4521 3279 4576 expers
3306 4502 3455 4558 dolo—

1877 4613 1978 4668 ris.
1999 4613 2135 4668 Cum
2157 4624 2286 4665 vero
2313 4610 2638 4676 voluptatem
2662 4600 2914 4673 percipit,
2939 4606 2994 4654 et
3025 4612 3057 4650 a
3083 4597 3357 4666 voluptate
3389 4595 3451 4648 ti-

1882 4707 2123 4770 tillatur;
2175 4704 2358 4758 anima
2403 4702 2565 4756 etiam
2605 4708 2787 4752 m0tus
2833 4691 3083 4762 corporis
3140 4688 3450 4759 participat,

1878 4806 1934 4852 et
1964 4796 2309 4851 titillationes
2343 4794 2507 4848 simul
2546 4789 2765 4859 attingit
2802 4807 2815 4843 ε
2853 4802 2917 4842 ac
2948 4783 3203 4840 similiter
3229 4780 3449 4852 quidem

1879 4886 2102 4949 desinit,
2138 4885 2339 4953 accipit
2379 4898 2510 4938 vero
2551 4880 2801 4937 similiter
2834 4879 3256 4932 incrementum.
3314 4869 3452 4926 Cum

1880 4982 2083 5043 anima,
2125 4979 2383 5049 inquam,
2425 4975 2625 5031 desinit
2666 4968 3170 5044 perturbationibus
3222 4961 3450 5025 moveri,

1879 5072 2042 5127 simul
2068 5071 2270 5126 desinit
2299 5080 2523 5139 corpus,
2553 5075 2608 5123 et
2642 5063 3007 5136 conquiescit.
3038 5060 3177 5115 Cum
3203 5072 3332 5113 vero
3361 5070 3454 5109 cu-

1872 5163 2075 5235 piditas
2109 5165 2163 5218 in
2196 5164 2377 5218 anima
2400 5169 2731 5225 remoratur,
2768 5155 3169 5213 titillationibus
3197 5154 3361 5207 etiam
3393 5150 3451 5203 in

1876 5272 2108 5328 corpore
2148 5256 2463 5320 remoratis,
2519 5268 2721 5324 corpus
2760 5251 3030 5307 suavitate
3065 5243 3361 5317 perfundit,
3397 5248 3453 5295 et

1873 5352 2197 5418 inflammat;
2217 5353 2464 5421 fiuntque
2486 5349 2757 5420 aequalite.
2801 5341 3166 5404 titillationes,
3193 5347 3247 5393 et
3266 5350 3454 5407 aequa-

1879 5445 2004 5501 liter
2038 5444 2411 5499 titillationum
2441 5441 2773 5512 abjectiones
2792 5446 2847 5492 et
2875 5434 3230 5490 defectiones.
3266 5428 3325 5483 Si
3353 5441 3453 5483 an-

1879 5544 1990 5595 tem
2022 5553 2088 5593 ex
2129 5535 2425 5593 contrariis
2467 5540 2616 5591 esset
2660 5531 2846 5596 homo,
2889 5543 2953 5582 ac
2991 5538 3194 5597 corpus
3227 5521 3450 5593 quidem
