3824 6140
342 253 476 309 ιειδι
1442 238 1581 297 rm
1619 236 2049 298 nosrnausrs
2084 206 2399 295 msCom
3449 220 3615 280 isse

336 368 541 426 diaboli
567 376 732 435 esset,
753 366 937 422 anima
961 379 1091 421 vero
1120 362 1216 419 Dei
1245 380 1258 417 :
1292 360 1527 433 primum
1553 358 1775 432 quidem
1796 375 1905 439 non

2033 359 2063 413 ἐ
2085 360 2148 412 τὸ
2177 357 2364 429 ἕτερον
2390 353 2461 408 τά
2499 350 2592 406 τοῦ
2614 348 2802 422 ἐτέρου
2829 348 2930 402 οὐκ
2972 345 3041 401 ιὶν
3068 343 3396 416 παρεδέχετο
3421 359 3450 439 ’-
3470 340 3613 439 in:

338 461 485 517 facta
541 434 737 516 fuisset
770 456 1086 528 conjunctio
1129 453 1441 524 utriusque,
1489 466 1590 506 nec
1618 453 1735 521 ipsa
1781 434 1910 504 diu-

2033 451 2268 523 :xdrrepov
2318 450 2425 503 ἴδια
2479 446 2577 519 μὲν
2633 442 2703 496 τὰ
2731 440 2949 506 ἑαυτοῦ,
2987 438 3244 511 ἀλλότρια
3280 437 3341 492 δὲ
3392 434 3466 491 τὰ
3491 434 3610 489 τοῦ

338 562 503 608 turna
535 553 721 607 mistio
761 549 1134 621 perficeretur.
1181 544 1462 606 Secundo,
1497 541 1747 612 quamvis
1774 541 1912 595 alte-

2033 544 2197 614 ιτέρου
2249 538 2522 609 ἐλογίζετο
2542 554 2555 566 ·
2592 534 2690 590 καὶ
2721 533 2844 588 οὔτε
2888 535 2924 604 ἠ
2965 530 3124 603 ἡδονὴ
3180 528 3289 585 τῶν
3316 528 3610 621 σωμάτων

338 660 461 700 rum
487 644 556 699 ab
583 620 1134 711 alteroireciperetur,
1163 644 1217 692 et
1240 643 1533 704 utrumque
1560 645 1761 697 tamen,
1792 646 1914 702 quae

2033 635 2172 707 ιδονὴ
2199 634 2374 705 ψυχῆς
2409 631 2675 701 ἐγίγνετο,
2707 625 2831 682 οὔτε
2858 625 2927 680 τὰ
2948 624 3237 697 τραύματα
3269 622 3377 676 τῶν
3405 620 3610 693 σωμά-

342 749 443 791 sua
484 740 693 798 essent,
738 731 960 803 propria
1006 739 1060 785 et
1095 728 1307 798 privata
1340 726 1607 791 duceret;
1634 739 1755 795 qua:
1785 736 1914 779 vero

2033 745 2118 780 των
2150 725 2438 797 ἀλγηδόνες
2464 723 2644 794 ψυχῆς
2678 721 2953 790 ἐγίγνοντο
2975 733 2989 746 ·
3026 717 3140 771 ἀλλ’
3165 716 3438 788 ηέκάτερον
3465 713 3608 768 καθ’

339 826 586 889 alterius,
625 824 802 878 aliena
833 841 847 877 :
883 830 939 877 et
976 835 1154 890 neque
1181 819 1429 888 voluptas
1470 816 1743 887 corporis,
1789 814 1912 870 ani-

2033 817 2190 883 ;αυτὸ,
2211 819 2303 872 καὶ
2328 817 2428 890 τὴν
2457 815 2648 887 ἡδονὴν
2678 811 2874 883 ἐαυτῷ,
2906 811 2999 865 καὶ
3030 810 3100 864 τά
3135 808 3428 882 τραύματα
3463 809 3611 878 ἐμέο

339 933 444 973 ma:
469 917 721 986 voluptas
771 914 961 979 fieret;
994 925 1175 982 neque
1214 910 1442 966 vulnera
1484 908 1733 978 corporis
1761 906 1916 962 dolo-

2033 909 2213 975 ιίζετο.
2268 908 2393 972 Πῶς
2419 907 2477 961 δὲ
2510 906 2604 960 καὶ
2648 908 2677 959 6
2703 903 2947 966 διάϐολος
2988 902 3175 972 ἴσχυσε
3230 900 3293 954 τὸ
3340 898 3416 971 μὴ
3460 897 3610 951 ῐδιον

339 1026 431 1067 res
471 1010 668 1065 animae
699 1015 915 1072 essent;
963 1007 1058 1063 sed
1106 1014 1399 1076 utrumque
1432 1018 1530 1074 per
1568 1018 1628 1058 se
1670 1001 1917 1071 volupta-

2033 1002 2222 1054 ικεϊθεν
2259 999 2482 1065 λαϐεῖν;
2512 998 2628 1062 πῶς
2652 997 2710 1050 δέ
2738 996 2831 1050 καὶ
2854 997 2887 1066 ἡ
2914 994 3060 1065 ψυχὴ
3091 994 3166 1064 μὴ
3205 992 3398 1046 τούτου
3430 986 3608 1055 οὖσα,

343 1111 474 1168 tem,
509 1112 563 1157 et
602 1101 847 1156 dolorem
885 1099 993 1156 sibi
1032 1099 1356 1170 impertiret.
1400 1094 1688 1161 Quomodo
1732 1102 1914 1149 autem

2033 1092 2148 1147 ιλλὰ
2189 1090 2351 1146 ἄλλον
2405 1086 2559 1156 οὖσα,
2606 1090 2700 1144 καὶ
2746 1087 3015 1160 μηδεμίαν
3075 1085 3352 1158 ἐπιμιξίαν
3393 1084 3613 1155 ἔχουσα

342 1191 593 1247 diabolus
639 1190 810 1255 illinc,
852 1191 999 1260 quod
1042 1202 1204 1244 suum
1238 1201 1348 1241 non
1378 1193 1519 1249 erat,
1564 1197 1783 1239 sumere
1815 1197 1914 1251 po-

2033 1185 2150 1256 τρὸς
2192 1183 2253 1236 τὸ
2309 1183 2506 1255 χωρίον
2551 1182 2730 1245 τοῦτο,
2761 1182 2876 1237 ἀλλ’
2896 1177 3031 1236 οὖσα
3063 1181 3253 1252 ἐτέρας
3284 1178 3474 1242 οὐσίας
3494 1176 3611 1231 καὶ

344 1285 488 1340 tuit?
517 1283 788 1356 quomodo
817 1283 1018 1346 anima,
1053 1295 1175 1351 quae
1212 1294 1322 1334 non
1357 1289 1444 1333 est
1475 1276 1661 1347 hujus,
1691 1274 1787 1331 sed
1830 1275 1916 1328 al-

2033 1276 2190 1346 πάντη
2247 1273 2684 1346 ὴλλοτριωμένης
2718 1274 2820 1344 τῆς
2863 1274 3047 1337 οὐσίας
3089 1270 3184 1326 τοῦ
3236 1268 3499 1341 πονηροῦ,
3540 1268 3611 1321 ἐν

341 1379 536 1441 terius,
582 1383 639 1431 et
668 1374 876 1430 nullam
914 1370 1299 1426 admistionem
1333 1369 1452 1438 ejus
1489 1367 1676 1433 habet,
1708 1366 1805 1421 sed
1833 1374 1917 1421 est

2033 1373 2127 1433 [οἷς
2152 1366 2453 1440 ἀλλοτρίοις
2485 1368 2602 1421 ἐστὶ
2628 1367 2723 1421 καὶ
2752 1367 2955 1433 ξένοις;
2981 1366 3075 1421 καὶ
3100 1365 3198 1437 τὴν
3219 1362 3313 1418 τοῦ
3339 1361 3610 1433 σώματος

341 1468 570 1525 alterius
595 1466 935 1531 substantiae,
963 1470 1017 1520 et
1045 1461 1363 1519 substantiae
1392 1459 1618 1514 omnino
1642 1473 1673 1512 a
1698 1458 1917 1513 diabolo

2033 1457 2293 1529 ιπιμιξίαν
2325 1456 2477 1531 φέρει
2524 1456 2722 1529 δεσμὸν
2751 1455 3009 1528 πονηροῦ,
3045 1456 3141 1510 καὶ
3169 1454 3373 1508 δέδεται
3401 1452 3507 1505 οὐκ.
3538 1452 3607 1503 ἐν

341 1560 564 1625 alienae;
618 1557 912 1629 quomodo,
963 1555 1205 1625 inquam,
1241 1552 1298 1606 in
1348 1550 1543 1605 alienis
1568 1555 1623 1604 et
1672 1548 1916 1604 externis

2033 1550 2167 1621 .δίῳ;
2197 1549 2291 1602 καὶ
2343 1549 2675 1602 ίδιοποιεῖται
2713 1548 2812 1620 τὴν
2850 1550 3050 1620 σάρκα,
3096 1547 3193 1601 καὶ
3231 1545 3391 1614 ἁγίαν
3417 1544 3607 1615 αὐτὴν

342 1650 469 1705 est?
511 1655 567 1704 et
619 1646 1001 1702 admistiouem
1061 1640 1313 1712 corporis
1377 1638 1582 1694 diaboli
1652 1644 1914 1706 tanquam

2033 1644 2178 1709 misi,
2212 1643 2305 1694 καὶ
2337 1640 2471 1712 πρὸς
2492 1640 2690 1713 ἀρετὴν
2714 1640 2882 1712 αὐτὴν
2899 1636 3325 1711 παρασκευάζει,
3354 1636 3432 1699 ὼς
3480 1637 3605 1704 ἀφ·-

340 1741 624 1798 vineulum
666 1739 870 1809 patitur
915 1744 970 1791 et
1011 1735 1229 1797 tolerat,
1280 1740 1335 1788 et
1368 1732 1531 1802 ligata
1578 1737 1662 1785 est
1716 1730 1773 1784 in
1804 1744 1915 1783 non

2033 1732 2333 1805 ιμοιοῢσθαι
2366 1732 2504 1786 κατά
2533 1712 2594 1786 σὺ
2624 1732 2844 1788 δυνατὸν
2876 1730 2956 1803 τῷ
2986 1731 3252 1802 κρείττονι
3274 1746 3289 1788 ;
3315 1730 3444 1783 ὅταν
3478 1726 3607 1799 γὰρ

342 1832 490 1888 suo?
540 1826 812 1900 quomodo
863 1839 1085 1881 carnem
1130 1821 1405 1894 prepriam
1459 1834 1582 1875 esse
1628 1818 1799 1884 ducit,
1858 1822 1915 1872 et

2033 1825 2181 1896 ἰγνὺν
2287 1825 2383 1879 καὶ
2406 1826 2723 1898 ἁῤῥύπαρον
2752 1826 2846 1879 καὶ
2871 1823 3199 1897 άκηλίδωτον
3219 1861 3237 1889 ,
3268 1823 3397 1874 ὅταν
3434 1819 3603 1888 ἅγιον

343 1932 588 1983 sanctam
630 1922 762 1976 facit
788 1930 951 1990 atque
974 1932 1093 1974 eam
1128 1916 1197 1971 ad
1228 1915 1485 1969 virtutem
1523 1919 1814 1982 praeparat,
1857 1917 1916 1965 ut

2033 1913 2051 1990 ἦ
2086 1916 2179 1970 καὶ
2200 1916 2417 1987 σεμνὸν,
2445 1916 2570 1970 ὃταν
2597 1916 2758 1985 ἁγίας
2776 1915 2876 1990 ἔχῃ
2900 1916 3001 1980 τάς
3016 1914 3221 1981 λαλιὰς,
3241 1916 3369 1968 ὅταν
3406 1910 3604 1979 δεξιὰς

343 2016 526 2090 quoad
579 2015 698 2070 fieri
761 2017 963 2084 potest,
1023 2009 1260 2065 similem
1311 2005 1425 2061 Deo
1483 2003 1716 2060 elliciat?
1777 2001 1915 2057 Cum

2033 2006 2116 2081 ἔχῃ
2166 2007 2265 2072 τὰς
2295 2007 2526 2078 βλέψεις,
2582 2009 2711 2062 ὅταν
2746 2008 2895 2072 θείας
2946 2008 3047 2081 ἔχῃ
3088 2011 3186 2071 τὰς
3228 2007 3494 2077 κινήσεις·
3537 2004 3607 2058 τί

343 2110 491 2167 enim
527 2121 727 2177 corpus
760 2111 973 2160 castum
999 2109 1106 2165 est,
1138 2107 1192 2154 et
1222 2113 1333 2154 non
1363 2095 1701 2156 sordidatum
1737 2108 1916 2164 neque

2033 2099 2223 2170 ἕτερον,
2253 2101 2286 2171 ἢ
2314 2099 2707 2171 ἀφομοιοῦσθαι
2744 2099 2833 2171 τῷ
2868 2100 3180 2170 κρείττονι;
3234 2099 3329 2153 καὶ
3372 2097 3611 2162 ἐξεικάο

342 2199 725 2263 maculatum;
765 2210 891 2250 cum
931 2202 1182 2248 sanctum
1228 2197 1315 2246 est
1359 2195 1414 2244 et
1446 2187 1760 2253 honestum,
1787 2199 1914 2239 cum

2033 2192 2165 2257 ξεται
2193 2192 2272 2264 τῷ
2303 2193 2473 2265 καλῷ,
2502 2194 2595 2247 καὶ
2646 2194 2908 2266 ἀναφέρει
2942 2195 3263 2268 χαρακτῆρα
3292 2193 3386 2247 τοῦ
3417 2192 3608 2264 κρείτ-

344 2305 526 2348 sermo
550 2289 669 2360 ejus
698 2296 924 2345 sanctus
948 2293 1004 2341 et
1035 2291 1239 2348 rectus,
1269 2295 1395 2336 cum
1429 2287 1683 2346 aspectus
1700 2277 1908 2348 justus,

2033 2300 2167 2349 τονος
2189 2284 2297 2356 (65)
2321 2301 2338 2351 ;
2373 2286 2484 2338 Kal.
2511 2285 2683 2340 ταῦτα
2710 2285 2809 2356 μὲν
2839 2285 3016 2350 οὕτως
3048 2285 3307 2357 εἰρήσθω.
3336 2312 3341 2317 ·

342 2399 470 2440 cum
513 2391 694 2439 motus
744 2381 865 2454 ejus
909 2378 1083 2436 divini
1115 2384 1247 2435 sunt
1274 2397 1288 2433 :
1319 2377 1453 2448 quid
1496 2373 1645 2430 aliud
1687 2380 1773 2429 est
1819 2372 1923 2428 hoc
1962 2392 2127 2447 quam
2184 2380 2416 2437 similem
2472 2397 2598 2438 esse
2642 2380 2799 2438 Deo?
2839 2382 2918 2438 Ac
2962 2382 3033 2438 de
3074 2382 3159 2438 his
3214 2381 3436 2454 quidem
3478 2380 3607 2435 hrc

343 2479 491 2535 dicta
517 2479 647 2534 sint.

864 2591 995 2648 CAP.
1030 2590 1219 2646 XVIII.
1249 2590 1539 2661 Scriptura:
1574 2595 1876 2649 testimonia
1911 2595 1975 2648 de
2008 2591 2274 2646 creatione
2307 2591 2541 2661 corporis
2578 2598 2628 2644 et
2664 2591 2856 2645 anima:
2881 2607 2914 2645 a
2941 2589 3072 2648 Deo.

416 2710 597 2766 Pauca
640 2718 821 2765 autem
867 2725 935 2765 ex
960 2707 1263 2781 Scripturis
1310 2724 1671 2781 apponamus,
1716 2719 1777 2767 ut
1821 2728 1919 2784 ap-

2109 2709 2298 2778 Ὀλίγα
2329 2709 2387 2762 δὲ
2425 2709 2520 2762 καὶ
2563 2708 2671 2764 τῶν
2708 2708 2905 2778 λογίων
2946 2708 3343 2781 παραθώμεθα,
3385 2710 3475 2765 ἴνα
3506 2714 3609 2767 καὶ

345 2801 548 2875 positio
597 2799 1011 2870 Scripturarum
1065 2801 1192 2855 illos
1244 2800 1314 2854 ad
1360 2801 1800 2857 erubescendum
1859 2818 1921 2859 se

2033 2804 2058 2874 ἡ
2097 2801 2206 2856 τῶν
2255 2800 2450 2870 λογίων
2505 2800 2809 2873 παράθεσις
2868 2802 3135 2874 ἐντροπὴν
3193 2803 3292 2874 μὲν
3346 2804 3607 2870 ἐκείνοις,

346 2893 555 2966 adigat,
586 2900 641 2947 et
665 2892 825 2948 nobis
851 2892 1012 2947 ﬁdem
1052 2891 1313 2961 majorem
1344 2894 1622 2949 conciliet.
1666 2892 1921 2951 Salvator

2033 2894 2157 2964 ἡμῖν
2195 2892 2251 2946 δὲ
2285 2892 2519 2956 πίστεως
2568 2892 2851 2964 ἀκρίϐειαν
2897 2895 3119 2967 ποιήσῃ.
3168 2895 3227 2947 ὐ
3269 2895 3379 2982 γὰρ
3409 2895 3610 2966 Σωτὴρ

347 2983 493 3039 enim
518 2997 644 3037 cum
677 2983 733 3036 in
761 2980 1060 3051 Evangelia
1091 2983 1158 3035 de
1193 2974 1524 3037 formatione
1549 2982 1655 3038 viri
1694 2990 1750 3038 et
1795 2998 1919 3037 mu-

347 3074 503 3131 lieris
547 3074 816 3139 meminit,
865 3074 1253 3128 formationem
1302 3074 1372 3129 ad
1409 3073 1633 3131 Patrem
1678 3093 1837 3133 suum
1869 3084 1924 3131 et

349 3168 692 3224 conditorem
724 3166 973 3223 universi
1005 3166 1273 3230 referens,
1309 3168 1489 3223 aiebat
1515 3187 1528 3223 :
1558 3168 1663 3235 Qui
1687 3169 1809 3238 fecit
1839 3169 1927 3224 ho-

347 3261 544 3316 minem
591 3260 657 3314 ab
695 3260 869 3325 initio,
914 3259 1211 3313 masculum
1242 3267 1293 3314 et
1336 3259 1588 3329 feminam
1635 3261 1759 3330 fecit
1800 3276 1924 3326 eos;

346 3362 400 3410 et
427 3354 605 3409 dixit:
630 3353 856 3422 Propter
902 3352 1000 3407 hoc
1043 3352 1300 3424 relinquet
1340 3352 1493 3407 homo
1526 3363 1730 3423 patrem
1772 3367 1959 3409 suum'

347 3455 400 3503 αι
433 3455 657 3501 matrem
687 3461 863 3510 suam,
894 3454 945 3499 et
993 3444 1281 3500 adluerebit
1322 3448 1479 3500 uxori
1520 3463 1654 3511 sum,
1685 3457 1734 3501 et
1771 3456 1929 3502 erunt

347 3541 454 3595 duo
476 3541 530 3594 in
562 3555 776 3594 carnem
809 3556 971 3593 unam
994 3556 1011 3594 :
1034 3540 1211 3609 itaque
1231 3539 1352 3608 jam
1381 3557 1486 3593 non
1518 3549 1641 3594 sunt
1684 3539 1812 3605 duo,
1835 3540 1929 3595 sed

347 3646 459 3686 una
479 3647 626 3685 caro.
667 3628 820 3696 Quod
853 3645 975 3700 ergo
1012 3627 1156 3682 Deus
1197 3629 1494 3696 conjunxit,
1531 3628 1684 3682 homo
1711 3645 1817 3683 non
1846 3645 1927 3683 se-

350 3731 500 3791 paret
522 3724 566 3778 ³.
600 3721 762 3775 Novit
795 3720 956 3789 cujus
1008 3728 1157 3775 esset
1185 3734 1388 3790 corpus
1428 3727 1482 3774 et
1522 3718 1681 3789 cujus
1715 3719 1927 3783 anima.

351 3811 665 3868 confitendo
711 3818 992 3866 auctorem
1037 3811 1344 3881 utriusque,
1378 3819 1434 3865 et
1482 3810 1701 3865 Patrem
1750 3810 1929 3865 conﬁ-

352 3905 554 3972 tendo;
585 3910 641 3958 et
675 3904 869 3960 retinet
899 3919 965 3959 ac
994 3904 1214 3959 cohibet
1244 3905 1512 3959 humanas
1546 3903 1928 3974 cogitationes,

354 3995 570 4059 volens,
610 4000 669 4048 ut
718 4009 829 4049 non
879 3994 1096 4065 possint
1133 3993 1375 4065 disjungi
1420 4010 1540 4065 qua:
1582 3994 1729 4049 facta
1763 4002 1930 4062 sunt;

354 4103 468 4142 non
491 4086 820 4151 concedens,
846 4093 906 4140 ut
938 4086 1048 4141 ulla
1074 4087 1313 4141 humana
1343 4087 1614 4142 sententia
1643 4101 1708 4141 ac
1736 4087 1934 4143 volun-

358 4188 490 4243 tate,
535 4193 657 4249 quae
709 4177 849 4233 bene
906 4184 1095 4247 aptata
1142 4187 1293 4240 sunt,
1344 4193 1600 4246 separare
1646 4178 1827 4235 liceat.
1867 4181 1931 4233 ln

353 4270 653 4340 Evangelia
699 4276 883 4324 autem
935 4269 1006 4324 iis
1057 4269 1151 4340 qui
1188 4268 1328 4325 falso
1371 4269 1697 4324 videbantur
1737 4270 1931 4326 eodem

2026 2986 2083 3038 ἐν
2111 2984 2189 3056 τῷ
2240 2984 2559 3056 Εὐαγγελίῳ
2604 2983 2704 3054 τῆς
2747 2984 2996 3049 πλάσεως
3032 2987 3375 3058 μεμνημένος
3406 2987 3610 3060 ἀνδρὸς

2025 3076 2118 3130 καὶ
2170 3076 2457 3145 γυναικὸς,
2517 3078 2612 3130 καὶ
2661 3077 2761 3148 τὴν
2798 3077 2993 3131 πλάσιν
3041 3077 3329 3150 ἀναφέρων
3373 3079 3470 3133 ἐπὶ
3509 3080 3613 3133 τὸν

2026 3168 2218 3221 ἐαυτοῦ
2273 3167 2496 3239 Πατέρα
2550 3169 2646 3223 καὶ
2690 3169 2919 3241 ποιητὴν
2967 3169 3062 3224 τοῦ
3110 3170 3331 3235 παντὸς,
3373 3170 3605 3239 ἔλεγεν·

2037 3261 2101 3314 ’0
2148 3260 2365 3326 κτίσας
2396 3259 2497 3313 ἀπ’
2527 3258 2743 3329 ἀρχῆς,
2783 3259 2970 3329 ἄρσεν
2998 3261 3095 3315 καὶ
3129 3262 3286 3332 θῆλυ
3317 3263 3613 3331 ἐποίησεν

2025 3353 2250 3419 αὐτούς
2274 3370 2288 3383 ο
2336 3352 2435 3406 καὶ
2482 3348 2685 3405 εἶπεν·
2723 3353 2971 3408 Ἕνεκεν
3009 3356 3224 3410 τούτου
3252 3357 3611 3426 καταλείψει

2027 3445 2339 3514 ἄνθρωπος
2389 3444 2497 3498 τὸν
2546 3444 2771 3512 πατέρα
2818 3446 3004 3501 αὐτοῦ
3039 3447 3140 3501 καὶ
3189 3446 3305 3516 τὴν
3334 3447 3569 3517 μητέρα
3592 3465 3609 3481 ·

2030 3538 2130 3592 καὶ
2186 3534 2792 3607 προσκολληθήσεται
2822 3536 2899 3605 τῇ
2953 3539 3188 3607 γυναικὶ
3240 3538 3458 3593 αὑτοῦ·
3504 3541 3610 3594 καὶ

2030 3632 2273 3687 ἔσονται
2289 3635 2341 3685 οἱ
2357 3630 2466 3685 δύο
2486 3633 2575 3697 είς
2600 3629 2797 3699 σάρκα
2814 3630 2982 3701 μίαν.
3007 3633 3067 3684 '0
3095 3627 3210 3687 οὖν
3236 3635 3269 3686 ὀ
3295 3632 3441 3698 Θεὸς
3454 3648 3610 3687 συν-

2030 3722 2290 3789 έζευξεν,
2321 3720 2640 3791 ἅνθρωπος
2661 3719 2747 3791 μὴ
2771 3718 3073 3789 χωριζέτω.
3109 3723 3218 3775 Καὶ
3244 3722 3337 3776 τὸν
3363 3723 3487 3794 ὅρον
3510 3722 3610 3776 τοῦ

2035 3815 2288 3887 σώματος
2320 3814 2415 3868 καὶ
2462 3813 2565 3883 τῆς
2592 3813 2771 3884 ψυχῆς
2813 3814 2984 3866 αἴτιον
3013 3812 3312 3884 ὁμολογῶν,
3351 3809 3483 3878 οἶδε,
3514 3815 3613 3868 καὶ

2035 3908 2254 3979 Πατέρα
2282 3906 2566 3978 ὁμολογεῖ’
2602 3906 2697 3958 καὶ
2742 3904 2928 3975 ἐπέχει
2961 3905 3061 3970 τὰς
3106 3905 3451 3977 ἀνθρωπίνας
3490 3908 3614 3959 ἐπι-

2033 3997 2202 4062 νοίας,
2234 3995 2514 4068 ἀχώριστα
2565 3990 2704 4048 εἶναι
2755 3995 2825 4048 τά
2877 3995 3223 4066 πεποιημένα
3268 3995 3609 4066 βουλόμενος,

2035 4091 2129 4145 καὶ
2177 4089 2253 4160 μὴ
2307 4087 2622 4160 ἀνθρωπίνῃ
2665 4086 2857 4159 γνώμῃ
2903 4087 3159 4161 χωρίζειν
3196 4089 3267 4143 τά
3300 4088 3481 4152 καλῶς
3508 4090 3614 4161 ήρ-

2038 4182 2285 4256 μοσμένα
2317 4179 2648 4253 ἐπιτρέπων.
2696 4181 2784 4233 Ἐν
2828 4181 2886 4234 δὲ
2915 4180 2994 4251 τῷ
3024 4180 3337 4251 Εὑαγγελὶῳ
3377 4182 3492 4245 τοῖς
3523 4182 3611 4235 δο-

2038 4276 2197 4348 κήσει
2243 4275 2343 4345 τῆς
2379 4274 2550 4344 αὐτῆς
2600 4273 2916 4345 ἐπιμελείας
2958 4273 3267 4345 ἐχομένοις,
3313 4274 3614 4345 ἠμεληκόσι

354 4362 539 4420 studio
572 4368 626 4416 et
670 4376 804 4415 cura
837 4363 1035 4426 teneri,
1066 4361 1283 4416 occulta
1315 4370 1498 4416 tamen
1530 4370 1585 4417 et
1610 4378 1732 4432 quae
1780 4363 1928 4419 intus

2037 4369 2096 4422 δὲ
2128 4367 2238 4421 τῶν
2271 4365 2530 4438 κρυπτῶν
2575 4366 2671 4420 καὶ
2708 4366 2810 4436 τῆς
2848 4366 2996 4420 ἔνδον
3029 4366 3367 4438 ἐπιμελείας,
3416 4368 3610 4438 φησίν·

355 4462 514 4511 erant
545 4453 600 4506 in
627 4452 869 4516 homine,
904 4452 1269 4523 negligebant,
1300 4453 1476 4507 aiebat
1506 4470 1519 4506 :
1549 4451 1737 4518 Stulti,
1758 4469 1932 4508 nonne

352 4547 442 4616 qui
463 4544 582 4613 fecit
610 4544 747 4614 quod
773 4542 906 4612 foris
929 4553 1028 4606 est,
1051 4542 1188 4613 quod
1216 4544 1357 4596 intus
1377 4554 1478 4607 est,
1505 4544 1627 4614 fecit
1651 4545 1710 4599 '?
1743 4542 1800 4599 Si
1828 4560 1932 4599 au-

353 4642 488 4698 tem,
520 4634 666 4704 quod
701 4634 850 4688 intus
880 4642 986 4697 est,
1012 4634 1201 4688 anima
1229 4643 1345 4701 est;
1380 4636 1523 4704 quod
1554 4642 1733 4690 autem
1767 4635 1930 4702 foris,

354 4739 593 4798 corpus;
626 4736 679 4782 et
707 4727 800 4798 qui
838 4727 965 4781 fecit
992 4726 1140 4798 quod
1170 4727 1318 4783 intus
1351 4736 1461 4792 est,
1495 4728 1735 4784 animam
1763 4728 1930 4796 fecit;

355 4826 411 4875 et
457 4818 551 4889 qui
585 4817 715 4873 fecit
765 4818 910 4890 quod
947 4816 1091 4874 foris
1140 4824 1246 4883 est,
1307 4827 1508 4889 cerpus
1555 4818 1933 4890 fecitzigitur

357 4911 562 4981 quiest
601 4909 800 4963 animae
845 4916 1039 4964 auctor
1080 4892 1137 4963 et
1161 4908 1405 4973 eﬂ'cctor,
1436 4911 1686 4980 corporis
1730 4918 1926 4966 auctor

355 5016 411 5063 et
435 5004 660 5061 elIector
690 5012 775 5062 est
804 5024 818 5061 :
847 5012 901 5061 et
931 5004 1075 5060 Deus
1111 5014 1217 5068 est,
1255 5006 1348 5076 qui
1381 5013 1676 5077 utrumque
1717 5006 1849 5061 fecit
1876 5017 1930 5062 et

357 5099 564 5170 aptavit
602 5105 656 5153 et
698 5097 1016 5169 conjunxit,
1059 5097 1153 5168 qui
1182 5097 1327 5152 hanc
1358 5098 1702 5154 harmoniam
1731 5099 1934 5154 decen-

355 5192 626 5249 ‘issimam
654 5191 1072 5263 coagmentavit.
1102 5190 1224 5260 Ipse
1252 5200 1438 5246 autem
1469 5190 1721 5247 Salvator
1755 5207 1929 5262 quam

358 5285 762 5342 accuratioucm
789 5284 1006 5355 corpori
1042 5283 1099 5337 in
1133 5283 1477 5339 sermonibus
1505 5284 1623 5340 suis
1652 5284 1928 5351 adhibet,

492 5441 678 5498 Matth.
720 5458 844 5507 χιι,
880 5441 997 5497 4-6.
1075 5440 1097 5473 ³
1133 5439 1275 5496 Luc.
1316 5457 1405 5507 x1,
1439 5441 1533 5496 60.

2042 4461 2355 4529 Ἀφρονες,
2400 4458 2512 4526 οὐχ
2543 4460 2576 4511 ὀ
2618 4457 2880 4525 ποιήσας
2909 4459 2977 4512 τὸ
3021 4458 3244 4524 ἔξωθεν
3281 4460 3378 4513 καί
3413 4459 3480 4513 τὸ
3519 4461 3615 4515 ἑν-

2039 4550 2216 4605 δοθεν
2255 4549 2581 4618 ἐποίησεν;
2624 4551 2689 4604 Εἰ
2743 4549 2802 4603 δὲ
2855 4550 2917 4604 τὸ
2976 4552 3074 4622 μὲν
3133 4550 3335 4605 ἕσωθέν
3382 4553 3532 4604 ἐστιν
3580 4555 3613 4624 ἡ

2038 4639 2205 4712 ψυχὴ,
2234 4640 2294 4695 τὸ
2320 4640 2378 4694 δὲ
2407 4638 2605 4704 ἔξωθεν
2647 4640 2708 4694 τὸ
2734 4639 2914 4710 σῶμα,
2947 4642 3041 4695 καὶ
3083 4643 3112 4695 6
3143 4643 3375 4713 ποιήσας
3416 4641 3479 4695 τὸ
3510 4642 3617 4696 ἔσω

2037 4731 2136 4805 τὴν
2164 4731 2341 4803 ψυχὴν
2367 4730 2656 4798 πεποίηκε,
2681 4732 2776 4786 καὶ
2810 4732 2839 4785 6
2867 4734 3098 4805 ποιήσας
3128 4733 3189 4786 τὸ
3234 4732 3336 4797 ἔξω
3366 4732 3432 4785 τὸ
3460 4732 3616 4804 σῶμα

2039 4825 2368 4896 πεποίηκεν·
2412 4827 2441 4879 6
2484 4824 2665 4895 ψυχῆς
2709 4825 2938 4897 ποιητὴς
2990 4827 3085 4880 καὶ
3139 4824 3386 4896 σώματος
3419 4825 3487 4879 ἂν
3532 4826 3616 4896 εἴη

2031 4918 2261 4988 ποιητής
2282 4934 2296 4947 ·
2332 4917 2427 4971 καὶ
2455 4916 2588 4982 Θεός
2621 4920 2768 4971 ἐστιν
2803 4919 2831 4970 6
2859 4916 3146 4987 ἀμφότερα
3184 4917 3351 4971 ποιῶν
3393 4917 3492 4970 καὶ
3515 4921 3616 4989 ἀρ-

2037 5009 2216 5078 μόζων
2265 5010 2361 5063 καὶ
2410 5008 2717 5076 συνάπτων,
2744 5011 2774 5063 6
2823 5010 2922 5080 τὴν
2956 5009 3221 5081 ἁρμονίαν
3265 5010 3473 5080 ταύτην
3520 5013 3616 5083 τὴν

2035 5102 2536 5173 ἱεροπρεπεστάτην
2573 5103 2939 5175 ἡρμοσμένος.
2971 5104 3145 5167 Αὐτὸς
3191 5103 3247 5157 δὲ
3278 5106 3307 5157 6
3337 5102 3530 5175 Σωτὴρ
3561 5105 3617 5155 ὲν

2031 5197 2151 5258 ταῖς
2178 5194 2374 5248 ἐαυτοῦ
2419 5194 2719 5263 διαλέξεσιν
2760 5197 2879 5251 οἵαν
2913 5196 3234 5267 ἐπιμέλειαν
3264 5198 3499 5249 ποιεῖται
3525 5196 3614 5249 τοῦ

2036 5284 2286 5359 σώματος
2308 5326 2323 5353 ,
2357 5289 2485 5343 ὅταν
2517 5288 2653 5363 λέγῃ
2672 5305 2686 5320 ·
2715 5289 2892 5345 Εἰσὶν
2923 5289 3227 5359 εὐνοῦχοι,
3260 5289 3481 5357 οἵτινες
3524 5291 3616 5344 εὐ-

422 5623 539 5698 (63)
579 5624 688 5682 Καὶ
732 5626 889 5694 ἐξα..
924 5624 1282 5696 κρείττονος.
1324 5622 1452 5682 Haec
1504 5622 1689 5681 omisit
1736 5623 2039 5696 interpres.
