3824 6140
201 327 342 384 ηδτ

1253 324 1625 382 ADVERSUS
1654 325 2086 385 MANICHEOS
2123 327 2252 385 LIB.
2295 325 2380 385 Ill.

3295 329 3434 385 1254

195 446 495 514 νούχισαν
521 442 774 506 ἑαυτοὺς
813 440 908 496 διὰ
938 441 1051 510 τὴν
1072 443 1400 507 ,ϐασιλείαν
1433 442 1552 496 τῶν
1597 445 1748 512 οὐρα

1872 459 1999 498 cum
2028 444 2104 498 ait
2136 463 2148 499 :
2175 442 2310 499 Sunt
2335 443 2578 508 eunuchi,
2614 444 2704 514 qui
2742 461 2796 499 se
2831 453 3192 500 castraverunt
3225 456 3438 516 propter

193 537 340 592 νῶν.
384 537 446 588 '0
479 532 812 604 δυνάμενος
841 534 1052 602 χωρεῖν
1083 534 1377 603 χωρείτω]
1405 533 1620 605 Ταύτην
1654 535 1762 606 γὰρ

195 628 512 698 ἐπιμέλειαν
541 625 620 696 τῷ
661 623 874 695 σώματι
915 623 1286 689 ἀποδεδωκὼς,
1323 624 1417 677 καὶ
1449 625 1602 693 ἅγιον
1631 626 1763 678 αὐτὸ

194 719 290 770 καὶ
323 716 552 780 ἀπαθὲς,
585 717 680 770 καὶ
709 716 960 787 ἀνήδονον
981 716 1442 786 παρασκευάζων,
1467 716 1560 768 καὶ
1583 718 1761 770 πᾶσαν

193 808 832 880 ἐπιθυμίαν-ὑποτέμνων
869 807 962 861 καὶ
993 807 1298 879 ὑποκείρων
1338 807 1416 878 τῷ
1449 807 1611 876 λόγῳ,
1663 808 1761 879 τὴν

192 900 330 971 πρὸς
378 898 440 951 τὸ
486 899 643 967 σῶμα
691 897 1005 968 ἐπιμέλειαν
1050 897 1307 962 δείκνυσι,
1343 899 1437 952 καὶ
1483 899 1582 969 τὴν
1625 897 1760 968 πρὸς

189 991 291 1062 τὴν
343 989 518 1061 σάρκα
559 989 884 1061 κηδεμονίαν
914 992 1204 1062 σημαίνει·
1239 989 1534 1060 κηδόμενος
1577 989 1633 1042 δὲ
1668 990 1761 1042 καὶ

190 1080 496 1155 φροντίζων
527 1082 625 1153 τὴν
651 1081 885 1152 ἰδιότητα
915 1083 980 1134 ἐκ
1007 1083 1104 1151 τῆς
1130 1081 1456 1152 κηδεμονίας
1478 1080 1757 1152 κηρύττει,

187 1173 357 1244 μέχρι
401 1172 496 1226 τοῦ
548 1173 858 1244 βλέμματος
890 1173 1138 1242 φθάνων·
1173 1173 1258 1225 ἵνα
1291 1171 1365 1244 μὴ
1407 1171 1467 1225 τὸ
1520 1171 1755 1241 βλέμμα,

182 1264 267 1328 ὡς
297 1265 460 1336 ἔτυχε
506 1265 840 1335 κινούμενον,
872 1267 1142 1336 ρυπαρίας
1179 1265 1270 1318 καί⁹
1307 1263 1519 1334 κηλίδος
1546 1265 1754 1333 ἐμπιμ-

189 1364 414 1435 πλῆται,
450 1358 584 1411 ἀλλὰ
615 1357 712 1429 τὴν
748 1357 960 1411 εὔτονον
1009 1357 1129 1426 ἕχον
1160 1357 1372 1424 κίνησιν
1412 1354 1757 1426 ἡρμοσμένον

181 1453 404 1523 διατελῇ
425 1468 437 1481 ·
482 1449 631 1519 λέγει
658 1449 766 1520 γὰρ
799 1451 856 1501 ἐν
882 1447 960 1518 τῷ
998 1446 1315 1515 Εὖαγγελίῳ
1334 1462 1347 1474 ·
1387 1443 1512 1508 Πᾶς
1553 1447 1585 1496 ὁ
1610 1442 1757 1507 ,βλέ-

187 1561 320 1598 πων
369 1541 622 1611 γυναῖκα
670 1539 818 1607 πρὸς
871 1540 938 1593 τὸ
988 1536 1349 1606 ἐπιθυμῆσαι
1403 1535 1594 1603 αὐτῆς
1637 1533 1754 1603 ἤδη

185 1634 545 1703 ἐμοίχευσεν
575 1631 770 1699 αὐτὴν
799 1631 868 1683 ἐν
912 1628 986 1698 τῇ
1039 1629 1250 1698 καρδίᾳ
1280 1626 1488 1680 αὐτοῦ.
1541 1625 1650 1678 Καὶ
1692 1623 1754 1677 τὸ

183 1728 248 1779 ὲν
277 1724 355 1796 τῷ
387 1723 596 1794 σώματι
629 1723 796 1798 πάθος
835 1724 900 1792 τῇ
935 1720 1141 1793 ικαρδίᾳ
1171 1717 1492 1790 συμμετρεῖ,
1533 1717 1626 1769 καὶ
1658 1714 1750 1768 τοῦ

1869 549 2084 604 regnum
2111 535 2378 588 caelorum.
2413 535 2518 601 Qui
2548 537 2740 604 poterit
2761 552 2964 605 capere,
2991 537 3164 605 capiat
3186 537 3236 590 ‘!
3267 537 3435 593 Adhi-

1870 623 2003 679 bens
2023 626 2168 680 enim
2202 626 2342 680 hanc
2365 626 2707 696 diligentiam
2743 635 2798 680 et
2827 627 3066 682 studium
3110 629 3348 698 corpori,
3380 634 3434 684 et

1867 713 2106 770 eﬂiciens
2135 714 2312 785 ipsum
2350 725 2597 771 sanctum
2628 724 2681 771 et
2711 718 3213 786 perturbationibus
3245 733 3308 772 ac
3340 734 3433 774 vo-

1869 806 2169 876 luptatibus
2205 822 2462 871 vacuum,
2513 814 2569 864 et
2609 823 2825 863 omnem
2867 810 3221 880 cupiditatem
3265 813 3434 866 verbo

1868 903 2159 966 amputans
2205 908 2260 952 et
2304 897 2638 963 detondens;
2688 902 3132 969 procurationem
3181 905 3431 972 corporis

1865 985 2230 1050 demonstrat,
2277 998 2333 1042 et
2360 1004 2550 1042 curam
2589 991 2775 1046 carnis
2803 993 3086 1062 providam
3131 995 3428 1066 signiﬁcat.

1868 1075 2244 1135 Sollicitudine
2276 1091 2454 1136 autem
2507 1089 2562 1136 et
2591 1085 2938 1140 accuratioue
2955 1101 3106 1140 suam
3135 1103 3256 1142 esse
3289 1104 3426 1158 prte-

1865 1167 2033 1234 dicat,
2066 1172 2423 1241 progrediens
2451 1188 2622 1244 usque
2651 1174 2719 1229 ad
2747 1189 2935 1230 curam
2963 1187 3252 1248 aspectus;
3281 1196 3348 1235 ne
3381 1179 3428 1235 si

1864 1271 2120 1330 aspectus
2145 1265 2370 1320 fortuito
2396 1281 2460 1321 ac
2490 1273 2693 1323 temere
2725 1278 3029 1333 moveatur,
3056 1273 3202 1326 omni
3234 1273 3354 1328 labe
3374 1281 3429 1329 et

1862 1355 2079 1410 macula
2118 1357 2441 1426 impleatur;
2478 1359 2726 1429 quinimo
2769 1362 2816 1416 si
2855 1370 3173 1418 constanter
3207 1373 3263 1419 et
3308 1381 3427 1435 gra-

1862 1446 2002 1501 viter
2029 1447 2227 1512 cietur,
2259 1449 2314 1502 in
2350 1458 2475 1519 apta
2501 1451 2767 1506 modestia
2799 1462 3109 1522 perseveret
3134 1472 3148 1508 :
3172 1455 3247 1508 ait
3277 1457 3424 1511 enim

1861 1533 1917 1588 in
1945 1535 2239 1607 Evangelio
2265 1557 2277 1592 :
2311 1537 2498 1593 Omnis
2521 1542 2611 1603 qui
2635 1541 2819 1596 viderit
2844 1546 3112 1599 mulierem
3141 1547 3209 1599 ad
3231 1563 3424 1601 concu—

1859 1628 2162 1697 piscendum
2207 1647 2347 1693 eam,
2385 1631 2505 1702 jam
2556 1635 2838 1689 mare/tatus
2881 1646 2957 1689 est
3003 1652 3118 1690 eam
3167 1640 3224 1692 in
3270 1639 3425 1694 corde

1859 1736 1956 1774 suo
1978 1722 2020 1774 ⁸.
2054 1721 2485 1779 Commotionem
2526 1727 2582 1780 in
2616 1741 2846 1797 corpore
2897 1743 3022 1782 cum
3069 1731 3234 1785 corde
3272 1747 3423 1786 com-

189 1815 500 1888 βλέμματος
550 1813 1010 1884 ἐπιμελούμενος,
1064 1811 1248 1882 κοινὴν
1293 1808 1392 1880 τὴν
1440 1807 1748 1877 ἐπιμέλειαν

1857 1812 2099 1876 metitur,
2145 1820 2199 1868 et
2243 1824 2523 1886 aspectum
2560 1831 2787 1883 curans,
2844 1833 3186 1876 communem
3230 1837 3420 1878 curam

182 1909 287 1978 τῆς
319 1907 543 1979 καρδίας
571 1908 833 1959 ποιεῖται·
869 1904 1038 1967 πάθος
1067 1902 1394 1974 βλέμματος,
1430 1899 1600 1963 πάθος
1625 1916 1748 1970 καρ‹

1857 1902 2076 1959 adhibet
2113 1905 2262 1960 cordi
2289 1924 2303 1974 ;
2347 1909 2768 1963 commotionem
2797 1919 3072 1980 aspectus,
3103 1915 3423 1968 commotio-

175 1998 304 2062 ιδίας
333 1999 783 2069 εἰσηγησάμενος,
825 1997 919 2049 καὶ
969 1994 1286 2066 ἐπιμέλειαν
1331 1991 1592 2062 ὀμμάτων
1637 1992 1758 2043 ἐπι-

189 2088 410 2158 μέλειαν
448 2089 544 2142 τοῦ
571 2087 910 2158 διανοητικοῦ
959 2087 1204 2156 θέμενος.
1239 2083 1372 2137 Ούδὲ
1417 2082 1526 2153 γὰρ
1556 2083 1758 2155 ἑτέρως

187 2180 380 2249 βλάψει
413 2181 473 2233 τὸ
497 2181 670 2251 δμμα,
701 2180 833 2251 ἢὼς
867 2178 1058 2250 βλάψει
1095 2180 1123 2231 ὁ
1155 2176 1279 2240 νοῦς
1301 2193 1316 2206 ·
1349 2175 1470 2228 ούδὲ
1497 2175 1605 2245 γὰρ
1645 2170 1757 2226 οἷόν

181 2271 246 2324 τέ
271 2273 387 2325 ἐστι
439 2273 501 2326 τὸ
549 2273 703 2344 ὄμμα
747 2270 1184 2343 διαστρέφεσθαι,
1229 2268 1327 2340 τὴν
1368 2267 1424 2321 δὲ
1463 2266 1640 2336 ψυχὴν
1677 2265 1751 2336 μὴ

181 2363 633 2436 διαστρέφεσθαι·
662 2362 918 2424 ἐπιεικῶς
941 2362 1048 2434 γὰρ
1070 2361 1248 2432 ψυχῆς
1278 2360 1372 2414 καὶ
1403 2357 1586 2422 ἁπλῶς
1611 2356 1750 2428 epa-

184 2474 308 2527 σης,
338 2455 656 2527 ἐπιτηδείως
687 2454 877 2525 ὄψεται
906 2453 975 2508 τὰ
999 2454 1238 2525 δμματα.

1855 2010 1980 2048 ncm
2036 1995 2221 2051 cordis
2252 2005 2512 2067 reputans
2542 2014 2686 2065 esse,
2733 2008 2787 2055 et
2825 2003 3225 2057 accurationem
3267 2018 3424 2074 aspe-

1854 2092 1997 2152 ctus,
2033 2089 2442 2144 accurationem
2476 2092 2700 2146 mentis.
2751 2091 2860 2147 Nec
2890 2095 3036 2148 enim
3077 2095 3237 2150 aliter
3265 2112 3423 2152 noce-

1852 2177 1931 2230 bit
1955 2179 2170 2241 oculus.
2197 2195 2356 2248 quam
2391 2190 2451 2236 ut
2480 2184 2698 2239 nocebit
2734 2201 2922 2253 mens;
2948 2189 3074 2257 quia
3104 2205 3212 2243 non
3244 2199 3420 2260 potest

1857 2267 2050 2322 oculus
2077 2269 2389 2338 depravari,
2426 2287 2535 2326 non
2579 2273 2874 2344 depravata
2926 2278 3104 2331 anima
3134 2296 3147 2332 :
3181 2279 3229 2334 si
3272 2281 3416 2335 enim

1857 2358 2039 2411 anima
2065 2368 2150 2414 est
2181 2360 2236 2414 in
2267 2362 2523 2432 aequitate
2555 2371 2608 2419 et
2651 2374 2798 2422 recte
2826 2368 2993 2436 videt,
3028 2379 3153 2442 apte
3195 2379 3250 2427 et
3280 2388 3414 2429 con-

1855 2449 2136 2505 venienter
2161 2453 2304 2508 oculi
2333 2463 2580 2512 cerneut.

1093 2593 1221 2647 CAP.
1263 2589 1400 2644 XIX.
1439 2587 1680 2643 Christus
1711 2599 1898 2654 corpus
1921 2585 2164 2643 habuisse
2197 2593 2508 2649 ostenditur.

267 2710 530 2765 Ἐνταῦθα
573 2708 704 2777 γοῦν
737 2711 836 2782 τὴν
872 2710 1069 2765 ἄτοπον
1101 2707 1286 2779 βλέψιν
1317 2703 1744 2779 παραϐλεῲάμε-

174 2821 293 2867 νος,
341 2803 439 2875 τὴν
469 2803 630 2872 ἁγίαν
663 2804 1020 2871 παρεισάγει·
1063 2802 1150 2854 ἵνα
1181 2804 1243 2854 ὀἱ
1296 2799 1565 2870 ὀφθαλμοὶ
1613 2796 1749 2868 ὀρθὰ

181 2897 442 2968 βλέπωσι,
493 2897 588 2951 καὶ
631 2896 701 2950 τὰ
740 2896 980 2968 βλέφαρα
1028 2894 1228 2948 νευέτω
1260 2895 1477 2948 δίκαια·
1531 2891 1748 2963 ἐπαίρει

177 2989 290 3061 γὰρ
331 2987 402 3042 τά
429 2989 672 3060 ὖμματα,
703 2988 852 3042 κάτω
892 2989 1029 3042 αὐτὰ
1071 2987 1386 3057 κεκάμφθαι
1419 2985 1493 3058 μὴ
1524 2985 1747 3057 ἐπιτρέ-

174 3099 320 3149 πων,
346 3080 481 3136 ἀλλὰ
506 3081 788 3135 διανιστῶν
818 3079 957 3134 αὐτὰ
990 3081 1085 3134 καὶ
1126 3080 1426 3150 διεγείρων,
1458 3080 1550 3132 καὶ
1577 3080 1749 3149 ἐπῃρ-
1775 3111 1816 3168 C

183 3174 322 3244 μένα
361 3172 500 3226 αύτὰ
547 3172 1001 3244 παρασκευάζων.
1041 3171 1152 3232 Διὸ,
1201 3171 1400 3242 πολλὴν
1430 3168 1746 3240 ἐπιμέλειαν

174 3262 288 3318 τῶν
324 3263 588 3335 σωμάτων
633 3262 973 3333 ποιούμενος,
1006 3263 1102 3315 καὶ
1133 3262 1292 3333 σῶμα
1321 3260 1621 3331 πεφόρηκε,
1654 3258 1749 3311 καὶ

177 3357 262 3419 εἰς
300 3355 457 3425 σῶμα
491 3351 671 3426 ἦλθεν.
722 3355 784 3408 Ei
829 3354 928 3424 μὲν
975 3350 1067 3406 οὖν
1098 3354 1197 3405 οὐκ
1227 3349 1390 3423 ἦλθεν
1431 3353 1488 3404 ἐν
1515 3350 1748 3421 σώματι,

177 3444 233 3500 τί
271 3447 502 3518 φήσουσι
534 3448 662 3518 περὶ
708 3446 802 3500 τοῦ
852 3444 1106 3516 σταυροῦ,
1149 3445 1243 3498 καὶ
1289 3443 1382 3497 τοῦ
1427 3441 1600 3495 τύπου
1641 3440 1749 3495 τῶν

173 3535 344 3608 ἥλων,
377 3537 470 3590 καὶ⁸
500 3535 595 3589 τοῦ
633 3535 802 3590 τύπου
835 3537 933 3606 τῆς
965 3535 1181 3606 λόγχης,
1213 3537 1308 3588 καὶ
1338 3534 1432 3588 τοῦ
1459 3533 1746 3604 μνημείου,

175 3630 276 3683 καὶ
309 3627 410 3698 τῆς
439 3628 655 3699 ταφῆς;
685 3628 748 3680 Ei
772 3628 829 3681 δέ
863 3631 928 3682 ἐκ
950 3628 1153 3681 τούτων
1182 3627 1526 3698 ἐλεγχόμενοι
1561 3624 1750 3696 ὁμολο-

176 3717 334 3789 γοῦσι
379 3719 538 3790 σῶμα
578 3719 668 3772 τὸν
714 3719 942 3792 Σωτῆρα
975 3719 1273 3790 εἰληφέναι,
1317 3719 1370 3770 τί
1415 3717 1649 3788 ἐροῦσιν,
1699 3715 1746 3767 εἰ

178 3813 312 3882 μήτι
340 3812 433 3865 καὶ
459 3811 619 3866 αὑτὸν
641 3812 746 3864 ὑπὸ
766 3811 859 3864 τοῦ
888 3809 1124 3881 πονηροῦ
1149 3807 1457 3864 πεπλάσθαι
1490 3809 1744 3878 φήσουσι,

177 3903 272 3957 καὶ
309 3903 502 3975 μηκέτι
533 3903 690 3974 μόνον
724 3902 784 3956 τὸ
813 3901 1148 3972 ἀνθρώπινον
1178 3899 1336 3970 σῶμα
1369 3896 1615 3953 εἷναιτοῦ
1650 3917 1748 3953 πο-

171 3993 368 4066 νηροῦ,
416 3993 552 4047 ἀλλὰ
598 3993 694 4048 καὶ
735 3993 798 4046 τὸ
833 3993 990 4064 σῶμα
1027 3991 1120 4046 τοῦ
1175 3991 1500 4062 εύεργέτου;
1531 3991 1592 4042 οὐ
1624 3990 1744 4060 φεί-

175 4103 362 4140 σονται
401 4085 493 4138 καὶ
541 4086 702 4158 μέχρι
740 4087 834 4138 καὶ
875 4085 1078 4156 ταύτης
1115 4084 1215 4153 τῆς
1250 4083 1487 4147 ἐπινοίας
1519 4084 1740 4152 φθάσαι,

174 4177 272 4232 καὶ
294 4178 394 4246 τὴν
426 4176 671 4244 γλῶτταν
701 4179 934 4229 ἐκτεῖναι
959 4177 1098 4229 κατὰ
1127 4175 1220 4228 τοῦ
1238 4177 1511 4245 Σωτῆρος.
1551 4174 1608 4228 ὐ
1635 4174 1744 4247 γὰρ

176 4269 416 4341 μελετῶν
441 4268 583 4323 κατὰ
620 4269 728 4321 τῶν
759 4268 951 4338 ἐκείνῳ
983 4268 1343 4339 διαφερόντων
1381 4267 1740 4336 διαλέγεσθαι,

170 4358 348 4426 οὗτος,
378 4363 648 4432 ἁκονήσας
689 4363 787 4433 τὴν
818 4361 1083 4431 γλῶτταν,
1114 4363 1235 4413 κατ’
1267 4359 1431 4414 αὐτοῦ
1461 4360 1742 4432 διαλεχθή-

1925 2700 2026 2758 llic
2058 2705 2224 2774 igitur
2251 2708 2545 2777 repudians
2569 2716 2778 2780 turpem
2807 2720 3088 2780 aspectum
3111 2713 3414 2782 oculorum,

1853 2804 2105 2848 sanctum
2137 2806 2416 2866 aspectum
2450 2797 2702 2854 inducit:
2732 2810 2789 2855 ut
2826 2803 2992 2869 oculi,
3031 2803 3226 2874 inquit,
3267 2813 3418 2862 recta

1852 2886 2070 2941 videant
2102 2896 2156 2942 et
2191 2889 2464 2959 palpebra:
2486 2891 2636 2961 justa
2679 2893 2994 2948 intueantur
3025 2913 3038 2949 :
3067 2897 3226 2966 erigit
3271 2895 3416 2952 enim

1852 2985 1907 3031 et
1935 2977 2149 3033 extollit
2173 2980 2384 3044 oculos,
2411 2996 2520 3036 non
2551 2983 2874 3052 permittens
2921 2985 3083 3040 simul
3108 2995 3166 3040 ut
3196 2985 3418 3041 ﬂectan-

1855 3077 1964 3132 tur,
1995 3070 2091 3124 sed
2119 3071 2302 3140 potius
2337 3077 2559 3140 excitat,
2591 3082 2646 3128 et
2677 3083 2734 3128 ut
2768 3077 2938 3130 erecti
2973 3077 3103 3143 sint,
3137 3077 3289 3132 facit.
3330 3077 3417 3134 ldv

1850 3161 2000 3216 circo
2053 3161 2306 3218 Salvator
2353 3181 2548 3235 gerens
2603 3182 2857 3237 magnam
2901 3168 3301 3238 providentiam
3360 3178 3416 3224 et

1848 3254 2289 3322 procurationem
2336 3271 2652 3327 corporum,
2703 3273 2906 3328 corpus
2960 3260 3194 3330 gestavit
3248 3269 3302 3315 et
3357 3262 3414 3316 in

1849 3357 2048 3413 corpus
2079 3345 2246 3399 venit.
2279 3345 2336 3399 Si
2369 3347 2536 3417 igitur
2565 3364 2674 3402 non
2708 3349 2857 3403 venit
2890 3349 2947 3402 itt
2987 3365 3240 3419 corpore,
3275 3351 3410 3421 quid

1848 3438 2047 3492 dicturi
2075 3449 2202 3494 sunt
2227 3439 2295 3494 de
2324 3456 2488 3496 cruce
2519 3450 2572 3496 et
2600 3444 2772 3496 lixura
2801 3442 3078 3496 clavorum
3103 3452 3157 3498 et
3189 3446 3412 3510 lanceae,

1847 3542 1902 3586 et
1929 3539 2284 3587 monumento
2313 3548 2376 3587 ac
2403 3534 2728 3603 sepultura?
2765 3533 2859 3590 Sin
2891 3542 3071 3590 autem
3113 3536 3197 3590 his
3227 3537 3416 3591 convio

1846 3623 1917 3676 cti
1953 3637 2154 3694 corpus
2201 3624 2502 3694 sumpsisse
2533 3622 2872 3680 Salvatorem
2905 3626 3254 3691 conﬁtentur,
3283 3628 3415 3697 quid

1846 3715 2046 3780 dicent,
2072 3715 2119 3771 si
2146 3731 2254 3770 non
2285 3725 2414 3772 sunt
2439 3716 2660 3780 dicturi,
2694 3717 2870 3787 ipsum
2897 3734 3112 3787 quoque
3135 3733 3165 3771 a
3196 3718 3416 3774 diabolo

1846 3807 2140 3861 formatum
2164 3823 2314 3875 esse;
2341 3815 2394 3862 ct
2424 3824 2530 3862 non
2556 3807 2668 3877 jam
2695 3810 2870 3862 solum
2895 3824 3095 3878 corpus
3119 3809 3414 3864 humanum

1845 3915 1968 3954 esse
1995 3899 2220 3966 diaboli,
2268 3899 2364 3954 sed
2410 3901 2574 3955 etiam
2610 3916 2811 3970 corpus
2846 3901 3149 3955 Salvatoris
3183 3901 3414 3956 beneﬁci

1845 3991 2060 4046 nostri?
2087 4007 2195 4044 non
2224 3992 2368 4046 enim
2397 4000 2624 4062 parcent
2655 4009 2755 4046 nec
2780 3993 3131 4048 abstinehunt
3167 4009 3245 4059 se,
3280 3994 3415 4064 quin

1845 4098 2018 4152 usque
2049 4083 2104 4136 iu
2135 4083 2274 4138 hanc
2304 4083 2686 4154 cogitationem
2720 4085 2972 4150 evadant,
3000 4094 3053 4140 et
3085 4087 3323 4153 linguam
3359 4087 3416 4141 in

1847 4173 2183 4228 Salvatorem
2215 4176 2564 4244 protendant.
2599 4175 2702 4242 Qui
2731 4177 2876 4230 enim
2901 4185 3091 4230 contra
3115 4192 3177 4231 ea
3203 4193 3322 4248 qua:
3347 4178 3416 4231 ad

1844 4264 1996 4319 illum
2028 4269 2324 4336 pertinent,
2357 4266 2621 4336 disputat,
2649 4268 2738 4323 hic
2765 4268 3005 4338 linguam
3035 4284 3239 4324 acuens
3284 4284 3418 4323 con-

1844 4366 1928 4412 tra
1973 4358 2149 4430 ipsum
2205 4360 2527 4430 disputabit.
2597 4357 2845 4415 Salvator
2912 4368 3092 4414 autem
3141 4361 3415 4432 baptismo

173 4472 350 4508 σεται.
407 4454 468 4509 Ὀ
517 4454 574 4506 δὲ
619 4453 807 4526 Σωτὴρ
855 4455 947 4507 καὶ
994 4453 1328 4524 βαπτίσματι
1373 4452 1639 4506 διελούετο
1685 4455 1742 4505 ἐν

1853 4452 2009 4505 etiam
2052 4452 2106 4505 in
2138 4450 2375 4507 Iordane
2413 4453 2758 4513 abluebatur.
2790 4460 2844 4506 et
2875 4452 3032 4521 aquis
3079 4453 3415 4522 aspergeba-

168 4546 250 4617 τῷ
295 4547 562 4618 Ἰορδάνῃ·
596 4545 752 4600 ὕδασι
781 4547 1222 4618 περιερῤαίνετο·
1257 4546 1341 4610 τίς
1369 4546 1443 4599 ὣν
1477 4546 1573 4599 καὶ
1605 4562 1743 4614 τυγ-

168 4641 387 4711 χάνων;
441 4643 490 4694 εί
551 4641 648 4711 μὲν
699 4639 808 4710 γὰρ
853 4640 912 4692 ού
967 4639 1124 4710 σῶμα
1171 4639 1374 4711 φέρων,
1427 4637 1550 4692 οὕτε
1584 4639 1742 4709 σῶμα

169 4737 330 4806 ἔχων,
365 4735 416 4788 τί
445 4736 621 4790 κοινὸν
649 4735 923 4806 πνεύμασι
953 4737 1046 4788 καὶ
1094 4738 1398 4804 ποταμοῖς
1449 4735 1545 4797 Τίς
1578 4733 1739 4802 ἀγγέ-

167 4827 298 4893 λων,
337 4827 466 4880 ποία
497 4827 744 4898 δύναμις,
775 4828 901 4879 ποία
928 4827 1204 4896 κυριότης,
1235 4824 1361 4878 ποία
1401 4825 1563 4895 ἀρχὴ,
1615 4825 1741 4876 ποία

168 4917 387 4982 ἐξουσία
434 4919 810 4988 καταϐέϐηκεν
849 4919 930 4980 εἰς
978 4917 1220 4986 λουτρὸν,
1253 4917 1346 4968 καὶ
1381 4919 1573 4986 πεῖραν
1614 4915 1738 4968 ὑδά-

163 5028 276 5064 των
316 5010 506 5081 ἐσχενς
555 5013 618 5065 Εί
663 5011 720 5065 δὲ
767 5011 996 5081 δύναμις
1045 5011 1142 5081 μὲν
1184 5011 1301 5064 ούδέ
1353 5009 1586 5074 ἐξουσία,
1617 5007 1740 5061 οὔτε

164 5102 355 5172 θρόνος
385 5103 558 5166 οὐδεὶς
588 5106 668 5167 είς
716 5104 882 5157 ὕδατα
928 5101 1215 5173 κατῆλθεν,
1247 5104 1512 5174 ἀζήτητον
1543 5102 1736 5170 γέγονε

161 5193 226 5246 τὸ
271 5197 502 5265 πρᾶγμα
547 5196 641 5248 καὶ
684 5197 885 5264 σαφές·
921 5196 1014 5249 καὶ
1039 5195 1196 5266 δῆλον
1229 5196 1419 5264 γέγονε
1451 5193 1511 5246 τδ
1546 5192 1738 5264 ζητούα

166 5301 346 5355 μενον.
417 5286 576 5340 Ἀλλά
627 5286 780 5358 ἀνῄει
828 5288 934 5340 ἀπὸ
978 5288 1085 5340 τῶν
1130 5287 1369 5340 ὑδάτων·
1417 5285 1738 5357 ἐπειράζετο

161 5375 269 5429 ὑπὸ
312 5376 402 5430 τοῦ
438 5378 716 5433 διαϐόλου·
760 5382 967 5444 ἐπείνα,
1016 5380 1202 5449 ἐδίψα,
1235 5380 1407 5443 ἔπλει,
1456 5380 1733 5450 ἐκοιμᾶτο,

159 5466 393 5532 ὥδευεν,
438 5470 667 5536 ἐκοπία,
715 5471 963 5533 ἐϐάδιζε·
1016 5471 1214 5524 πεινῶν
1270 5473 1359 5526 ἐπὶ
1411 5473 1512 5525 τὴν
1568 5473 1736 5543 συκῆν

159 5553 291 5628 ἦλθε
311 5575 324 5588 ·
349 5560 411 5612 τὸ
432 5562 739 5618 τελευταῖον
764 5564 1026 5628 ἐκρίνετο,
1063 5565 1391 5636 ἐστανυροῦτο
1445 5565 1539 5629 Τίς
1561 5565 1732 5620 ταῦτα

233 5718 261 5752 δ
293 5719 483 5778 Matth.
520 5740 644 5794 xu,
683 5727 768 5782 12.
843 5729 864 5759 ⁸
907 5726 1096 5782 Matth.
1133 5745 1184 5794 ν,
1220 5729 1309 5784 28.

1845 4552 1973 4610 tur;
2006 4545 2129 4614 quis
2158 4545 2310 4598 erat?
2343 4553 2398 4600 et
2425 4545 2557 4614 quid
2607 4545 2761 4599 erat?
2804 4548 2848 4600 si
2881 4546 3026 4598 enim
3061 4560 3264 4615 corpus
3298 4560 3411 4599 non

1842 4637 2091 4706 gestabat
2122 4653 2298 4707 neque
2328 4654 2530 4707 corpus
2560 4638 2794 4691 habebat
2819 4657 2833 4691 ι
2867 4638 2991 4707 quid
3021 4653 3309 4692 commune
3328 4645 3414 4692 est

1843 4729 2133 4799 Spiritibus
2160 4745 2284 4783 cum
2318 4728 2678 4784 ﬂuminibus?
2707 4728 2841 4796 Quis
2867 4730 3115 4800 angelus,
3149 4745 3270 4798 qua:
3297 4730 3412 4782 viro

1843 4829 1964 4885 tus,
2001 4837 2120 4890 qum
2159 4821 2481 4884 dominatio,
2527 4823 2651 4892 quis
2695 4823 3057 4892 principatus,
3107 4837 3227 4892 quae
3265 4831 3415 4892 pote-

1843 4921 1958 4967 stas
1982 4913 2048 4966 atl
2086 4914 2363 4968 lavacrum
2398 4913 2682 4970 descendit
2721 4923 2774 4969 et
2815 4929 2987 4984 aquas
3039 4921 3260 4983 experta
3289 4913 3417 4968 est?

1841 4999 1999 5066 Quod
2035 5001 2081 5056 si
2114 5018 2292 5072 neque
2324 5003 2526 5067 virtus,
2570 5020 2744 5073 neque
2767 5012 3034 5074 potestas,
3064 5019 3238 5073 neque
3263 5003 3414 5057 thro-

1840 5110 1948 5148 nus
1981 5095 2035 5148 in
2079 5109 2252 5164 aquas
2283 5095 2604 5150 descendit:
2638 5107 2790 5150 extra
2833 5095 3190 5165 quaestionem
3233 5094 3412 5164 posita

1840 5192 1923 5240 est
1947 5200 2034 5240 res
2061 5203 2075 5240 :
2105 5185 2304 5239 factum
2343 5194 2427 5241 est
2460 5186 2831 5256 perspicuum,
2871 5187 3014 5257 quod
3043 5186 3408 5255 quaerebatur.

1839 5273 1953 5331 lmo
2008 5278 2256 5332 ascendit
2284 5281 2362 5333 ab‘
2381 5280 2560 5348 aquis.
2605 5280 2892 5335 tenebatur
2939 5294 2967 5332 a
3001 5279 3240 5343 diabolo,
3283 5293 3412 5332 esu-

1838 5370 2033 5434 ricbat,
2080 5371 2319 5432 sitiebat,
2364 5373 2674 5442 navigabat,
2725 5372 3051 5433 dormiebat,
3105 5371 3208 5424 iter
3244 5369 3410 5424 facie-

1837 5461 1952 5527 bat,
1999 5463 2422 5534 defatigabatur,
2471 5465 2804 5528 ambulabat,
2862 5464 3113 5520 esuriens
3158 5461 3306 5516 venit
3338 5461 3406 5514 ad

1838 5555 1996 5608 licunt
2029 5573 2042 5610 :
2071 5556 2651 5628 postrcmojudicatus
2682 5565 2769 5612 est
2812 5563 2867 5612 et
2913 5554 3232 5610 crucifixus.
3273 5550 3410 5616 Quis
