  <div class='ocr_page' id='page_1' title='image "/cluster/home/n/w/nwhite01/storage/ocr_20150623/18/nnc1.0046978550/645.png"; bbox 0 0 3792 6150; ppageno 0'>
   <div class='ocr_carea' id='block_1_1' title="bbox 356 248 493 305">
    <p class='ocr_par' dir='ltr' id='par_1_1' title="bbox 356 248 493 305">
     <span class='ocr_line' id='line_1_1' title="bbox 356 248 493 305; baseline 0.007 -2"><span class='ocrx_word' id='word_1_1' title='bbox 356 248 493 305; x_wconf 69' lang='grc'><strong>1255</strong></span> 
     </span>
    </p>
   </div>
   <div class='ocr_carea' id='block_1_2' title="bbox 1508 232 2469 291">
    <p class='ocr_par' dir='ltr' id='par_1_2' title="bbox 1508 232 2469 291">
     <span class='ocr_line' id='line_1_2' title="bbox 1508 232 2469 291; baseline 0 -3"><span class='ocrx_word' id='word_1_2' title='bbox 1508 233 1642 289; x_wconf 86' lang='lat' dir='ltr'><strong>TITI</strong></span> <span class='ocrx_word' id='word_1_3' title='bbox 1682 232 2109 290; x_wconf 79' lang='lat' dir='ltr'><strong>BOSTRENSIS</strong></span> <span class='ocrx_word' id='word_1_4' title='bbox 2158 233 2469 291; x_wconf 78' lang='lat' dir='ltr'><strong>EPISCOPI</strong></span> 
     </span>
    </p>
   </div>
   <div class='ocr_carea' id='block_1_3' title="bbox 3466 231 3607 289">
    <p class='ocr_par' dir='ltr' id='par_1_3' title="bbox 3466 231 3607 289">
     <span class='ocr_line' id='line_1_3' title="bbox 3466 231 3607 289; baseline 0.035 -4"><span class='ocrx_word' id='word_1_5' title='bbox 3466 231 3607 289; x_wconf 68' lang='grc'><strong>1256</strong></span> 
     </span>
    </p>
   </div>
   <div class='ocr_carea' id='block_1_4' title="bbox 354 351 1944 439">
    <p class='ocr_par' dir='ltr' id='par_1_4' title="bbox 354 357 1923 439">
     <span class='ocr_line' id='line_1_4' title="bbox 354 357 1923 439; baseline -0.008 -14"><span class='ocrx_word' id='word_1_6' title='bbox 354 372 470 425; x_wconf 58' lang='lat' dir='ltr'><strong>haec</strong></span> <span class='ocrx_word' id='word_1_7' title='bbox 516 366 917 439; x_wconf 70' lang='lat' dir='ltr'><strong>proclamabat?</strong></span> <span class='ocrx_word' id='word_1_8' title='bbox 969 365 1092 435; x_wconf 87' lang='lat' dir='ltr'><strong>quis</strong></span> <span class='ocrx_word' id='word_1_9' title='bbox 1137 364 1252 418; x_wconf 76' lang='lat' dir='ltr'><strong>bzec</strong></span> <span class='ocrx_word' id='word_1_10' title='bbox 1296 360 1640 416; x_wconf 71' lang='lat' dir='ltr'><strong>testabatur?</strong></span> <span class='ocrx_word' id='word_1_11' title='bbox 1681 357 1923 414; x_wconf 84' lang='lat' dir='ltr'><strong>Taceant</strong></span> 
     </span>
    </p>
   </div>
   <div class='ocr_carea' id='block_1_5' title="bbox 2082 351 3609 439">
    <p class='ocr_par' dir='ltr' id='par_1_5' title="bbox 2082 351 3609 427">
     <span class='ocr_line' id='line_1_5' title="bbox 2082 351 3609 427; baseline -0.003 -16"><span class='ocrx_word' id='word_1_12' title='bbox 2082 357 2186 423; x_wconf 74' lang='grc' dir='ltr'><strong>ἱόας</strong></span> <span class='ocrx_word' id='word_1_13' title='bbox 2222 358 2305 422; x_wconf 85' lang='grc' dir='ltr'><strong>τίς</strong></span> <span class='ocrx_word' id='word_1_14' title='bbox 2333 356 2506 413; x_wconf 81' lang='grc' dir='ltr'><strong>ταῦτα</strong></span> <span class='ocrx_word' id='word_1_15' title='bbox 2549 354 2883 427; x_wconf 71' lang='grc' dir='ltr'><strong>ἐμαρτύρει,</strong></span> <span class='ocrx_word' id='word_1_16' title='bbox 2926 353 3292 407; x_wconf 85' lang='grc' dir='ltr'><strong>Σιωπάτωσαν</strong></span> <span class='ocrx_word' id='word_1_17' title='bbox 3328 352 3389 404; x_wconf 89' lang='grc' dir='ltr'><strong>αἱ</strong></span> <span class='ocrx_word' id='word_1_18' title='bbox 3429 351 3609 420; x_wconf 78' lang='grc' dir='ltr'><strong>γλῶσ-</strong></span> 
     </span>
    </p>
   </div>
   <div class='ocr_carea' id='block_1_6' title="bbox 353 454 1923 535">
    <p class='ocr_par' dir='ltr' id='par_1_6' title="bbox 353 454 1923 535">
     <span class='ocr_line' id='line_1_6' title="bbox 353 454 1923 535; baseline -0.008 -18"><span class='ocrx_word' id='word_1_19' title='bbox 353 464 573 535; x_wconf 59' lang='lat' dir='ltr'><strong>linguae.</strong></span> <span class='ocrx_word' id='word_1_20' title='bbox 620 462 916 531; x_wconf 87' lang='lat' dir='ltr'><strong>loquantur</strong></span> <span class='ocrx_word' id='word_1_21' title='bbox 948 467 1070 512; x_wconf 88' lang='lat' dir='ltr'><strong>acta</strong></span> <span class='ocrx_word' id='word_1_22' title='bbox 1097 471 1196 510; x_wconf 90' lang='lat' dir='ltr'><strong>:os</strong></span> <span class='ocrx_word' id='word_1_23' title='bbox 1234 454 1436 509; x_wconf 79' lang='lat' dir='ltr'><strong>habent</strong></span> <span class='ocrx_word' id='word_1_24' title='bbox 1482 467 1571 508; x_wconf 90' lang='lat' dir='ltr'><strong>res</strong></span> <span class='ocrx_word' id='word_1_25' title='bbox 1604 470 1616 506; x_wconf 92' lang='lat'>:</span> <span class='ocrx_word' id='word_1_26' title='bbox 1653 466 1756 505; x_wconf 90' lang='lat' dir='ltr'><strong>nec</strong></span> <span class='ocrx_word' id='word_1_27' title='bbox 1804 466 1923 505; x_wconf 80' lang='lat' dir='ltr'><strong>am-</strong></span> 
     </span>
    </p>
   </div>
   <div class='ocr_carea' id='block_1_7' title="bbox 355 544 1925 624">
    <p class='ocr_par' dir='ltr' id='par_1_7' title="bbox 355 544 1925 624">
     <span class='ocr_line' id='line_1_7' title="bbox 355 544 1925 624; baseline -0.007 -17"><span class='ocrx_word' id='word_1_28' title='bbox 355 555 499 624; x_wconf 86' lang='lat' dir='ltr'><strong>plius</strong></span> <span class='ocrx_word' id='word_1_29' title='bbox 540 567 724 608; x_wconf 88' lang='lat' dir='ltr'><strong>aerem</strong></span> <span class='ocrx_word' id='word_1_30' title='bbox 757 554 1057 622; x_wconf 83' lang='lat' dir='ltr'><strong>pulsantes,</strong></span> <span class='ocrx_word' id='word_1_31' title='bbox 1091 561 1285 603; x_wconf 81' lang='lat' dir='ltr'><strong>sonum</strong></span> <span class='ocrx_word' id='word_1_32' title='bbox 1329 546 1642 601; x_wconf 90' lang='lat' dir='ltr'><strong>emittamus</strong></span> <span class='ocrx_word' id='word_1_33' title='bbox 1671 562 1682 598; x_wconf 92' lang='lat'><strong>:</strong></span> <span class='ocrx_word' id='word_1_34' title='bbox 1709 558 1772 598; x_wconf 89' lang='lat' dir='ltr'><strong>os</strong></span> <span class='ocrx_word' id='word_1_35' title='bbox 1824 544 1925 597; x_wconf 85' lang='lat' dir='ltr'><strong>ha-</strong></span> 
     </span>
    </p>
   </div>
   <div class='ocr_carea' id='block_1_8' title="bbox 356 641 1925 714">
    <p class='ocr_par' dir='ltr' id='par_1_8' title="bbox 356 641 1925 714">
     <span class='ocr_line' id='line_1_8' title="bbox 356 641 1925 714; baseline -0.007 -14"><span class='ocrx_word' id='word_1_36' title='bbox 356 646 487 700; x_wconf 82' lang='lat' dir='ltr'><strong>bent</strong></span> <span class='ocrx_word' id='word_1_37' title='bbox 510 644 716 714; x_wconf 82' lang='lat' dir='ltr'><strong>scripta</strong></span> <span class='ocrx_word' id='word_1_38' title='bbox 749 662 763 698; x_wconf 89' lang='lat'><strong>:</strong></span> <span class='ocrx_word' id='word_1_39' title='bbox 796 650 851 697; x_wconf 89' lang='lat' dir='ltr'><strong>et</strong></span> <span class='ocrx_word' id='word_1_40' title='bbox 884 641 930 696; x_wconf 92' lang='lat' dir='ltr'><strong>si</strong></span> <span class='ocrx_word' id='word_1_41' title='bbox 964 656 1067 694; x_wconf 89' lang='lat' dir='ltr'><strong>nos</strong></span> <span class='ocrx_word' id='word_1_42' title='bbox 1098 649 1396 702; x_wconf 90' lang='lat' dir='ltr'><strong>taceamus,</strong></span> <span class='ocrx_word' id='word_1_43' title='bbox 1443 651 1552 690; x_wconf 87' lang='lat' dir='ltr'><strong>non</strong></span> <span class='ocrx_word' id='word_1_44' title='bbox 1582 644 1767 690; x_wconf 87' lang='lat' dir='ltr'><strong>tacent</strong></span> <span class='ocrx_word' id='word_1_45' title='bbox 1797 649 1925 699; x_wconf 84' lang='lat' dir='ltr'><strong>res;</strong></span> 
     </span>
    </p>
   </div>
   <div class='ocr_carea' id='block_1_9' title="bbox 355 730 1931 805">
    <p class='ocr_par' dir='ltr' id='par_1_9' title="bbox 355 730 1931 805">
     <span class='ocr_line' id='line_1_9' title="bbox 355 730 1931 805; baseline -0.004 -13"><span class='ocrx_word' id='word_1_46' title='bbox 355 748 411 792; x_wconf 92' lang='lat' dir='ltr'><strong>et</strong></span> <span class='ocrx_word' id='word_1_47' title='bbox 440 737 486 792; x_wconf 88' lang='lat' dir='ltr'><strong>si</strong></span> <span class='ocrx_word' id='word_1_48' title='bbox 512 750 614 792; x_wconf 89' lang='lat' dir='ltr'><strong>nos</strong></span> <span class='ocrx_word' id='word_1_49' title='bbox 642 751 756 790; x_wconf 91' lang='lat' dir='ltr'><strong>non</strong></span> <span class='ocrx_word' id='word_1_50' title='bbox 778 737 1088 805; x_wconf 82' lang='lat' dir='ltr'><strong>loquamur,</strong></span> <span class='ocrx_word' id='word_1_51' title='bbox 1112 745 1233 802; x_wconf 65' lang='lat' dir='ltr'><strong>quae</strong></span> <span class='ocrx_word' id='word_1_52' title='bbox 1257 730 1460 800; x_wconf 88' lang='lat' dir='ltr'><strong>scripta</strong></span> <span class='ocrx_word' id='word_1_53' title='bbox 1492 735 1644 794; x_wconf 88' lang='lat' dir='ltr'><strong>sunt,</strong></span> <span class='ocrx_word' id='word_1_54' title='bbox 1669 743 1777 783; x_wconf 91' lang='lat' dir='ltr'><strong>non</strong></span> <span class='ocrx_word' id='word_1_55' title='bbox 1803 742 1931 798; x_wconf 76' lang='lat' dir='ltr'><strong>pos-</strong></span> 
     </span>
    </p>
   </div>
   <div class='ocr_carea' id='block_1_10' title="bbox 359 826 832 897">
    <p class='ocr_par' dir='ltr' id='par_1_10' title="bbox 359 826 832 897">
     <span class='ocr_line' id='line_1_10' title="bbox 359 826 832 897; baseline -0.011 -13"><span class='ocrx_word' id='word_1_56' title='bbox 359 836 490 884; x_wconf 85' lang='lat' dir='ltr'><strong>sunt</strong></span> <span class='ocrx_word' id='word_1_57' title='bbox 524 844 632 883; x_wconf 91' lang='lat' dir='ltr'><strong>non</strong></span> <span class='ocrx_word' id='word_1_58' title='bbox 663 826 832 897; x_wconf 91' lang='lat' dir='ltr'><strong>loqui.</strong></span> 
     </span>
    </p>
   </div>
   <div class='ocr_carea' id='block_1_11' title="bbox 430 909 1929 990">
    <p class='ocr_par' dir='ltr' id='par_1_11' title="bbox 430 909 1929 990">
     <span class='ocr_line' id='line_1_11' title="bbox 430 909 1929 990; baseline -0.005 -17"><span class='ocrx_word' id='word_1_59' title='bbox 430 921 599 990; x_wconf 76' lang='lat' dir='ltr'><strong>Igitur</strong></span> <span class='ocrx_word' id='word_1_60' title='bbox 631 919 755 988; x_wconf 85' lang='lat' dir='ltr'><strong>quia</strong></span> <span class='ocrx_word' id='word_1_61' title='bbox 796 917 878 971; x_wconf 90' lang='lat' dir='ltr'><strong>sic</strong></span> <span class='ocrx_word' id='word_1_62' title='bbox 909 921 1038 969; x_wconf 88' lang='lat' dir='ltr'><strong>sunt</strong></span> <span class='ocrx_word' id='word_1_63' title='bbox 1071 914 1205 974; x_wconf 57' lang='lat' dir='ltr'><strong>haec,</strong></span> <span class='ocrx_word' id='word_1_64' title='bbox 1252 921 1306 967; x_wconf 87' lang='lat' dir='ltr'><strong>et</strong></span> <span class='ocrx_word' id='word_1_65' title='bbox 1333 919 1455 966; x_wconf 86' lang='lat' dir='ltr'><strong>acta</strong></span> <span class='ocrx_word' id='word_1_66' title='bbox 1503 909 1664 965; x_wconf 82' lang='lat' dir='ltr'><strong>fidem</strong></span> <span class='ocrx_word' id='word_1_67' title='bbox 1708 910 1929 979; x_wconf 78' lang='lat' dir='ltr'><strong>habent,</strong></span> 
     </span>
    </p>
   </div>
   <div class='ocr_carea' id='block_1_12' title="bbox 362 1000 1934 1070">
    <p class='ocr_par' dir='ltr' id='par_1_12' title="bbox 362 1000 1934 1070">
     <span class='ocr_line' id='line_1_12' title="bbox 362 1000 1934 1070; baseline -0.005 -7"><span class='ocrx_word' id='word_1_68' title='bbox 362 1017 418 1063; x_wconf 89' lang='lat' dir='ltr'><strong>et</strong></span> <span class='ocrx_word' id='word_1_69' title='bbox 439 1007 683 1062; x_wconf 82' lang='lat' dir='ltr'><strong>narratio</strong></span> <span class='ocrx_word' id='word_1_70' title='bbox 710 1014 957 1060; x_wconf 88' lang='lat' dir='ltr'><strong>actorum</strong></span> <span class='ocrx_word' id='word_1_71' title='bbox 982 1018 1110 1058; x_wconf 82' lang='lat' dir='ltr'><strong>vera</strong></span> <span class='ocrx_word' id='word_1_72' title='bbox 1131 1009 1238 1065; x_wconf 88' lang='lat' dir='ltr'><strong>est,</strong></span> <span class='ocrx_word' id='word_1_73' title='bbox 1268 1012 1321 1055; x_wconf 88' lang='lat' dir='ltr'><strong>et</strong></span> <span class='ocrx_word' id='word_1_74' title='bbox 1344 1002 1583 1055; x_wconf 89' lang='lat' dir='ltr'><strong>clamant</strong></span> <span class='ocrx_word' id='word_1_75' title='bbox 1606 1001 1738 1070; x_wconf 68' lang='lat' dir='ltr'><strong>ipsa:</strong></span> <span class='ocrx_word' id='word_1_76' title='bbox 1763 1000 1934 1055; x_wconf 87' lang='lat' dir='ltr'><strong>actio-</strong></span> 
     </span>
    </p>
   </div>
   <div class='ocr_carea' id='block_1_13' title="bbox 362 1091 1935 1164">
    <p class='ocr_par' dir='ltr' id='par_1_13' title="bbox 362 1091 1935 1164">
     <span class='ocr_line' id='line_1_13' title="bbox 362 1091 1935 1164; baseline -0.005 -9"><span class='ocrx_word' id='word_1_77' title='bbox 362 1116 460 1155; x_wconf 87' lang='lat' dir='ltr'><strong>nes</strong></span> <span class='ocrx_word' id='word_1_78' title='bbox 492 1100 544 1151; x_wconf 89' lang='lat' dir='ltr'><strong>vi</strong></span> <span class='ocrx_word' id='word_1_79' title='bbox 570 1114 689 1160; x_wconf 85' lang='lat' dir='ltr'><strong>sua,</strong></span> <span class='ocrx_word' id='word_1_80' title='bbox 721 1097 978 1153; x_wconf 83' lang='lat' dir='ltr'><strong>habuisse</strong></span> <span class='ocrx_word' id='word_1_81' title='bbox 1010 1109 1212 1164; x_wconf 89' lang='lat' dir='ltr'><strong>corpus</strong></span> <span class='ocrx_word' id='word_1_82' title='bbox 1253 1091 1614 1159; x_wconf 86' lang='lat' dir='ltr'><strong>Salvatorem,</strong></span> <span class='ocrx_word' id='word_1_83' title='bbox 1641 1099 1696 1146; x_wconf 90' lang='lat' dir='ltr'><strong>et</strong></span> <span class='ocrx_word' id='word_1_84' title='bbox 1733 1105 1935 1161; x_wconf 75' lang='lat' dir='ltr'><strong>corpus</strong></span> 
     </span>
    </p>
   </div>
   <div class='ocr_carea' id='block_1_14' title="bbox 363 1188 1935 1258">
    <p class='ocr_par' dir='ltr' id='par_1_14' title="bbox 363 1188 1935 1258">
     <span class='ocr_line' id='line_1_14' title="bbox 363 1188 1935 1258; baseline -0.005 -12"><span class='ocrx_word' id='word_1_85' title='bbox 363 1191 625 1257; x_wconf 80' lang='lat' dir='ltr'><strong>mortale;</strong></span> <span class='ocrx_word' id='word_1_86' title='bbox 670 1199 724 1244; x_wconf 89' lang='lat' dir='ltr'><strong>et</strong></span> <span class='ocrx_word' id='word_1_87' title='bbox 770 1188 917 1258; x_wconf 90' lang='lat' dir='ltr'><strong>quod</strong></span> <span class='ocrx_word' id='word_1_88' title='bbox 966 1195 1189 1257; x_wconf 82' lang='lat' dir='ltr'><strong>propter</strong></span> <span class='ocrx_word' id='word_1_89' title='bbox 1235 1191 1423 1239; x_wconf 82' lang='lat' dir='ltr'><strong>nostra</strong></span> <span class='ocrx_word' id='word_1_90' title='bbox 1456 1197 1690 1253; x_wconf 83' lang='lat' dir='ltr'><strong>corpora</strong></span> <span class='ocrx_word' id='word_1_91' title='bbox 1732 1197 1935 1252; x_wconf 84' lang='lat' dir='ltr'><strong>corpus</strong></span> 
     </span>
    </p>
   </div>
   <div class='ocr_carea' id='block_1_15' title="bbox 363 1274 1935 1352">
    <p class='ocr_par' dir='ltr' id='par_1_15' title="bbox 363 1274 1935 1352">
     <span class='ocr_line' id='line_1_15' title="bbox 363 1274 1935 1352; baseline -0.005 -17"><span class='ocrx_word' id='word_1_92' title='bbox 363 1281 596 1352; x_wconf 72' lang='lat' dir='ltr'><strong>gestavit</strong></span> <span class='ocrx_word' id='word_1_93' title='bbox 623 1299 636 1334; x_wconf 93' lang='lat'>:</span> <span class='ocrx_word' id='word_1_94' title='bbox 663 1278 811 1349; x_wconf 90' lang='lat' dir='ltr'><strong>quod</strong></span> <span class='ocrx_word' id='word_1_95' title='bbox 849 1278 1121 1347; x_wconf 89' lang='lat' dir='ltr'><strong>reliquum</strong></span> <span class='ocrx_word' id='word_1_96' title='bbox 1161 1285 1264 1341; x_wconf 87' lang='lat' dir='ltr'><strong>est,</strong></span> <span class='ocrx_word' id='word_1_97' title='bbox 1308 1274 1487 1328; x_wconf 86' lang='lat' dir='ltr'><strong>simile</strong></span> <span class='ocrx_word' id='word_1_98' title='bbox 1536 1274 1733 1342; x_wconf 56' lang='lat' dir='ltr'><strong>quaerit</strong></span> <span class='ocrx_word' id='word_1_99' title='bbox 1762 1292 1774 1327; x_wconf 76' lang='grc' dir='ltr'>ε</span> <span class='ocrx_word' id='word_1_100' title='bbox 1805 1289 1935 1344; x_wconf 87' lang='lat' dir='ltr'><strong>pro-</strong></span> 
     </span>
    </p>
   </div>
   <div class='ocr_carea' id='block_1_16' title="bbox 364 1363 1938 1441">
    <p class='ocr_par' dir='ltr' id='par_1_16' title="bbox 364 1363 1938 1441">
     <span class='ocr_line' id='line_1_16' title="bbox 364 1363 1938 1441; baseline -0.003 -17"><span class='ocrx_word' id='word_1_101' title='bbox 364 1381 488 1441; x_wconf 86' lang='lat' dir='ltr'><strong>pter</strong></span> <span class='ocrx_word' id='word_1_102' title='bbox 522 1387 624 1425; x_wconf 87' lang='lat' dir='ltr'><strong>nos</strong></span> <span class='ocrx_word' id='word_1_103' title='bbox 656 1370 804 1425; x_wconf 83' lang='lat' dir='ltr'><strong>venit</strong></span> <span class='ocrx_word' id='word_1_104' title='bbox 847 1370 995 1424; x_wconf 87' lang='lat' dir='ltr'><strong>illius</strong></span> <span class='ocrx_word' id='word_1_105' title='bbox 1029 1369 1278 1437; x_wconf 88' lang='lat' dir='ltr'><strong>corporis</strong></span> <span class='ocrx_word' id='word_1_106' title='bbox 1314 1366 1400 1420; x_wconf 87' lang='lat' dir='ltr'><strong>sui</strong></span> <span class='ocrx_word' id='word_1_107' title='bbox 1444 1363 1688 1429; x_wconf 63' lang='lat' dir='ltr'><strong>effector,</strong></span> <span class='ocrx_word' id='word_1_108' title='bbox 1737 1373 1792 1420; x_wconf 91' lang='lat' dir='ltr'><strong>et</strong></span> <span class='ocrx_word' id='word_1_109' title='bbox 1838 1380 1938 1420; x_wconf 83' lang='lat' dir='ltr'><strong>no-</strong></span> 
     </span>
    </p>
   </div>
   <div class='ocr_carea' id='block_1_17' title="bbox 366 1457 1941 1521">
    <p class='ocr_par' dir='ltr' id='par_1_17' title="bbox 366 1457 1941 1521">
     <span class='ocr_line' id='line_1_17' title="bbox 366 1457 1941 1521; baseline -0.003 -5"><span class='ocrx_word' id='word_1_110' title='bbox 366 1471 607 1517; x_wconf 88' lang='lat' dir='ltr'><strong>strorum</strong></span> <span class='ocrx_word' id='word_1_111' title='bbox 642 1460 886 1515; x_wconf 82' lang='lat' dir='ltr'><strong>effector.</strong></span> <span class='ocrx_word' id='word_1_112' title='bbox 942 1458 999 1513; x_wconf 91' lang='lat' dir='ltr'><strong>Si</strong></span> <span class='ocrx_word' id='word_1_113' title='bbox 1030 1458 1176 1513; x_wconf 89' lang='lat' dir='ltr'><strong>enim</strong></span> <span class='ocrx_word' id='word_1_114' title='bbox 1218 1457 1368 1511; x_wconf 85' lang='lat' dir='ltr'><strong>aliud</strong></span> <span class='ocrx_word' id='word_1_115' title='bbox 1413 1457 1610 1512; x_wconf 84' lang='lat' dir='ltr'><strong>fuisset</strong></span> <span class='ocrx_word' id='word_1_116' title='bbox 1639 1457 1791 1521; x_wconf 90' lang='lat' dir='ltr'><strong>illud,</strong></span> <span class='ocrx_word' id='word_1_117' title='bbox 1841 1474 1941 1512; x_wconf 82' lang='lat' dir='ltr'><strong>cu-</strong></span> 
     </span>
    </p>
   </div>
   <div class='ocr_carea' id='block_1_18' title="bbox 366 1551 1940 1623">
    <p class='ocr_par' dir='ltr' id='par_1_18' title="bbox 366 1551 1940 1623">
     <span class='ocr_line' id='line_1_18' title="bbox 366 1551 1940 1623; baseline -0.003 -14"><span class='ocrx_word' id='word_1_118' title='bbox 366 1570 485 1609; x_wconf 79' lang='lat' dir='ltr'><strong>ram</strong></span> <span class='ocrx_word' id='word_1_119' title='bbox 516 1556 639 1609; x_wconf 83' lang='lat' dir='ltr'><strong>aliis</strong></span> <span class='ocrx_word' id='word_1_120' title='bbox 667 1570 775 1609; x_wconf 87' lang='lat' dir='ltr'><strong>non</strong></span> <span class='ocrx_word' id='word_1_121' title='bbox 804 1553 1148 1608; x_wconf 88' lang='lat' dir='ltr'><strong>adhibuisset</strong></span> <span class='ocrx_word' id='word_1_122' title='bbox 1177 1552 1519 1623; x_wconf 89' lang='lat' dir='ltr'><strong>corporibus.</strong></span> <span class='ocrx_word' id='word_1_123' title='bbox 1557 1552 1611 1605; x_wconf 90' lang='lat' dir='ltr'><strong>Si</strong></span> <span class='ocrx_word' id='word_1_124' title='bbox 1646 1562 1829 1606; x_wconf 88' lang='lat' dir='ltr'><strong>autem</strong></span> <span class='ocrx_word' id='word_1_125' title='bbox 1861 1551 1940 1605; x_wconf 88' lang='lat' dir='ltr'><strong>fa-</strong></span> 
     </span>
    </p>
   </div>
   <div class='ocr_carea' id='block_1_19' title="bbox 368 1645 1938 1713">
    <p class='ocr_par' dir='ltr' id='par_1_19' title="bbox 368 1645 1938 1713">
     <span class='ocr_line' id='line_1_19' title="bbox 368 1645 1938 1713; baseline -0.003 -12"><span class='ocrx_word' id='word_1_126' title='bbox 368 1656 518 1701; x_wconf 82' lang='lat' dir='ltr'><strong>ctum</strong></span> <span class='ocrx_word' id='word_1_127' title='bbox 560 1655 665 1711; x_wconf 88' lang='lat' dir='ltr'><strong>est,</strong></span> <span class='ocrx_word' id='word_1_128' title='bbox 702 1656 756 1703; x_wconf 89' lang='lat' dir='ltr'><strong>et</strong></span> <span class='ocrx_word' id='word_1_129' title='bbox 790 1647 995 1700; x_wconf 86' lang='lat' dir='ltr'><strong>factum</strong></span> <span class='ocrx_word' id='word_1_130' title='bbox 1034 1662 1065 1701; x_wconf 92' lang='lat' dir='ltr'><strong>a</strong></span> <span class='ocrx_word' id='word_1_131' title='bbox 1098 1645 1228 1712; x_wconf 89' lang='lat' dir='ltr'><strong>Deo,</strong></span> <span class='ocrx_word' id='word_1_132' title='bbox 1268 1646 1471 1700; x_wconf 85' lang='lat' dir='ltr'><strong>factum</strong></span> <span class='ocrx_word' id='word_1_133' title='bbox 1518 1659 1646 1699; x_wconf 89' lang='lat' dir='ltr'><strong>vero</strong></span> <span class='ocrx_word' id='word_1_134' title='bbox 1691 1653 1774 1699; x_wconf 89' lang='lat' dir='ltr'><strong>est</strong></span> <span class='ocrx_word' id='word_1_135' title='bbox 1810 1659 1938 1713; x_wconf 85' lang='lat' dir='ltr'><strong>pro-</strong></span> 
     </span>
    </p>
   </div>
   <div class='ocr_carea' id='block_1_20' title="bbox 2026 442 3609 517">
    <p class='ocr_par' dir='ltr' id='par_1_20' title="bbox 2026 442 3609 517">
     <span class='ocr_line' id='line_1_20' title="bbox 2026 442 3609 517; baseline -0.004 -17"><span class='ocrx_word' id='word_1_136' title='bbox 2026 465 2148 501; x_wconf 85' lang='grc' dir='ltr'><strong>σαι·</strong></span> <span class='ocrx_word' id='word_1_137' title='bbox 2181 448 2511 503; x_wconf 81' lang='grc' dir='ltr'><strong>λαλείτωσαν</strong></span> <span class='ocrx_word' id='word_1_138' title='bbox 2541 448 2599 501; x_wconf 85' lang='grc' dir='ltr'><strong>αι</strong></span> <span class='ocrx_word' id='word_1_139' title='bbox 2627 445 2884 517; x_wconf 82' lang='grc' dir='ltr'><strong>πράξεις’</strong></span> <span class='ocrx_word' id='word_1_140' title='bbox 2926 444 3102 515; x_wconf 83' lang='grc' dir='ltr'><strong>στόμα</strong></span> <span class='ocrx_word' id='word_1_141' title='bbox 3143 442 3327 514; x_wconf 75' lang='grc' dir='ltr'><strong>ἔχουσι</strong></span> <span class='ocrx_word' id='word_1_142' title='bbox 3368 444 3441 497; x_wconf 76' lang='grc' dir='ltr'><strong>τὰ</strong></span> <span class='ocrx_word' id='word_1_143' title='bbox 3467 446 3609 514; x_wconf 78' lang='grc' dir='ltr'><strong>πρά-</strong></span> 
     </span>
    </p>
   </div>
   <div class='ocr_carea' id='block_1_21' title="bbox 2025 524 3609 610">
    <p class='ocr_par' dir='ltr' id='par_1_21' title="bbox 2025 524 3609 610">
     <span class='ocr_line' id='line_1_21' title="bbox 2025 524 3609 610; baseline -0.003 -19"><span class='ocrx_word' id='word_1_144' title='bbox 2025 555 2246 609; x_wconf 86' lang='grc' dir='ltr'><strong>γματα·</strong></span> <span class='ocrx_word' id='word_1_145' title='bbox 2280 540 2495 610; x_wconf 78' lang='grc' dir='ltr'><strong>μηκέτι,</strong></span> <span class='ocrx_word' id='word_1_146' title='bbox 2528 538 2621 591; x_wconf 87' lang='grc' dir='ltr'><strong>τὸν</strong></span> <span class='ocrx_word' id='word_1_147' title='bbox 2663 537 2802 608; x_wconf 81' lang='grc' dir='ltr'><strong>ἀέρα</strong></span> <span class='ocrx_word' id='word_1_148' title='bbox 2834 534 3141 607; x_wconf 83' lang='grc' dir='ltr'><strong>κρούοντες,</strong></span> <span class='ocrx_word' id='word_1_149' title='bbox 3171 524 3261 587; x_wconf 79' lang='grc' dir='ltr'><strong>τὸν</strong></span> <span class='ocrx_word' id='word_1_150' title='bbox 3305 529 3446 604; x_wconf 75' lang='grc' dir='ltr'><strong>ἦχον</strong></span> <span class='ocrx_word' id='word_1_151' title='bbox 3476 535 3609 587; x_wconf 59' lang='grc' dir='ltr'><strong>ἀπιμ-</strong></span> 
     </span>
    </p>
   </div>
   <div class='ocr_carea' id='block_1_22' title="bbox 2028 627 3611 702">
    <p class='ocr_par' dir='ltr' id='par_1_22' title="bbox 2028 627 3611 702">
     <span class='ocr_line' id='line_1_22' title="bbox 2028 627 3611 702; baseline 0 -18"><span class='ocrx_word' id='word_1_152' title='bbox 2028 631 2334 702; x_wconf 70' lang='grc' dir='ltr'><strong>πέμψωμεν</strong></span> <span class='ocrx_word' id='word_1_153' title='bbox 2353 648 2367 660; x_wconf 74' lang='grc'>⁶</span> <span class='ocrx_word' id='word_1_154' title='bbox 2389 631 2560 702; x_wconf 84' lang='grc' dir='ltr'><strong>στόμα</strong></span> <span class='ocrx_word' id='word_1_155' title='bbox 2591 630 2773 701; x_wconf 77' lang='grc' dir='ltr'><strong>ἔχουσι</strong></span> <span class='ocrx_word' id='word_1_156' title='bbox 2798 627 2867 682; x_wconf 78' lang='grc' dir='ltr'><strong>τὰ</strong></span> <span class='ocrx_word' id='word_1_157' title='bbox 2900 627 3255 698; x_wconf 74' lang='grc' dir='ltr'><strong>γεγραμμένα</strong></span> <span class='ocrx_word' id='word_1_158' title='bbox 3278 643 3292 656; x_wconf 90' lang='grc'><strong>·</strong></span> <span class='ocrx_word' id='word_1_159' title='bbox 3316 627 3426 680; x_wconf 75' lang='grc' dir='ltr'><strong>κᾶν</strong></span> <span class='ocrx_word' id='word_1_160' title='bbox 3455 628 3611 697; x_wconf 62' lang='grc' dir='ltr'><strong>ἡμεῆ</strong></span> 
     </span>
    </p>
   </div>
   <div class='ocr_carea' id='block_1_23' title="bbox 2031 721 3602 795">
    <p class='ocr_par' dir='ltr' id='par_1_23' title="bbox 2031 721 3602 795">
     <span class='ocr_line' id='line_1_23' title="bbox 2031 721 3602 795; baseline -0.003 -18"><span class='ocrx_word' id='word_1_161' title='bbox 2031 724 2495 794; x_wconf 83' lang='grc' dir='ltr'><strong>σιωπήσωμεν,ού</strong></span> <span class='ocrx_word' id='word_1_162' title='bbox 2529 725 2709 795; x_wconf 82' lang='grc' dir='ltr'>σιωπᾷ</span> <span class='ocrx_word' id='word_1_163' title='bbox 2730 723 2798 777; x_wconf 76' lang='grc' dir='ltr'><strong>τὰ</strong></span> <span class='ocrx_word' id='word_1_164' title='bbox 2834 723 3164 795; x_wconf 83' lang='grc' dir='ltr'><strong>πράγματα·</strong></span> <span class='ocrx_word' id='word_1_165' title='bbox 3189 721 3293 775; x_wconf 84' lang='grc' dir='ltr'><strong>κᾶν</strong></span> <span class='ocrx_word' id='word_1_166' title='bbox 3327 723 3501 791; x_wconf 84' lang='grc' dir='ltr'><strong>ἡμεῖς</strong></span> <span class='ocrx_word' id='word_1_167' title='bbox 3534 722 3602 792; x_wconf 79' lang='grc' dir='ltr'><strong>μὴ</strong></span> 
     </span>
    </p>
   </div>
   <div class='ocr_carea' id='block_1_24' title="bbox 2029 810 3610 888">
    <p class='ocr_par' dir='ltr' id='par_1_24' title="bbox 2029 810 3610 888">
     <span class='ocr_line' id='line_1_24' title="bbox 2029 810 3610 888; baseline -0.003 -19"><span class='ocrx_word' id='word_1_168' title='bbox 2029 814 2370 888; x_wconf 84' lang='grc' dir='ltr'><strong>λαλήσωμεν,</strong></span> <span class='ocrx_word' id='word_1_169' title='bbox 2404 816 2505 869; x_wconf 80' lang='grc' dir='ltr'><strong>οὐκ</strong></span> <span class='ocrx_word' id='word_1_170' title='bbox 2542 815 2794 885; x_wconf 78' lang='grc' dir='ltr'><strong>ἀνέχεται</strong></span> <span class='ocrx_word' id='word_1_171' title='bbox 2827 812 3091 884; x_wconf 83' lang='grc' dir='ltr'><strong>μὴλαλείν</strong></span> <span class='ocrx_word' id='word_1_172' title='bbox 3123 810 3193 865; x_wconf 85' lang='grc' dir='ltr'><strong>τὰ</strong></span> <span class='ocrx_word' id='word_1_173' title='bbox 3226 812 3610 884; x_wconf 83' lang='grc' dir='ltr'><strong>γεγραμμένα.</strong></span> 
     </span>
    </p>
   </div>
   <div class='ocr_carea' id='block_1_25' title="bbox 2116 903 3614 987">
    <p class='ocr_par' dir='ltr' id='par_1_25' title="bbox 2116 903 3614 978">
     <span class='ocr_line' id='line_1_25' title="bbox 2116 903 3614 978; baseline -0.006 -17"><span class='ocrx_word' id='word_1_174' title='bbox 2116 907 2334 978; x_wconf 82' lang='grc' dir='ltr'><strong>Ἐπειδὴ</strong></span> <span class='ocrx_word' id='word_1_175' title='bbox 2360 903 2453 961; x_wconf 84' lang='grc' dir='ltr'><strong>οὖν</strong></span> <span class='ocrx_word' id='word_1_176' title='bbox 2485 904 2658 959; x_wconf 77' lang='grc' dir='ltr'><strong>ταῦτα</strong></span> <span class='ocrx_word' id='word_1_177' title='bbox 2692 904 2866 969; x_wconf 71' lang='grc' dir='ltr'><strong>οὕτως</strong></span> <span class='ocrx_word' id='word_1_178' title='bbox 2891 904 3025 975; x_wconf 78' lang='grc' dir='ltr'><strong>ἔχει.</strong></span> <span class='ocrx_word' id='word_1_179' title='bbox 3051 903 3148 957; x_wconf 70' lang='grc' dir='ltr'><strong>καὶ</strong></span> <span class='ocrx_word' id='word_1_180' title='bbox 3177 903 3373 956; x_wconf 81' lang='grc' dir='ltr'><strong>πισταί</strong></span> <span class='ocrx_word' id='word_1_181' title='bbox 3395 905 3541 954; x_wconf 83' lang='grc' dir='ltr'><strong>εἰσιν</strong></span> <span class='ocrx_word' id='word_1_182' title='bbox 3563 904 3614 953; x_wconf 85' lang='grc' dir='ltr'><strong>αἱ</strong></span> 
     </span>
    </p>
   </div>
   <div class='ocr_carea' id='block_1_26' title="bbox 2033 988 3617 1077">
    <p class='ocr_par' dir='ltr' id='par_1_26' title="bbox 2033 988 3617 1077">
     <span class='ocr_line' id='line_1_26' title="bbox 2033 988 3617 1077; baseline -0.008 -19"><span class='ocrx_word' id='word_1_183' title='bbox 2033 1003 2284 1077; x_wconf 78' lang='grc' dir='ltr'><strong>πράξεις,</strong></span> <span class='ocrx_word' id='word_1_184' title='bbox 2309 1003 2405 1057; x_wconf 81' lang='grc' dir='ltr'><strong>καὶ</strong></span> <span class='ocrx_word' id='word_1_185' title='bbox 2431 1000 2541 1054; x_wconf 83' lang='grc' dir='ltr'><strong>τῶν</strong></span> <span class='ocrx_word' id='word_1_186' title='bbox 2571 988 2828 1071; x_wconf 81' lang='grc' dir='ltr'><strong>πράξεων</strong></span> <span class='ocrx_word' id='word_1_187' title='bbox 2862 999 3141 1069; x_wconf 81' lang='grc' dir='ltr'><strong>δυνάμεις,</strong></span> <span class='ocrx_word' id='word_1_188' title='bbox 3176 998 3260 1050; x_wconf 80' lang='grc' dir='ltr'><strong>ὅτι</strong></span> <span class='ocrx_word' id='word_1_189' title='bbox 3282 996 3449 1067; x_wconf 80' lang='grc' dir='ltr'><strong>σῶμα</strong></span> <span class='ocrx_word' id='word_1_190' title='bbox 3478 991 3617 1065; x_wconf 82' lang='grc' dir='ltr'><strong>εἶχεν</strong></span> 
     </span>
    </p>
   </div>
   <div class='ocr_carea' id='block_1_27' title="bbox 2033 1087 3619 1168">
    <p class='ocr_par' dir='ltr' id='par_1_27' title="bbox 2033 1087 3619 1168">
     <span class='ocr_line' id='line_1_27' title="bbox 2033 1087 3619 1168; baseline -0.007 -17"><span class='ocrx_word' id='word_1_191' title='bbox 2033 1100 2062 1152; x_wconf 95' lang='lat'><strong>6</strong></span> <span class='ocrx_word' id='word_1_192' title='bbox 2089 1095 2302 1168; x_wconf 86' lang='grc' dir='ltr'><strong>Σωτὴρ,</strong></span> <span class='ocrx_word' id='word_1_193' title='bbox 2333 1094 2429 1149; x_wconf 78' lang='grc' dir='ltr'><strong>καὶ</strong></span> <span class='ocrx_word' id='word_1_194' title='bbox 2477 1094 2638 1165; x_wconf 82' lang='grc' dir='ltr'><strong>σῶμα</strong></span> <span class='ocrx_word' id='word_1_195' title='bbox 2680 1092 2892 1164; x_wconf 85' lang='grc' dir='ltr'><strong>θνητὸν,</strong></span> <span class='ocrx_word' id='word_1_196' title='bbox 2935 1091 3031 1145; x_wconf 82' lang='grc' dir='ltr'><strong>καὶ</strong></span> <span class='ocrx_word' id='word_1_197' title='bbox 3070 1090 3227 1160; x_wconf 83' lang='grc' dir='ltr'><strong>σῶμα</strong></span> <span class='ocrx_word' id='word_1_198' title='bbox 3266 1090 3503 1160; x_wconf 78' lang='grc' dir='ltr'><strong>ὲφόρεσε</strong></span> <span class='ocrx_word' id='word_1_199' title='bbox 3536 1087 3619 1141; x_wconf 80' lang='grc' dir='ltr'><strong>διὰ</strong></span> 
     </span>
    </p>
   </div>
   <div class='ocr_carea' id='block_1_28' title="bbox 2034 1182 3623 1260">
    <p class='ocr_par' dir='ltr' id='par_1_28' title="bbox 2034 1182 3623 1260">
     <span class='ocr_line' id='line_1_28' title="bbox 2034 1182 3623 1260; baseline -0.007 -17"><span class='ocrx_word' id='word_1_200' title='bbox 2034 1189 2103 1243; x_wconf 82' lang='grc' dir='ltr'><strong>τὰ</strong></span> <span class='ocrx_word' id='word_1_201' title='bbox 2129 1188 2376 1260; x_wconf 81' lang='grc' dir='ltr'><strong>ἡμέτερα</strong></span> <span class='ocrx_word' id='word_1_202' title='bbox 2395 1205 2411 1219; x_wconf 75' lang='grc' dir='ltr'><strong>ο</strong></span> <span class='ocrx_word' id='word_1_203' title='bbox 2434 1188 2495 1242; x_wconf 78' lang='grc' dir='ltr'><strong>τὸ</strong></span> <span class='ocrx_word' id='word_1_204' title='bbox 2526 1188 2713 1258; x_wconf 83' lang='grc' dir='ltr'><strong>ὅμοιον</strong></span> <span class='ocrx_word' id='word_1_205' title='bbox 2744 1185 2929 1239; x_wconf 80' lang='grc' dir='ltr'><strong>λοιπὸν</strong></span> <span class='ocrx_word' id='word_1_206' title='bbox 2962 1184 3149 1256; x_wconf 81' lang='grc' dir='ltr'><strong>ζητεῖ·</strong></span> <span class='ocrx_word' id='word_1_207' title='bbox 3170 1184 3296 1254; x_wconf 84' lang='grc' dir='ltr'><strong>ἡκει</strong></span> <span class='ocrx_word' id='word_1_208' title='bbox 3320 1182 3389 1235; x_wconf 87' lang='grc' dir='ltr'><strong>δι’</strong></span> <span class='ocrx_word' id='word_1_209' title='bbox 3419 1185 3453 1252; x_wconf 92' lang='grc' dir='ltr'><strong>ἡ</strong></span> <span class='ocrx_word' id='word_1_210' title='bbox 3464 1184 3573 1253; x_wconf 72' lang='grc' dir='ltr'><strong>μᾶς</strong></span> <span class='ocrx_word' id='word_1_211' title='bbox 3596 1184 3623 1232; x_wconf 87' lang='grc' dir='ltr'>ὁ</span> 
     </span>
    </p>
   </div>
   <div class='ocr_carea' id='block_1_29' title="bbox 2035 1273 3625 1353">
    <p class='ocr_par' dir='ltr' id='par_1_29' title="bbox 2035 1273 3625 1353">
     <span class='ocr_line' id='line_1_29' title="bbox 2035 1273 3625 1353; baseline -0.007 -18"><span class='ocrx_word' id='word_1_212' title='bbox 2035 1282 2244 1334; x_wconf 77' lang='grc' dir='ltr'><strong>ἐκείνου</strong></span> <span class='ocrx_word' id='word_1_213' title='bbox 2291 1281 2540 1353; x_wconf 82' lang='grc' dir='ltr'><strong>ποιητὴς,</strong></span> <span class='ocrx_word' id='word_1_214' title='bbox 2592 1279 2687 1333; x_wconf 76' lang='grc' dir='ltr'><strong>καὶ</strong></span> <span class='ocrx_word' id='word_1_215' title='bbox 2747 1278 2856 1330; x_wconf 84' lang='grc' dir='ltr'><strong>τῶν</strong></span> <span class='ocrx_word' id='word_1_216' title='bbox 2916 1275 3199 1348; x_wconf 80' lang='grc' dir='ltr'><strong>ἡμετέρων</strong></span> <span class='ocrx_word' id='word_1_217' title='bbox 3255 1274 3513 1344; x_wconf 77' lang='grc' dir='ltr'><strong>ποιητής.</strong></span> <span class='ocrx_word' id='word_1_218' title='bbox 3562 1273 3625 1325; x_wconf 74' lang='grc' dir='ltr'><strong>Εἰ</strong></span> 
     </span>
    </p>
   </div>
   <div class='ocr_carea' id='block_1_30' title="bbox 2037 1364 3624 1444">
    <p class='ocr_par' dir='ltr' id='par_1_30' title="bbox 2037 1364 3624 1444">
     <span class='ocr_line' id='line_1_30' title="bbox 2037 1364 3624 1444; baseline -0.007 -18"><span class='ocrx_word' id='word_1_219' title='bbox 2037 1372 2145 1444; x_wconf 88' lang='grc' dir='ltr'><strong>γάρ</strong></span> <span class='ocrx_word' id='word_1_220' title='bbox 2196 1372 2382 1443; x_wconf 74' lang='grc' dir='ltr'><strong>ἕτερον</strong></span> <span class='ocrx_word' id='word_1_221' title='bbox 2421 1366 2644 1443; x_wconf 74' lang='grc' dir='ltr'><strong>(64)ἦν,</strong></span> <span class='ocrx_word' id='word_1_222' title='bbox 2698 1370 2799 1423; x_wconf 83' lang='grc' dir='ltr'><strong>οὐκ</strong></span> <span class='ocrx_word' id='word_1_223' title='bbox 2846 1367 2913 1423; x_wconf 82' lang='grc' dir='ltr'><strong>ἂν</strong></span> <span class='ocrx_word' id='word_1_224' title='bbox 2965 1368 3093 1439; x_wconf 78' lang='grc' dir='ltr'><strong>περὶ</strong></span> <span class='ocrx_word' id='word_1_225' title='bbox 3144 1366 3349 1438; x_wconf 79' lang='grc' dir='ltr'><strong>ἑτέρων</strong></span> <span class='ocrx_word' id='word_1_226' title='bbox 3409 1364 3624 1417; x_wconf 75' lang='grc' dir='ltr'><strong>ἐκείνου</strong></span> 
     </span>
    </p>
   </div>
   <div class='ocr_carea' id='block_1_31' title="bbox 2039 1455 3625 1536">
    <p class='ocr_par' dir='ltr' id='par_1_31' title="bbox 2039 1455 3625 1536">
     <span class='ocr_line' id='line_1_31' title="bbox 2039 1455 3625 1536; baseline -0.006 -20"><span class='ocrx_word' id='word_1_227' title='bbox 2039 1465 2297 1536; x_wconf 86' lang='grc' dir='ltr'><strong>πρόνοιαν</strong></span> <span class='ocrx_word' id='word_1_228' title='bbox 2348 1465 2618 1517; x_wconf 77' lang='grc' dir='ltr'><strong>ἐποιεῖτο·</strong></span> <span class='ocrx_word' id='word_1_229' title='bbox 2669 1463 2720 1515; x_wconf 78' lang='grc' dir='ltr'><strong>εἰ</strong></span> <span class='ocrx_word' id='word_1_230' title='bbox 2760 1461 2818 1515; x_wconf 82' lang='grc' dir='ltr'><strong>δὲ</strong></span> <span class='ocrx_word' id='word_1_231' title='bbox 2865 1461 3157 1529; x_wconf 85' lang='grc' dir='ltr'><strong>πεποίηται</strong></span> <span class='ocrx_word' id='word_1_232' title='bbox 3192 1459 3297 1511; x_wconf 81' lang='grc' dir='ltr'><strong>ὑπὸ</strong></span> <span class='ocrx_word' id='word_1_233' title='bbox 3326 1455 3490 1517; x_wconf 82' lang='grc' dir='ltr'><strong>Θεοῦ,</strong></span> <span class='ocrx_word' id='word_1_234' title='bbox 3523 1472 3625 1507; x_wconf 81' lang='grc' dir='ltr'><strong>πε-</strong></span> 
     </span>
    </p>
   </div>
   <div class='ocr_carea' id='block_1_32' title="bbox 2040 1550 3627 1627">
    <p class='ocr_par' dir='ltr' id='par_1_32' title="bbox 2040 1550 3627 1627">
     <span class='ocr_line' id='line_1_32' title="bbox 2040 1550 3627 1627; baseline -0.005 -19"><span class='ocrx_word' id='word_1_235' title='bbox 2040 1556 2261 1627; x_wconf 87' lang='grc' dir='ltr'><strong>ποίηται</strong></span> <span class='ocrx_word' id='word_1_236' title='bbox 2306 1554 2365 1608; x_wconf 88' lang='grc' dir='ltr'><strong>δὲ</strong></span> <span class='ocrx_word' id='word_1_237' title='bbox 2409 1554 2553 1625; x_wconf 83' lang='grc' dir='ltr'><strong>ὑπὲρ</strong></span> <span class='ocrx_word' id='word_1_238' title='bbox 2599 1552 2777 1623; x_wconf 82' lang='grc' dir='ltr'><strong>ἡμῶν,</strong></span> <span class='ocrx_word' id='word_1_239' title='bbox 2827 1551 2970 1622; x_wconf 84' lang='grc' dir='ltr'><strong>ὑπὲρ</strong></span> <span class='ocrx_word' id='word_1_240' title='bbox 3012 1551 3120 1604; x_wconf 88' lang='grc' dir='ltr'><strong>τῶν</strong></span> <span class='ocrx_word' id='word_1_241' title='bbox 3177 1550 3320 1605; x_wconf 85' lang='grc' dir='ltr'><strong>ίδίων</strong></span> <span class='ocrx_word' id='word_1_242' title='bbox 3360 1550 3627 1602; x_wconf 70' lang='grc' dir='ltr'><strong>ἐποιεῖτο.</strong></span> 
     </span>
    </p>
   </div>
   <div class='ocr_carea' id='block_1_33' title="bbox 2042 1641 3629 1717">
    <p class='ocr_par' dir='ltr' id='par_1_33' title="bbox 2042 1641 3629 1717">
     <span class='ocr_line' id='line_1_33' title="bbox 2042 1641 3629 1717; baseline 0.014 -30"><span class='ocrx_word' id='word_1_243' title='bbox 2042 1648 2160 1700; x_wconf 69' lang='grc' dir='ltr'><strong>ἰνα</strong></span> <span class='ocrx_word' id='word_1_244' title='bbox 2193 1647 2302 1717; x_wconf 80' lang='grc' dir='ltr'><strong>γὰρ</strong></span> <span class='ocrx_word' id='word_1_245' title='bbox 2349 1646 2419 1699; x_wconf 83' lang='grc' dir='ltr'><strong>τὰ</strong></span> <span class='ocrx_word' id='word_1_246' title='bbox 2449 1647 2559 1701; x_wconf 82' lang='grc' dir='ltr'><strong>ίδια</strong></span> <span class='ocrx_word' id='word_1_247' title='bbox 2601 1643 2795 1698; x_wconf 76' lang='grc' dir='ltr'><strong>ἑαυτοῦ</strong></span> <span class='ocrx_word' id='word_1_248' title='bbox 2845 1643 3015 1716; x_wconf 83' lang='grc' dir='ltr'><strong>σώσῃ,</strong></span> <span class='ocrx_word' id='word_1_249' title='bbox 3055 1644 3232 1696; x_wconf 79' lang='grc' dir='ltr'><strong>ἐκεῖνο</strong></span> <span class='ocrx_word' id='word_1_250' title='bbox 3261 1642 3514 1711; x_wconf 77' lang='grc' dir='ltr'><strong>ἐποίησε.</strong></span> <span class='ocrx_word' id='word_1_251' title='bbox 3556 1641 3629 1708; x_wconf 66' lang='grc' dir='ltr'><strong>τῇ</strong></span> 
     </span>
    </p>
   </div>
   <div class='ocr_carea' id='block_1_34' title="bbox 368 1731 1944 1810">
    <p class='ocr_par' dir='ltr' id='par_1_34' title="bbox 368 1736 1944 1810">
     <span class='ocr_line' id='line_1_34' title="bbox 368 1736 1944 1810; baseline -0.002 -17"><span class='ocrx_word' id='word_1_252' title='bbox 368 1748 491 1810; x_wconf 88' lang='lat' dir='ltr'><strong>pter</strong></span> <span class='ocrx_word' id='word_1_253' title='bbox 533 1738 867 1809; x_wconf 69' lang='lat' dir='ltr'><strong>nos:igitur</strong></span> <span class='ocrx_word' id='word_1_254' title='bbox 917 1746 1141 1809; x_wconf 84' lang='lat' dir='ltr'><strong>propter</strong></span> <span class='ocrx_word' id='word_1_255' title='bbox 1194 1738 1413 1807; x_wconf 86' lang='lat' dir='ltr'><strong>propria</strong></span> <span class='ocrx_word' id='word_1_256' title='bbox 1465 1736 1646 1802; x_wconf 86' lang='lat' dir='ltr'><strong>fiebat,</strong></span> <span class='ocrx_word' id='word_1_257' title='bbox 1715 1744 1774 1789; x_wconf 91' lang='lat' dir='ltr'><strong>ut</strong></span> <span class='ocrx_word' id='word_1_258' title='bbox 1820 1751 1944 1806; x_wconf 77' lang='lat' dir='ltr'><strong>quae</strong></span> 
     </span>
    </p>
   </div>
   <div class='ocr_carea' id='block_1_35' title="bbox 2082 1731 3635 1810">
    <p class='ocr_par' dir='ltr' id='par_1_35' title="bbox 2082 1731 3635 1810">
     <span class='ocr_line' id='line_1_35' title="bbox 2082 1731 3635 1810; baseline -0.006 -16"><span class='ocrx_word' id='word_1_259' title='bbox 2082 1740 2253 1795; x_wconf 86' lang='grc' dir='ltr'>κείνου</span> <span class='ocrx_word' id='word_1_260' title='bbox 2299 1740 2517 1810; x_wconf 86' lang='grc' dir='ltr'><strong>ποιήσει</strong></span> <span class='ocrx_word' id='word_1_261' title='bbox 2563 1739 2781 1793; x_wconf 83' lang='grc' dir='ltr'><strong>πάντων</strong></span> <span class='ocrx_word' id='word_1_262' title='bbox 2832 1738 2938 1791; x_wconf 82' lang='grc' dir='ltr'><strong>τῶν</strong></span> <span class='ocrx_word' id='word_1_263' title='bbox 2975 1736 3120 1789; x_wconf 83' lang='grc' dir='ltr'>ἰδίων</span> <span class='ocrx_word' id='word_1_264' title='bbox 3169 1734 3265 1806; x_wconf 85' lang='grc' dir='ltr'><strong>τὴν</strong></span> <span class='ocrx_word' id='word_1_265' title='bbox 3306 1731 3635 1803; x_wconf 75' lang='grc' dir='ltr'><strong>ἐλευθερίαν</strong></span> 
     </span>
    </p>
   </div>
   <div class='ocr_carea' id='block_1_36' title="bbox 370 1828 1947 1903">
    <p class='ocr_par' dir='ltr' id='par_1_36' title="bbox 370 1828 1947 1903">
     <span class='ocr_line' id='line_1_36' title="bbox 370 1828 1947 1903; baseline -0.001 -18"><span class='ocrx_word' id='word_1_266' title='bbox 370 1832 590 1903; x_wconf 89' lang='lat' dir='ltr'><strong>propria</strong></span> <span class='ocrx_word' id='word_1_267' title='bbox 618 1838 797 1895; x_wconf 89' lang='lat' dir='ltr'><strong>erant,</strong></span> <span class='ocrx_word' id='word_1_268' title='bbox 842 1831 993 1885; x_wconf 90' lang='lat' dir='ltr'><strong>salva</strong></span> <span class='ocrx_word' id='word_1_269' title='bbox 1023 1841 1228 1886; x_wconf 90' lang='lat' dir='ltr'><strong>essent.</strong></span> <span class='ocrx_word' id='word_1_270' title='bbox 1262 1830 1401 1885; x_wconf 87' lang='lat' dir='ltr'><strong>illud</strong></span> <span class='ocrx_word' id='word_1_271' title='bbox 1435 1828 1584 1892; x_wconf 86' lang='lat' dir='ltr'><strong>fecit,</strong></span> <span class='ocrx_word' id='word_1_272' title='bbox 1630 1829 1777 1883; x_wconf 89' lang='lat' dir='ltr'><strong>illius</strong></span> <span class='ocrx_word' id='word_1_273' title='bbox 1818 1828 1947 1884; x_wconf 84' lang='lat' dir='ltr'><strong>effe-</strong></span> 
     </span>
    </p>
   </div>
   <div class='ocr_carea' id='block_1_37' title="bbox 372 1920 1949 1992">
    <p class='ocr_par' dir='ltr' id='par_1_37' title="bbox 372 1920 1949 1992">
     <span class='ocr_line' id='line_1_37' title="bbox 372 1920 1949 1992; baseline -0.001 -15"><span class='ocrx_word' id='word_1_274' title='bbox 372 1925 556 1979; x_wconf 89' lang='lat' dir='ltr'><strong>ctione</strong></span> <span class='ocrx_word' id='word_1_275' title='bbox 579 1924 822 1978; x_wconf 89' lang='lat' dir='ltr'><strong>omnium</strong></span> <span class='ocrx_word' id='word_1_276' title='bbox 847 1938 1071 1978; x_wconf 89' lang='lat' dir='ltr'><strong>suorum</strong></span> <span class='ocrx_word' id='word_1_277' title='bbox 1102 1923 1407 1978; x_wconf 89' lang='lat' dir='ltr'><strong>libertatem</strong></span> <span class='ocrx_word' id='word_1_278' title='bbox 1434 1930 1716 1992; x_wconf 71' lang='lat' dir='ltr'><strong>operatus.</strong></span> <span class='ocrx_word' id='word_1_279' title='bbox 1748 1920 1949 1975; x_wconf 76' lang='lat' dir='ltr'><strong>Gratia:</strong></span> 
     </span>
    </p>
   </div>
   <div class='ocr_carea' id='block_1_38' title="bbox 372 2010 1949 2084">
    <p class='ocr_par' dir='ltr' id='par_1_38' title="bbox 372 2010 1949 2084">
     <span class='ocr_line' id='line_1_38' title="bbox 372 2010 1949 2084; baseline -0.001 -18"><span class='ocrx_word' id='word_1_280' title='bbox 372 2014 539 2084; x_wconf 75' lang='lat' dir='ltr'><strong>igitur</strong></span> <span class='ocrx_word' id='word_1_281' title='bbox 579 2013 845 2068; x_wconf 88' lang='lat' dir='ltr'><strong>debentur</strong></span> <span class='ocrx_word' id='word_1_282' title='bbox 894 2014 942 2067; x_wconf 94' lang='lat' dir='ltr'><strong>ei</strong></span> <span class='ocrx_word' id='word_1_283' title='bbox 994 2013 1087 2083; x_wconf 87' lang='lat' dir='ltr'><strong>qui</strong></span> <span class='ocrx_word' id='word_1_284' title='bbox 1147 2028 1379 2083; x_wconf 89' lang='lat' dir='ltr'><strong>corpora</strong></span> <span class='ocrx_word' id='word_1_285' title='bbox 1417 2020 1607 2067; x_wconf 87' lang='lat' dir='ltr'><strong>nostra</strong></span> <span class='ocrx_word' id='word_1_286' title='bbox 1661 2010 1787 2067; x_wconf 88' lang='lat' dir='ltr'><strong>fecit</strong></span> <span class='ocrx_word' id='word_1_287' title='bbox 1818 2011 1949 2082; x_wconf 89' lang='lat' dir='ltr'><strong>;qui</strong></span> 
     </span>
    </p>
   </div>
   <div class='ocr_carea' id='block_1_39' title="bbox 371 2103 1948 2175">
    <p class='ocr_par' dir='ltr' id='par_1_39' title="bbox 371 2103 1948 2175">
     <span class='ocr_line' id='line_1_39' title="bbox 371 2103 1948 2175; baseline -0.001 -16"><span class='ocrx_word' id='word_1_288' title='bbox 371 2119 565 2160; x_wconf 90' lang='lat' dir='ltr'><strong>eorum</strong></span> <span class='ocrx_word' id='word_1_289' title='bbox 600 2105 831 2175; x_wconf 67' lang='lat' dir='ltr'><strong>ignaviae</strong></span> <span class='ocrx_word' id='word_1_290' title='bbox 876 2115 1037 2174; x_wconf 90' lang='lat' dir='ltr'><strong>atque</strong></span> <span class='ocrx_word' id='word_1_291' title='bbox 1072 2105 1304 2175; x_wconf 70' lang='lat' dir='ltr'><strong>pigritia:</strong></span> <span class='ocrx_word' id='word_1_292' title='bbox 1334 2103 1615 2174; x_wconf 83' lang='lat' dir='ltr'><strong>prospexit</strong></span> <span class='ocrx_word' id='word_1_293' title='bbox 1644 2112 1697 2158; x_wconf 91' lang='lat' dir='ltr'><strong>et</strong></span> <span class='ocrx_word' id='word_1_294' title='bbox 1745 2119 1948 2158; x_wconf 89' lang='lat' dir='ltr'><strong>consu-</strong></span> 
     </span>
    </p>
   </div>
   <div class='ocr_carea' id='block_1_40' title="bbox 376 2194 1951 2265">
    <p class='ocr_par' dir='ltr' id='par_1_40' title="bbox 376 2194 1951 2265">
     <span class='ocr_line' id='line_1_40' title="bbox 376 2194 1951 2265; baseline 0.001 -16"><span class='ocrx_word' id='word_1_295' title='bbox 376 2195 480 2249; x_wconf 87' lang='lat' dir='ltr'><strong>luit</strong></span> <span class='ocrx_word' id='word_1_296' title='bbox 504 2212 520 2261; x_wconf 92' lang='lat'><strong>;</strong></span> <span class='ocrx_word' id='word_1_297' title='bbox 543 2197 635 2264; x_wconf 91' lang='lat' dir='ltr'><strong>qui</strong></span> <span class='ocrx_word' id='word_1_298' title='bbox 666 2196 816 2250; x_wconf 88' lang='lat' dir='ltr'><strong>misit</strong></span> <span class='ocrx_word' id='word_1_299' title='bbox 852 2194 1048 2249; x_wconf 84' lang='lat' dir='ltr'><strong>Filium</strong></span> <span class='ocrx_word' id='word_1_300' title='bbox 1092 2211 1252 2250; x_wconf 87' lang='lat' dir='ltr'><strong>suum</strong></span> <span class='ocrx_word' id='word_1_301' title='bbox 1280 2195 1335 2249; x_wconf 89' lang='lat' dir='ltr'><strong>in</strong></span> <span class='ocrx_word' id='word_1_302' title='bbox 1363 2211 1615 2265; x_wconf 89' lang='lat' dir='ltr'><strong>corpore,</strong></span> <span class='ocrx_word' id='word_1_303' title='bbox 1648 2204 1702 2249; x_wconf 86' lang='lat' dir='ltr'><strong>et</strong></span> <span class='ocrx_word' id='word_1_304' title='bbox 1748 2195 1951 2250; x_wconf 84' lang='lat' dir='ltr'><strong>nostris</strong></span> 
     </span>
    </p>
   </div>
   <div class='ocr_carea' id='block_1_41' title="bbox 373 2284 1950 2357">
    <p class='ocr_par' dir='ltr' id='par_1_41' title="bbox 373 2284 1950 2357">
     <span class='ocr_line' id='line_1_41' title="bbox 373 2284 1950 2357; baseline -0.001 -17"><span class='ocrx_word' id='word_1_305' title='bbox 373 2287 702 2357; x_wconf 88' lang='lat' dir='ltr'><strong>corporibus</strong></span> <span class='ocrx_word' id='word_1_306' title='bbox 732 2287 929 2357; x_wconf 83' lang='lat' dir='ltr'><strong>pignus</strong></span> <span class='ocrx_word' id='word_1_307' title='bbox 963 2286 1148 2352; x_wconf 87' lang='lat' dir='ltr'><strong>dedit;</strong></span> <span class='ocrx_word' id='word_1_308' title='bbox 1185 2294 1245 2340; x_wconf 91' lang='lat' dir='ltr'><strong>ut</strong></span> <span class='ocrx_word' id='word_1_309' title='bbox 1294 2302 1405 2341; x_wconf 91' lang='lat' dir='ltr'><strong>non</strong></span> <span class='ocrx_word' id='word_1_310' title='bbox 1431 2288 1543 2355; x_wconf 89' lang='lat' dir='ltr'><strong>jam</strong></span> <span class='ocrx_word' id='word_1_311' title='bbox 1591 2287 1825 2355; x_wconf 88' lang='lat' dir='ltr'><strong>amplius</strong></span> <span class='ocrx_word' id='word_1_312' title='bbox 1854 2284 1950 2339; x_wconf 81' lang='lat' dir='ltr'><strong>ﬂe-</strong></span> 
     </span>
    </p>
   </div>
   <div class='ocr_carea' id='block_1_42' title="bbox 373 2375 1951 2440">
    <p class='ocr_par' dir='ltr' id='par_1_42' title="bbox 373 2375 1951 2440">
     <span class='ocr_line' id='line_1_42' title="bbox 373 2375 1951 2440; baseline 0.001 -12"><span class='ocrx_word' id='word_1_313' title='bbox 373 2381 589 2430; x_wconf 89' lang='lat' dir='ltr'><strong>ctamur</strong></span> <span class='ocrx_word' id='word_1_314' title='bbox 618 2384 672 2430; x_wconf 89' lang='lat' dir='ltr'><strong>et</strong></span> <span class='ocrx_word' id='word_1_315' title='bbox 701 2375 853 2430; x_wconf 86' lang='lat' dir='ltr'><strong>humi</strong></span> <span class='ocrx_word' id='word_1_316' title='bbox 883 2391 1199 2440; x_wconf 87' lang='lat' dir='ltr'><strong>cernamus,</strong></span> <span class='ocrx_word' id='word_1_317' title='bbox 1237 2376 1334 2431; x_wconf 90' lang='lat' dir='ltr'><strong>sed</strong></span> <span class='ocrx_word' id='word_1_318' title='bbox 1372 2376 1546 2432; x_wconf 86' lang='lat' dir='ltr'><strong>simus</strong></span> <span class='ocrx_word' id='word_1_319' title='bbox 1575 2376 1704 2431; x_wconf 80' lang='lat' dir='ltr'><strong>elati</strong></span> <span class='ocrx_word' id='word_1_320' title='bbox 1742 2385 1799 2430; x_wconf 89' lang='lat' dir='ltr'><strong>et</strong></span> <span class='ocrx_word' id='word_1_321' title='bbox 1830 2390 1951 2430; x_wconf 88' lang='lat' dir='ltr'><strong>ere-</strong></span> 
     </span>
    </p>
   </div>
   <div class='ocr_carea' id='block_1_43' title="bbox 372 2467 1215 2540">
    <p class='ocr_par' dir='ltr' id='par_1_43' title="bbox 372 2467 1215 2540">
     <span class='ocr_line' id='line_1_43' title="bbox 372 2467 1215 2540; baseline 0.008 -19"><span class='ocrx_word' id='word_1_322' title='bbox 372 2467 448 2521; x_wconf 88' lang='lat' dir='ltr'><strong>cti</strong></span> <span class='ocrx_word' id='word_1_323' title='bbox 480 2468 872 2524; x_wconf 85' lang='lat' dir='ltr'><strong>communitate</strong></span> <span class='ocrx_word' id='word_1_324' title='bbox 900 2485 1215 2540; x_wconf 66' lang='lat' dir='ltr'><strong>corporum.</strong></span> 
     </span>
    </p>
   </div>
   <div class='ocr_carea' id='block_1_44' title="bbox 1671 2579 1962 2638">
    <p class='ocr_par' dir='ltr' id='par_1_44' title="bbox 1671 2579 1962 2638">
     <span class='ocr_line' id='line_1_44' title="bbox 1671 2579 1962 2638; baseline 0.01 -4"><span class='ocrx_word' id='word_1_325' title='bbox 1671 2580 1803 2638; x_wconf 72' lang='lat' dir='ltr'><strong>CAP.</strong></span> <span class='ocrx_word' id='word_1_326' title='bbox 1844 2579 1962 2637; x_wconf 79' lang='lat' dir='ltr'><strong>XX.</strong></span> 
     </span>
    </p>
   </div>
   <div class='ocr_carea' id='block_1_45' title="bbox 448 2694 1937 2763">
    <p class='ocr_par' dir='ltr' id='par_1_45' title="bbox 448 2694 1937 2763">
     <span class='ocr_line' id='line_1_45' title="bbox 448 2694 1937 2763; baseline 0 -15"><span class='ocrx_word' id='word_1_327' title='bbox 448 2694 576 2748; x_wconf 91' lang='lat' dir='ltr'><strong>lllos</strong></span> <span class='ocrx_word' id='word_1_328' title='bbox 618 2695 786 2763; x_wconf 80' lang='lat' dir='ltr'><strong>igitur</strong></span> <span class='ocrx_word' id='word_1_329' title='bbox 815 2703 1136 2763; x_wconf 71' lang='lat' dir='ltr'><strong>deceptores</strong></span> <span class='ocrx_word' id='word_1_330' title='bbox 1179 2703 1233 2747; x_wconf 91' lang='lat' dir='ltr'><strong>et</strong></span> <span class='ocrx_word' id='word_1_331' title='bbox 1274 2708 1497 2749; x_wconf 69' lang='lat' dir='ltr'><strong>tanaces</strong></span> <span class='ocrx_word' id='word_1_332' title='bbox 1529 2694 1583 2747; x_wconf 92' lang='lat' dir='ltr'><strong>in</strong></span> <span class='ocrx_word' id='word_1_333' title='bbox 1635 2694 1737 2748; x_wconf 87' lang='lat' dir='ltr'><strong>hoc</strong></span> <span class='ocrx_word' id='word_1_334' title='bbox 1770 2694 1937 2749; x_wconf 90' lang='lat' dir='ltr'><strong>etiam</strong></span> 
     </span>
    </p>
   </div>
   <div class='ocr_carea' id='block_1_46' title="bbox 387 2783 1953 2853">
    <p class='ocr_par' dir='ltr' id='par_1_46' title="bbox 387 2783 1953 2853">
     <span class='ocr_line' id='line_1_46' title="bbox 387 2783 1953 2853; baseline -0.001 -15"><span class='ocrx_word' id='word_1_335' title='bbox 387 2789 764 2848; x_wconf 81' lang='lat' dir='ltr'><strong>attendemus,</strong></span> <span class='ocrx_word' id='word_1_336' title='bbox 818 2783 961 2853; x_wconf 90' lang='lat' dir='ltr'><strong>quod</strong></span> <span class='ocrx_word' id='word_1_337' title='bbox 1012 2783 1067 2837; x_wconf 91' lang='lat' dir='ltr'><strong>in</strong></span> <span class='ocrx_word' id='word_1_338' title='bbox 1118 2798 1346 2851; x_wconf 90' lang='lat' dir='ltr'><strong>corpora</strong></span> <span class='ocrx_word' id='word_1_339' title='bbox 1399 2784 1757 2849; x_wconf 85' lang='lat' dir='ltr'><strong>invaserunt,</strong></span> <span class='ocrx_word' id='word_1_340' title='bbox 1802 2794 1856 2837; x_wconf 92' lang='lat' dir='ltr'><strong>et</strong></span> <span class='ocrx_word' id='word_1_341' title='bbox 1896 2784 1953 2837; x_wconf 91' lang='lat' dir='ltr'><strong>in</strong></span> 
     </span>
    </p>
   </div>
   <div class='ocr_carea' id='block_1_47' title="bbox 383 2875 1956 2946">
    <p class='ocr_par' dir='ltr' id='par_1_47' title="bbox 383 2875 1956 2946">
     <span class='ocr_line' id='line_1_47' title="bbox 383 2875 1956 2946; baseline -0.001 -14"><span class='ocrx_word' id='word_1_342' title='bbox 383 2892 585 2946; x_wconf 86' lang='lat' dir='ltr'><strong>corpus</strong></span> <span class='ocrx_word' id='word_1_343' title='bbox 649 2875 893 2931; x_wconf 88' lang='lat' dir='ltr'><strong>auctoris</strong></span> <span class='ocrx_word' id='word_1_344' title='bbox 946 2882 1391 2944; x_wconf 87' lang='lat' dir='ltr'><strong>processerunt,</strong></span> <span class='ocrx_word' id='word_1_345' title='bbox 1453 2890 1515 2928; x_wconf 91' lang='lat' dir='ltr'><strong>ac</strong></span> <span class='ocrx_word' id='word_1_346' title='bbox 1568 2884 1763 2929; x_wconf 86' lang='lat' dir='ltr'><strong>contra</strong></span> <span class='ocrx_word' id='word_1_347' title='bbox 1802 2890 1956 2930; x_wconf 73' lang='grc' dir='ltr'><strong>ωοο-</strong></span> 
     </span>
    </p>
   </div>
   <div class='ocr_carea' id='block_1_48' title="bbox 2045 1823 3633 1905">
    <p class='ocr_par' dir='ltr' id='par_1_48' title="bbox 2045 1823 3633 1905">
     <span class='ocr_line' id='line_1_48' title="bbox 2045 1823 3633 1905; baseline -0.008 -18"><span class='ocrx_word' id='word_1_348' title='bbox 2045 1833 2437 1905; x_wconf 79' lang='grc' dir='ltr'><strong>ὲργασάμενος.</strong></span> <span class='ocrx_word' id='word_1_349' title='bbox 2469 1831 2642 1902; x_wconf 83' lang='grc' dir='ltr'>Χάρις</span> <span class='ocrx_word' id='word_1_350' title='bbox 2668 1825 2760 1885; x_wconf 82' lang='grc' dir='ltr'><strong>οὖν</strong></span> <span class='ocrx_word' id='word_1_351' title='bbox 2809 1828 2887 1900; x_wconf 81' lang='grc' dir='ltr'><strong>τῷ</strong></span> <span class='ocrx_word' id='word_1_352' title='bbox 2917 1828 3239 1898; x_wconf 81' lang='grc' dir='ltr'><strong>πεποιηκότι</strong></span> <span class='ocrx_word' id='word_1_353' title='bbox 3278 1825 3349 1878; x_wconf 87' lang='grc' dir='ltr'><strong>τά</strong></span> <span class='ocrx_word' id='word_1_354' title='bbox 3375 1823 3633 1895; x_wconf 80' lang='grc' dir='ltr'><strong>ἡμέτερα</strong></span> 
     </span>
    </p>
   </div>
   <div class='ocr_carea' id='block_1_49' title="bbox 2045 1915 3636 1996">
    <p class='ocr_par' dir='ltr' id='par_1_49' title="bbox 2045 1915 3636 1996">
     <span class='ocr_line' id='line_1_49' title="bbox 2045 1915 3636 1996; baseline -0.008 -17"><span class='ocrx_word' id='word_1_355' title='bbox 2045 1924 2307 1996; x_wconf 88' lang='grc' dir='ltr'><strong>σώματα,</strong></span> <span class='ocrx_word' id='word_1_356' title='bbox 2360 1922 2439 1994; x_wconf 78' lang='grc' dir='ltr'><strong>τῷ</strong></span> <span class='ocrx_word' id='word_1_357' title='bbox 2494 1922 2923 1995; x_wconf 86' lang='grc' dir='ltr'><strong>προνοησαμένῳ</strong></span> <span class='ocrx_word' id='word_1_358' title='bbox 2992 1919 3088 1974; x_wconf 83' lang='grc' dir='ltr'><strong>καί</strong></span> <span class='ocrx_word' id='word_1_359' title='bbox 3157 1915 3636 1990; x_wconf 72' lang='grc' dir='ltr'><strong>ὲῤῥᾳθυμηκότων</strong></span> 
     </span>
    </p>
   </div>
   <div class='ocr_carea' id='block_1_50' title="bbox 2045 2006 3641 2079">
    <p class='ocr_par' dir='ltr' id='par_1_50' title="bbox 2045 2006 3641 2079">
     <span class='ocr_line' id='line_1_50' title="bbox 2045 2006 3641 2079; baseline -0.008 -7"><span class='ocrx_word' id='word_1_360' title='bbox 2045 2017 2260 2079; x_wconf 84' lang='grc' dir='ltr'><strong>αὐτῶν,</strong></span> <span class='ocrx_word' id='word_1_361' title='bbox 2315 2016 2408 2069; x_wconf 80' lang='grc' dir='ltr'><strong>καὶ</strong></span> <span class='ocrx_word' id='word_1_362' title='bbox 2468 2015 2851 2069; x_wconf 78' lang='grc' dir='ltr'><strong>ἀποστείλαντι</strong></span> <span class='ocrx_word' id='word_1_363' title='bbox 2908 2014 2998 2066; x_wconf 81' lang='grc' dir='ltr'><strong>τὸν</strong></span> <span class='ocrx_word' id='word_1_364' title='bbox 3048 2011 3178 2065; x_wconf 87' lang='grc' dir='ltr'><strong>ῐδιον</strong></span> <span class='ocrx_word' id='word_1_365' title='bbox 3242 2010 3366 2063; x_wconf 81' lang='grc' dir='ltr'><strong>Υίδν</strong></span> <span class='ocrx_word' id='word_1_366' title='bbox 3411 2011 3472 2061; x_wconf 80' lang='grc' dir='ltr'><strong>ὲν</strong></span> <span class='ocrx_word' id='word_1_367' title='bbox 3522 2006 3641 2061; x_wconf 80' lang='grc' dir='ltr'><strong>σώ-</strong></span> 
     </span>
    </p>
   </div>
   <div class='ocr_carea' id='block_1_51' title="bbox 2050 2095 3638 2177">
    <p class='ocr_par' dir='ltr' id='par_1_51' title="bbox 2050 2095 3638 2177">
     <span class='ocr_line' id='line_1_51' title="bbox 2050 2095 3638 2177; baseline -0.006 -18"><span class='ocrx_word' id='word_1_368' title='bbox 2050 2123 2201 2177; x_wconf 91' lang='grc' dir='ltr'><strong>ματι,</strong></span> <span class='ocrx_word' id='word_1_369' title='bbox 2253 2105 2346 2158; x_wconf 80' lang='grc' dir='ltr'><strong>καὶ</strong></span> <span class='ocrx_word' id='word_1_370' title='bbox 2397 2103 2651 2157; x_wconf 85' lang='grc' dir='ltr'><strong>δεδωκότι</strong></span> <span class='ocrx_word' id='word_1_371' title='bbox 2700 2103 2970 2176; x_wconf 82' lang='grc' dir='ltr'><strong>ὲνέχειρον</strong></span> <span class='ocrx_word' id='word_1_372' title='bbox 3020 2104 3134 2165; x_wconf 89' lang='grc' dir='ltr'><strong>τοῖς</strong></span> <span class='ocrx_word' id='word_1_373' title='bbox 3185 2100 3472 2171; x_wconf 77' lang='grc' dir='ltr'><strong>ἡμετέροις</strong></span> <span class='ocrx_word' id='word_1_374' title='bbox 3516 2095 3638 2150; x_wconf 78' lang='grc' dir='ltr'><strong>σώ-</strong></span> 
     </span>
    </p>
   </div>
   <div class='ocr_carea' id='block_1_52' title="bbox 2053 2189 3637 2267">
    <p class='ocr_par' dir='ltr' id='par_1_52' title="bbox 2053 2189 3637 2267">
     <span class='ocr_line' id='line_1_52' title="bbox 2053 2189 3637 2267; baseline -0.004 -19"><span class='ocrx_word' id='word_1_375' title='bbox 2053 2212 2239 2267; x_wconf 86' lang='grc' dir='ltr'><strong>μασιν,</strong></span> <span class='ocrx_word' id='word_1_376' title='bbox 2268 2196 2377 2248; x_wconf 70' lang='grc' dir='ltr'><strong>ἵνα</strong></span> <span class='ocrx_word' id='word_1_377' title='bbox 2403 2194 2601 2266; x_wconf 77' lang='grc' dir='ltr'><strong>μηκέτι</strong></span> <span class='ocrx_word' id='word_1_378' title='bbox 2630 2194 2994 2265; x_wconf 85' lang='grc' dir='ltr'><strong>κάμπτωμεν,</strong></span> <span class='ocrx_word' id='word_1_379' title='bbox 3043 2194 3139 2247; x_wconf 77' lang='grc' dir='ltr'><strong>καὶ</strong></span> <span class='ocrx_word' id='word_1_380' title='bbox 3182 2192 3355 2263; x_wconf 78' lang='grc' dir='ltr'><strong>χαμαὶ</strong></span> <span class='ocrx_word' id='word_1_381' title='bbox 3384 2189 3637 2260; x_wconf 73' lang='grc' dir='ltr'><strong>ὁρῶμεν,</strong></span> 
     </span>
    </p>
   </div>
   <div class='ocr_carea' id='block_1_53' title="bbox 2051 2279 3542 2356">
    <p class='ocr_par' dir='ltr' id='par_1_53' title="bbox 2051 2279 3542 2356">
     <span class='ocr_line' id='line_1_53' title="bbox 2051 2279 3542 2356; baseline -0.004 -17"><span class='ocrx_word' id='word_1_382' title='bbox 2051 2285 2187 2339; x_wconf 85' lang='grc' dir='ltr'><strong>ἀλλά</strong></span> <span class='ocrx_word' id='word_1_383' title='bbox 2216 2279 2365 2356; x_wconf 78' lang='grc' dir='ltr'><strong>ὦμεν</strong></span> <span class='ocrx_word' id='word_1_384' title='bbox 2397 2285 2698 2356; x_wconf 77' lang='grc' dir='ltr'><strong>ἐπηρμένοι</strong></span> <span class='ocrx_word' id='word_1_385' title='bbox 2727 2286 2792 2355; x_wconf 82' lang='grc' dir='ltr'><strong>τῇ</strong></span> <span class='ocrx_word' id='word_1_386' title='bbox 2827 2284 3081 2355; x_wconf 77' lang='grc' dir='ltr'><strong>κοινωνίᾳ</strong></span> <span class='ocrx_word' id='word_1_387' title='bbox 3107 2282 3216 2336; x_wconf 85' lang='grc' dir='ltr'><strong>τῶν</strong></span> <span class='ocrx_word' id='word_1_388' title='bbox 3248 2280 3542 2352; x_wconf 84' lang='grc' dir='ltr'><strong>σωμάτων.</strong></span> 
     </span>
    </p>
   </div>
   <div class='ocr_carea' id='block_1_54' title="bbox 2006 2581 2311 2642">
    <p class='ocr_par' dir='ltr' id='par_1_54' title="bbox 2006 2581 2311 2642">
     <span class='ocr_line' id='line_1_54' title="bbox 2006 2581 2311 2642; baseline 0.01 -3"><span class='ocrx_word' id='word_1_389' title='bbox 2006 2581 2311 2642; x_wconf 83' lang='lat' dir='ltr'><strong>Conclusio.</strong></span> 
     </span>
    </p>
   </div>
   <div class='ocr_carea' id='block_1_55' title="bbox 2122 2699 3643 2777">
    <p class='ocr_par' dir='ltr' id='par_1_55' title="bbox 2122 2699 3643 2777">
     <span class='ocr_line' id='line_1_55' title="bbox 2122 2699 3643 2777; baseline 0.004 -21"><span class='ocrx_word' id='word_1_390' title='bbox 2122 2702 2497 2773; x_wconf 84' lang='grc' dir='ltr'><strong>Εὐτελίσωμεν</strong></span> <span class='ocrx_word' id='word_1_391' title='bbox 2542 2699 2635 2758; x_wconf 75' lang='grc' dir='ltr'><strong>οὖν</strong></span> <span class='ocrx_word' id='word_1_392' title='bbox 2685 2705 2777 2759; x_wconf 71' lang='grc' dir='ltr'><strong>καὶ</strong></span> <span class='ocrx_word' id='word_1_393' title='bbox 2821 2707 2880 2758; x_wconf 80' lang='grc' dir='ltr'><strong>ὲν</strong></span> <span class='ocrx_word' id='word_1_394' title='bbox 2925 2706 3102 2777; x_wconf 84' lang='grc' dir='ltr'><strong>τούτῳ</strong></span> <span class='ocrx_word' id='word_1_395' title='bbox 3139 2706 3266 2769; x_wconf 80' lang='grc' dir='ltr'><strong>τοὺς</strong></span> <span class='ocrx_word' id='word_1_396' title='bbox 3305 2707 3643 2772; x_wconf 78' lang='grc' dir='ltr'><strong>ἀπατεῶνας</strong></span> 
     </span>
    </p>
   </div>
   <div class='ocr_carea' id='block_1_56' title="bbox 2055 2793 3640 2868">
    <p class='ocr_par' dir='ltr' id='par_1_56' title="bbox 2055 2793 3640 2868">
     <span class='ocr_line' id='line_1_56' title="bbox 2055 2793 3640 2868; baseline 0.005 -22"><span class='ocrx_word' id='word_1_397' title='bbox 2055 2793 2314 2860; x_wconf 74' lang='grc' dir='ltr'><strong>ἐκείνους,</strong></span> <span class='ocrx_word' id='word_1_398' title='bbox 2374 2796 2456 2849; x_wconf 83' lang='grc' dir='ltr'><strong>ὅτι</strong></span> <span class='ocrx_word' id='word_1_399' title='bbox 2503 2797 2596 2849; x_wconf 73' lang='grc' dir='ltr'><strong>καὶ</strong></span> <span class='ocrx_word' id='word_1_400' title='bbox 2636 2796 2775 2850; x_wconf 88' lang='grc' dir='ltr'><strong>κατά</strong></span> <span class='ocrx_word' id='word_1_401' title='bbox 2820 2796 2928 2850; x_wconf 85' lang='grc' dir='ltr'><strong>τῶν</strong></span> <span class='ocrx_word' id='word_1_402' title='bbox 2981 2798 3245 2868; x_wconf 79' lang='grc' dir='ltr'><strong>σωμάτων</strong></span> <span class='ocrx_word' id='word_1_403' title='bbox 3287 2796 3640 2867; x_wconf 77' lang='grc' dir='ltr'><strong>βεϐαδίκασι,</strong></span> 
     </span>
    </p>
   </div>
   <div class='ocr_carea' id='block_1_57' title="bbox 2058 2885 3644 2962">
    <p class='ocr_par' dir='ltr' id='par_1_57' title="bbox 2058 2885 3644 2962">
     <span class='ocr_line' id='line_1_57' title="bbox 2058 2885 3644 2962; baseline 0.006 -26"><span class='ocrx_word' id='word_1_404' title='bbox 2058 2885 2152 2937; x_wconf 76' lang='grc' dir='ltr'><strong>καὶ</strong></span> <span class='ocrx_word' id='word_1_405' title='bbox 2185 2886 2324 2940; x_wconf 84' lang='grc' dir='ltr'><strong>κατὰ</strong></span> <span class='ocrx_word' id='word_1_406' title='bbox 2367 2886 2462 2940; x_wconf 82' lang='grc' dir='ltr'><strong>τοῦ</strong></span> <span class='ocrx_word' id='word_1_407' title='bbox 2513 2887 2751 2942; x_wconf 88' lang='grc' dir='ltr'><strong>πλάστου</strong></span> <span class='ocrx_word' id='word_1_408' title='bbox 2798 2891 3166 2960; x_wconf 82' lang='grc' dir='ltr'><strong>κεχωρήκασι,</strong></span> <span class='ocrx_word' id='word_1_409' title='bbox 3213 2890 3307 2942; x_wconf 85' lang='grc' dir='ltr'><strong>καὶ</strong></span> <span class='ocrx_word' id='word_1_410' title='bbox 3351 2891 3498 2943; x_wconf 80' lang='grc' dir='ltr'><strong>κατά</strong></span> <span class='ocrx_word' id='word_1_411' title='bbox 3541 2893 3644 2962; x_wconf 77' lang='grc' dir='ltr'><strong>τῆς</strong></span> 
     </span>
    </p>
   </div>
   <div class='ocr_carea' id='block_1_58' title="bbox 380 2964 1944 3052">
    <p class='ocr_par' dir='ltr' id='par_1_58' title="bbox 380 2964 1944 3036">
     <span class='ocr_line' id='line_1_58' title="bbox 380 2964 1944 3036; baseline 0 -11"><span class='ocrx_word' id='word_1_412' title='bbox 380 2971 621 3025; x_wconf 86' lang='lat' dir='ltr'><strong>nomiam</strong></span> <span class='ocrx_word' id='word_1_413' title='bbox 665 2981 717 3023; x_wconf 88' lang='lat' dir='ltr'><strong>et</strong></span> <span class='ocrx_word' id='word_1_414' title='bbox 759 2967 1221 3036; x_wconf 87' lang='lat' dir='ltr'><strong>dispensationem</strong></span> <span class='ocrx_word' id='word_1_415' title='bbox 1275 2964 1370 3021; x_wconf 90' lang='lat' dir='ltr'><strong>Dei</strong></span> <span class='ocrx_word' id='word_1_416' title='bbox 1418 2966 1657 3036; x_wconf 81' lang='lat' dir='ltr'><strong>linguam</strong></span> <span class='ocrx_word' id='word_1_417' title='bbox 1700 2970 1944 3026; x_wconf 78' lang='lat' dir='ltr'><strong>extende-</strong></span> 
     </span>
    </p>
   </div>
   <div class='ocr_carea' id='block_1_59' title="bbox 2082 2964 3647 3052">
    <p class='ocr_par' dir='ltr' id='par_1_59' title="bbox 2082 2977 3647 3052">
     <span class='ocr_line' id='line_1_59' title="bbox 2082 2977 3647 3052; baseline 0.005 -24"><span class='ocrx_word' id='word_1_418' title='bbox 2082 2977 2365 3048; x_wconf 79' lang='grc' dir='ltr'><strong>›ίκονομίας</strong></span> <span class='ocrx_word' id='word_1_419' title='bbox 2409 2980 2503 3033; x_wconf 81' lang='grc' dir='ltr'><strong>τοῦ</strong></span> <span class='ocrx_word' id='word_1_420' title='bbox 2558 2979 2693 3036; x_wconf 78' lang='grc' dir='ltr'><strong>Θεοῦ</strong></span> <span class='ocrx_word' id='word_1_421' title='bbox 2740 2982 2838 3052; x_wconf 86' lang='grc' dir='ltr'><strong>τὴν</strong></span> <span class='ocrx_word' id='word_1_422' title='bbox 2888 2981 3135 3050; x_wconf 85' lang='grc' dir='ltr'><strong>γλῶτταν</strong></span> <span class='ocrx_word' id='word_1_423' title='bbox 3187 2982 3451 3049; x_wconf 74' lang='grc' dir='ltr'><strong>ἐξέτειναν</strong></span> <span class='ocrx_word' id='word_1_424' title='bbox 3474 3000 3489 3013; x_wconf 74' lang='grc'><strong><em>⁸</em></strong></span> <span class='ocrx_word' id='word_1_425' title='bbox 3548 2986 3647 3039; x_wconf 72' lang='grc' dir='ltr'><strong>καὶ</strong></span> 
     </span>
    </p>
   </div>
   <div class='ocr_carea' id='block_1_60' title="bbox 382 3055 1944 3148">
    <p class='ocr_par' dir='ltr' id='par_1_60' title="bbox 382 3058 1944 3125">
     <span class='ocr_line' id='line_1_60' title="bbox 382 3058 1944 3125; baseline -0.001 -11"><span class='ocrx_word' id='word_1_426' title='bbox 382 3068 555 3125; x_wconf 86' lang='lat' dir='ltr'><strong>runt;</strong></span> <span class='ocrx_word' id='word_1_427' title='bbox 592 3074 655 3113; x_wconf 89' lang='lat' dir='ltr'><strong>ac</strong></span> <span class='ocrx_word' id='word_1_428' title='bbox 702 3070 895 3113; x_wconf 87' lang='lat' dir='ltr'><strong>contra</strong></span> <span class='ocrx_word' id='word_1_429' title='bbox 941 3058 1249 3111; x_wconf 88' lang='lat' dir='ltr'><strong>libertatem</strong></span> <span class='ocrx_word' id='word_1_430' title='bbox 1296 3064 1539 3112; x_wconf 89' lang='lat' dir='ltr'><strong>nostram</strong></span> <span class='ocrx_word' id='word_1_431' title='bbox 1587 3059 1653 3112; x_wconf 88' lang='lat' dir='ltr'><strong>ad</strong></span> <span class='ocrx_word' id='word_1_432' title='bbox 1693 3075 1855 3114; x_wconf 91' lang='lat' dir='ltr'><strong>usum</strong></span> <span class='ocrx_word' id='word_1_433' title='bbox 1906 3073 1944 3116; x_wconf 88' lang='lat' dir='ltr'><strong>el</strong></span> 
     </span>
    </p>
   </div>
   <div class='ocr_carea' id='block_1_61' title="bbox 2082 3055 3643 3148">
    <p class='ocr_par' dir='ltr' id='par_1_61' title="bbox 2082 3068 3643 3148">
     <span class='ocr_line' id='line_1_61' title="bbox 2082 3068 3643 3148; baseline 0.006 -27"><span class='ocrx_word' id='word_1_434' title='bbox 2082 3068 2202 3122; x_wconf 84' lang='grc' dir='ltr'><strong>ιατά</strong></span> <span class='ocrx_word' id='word_1_435' title='bbox 2232 3069 2332 3141; x_wconf 82' lang='grc' dir='ltr'><strong>τῆς</strong></span> <span class='ocrx_word' id='word_1_436' title='bbox 2365 3070 2676 3143; x_wconf 81' lang='grc' dir='ltr'><strong>ἐλευθερίας</strong></span> <span class='ocrx_word' id='word_1_437' title='bbox 2710 3072 2866 3144; x_wconf 85' lang='grc' dir='ltr'><strong>ἡμῶν</strong></span> <span class='ocrx_word' id='word_1_438' title='bbox 2901 3073 3079 3127; x_wconf 86' lang='grc' dir='ltr'><strong>λαλεῖν</strong></span> <span class='ocrx_word' id='word_1_439' title='bbox 3126 3076 3188 3128; x_wconf 83' lang='grc' dir='ltr'><strong>οὐ</strong></span> <span class='ocrx_word' id='word_1_440' title='bbox 3227 3077 3643 3148; x_wconf 77' lang='grc' dir='ltr'><strong>παρῃτήσαντο,</strong></span> 
     </span>
    </p>
   </div>
   <div class='ocr_carea' id='block_1_62' title="bbox 382 3150 1960 3221">
    <p class='ocr_par' dir='ltr' id='par_1_62' title="bbox 382 3150 1960 3221">
     <span class='ocr_line' id='line_1_62' title="bbox 382 3150 1960 3221; baseline 0.001 -15"><span class='ocrx_word' id='word_1_441' title='bbox 382 3151 830 3206; x_wconf 80' lang='lat' dir='ltr'><strong>exercitationem</strong></span> <span class='ocrx_word' id='word_1_442' title='bbox 868 3150 1064 3221; x_wconf 73' lang='lat' dir='ltr'><strong>linguae</strong></span> <span class='ocrx_word' id='word_1_443' title='bbox 1098 3150 1243 3219; x_wconf 88' lang='lat' dir='ltr'><strong>loqui</strong></span> <span class='ocrx_word' id='word_1_444' title='bbox 1281 3165 1392 3205; x_wconf 84' lang='lat' dir='ltr'><strong>non</strong></span> <span class='ocrx_word' id='word_1_445' title='bbox 1425 3151 1817 3207; x_wconf 84' lang='lat' dir='ltr'><strong>dubitaverunt</strong></span> <span class='ocrx_word' id='word_1_446' title='bbox 1849 3153 1960 3207; x_wconf 87' lang='lat' dir='ltr'><strong>cir-</strong></span> 
     </span>
    </p>
   </div>
   <div class='ocr_carea' id='block_1_63' title="bbox 383 3239 1960 3311">
    <p class='ocr_par' dir='ltr' id='par_1_63' title="bbox 383 3239 1960 3311">
     <span class='ocr_line' id='line_1_63' title="bbox 383 3239 1960 3311; baseline 0.001 -16"><span class='ocrx_word' id='word_1_447' title='bbox 383 3242 660 3297; x_wconf 88' lang='lat' dir='ltr'><strong>culatores</strong></span> <span class='ocrx_word' id='word_1_448' title='bbox 703 3239 928 3310; x_wconf 89' lang='lat' dir='ltr'><strong>quidam</strong></span> <span class='ocrx_word' id='word_1_449' title='bbox 971 3250 1024 3293; x_wconf 89' lang='lat' dir='ltr'><strong>et</strong></span> <span class='ocrx_word' id='word_1_450' title='bbox 1067 3239 1508 3294; x_wconf 80' lang='lat' dir='ltr'><strong>circumforanei.</strong></span> <span class='ocrx_word' id='word_1_451' title='bbox 1569 3240 1960 3311; x_wconf 79' lang='lat' dir='ltr'><strong>Congessimus</strong></span> 
     </span>
    </p>
   </div>
   <div class='ocr_carea' id='block_1_64' title="bbox 368 3330 1960 3399">
    <p class='ocr_par' dir='ltr' id='par_1_64' title="bbox 368 3330 1960 3399">
     <span class='ocr_line' id='line_1_64' title="bbox 368 3330 1960 3399; baseline -0.001 -12"><span class='ocrx_word' id='word_1_452' title='bbox 368 3346 642 3387; x_wconf 73' lang='lat' dir='ltr'><strong>acervum</strong></span> <span class='ocrx_word' id='word_1_453' title='bbox 703 3332 994 3386; x_wconf 88' lang='lat' dir='ltr'><strong>verborum</strong></span> <span class='ocrx_word' id='word_1_454' title='bbox 1056 3330 1344 3399; x_wconf 88' lang='lat' dir='ltr'><strong>pravitatis</strong></span> <span class='ocrx_word' id='word_1_455' title='bbox 1388 3331 1592 3386; x_wconf 88' lang='lat' dir='ltr'><strong>istius:</strong></span> <span class='ocrx_word' id='word_1_456' title='bbox 1643 3332 1771 3387; x_wconf 89' lang='lat' dir='ltr'><strong>licet</strong></span> <span class='ocrx_word' id='word_1_457' title='bbox 1812 3333 1960 3388; x_wconf 90' lang='lat' dir='ltr'><strong>enim</strong></span> 
     </span>
    </p>
   </div>
   <div class='ocr_carea' id='block_1_65' title="bbox 384 3422 1961 3495">
    <p class='ocr_par' dir='ltr' id='par_1_65' title="bbox 384 3422 1961 3495">
     <span class='ocr_line' id='line_1_65' title="bbox 384 3422 1961 3495; baseline -0.001 -15"><span class='ocrx_word' id='word_1_458' title='bbox 384 3440 451 3480; x_wconf 84' lang='lat' dir='ltr'><strong>ex</strong></span> <span class='ocrx_word' id='word_1_459' title='bbox 488 3440 599 3479; x_wconf 87' lang='lat' dir='ltr'><strong>uno</strong></span> <span class='ocrx_word' id='word_1_460' title='bbox 643 3423 791 3478; x_wconf 87' lang='lat' dir='ltr'><strong>aliud</strong></span> <span class='ocrx_word' id='word_1_461' title='bbox 827 3439 1089 3479; x_wconf 89' lang='lat' dir='ltr'><strong>accusare</strong></span> <span class='ocrx_word' id='word_1_462' title='bbox 1119 3442 1133 3491; x_wconf 92' lang='lat'><strong>;</strong></span> <span class='ocrx_word' id='word_1_463' title='bbox 1170 3424 1280 3477; x_wconf 91' lang='lat' dir='ltr'><strong>imo</strong></span> <span class='ocrx_word' id='word_1_464' title='bbox 1317 3426 1499 3477; x_wconf 89' lang='lat' dir='ltr'><strong>omnia</strong></span> <span class='ocrx_word' id='word_1_465' title='bbox 1536 3422 1794 3493; x_wconf 84' lang='lat' dir='ltr'><strong>deinceps</strong></span> <span class='ocrx_word' id='word_1_466' title='bbox 1835 3440 1961 3495; x_wconf 81' lang='lat' dir='ltr'><strong>per-</strong></span> 
     </span>
    </p>
   </div>
   <div class='ocr_carea' id='block_1_66' title="bbox 387 3514 1958 3586">
    <p class='ocr_par' dir='ltr' id='par_1_66' title="bbox 387 3514 1958 3586">
     <span class='ocr_line' id='line_1_66' title="bbox 387 3514 1958 3586; baseline 0 -14"><span class='ocrx_word' id='word_1_467' title='bbox 387 3524 715 3586; x_wconf 89' lang='lat' dir='ltr'><strong>sequentes,</strong></span> <span class='ocrx_word' id='word_1_468' title='bbox 782 3516 967 3569; x_wconf 88' lang='lat' dir='ltr'><strong>omnia</strong></span> <span class='ocrx_word' id='word_1_469' title='bbox 1033 3516 1246 3569; x_wconf 89' lang='lat' dir='ltr'><strong>inutilia</strong></span> <span class='ocrx_word' id='word_1_470' title='bbox 1304 3524 1358 3568; x_wconf 92' lang='lat' dir='ltr'><strong>et</strong></span> <span class='ocrx_word' id='word_1_471' title='bbox 1404 3515 1581 3568; x_wconf 86' lang='lat' dir='ltr'><strong>aliena</strong></span> <span class='ocrx_word' id='word_1_472' title='bbox 1621 3514 1958 3572; x_wconf 80' lang='lat' dir='ltr'><strong>existimare.</strong></span> 
     </span>
    </p>
   </div>
   <div class='ocr_carea' id='block_1_67' title="bbox 386 3606 1964 3681">
    <p class='ocr_par' dir='ltr' id='par_1_67' title="bbox 386 3606 1964 3681">
     <span class='ocr_line' id='line_1_67' title="bbox 386 3606 1964 3681; baseline 0.003 -21"><span class='ocrx_word' id='word_1_473' title='bbox 386 3606 598 3662; x_wconf 80' lang='lat' dir='ltr'><strong>Idcirco</strong></span> <span class='ocrx_word' id='word_1_474' title='bbox 630 3623 732 3661; x_wconf 90' lang='lat' dir='ltr'><strong>nos</strong></span> <span class='ocrx_word' id='word_1_475' title='bbox 773 3607 826 3660; x_wconf 89' lang='lat' dir='ltr'><strong>in</strong></span> <span class='ocrx_word' id='word_1_476' title='bbox 874 3622 1065 3661; x_wconf 89' lang='lat' dir='ltr'><strong>omnes</strong></span> <span class='ocrx_word' id='word_1_477' title='bbox 1096 3621 1376 3661; x_wconf 87' lang='lat' dir='ltr'><strong>sermones</strong></span> <span class='ocrx_word' id='word_1_478' title='bbox 1404 3607 1649 3675; x_wconf 89' lang='lat' dir='ltr'><strong>ipsorum</strong></span> <span class='ocrx_word' id='word_1_479' title='bbox 1681 3606 1964 3681; x_wconf 88' lang='lat' dir='ltr'><strong>hucusque</strong></span> 
     </span>
    </p>
   </div>
   <div class='ocr_carea' id='block_1_68' title="bbox 389 3698 1964 3768">
    <p class='ocr_par' dir='ltr' id='par_1_68' title="bbox 389 3698 1964 3768">
     <span class='ocr_line' id='line_1_68' title="bbox 389 3698 1964 3768; baseline 0.003 -15"><span class='ocrx_word' id='word_1_480' title='bbox 389 3699 631 3768; x_wconf 86' lang='lat' dir='ltr'><strong>delapsi,</strong></span> <span class='ocrx_word' id='word_1_481' title='bbox 675 3715 742 3753; x_wconf 92' lang='lat' dir='ltr'><strong>ne</strong></span> <span class='ocrx_word' id='word_1_482' title='bbox 778 3698 1209 3768; x_wconf 82' lang='lat' dir='ltr'><strong>magnitudinem</strong></span> <span class='ocrx_word' id='word_1_483' title='bbox 1259 3698 1399 3752; x_wconf 89' lang='lat' dir='ltr'><strong>libro</strong></span> <span class='ocrx_word' id='word_1_484' title='bbox 1452 3699 1827 3768; x_wconf 66' lang='lat' dir='ltr'><strong>prmbeamus,</strong></span> <span class='ocrx_word' id='word_1_485' title='bbox 1869 3701 1964 3758; x_wconf 83' lang='lat' dir='ltr'><strong>his</strong></span> 
     </span>
    </p>
   </div>
   <div class='ocr_carea' id='block_1_69' title="bbox 376 3789 1963 3861">
    <p class='ocr_par' dir='ltr' id='par_1_69' title="bbox 376 3789 1963 3861">
     <span class='ocr_line' id='line_1_69' title="bbox 376 3789 1963 3861; baseline 0.003 -18"><span class='ocrx_word' id='word_1_486' title='bbox 376 3790 655 3861; x_wconf 78' lang='lat' dir='ltr'><strong>hactenus</strong></span> <span class='ocrx_word' id='word_1_487' title='bbox 686 3790 848 3844; x_wconf 90' lang='lat' dir='ltr'><strong>dictis</strong></span> <span class='ocrx_word' id='word_1_488' title='bbox 880 3790 1273 3853; x_wconf 89' lang='lat' dir='ltr'><strong>terminemus,</strong></span> <span class='ocrx_word' id='word_1_489' title='bbox 1311 3789 1454 3844; x_wconf 84' lang='lat' dir='ltr'><strong>facta</strong></span> <span class='ocrx_word' id='word_1_490' title='bbox 1491 3806 1557 3846; x_wconf 85' lang='lat' dir='ltr'><strong>ex</strong></span> <span class='ocrx_word' id='word_1_491' title='bbox 1603 3792 1794 3861; x_wconf 89' lang='lat' dir='ltr'><strong>paucis</strong></span> <span class='ocrx_word' id='word_1_492' title='bbox 1831 3793 1963 3848; x_wconf 82' lang='lat' dir='ltr'><strong>alio-</strong></span> 
     </span>
    </p>
   </div>
   <div class='ocr_carea' id='block_1_70' title="bbox 390 3881 1967 3950">
    <p class='ocr_par' dir='ltr' id='par_1_70' title="bbox 390 3881 1967 3950">
     <span class='ocr_line' id='line_1_70' title="bbox 390 3881 1967 3950; baseline 0.001 -12"><span class='ocrx_word' id='word_1_493' title='bbox 390 3900 512 3938; x_wconf 88' lang='lat' dir='ltr'><strong>rum</strong></span> <span class='ocrx_word' id='word_1_494' title='bbox 546 3884 913 3949; x_wconf 88' lang='lat' dir='ltr'><strong>indicatione,</strong></span> <span class='ocrx_word' id='word_1_495' title='bbox 947 3889 1001 3936; x_wconf 90' lang='lat' dir='ltr'><strong>et</strong></span> <span class='ocrx_word' id='word_1_496' title='bbox 1033 3899 1096 3937; x_wconf 71' lang='lat' dir='ltr'><strong>ex</strong></span> <span class='ocrx_word' id='word_1_497' title='bbox 1131 3881 1296 3936; x_wconf 87' lang='lat' dir='ltr'><strong>dictis</strong></span> <span class='ocrx_word' id='word_1_498' title='bbox 1352 3882 1502 3950; x_wconf 90' lang='lat' dir='ltr'><strong>prius</strong></span> <span class='ocrx_word' id='word_1_499' title='bbox 1542 3898 1731 3937; x_wconf 89' lang='lat' dir='ltr'><strong>eorum</strong></span> <span class='ocrx_word' id='word_1_500' title='bbox 1771 3884 1967 3940; x_wconf 86' lang='lat' dir='ltr'><strong>confu-</strong></span> 
     </span>
    </p>
   </div>
   <div class='ocr_carea' id='block_1_71' title="bbox 391 3975 1968 4046">
    <p class='ocr_par' dir='ltr' id='par_1_71' title="bbox 391 3975 1968 4046">
     <span class='ocr_line' id='line_1_71' title="bbox 391 3975 1968 4046; baseline 0.002 -17"><span class='ocrx_word' id='word_1_501' title='bbox 391 3976 599 4029; x_wconf 87' lang='lat' dir='ltr'><strong>tatione</strong></span> <span class='ocrx_word' id='word_1_502' title='bbox 628 3975 893 4029; x_wconf 85' lang='lat' dir='ltr'><strong>confecta.</strong></span> <span class='ocrx_word' id='word_1_503' title='bbox 931 3975 1081 4046; x_wconf 79' lang='lat' dir='ltr'><strong>Opus</strong></span> <span class='ocrx_word' id='word_1_504' title='bbox 1116 3983 1296 4029; x_wconf 88' lang='lat' dir='ltr'><strong>autem</strong></span> <span class='ocrx_word' id='word_1_505' title='bbox 1323 3983 1407 4029; x_wconf 89' lang='lat' dir='ltr'><strong>est</strong></span> <span class='ocrx_word' id='word_1_506' title='bbox 1439 3975 1725 4045; x_wconf 78' lang='lat' dir='ltr'><strong>diligentia</strong></span> <span class='ocrx_word' id='word_1_507' title='bbox 1755 3977 1968 4032; x_wconf 88' lang='lat' dir='ltr'><strong>studio-</strong></span> 
     </span>
    </p>
   </div>
   <div class='ocr_carea' id='block_1_72' title="bbox 393 4066 1965 4136">
    <p class='ocr_par' dir='ltr' id='par_1_72' title="bbox 393 4066 1965 4136">
     <span class='ocr_line' id='line_1_72' title="bbox 393 4066 1965 4136; baseline -0.001 -14"><span class='ocrx_word' id='word_1_508' title='bbox 393 4067 473 4122; x_wconf 89' lang='lat' dir='ltr'><strong>sis</strong></span> <span class='ocrx_word' id='word_1_509' title='bbox 495 4108 510 4133; x_wconf 92' lang='lat'><strong>,</strong></span> <span class='ocrx_word' id='word_1_510' title='bbox 543 4073 602 4120; x_wconf 94' lang='lat' dir='ltr'><strong>ut</strong></span> <span class='ocrx_word' id='word_1_511' title='bbox 626 4081 816 4120; x_wconf 89' lang='lat' dir='ltr'><strong>omnes</strong></span> <span class='ocrx_word' id='word_1_512' title='bbox 843 4066 1146 4136; x_wconf 68' lang='lat' dir='ltr'><strong>prmstigias</strong></span> <span class='ocrx_word' id='word_1_513' title='bbox 1172 4066 1511 4136; x_wconf 73' lang='lat' dir='ltr'><strong>prmtervecti</strong></span> <span class='ocrx_word' id='word_1_514' title='bbox 1540 4081 1701 4122; x_wconf 89' lang='lat' dir='ltr'><strong>aures</strong></span> <span class='ocrx_word' id='word_1_515' title='bbox 1726 4076 1965 4132; x_wconf 86' lang='lat' dir='ltr'><strong>servent,</strong></span> 
     </span>
    </p>
   </div>
   <div class='ocr_carea' id='block_1_73' title="bbox 392 4156 1966 4225">
    <p class='ocr_par' dir='ltr' id='par_1_73' title="bbox 392 4156 1966 4225">
     <span class='ocr_line' id='line_1_73' title="bbox 392 4156 1966 4225; baseline -0.001 -14"><span class='ocrx_word' id='word_1_516' title='bbox 392 4172 464 4211; x_wconf 85' lang='lat' dir='ltr'><strong>ne</strong></span> <span class='ocrx_word' id='word_1_517' title='bbox 494 4171 521 4209; x_wconf 90' lang='lat' dir='ltr'><strong>a</strong></span> <span class='ocrx_word' id='word_1_518' title='bbox 554 4156 821 4225; x_wconf 88' lang='lat' dir='ltr'><strong>pravitate</strong></span> <span class='ocrx_word' id='word_1_519' title='bbox 850 4157 1137 4225; x_wconf 79' lang='lat' dir='ltr'><strong>capiantur</strong></span> <span class='ocrx_word' id='word_1_520' title='bbox 1165 4172 1181 4223; x_wconf 90' lang='lat'><strong>;</strong></span> <span class='ocrx_word' id='word_1_521' title='bbox 1219 4166 1277 4208; x_wconf 92' lang='lat' dir='ltr'><strong>ut</strong></span> <span class='ocrx_word' id='word_1_522' title='bbox 1310 4156 1419 4211; x_wconf 89' lang='lat' dir='ltr'><strong>sint</strong></span> <span class='ocrx_word' id='word_1_523' title='bbox 1452 4156 1711 4211; x_wconf 90' lang='lat' dir='ltr'><strong>custodes</strong></span> <span class='ocrx_word' id='word_1_524' title='bbox 1743 4172 1966 4212; x_wconf 89' lang='lat' dir='ltr'><strong>suarum</strong></span> 
     </span>
    </p>
   </div>
   <div class='ocr_carea' id='block_1_74' title="bbox 395 4247 1969 4317">
    <p class='ocr_par' dir='ltr' id='par_1_74' title="bbox 395 4247 1969 4317">
     <span class='ocr_line' id='line_1_74' title="bbox 395 4247 1969 4317; baseline 0 -16"><span class='ocrx_word' id='word_1_525' title='bbox 395 4248 609 4302; x_wconf 90' lang='lat' dir='ltr'><strong>aurium</strong></span> <span class='ocrx_word' id='word_1_526' title='bbox 631 4286 644 4311; x_wconf 95' lang='lat'><strong>,</strong></span> <span class='ocrx_word' id='word_1_527' title='bbox 678 4248 875 4317; x_wconf 86' lang='lat' dir='ltr'><strong>partim</strong></span> <span class='ocrx_word' id='word_1_528' title='bbox 905 4263 997 4301; x_wconf 88' lang='lat' dir='ltr'><strong>eas</strong></span> <span class='ocrx_word' id='word_1_529' title='bbox 1031 4247 1340 4317; x_wconf 87' lang='lat' dir='ltr'><strong>aperientes</strong></span> <span class='ocrx_word' id='word_1_530' title='bbox 1361 4288 1375 4310; x_wconf 91' lang='lat'><strong>,</strong></span> <span class='ocrx_word' id='word_1_531' title='bbox 1427 4263 1552 4301; x_wconf 87' lang='lat' dir='ltr'><strong>cum</strong></span> <span class='ocrx_word' id='word_1_532' title='bbox 1593 4264 1754 4304; x_wconf 82' lang='lat' dir='ltr'><strong>verus</strong></span> <span class='ocrx_word' id='word_1_533' title='bbox 1788 4264 1969 4305; x_wconf 86' lang='lat' dir='ltr'><strong>sermo</strong></span> 
     </span>
    </p>
   </div>
   <div class='ocr_carea' id='block_1_75' title="bbox 395 4339 1966 4409">
    <p class='ocr_par' dir='ltr' id='par_1_75' title="bbox 395 4339 1966 4409">
     <span class='ocr_line' id='line_1_75' title="bbox 395 4339 1966 4409; baseline 0.003 -17"><span class='ocrx_word' id='word_1_534' title='bbox 395 4340 578 4409; x_wconf 81' lang='lat' dir='ltr'><strong>pulsat</strong></span> <span class='ocrx_word' id='word_1_535' title='bbox 607 4358 622 4403; x_wconf 86' lang='lat'><strong>;</strong></span> <span class='ocrx_word' id='word_1_536' title='bbox 653 4339 850 4409; x_wconf 88' lang='lat' dir='ltr'><strong>partim</strong></span> <span class='ocrx_word' id='word_1_537' title='bbox 886 4339 1204 4393; x_wconf 88' lang='lat' dir='ltr'><strong>claudentes</strong></span> <span class='ocrx_word' id='word_1_538' title='bbox 1226 4382 1239 4406; x_wconf 95' lang='lat'><strong>,</strong></span> <span class='ocrx_word' id='word_1_539' title='bbox 1271 4355 1395 4393; x_wconf 88' lang='lat' dir='ltr'><strong>cmn</strong></span> <span class='ocrx_word' id='word_1_540' title='bbox 1430 4341 1603 4395; x_wconf 87' lang='lat' dir='ltr'><strong>falsus</strong></span> <span class='ocrx_word' id='word_1_541' title='bbox 1629 4351 1681 4397; x_wconf 93' lang='lat' dir='ltr'><strong>et</strong></span> <span class='ocrx_word' id='word_1_542' title='bbox 1711 4342 1966 4408; x_wconf 89' lang='lat' dir='ltr'><strong>dolosus,</strong></span> 
     </span>
    </p>
   </div>
   <div class='ocr_carea' id='block_1_76' title="bbox 394 4399 2044 4495">
    <p class='ocr_par' dir='ltr' id='par_1_76' title="bbox 394 4399 2044 4495">
     <span class='ocr_line' id='line_1_76' title="bbox 394 4399 2044 4495; baseline 0.004 -12"><span class='ocrx_word' id='word_1_543' title='bbox 394 4431 681 4484; x_wconf 83' lang='lat' dir='ltr'><strong>veritatem</strong></span> <span class='ocrx_word' id='word_1_544' title='bbox 711 4431 976 4485; x_wconf 87' lang='lat' dir='ltr'><strong>simulans</strong></span> <span class='ocrx_word' id='word_1_545' title='bbox 1006 4432 1248 4495; x_wconf 90' lang='lat' dir='ltr'><strong>laborat,</strong></span> <span class='ocrx_word' id='word_1_546' title='bbox 1283 4439 1341 4485; x_wconf 93' lang='lat' dir='ltr'><strong>ut</strong></span> <span class='ocrx_word' id='word_1_547' title='bbox 1374 4433 1429 4486; x_wconf 92' lang='lat' dir='ltr'><strong>in</strong></span> <span class='ocrx_word' id='word_1_548' title='bbox 1465 4433 1725 4487; x_wconf 88' lang='lat' dir='ltr'><strong>conclave</strong></span> <span class='ocrx_word' id='word_1_549' title='bbox 1771 4436 1970 4489; x_wconf 89' lang='lat' dir='ltr'><strong>mentis</strong></span> <span class='ocrx_word' id='word_1_550' title='bbox 2000 4399 2044 4454; x_wconf 67' lang='grc' dir='ltr'><strong>Β</strong></span> 
     </span>
    </p>
   </div>
   <div class='ocr_carea' id='block_1_77' title="bbox 396 4520 1972 4594">
    <p class='ocr_par' dir='ltr' id='par_1_77' title="bbox 396 4520 1972 4594">
     <span class='ocr_line' id='line_1_77' title="bbox 396 4520 1972 4594; baseline 0.004 -20"><span class='ocrx_word' id='word_1_551' title='bbox 396 4520 685 4591; x_wconf 88' lang='lat' dir='ltr'><strong>irrumpat.</strong></span> <span class='ocrx_word' id='word_1_552' title='bbox 720 4521 869 4575; x_wconf 85' lang='lat' dir='ltr'><strong>Multi</strong></span> <span class='ocrx_word' id='word_1_553' title='bbox 897 4524 1041 4576; x_wconf 87' lang='lat' dir='ltr'><strong>enim</strong></span> <span class='ocrx_word' id='word_1_554' title='bbox 1074 4521 1183 4575; x_wconf 85' lang='lat' dir='ltr'><strong>ﬁcti</strong></span> <span class='ocrx_word' id='word_1_555' title='bbox 1225 4532 1279 4576; x_wconf 91' lang='lat' dir='ltr'><strong>et</strong></span> <span class='ocrx_word' id='word_1_556' title='bbox 1325 4524 1567 4576; x_wconf 89' lang='lat' dir='ltr'><strong>simulati</strong></span> <span class='ocrx_word' id='word_1_557' title='bbox 1610 4526 1829 4594; x_wconf 87' lang='lat' dir='ltr'><strong>pulsant</strong></span> <span class='ocrx_word' id='word_1_558' title='bbox 1874 4542 1972 4580; x_wconf 89' lang='lat' dir='ltr'><strong>au-</strong></span> 
     </span>
    </p>
   </div>
   <div class='ocr_carea' id='block_1_78' title="bbox 398 4614 1972 4686">
    <p class='ocr_par' dir='ltr' id='par_1_78' title="bbox 398 4614 1972 4686">
     <span class='ocr_line' id='line_1_78' title="bbox 398 4614 1972 4686; baseline 0.004 -20"><span class='ocrx_word' id='word_1_559' title='bbox 398 4627 520 4677; x_wconf 86' lang='lat' dir='ltr'><strong>res,</strong></span> <span class='ocrx_word' id='word_1_560' title='bbox 548 4614 794 4670; x_wconf 89' lang='lat' dir='ltr'><strong>dicentes</strong></span> <span class='ocrx_word' id='word_1_561' title='bbox 825 4635 838 4668; x_wconf 92' lang='lat'>:</span> <span class='ocrx_word' id='word_1_562' title='bbox 886 4614 998 4686; x_wconf 87' lang='lat' dir='ltr'><strong>Ego</strong></span> <span class='ocrx_word' id='word_1_563' title='bbox 1042 4632 1157 4668; x_wconf 81' lang='lat' dir='ltr'><strong>sum</strong></span> <span class='ocrx_word' id='word_1_564' title='bbox 1190 4614 1435 4669; x_wconf 71' lang='lat' dir='ltr'><strong>Christus</strong></span> <span class='ocrx_word' id='word_1_565' title='bbox 1474 4615 1515 4679; x_wconf 77' lang='grc'><strong>⁸,</strong></span> <span class='ocrx_word' id='word_1_566' title='bbox 1548 4625 1601 4669; x_wconf 93' lang='lat' dir='ltr'><strong>et</strong></span> <span class='ocrx_word' id='word_1_567' title='bbox 1645 4619 1847 4672; x_wconf 90' lang='lat' dir='ltr'><strong>multos</strong></span> <span class='ocrx_word' id='word_1_568' title='bbox 1877 4619 1972 4673; x_wconf 89' lang='lat' dir='ltr'><strong>de-</strong></span> 
     </span>
    </p>
   </div>
   <div class='ocr_carea' id='block_1_79' title="bbox 399 4698 1974 4778">
    <p class='ocr_par' dir='ltr' id='par_1_79' title="bbox 399 4698 1974 4778">
     <span class='ocr_line' id='line_1_79' title="bbox 399 4698 1974 4778; baseline 0.002 -17"><span class='ocrx_word' id='word_1_569' title='bbox 399 4708 639 4776; x_wconf 90' lang='lat' dir='ltr'><strong>cipient:</strong></span> <span class='ocrx_word' id='word_1_570' title='bbox 675 4705 818 4760; x_wconf 82' lang='lat' dir='ltr'><strong>Unus</strong></span> <span class='ocrx_word' id='word_1_571' title='bbox 852 4718 1024 4762; x_wconf 77' lang='lat' dir='ltr'><strong>autem</strong></span> <span class='ocrx_word' id='word_1_572' title='bbox 1060 4709 1204 4762; x_wconf 81' lang='lat' dir='ltr'><strong>solus</strong></span> <span class='ocrx_word' id='word_1_573' title='bbox 1234 4707 1477 4764; x_wconf 80' lang='lat' dir='ltr'><strong>Christus</strong></span> <span class='ocrx_word' id='word_1_574' title='bbox 1508 4709 1549 4775; x_wconf 86' lang='grc'><strong>⁷,</strong></span> <span class='ocrx_word' id='word_1_575' title='bbox 1583 4710 1673 4778; x_wconf 90' lang='lat' dir='ltr'><strong>qui</strong></span> <span class='ocrx_word' id='word_1_576' title='bbox 1702 4698 1797 4763; x_wconf 41' lang='lat' dir='ltr'><strong>&#39;est</strong></span> <span class='ocrx_word' id='word_1_577' title='bbox 1838 4711 1974 4765; x_wconf 87' lang='lat' dir='ltr'><strong>libe-</strong></span> 
     </span>
    </p>
   </div>
   <div class='ocr_carea' id='block_1_80' title="bbox 399 4796 1974 4867">
    <p class='ocr_par' dir='ltr' id='par_1_80' title="bbox 399 4796 1974 4867">
     <span class='ocr_line' id='line_1_80' title="bbox 399 4796 1974 4867; baseline 0.001 -19"><span class='ocrx_word' id='word_1_578' title='bbox 399 4804 572 4861; x_wconf 85' lang='lat' dir='ltr'><strong>rator,</strong></span> <span class='ocrx_word' id='word_1_579' title='bbox 609 4811 811 4865; x_wconf 75' lang='lat' dir='ltr'><strong>prteses</strong></span> <span class='ocrx_word' id='word_1_580' title='bbox 844 4796 1119 4859; x_wconf 71' lang='lat' dir='ltr'><strong>vietorire,</strong></span> <span class='ocrx_word' id='word_1_581' title='bbox 1158 4796 1434 4852; x_wconf 87' lang='lat' dir='ltr'><strong>beneficus</strong></span> <span class='ocrx_word' id='word_1_582' title='bbox 1455 4837 1469 4861; x_wconf 92' lang='lat'><strong>,</strong></span> <span class='ocrx_word' id='word_1_583' title='bbox 1497 4797 1590 4867; x_wconf 87' lang='lat' dir='ltr'><strong>qui</strong></span> <span class='ocrx_word' id='word_1_584' title='bbox 1614 4796 1974 4866; x_wconf 87' lang='lat' dir='ltr'><strong>dispositione</strong></span> 
     </span>
    </p>
   </div>
   <div class='ocr_carea' id='block_1_81' title="bbox 401 4889 1971 4960">
    <p class='ocr_par' dir='ltr' id='par_1_81' title="bbox 401 4889 1971 4960">
     <span class='ocr_line' id='line_1_81' title="bbox 401 4889 1971 4960; baseline 0 -18"><span class='ocrx_word' id='word_1_585' title='bbox 401 4889 615 4957; x_wconf 88' lang='lat' dir='ltr'><strong>pulsat,</strong></span> <span class='ocrx_word' id='word_1_586' title='bbox 652 4890 744 4958; x_wconf 91' lang='lat' dir='ltr'><strong>qui</strong></span> <span class='ocrx_word' id='word_1_587' title='bbox 776 4890 1083 4944; x_wconf 87' lang='lat' dir='ltr'><strong>libertatem</strong></span> <span class='ocrx_word' id='word_1_588' title='bbox 1128 4892 1179 4943; x_wconf 88' lang='lat' dir='ltr'><strong>in</strong></span> <span class='ocrx_word' id='word_1_589' title='bbox 1224 4890 1343 4960; x_wconf 92' lang='lat' dir='ltr'><strong>ipso</strong></span> <span class='ocrx_word' id='word_1_590' title='bbox 1373 4889 1525 4944; x_wconf 89' lang='lat' dir='ltr'><strong>aditu</strong></span> <span class='ocrx_word' id='word_1_591' title='bbox 1552 4890 1847 4953; x_wconf 87' lang='lat' dir='ltr'><strong>conciliat,</strong></span> <span class='ocrx_word' id='word_1_592' title='bbox 1879 4889 1971 4958; x_wconf 92' lang='lat' dir='ltr'><strong>qui</strong></span> 
     </span>
    </p>
   </div>
   <div class='ocr_carea' id='block_1_82' title="bbox 403 4980 1976 5052">
    <p class='ocr_par' dir='ltr' id='par_1_82' title="bbox 403 4980 1976 5052">
     <span class='ocr_line' id='line_1_82' title="bbox 403 4980 1976 5052; baseline 0 -18"><span class='ocrx_word' id='word_1_593' title='bbox 403 4980 567 5034; x_wconf 88' lang='lat' dir='ltr'><strong>simul</strong></span> <span class='ocrx_word' id='word_1_594' title='bbox 598 4989 655 5034; x_wconf 89' lang='lat' dir='ltr'><strong>ut</strong></span> <span class='ocrx_word' id='word_1_595' title='bbox 688 4981 1012 5049; x_wconf 70' lang='lat' dir='ltr'><strong>ingreditur,</strong></span> <span class='ocrx_word' id='word_1_596' title='bbox 1063 4992 1285 5051; x_wconf 79' lang='lat' dir='ltr'><strong>peccata</strong></span> <span class='ocrx_word' id='word_1_597' title='bbox 1321 4984 1601 5049; x_wconf 85' lang='lat' dir='ltr'><strong>excludit,</strong></span> <span class='ocrx_word' id='word_1_598' title='bbox 1634 4983 1728 5052; x_wconf 86' lang='lat' dir='ltr'><strong>qui</strong></span> <span class='ocrx_word' id='word_1_599' title='bbox 1784 4982 1842 5035; x_wconf 94' lang='lat' dir='ltr'><strong>in</strong></span> <span class='ocrx_word' id='word_1_600' title='bbox 1890 4982 1976 5035; x_wconf 58' lang='lat' dir='ltr'><strong>inc</strong></span> 
     </span>
    </p>
   </div>
   <div class='ocr_carea' id='block_1_83' title="bbox 403 5073 1974 5145">
    <p class='ocr_par' dir='ltr' id='par_1_83' title="bbox 403 5073 1974 5145">
     <span class='ocr_line' id='line_1_83' title="bbox 403 5073 1974 5145; baseline 0.001 -21"><span class='ocrx_word' id='word_1_601' title='bbox 403 5088 594 5141; x_wconf 75' lang='lat' dir='ltr'><strong>gressu</strong></span> <span class='ocrx_word' id='word_1_602' title='bbox 638 5074 931 5126; x_wconf 89' lang='lat' dir='ltr'><strong>amicitiam</strong></span> <span class='ocrx_word' id='word_1_603' title='bbox 973 5090 1098 5127; x_wconf 87' lang='lat' dir='ltr'><strong>cum</strong></span> <span class='ocrx_word' id='word_1_604' title='bbox 1133 5073 1292 5129; x_wconf 85' lang='lat' dir='ltr'><strong>Patre</strong></span> <span class='ocrx_word' id='word_1_605' title='bbox 1322 5076 1550 5139; x_wconf 88' lang='lat' dir='ltr'><strong>tribuit,</strong></span> <span class='ocrx_word' id='word_1_606' title='bbox 1584 5076 1679 5145; x_wconf 91' lang='lat' dir='ltr'><strong>qui</strong></span> <span class='ocrx_word' id='word_1_607' title='bbox 1729 5090 1856 5127; x_wconf 77' lang='lat' dir='ltr'><strong>mox</strong></span> <span class='ocrx_word' id='word_1_608' title='bbox 1888 5073 1974 5127; x_wconf 89' lang='lat' dir='ltr'><strong>in-</strong></span> 
     </span>
    </p>
   </div>
   <div class='ocr_carea' id='block_1_84' title="bbox 403 5166 1406 5238">
    <p class='ocr_par' dir='ltr' id='par_1_84' title="bbox 403 5166 1406 5238">
     <span class='ocr_line' id='line_1_84' title="bbox 403 5166 1406 5238; baseline 0.005 -20"><span class='ocrx_word' id='word_1_609' title='bbox 403 5166 656 5233; x_wconf 77' lang='lat' dir='ltr'><strong>grediens</strong></span> <span class='ocrx_word' id='word_1_610' title='bbox 687 5175 890 5236; x_wconf 68' lang='lat' dir='ltr'><strong>troptea</strong></span> <span class='ocrx_word' id='word_1_611' title='bbox 929 5166 981 5219; x_wconf 91' lang='lat' dir='ltr'><strong>in</strong></span> <span class='ocrx_word' id='word_1_612' title='bbox 1019 5166 1197 5220; x_wconf 88' lang='lat' dir='ltr'><strong>anima</strong></span> <span class='ocrx_word' id='word_1_613' title='bbox 1235 5169 1406 5238; x_wconf 87' lang='lat' dir='ltr'><strong>ponit.</strong></span> 
     </span>
    </p>
   </div>
   <div class='ocr_carea' id='block_1_85' title="bbox 476 5427 1039 5493">
    <p class='ocr_par' dir='ltr' id='par_1_85' title="bbox 476 5427 1039 5493">
     <span class='ocr_line' id='line_1_85' title="bbox 476 5427 1039 5493; baseline 0.002 -11"><span class='ocrx_word' id='word_1_614' title='bbox 476 5429 498 5460; x_wconf 84' lang='grc'><strong>⁸</strong></span> <span class='ocrx_word' id='word_1_615' title='bbox 541 5427 724 5483; x_wconf 77' lang='lat' dir='ltr'><strong>Matth.</strong></span> <span class='ocrx_word' id='word_1_616' title='bbox 762 5446 909 5493; x_wconf 75' lang='lat' dir='ltr'><strong>xxrv,</strong></span> <span class='ocrx_word' id='word_1_617' title='bbox 947 5428 1039 5483; x_wconf 67' lang='lat'><strong>2&#39;5.</strong></span> 
     </span>
    </p>
   </div>
   <div class='ocr_carea' id='block_1_86' title="bbox 2058 3160 3648 3237">
    <p class='ocr_par' dir='ltr' id='par_1_86' title="bbox 2058 3160 3648 3237">
     <span class='ocr_line' id='line_1_86' title="bbox 2058 3160 3648 3237; baseline 0.006 -24"><span class='ocrx_word' id='word_1_618' title='bbox 2058 3160 2292 3232; x_wconf 83' lang='grc' dir='ltr'><strong>ἀγύρται</strong></span> <span class='ocrx_word' id='word_1_619' title='bbox 2329 3163 2472 3226; x_wconf 78' lang='grc' dir='ltr'><strong>τινὲς</strong></span> <span class='ocrx_word' id='word_1_620' title='bbox 2516 3163 2667 3228; x_wconf 79' lang='grc' dir='ltr'><strong>ὅντες</strong></span> <span class='ocrx_word' id='word_1_621' title='bbox 2709 3165 2802 3218; x_wconf 74' lang='grc' dir='ltr'><strong>καὶ</strong></span> <span class='ocrx_word' id='word_1_622' title='bbox 2845 3166 3119 3237; x_wconf 84' lang='grc' dir='ltr'><strong>ἀγοραῖοι,</strong></span> <span class='ocrx_word' id='word_1_623' title='bbox 3152 3166 3420 3237; x_wconf 77' lang='grc' dir='ltr'><strong>ἄθροισμα</strong></span> <span class='ocrx_word' id='word_1_624' title='bbox 3460 3167 3648 3237; x_wconf 79' lang='grc' dir='ltr'><strong>λόγων</strong></span> 
     </span>
    </p>
   </div>
   <div class='ocr_carea' id='block_1_87' title="bbox 2060 3252 3648 3328">
    <p class='ocr_par' dir='ltr' id='par_1_87' title="bbox 2060 3252 3648 3328">
     <span class='ocr_line' id='line_1_87' title="bbox 2060 3252 3648 3328; baseline 0.006 -25"><span class='ocrx_word' id='word_1_625' title='bbox 2060 3252 2324 3323; x_wconf 84' lang='grc' dir='ltr'><strong>πονηρίας</strong></span> <span class='ocrx_word' id='word_1_626' title='bbox 2354 3256 2744 3326; x_wconf 87' lang='grc' dir='ltr'><strong>συναγηοχότες</strong></span> <span class='ocrx_word' id='word_1_627' title='bbox 2767 3273 2780 3287; x_wconf 91' lang='grc'><strong>·</strong></span> <span class='ocrx_word' id='word_1_628' title='bbox 2811 3255 2926 3310; x_wconf 80' lang='grc' dir='ltr'><strong>ἔστι</strong></span> <span class='ocrx_word' id='word_1_629' title='bbox 2955 3257 3065 3328; x_wconf 88' lang='grc' dir='ltr'><strong>γάρ</strong></span> <span class='ocrx_word' id='word_1_630' title='bbox 3084 3257 3144 3309; x_wconf 76' lang='grc' dir='ltr'><strong>τὸ</strong></span> <span class='ocrx_word' id='word_1_631' title='bbox 3177 3257 3233 3310; x_wconf 82' lang='grc' dir='ltr'><strong>ἓν</strong></span> <span class='ocrx_word' id='word_1_632' title='bbox 3266 3259 3526 3328; x_wconf 80' lang='grc' dir='ltr'><strong>ἐχόμενον</strong></span> <span class='ocrx_word' id='word_1_633' title='bbox 3553 3260 3648 3313; x_wconf 71' lang='grc' dir='ltr'><strong>τὸν</strong></span> 
     </span>
    </p>
   </div>
   <div class='ocr_carea' id='block_1_88' title="bbox 2059 3344 3647 3421">
    <p class='ocr_par' dir='ltr' id='par_1_88' title="bbox 2059 3344 3647 3421">
     <span class='ocr_line' id='line_1_88' title="bbox 2059 3344 3647 3421; baseline 0.008 -24"><span class='ocrx_word' id='word_1_634' title='bbox 2059 3344 2245 3418; x_wconf 70' lang='grc' dir='ltr'><strong>ἕτερον</strong></span> <span class='ocrx_word' id='word_1_635' title='bbox 2275 3346 2550 3402; x_wconf 75' lang='grc' dir='ltr'><strong>αἰτιᾶσθαι</strong></span> <span class='ocrx_word' id='word_1_636' title='bbox 2573 3364 2585 3377; x_wconf 90' lang='grc'><strong>·</strong></span> <span class='ocrx_word' id='word_1_637' title='bbox 2618 3349 2754 3402; x_wconf 81' lang='grc' dir='ltr'><strong>ἀλλὰ</strong></span> <span class='ocrx_word' id='word_1_638' title='bbox 2779 3349 2852 3420; x_wconf 88' lang='grc' dir='ltr'><strong>μὴ</strong></span> <span class='ocrx_word' id='word_1_639' title='bbox 2883 3354 3058 3403; x_wconf 78' lang='grc' dir='ltr'><strong>πάντα</strong></span> <span class='ocrx_word' id='word_1_640' title='bbox 3082 3351 3277 3421; x_wconf 73' lang='grc' dir='ltr'><strong>ἐφεξῆς</strong></span> <span class='ocrx_word' id='word_1_641' title='bbox 3304 3351 3647 3419; x_wconf 70' lang='grc' dir='ltr'><strong>ἐπεξιόντας,</strong></span> 
     </span>
    </p>
   </div>
   <div class='ocr_carea' id='block_1_89' title="bbox 2063 3435 3652 3511">
    <p class='ocr_par' dir='ltr' id='par_1_89' title="bbox 2063 3435 3652 3511">
     <span class='ocr_line' id='line_1_89' title="bbox 2063 3435 3652 3511; baseline 0.008 -23"><span class='ocrx_word' id='word_1_642' title='bbox 2063 3435 2240 3490; x_wconf 84' lang='grc' dir='ltr'><strong>πάντα</strong></span> <span class='ocrx_word' id='word_1_643' title='bbox 2270 3438 2464 3510; x_wconf 87' lang='grc' dir='ltr'><strong>ἀχρεῖα</strong></span> <span class='ocrx_word' id='word_1_644' title='bbox 2495 3440 2589 3494; x_wconf 79' lang='grc' dir='ltr'><strong>καὶ</strong></span> <span class='ocrx_word' id='word_1_645' title='bbox 2633 3440 2839 3509; x_wconf 80' lang='grc' dir='ltr'><strong>ἔκφυλα</strong></span> <span class='ocrx_word' id='word_1_646' title='bbox 2881 3440 3150 3511; x_wconf 75' lang='grc' dir='ltr'><strong>ἡγεῖσθαι.</strong></span> <span class='ocrx_word' id='word_1_647' title='bbox 3198 3443 3298 3495; x_wconf 82' lang='grc' dir='ltr'><strong>Διά</strong></span> <span class='ocrx_word' id='word_1_648' title='bbox 3338 3444 3502 3498; x_wconf 77' lang='grc' dir='ltr'><strong>τοῦτο</strong></span> <span class='ocrx_word' id='word_1_649' title='bbox 3549 3449 3652 3500; x_wconf 76' lang='grc' dir='ltr'><strong>καὶ</strong></span> 
     </span>
    </p>
   </div>
   <div class='ocr_carea' id='block_1_90' title="bbox 2062 3527 3649 3603">
    <p class='ocr_par' dir='ltr' id='par_1_90' title="bbox 2062 3527 3649 3603">
     <span class='ocr_line' id='line_1_90' title="bbox 2062 3527 3649 3603; baseline 0.007 -26"><span class='ocrx_word' id='word_1_650' title='bbox 2062 3527 2223 3596; x_wconf 81' lang='grc' dir='ltr'><strong>ἡμεῖς</strong></span> <span class='ocrx_word' id='word_1_651' title='bbox 2266 3530 2344 3591; x_wconf 85' lang='grc' dir='ltr'><strong>είς</strong></span> <span class='ocrx_word' id='word_1_652' title='bbox 2387 3527 2600 3582; x_wconf 78' lang='grc' dir='ltr'><strong>ἅπαντα</strong></span> <span class='ocrx_word' id='word_1_653' title='bbox 2646 3529 2802 3598; x_wconf 90' lang='grc' dir='ltr'><strong>λόγον</strong></span> <span class='ocrx_word' id='word_1_654' title='bbox 2833 3530 3013 3584; x_wconf 84' lang='grc' dir='ltr'><strong>αὐτῶν</strong></span> <span class='ocrx_word' id='word_1_655' title='bbox 3057 3532 3351 3594; x_wconf 83' lang='grc' dir='ltr'><strong>κατιόντες,</strong></span> <span class='ocrx_word' id='word_1_656' title='bbox 3387 3533 3460 3603; x_wconf 87' lang='grc' dir='ltr'><strong>μὴ</strong></span> <span class='ocrx_word' id='word_1_657' title='bbox 3507 3534 3649 3588; x_wconf 76' lang='grc' dir='ltr'><strong>πολὺ</strong></span> 
     </span>
    </p>
   </div>
   <div class='ocr_carea' id='block_1_91' title="bbox 2068 3617 3649 3696">
    <p class='ocr_par' dir='ltr' id='par_1_91' title="bbox 2068 3617 3649 3696">
     <span class='ocr_line' id='line_1_91' title="bbox 2068 3617 3649 3696; baseline -0.002 -14"><span class='ocrx_word' id='word_1_658' title='bbox 2068 3617 2240 3688; x_wconf 83' lang='grc' dir='ltr'><strong>μῆκος</strong></span> <span class='ocrx_word' id='word_1_659' title='bbox 2279 3619 2646 3691; x_wconf 84' lang='grc' dir='ltr'><strong>παράσχωμεν</strong></span> <span class='ocrx_word' id='word_1_660' title='bbox 2669 3620 2744 3692; x_wconf 81' lang='grc' dir='ltr'><strong>τῷ</strong></span> <span class='ocrx_word' id='word_1_661' title='bbox 2782 3621 2945 3692; x_wconf 85' lang='grc' dir='ltr'><strong>λόγῳ,</strong></span> <span class='ocrx_word' id='word_1_662' title='bbox 2977 3624 3138 3695; x_wconf 82' lang='grc' dir='ltr'><strong>μέχρι</strong></span> <span class='ocrx_word' id='word_1_663' title='bbox 3171 3624 3371 3678; x_wconf 80' lang='grc' dir='ltr'><strong>τούτων</strong></span> <span class='ocrx_word' id='word_1_664' title='bbox 3402 3624 3649 3696; x_wconf 76' lang='grc' dir='ltr'><strong>στῶμεν,</strong></span> 
     </span>
    </p>
   </div>
   <div class='ocr_carea' id='block_1_92' title="bbox 2063 3708 3652 3782">
    <p class='ocr_par' dir='ltr' id='par_1_92' title="bbox 2063 3708 3652 3782">
     <span class='ocr_line' id='line_1_92' title="bbox 2063 3708 3652 3782; baseline 0.007 -21"><span class='ocrx_word' id='word_1_665' title='bbox 2063 3708 2152 3761; x_wconf 80' lang='grc' dir='ltr'><strong>διὰ</strong></span> <span class='ocrx_word' id='word_1_666' title='bbox 2198 3708 2305 3763; x_wconf 85' lang='grc' dir='ltr'><strong>τῶν</strong></span> <span class='ocrx_word' id='word_1_667' title='bbox 2336 3710 2530 3778; x_wconf 85' lang='grc' dir='ltr'><strong>ὀλίγων</strong></span> <span class='ocrx_word' id='word_1_668' title='bbox 2567 3713 2660 3766; x_wconf 75' lang='grc' dir='ltr'><strong>καὶ</strong></span> <span class='ocrx_word' id='word_1_669' title='bbox 2696 3713 2763 3767; x_wconf 77' lang='grc' dir='ltr'><strong>τὰ</strong></span> <span class='ocrx_word' id='word_1_670' title='bbox 2806 3714 2940 3768; x_wconf 84' lang='grc' dir='ltr'><strong>ἄλλα</strong></span> <span class='ocrx_word' id='word_1_671' title='bbox 2981 3716 3370 3782; x_wconf 77' lang='grc' dir='ltr'><strong>ὑποδείξαντες,</strong></span> <span class='ocrx_word' id='word_1_672' title='bbox 3413 3720 3514 3771; x_wconf 77' lang='grc' dir='ltr'><strong>καὶ</strong></span> <span class='ocrx_word' id='word_1_673' title='bbox 3562 3720 3652 3772; x_wconf 66' lang='grc' dir='ltr'><strong>διὰ</strong></span> 
     </span>
    </p>
   </div>
   <div class='ocr_carea' id='block_1_93' title="bbox 2065 3800 3645 3878">
    <p class='ocr_par' dir='ltr' id='par_1_93' title="bbox 2065 3800 3645 3878">
     <span class='ocr_line' id='line_1_93' title="bbox 2065 3800 3645 3878; baseline 0.006 -23"><span class='ocrx_word' id='word_1_674' title='bbox 2065 3800 2173 3855; x_wconf 84' lang='grc' dir='ltr'><strong>τῶν</strong></span> <span class='ocrx_word' id='word_1_675' title='bbox 2234 3802 2633 3873; x_wconf 83' lang='grc' dir='ltr'><strong>προλεχθέντων</strong></span> <span class='ocrx_word' id='word_1_676' title='bbox 2687 3807 2777 3859; x_wconf 85' lang='grc' dir='ltr'><strong>τὸν</strong></span> <span class='ocrx_word' id='word_1_677' title='bbox 2825 3807 3044 3878; x_wconf 78' lang='grc' dir='ltr'><strong>ἔλεγχον</strong></span> <span class='ocrx_word' id='word_1_678' title='bbox 3107 3809 3645 3871; x_wconf 77' lang='grc' dir='ltr'><strong>κατασκευάσαντες.</strong></span> 
     </span>
    </p>
   </div>
   <div class='ocr_carea' id='block_1_94' title="bbox 2080 3893 3652 3972">
    <p class='ocr_par' dir='ltr' id='par_1_94' title="bbox 2080 3893 3652 3972">
     <span class='ocr_line' id='line_1_94' title="bbox 2080 3893 3652 3972; baseline 0.005 -26"><span class='ocrx_word' id='word_1_679' title='bbox 2080 3893 2420 3963; x_wconf 83' lang='grc' dir='ltr'><strong>Ἐπιμελείας</strong></span> <span class='ocrx_word' id='word_1_680' title='bbox 2474 3894 2531 3947; x_wconf 86' lang='grc' dir='ltr'><strong>δὲ</strong></span> <span class='ocrx_word' id='word_1_681' title='bbox 2583 3898 2697 3959; x_wconf 84' lang='grc' dir='ltr'><strong>τοῖς</strong></span> <span class='ocrx_word' id='word_1_682' title='bbox 2747 3898 3053 3964; x_wconf 85' lang='grc' dir='ltr'><strong>σπουδαίοις</strong></span> <span class='ocrx_word' id='word_1_683' title='bbox 3103 3902 3280 3972; x_wconf 82' lang='grc' dir='ltr'><strong>χρεία,</strong></span> <span class='ocrx_word' id='word_1_684' title='bbox 3330 3900 3419 3954; x_wconf 79' lang='grc' dir='ltr'><strong>ἵνα</strong></span> <span class='ocrx_word' id='word_1_685' title='bbox 3466 3903 3652 3955; x_wconf 74' lang='grc' dir='ltr'><strong>πᾶσαν</strong></span> 
     </span>
    </p>
   </div>
   <div class='ocr_carea' id='block_1_95' title="bbox 2067 3983 3652 4061">
    <p class='ocr_par' dir='ltr' id='par_1_95' title="bbox 2067 3983 3652 4061">
     <span class='ocr_line' id='line_1_95' title="bbox 2067 3983 3652 4061; baseline 0.006 -26"><span class='ocrx_word' id='word_1_686' title='bbox 2067 3983 2320 4053; x_wconf 85' lang='grc' dir='ltr'><strong>γοητείαν</strong></span> <span class='ocrx_word' id='word_1_687' title='bbox 2369 3984 2825 4057; x_wconf 76' lang='grc' dir='ltr'><strong>ὑπερϐεϐηκότες,</strong></span> <span class='ocrx_word' id='word_1_688' title='bbox 2874 3988 3144 4061; x_wconf 80' lang='grc' dir='ltr'><strong>ἀλήπτους</strong></span> <span class='ocrx_word' id='word_1_689' title='bbox 3175 3990 3273 4053; x_wconf 89' lang='grc' dir='ltr'><strong>τάς</strong></span> <span class='ocrx_word' id='word_1_690' title='bbox 3322 3990 3491 4053; x_wconf 74' lang='grc' dir='ltr'><strong>ἀκοὰς</strong></span> <span class='ocrx_word' id='word_1_691' title='bbox 3542 3992 3652 4044; x_wconf 69' lang='grc' dir='ltr'><strong>ἀπὸ</strong></span> 
     </span>
    </p>
   </div>
   <div class='ocr_carea' id='block_1_96' title="bbox 2068 4072 3653 4149">
    <p class='ocr_par' dir='ltr' id='par_1_96' title="bbox 2068 4072 3653 4149">
     <span class='ocr_line' id='line_1_96' title="bbox 2068 4072 3653 4149; baseline 0.006 -25"><span class='ocrx_word' id='word_1_692' title='bbox 2068 4072 2482 4146; x_wconf 82' lang='grc' dir='ltr'><strong>τῆς⁴πονηρίας</strong></span> <span class='ocrx_word' id='word_1_693' title='bbox 2536 4075 2963 4146; x_wconf 60' lang='grc' dir='ltr'><strong>διαφυλάξωσιν</strong></span> <span class='ocrx_word' id='word_1_694' title='bbox 3026 4079 3172 4143; x_wconf 83' lang='grc' dir='ltr'><strong>ὅπως</strong></span> <span class='ocrx_word' id='word_1_695' title='bbox 3230 4078 3653 4149; x_wconf 75' lang='grc' dir='ltr'><strong>κλειδοφύλακες</strong></span> 
     </span>
    </p>
   </div>
   <div class='ocr_carea' id='block_1_97' title="bbox 2071 4159 3653 4241">
    <p class='ocr_par' dir='ltr' id='par_1_97' title="bbox 2071 4159 3653 4241">
     <span class='ocr_line' id='line_1_97' title="bbox 2071 4159 3653 4241; baseline 0.006 -25"><span class='ocrx_word' id='word_1_696' title='bbox 2071 4159 2171 4217; x_wconf 81' lang='grc' dir='ltr'><strong>ὦσι</strong></span> <span class='ocrx_word' id='word_1_697' title='bbox 2199 4165 2305 4218; x_wconf 85' lang='grc' dir='ltr'><strong>τῶν</strong></span> <span class='ocrx_word' id='word_1_698' title='bbox 2331 4166 2539 4219; x_wconf 76' lang='grc' dir='ltr'><strong>ἑαυτῶν</strong></span> <span class='ocrx_word' id='word_1_699' title='bbox 2561 4169 2758 4235; x_wconf 83' lang='grc' dir='ltr'><strong>ἀκοῶν,</strong></span> <span class='ocrx_word' id='word_1_700' title='bbox 2783 4169 2876 4224; x_wconf 76' lang='grc' dir='ltr'><strong>καὶ</strong></span> <span class='ocrx_word' id='word_1_701' title='bbox 2908 4170 2984 4240; x_wconf 77' lang='grc' dir='ltr'><strong>πῆ</strong></span> <span class='ocrx_word' id='word_1_702' title='bbox 3020 4171 3116 4241; x_wconf 83' lang='grc' dir='ltr'><strong>μὲν</strong></span> <span class='ocrx_word' id='word_1_703' title='bbox 3147 4172 3543 4239; x_wconf 84' lang='grc' dir='ltr'><strong>ἀνοιγνύοντες,</strong></span> <span class='ocrx_word' id='word_1_704' title='bbox 3565 4174 3653 4225; x_wconf 82' lang='grc' dir='ltr'><strong>ὅτε</strong></span> 
     </span>
    </p>
   </div>
   <div class='ocr_carea' id='block_1_98' title="bbox 2071 4257 3652 4332">
    <p class='ocr_par' dir='ltr' id='par_1_98' title="bbox 2071 4257 3652 4332">
     <span class='ocr_line' id='line_1_98' title="bbox 2071 4257 3652 4332; baseline 0.004 -22"><span class='ocrx_word' id='word_1_705' title='bbox 2071 4257 2256 4330; x_wconf 84' lang='grc' dir='ltr'><strong>κρούει</strong></span> <span class='ocrx_word' id='word_1_706' title='bbox 2295 4260 2324 4311; x_wconf 98' lang='lat'><strong>6</strong></span> <span class='ocrx_word' id='word_1_707' title='bbox 2371 4258 2577 4332; x_wconf 78' lang='grc' dir='ltr'><strong>ἀληθὴς</strong></span> <span class='ocrx_word' id='word_1_708' title='bbox 2620 4260 2806 4330; x_wconf 79' lang='grc' dir='ltr'><strong>λόγος’</strong></span> <span class='ocrx_word' id='word_1_709' title='bbox 2848 4263 2922 4332; x_wconf 84' lang='grc' dir='ltr'><strong>πῆ</strong></span> <span class='ocrx_word' id='word_1_710' title='bbox 2969 4263 3026 4315; x_wconf 83' lang='grc' dir='ltr'><strong>δὲ</strong></span> <span class='ocrx_word' id='word_1_711' title='bbox 3070 4264 3471 4326; x_wconf 83' lang='grc' dir='ltr'><strong>ἀποκλείοντες,</strong></span> <span class='ocrx_word' id='word_1_712' title='bbox 3505 4266 3596 4317; x_wconf 78' lang='grc' dir='ltr'><strong>ὅτε</strong></span> <span class='ocrx_word' id='word_1_713' title='bbox 3624 4266 3652 4316; x_wconf 82' lang='grc' dir='ltr'><strong>ὁ</strong></span> 
     </span>
    </p>
   </div>
   <div class='ocr_carea' id='block_1_99' title="bbox 2070 4351 3651 4427">
    <p class='ocr_par' dir='ltr' id='par_1_99' title="bbox 2070 4351 3651 4427">
     <span class='ocr_line' id='line_1_99' title="bbox 2070 4351 3651 4427; baseline 0.003 -23"><span class='ocrx_word' id='word_1_714' title='bbox 2070 4351 2271 4423; x_wconf 72' lang='grc' dir='ltr'><strong>ψευδὴς</strong></span> <span class='ocrx_word' id='word_1_715' title='bbox 2297 4353 2390 4405; x_wconf 75' lang='grc' dir='ltr'><strong>καὶ</strong></span> <span class='ocrx_word' id='word_1_716' title='bbox 2414 4355 2886 4424; x_wconf 78' lang='grc' dir='ltr'><strong>πεφευακισμένος</strong></span> <span class='ocrx_word' id='word_1_717' title='bbox 2917 4355 3385 4425; x_wconf 75' lang='grc' dir='ltr'><strong>σχηματιζόμενος</strong></span> <span class='ocrx_word' id='word_1_718' title='bbox 3402 4355 3503 4426; x_wconf 71' lang='grc' dir='ltr'><strong>τὴν</strong></span> <span class='ocrx_word' id='word_1_719' title='bbox 3526 4356 3651 4427; x_wconf 79' lang='grc' dir='ltr'><strong>ἂ.λή-</strong></span> 
     </span>
    </p>
   </div>
   <div class='ocr_carea' id='block_1_100' title="bbox 2076 4444 3652 4520">
    <p class='ocr_par' dir='ltr' id='par_1_100' title="bbox 2076 4444 3652 4520">
     <span class='ocr_line' id='line_1_100' title="bbox 2076 4444 3652 4520; baseline 0.003 -23"><span class='ocrx_word' id='word_1_720' title='bbox 2076 4444 2224 4498; x_wconf 86' lang='grc' dir='ltr'><strong>θειαν</strong></span> <span class='ocrx_word' id='word_1_721' title='bbox 2269 4444 2571 4499; x_wconf 79' lang='grc' dir='ltr'><strong>είσϐἀλλειν</strong></span> <span class='ocrx_word' id='word_1_722' title='bbox 2604 4448 2662 4499; x_wconf 82' lang='grc' dir='ltr'><strong>ὲν</strong></span> <span class='ocrx_word' id='word_1_723' title='bbox 2708 4447 2785 4517; x_wconf 83' lang='grc' dir='ltr'><strong>τῷ</strong></span> <span class='ocrx_word' id='word_1_724' title='bbox 2818 4449 3029 4520; x_wconf 84' lang='grc' dir='ltr'><strong>ταμείῳ</strong></span> <span class='ocrx_word' id='word_1_725' title='bbox 3061 4449 3160 4517; x_wconf 77' lang='grc' dir='ltr'><strong>τῆς</strong></span> <span class='ocrx_word' id='word_1_726' title='bbox 3203 4449 3446 4513; x_wconf 84' lang='grc' dir='ltr'><strong>διανοίας</strong></span> <span class='ocrx_word' id='word_1_727' title='bbox 3491 4466 3652 4502; x_wconf 79' lang='grc' dir='ltr'><strong>σπου-</strong></span> 
     </span>
    </p>
   </div>
   <div class='ocr_carea' id='block_1_101' title="bbox 2076 4536 3651 4612">
    <p class='ocr_par' dir='ltr' id='par_1_101' title="bbox 2076 4536 3651 4612">
     <span class='ocr_line' id='line_1_101' title="bbox 2076 4536 3651 4612; baseline 0.001 -23"><span class='ocrx_word' id='word_1_728' title='bbox 2076 4536 2247 4601; x_wconf 80' lang='grc' dir='ltr'><strong>δάζει.</strong></span> <span class='ocrx_word' id='word_1_729' title='bbox 2289 4538 2481 4592; x_wconf 78' lang='grc' dir='ltr'><strong>Πολλοὶ</strong></span> <span class='ocrx_word' id='word_1_730' title='bbox 2513 4538 2620 4611; x_wconf 83' lang='grc' dir='ltr'><strong>γὰρ</strong></span> <span class='ocrx_word' id='word_1_731' title='bbox 2655 4539 3026 4610; x_wconf 81' lang='grc' dir='ltr'><strong>πεπλασμένοι</strong></span> <span class='ocrx_word' id='word_1_732' title='bbox 3060 4541 3151 4594; x_wconf 83' lang='grc' dir='ltr'><strong>καὶ</strong></span> <span class='ocrx_word' id='word_1_733' title='bbox 3191 4541 3651 4612; x_wconf 77' lang='grc' dir='ltr'><strong>ἐσχηματισμένοι</strong></span> 
     </span>
    </p>
   </div>
   <div class='ocr_carea' id='block_1_102' title="bbox 2076 4628 3650 4703">
    <p class='ocr_par' dir='ltr' id='par_1_102' title="bbox 2076 4628 3650 4703">
     <span class='ocr_line' id='line_1_102' title="bbox 2076 4628 3650 4703; baseline 0.001 -21"><span class='ocrx_word' id='word_1_734' title='bbox 2076 4628 2174 4693; x_wconf 86' lang='grc' dir='ltr'><strong>τὰς</strong></span> <span class='ocrx_word' id='word_1_735' title='bbox 2214 4630 2419 4694; x_wconf 86' lang='grc' dir='ltr'><strong>ἀκουάς</strong></span> <span class='ocrx_word' id='word_1_736' title='bbox 2455 4631 2732 4703; x_wconf 82' lang='grc' dir='ltr'><strong>κρούουσι,</strong></span> <span class='ocrx_word' id='word_1_737' title='bbox 2779 4630 3058 4701; x_wconf 83' lang='grc' dir='ltr'><strong>λέγοντες·</strong></span> <span class='ocrx_word' id='word_1_738' title='bbox 3105 4632 3251 4701; x_wconf 74' lang='grc' dir='ltr'><strong>Ἐγώ</strong></span> <span class='ocrx_word' id='word_1_739' title='bbox 3291 4636 3409 4701; x_wconf 80' lang='grc' dir='ltr'><strong>ειμι</strong></span> <span class='ocrx_word' id='word_1_740' title='bbox 3458 4635 3492 4686; x_wconf 85' lang='grc' dir='ltr'><strong>ό</strong></span> <span class='ocrx_word' id='word_1_741' title='bbox 3522 4634 3650 4700; x_wconf 77' lang='grc' dir='ltr'><strong>Χρι-</strong></span> 
     </span>
    </p>
   </div>
   <div class='ocr_carea' id='block_1_103' title="bbox 2077 4718 3653 4794">
    <p class='ocr_par' dir='ltr' id='par_1_103' title="bbox 2077 4718 3653 4794">
     <span class='ocr_line' id='line_1_103' title="bbox 2077 4718 3653 4794; baseline -0.001 -18"><span class='ocrx_word' id='word_1_742' title='bbox 2077 4722 2243 4788; x_wconf 77' lang='grc' dir='ltr'><strong>στὸς,</strong></span> <span class='ocrx_word' id='word_1_743' title='bbox 2274 4724 2367 4776; x_wconf 74' lang='grc' dir='ltr'><strong>καὶ</strong></span> <span class='ocrx_word' id='word_1_744' title='bbox 2399 4724 2621 4788; x_wconf 80' lang='grc' dir='ltr'><strong>πολλοὺς</strong></span> <span class='ocrx_word' id='word_1_745' title='bbox 2649 4724 3042 4794; x_wconf 81' lang='grc' dir='ltr'><strong>πλανήσουσιν’</strong></span> <span class='ocrx_word' id='word_1_746' title='bbox 3066 4718 3169 4789; x_wconf 78' lang='grc' dir='ltr'><strong>Εἷς</strong></span> <span class='ocrx_word' id='word_1_747' title='bbox 3188 4723 3256 4776; x_wconf 77' lang='grc' dir='ltr'><strong>ὑὲ</strong></span> <span class='ocrx_word' id='word_1_748' title='bbox 3270 4725 3461 4791; x_wconf 72' lang='grc' dir='ltr'><strong>μόνος</strong></span> <span class='ocrx_word' id='word_1_749' title='bbox 3489 4723 3653 4776; x_wconf 74' lang='grc' dir='ltr'><strong>ἐστὶν</strong></span> 
     </span>
    </p>
   </div>
   <div class='ocr_carea' id='block_1_104' title="bbox 2082 4806 3656 4879">
    <p class='ocr_par' dir='ltr' id='par_1_104' title="bbox 2082 4806 3656 4879">
     <span class='ocr_line' id='line_1_104' title="bbox 2082 4806 3656 4879; baseline -0.001 -20"><span class='ocrx_word' id='word_1_750' title='bbox 2082 4810 2114 4860; x_wconf 85' lang='grc' dir='ltr'><em>ὀ</em></span> <span class='ocrx_word' id='word_1_751' title='bbox 2146 4809 2417 4875; x_wconf 78' lang='grc' dir='ltr'><strong>Χριστὸς,</strong></span> <span class='ocrx_word' id='word_1_752' title='bbox 2448 4812 2476 4862; x_wconf 91' lang='lat'><strong>6</strong></span> <span class='ocrx_word' id='word_1_753' title='bbox 2520 4807 2907 4879; x_wconf 81' lang='grc' dir='ltr'><strong>ἐλευθερωτὴς,</strong></span> <span class='ocrx_word' id='word_1_754' title='bbox 2950 4810 2979 4860; x_wconf 94' lang='lat'><strong>6</strong></span> <span class='ocrx_word' id='word_1_755' title='bbox 3022 4806 3402 4877; x_wconf 74' lang='grc' dir='ltr'><strong>τροπαιοῦχος,</strong></span> <span class='ocrx_word' id='word_1_756' title='bbox 3439 4808 3468 4858; x_wconf 85' lang='lat'><strong>6</strong></span> <span class='ocrx_word' id='word_1_757' title='bbox 3505 4807 3656 4875; x_wconf 64' lang='grc' dir='ltr'><strong>εὐερε</strong></span> 
     </span>
    </p>
   </div>
   <div class='ocr_carea' id='block_1_105' title="bbox 2082 4897 3653 4974">
    <p class='ocr_par' dir='ltr' id='par_1_105' title="bbox 2082 4897 3653 4974">
     <span class='ocr_line' id='line_1_105' title="bbox 2082 4897 3653 4974; baseline -0.003 -23"><span class='ocrx_word' id='word_1_758' title='bbox 2082 4899 2315 4967; x_wconf 82' lang='grc' dir='ltr'><strong>γετικὸς,</strong></span> <span class='ocrx_word' id='word_1_759' title='bbox 2343 4901 2371 4951; x_wconf 95' lang='lat'><strong>6</strong></span> <span class='ocrx_word' id='word_1_760' title='bbox 2398 4899 2632 4953; x_wconf 84' lang='grc' dir='ltr'><strong>διαθέσει</strong></span> <span class='ocrx_word' id='word_1_761' title='bbox 2666 4899 2899 4974; x_wconf 86' lang='grc' dir='ltr'><strong>κρούων,</strong></span> <span class='ocrx_word' id='word_1_762' title='bbox 2949 4900 2976 4951; x_wconf 89' lang='lat'><strong>6</strong></span> <span class='ocrx_word' id='word_1_763' title='bbox 3018 4897 3326 4969; x_wconf 79' lang='grc' dir='ltr'><strong>ἐλευθερίαν</strong></span> <span class='ocrx_word' id='word_1_764' title='bbox 3359 4901 3427 4968; x_wconf 75' lang='grc' dir='ltr'><strong>τῇ</strong></span> <span class='ocrx_word' id='word_1_765' title='bbox 3470 4897 3653 4966; x_wconf 71' lang='grc' dir='ltr'><strong>εἰσόδῳ</strong></span> 
     </span>
    </p>
   </div>
   <div class='ocr_carea' id='block_1_106' title="bbox 2087 4986 3655 5064">
    <p class='ocr_par' dir='ltr' id='par_1_106' title="bbox 2087 4986 3655 5064">
     <span class='ocr_line' id='line_1_106' title="bbox 2087 4986 3655 5064; baseline -0.002 -22"><span class='ocrx_word' id='word_1_766' title='bbox 2087 4992 2517 5063; x_wconf 79' lang='grc' dir='ltr'><strong>μνηστευόμενος</strong></span> <span class='ocrx_word' id='word_1_767' title='bbox 2544 5011 2555 5022; x_wconf 94' lang='grc'>·</span> <span class='ocrx_word' id='word_1_768' title='bbox 2604 4995 2632 5045; x_wconf 94' lang='lat'><strong>6</strong></span> <span class='ocrx_word' id='word_1_769' title='bbox 2670 4993 2787 5063; x_wconf 76' lang='grc' dir='ltr'><strong>ἅμα</strong></span> <span class='ocrx_word' id='word_1_770' title='bbox 2828 4991 2907 5064; x_wconf 80' lang='grc' dir='ltr'><strong>τῷ</strong></span> <span class='ocrx_word' id='word_1_771' title='bbox 2952 4989 3220 5043; x_wconf 73' lang='grc' dir='ltr'><strong>εἰσϐαλεῖν</strong></span> <span class='ocrx_word' id='word_1_772' title='bbox 3258 4986 3538 5053; x_wconf 78' lang='grc' dir='ltr'><strong>ἐξοικίζων</strong></span> <span class='ocrx_word' id='word_1_773' title='bbox 3566 4988 3655 5048; x_wconf 72' lang='grc' dir='ltr'><strong>τὰς</strong></span> 
     </span>
    </p>
   </div>
   <div class='ocr_carea' id='block_1_107' title="bbox 2085 5079 3653 5153">
    <p class='ocr_par' dir='ltr' id='par_1_107' title="bbox 2085 5079 3653 5153">
     <span class='ocr_line' id='line_1_107' title="bbox 2085 5079 3653 5153; baseline -0.003 -22"><span class='ocrx_word' id='word_1_774' title='bbox 2085 5080 2378 5151; x_wconf 82' lang='grc' dir='ltr'><strong>ἁμαρτίας,</strong></span> <span class='ocrx_word' id='word_1_775' title='bbox 2425 5082 2454 5133; x_wconf 92' lang='lat'><strong>6</strong></span> <span class='ocrx_word' id='word_1_776' title='bbox 2497 5084 2552 5135; x_wconf 81' lang='grc' dir='ltr'><strong>ὲν</strong></span> <span class='ocrx_word' id='word_1_777' title='bbox 2591 5085 2656 5153; x_wconf 84' lang='grc' dir='ltr'><strong>τῇ</strong></span> <span class='ocrx_word' id='word_1_778' title='bbox 2694 5082 2883 5153; x_wconf 80' lang='grc' dir='ltr'><strong>εἰσόδῳ</strong></span> <span class='ocrx_word' id='word_1_779' title='bbox 2910 5081 3008 5151; x_wconf 81' lang='grc' dir='ltr'><strong>τὴν</strong></span> <span class='ocrx_word' id='word_1_780' title='bbox 3051 5080 3230 5151; x_wconf 66' lang='grc' dir='ltr'><strong>φιλίαν</strong></span> <span class='ocrx_word' id='word_1_781' title='bbox 3267 5082 3369 5148; x_wconf 75' lang='grc' dir='ltr'><strong>τὴν</strong></span> <span class='ocrx_word' id='word_1_782' title='bbox 3401 5081 3539 5151; x_wconf 72' lang='grc' dir='ltr'><strong>πρὸς</strong></span> <span class='ocrx_word' id='word_1_783' title='bbox 3572 5079 3653 5130; x_wconf 63' lang='grc' dir='ltr'><strong>τὶν</strong></span> 
     </span>
    </p>
   </div>
   <div class='ocr_carea' id='block_1_108' title="bbox 2086 5173 3654 5246">
    <p class='ocr_par' dir='ltr' id='par_1_108' title="bbox 2086 5173 3654 5246">
     <span class='ocr_line' id='line_1_108' title="bbox 2086 5173 3654 5246; baseline -0.002 -20"><span class='ocrx_word' id='word_1_784' title='bbox 2086 5174 2306 5245; x_wconf 80' lang='grc' dir='ltr'><strong>Πατέρα</strong></span> <span class='ocrx_word' id='word_1_785' title='bbox 2339 5174 2639 5238; x_wconf 82' lang='grc' dir='ltr'><strong>ἀποδιδοὺς,</strong></span> <span class='ocrx_word' id='word_1_786' title='bbox 2672 5176 2701 5227; x_wconf 90' lang='lat'><strong>6</strong></span> <span class='ocrx_word' id='word_1_787' title='bbox 2750 5174 3095 5246; x_wconf 75' lang='grc' dir='ltr'><strong>παραχρῆμα</strong></span> <span class='ocrx_word' id='word_1_788' title='bbox 3118 5176 3184 5243; x_wconf 84' lang='grc' dir='ltr'><strong>τῇ</strong></span> <span class='ocrx_word' id='word_1_789' title='bbox 3215 5173 3407 5244; x_wconf 74' lang='grc' dir='ltr'><strong>εἰσόδῳ</strong></span> <span class='ocrx_word' id='word_1_790' title='bbox 3444 5176 3508 5245; x_wconf 76' lang='grc' dir='ltr'><strong>τῇ</strong></span> <span class='ocrx_word' id='word_1_791' title='bbox 3539 5174 3654 5224; x_wconf 79' lang='grc' dir='ltr'><strong>ἐαυ-</strong></span> 
     </span>
    </p>
   </div>
   <div class='ocr_carea' id='block_1_109' title="bbox 2084 5263 2460 5337">
    <p class='ocr_par' dir='ltr' id='par_1_109' title="bbox 2084 5263 2460 5337">
     <span class='ocr_line' id='line_1_109' title="bbox 2084 5263 2460 5337; baseline 0.019 -22"><span class='ocrx_word' id='word_1_792' title='bbox 2084 5263 2179 5316; x_wconf 78' lang='grc' dir='ltr'><strong>τοῦ</strong></span> <span class='ocrx_word' id='word_1_793' title='bbox 2205 5268 2460 5337; x_wconf 80' lang='grc' dir='ltr'><strong>τροπαῖα.</strong></span> 
     </span>
    </p>
   </div>
   <div class='ocr_carea' id='block_1_110' title="bbox 1117 5420 2083 5491">
    <p class='ocr_par' dir='ltr' id='par_1_110' title="bbox 1117 5420 2083 5491">
     <span class='ocr_line' id='line_1_110' title="bbox 1117 5420 2083 5491; baseline -0.006 -10"><span class='ocrx_word' id='word_1_794' title='bbox 1117 5430 1135 5458; x_wconf 87' lang='grc'>⁷</span> <span class='ocrx_word' id='word_1_795' title='bbox 1179 5428 1194 5481; x_wconf 91' lang='lat' dir='ltr'><strong>l</strong></span> <span class='ocrx_word' id='word_1_796' title='bbox 1233 5427 1360 5482; x_wconf 89' lang='lat' dir='ltr'><strong>Cor.</strong></span> <span class='ocrx_word' id='word_1_797' title='bbox 1406 5444 1535 5490; x_wconf 85' lang='grc' dir='ltr'><strong>νιιι,</strong></span> <span class='ocrx_word' id='word_1_798' title='bbox 1573 5424 1643 5491; x_wconf 85' lang='grc'><strong>6;</strong></span> <span class='ocrx_word' id='word_1_799' title='bbox 1686 5424 1705 5477; x_wconf 92' lang='lat' dir='ltr'><strong>l</strong></span> <span class='ocrx_word' id='word_1_800' title='bbox 1739 5423 1878 5477; x_wconf 89' lang='lat' dir='ltr'><strong>Tim.</strong></span> <span class='ocrx_word' id='word_1_801' title='bbox 1914 5438 1994 5490; x_wconf 88' lang='grc' dir='ltr'><strong>ιι,</strong></span> <span class='ocrx_word' id='word_1_802' title='bbox 2029 5420 2083 5476; x_wconf 83' lang='lat'><strong>5.</strong></span> 
     </span>
    </p>
   </div>
   <div class='ocr_carea' id='block_1_111' title="bbox 481 5544 3656 5665">
    <p class='ocr_par' dir='ltr' id='par_1_111' title="bbox 481 5544 3656 5665">
     <span class='ocr_line' id='line_1_111' title="bbox 481 5544 3656 5665; baseline -0.006 -28"><span class='ocrx_word' id='word_1_803' title='bbox 481 5587 595 5665; x_wconf 53' lang='grc' dir='ltr'><strong>(ϐξ)</strong></span> <span class='ocrx_word' id='word_1_804' title='bbox 633 5588 702 5640; x_wconf 82' lang='lat' dir='ltr'><strong>El</strong></span> <span class='ocrx_word' id='word_1_805' title='bbox 734 5587 843 5665; x_wconf 63' lang='lat' dir='ltr'><strong>&#39;1in</strong></span> <span class='ocrx_word' id='word_1_806' title='bbox 870 5544 1019 5655; x_wconf 69' lang='grc' dir='ltr'><strong>ἔτερ.</strong></span> <span class='ocrx_word' id='word_1_807' title='bbox 1051 5585 1108 5642; x_wconf 90' lang='lat' dir='ltr'><strong>ld</strong></span> <span class='ocrx_word' id='word_1_808' title='bbox 1137 5596 1241 5652; x_wconf 87' lang='lat' dir='ltr'><strong>est,</strong></span> <span class='ocrx_word' id='word_1_809' title='bbox 1275 5588 1319 5642; x_wconf 88' lang='lat' dir='ltr'><strong>si</strong></span> <span class='ocrx_word' id='word_1_810' title='bbox 1350 5602 1461 5641; x_wconf 89' lang='lat' dir='ltr'><strong>non</strong></span> <span class='ocrx_word' id='word_1_811' title='bbox 1497 5585 1688 5643; x_wconf 86' lang='lat' dir='ltr'><strong>fuisset</strong></span> <span class='ocrx_word' id='word_1_812' title='bbox 1721 5584 1967 5655; x_wconf 78' lang='lat' dir='ltr'><strong>ejusdem</strong></span> <span class='ocrx_word' id='word_1_813' title='bbox 2008 5587 2220 5637; x_wconf 69' lang='lat' dir='ltr'><strong>natura:</strong></span> <span class='ocrx_word' id='word_1_814' title='bbox 2242 5592 2465 5649; x_wconf 86' lang='lat' dir='ltr'><strong>corpus,</strong></span> <span class='ocrx_word' id='word_1_815' title='bbox 2494 5576 2707 5634; x_wconf 88' lang='lat' dir='ltr'><strong>scilicet</strong></span> <span class='ocrx_word' id='word_1_816' title='bbox 2731 5578 3051 5640; x_wconf 88' lang='lat' dir='ltr'><strong>humanum,</strong></span> <span class='ocrx_word' id='word_1_817' title='bbox 3091 5570 3277 5627; x_wconf 87' lang='lat' dir='ltr'><strong>anima</strong></span> <span class='ocrx_word' id='word_1_818' title='bbox 3331 5567 3656 5639; x_wconf 67' lang='lat' dir='ltr'><strong>intelligente</strong></span> 
     </span>
    </p>
   </div>
   <div class='ocr_carea' id='block_1_112' title="bbox 412 5655 929 5722">
    <p class='ocr_par' dir='ltr' id='par_1_112' title="bbox 412 5655 929 5722">
     <span class='ocr_line' id='line_1_112' title="bbox 412 5655 929 5722; baseline 0.008 -16"><span class='ocrx_word' id='word_1_819' title='bbox 412 5655 717 5722; x_wconf 71' lang='lat' dir='ltr'><strong>praeditum.</strong></span> <span class='ocrx_word' id='word_1_820' title='bbox 754 5655 929 5710; x_wconf 74' lang='lat' dir='ltr'><strong>Tum.</strong></span> 
     </span>
    </p>
   </div>
  </div>
