3824 6140
159 325 296 382 1257

1141 312 1508 371 ADVERSUS
1546 309 1965 368 MANICHEOS
2003 310 2527 368 SUPPLEMENTA.

3265 307 3400 364 I258

159 466 3368 517 __________________________________.

259 603 324 656 TI
336 601 478 656 ΤΟΥ
505 593 932 651 ΕΠΙΣΚΟΠΟΥ
962 587 1155 645 ΚΑΤΑ
1191 587 1627 643 ΜΑΝΙΧΑῙΩΝ.

475 773 782 839 Ὑπόθεσις
812 768 918 824 τοῦ
950 767 1181 836 πρώτου
1205 765 1413 835 λόγου.

244 891 301 945 Ὀ
331 885 547 960 πρῶτος
578 881 819 955 περιέχει
853 880 1010 950 λόγος
1045 877 1264 947 ἔλεγχον
1294 875 1389 928 καὶ
1418 872 1726 944 ἀνασκευὴν

160 983 268 1038 τῶν
317 980 546 1052 μάλιστα
601 974 908 1046 κεφαλαίων
960 970 1056 1026 τοῦ
1103 970 1371 1042 δόγματος
1410 966 1520 1021 τῶν
1557 967 1730 1020 Μανι-

1751 583 1799 641 Α
1827 580 2016 648 rm,
2061 581 2410 640 EPISCOPI
2463 580 2966 647 BOSTRENSIS,
3005 542 3400 639 ADVERSUS

2365 651 2860 709 H.4NICH1'EOS.

2301 765 2684 837 Argumentum
2722 764 2845 818 libri
2882 780 2919 818 ι.

1897 876 2116 934 Primus
2158 878 2294 934 liber
2335 878 2580 935 continet
2616 877 3047 936 confutationem
3095 879 3402 951 praecipuo-

1828 983 1952 1024 rum
1993 969 2234 1040 capitum
2281 969 2545 1026 doctrinae
2593 968 3055 1036 Manichaeorum,
3107 985 3230 1041 qua:
3274 977 3404 1027 sunt

161 1071 350 1144 καίων,
385 1069 460 1131 ὡς
504 1065 806 1140 ἀλλοτρίως,
844 1065 1020 1135 πάντη
1062 1061 1200 1134 πρὸς
1237 1059 1335 1124 τὰς
1376 1058 1521 1113 κατὰ
1567 1056 1730 1128 φύσιν

1855 1061 2050 1117 lenitus
2098 1062 2318 1126 aliena,
2363 1070 2418 1117 et
2465 1077 2590 1117 cum
2648 1063 3036 1119 communibus
3084 1062 3401 1119 notionibus

162 1163 346 1228 κοινὰς
374 1161 580 1224 ἐννοίας
605 1159 856 1230 ἑχόντων.

457 1273 761 1338 ’Υπόθεσις
787 1269 894 1325 τοῦ
923 1266 1204 1338 δευτέρου
1233 1266 1438 1337 λόγου.

240 1389 300 1442 Ὀ
322 1387 571 1458 δεύτερος
596 1384 990 1448 ἀποδείκνυσιν,
1017 1384 1092 1446 ὡς
1127 1383 1229 1437 οὐκ
1264 1381 1328 1434 ἐκ
1359 1398 1503 1445 τινος
1534 1379 1634 1450 τῆς
1661 1395 1728 1449 γε

165 1481 242 1552 μὴ
295 1480 462 1552 οὔσης
511 1479 746 1550 άνάρχου
793 1477 1014 1540 κακίας,
1062 1476 1156 1530 καὶ
1195 1475 1443 1539 ἐναντίας
1481 1474 1560 1546 τῷ
1608 1472 1728 1545 Θεῷ

163 1569 340 1641 ἀρχῆς
397 1568 678 1640 ἄνθρωπος
743 1565 1050 1637 πλημμελεῖ
1072 1580 1086 1594 ’
1142 1564 1238 1618 καὶ
1290 1563 1366 1626 ὡς
1415 1562 1566 1616 οὐδὲν
1611 1562 1731 1615 κατ’

163 1660 351 1714 οὐσίαν
396 1660 454 1712 ὲν
485 1661 597 1722 τοῖς
637 1654 754 1712 οὖσι
795 1657 996 1711 κακόν*
1045 1655 1169 1710 οὔτε
1204 1657 1307 1727 μήν
1349 1672 1432 1718 τις
1479 1653 1734 1724 ἀνισότης

165 1753 226 1807 ὲν
256 1754 366 1816 τοῖς
417 1751 537 1806 καθ’
589 1751 737 1823 ἡμᾶς
787 1753 931 1804 ἐστι·
967 1751 1060 1803 καὶ
1106 1749 1182 1812 ὡς
1233 1748 1409 1820 μάτην
1461 1747 1558 1800 καὶ
1608 1744 1730 1798 λίαν

163 1843 377 1906 ἀσεϐῶς
422 1843 705 1907 κακίζουσι
750 1841 848 1914 τὴν
899 1841 1009 1895 τῶν
1059 1841 1198 1895 ὅλων
1245 1838 1573 1910 οἰκονομίαν.
1625 1836 1736 1889 Καὶ

1831 1159 2028 1208 natura
2061 1152 2246 1210 insitis
2277 1161 2333 1210 et
2361 1152 2674 1224 anticipatis
2702 1155 3024 1225 pugnantia.

2302 1263 2680 1334 Argumentum
2720 1263 2843 1317 libri
2880 1279 2938 1318 ll.

1905 1371 2190 1432 Secundus
2227 1375 2363 1432 liber
2396 1375 2556 1432 docet
2602 1384 2658 1432 ct
2699 1377 2992 1447 explanat,
3027 1393 3139 1434 non
3172 1392 3404 1449 peccare

1835 1465 2108 1521 hominem
2139 1481 2207 1522 ex
2239 1465 2474 1537 quodam
2505 1467 2649 1522 malo
2674 1476 2878 1522 aeterno
2905 1477 2961 1524 et
2990 1469 3108 1524 sine
3133 1470 3404 1540 principio

1835 1571 1899 1612 ac
1934 1555 2042 1612 Deo
2077 1558 2391 1622 contrario,
2427 1557 2574 1629 quod
2603 1559 2822 1629 quidem
2854 1575 2962 1614 non
3004 1569 3088 1616 est
3118 1580 3131 1616 :
3185 1568 3238 1616 et
3282 1562 3407 1616 nul-

1835 1647 1948 1702 lum
1981 1663 2103 1704 esse
2133 1649 2336 1702 malum
2370 1648 2670 1704 secundum
2701 1650 3063 1705 substantiam
3097 1651 3152 1705 in
3187 1651 3253 1707 iis
3283 1668 3406 1723 quae

1836 1747 1964 1795 sunt
1989 1759 2003 1808 ;
2033 1755 2133 1796 nec
2163 1741 2326 1794 ullam
2355 1742 2773 1811 inaequalitatem
2804 1743 2856 1796 in
2887 1745 3093 1800 nostris
3109 1745 3312 1814 rebus;
3343 1761 3408 1800 ac

1838 1846 1976 1886 vane
2003 1839 2058 1886 et
2089 1831 2245 1887 valde
2278 1832 2441 1902 impie
2464 1833 2908 1903 gubernationem
2940 1834 3178 1890 universi
3203 1835 3410 1906 impro-

163 1935 300 1999 ὅλως
323 1935 416 1990 τὸν
460 1936 585 2008 περὶ
628 1929 890 2005 Προνοίας
929 1933 1141 1988 ἅπαντα
1168 1931 1324 2001 λόγον
1353 1928 1738 2001 κεφαλαιωδῶς

1855 1924 1959 1979 Dari
1989 1932 2042 1979 et
2071 1924 2418 1994 reprehendi.
2444 1924 2688 1996 Denique
2716 1941 2932 1980 omnem
2966 1925 3034 1981 de
3061 1925 3410 1983 Providentia

165 2023 580 2096 περιλαμϐάνει,
612 2024 952 2088 ἀποδεικνὺς,
1000 2023 1076 2086 ὡς
1107 2009 1340 2093 οὐδεμία
1365 2020 1576 2091 ἀνάγκη
1607 2019 1732 2073 δευ-

164 2116 328 2186 τέραν
355 2114 476 2170 τινὰ
508 2116 600 2170 καὶ
617 2115 862 2169 ἐναντίαν
893 2115 1070 2186 ἀρχὴν
1105 2111 1185 2184 τῷ
1229 2110 1348 2184 Θεῷ
1373 2113 1437 2165 ὲκ
1459 2110 1568 2165 τῶν
1595 2126 1738 2182 πρα-

167 2208 394 2280 γμάτων
419 2207 685 2262 ὑπονοεῖν.

492 2320 795 2387 Ὑπόθεσις
823 2319 929 2375 τοῦ
970 2325 1169 2388 τρίτου
1212 2318 1422 2388 λόγου.

248 2431 309 2488 '0
353 2431 536 2504 τρίτος
583 2432 724 2504 ὑπὲρ
776 2431 872 2485 τοῦ
926 2432 1092 2503 νόμου
1140 2431 1234 2485 καὶ
1285 2429 1395 2484 τῶν
1448 2428 1740 2503 προφητῶν

167 2527 402 2579 ποιεῖται
443 2524 620 2594 λόγον,
650 2525 727 2589 ὡς
773 2523 926 2596 παρὰ
967 2523 1064 2577 τοῦ
1102 2522 1236 2577 Θεοῦ
1275 2523 1456 2594 πάσης
1485 2521 1584 2592 τῆς
1623 2522 1739 2576 Πα-

165 2617 326 2682 λαιᾶς
355 2616 627 2690 Διαθήκης
651 2615 917 2688 δοθείσης,
958 2617 1052 2670 καὶ
1089 2616 1165 2680 ὡς
1211 2615 1362 2669 οὐδὲν
1407 2613 1517 2668 τῶν
1551 2613 1739 2669 αὐτόθι.

165 2709 573 2782 πεπραγμένων
599 2727 660 2763 τε
697 2711 791 2763 καὶ
816 2708 1153 2780 λελεγμένων
1190 2706 1410 2777 εὔλογόν
1451 2724 1574 2761 τινα
1617 2724 1743 2761 κατ-

165 2799 396 2873 ηγορίαν
422 2800 535 2872 ἔχει
560 2801 652 2855 τοῦ
693 2801 1016 2873 ποιήσαντος
1039 2818 1100 2854 τε
1127 2801 1221 2853 καὶ
1245 2799 1574 2871 λαλήσαντος
1599 2816 1614 2830 ⁸
1647 2799 1742 2854 καὶΙ

165 2893 246 2956 ὡς
271 2893 478 2964 συνῳδὰ
502 2894 680 2949 πάντα
709 2897 776 2966 τῇ
803 2895 978 2964 Καινῇ
1002 2892 1246 2966 Διαθήκῃ
1263 2909 1278 2922 ο
1301 2892 1378 2956 ὡς
1407 2891 1540 2963 μηδὲ
1561 2890 1744 2945 ἐντεῦ-

169 2982 263 3037 θεν
290 2984 534 3056 ἀνάγκην
572 2979 734 3048 εἶναι,
760 2984 1021 3056 δευτέραν
1063 2983 1186 3037 τινὰ
1229 2983 1324 3038 καὶ
1361 2983 1612 3037 ἐναντίαν
1645 2983 1744 3054 ἀρ-

168 3074 274 3147 χὴν
305 3073 384 3146 τῷ
413 3074 531 3147 Θεῷ
559 3077 826 3131 ὑπονοεῖν.

462 3191 766 3260 Ὑπόθεσις
795 3193 902 3248 τοῦ
940 3194 1223 3264 τετάρτου
1253 3197 1462 3265 λόγου.

1842 2018 2266 2090 disputationem
2318 2023 2633 2077 summatim
2687 2023 3090 2094 complectitur,
3143 2021 3412 2093 docetque

1842 2112 2067 2167 minime
2113 2127 2336 2168 necesse
2383 2128 2507 2169 esse
2555 2115 2824 2185 suspicari
2873 2131 2941 2171 ex
2987 2119 3185 2181 rebus,
3238 2117 3411 2172 ullum

1842 2220 1965 2262 esse
1997 2205 2294 2261 secundum
2329 2206 2656 2278 principium
2680 2247 2694 2270 ,
2733 2206 2843 2262 Deo
2874 2209 3233 2266 contrarium.

2292 2320 2670 2392 Argumentum
2709 2321 2833 2376 libri
2869 2337 2952 2379 ιιι.

1915 2431 2136 2489 Tertius
2186 2432 2323 2488 liber
2375 2449 2474 2504 pro
2520 2435 2638 2504 lege
2685 2441 2742 2490 et
2799 2435 3082 2505 prophetis
3124 2430 3411 2506 disputat:

1845 2524 2046 2594 quippe
2089 2538 2214 2579 cum
2259 2532 2435 2580 totum
2466 2523 2636 2582 Vetus
2667 2525 3077 2583 Testamentum
3111 2543 3142 2583 a
3173 2525 3285 2584 Deo
3313 2529 3415 2584 da-

1844 2623 1960 2671 tum
1993 2617 2083 2681 sit,
2133 2624 2189 2672 et
2215 2617 2352 2672 nihil
2389 2631 2581 2673 eorum
2626 2633 2747 2688 qua:
2779 2618 2834 2672 in
2870 2633 2936 2674 eo
2970 2618 3113 2674 facta
3147 2626 3242 2674 aut
3269 2618 3417 2674 dicta

1846 2714 2008 2771 sunt,
2053 2707 2392 2777 probabilem
2434 2708 2842 2764 accusationem
2889 2707 3010 2779 ejus
3051 2709 3145 2779 qui
3189 2707 3321 2765 fecit
3362 2715 3421 2764 et

1846 2798 2024 2864 dixit,
2066 2798 2306 2867 habeat;
2355 2799 2576 2870 sinmue
2625 2799 2810 2854 omnia
2855 2814 2983 2855 cum
3029 2799 3180 2857 Novo
3228 2799 3415 2857 Testa-

1847 2898 2034 2946 mento
2065 2891 2464 2946 consentientia
2490 2910 2504 2947 :
2538 2898 2598 2948 ut
2630 2907 2734 2948 nec
2763 2907 2830 2948 ex
2861 2892 2964 2948 hac
3009 2903 3164 2964 parte
3193 2907 3420 2950 necesse

1849 2983 1923 3037 sit
1985 2982 2226 3054 cogitare
2274 2983 2498 3056 aliquod
2565 2983 2865 3041 secundum
2913 2985 3244 3056 principium
3309 2985 3421 3043 Deo

1849 3075 2206 3132 contrarium.

2308 3192 2689 3264 Argumentum
2727 3195 2851 3250 libri
2889 3212 2959 3252 Iv.

253 3301 314 3357 '0
342 3303 599 3377 τέταρτος
629 3306 835 3379 ἐξαιρεῖ
860 3309 954 3361 καὶ
973 3307 1070 3379 τὴν
1106 3308 1316 3380 Καινὴν
1347 3306 1620 3380 Διαθήκην
1646 3305 1740 3378 τῆς

1921 3301 2162 3370 Quartus
2191 3302 2332 3360 liber
2373 3302 2584 3358 Novum
2623 3303 3037 3360 Testamentum
3083 3305 3152 3360 ah
3198 3305 3417 3362 illorum

170 3396 397 3451 ὶκείνων
427 3398 568 3452 κατὰ
599 3398 734 3452 Θεοῦ
779 3398 1147 3472 βλασφημίας,
1177 3399 1253 3465 ὡς
1297 3399 1418 3454 οὐδὲ
1468 3399 1608 3472 πρὸς
1649 3399 1748 3454 αὒ-

169 3487 270 3559 τὴν
301 3488 576 3554 παντελῶς
616 3490 849 3561 ἐχόντων
890 3491 1011 3545 τινὰ
1049 3491 1351 3558 κοινωνίαν,
1397 3492 1492 3547 καὶ
1523 3491 1601 3555 ὡς
1643 3491 1745 3562 μά·

169 3593 274 3648 την
308 3578 649 3646 ἐκϐιάζονται
698 3582 835 3654 μέρη
869 3582 934 3651 γέ
965 3600 1088 3638 τινα
1124 3583 1328 3658 ταύτης
1363 3584 1500 3653 πρὸς
1544 3583 1745 3638 σύστα·

174 3685 260 3722 σιν
286 3670 385 3742 τῆς
404 3671 583 3726 αὐτῶν
607 3673 860 3739 ἀσεϐείας
879 3691 893 3705 ·
928 3675 1021 3729 καὶ
1041 3675 1118 3739 ὡς
1147 3676 1181 3747 ὴ
1213 3676 1354 3729 κατὰ
1379 3677 1469 3731 τὸν
1500 3675 1745 3730 διάϐολον

171 3761 624 3838 ὕπόθεσιςρύδὲν
676 3767 859 3831 αὐτοῖς
906 3767 1217 3840 συναίρεται
1262 3767 1400 3840 πρὸς
1446 3766 1484 3822 ἃ.
1529 3767 1747 3840 λέγουσι

173 3851 316 3906 κατὰ
347 3851 505 3909 Θεοῦ.

1851 3395 2190 3467 blasphemia
2227 3396 2284 3450 in
2317 3394 2485 3452 Deum
2516 3393 2788 3461 defendit,
2820 3404 2881 3452 ut
2911 3398 3005 3468 qui
3035 3397 3240 3452 nullam
3267 3413 3422 3469 pror-

1851 3502 1948 3545 sus
1979 3489 2418 3545 communionem
2447 3504 2572 3545 cum
2604 3504 2672 3546 eo
2709 3489 2968 3558 habeant,
3013 3499 3069 3546 et
3112 3489 3315 3547 frustra
3360 3507 3424 3548 ac

1849 3593 1988 3635 vane
2031 3579 2297 3650 quasdam
2329 3587 2512 3651 partes
2545 3580 2666 3650 ejus
2691 3581 2758 3636 ad
2791 3581 3231 3638 constituendam
3266 3597 3424 3639 suam

1852 3673 2188 3743 impietatem
2240 3687 2340 3742 per
2383 3673 2494 3729 vim
2545 3673 2807 3741 trahant;
2859 3673 3115 3746 quodque
3169 3675 3224 3729 id
3278 3674 3424 3745 quod

1852 3764 2122 3821 diabolice
2155 3764 2483 3835 subjiciam,
2513 3765 2654 3822 nihil
2693 3781 2790 3823 eos
2830 3767 2986 3837 juvat
3029 3766 3098 3821 ad
3142 3780 3208 3822 ea
3254 3765 3424 3823 stabi-

1850 3853 2033 3912 lienda
2064 3869 2184 3926 qua:
2216 3863 2408 3910 contra
2438 3852 2606 3910 Deum
2639 3851 2849 3910 dicunt.

1352 4083 2230 4175 SUPPLEMENTA

177 4279 231 4340 Ε
271 4276 604 4340 Parallelis
631 4275 1094 4339 Damascenicis
1141 4273 1702 4354 Bupefucaldinis,
1755 4273 1831 4336 ad
1875 4273 2073 4336 libros
2096 4275 2180 4336 IV
2212 4273 2514 4336 adversus
2553 4276 2930 4341 Manichwos
2960 4273 3088 4336 Titi
3121 4275 3428 4338 Bostren-

1585 4392 1676 4438 SlS
1705 4392 2012 4454 episcopi.

580 4723 662 4781 Ea:
687 4722 913 4780 Joannis
947 4723 1260 4779 Damasceni
1281 4738 1424 4781 sacr.
1459 4723 1711 4787 Parallel.
1741 4729 1874 4797 Opp.
1907 4740 2034 4786 tom.
2070 4727 2136 4795 II,
2163 4744 2286 4799 pag.
2322 4724 2450 4790 765,
2480 4724 2614 4779 edit.
2659 4721 2840 4780 Paris.
2875 4724 3042 4778 l7l2.

183 4869 296 4926 Τοῦ
317 4869 487 4941 ἁγίου
528 4865 698 4941 Τίτου
724 4863 1059 4941 ἐπισκόπου
1081 4865 1361 4941 Βόστρωγ
1381 4865 1451 4920 ἐκ
1478 4867 1585 4923 τοῦ
1602 4868 1740 4924 κατά

1855 4869 2040 4927 Sancti
2072 4867 2181 4926 Titi
2230 4865 2460 4937 episcopi
2487 4863 2844 4941 _I_ioat_rqrum,
2897 4877 2963 4917 ex
3016 4860 3150 4915 libro
3195 4875 3212 4914 ι
3251 4871 3434 4918 contra

560 4936 902 5005 Μανιχαίων
937 4935 1124 5004 λόγου
1155 4941 1206 5006 α’
1230 4935 1363 5008 (65).

250 5050 374 5113 Πῶς
389 5044 503 5112 οὖν,
534 5048 660 5119 φὴς,
698 5047 1058 5118 ἀναστήσεται
1084 5048 1144 5101 τὸ
1183 5047 1363 5119 σῶμα,
1396 5049 1445 5102 εί
1489 5048 1627 5120 σὰρξ
1655 5050 1750 5104 καὶ

178 5139 319 5214 αἷμα
354 5139 626 5213 βασιλείαν
654 5137 788 5192 Θεοῦ
831 5137 1232 5211 κληρονομῆσαι
1270 5141 1331 5194 οὐ
1361 5141 1654 5208 δύνανται;
1686 5142 1750 5195 οὐ

177 5237 357 5290 τοίνυν
417 5234 554 5296 ἐστὶ,
613 5233 795 5302 φασὶν,
841 5232 1050 5302 νεκρῶν
1108 5232 1418 5297 ἀνάστασις.
1468 5233 1606 5288 Οῦτε
1637 5236 1753 5297 τοῖς

175 5325 435 5396 ἀνωτέρω
448 5323 535 5378 διὰ
550 5322 807 5376 πλειόνων
822 5322 1050 5392 λεχθεῖσι
1067 5324 1156 5377 τὸν
1180 5323 1302 5378 νοῦν
1323 5325 1383 5378 οὐ
1400 5327 1750 5398 παρέχουσιν,

175 5419 294 5476 ἀλλ’
314 5417 500 5488 ὥσπερ
527 5415 669 5478 τινὲς
709 5417 765 5468 ὲν
791 5414 1071 5482 διαμοναῖς
1109 5417 1450 5487 πραγμάτων
1476 5417 1753 5472 ἀδικωτά-

177 5528 311 5574 των,
333 5510 392 5562 τδ
421 5508 630 5570 ἑαυτοῖς
661 5505 956 5578 προσφιλὲς
985 5509 1065 5573 εἰς
1085 5507 1181 5578 τὴν
1208 5508 1464 5564 ὑπόνοιαν
1492 5509 1592 5582 τῆς
1621 5527 1756 5581 σφε-

242 5663 354 5748 (65)
518 5662 816 5748 ,τρεῖς-κατὰ
840 5667 1053 5748 illam
1078 5663 1262 5748 λόγου
1286 5669 1358 5748 cf;
1383 5661 1735 5748 Nequaquam

179 5733 297 5792 hac
325 5733 380 5791 in
409 5734 564 5791 libris
598 5733 707 5789 Titi
741 5733 1053 5789 Bostrensis
1081 5745 1266 5788 contra
1296 5733 1643 5802 Manichu'os,
1680 5743 1740 5790 ut

497 5825 762 5887 ΡΑτιιοι.
799 5824 915 5885 Gn.
949 5823 1178 5886 XVIII.

2476 4934 2818 4988 Manio/uvas.

1926 5050 2160 5118 Quinam
2207 5048 2374 5118 igitur
2417 5045 2528 5110 ﬁet,
2572 5042 2778 5113 inquis.
2821 5049 2884 5096 ut
2909 5055 3109 5108 corpus
3149 5049 3437 5112 resurgat,

1853 5142 1901 5199 si
1930 5156 2058 5198 caro
2092 5146 2148 5196 et
2188 5137 2414 5208 sanguis
2457 5151 2686 5208 regnum
2715 5133 2810 5190 Dei
2842 5133 3128 5204 possidere
3156 5149 3268 5188 non
3306 5148 3436 5204 pos-

1854 5233 2014 5290 sunt?
2043 5243 2388 5302 nequaquam
2408 5227 2574 5297 igitur
2595 5233 2678 5280 est
2705 5223 3042 5280 resurrectio
3066 5229 3436 5277 mortuorum.

1855 5326 1952 5381 His
1971 5339 2093 5396 quae
2123 5323 2380 5394 superius
2411 5320 2636 5390 copiose
2679 5317 2826 5372 dicta
2867 5321 3018 5379 sunt,
3047 5315 3290 5369 animum
3324 5330 3438 5370 non

1856 5417 2183 5480 advertunt;
2216 5413 2310 5470 sed
2332 5454 2346 5477 ,
2397 5413 2546 5468 velut
2583 5409 2806 5478 quidam
2858 5407 3220 5478 iniquissimis
3256 5406 3313 5460 in
3341 5423 3439 5463 ne-

1856 5508 2019 5580 gotiis
2052 5515 2464 5579 perseverantes
2486 5547 2502 5572 ,
2550 5503 2603 5558 id
2633 5502 2781 5574 quod
2817 5499 2919 5556 sibi
2985 5497 3050 5553 ad
3105 5497 3437 5568 impietatem

1846 5677 1993 5787 [unc
2047 5668 2268 5718 exstant
2338 5675 2406 5718 ex
2463 5657 2821 5717 translatione
2870 5654 3131 5712 Turriani
3159 5695 3176 5723 ,
3236 5654 3435 5730 reperi.

1893 5748 2110 5787 EOUIEN.

1893 5748 2110 5797 EQUIEN.

3120 5825 3198 5885 to
