3792 6150
405 271 546 329 ⁸1259

1497 275 1633 332 TITI
1670 275 2102 332 BOSTRENSIS
2139 275 2448 334 EPISCOPI

3513 283 3643 338 1260

406 402 561 444 suam
586 385 827 443 arridere
867 387 1214 458 suspicantur
1239 429 1255 451 ,
1289 402 1398 445 non
1433 391 1580 460 quod
1609 391 1817 459 justum
1849 399 1958 446 est.

2077 391 2240 462 τέρας
2280 389 2556 455 ἀσεϐείας,
2590 389 2650 443 οὐ
2697 391 2756 442 τὸ
2801 390 3008 444 δίκαιον
3052 389 3348 462 αἱροῦνται.
3384 393 3499 446 Οὐκ
3533 394 3642 448 ἐστι

404 479 632 548 eligunt.
668 478 809 533 Caro
833 481 1183 550 passionibus
1205 481 1438 537 obnoxia
1460 497 1569 536 non
1596 485 1854 554 resurgit,
1881 485 1970 538 in-

403 570 523 638 quit
557 570 850 641 Apostolus
875 612 890 634 ,
928 588 1114 642 neque
1148 589 1397 628 crassum
1426 589 1628 644 corpus
1685 590 1794 627 una
1845 590 1970 629 cum

403 648 820 731 egritudinibus
894 664 1011 719 suis
1075 664 1237 720 vivet.
1296 665 1563 732 Quocirca
1623 667 1968 737 perspicuam

405 753 722 822 quaestionis
754 755 1260 825 interpretationem
1323 757 1548 812 subdit:
1603 757 1735 812 Ecce
1781 770 1973 830 myste-

403 844 544 894 rium
592 842 733 896 vobis
782 842 940 896 dico:
991 861 1169 899 omnes
1217 846 1424 916 quidem
1462 863 1566 900 non
1605 848 1966 913 dormiamus,

401 935 492 987 sed
522 950 700 987 omnes
724 935 1125 991 immutabimur
1162 939 1206 993 '.
1250 937 1407 994 Unde
1456 955 1557 995 nos
1584 943 1678 1010 qui
1715 943 1848 997 salvi
1885 941 1970 995 fu-

403 1025 512 1078 turi
539 1041 763 1089 sumus,
816 1031 1171 1085 mutationem
1221 1031 1607 1097 admittemus,
1647 1033 1970 1102 corporibus

400 1117 622 1172 meliore
673 1124 818 1171 statu
851 1134 915 1173 ac
955 1121 1272 1176 conditione
1328 1122 1566 1178 donatis.
1634 1124 1713 1178 Ac
1769 1140 1969 1194 corpus

398 1209 618 1278 quidem
669 1211 794 1275 erit,
834 1211 977 1280 quod
1012 1214 1172 1270 nobis
1208 1216 1508 1271 mutatione
1552 1216 1644 1270 illa
1701 1217 1964 1273 dabitur:

398 1309 452 1352 at
481 1314 588 1354 non
635 1302 857 1370 perinde
915 1318 1044 1357 caro
1088 1314 1142 1359 et
1199 1306 1422 1376 sanguis
1477 1322 1601 1360 cum
1655 1307 1969 1364 inﬁrmitate

396 1392 741 1461 complicata.
773 1392 892 1448 Non
917 1395 1061 1450 enim
1083 1395 1187 1451 hoc
1218 1396 1336 1467 ipso
1357 1398 1502 1469 quod
1535 1414 1736 1469 corpus
1763 1401 1966 1470 aliquid

396 1484 489 1545 sit,
523 1484 656 1539 illud
685 1487 946 1540 continuo
982 1501 1110 1542 caro
1158 1504 1377 1560 quoque
1433 1498 1537 1547 est.
1573 1491 1666 1546 Sol
1697 1493 1858 1562 plane
1912 1501 1967 1548 et

396 1575 525 1630 luna
580 1585 635 1630 et
677 1577 856 1632 omnis
904 1579 1144 1635 cmlestis
1199 1582 1439 1639 chorus.
1495 1597 1695 1653 corpus
1742 1584 1967 1640 omnino

2077 485 2214 556 σὰρξ
2262 483 2516 555 ἐμπαθὴς
2569 482 2926 554 ἀνισταμένη,
2982 483 3148 553 φησὶν
3197 484 3226 535 ὁ
3291 484 3640 548 Ἀπόστολος,

2072 576 2193 628 οὐδὲ
2235 577 2381 647 παχὺ
2439 575 2597 646 σῶμα
2646 569 2799 638 αὖθις
2845 573 3118 644 μετάοτῶν
3154 573 3340 627 παθῶν
3374 575 3641 628 πολιτεύε-

2070 685 2160 721 ται
2187 667 2316 737 (66).
2353 667 2444 720 Διὸ
2484 666 2677 736 ἐπάγει
2716 667 2858 737 σαφῆ
2895 665 3191 736 ἑρμηνείαν
3218 666 3317 736 τῆς
3361 667 3641 737 ἐπαπορή-

2073 779 2209 824 σεως
2229 776 2242 790 ”
2262 761 2406 816 Ἰδοὺ
2421 759 2761 830 μυστήριον
2783 757 2923 827 ὑμῖν
2952 757 3106 826 λέγω
3127 772 3141 786 ο
3178 755 3400 822 πάντες
3424 756 3543 826 μὲν
3575 759 3642 811 οὐ

2071 853 2566 920 κοιμηθησόμεθα,
2607 849 2828 916 πάντες
2861 848 2930 902 δὲ
2963 849 3460 919 ἀλλαγησόμεθα·
3505 849 3642 903 ὥστε

2074 943 2374 1014 μεταϐολὴν
2394 941 2587 1014 ἕξομεν
2620 943 2668 995 οἱ
2696 941 3065 1011 σωθησόμενοι
3094 939 3184 992 ἐπί
3206 957 3326 994 τινα
3355 941 3644 1012 κρείττονα

2073 1035 2340 1105 σωμάτων
2392 1035 2744 1088 κατάστασιν.
2799 1033 2910 1084 Καὶ
2973 1030 3128 1100 σῶμα
3171 1030 3270 1100 μὲν
3299 1029 3531 1084 έσταιτὸ
3581 1033 3645 1084 ἐκ

2073 1128 2373 1198 μεταϐολῆς
2401 1126 2672 1196 διδόμενον
2705 1127 2857 1195 ἡμῖν,
2887 1123 3070 1177 οὐκέτι
3108 1123 3166 1178 δέ
3214 1121 3349 1194 σάρξ
3381 1123 3477 1176 καὶ
3505 1119 3646 1195 αἷμα

2072 1220 2324 1290 ἀσθενείᾳ
2372 1217 2854 1288 συμπεπλεγμένα.
2885 1217 2958 1270 Οὐ
3007 1217 3114 1287 γὰρ
3143 1217 3194 1269 εί
3213 1233 3268 1268 τι
3300 1215 3481 1286 σῶμα,
3509 1218 3647 1270 πάν-

2069 1325 2176 1372 τως
2206 1310 2298 1362 καὶ
2348 1306 2504 1379 σάρξ.
2534 1307 2720 1368 ’Ἥλιος
2772 1305 2904 1373 γοῦν
2956 1306 3048 1358 καὶ
3095 1304 3288 1376 σελήνη
3335 1305 3428 1358 καὶ
3475 1306 3585 1368 πᾶς
3616 1305 3647 1356 ὁ

2067 1399 2315 1469 οὐράνιος
2362 1399 2540 1469 χορὸς,
2583 1397 2739 1467 σῶμα
2789 1396 2887 1465 μέν
2920 1393 3142 1448 καθόλου
3183 1395 3464 1463 τυγχάνει,
3508 1394 3648 1465 σὰρξ

2066 1489 2122 1542 δὲ
2147 1489 2418 1560 οὐδαμῶς.
2455 1488 2722 1559 Τοιαύτην
2750 1487 2870 1540 τινὰ
2899 1486 3040 1539 ἰδέαν
3073 1486 3298 1556 λήψεται
3331 1485 3389 1538 τὸ
3414 1485 3644 1538 ἀνιστά-

2074 1599 2235 1652 μενον
2261 1582 2440 1653 σῶμα,
2473 1582 2613 1635 ὥστε
2641 1581 2735 1645 τὰς
2762 1580 2870 1634 τῶν
2891 1579 3060 1648 ἁγίων
3089 1579 3265 1649 ψυχὰς
3297 1579 3644 1648 συνοικήσειν

395 1675 556 1732 ευηι,
607 1684 948 1740 nequaquam
1001 1680 1179 1725 autem
1239 1686 1388 1729 caro.
1449 1673 1730 1744 Ejusmodi
1797 1692 1958 1748 porro

2071 1659 2283 1745 σώματι
2311 1675 2515 1739 λοιπὸν,
2551 1673 2731 1727 οὐκέτι
2764 1689 2827 1742 γε
2849 1675 3056 1742 τροφῆς
3075 1671 3312 1740 δεομένῳ
3347 1669 3640 1739 σαρκικῆς,

395 1761 631 1828 speciem
665 1763 954 1832 quamdam
987 1763 1205 1819 habebit
1235 1780 1435 1836 corpus
1485 1769 1629 1836 quod
1686 1744 1958 1840 resurget;

2066 1744 2246 1820 οὐκέτι
2274 1767 2328 1820 δὲ
2359 1767 2570 1839 ήδοναῖς
2603 1783 2660 1818 τε
2719 1766 2810 1818 καὶ
2829 1764 3046 1826 λύπαις,
3080 1764 3174 1818 καὶ
3193 1761 3448 1834 ἀλγηδόσι
3489 1779 3641 1832 περι-

395 1852 469 1905 ita
506 1861 564 1906 ut
593 1866 904 1910 sanctorum
937 1857 1133 1911 animae
1160 1872 1285 1912 cum
1319 1874 1550 1929 corpore
1582 1860 1841 1932 deinceps
1869 1864 1965 1916 lia-

393 1943 586 2008 l'iitent,
611 1947 755 2016 quod
784 1948 1043 2003 alimento
1079 1951 1350 2018 corporali
1382 1959 1563 2006 tamen
1588 1953 1822 2022 amplius
1853 1969 1962 2009 non

393 2049 576 2105 egeat;
607 2041 737 2108 quin
771 2055 869 2095 nec
919 2040 973 2095 in
1007 2042 1424 2108 oblectationes,
1460 2060 1634 2115 neque
1679 2047 1734 2100 in
1792 2047 1963 2102 mole-

393 2131 526 2184 Stias
553 2139 605 2185 et
629 2132 844 2189 dolores
879 2133 1116 2200 incidat;
1167 2136 1262 2190 sed
1295 2137 1349 2190 in
1379 2138 1566 2208 gloriae
1589 2152 1702 2193 suae
1732 2153 1962 2194 consor-

393 2229 501 2277 tem
529 2225 765 2279 animam
799 2216 1043 2280 divinum
1065 2227 1215 2280 illum
1240 2228 1447 2283 cultum
1488 2229 1760 2286 ullatenus
1783 2239 1962 2287 trans-

391 2313 550 2379 ferat,
584 2317 750 2372 tinitis
778 2319 1194 2383 certaminibus,
1228 2327 1283 2373 et
1318 2320 1500 2374 anima
1527 2320 1749 2377 decreto
1783 2322 1873 2378 Dei
1904 2324 1958 2378 in

391 2406 632 2473 requiem
685 2421 840 2460 suam
888 2406 1156 2488 digressa.
1199 2407 1427 2479 Insuper
1459 2425 1587 2465 vero
1637 2411 1738 2465 boc
1785 2420 1958 2467 totum

389 2497 562 2564 aperit
597 2505 650 2551 et
672 2497 930 2563 elucidat,
965 2513 1029 2553 ac
1060 2502 1482 2557 resurrectionis
1513 2505 1784 2560 rationem
1813 2507 1960 2561 edis-

389 2585 543 2646 serit,
583 2584 858 2641 dicendo:
902 2586 1167 2654 Quoniam
1213 2601 1413 2658 oportet
1457 2596 1801 2663 corruptibile
1867 2597 1958 2650 hoc

388 2676 603 2732 induere
631 2680 1071 2748 incorruptionem
1092 2723 1106 2745 ,
1139 2691 1190 2736 et
1221 2685 1443 2738 mortale
1471 2685 1568 2739 hoc
1608 2687 1824 2742 induere
1856 2690 1958 2742 im-

389 2770 771 2825 mortalitatem
805 2774 846 2827 '.
893 2771 1031 2827 ilinc
1081 2790 1271 2828 verum
1329 2777 1400 2831 sit
1448 2777 1625 2832 illud:
1673 2776 1957 2848 Corruptio

388 2861 828 2929 incorruptionem
887 2862 1193 2916 litereditate
1235 2880 1338 2918 non
1386 2864 1580 2918 obtinet
1616 2866 1680 2920 ¹⁰.
1744 2866 1876 2920 Nam
1910 2868 1957 2922 si

388 2952 658 3021 quispiam
710 2953 818 3020 hoc
854 2954 1078 3018 diceret,
1108 2955 1252 3024 quod
1288 2971 1418 3011 caro
1448 2973 1554 3010 una
1591 2973 1717 3012 cum
1776 2959 1956 3015 insitis

389 3044 444 3098 in
483 3060 546 3098 ea
578 3043 956 3100 aﬂ'ectionibus
993 3062 1318 3117 resurgens,
1368 3047 1638 3116 ejusmodi
1688 3050 1760 3104 sit
1787 3050 1953 3105 vitam

389 3144 600 3200 actura,
632 3144 690 3189 ut
727 3137 915 3191 eadem
950 3137 1112 3192 simul
1161 3154 1285 3192 cum
1327 3141 1506 3194 anima
1535 3141 1868 3211 perpetiatur
1901 3151 1955 3197 et

386 3236 546 3296 agat,
587 3228 782 3281 rationi
815 3239 1242 3286 consentaneum
1275 3248 1383 3287 non
1421 3240 1587 3295 esset,
1631 3233 1778 3301 quod
1811 3232 1955 3287 bona

387 3332 483 3388 spe
512 3327 743 3372 careret.
779 3317 875 3372 Sin
897 3335 1025 3374 vero
1080 3321 1211 3374 illud
1261 3322 1438 3392 ipsum
1495 3322 1848 3376 mutationem
1899 3322 1952 3376 in

387 3410 668 3463 meliorem
720 3417 774 3464 et
801 3408 1009 3465 felicem
1039 3419 1242 3466 statum
1291 3412 1530 3482 accipit,
1587 3413 1690 3467 hoc
1739 3413 1955 3483 egregie

385 3500 782 3557 demonstravit
820 3504 892 3556 ita
928 3503 1154 3573 loquens
1186 3523 1198 3558 :
1253 3503 1467 3574 Oportet
1515 3507 1652 3558 enim
1693 3507 1954 3572 corrupti-

385 3593 487 3647 bile
514 3593 609 3646 hoc
650 3593 864 3646 induere
896 3594 1364 3663 incorruptionem,
1397 3603 1446 3647 et
1475 3579 1697 3648 mortale
1745 3597 1840 3647 hoc
1869 3596 1952 3647 in-~

383 3682 544 3736 (luere
593 3683 1063 3738 immortalitatem.
1116 3682 1270 3737 Justa
1320 3683 1538 3753 quidem
1582 3686 1952 3740 remuneratio

383 3783 468 3829 est
500 3775 882 3841 instrumenti,
935 3775 1079 3846 quod
1132 3775 1380 3830 laborum
1433 3776 1627 3831 animae
1680 3778 1952 3848 particeps

385 3865 523 3920 fuit:
557 3882 660 3920 nec
689 3883 820 3921 vero
847 3883 909 3922 ea
937 3867 1199 3924 damnosa
1227 3876 1312 3924 est
1339 3909 1354 3932 ,
1405 3883 1504 3923 nec
1536 3869 1820 3926 laboribus
1854 3873 1953 3925 ob-

385 3959 567 4014 noxia.
598 3958 764 4030 Atqui
816 3960 872 4013 in
930 3960 1032 4015 hac
1067 3962 1222 4016 beata
1258 3961 1367 4014 vita
1397 3961 1534 4016 tales
1584 3977 1706 4016 esse
1759 3978 1949 4017 eorum

383 4051 479 4118 qui
515 4051 761 4106 salvandi
792 4059 940 4116 sunt,
980 4053 1191 4106 animas
1238 4059 1487 4122 oportet;
1543 4061 1603 4106 ut
1656 4061 1948 4124 cognatum

383 4138 604 4208 quidem
649 4140 752 4194 sibi
787 4155 987 4210 corpus
1026 4141 1324 4210 recipiant,
1370 4155 1480 4195 non
1534 4151 1712 4196 autem
1767 4142 1947 4211 ipsum

2063 1860 2335 1921 πίπτοντι,
2363 1859 2476 1912 ἀλλ’
2525 1855 2583 1912 εὖ
2617 1857 2759 1928 μάλα
2796 1856 3035 1928 ὁμοδόξῳ
3063 1859 3129 1927 τῇ
3172 1856 3316 1925 ψυχῇ
3348 1854 3639 1924 προσάπαν

2060 1951 2160 2022 τὴν
2209 1950 2388 2005 ἔνθεον
2441 1950 2695 2021 λατρείαν
2729 1949 2996 2021 μηδέποτε
3039 1948 3391 2010 ἀνατείνοντι,
3427 1964 3639 1999 πεπαυ-

2065 2043 2239 2113 μένων
2285 2042 2394 2094 τῶν
2437 2040 2854 2112 ἀγωνισμάτων,
2884 2039 2979 2094 καὶ
3018 2039 3156 2111 πρὸς
3188 2037 3511 2092 ἀνάπαυλαν
3541 2038 3638 2107 τῆς

2060 2131 2238 2202 ψυχῆς
2291 2131 2782 2202 ἀνακεχωρηκυίας
2808 2129 3038 2200 δόγματι
3070 2128 3226 2182 Θεοῦ.
3270 2129 3392 2181 Ἐπὶ⁵
3425 2127 3482 2180 δὲ
3512 2129 3639 2180 τού-

2058 2241 2172 2287 τοις
2194 2225 2476 2294 σαφηνίζει
2513 2224 2725 2277 ἆπαντα
2753 2222 2844 2274 τὸν
2876 2221 3049 2289 λόγον,
3069 2220 3268 2274 καὶτὸν
3299 2221 3503 2290 τρόπον
3541 2219 3639 2289 τῆς

2060 2316 2404 2380 ἀναστάσεως
2441 2315 2715 2386 ἐξηγεῖται
2743 2314 2915 2383 λέγων
2935 2332 2947 2342 ·
2989 2314 3115 2366 Ὅτι
3147 2311 3243 2365 δεῖ
3272 2312 3339 2364 τὸ
3373 2311 3641 2380 φθαρτὸν

2058 2409 2232 2463 τοῦτο
2244 2409 2611 2462 ἐνδύσασθαι
2630 2408 2992 2477 ἀφθαρσίαν,
3023 2405 3120 2460 καὶ
3145 2405 3213 2458 τὸ
3229 2403 3452 2470 θνητὸν
3461 2401 3636 2456 τοῦτο

2057 2498 2423 2553 ἐνδύσασθαι
2447 2499 2801 2552 ἀθανασίαν.
2833 2496 3052 2568 Ἀληθές
3072 2495 3140 2549 ἂν
3154 2496 3236 2566 εῑη
3258 2495 3316 2547 τό
3332 2511 3345 2524 ⁸
3365 2493 3440 2548 Ἠ
3450 2493 3638 2562 φθορὰ

2057 2593 2173 2661 τὴν
2196 2594 2537 2662 ἀφθαρσίαν
2575 2596 2647 2647 οὐ
2691 2591 3065 2659 κληρονομεῖ.
3119 2591 3182 2642 Et
3231 2589 3329 2659 μὲν
3383 2591 3495 2658 γάρ
3550 2605 3638 2650 τις

2057 2685 2212 2738 τοῦτο
2235 2685 2434 2753 ἔλεγεν,
2464 2687 2544 2738 ὅτι
2581 2687 2613 2755 ἡ
2651 2684 2785 2756 σὰρξ
2812 2684 2927 2754 ἅμα
2967 2685 3079 2745 τοῖς
3114 2681 3376 2750 ἐμφύτοις
3406 2680 3636 2732 πάθεσιν

2057 2774 2212 2839 αὖθις
2228 2778 2505 2830 ἀναστᾶσα
2536 2775 2783 2847 ζήσεται,
2817 2775 2884 2828 τά
2918 2774 3057 2828 αὺτά
3087 2774 3372 2843 πάσχουσά
3424 2789 3488 2825 τε
3541 2773 3637 2824 καὶ

2056 2867 2276 2936 δρῶμας
2303 2865 2437 2936 (66')
2470 2867 2584 2936 ἅμα
2605 2870 2669 2936 τῇ
2704 2866 2846 2936 ψυχῇ
2867 2906 2881 2928 ,
2906 2861 2974 2934 ἦν
2996 2864 3060 2918 ἂν
3093 2865 3282 2930 ἄλογος
3306 2863 3409 2916 οὐκ
3439 2863 3634 2932 ἔχουσα

2057 2959 2265 3030 ἀγαθὴν
2282 2958 2488 3012 ἐλπίδα’
2515 2963 2562 3011 εί
2577 2958 2634 3011 δὲ
2653 2957 2950 3028 μεταϐολὴν
2967 2956 3098 3010 αὐτὸ
3113 2955 3175 3026 δὴ
3194 2956 3349 3008 τοῦτο
3372 2953 3634 3024 λαμϐάνει

2058 3047 2363 3120 κρείττονος
2390 3047 2484 3100 καὶ
2522 3045 2796 3116 μακαρίας
2825 3045 3007 3110 ἕξεως,
3053 3043 3190 3112 ὅπερ
3218 3040 3507 3104 δεικτικῶς
3537 3056 3632 3110 ση-

2059 3141 2260 3212 μαίνει,
2292 3140 2546 3208 φάσκων·
2581 3137 2680 3191 Δεῖ
2715 3139 2824 3208 γὰρ
2857 3136 2921 3190 τὸ
2955 3135 3218 3206 φθαρτὸν
3247 3135 3425 3188 τοῦτο
3455 3131 3633 3186 ἐνδύσ-

2057 3236 2279 3289 σασθαι
2326 3232 2687 3300 ἀφθαρσίαν,
2719 3231 2814 3283 καὶ
2857 3228 2923 3282 τὸ
2947 3228 3166 3295 θνητὸν
3184 3226 3357 3280 τοῦτο
3378 3224 3634 3278 ἐνδύσα-

2057 3328 2195 3378 σθαι
2222 3322 2575 3377 ἀθανασίαν.
2614 3319 2807 3372 Δικαία
2827 3319 2923 3388 μὲν
2939 3317 3031 3370 τοῦ
3063 3315 3435 3386 συγκαμόντος
3467 3316 3633 3385 ἐργα-

2055 3416 2197 3469 λείου
2225 3419 2291 3486 τῇ
2317 3413 2463 3483 ψυχῇ
2499 3413 2531 3482 ή
2567 3412 2839 3474 ἀπόδοσις,
2879 3409 2978 3462 οὐκ
3016 3407 3304 3476 ἐπιζήμιος
3339 3405 3394 3457 δὲ
3425 3404 3520 3457 uati.
3553 3402 3634 3456 ἔτι

2057 3503 2311 3564 ἐπίπονος
2354 3503 2548 3574 ταύτῃ.
2590 3502 2728 3555 Ἀλλ’
2765 3503 2820 3553 ἐν
2858 3499 2932 3570 τῷ
2969 3499 3220 3570 μακαρίῳ
3257 3495 3397 3565 (βίῳ)
3429 3493 3633 3556 ταύτας

2059 3593 2274 3648 ἔσεσθαι
2300 3595 2407 3647 τῶν
2446 3593 2765 3663 σωζομένων
2800 3592 2897 3656 τάς
2917 3590 3091 3660 ψυχὰς
3138 3585 3500 3656 ἁπειληφυίας
3534 3583 3635 3655 μὲν

2057 3686 2119 3738 τὸ
2177 3686 2452 3756 σύμφυτον
2519 3687 2710 3748 αὑταῖς
2774 3683 2947 3753 σῶμα,
2984 3684 3044 3735 οὑ
3113 3680 3292 3751 μέντοι
3345 3677 3486 3749 βαρὺ
3538 3677 3636 3729 καὶ

2059 3779 2280 3847 γεῶδες,
2304 3780 2398 3832 καὶ
2433 3779 2698 3850 σαρκικῆς
2721 3776 3014 3846 ἐπιθυμίας
3037 3775 3222 3843 γέμον,
3255 3769 3511 3840 καθάπερ
3533 3768 3633 3838 τήν

2057 3870 2252 3942 ἀρχὴν,
2296 3870 2385 3922 ὅτε
2436 3868 2500 3938 δὴ
2557 3867 2830 3938 προσῆκον
2859 3861 2926 3936 ἦν
2973 3863 3050 3933 τῷ
3087 3862 3258 3932 άγῶνι
3289 3860 3392 3930 τῆς
3431 3859 3635 3930 ἀρετῆς

2057 3963 2472 4032 ἐνευδοκιμῆσαι
2515 3960 2754 4021 ταύταις.
2799 3956 3004 4009 Ἀδικία
3053 3954 3184 4025 γάρ,
3211 3955 3259 4004 εί
3303 3951 3380 4023 μὴ
3409 3949 3473 4002 τὸ
3500 3965 3636 4019 συμ-

2055 4055 2297 4123 πονῆσαν
2328 4056 2392 4124 τῇ
2439 4051 2582 4122 ψυχῇ
2624 4050 2782 4121 σῶμα
2823 4048 2963 4100 κατά
2997 4046 3153 4104 τήνδε
3197 4043 3294 4111 τὴν
3355 4039 3635 4093 πολιτείαν

2055 4143 2272 4213 ἀποδῴη
2303 4141 2605 4194 συναπόλαυ
2613 4158 2714 4193 σιν.

383 4245 548 4299 grave
567 4239 622 4287 et
659 4241 952 4298 terrenum,
1006 4235 1350 4304 carualisque
1383 4236 1699 4305 cupiditatis
1736 4237 1974 4306 plenum,
2016 4238 2478 4310 quemadmodum
2539 4245 2737 4302 antea;
2768 4234 2987 4304 quando
3015 4246 3209 4301 nempe
3251 4227 3632 4284 necessarium

383 4333 520 4388 erat,
575 4334 634 4380 ut
682 4341 806 4381 cum
857 4328 938 4382 eis
1011 4327 1230 4382 virtutis
1296 4329 1598 4382 certamine
1656 4330 2000 4399 probaretur.
2042 4331 2294 4401 Iniquum
2336 4329 2603 4399 siquidem
2637 4327 2850 4390 fuisset,
2899 4326 2945 4382 si
2993 4340 3197 4394 corpus
3229 4321 3379 4390 quod
3432 4320 3630 4374 anime

381 4416 627 4472 laborum
676 4419 730 4472 in
763 4418 990 4489 hujusce
1023 4420 1144 4473 vit-.e
1172 4419 1543 4476 inunctionibus
1600 4437 1830 4477 consors
1861 4422 1984 4488 fuit,
2029 4427 2374 4496 praemiorum
2405 4422 2524 4493 ejus
2558 4421 2915 4476 retributione
2950 4434 3058 4473 non
3085 4417 3404 4471 donaretur.

1777 4647 1918 4703 Ibid.
1949 4667 2069 4723 vag.
2107 4653 2228 4708 747.

381 4785 566 4841 Sancti
598 4785 703 4839 Titi
743 4783 1322 4854 episcopi__Rostrorum
1344 4822 1357 4846 ,
1388 4797 1452 4837 ex
1497 4782 1630 4836 libro
1665 4796 1700 4835 ιι
1751 4791 1946 4837 contra
1980 4789 2021 4841 ῐ)

975 4852 1322 4908 Manichaeos.

457 4943 751 4998 Dicendum
807 4943 969 5012 igitur
1009 4951 1114 5010 est,
1156 4943 1429 4997 hominem
1467 4958 1498 4996 a
1522 4942 1824 4999 Conditore
1861 4959 1949 4998 re-

379 5051 502 5091 rum
538 5037 590 5090 in
631 5037 793 5089 vitam
824 5035 1147 5104 productum
1201 5051 1346 5098 esse,
1389 5045 1446 5088 ut
1485 5037 1621 5090 nihil
1669 5036 1816 5090 aliud
1854 5054 1952 5092 ne-

379 5129 695 5199 gotiaretur,
740 5128 844 5180 nisi
904 5129 1157 5196 pietatem
1207 5142 1270 5180 ac
1307 5128 1592 5184 virtutem.
1641 5127 1736 5183 liis
1795 5129 1942 5184 enim

447 5286 468 5317 ³
506 5283 526 5337 ι
557 5282 686 5338 Cor.
721 5299 809 5350 xv,
845 5283 934 5337 5!.
1009 5285 1029 5315 ⁹
1070 5281 1200 5338 ibid.
1237 5282 1325 5339 55.
1403 5283 1447 5314 ¹⁰
1485 5283 1617 5338 ibid.
1658 5283 1744 5339 50.

447 5439 559 5508 (66)
593 5436 1101 5508 ΠολιτεύεταιεΑιι
1128 5435 1540 5508 πολιτεύσεταιῖ

448 5506 583 5577 (66')
616 5509 750 5563 forte
779 5509 878 5576 leg.
903 5506 1090 5577 δρῶσα
1126 5506 1283 5559 Eutr.

447 5573 573 5646 (6⁸η
599 5573 858 5644 Ῥητέονῖ
895 5573 1005 5630 Huc
1038 5575 1396 5644 fragmentum
1430 5575 1710 5646 reperitur
1740 5574 1794 5628 in
1827 5573 1932 5628 Pa-

376 5645 580 5700 rattetis
609 5647 751 5702 infra
775 5647 981 5703 Littera
1013 5663 1068 5712 π,
1107 5655 1189 5700 tit.
1223 5662 1345 5711 xxv,
1393 5645 1478 5699 ubi
1519 5661 1616 5716 pro
1661 5648 1930 5717 ἐμπορευ-

2234 4785 2342 4840 Τοῦ
2370 4784 2540 4854 ἁγίου
2571 4783 2739 4836 Τίτου
2767 4779 3103 4834 ἐπισκόπου
3146 4777 3450 4841 Βόστρων.

2126 4941 2237 5014 (67)
2270 4941 2486 5014 Ῥητέον
2517 4940 2716 5002 τοίνυν,
2751 4938 2831 4990 ὅτι
2855 4935 2992 5008 πρὸς
3012 4933 3105 4987 τοῦ
3127 4930 3634 5002 δημιουργήσαντος

2055 5034 2083 5085 ὁ
2123 5033 2407 5106 ἄνθρωπος
2452 5034 2532 5095 είς
2560 5032 2651 5084 τὸν
2684 5029 2796 5100 βίον
2829 5026 3104 5098 παρήχθη,
3152 5021 3632 5094 ἐμπορευσόμενος

2055 5128 2240 5198 ἕτερον
2291 5127 2444 5180 οὐδὲν
2475 5126 2506 5197 ἢ
2545 5125 2703 5197 μόνον
2752 5121 3031 5176 εὐσέϐειαν
3061 5118 3153 5172 καὶ
3191 5116 3417 5187 ἀρετήν.
3445 5112 3631 5166 Ταῦτα

2040 5433 2263 5504 σόμενος
2290 5427 2974 5506 ιεςὶιμιλέμπορευό-μενος.
2999 5423 3338 5506 Ηαξοφοιτο
3375 5437 3629 5506 spectare

1955 5495 1964 5506 ’
2038 5495 2438 5558 noscuntur'ad
2471 5495 2673 5553 librum
2697 5514 2756 5562 ιι,
2787 5495 3038 5568 leguntur
3067 5495 3212 5568 enim
3255 5510 3428 5568 supra
3463 5496 3493 5566 ς

2035 5575 2280 5642 ejusdem
2312 5572 2433 5652 libri
2466 5590 2477 5624 :
2502 5571 2592 5626 tibi
2621 5566 3036 5638 quoque'altera
3067 5566 3228 5620 lectio
3253 5566 3628 5638 ἐμπορευόμε-

2037 5661 2125 5708 νος
2154 5652 2409 5698 occurrit.

3534 5511 3627 5554 vn,
