3792 6150
159 259 316 317 1261

1101 265 1476 327 Αυνειιευδ
1512 264 1936 329 ΜΑΜΕΗΕΟΞ
1968 265 2487 332 SUPPLEMENTA.

3290 275 3428 340 «eos

159 386 298 457 γὰρ
353 382 730 456 κτησάμενος,
788 377 968 450 καλῶς
1023 386 1090 441 ἂν
1123 388 1431 461 διανήξαιτο
1477 393 1625 446 τόνδε
1674 393 1751 448 rex

1870 397 2232 466 comparatis,
2293 405 2442 454 recte
2503 413 2674 452 arvum
2733 397 2880 453 istud
2942 399 3360 454 transmeaverit
3403 416 3425 458 :

160 477 334 549 βίονο
372 479 654 550 ἀμελήσας
688 478 746 532 δὲ
800 479 1041 545 τούτων,
1078 481 1328 552 χαλεπῶς
1366 484 1431 538 ἂν
1477 485 1758 539 διαϐαπτι-

162 567 341 640 σΘείη
376 567 742 640 πλανώμενος.

1869 485 1969 540 sin
1996 502 2128 543 vero
2155 488 2475 558 neglexerit,
2510 503 2695 544 errore
2722 504 2823 544 suo
2844 489 2994 561 gravi
3026 504 3156 545 casu
3181 490 3427 547 submer-

1860 586 2036 646 get-ar.

1765 685 1853 743 Ill.

1585 800 1727 859 Ibid.
1768 821 1888 876 pag.
1924 804 2044 858 788.

335 901 452 958 Τοῦ
494 904 666 973 ἁγίου
704 910 894 974 Τίτου,
925 909 993 962 ἐκ
1036 911 1143 966 τοῦ
1171 913 1305 986 Περὶ
1337 915 1616 985 Προνοίας.

258 1101 370 1172 (68)
411 1103 552 1171 Πρὸς
595 1103 652 1157 δὲ
683 1108 797 1169 τοῖς
841 1106 1013 1162 ἅπασι
1045 1109 1152 1162 τῶν
1196 1113 1440 1184 συνήθως
1495 1115 1599 1168 ὑπὸ
1622 1113 1756 1168 Θεοῦ

1827 1185 2180 1248 ’ὴοηιίηῑὺυε
2213 1191 2436 1262 perinde
2475 1191 2718 1261 concedi}
2745 1191 2947 1256 solent,
2979 1188 3268 1246 identidem
3319 1185 3425 1238 imd-

167 1186 488 1264 δεδομένων
538 1200 690 1268 κοινῇ
725 1199 891 1252 πᾶσιν
939 1200 1248 1273 ἀνθρώποις
1296 1207 1345 1257 εί
1395 1198 1633 1276 μηδεμία
1676 1206 1758 1270 τίς

168 1279 338 1339 ἐστιν
366 1286 453 1339 ὅτε
488 1286 766 1341 συνέϐαινε
799 1287 1052 1355 κώλυσις,
1090 1295 1230 1364 φορᾷ
1267 1293 1481 1362 φύσεως
1523 1297 1589 1350 ἄν
1613 1314 1756 1360 τινος

168 1375 564 1449 ἀμεταϐλήτου
597 1379 696 1450 τὴν
724 1379 985 1452 χορηγίαν
1027 1384 1206 1436 αὐτῶν
1253 1385 1519 1458 ἠθέλησαν
1545 1387 1755 1460 ἀνθρώ·

172 1485 316 1532 ποι,
350 1469 444 1521 καὶ
477 1471 575 1523 οὐκ
605 1469 690 1536 ἃν,
726 1466 1012 1544 ’δεχόμενοι
1047 1473 1239 1540 ταῦτα,
1275 1476 1434 1548 χάριν
1477 1478 1755 1549 ὡμολόγη-

173 1575 289 1612 σαν
319 1558 398 1630 τῷ
427 1559 544 1632 Θεῷ
563 1603 578 1624 ,
616 1563 716 1616 οὐκ
748 1562 813 1616 ἂν
839 1563 894 1616 δὲ
926 1563 1133 1636 ᾔτησαν
1166 1565 1398 1636 ἔχοντες.
1436 1569 1755 1638 Στεροῦνται

167 1650 476 1721 τοιγαροῦν
531 1652 700 1706 ἐνίοτε
751 1655 888 1726 πρὸς
938 1655 1147 1724 ὀλίγον,
1194 1657 1280 1710 ἴνα
1332 1660 1624 1732 αἰτήσωσι·
1661 1662 1754 1714 καὶ

1872 917 2062 974 Sancti
2088 918 2217 984 Titi,
2243 933 2307 972 ea:
2331 916 2465 971 libro
2481 913 2556 969 De
2584 914 2947 983 Providentia,
2978 929 3043 968 ea:
3063 912 3196 968 libro
3229 927 3266 967 ll
3293 927 3426 969 con-

2420 995 2505 1041 tra
2529 985 2871 1042 Manichacus.

1942 1099 2144 1154 Practer
2199 1099 2315 1154 haec
2371 1099 2576 1166 omnia,
2613 1099 2719 1154 nisi
2762 1113 2884 1169 quae
2932 1112 2962 1151 a
2993 1097 3104 1152 Deo
3152 1093 3425 1151 universis

1864 1283 2039 1354 pediri
2065 1298 2094 1336 c
2107 1281 2411 1352 ontingeret
2437 1279 2729 1336 immobilis
2764 1277 3049 1348 cujusdam
3092 1286 3300 1334 naturae
3320 1280 3426 1334 im-

1861 1380 1989 1443 petu
2017 1392 2032 1440 ;
2068 1375 2261 1428 horum
2291 1372 2628 1444 largitionem
2659 1370 2794 1425 nihil
2827 1380 3111 1424 curassent
3140 1369 3420 1434 homines.

1861 1480 1963 1520 nec
2003 1465 2072 1520 iis
2093 1464 2330 1520 obtentis
2369 1462 2480 1518 Deo
2510 1463 2713 1534 gratias
2744 1468 2984 1530 agerent,
3026 1475 3201 1530 neque
3226 1461 3423 1526 bonum

1860 1564 2146 1626 compotes
2202 1555 2355 1621 facti,
2394 1555 2669 1611 ullatenus
2707 1560 3080 1624 precarentur.
3099 1552 3179 1608 Ad
3210 1560 3424 1624 tempus

1860 1648 2029 1719 igitur
2073 1645 2293 1717 aliquod
2338 1646 2498 1702 donis
2554 1647 2859 1716 privamur,
2913 1653 2974 1698 ut
3016 1650 3272 1712 exorent;
3300 1652 3426 1698 rur-

170 1739 428 1810 δέχονται
477 1738 666 1808 αὖθις,
714 1744 799 1798 ἵνα
839 1745 996 1816 χάριν
1046 1746 1419 1819 ὁμολογήσωσι
1464 1749 1540 1820 τῷ
1591 1767 1751 1822 χορη-

1861 1755 2089 1809 sumque
2124 1738 2420 1810 accipiunt,
2473 1745 2530 1792 ut
2553 1737 2798 1809 largitori
2839 1739 3222 1803 conﬁteantur,
3258 1749 3427 1805 agno-

170 1837 393 1906 γοῦντι,
421 1836 800 1905 γινώσκοντες,
824 1839 898 1901 ώς
941 1834 1105 1903 αὐτός
1131 1839 1196 1907 γέ
1236 1841 1382 1892 ἐστιν
1421 1841 1448 1893 ὁ
1478 1840 1754 1910 παρέχων,

172 1927 285 1981 καὶ
311 1929 373 1980 ού
409 1927 567 1997 φύσις
594 1928 726 2000 ἄλλη
771 1929 855 1992 τίς
886 1931 1002 1982 ἐστι
1041 1928 1192 2000 παρὰ
1216 1929 1305 1982 τὸν
1343 1929 1496 1994 Θεὸν,
1536 1927 1758 1998 ἄκριτός

171 2034 244 2071 τε
281 2018 376 2072 καὶ
415 2019 848 2090 ἀμεταμέλητος,
892 2022 926 2090 ή
974 2019 1304 2090 χορηγοῦσα.
1347 2019 1601 2072 Βούλεται
1635 2019 1693 2072 δὲ
1729 2012 1758 2070 ὁ

171 2107 321 2171 Θεὸς
349 2108 546 2162 εἰδέναι
571 2110 732 2180 χάριν
769 2109 938 2180 αὐτῷ,
975 2109 1060 2163 ἵνα
1091 2109 1374 2181 ἀξιώτεροι
1413 2109 1505 2163 τοῦ
1546 2107 1759 2180 λαμϐά-

173 2215 300 2251 νειν
350 2201 480 2270 παρ’
525 2199 690 2253 αὑτοῦ
724 2200 1005 2268 γένωνται,
1033 2200 1130 2271 ούχ
1175 2200 1262 2253 ἵνα
1305 2217 1358 2252 τι
1399 2199 1756 2272 καρπώσηται

172 2289 268 2350 εἰς
308 2289 517 2342 ἑαυτόν.
556 2285 814 2344 Βούλεται
843 2291 952 2363 γάρ
981 2290 1050 2344 τά
1098 2290 1278 2360 ἀγαθὰ
1303 2289 1523 2350 τούτους
1565 2288 1755 2351 αἰτεῖν,

176 2380 295 2441 ἵνα,
343 2379 639 2450 δεχόμενοι,
690 2382 942 2453 αἴσθησιν
985 2380 1079 2436 τοῦ
1135 2379 1493 2452 χορηγοῦντος
1535 2378 1750 2448 ἔχωσιν.

172 2471 385 2542 Χαίρει
428 2473 528 2542 μὲν
574 2472 683 2545 γὰρ
723 2474 794 2528 τά
825 2474 954 2544 παρ’
1011 2472 1204 2527 ἑαυτοῦ
1256 2472 1452 2536 διδοὺς,
1495 2471 1672 2542 χαίρει
1697 2469 1754 2522 δὲ

180 2561 392 2632 μᾶλλον
424 2562 593 2627 ἀξίοις
616 2563 789 2627 διδούς
809 2579 822 2593 ·
854 2563 931 2627 ὡς
970 2565 1070 2634 τῆς
1109 2561 1512 2634 φιλανθρωπίας
1555 2558 1754 2630 τρόπον

173 2651 308 2704 τινὰ
352 2652 796 2726 άτιμαζομένης,
857 2657 906 2708 εἰ
960 2654 1036 2726 μὴ
1082 2655 1217 2727 πρὸς
1262 2651 1612 2724 εὐαισθήτους
1662 2649 1754 2718 γέ-

174 2759 353 2797 νοιτο.

1858 1836 2076 1885 sccntes
2098 1829 2278 1898 ipsum
2309 1844 2433 1884 esse
2464 1829 2558 1899 qui
2589 1829 2802 1895 tribuit,
2833 1843 2936 1884 nec
2968 1829 3194 1882 alteram
3224 1840 3422 1897 quam-

1855 1922 1940 1976 vis
1969 1929 2164 1992 prazter
2194 1920 2363 1977 Deum
2393 1929 2644 1976 naturam
2673 1937 2826 1986 esse,
2861 1937 2982 1992 quae
3018 1919 3425 1975 indiscrimina-

1856 2014 1953 2066 tim
2001 2020 2057 2068 et
2108 2013 2228 2068 sine
2274 2014 2596 2083 paenitentia
2630 2014 3032 2069 subministret.
3066 2011 3196 2066 Vult
3240 2011 3426 2081 itaque

1857 2100 2002 2158 Deus
2031 2103 2132 2158 sibi
2163 2103 2395 2173 gratiam
2446 2103 2659 2168 haberi,
2685 2110 2746 2157 ut
2793 2103 3042 2158 homines
3075 2100 3308 2156 evadant
3335 2099 3424 2155 di-

1861 2197 2082 2266 gniores
2112 2195 2204 2265 qui
2227 2195 2294 2249 ab
2318 2195 2436 2266 ipso
2460 2195 2753 2265 accipiant,
2775 2211 2884 2249 non
2911 2203 2968 2249 ut
2996 2194 3102 2249 sibi
3139 2193 3241 2262 ipsi
3273 2205 3424 2247 emo-

1861 2285 2090 2340 lumenti
2116 2285 2393 2355 quidpiam
2425 2285 2632 2340 redeat.
2657 2283 2787 2340 Vult
2819 2285 2962 2338 enim
2986 2291 3044 2337 ut
3061 2283 3202 2338 bona
3228 2289 3421 2352 postu-

1861 2376 1994 2440 lent,
2043 2377 2242 2445 quibus
2277 2375 2519 2445 acceptis
2565 2375 2879 2446 largitorem
2923 2374 3185 2430 sentiant.
3212 2369 3424 2427 Gaudet

1855 2468 1999 2523 enim
2023 2466 2203 2522 dando
2237 2482 2358 2538 quae
2390 2483 2488 2524 sua
2521 2476 2684 2534 sunt;
2723 2467 2818 2522 sed
2848 2466 3046 2538 gaudet
3082 2465 3316 2537 amplius
3337 2464 3424 2518 di-

1859 2559 1980 2630 gnis
2039 2559 2404 2630 impartiendo
2438 2575 2450 2610 :
2485 2575 2548 2613 ac
2581 2559 2628 2614 si
2675 2559 2982 2628 benignitas
3041 2557 3216 2627 ipsius
3258 2546 3424 2610 modo

1855 2651 2092 2720 quodam
2125 2650 2571 2717 dedecoraretur,
2603 2650 2710 2706 nisi
2737 2650 2790 2704 in
2831 2664 2927 2705 eos
2953 2649 3047 2704 oui
3073 2649 3213 2704 bene
3242 2644 3421 2701 εσθαι

1855 2722 2473 2811 ευηιῖίἦῗρἔιόθτειυτί

1766 2881 1857 2938 IV.

1574 3019 1715 3075 Ibid.
1757 3036 1878 3090 pag.
1911 3010 2037 3076 7‘85.

363 3127 475 3186 Τοῦ
511 3131 683 3201 ἁγίου
715 3132 902 3199 Τίτου,
924 3133 994 3188 ἐκ
1020 3135 1124 3190 τοῦ
1151 3135 1286 3208 Περὶ
1309 3137 1587 3208 Προνοίας.

256 3303 369 3377 (69)
402 3306 514 3360 Οὐκ
544 3307 734 3380 ἐχρῆν,
767 3309 842 3374 ὡς
871 3309 1036 3375 ἔοικε,
1065 3312 1208 3365 κατὰ
1227 3314 1338 3376 τοῖς
1368 3314 1534 3366 πᾶσιν
1573 3312 1752 3385 ὑπάρ⁴

175 3415 302 3469 χειν
335 3397 429 3450 τοῦ
465 3397 600 3452 Θεοῦ
632 3399 701 3451 τὰ
753 3402 1061 3473 τεκμήρια,
1118 3403 1212 3455 καὶ
1243 3403 1334 3456 τὸν
1387 3403 1622 3476 ἄρρητον
1659 3405 1753 3457 καὶ

175 3489 567 3562 ἀκατάληπτον
596 3490 719 3544 νοῦν
745 3492 919 3562 πάντη
941 3491 1215 3564 γνώριμον
1241 3489 1383 3554 εἶναι,
1409 3493 1714 3566 ἀνθρώποις
1733 3511 1747 3525 ο

174 3579 320 3632 ὅπου
350 3596 413 3648 γε
447 3580 540 3633 καὶ
573 3579 834 3650 βασιλέως
866 3581 1150 3655 ἀνθρώπου
1177 3584 1268 3636 καὶ
1298 3585 1554 3655 ἄρχοντός
1583 3587 1750 3649 ἐστιν,

175 3671 268 3724 ὅτι
301 3671 370 3724 τά
398 3671 622 3727 πλεῖστα
656 3674 764 3728 τῶν
797 3674 1174 3746 βουλευμάτων
1203 3676 1523 3748 κρύπτεται,
1557 3679 1632 3743 ώς
1659 3681 1752 3733 καὶ

176 3761 245 3814 ’τὸ
277 3764 647 3835 πραττόμενον
695 3767 887 3837 ἄδηλον
913 3762 1050 3822 εἶναι
1069 3808 1084 3832 ,
1115 3769 1222 3840 ὅτῳ
1259 3769 1401 3841 λόγῳ
1435 3771 1746 3842 πράττεται.

179 3852 261 3906 Ού
291 3853 466 3907 τοίνυν
516 3855 722 3926 θαῦμα,
760 3858 810 3909 εἰ
858 3857 1133 3930 ἄνθρωποι.
1181 3861 1254 3932 μὴ
1300 3862 1566 3933 χωροῦσιν
1616 3862 1752 3928 ὅλως

174 3945 282 4016 τῆς
305 3945 618 4019 διοικήσεως
645 3949 739 4002 τοῦ
766 3949 900 4004 Θεοῦ
928 3952 1017 4005 τὸν
1049 3951 1224 4020 λόγον,
1255 3947 1339 4017 οἷς
1368 3955 1624 4025 ἁρμόττει
1657 3958 1751 4010 καὶ

175 4039 307 4109 δίχα
332 4040 425 4094 τοῦ
453 4043 925 4115 πολυπραγμονεῖν
957 4047 1202 4100 ὑπείκειν
1229 4065 1288 4101 τε
1318 4049 1411 4101 καὶ
1435 4049 1748 4120 ἡσυχάζειν,

177 4133 279 4186 καὶ
309 4133 506 4202 ἥκιστα
535 4136 811 4207 ἀνταίρειν
845 4138 986 4192 κατὰ
1011 4139 1109 4209 τῆς
1141 4140 1381 4211 άῤῥήτου
1411 4141 1745 4213 διοικήσεως.

176 4222 449 4288 Πολλάκις
480 4225 588 4298 γάρ
641 4229 761 4282 οὐδὲ
818 4230 1087 4301 τεχνίτην,
1129 4231 1304 4284 είτουν
1336 4233 1676 4304 οἰκοδομίας,
1715 4233 1747 4303 ἥ

173 4317 524 4384 ναυπηγίας,
578 4318 612 4388 ἢ
673 4319 1032 4393 χαλκευτικῆς
1082 4321 1377 4394 ἔμπειρον,
1446 4325 1748 4396 αἰδούμενοι

174 4409 687 4480 περιεργαζόμεθα,
741 4413 998 4467 ποιοῦντά
1030 4432 1091 4484 γε
1125 4416 1185 4468 τὸ
1236 4419 1437 4470 οἰκεῖον
1485 4419 1744 4472 ἕκαστον

173 4497 315 4550 ἀλλὰ
367 4502 433 4570 τῇ
491 4500 655 4572 πείρᾳ
683 4506 1250 4571 καταπιστεύσαντες,
1307 4509 1636 4580 ὲκδεχόμεθα
1687 4511 1747 4564 τὸ
1781 4497 1822 4552 Ῐ)

174 4590 339 4661 ἔργον
373 4592 519 4646 ἰδεῖν.
549 4595 704 4647 Ἔστι
736 4594 793 4647 δὲ
825 4596 919 4649 καὶ
957 4597 1046 4650 ὅτε
1084 4598 1433 4670 σφαλλομένῳ
1462 4601 1561 4654 ούκ
1590 4602 1744 4654 ἐπαι-

175 4681 504 4753 σθανόμεθα.
554 4685 620 4737 Τί
663 4685 708 4738 δ’
739 4687 805 4740 ἂν
833 4690 1040 4759 εἴποιμι
1077 4691 1206 4761 περὶ
1245 4692 1344 4761 τῆς
1386 4692 1525 4763 ὑπὲρ
1568 4694 1742 4748 πάντα

169 4771 300 4824 νοῦν
340 4773 531 4842 σοφίας
559 4775 650 4828 τοῦ
682 4777 852 4842 Θεοῦ;
885 4777 952 4848 ἣν
973 4780 1237 4850 προσῆκε,
1272 4781 1364 4833 καὶ
1395 4781 1651 4846 νοοῦντάς
1681 4801 1741 4836 τε

170 4862 270 4915 καὶ
306 4862 381 4932 μὴ
413 4863 684 4929 νοοῦντας,
725 4867 1120 4938 ἐκπλήττεσθαί
1151 4887 1210 4922 τε
1251 4870 1343 4923 καὶ
1379 4872 1562 4940 τιμᾷν.
1591 4872 1654 4924 Εἰ
1685 4871 1743 4924 δέ

165 4969 276 5016 τις,
300 4953 388 5006 διά
411 4955 470 5007 τὸ
493 4957 566 5028 μὴ
594 4958 1032 5029 καταλαμϐάνειν
1059 4955 1150 5014 τὸν
1172 4961 1327 5029 λόγον
1349 4962 1461 5015 τῶν
1487 4962 1743 5016 πλειόνων

164 5043 279 5096 τῶν
304 5045 442 5116 πρὸς
464 5047 558 5100 τοῦ
593 5048 728 5102 Θεοῦ
761 5051 1083 5122 γινομένων,
1113 5053 1335 5106 ἐκπέσοι
1360 5054 1494 5125 πρὸς
1513 5054 1740 5108 ἀτοπίαν

163 5137 268 5206 τῆς
315 5135 409 5190 τοῦ
457 5137 592 5192 Θεοῦ
645 5140 802 5213 δόξης
843 5143 955 5214 (70)
1012 5143 1379 5210 ἀθλιώτατος,
1430 5145 1524 5199 καὶ
1578 5145 1736 5200 πάλιν

240 5291 352 5364 (68)
371 5293 557 5370 _np_a¢_
581 5293 650 5348 δὲ
693 5295 818 5363 τοῖς
849 5297 952 5370 ἅτ.
1007 5297 1270 5370 Exeerpta
1330 5307 1458 5355 sunt
1510 5299 1626 5356 haec
1674 5317 1742 5357 ex

163 5362 264 5442 lib.
296 5362 479 5442 tl"'_l‘iti
514 5362 852 5442 _Bostrensis,
909 5367 943 5442 ᾗ
981 5385 1070 5442 xv,
1121 5362 1209 5442 ub'i
1260 5371 1463 5442 rectius
1523 5371 1740 5442 legitur,

164 5432 303 5505 πρὸς
347 5434 404 5510 δὲ
437 5434 676 5510 τούτοις;
723 5445 886 5507 atque
910 5432 1008 5510 fita
1052 5432 1246 5510 legisse
1306 5440 1518 5496 videtur
1576 5432 1747 5496 interi-

161 5502 316 5575 pres.
350 5502 590 5575 Uterque
617 5507 769 5562 locus
792 5502 1126 5564 conferatur:

238 5573 352 5646 (69)
386 5573 515 5630 002i
544 5575 754 5646 ἐχρῆν,
795 5595 850 5632 κ.
893 5579 1036 5646 τηλ.
1089 5580 1295 5638 Auctor
1346 5580 1737 5638 Paraileiorum

163 5639 271 5698 ista
303 5639 690 5715 descripsit"ex'
723 5647 816 5704 lib.
847 5661 908 5715 ιι,
943 5643 972 5716 ﬁ
1008 5661 1198 5707 xxvut.

1775 3143 1819 3202 ε.
1854 3134 2040 3192 Sancti
2071 3135 2200 3204 Titi,
2230 3124 2444 3188 exlibro
2474 3131 2559 3204 De
2579 3122 2944 3204 Providentia,
2964 3146 3028 3186 ex
3049 3122 3182 3186 libro
3225 3139 3261 3185 tl
3287 3139 3423 3186 cons

2396 3211 2480 3256 tra
2511 3202 2859 3257 Manichaeos.

1922 3318 2143 3374 Minime
2173 3325 2597 3373 consentaneum
2630 3324 2770 3382 erat,
2815 3323 2876 3370 ut
2896 3314 3133 3377 videtur,
3163 3304 3260 3368 Dei
3295 3325 3427 3368 con-

1853 3411 1980 3468 silia
2009 3411 2195 3481 pervia
2223 3408 2481 3463 omnibus
2521 3408 2669 3471 ﬁeri,
2699 3414 2754 3462 et
2801 3403 3236 3476 inexplicabilem
3273 3404 3425 3458 illam

1853 3513 2017 3573 atque
2082 3499 2688 3570 incomprehensibilem
2731 3504 2972 3552 mentem
3017 3495 3166 3551 omni
3210 3495 3423 3549 ratione

1853 3593 2174 3650 hominibus
2205 3592 2544 3662 exploratam
2584 3605 2744 3646 esse:
2781 3588 3000 3660 quando
3033 3587 3116 3644 vel
3157 3580 3303 3657 regis
3327 3586 3422 3656 qui

1852 3683 2019 3738 homo
2076 3691 2185 3746 est,
2219 3697 2280 3735 ac
2316 3679 2583 3751 principis
2622 3680 2881 3749 pleraque
2923 3676 3156 3732 consilia
3208 3678 3422 3731 occulta

1853 3784 1982 3829 sunt
2005 3815 2020 3839 ,
2057 3775 2131 3827 ita
2168 3781 2224 3827 ut
2257 3773 2551 3828 obscurum
2587 3772 2658 3826 sit
2683 3783 2845 3840 quam
2872 3759 2942 3824 ob
2975 3783 3196 3823 causam
3229 3772 3424 3837 agatur

1851 3866 1906 3921 id
1937 3865 2082 3936 quod
2113 3865 2312 3935 agitur.
2347 3863 2494 3917 Nihil
2517 3861 2714 3916 mirum
2748 3861 2934 3931 igitur,
2967 3860 3013 3914 si
3043 3859 3294 3915 homines
3333 3861 3422 3914 di-

1851 3959 1994 4013 vina:
2026 3955 2443 4028 gubernationis
2479 3955 2743 4009 rationem
2777 3967 2888 4008 non
2937 3951 3188 4022 capiant;
3221 3951 3424 4024 quibus

1853 4052 2165 4118 conveniat,
2193 4050 2372 4120 posita
2421 4049 2763 4111 curiositate,
2805 4046 3000 4102 cedere
3045 4055 3098 4101 et
3123 4047 3421 4111 conticere,

1851 4159 1954 4199 nec
1997 4157 2227 4212 prorsus
2260 4142 2524 4197 adversus
2565 4139 2839 4196 ineffabile
2876 4139 3117 4210 regimen
3148 4138 3280 4194 illud
3324 4140 3425 4195 ob-

1851 4250 2218 4291 murmurare.
2250 4233 2546 4289 Enimvero
2596 4249 2739 4301 saepe
2775 4232 3004 4298 accidit,
3038 4239 3097 4286 ut
3138 4245 3315 4300 neque
3353 4231 3423 4284 ab

1853 4325 2083 4390 artiﬁce,
2132 4324 2248 4380 sive
2295 4325 2492 4379 domus
2525 4323 2821 4384 struendae,
2853 4321 2968 4376 sive
3009 4318 3423 4390 compingendae

1851 4419 2031 4484 navis,
2060 4419 2176 4473 sive
2205 4417 2331 4472 aeris
2394 4415 2654 4472 fundendi
2703 4416 2913 4484 perito,
2952 4413 3073 4481 ejus
3116 4413 3421 4466 reverentia

1851 4511 2057 4580 aliquid
2117 4509 2497 4580 inquiramus,
2523 4507 2652 4562 dum
2705 4507 2796 4562 ille
2817 4505 3048 4577 quodvis
3089 4519 3228 4574 opus
3261 4519 3422 4558 suum

1857 4604 2026 4669 facit;
2058 4601 2153 4658 sed
2191 4603 2312 4670 ejus
2341 4599 2696 4671 experientiae
2745 4598 2901 4652 iidem
2948 4596 3233 4659 habentes,
3265 4595 3423 4666 opill-

1850 4695 1996 4749 cium
2055 4695 2240 4748 videre
2299 4693 2699 4764 praestolamur.
2748 4689 3037 4754 Quinimo,
3091 4688 3424 4759 quandoque

1849 4785 2017 4838 etiam
2043 4785 2190 4839 illius
2220 4793 2402 4838 errata
2433 4797 2538 4836 non
2597 4781 3109 4836 animadvertimus.
3142 4770 3284 4844 Quid
3311 4780 3418 4833 ita-'
3460 4799 3469 4808 ·

1851 4891 1956 4946 que
1990 4875 2166 4930 dicam
2201 4874 2269 4930 de
2297 4873 2393 4929 Dei
2427 4874 2694 4942 sapientia
2716 4913 2729 4935 ,
2759 4888 2881 4943 qua:
2912 4879 3148 4926 mentem
3202 4885 3420 4924 omnem

1847 4965 2102 5021 excedit?
2132 4981 2318 5035 quam,
2347 4965 2460 5019 sive
2501 4964 2886 5034 intelligamus,
2932 4963 3046 5018 sive
3088 4977 3194 5016 non
3219 4961 3422 5015 intelli-

1845 5071 2060 5128 gamus,
2094 5073 2193 5111 nos
2216 5057 2461 5126 oportuit
2487 5056 2744 5110 admirari
2791 5070 2854 5109 ac
2882 5053 3152 5109 venerari.
3185 5047 3341 5119 Quod
3372 5045 3420 5108 si

1847 5149 2144 5218 quispiam,
2177 5158 2243 5202 ex
2285 5163 2349 5202 eo
2383 5147 2526 5217 quod
2570 5149 2861 5201 multarum
2889 5161 3011 5218 qua
3044 5163 3072 5200 a
3124 5145 3236 5200 Deo
3262 5146 3420 5214 Iiunt,

1916 5302 2026 5372 (70)
2059 5300 2212 5369 Πρὸς
2239 5304 2493 5357 ἀτοπίαν
2525 5301 2630 5369 τῆς
2664 5301 2767 5355 τοῦ
2797 5301 2946 5355 Θεοῦ
2967 5301 3170 5369 δόξης.
3199 5302 3328 5372 Leg.
3355 5311 3417 5360 π.

1846 5371 1902 5425 ά.
1934 5387 1984 5444 τ.
2008 5371 2157 5444 κατὰ
2189 5373 2282 5426 τοῦ
2303 5373 2438 5426 Θεοῦ
2462 5374 2509 5426 ὁ.
2543 5374 2695 5443 Apud
2728 5373 3131 5444 Titumuliban,
3162 5371 3418 5444 sum,

1848 5443 1930 5514 sic
1955 5442 2173 5510 legitur,
2206 5444 2342 5514 πρὸς
2369 5441 2605 5506 ἀτόπους
2630 5442 2773 5514 κατὰ
2805 5441 2939 5496 Θεοῦ
2967 5442 3145 5514 δόξας.
3166 5441 3308 5508 ’ρυειι
3332 5460 3420 5497 νεα

1847 5513 1990 5567 etius
2023 5527 2186 5580 quam
2221 5512 2412 5569 Biliius
2455 5515 2530 5568 ita
2571 5513 2873 5568 reddidisse
2927 5512 3140 5568 videtur
3191 5514 3418 5568 Turria-

1848 5598 2003 5655 n_us__:
2033 5583 2094 5640 Si
2121 5585 2328 5655 quia...
2361 5600 2462 5639 non
2493 5584 2809 5655 assequitur,
2834 5582 3042 5638 decidat
3073 5585 3126 5638 in
3155 5585 3418 5639 absurdae

1849 5652 1913 5706 de
1947 5651 2053 5709 Deo
2091 5653 2379 5709 oitinione's.
