3792 6150
453 310 472 363 Ι
484 309 590 364 '263

1549 317 1686 374 TITI
1720 317 2148 376 BOSTRENSIS
2189 320 2507 379 EPISCOPI

3573 323 3703 380 ﬁlii

445 424 714 477 rationem
756 438 869 480 non
895 427 1348 500 comprehendat,
1377 434 1432 490 in
1474 434 1616 492 hanc
1642 437 1811 494 miser
1835 452 1982 493 vecox

2138 441 2351 512 ὶνόητος
2395 443 2424 495 ὁ
2471 440 2729 509 τοιοῦτος,
2781 440 2856 506 ὡς
2900 441 3038 514 αὐτῇ
3079 459 3140 512 γε
3169 442 3234 514 τῇ
3281 441 3563 514 τυφλὼσει
3613 443 3702 496 τῆς

443 515 588 570 diam
617 527 806 572 contra
839 517 937 575 Dei
989 521 1220 592 gloriam
1252 525 1455 594 cadat;
1510 536 1630 585 tum
1688 529 1782 586 ille
1821 546 1982 588 rursu

2138 532 2264 597 ίδίας
2291 532 2528 598 διανοίας
2558 533 2739 606 ὁδηγῷ
2759 533 3053 608 χρώμενος.

441 609 736 664 amentiam
784 613 976 682 prodet
1023 628 1200 684 suam,
1233 632 1334 675 ceu
1378 619 1471 692 qui
1503 620 1763 680 obcaecati
1814 638 2014 680 sensus
2045 623 2133 677 sui
2157 625 2415 684 ducatum
2445 638 2730 702 sequatur.

1832 888 1974 947 Ibid.
1998 910 2120 967 pag.
2159 899 2282 956 785.

436 1001 624 1060 Sancti
659 1004 767 1061 Titi
789 1009 1017 1082 episcopi
1042 1011 1412 1087 ⁸Βοιιτοινιιηι,
1447 1037 1513 1076 ea;
1546 1022 1682 1078 libro
1727 1039 1781 1080 Iv
1818 1035 2012 1085 contra

1040 1081 1392 1146 Manichaeos.

502 1187 664 1246 Fides
687 1191 742 1245 in
777 1189 945 1248 Deum
984 1199 1226 1270 cognitio
1283 1200 1378 1258 Dei
1417 1213 1523 1270 est,
1555 1223 1678 1279 qua:
1710 1223 1776 1264 ex
1804 1210 2009 1266 visibili

430 1293 681 1339 creatura
703 1300 998 1359 rerumque
1023 1295 1360 1351 naturalium
1388 1300 1812 1372 cogitationibus
1830 1314 2008 1374 parta,

431 1390 558 1430 cum
592 1375 976 1436 benevolentia
998 1391 1054 1439 et
1083 1401 1270 1446 amore
1298 1406 1428 1463 erga
1453 1394 1630 1464 ipsum
1666 1411 1764 1467 per
1783 1398 2008 1455 virtutis

431 1482 495 1522 ac
516 1467 636 1524 vitii
665 1472 956 1528 scientiam
987 1476 1165 1534 eidem
1197 1484 1512 1554 gratissima
1544 1497 1646 1543 est.

2163 1031 2278 1087 Τοῦ
2304 1032 2500 1104 ⁵ἁγίου
2537 1033 2706 1090 Τίτου
2747 1032 3082 1160 Ἐσκόθὲνου
3131 1037 3414 1106 Βόστρων
3456 1041 3535 1094 ἐκ
3564 1040 3674 1095 τοῦ

2844 1124 2951 1160 γοου
3037 1146 3051 1160 .

2844 1124 2951 1176 γου
2983 1124 3051 1160 ον.

2195 1215 2386 1270 Ἔστιν
2417 1215 2452 1287 ἡ
2486 1216 2628 1272 κατὰ
2664 1217 2800 1272 Θεὸν
2845 1219 3026 1285 πίστις
3061 1221 3258 1290 γνῶσις
3294 1222 3433 1277 Θεοῦ
3457 1266 3472 1290 ,
3509 1224 3608 1279 διά
3650 1244 3707 1280 τε

2117 1307 2219 1378 τῆς
2253 1309 2540 1381 ὁρωμένης
2572 1310 2929 1382 δημιουργίας
2949 1313 3043 1366 καὶ
3069 1313 3175 1368 τῶν
3206 1315 3448 1384 φυσικῶν
3475 1317 3707 1371 ἐννοιῶν

2118 1399 2238 1471 μετ’
2281 1400 2498 1465 εὐνοίας
2530 1401 2624 1455 καὶ
2655 1402 2874 1474 ἀγάπης
2915 1405 3014 1476 τῆς
3067 1405 3200 1477 πρὸς
3223 1405 3385 1460 αὑτὸν
3428 1407 3559 1462 κατ’
3602 1412 3704 1463 ἑπ-

2117 1493 2354 1564 ιστήμην
2383 1492 2584 1566 ἀρετῆς
2613 1496 2709 1550 καὶ
2733 1495 2930 1561 κακίας
2958 1496 3321 1570 εὐαρεστοῦσα
3340 1498 3476 1572 Θεῷ.

435 1669 3673 1725 ——_._________._______________

1251 1859 1594 1948 ΤΙΤΟΥ
1647 1864 2318 1954 ΕΠΙΣΚΟΠΟΥ
2367 1868 2858 1963 ΒΟΣΤΡΩΝ

1829 2066 1938 2120 ΕΙΣ
1969 2066 2060 2122 ΤΑ
2096 2067 2273 2122 BAIA.

815 2335 979 2398 TITI
1023 2335 1505 2401 BOSTRENSIS
1562 2339 1917 2405 EPISCOPI
1975 2341 2290 2407 ORATIO
2345 2345 2427 2406 IN
2477 2343 2757 2408 RAMOS
2809 2344 3278 2409 PALMARUM.

486 2567 527 2624 l.
551 2567 619 2625 Ut
649 2568 915 2626 immensa
937 2569 1191 2643 abyssus,
1211 2585 1479 2642 aquarum
1507 2573 1686 2632 fontes
1701 2575 1858 2649 capia
1877 2593 1998 2634 sca-
2028 2593 2073 2649 Β

420 2664 577 2728 turit,
623 2663 775 2736 iique
799 2665 918 2737 jugi
953 2667 1158 2736 impetu
1191 2667 1536 2724 decurrentia
1577 2668 1802 2726 ﬂumina
1841 2687 1992 2744 rege-

413 2766 587 2821 runt,
636 2773 758 2828 quae
807 2767 1007 2814 terram
1047 2759 1331 2826 obeuntia,
1384 2761 1631 2833 irrigent,
1675 2771 1737 2819 ut
1782 2765 1852 2821 iis
1899 2767 1991 2822 illa

415 2845 643 2915 irrigua,
675 2861 868 2917 panem
909 2847 966 2902 in
1007 2848 1190 2904 cibum
1235 2849 1543 2917 fructilicet,
1584 2853 1881 2925 vinumque
1921 2857 1989 2913 ad

414 2936 660 2991 lmtitlam
696 2937 982 2994 hominum
1013 2956 1029 3005 ;
1061 2955 1234 3008 eaque
1268 2942 1346 2995 illi
1376 2957 1596 2998 annona
1629 2945 1808 3014 potiti,
1839 2943 2000 3001 Scri-

412 3035 588 3098 pturae
621 3028 758 3084 illud
789 3030 1088 3101 adimplent
1131 3052 1144 3086 :
1192 3030 1364 3087 Edent
1397 3048 1652 3104 pauperes
1691 3045 1741 3091 et
1776 3048 1992 3091 satura-

411 3119 626 3185 buntur,
647 3129 696 3174 et
721 3119 1015 3176 laudabunt
1043 3121 1326 3178 Dominum
1351 3125 1442 3195 qui
1469 3126 1740 3196 requirunt
1766 3145 1885 3184 eum
1911 3129 1986 3194 “;

409 3212 494 3268 sic
529 3227 748 3284 quoque
789 3213 1083 3272 ineli‘abilis
1123 3214 1340 3272 Domini
1386 3217 1559 3274 nostri
1604 3215 1732 3276 Jesu
1781 3219 1988 3278 Christi

407 3305 743 3376 benignitas,
790 3321 858 3362 ex
903 3321 1018 3364 suae
1067 3307 1330 3366 bonitatis
1375 3325 1439 3365 ac
1481 3310 1835 3382 benignitatis
1883 3315 1986 3368 im-

407 3411 598 3452 mensa
629 3396 850 3468 abysso,
888 3412 1076 3454 sacras
1105 3399 1266 3455 nobis
1298 3399 1674 3458 solemnitates
1708 3403 1763 3458 in
1784 3404 1985 3474 quibus

404 3494 652 3543 nostram
697 3496 956 3559 operatus
999 3497 1083 3546 est
1133 3490 1397 3555 salutem,
1450 3507 1551 3547 ceu
1596 3492 1764 3551 fontis
1813 3511 1984 3552 venas

404 3579 627 3649 proﬂuit
659 3598 672 3636 :
707 3582 880 3642 sancti
919 3591 1100 3639 autem
1148 3581 1388 3654 Spiritus
1425 3587 1598 3657 gratia
1632 3587 1686 3643 in
1721 3590 1983 3645 solemni-

405 3671 611 3727 tatibus
639 3671 850 3738 eliicax,
883 3673 1074 3746 implet
1105 3675 1345 3746 ﬂuminis
1376 3680 1597 3748 impetus
1630 3682 1672 3713 "
1701 3701 1714 3736 :
1742 3681 1980 3739 deiferos

402 3762 595 3832 utique
636 3763 806 3829 viros,
856 3765 1158 3823 doctrinam
1196 3769 1461 3828 habentes
1509 3775 1563 3828 in
1607 3775 1840 3832 docendo
1898 3779 1978 3844 ¹³;

403 3851 496 3921 qui
530 3852 831 3923 spiritalem
879 3870 945 3910 ac
984 3857 1307 3914 rationalem
1354 3860 1578 3915 humani
1612 3864 1828 3931 generis
1868 3872 1980 3919 ter-

2169 2577 2385 2649 Ὠσπερ
2414 2577 2449 2648 ἡ
2484 2574 2794 2647 ἀμέτρητος
2828 2573 3064 2639 ἄϐυσσος
3109 2573 3262 2646 βρύει
3295 2574 3556 2643 ἀφθόνως
3595 2576 3688 2639 τὰς

2095 2668 2279 2739 πηγὰς
2310 2667 2420 2721 τῶν
2451 2666 2680 2730 ὑδάτων,
2708 2666 2802 2718 καὶ
2835 2665 2890 2718 αι
2917 2665 3090 2738 πηγαὶ
3113 2665 3484 2720 ἀποϐλύουσιν
3514 2670 3684 2740 ἀκρα-

2091 2762 2290 2833 τήτους
2329 2757 2643 2830 ποταμούς·
2681 2758 2732 2810 οἱ
2771 2757 2828 2810 δὲ
2872 2757 3108 2828 ποταμοὶ
3146 2757 3551 2811 ὲπισκέπτουσι
3592 2760 3686 2830 τὴν

2092 2853 2218 2924 γῆν,
2246 2851 2341 2906 καὶ
2366 2850 2695 2922 μεθύσκουσι
2720 2849 2889 2920 αὐτὴν
2905 2889 2919 2913 ,
2943 2849 3036 2902 τοῦ
3067 2851 3495 2922 καρποφορῆσαι
3523 2851 3684 2922 ἄρτον

2091 2945 2172 3008 εἰς
2199 2942 2422 3015 βρῶσιν,
2446 2942 2541 2995 καὶ
2567 2937 2707 2995 οἶνον
2729 2943 2809 3004 είς
2839 2940 3174 3013 εὐφροσύνην
3199 2942 3307 2994 τῶν
3335 2941 3678 3014 ἀνθρώπων

2090 3035 2140 3087 οἱ
2163 3032 2221 3086 δὲ
2253 3031 2528 3103 ἄνθρωποι
2552 3071 2567 3094 ,
2595 3029 2956 3092 ἀπολαύοντες
2975 3069 2990 3094 ,
3018 3031 3280 3103 πληροῦσι
3313 3030 3378 3084 τδ
3425 3049 3682 3104 γεγραμ-

2093 3125 2254 3195 μένον
2276 3140 2290 3155 σ
2321 3123 2613 3193 Φάγονται
2656 3121 2912 3189 πένητες
2930 3161 2946 3188 ,
2981 3123 3079 3177 καὶ
3111 3123 3678 3192 ἐμπλησθήσονται,

2089 3216 2190 3270 καί
2211 3214 2531 3270 αίνέσουσι
2568 3215 2788 3285 Κύριον
2814 3218 2870 3268 οι
2907 3214 3292 3282 ὲκζητοῦντες
3324 3217 3525 3270 αὐτόν
3543 3234 3558 3248 ·
3590 3217 3682 3270 οὖ-

2085 3325 2194 3372 τως
2239 3308 2334 3362 καὶ
2375 3308 2409 3378 ὴ
2451 3307 2657 3377 ἀφατος
2685 3306 3063 3380 φιλανθρωπία
3114 3305 3210 3360 τοῦ
3256 3308 3469 3380 Κιιςίςιι
3518 3309 3680 3380 ἡμῶν

2099 3399 2275 3470 Ἰησοῦ
2307 3399 2544 3471 Χριστοῦ
2571 3401 2636 3452 ὲκ
2659 3399 2758 3471 τῆς
2783 3399 3088 3471 ἀμετρήτου
3121 3399 3358 3452 ἀϐύσσου
3393 3399 3498 3470 τῆς
3541 3403 3681 3468 ἀγαμ-

2087 3490 2309 3564 θότητος
2347 3491 2442 3544 καὶ
2470 3490 2880 3563 φιλανθρωπίας
2920 3489 3084 3544 αὐτοῦ
3117 3487 3353 3560 πηγάζει
3386 3492 3527 3562 ἡμῖν
3577 3493 3678 3555 τὰς

2085 3581 2246 3650 ἁγίας
2270 3580 2484 3654 ἑορτὰς,
2509 3582 2566 3634 ὲν
2593 3575 2681 3644 αἷς
2708 3581 2807 3652 τὴν
2838 3580 3111 3652 σωτηρίαν
3149 3580 3306 3652 ἡμῶν
3327 3582 3634 3653 εἰργάσατο
3659 3600 3673 3613 ·

2084 3672 2178 3725 καὶ
2209 3672 2372 3736 αὐτὸς
2399 3674 2497 3743 μὲν
2529 3669 2722 3742 ἑορτὰς
2747 3671 2984 3742 πηγάζει
3003 3688 3015 3701 ·
3059 3673 3090 3742 ἡ
3123 3672 3180 3725 δὲ
3205 3671 3363 3744 χάρις
3386 3673 3485 3726 τοῦ
3514 3673 3672 3742 ἁγίου

2084 3761 2399 3835 Πνεύματος
2429 3765 2462 3834 ἡ
2495 3761 2792 3835 ὲνεργοῦσα
2833 3765 2890 3816 ὲν
2936 3766 3054 3826 ταῖς
3093 3765 3307 3835 ἑορταῖς
3352 3762 3428 3816 τὰ
3479 3765 3670 3832 ὁρμή-

2079 3872 2241 3927 ματα
2264 3854 2370 3910 τοῦ
2401 3852 2669 3922 ποταμοῦ
2698 3852 2920 3926 πληροῖ’
2953 3854 3094 3922 λέγω
3119 3854 3183 3926 δὴ
3216 3855 3341 3917 τοὺς
3370 3852 3671 3927 θεοφόρους

401 3957 522 3996 ram
555 3943 875 4010 lustrantes,
900 3946 1207 4004 Ecclesiam
1241 3959 1486 4007 sanctam
1521 3953 1821 4022 laetiﬁcent;
1848 3957 1979 4011 rivi-

2138 3949 2280 4021 ιδρας
2304 3987 2319 4012 ,
2350 3948 2477 4011 τοὺς
2518 3946 2918 4001 διδασκαλίαν
2953 3946 3024 4000 ὲν
3059 3944 3134 4014 τῇ
3169 3945 3534 4013 διδασκαλίᾳ
3573 3965 3666 4001 κε-

403 4043 564 4088 tatem
591 4034 739 4090 illam
762 4035 914 4108 Regis
946 4042 1125 4110 magni
1144 4039 1274 4096 Jesu
1305 4043 1508 4100 Christi
1547 4045 1610 4108 “,
1643 4046 1798 4115 juxta
1827 4047 1974 4117 quod

401 4126 665 4195 scriptum
688 4135 773 4183 est
809 4145 822 4180 :
859 4127 1125 4188 Fluminis
1157 4134 1379 4203 impetus
1403 4135 1679 4206 lwtiﬁcant
1710 4140 1974 4194 civitatem

402 4215 500 4270 Det
531 4218 600 4272 ⁸⁵.
635 4217 885 4275 Ecclesia
928 4221 1164 4293 denique
1208 4225 1481 4282 laetiﬁcata
1521 4244 1585 4289 ac
1632 4230 1898 4286 delectata
1942 4247 1972 4286 a

397 4307 730 4380 pinguedine
769 4312 951 4370 cordis
993 4316 1059 4380 η,
1098 4325 1413 4386 regnantem
1440 4321 1496 4376 in
1525 4321 1642 4391 ipsa
1680 4319 1971 4378 Dominum

396 4401 584 4457 laudat
615 4411 779 4476 atque
803 4406 1088 4476 gloriﬁcat.
1108 4410 1222 4480 Age
1251 4411 1455 4482 itaque,
1484 4422 1545 4467 ut
1569 4423 1624 4468 et
1648 4415 1810 4472 hodie
1831 4416 1974 4487 quod

397 4490 517 4561 ipse
544 4491 612 4549 de
658 4508 717 4548 se
761 4495 882 4565 ipso
916 4513 1012 4566 per
1056 4509 1281 4554 sanctos
1328 4503 1622 4573 prophetas
1666 4520 1797 4560 suos
1836 4522 1978 4576 pree-

393 4581 552 4648 dixit,
572 4585 928 4668 eloquamur,
934 4603 1052 4644 eam
1073 4606 1171 4660 pro
1183 4593 1325 4647 virili
1342 4603 1526 4650 nostra
1547 4604 1702 4666 parte
1728 4607 1972 4654 nostram

393 4683 710 4731 scrutemur
750 4680 981 4736 salutem
1023 4697 1186 4752 quam
1232 4683 1390 4741 nobis
1441 4687 1555 4741 Rex
1602 4696 1788 4744 noster
1833 4689 1974 4745 festa

393 4763 498 4821 hac
538 4767 660 4824 luce
706 4770 928 4828 molitus
960 4781 1065 4829 est.
1118 4776 1230 4848 Age
1275 4777 1630 4848 exquiramus
1677 4780 1968 4850 cuiusnam

392 4858 567 4928 gratia
598 4858 794 4931 Regem
817 4877 942 4917 eum
975 4865 1174 4920 nedum
1203 4867 1453 4924 homines
1479 4869 1841 4938 laudaverint,
1872 4873 1967 4929 sed

389 4958 445 5003 et
476 4951 732 5020 angelica:
758 4952 1008 5012 virtutes.

2083 4025 2390 4111 κτημένους
2415 4053 2428 4067 ·
2461 4037 2556 4090 καὶ
2595 4036 2750 4092 αὐτοὶ
2780 4036 3196 4090 ὲπισκέπτονται
3215 4035 3315 4107 τὴν
3341 4037 3542 4108 νοητὴν
3571 4039 3667 4092 καὶ

2083 4127 2308 4201 λογικὴν
2354 4130 2458 4200 γῆν
2507 4128 2606 4211 τῆς
2655 4127 3107 4200 ἀνθρωπότητος,
3133 4127 3516 4199 εὐφραίνοντες
3567 4129 3663 4200 τὴν

2083 4221 2246 4289 ἁγίαν
2287 4221 2648 4293 Ἐκκλησίαν,
2679 4221 2800 4291 ἥτις
2847 4220 2965 4273 ἐστὶ
3015 4222 3192 4287 πόλις
3235 4218 3358 4275 τοῦ·
3385 4223 3662 4290 μεγάλου

2076 4314 2384 4382 ,βασιλέως
2435 4314 2612 4386 Ἰησοῦ
2654 4313 2892 4386 Χριστοῦ
2913 4355 2927 4380 ,
2957 4314 3097 4367 κατά
3134 4313 3194 4365 τὸ
3238 4314 3656 4384 γεγραμμένον·

2084 4405 2196 4460 Τοῦ
2229 4404 2498 4474 ποταμοῦ
2526 4407 2599 4460 τὰ
2637 4406 2945 4476 ὀρμήματα
2980 4406 3367 4476 εὐφραίνουσι
3400 4405 3520 4472 τὴν
3547 4409 3658 4458 πό-

2075 4499 2180 4550 λιν
2209 4496 2314 4551 τοῦ
2343 4495 2512 4551 Θεοῦ.
2558 4497 2626 4549 Ἦ
2665 4496 2720 4549 δὲ
2761 4497 3084 4568 Ἐκκλησία,
3125 4495 3527 4568 εὐφραινομένη
3565 4497 3658 4549 καὶ

2075 4588 2378 4659 ἡδυνομένη
2411 4588 2519 4642 ἀπὸ
2543 4588 2793 4658 πιότητος
2820 4590 3069 4660 καρδίας,
3101 4591 3237 4642 αἰνεῖ
3265 4587 3360 4642 καὶ
3387 4588 3658 4656 δοξολογεί

2075 4681 2280 4752 Κύριον
2315 4681 2407 4734 τὸν
2435 4682 2492 4733 ὲν
2527 4681 2664 4751 αὐτῇ
2702 4681 3068 4751 βασιλεύοντα.
3108 4680 3241 4752 Φέρε
3260 4680 3324 4752 δὴ
3357 4681 3455 4733 καὶ
3487 4682 3656 4750 σήμε-

2076 4792 2171 4846 ρον
2202 4777 2406 4840 εἰπεῖν,
2429 4773 2465 4827 ’ὃ
2494 4773 2949 4847 προανεφώνησεν
2978 4773 3139 4836 αὐτὸς
3164 4773 3292 4845 περὶ
3328 4771 3529 4824 ἑαυτοῦ
3565 4771 3654 4823 διὰ

2073 4868 2184 4923 τῶν
2213 4868 2384 4937 ἀγίων
2415 4868 2580 4922 αὐτοῦ
2619 4867 2937 4940 προφητῶν,
2965 4866 3344 4938 ὲρευνήσωμεν
3381 4863 3522 4933 πρὸς
3557 4861 3653 4932 τὴν

2076 4962 2306 5032 δύναμιν
2347 4962 2504 5033 ἡμῶν
2545 4963 2644 5034 τὴν
2692 4961 2995 5034 σωτηρίαν,
3029 4961 3096 5031 ἢν
3128 4961 3156 5013 ὁ
3202 4957 3451 5028 βασιλεὺς
3490 4954 3650 5027 ἡμῶν

391 5039 887 5112 ἐπραγματεύσατο
915 5047 1048 5117 ἡμῖν
1087 5049 1147 5102 ὲν
1178 5048 1350 5123 ταύτῃ
1415 5055 1482 5125 τῇ
1545 5054 1706 5127 ἑορτῇ
1730 5071 1746 5086 ο
1808 5055 1940 5127 φέρε
1989 5055 2414 5127 κατανοήσωμεν
2471 5055 2656 5109 ἕνεκεν
2702 5054 2849 5118 τίνος
2907 5051 3131 5124 βασιλέα
3187 5049 3348 5104 αὑτὸν
3401 5048 3621 5120 ῦμνησα

389 5129 451 5182 οὺ
489 5131 648 5201 μόνον
677 5135 726 5186 oi
758 5135 1057 5204 ἄνθρωποι,
1099 5141 1235 5196 ἁλλά
1269 5145 1364 5198 καὶ
1401 5147 1456 5198 αἱ
1496 5147 1788 5215 ἀγγελικαὶ
1819 5147 2097 5219 δυνάμεις.

460 5220 524 5277 ll.
553 5224 733 5280 Causa
766 5228 931 5299 igitur
960 5232 1232 5302 ejusmodi
1262 5239 1485 5305 cantici,
1523 5241 1676 5309 juxta
1709 5242 1854 5311 quod
1885 5241 1965 5294 vi-
1997 5253 2041 5308 ι)

389 5310 642 5400 debatur,
689 5316 883 5376 Lazari
913 5325 1202 5382 suscitatio
1233 5327 1355 5395 fuit,
1388 5310 1846 5400 quemadmodum
1888 5332 1965 5387 ait

394 5398 738 5473 Evangelium
777 5429 789 5464 :
827 5411 1200 5484 Cogitaverunt
1247 5398 1422 5474 autem
1451 5419 1649 5485 Judaei,
1681 5433 1738 5476 ut
1768 5431 1817 5477 et
1854 5422 1964 5478 La-

2149 5239 2215 5294 Ἦ
2243 5240 2393 5294 αἰτία
2420 5235 2516 5294 οῦν
2545 5240 2644 5312 τῆς
2683 5239 2954 5311 ὑμνῳδίας
2982 5240 3017 5310 ἡ
3050 5237 3265 5309 ἓγερσις
3295 5234 3550 5306 Λαζάρου
3581 5233 3647 5308 ἦν

2071 5333 2214 5388 κατά
2260 5333 2320 5386 τὸ
2370 5333 2716 5404 φαινόμενον,
2761 5331 2941 5395 καθώς
2986 5347 3118 5402 φησι
3162 5329 3224 5382 τὸ
3267 5329 3598 5396 Εὐαγγέλιον
3627 5347 3640 5359 ·

2083 5425 2558 5480 Ἐϐουλεύσαντο
2588 5425 2656 5479 δὲ
2692 5424 2988 5489 Ἰουδαῖοι,
3029 5425 3130 5478 ἵνα
3171 5422 3271 5478 καί
3312 5421 3423 5475 τὸν
3459 5421 3643 5482 Λάζα-

389 5504 574 5545 zarum
598 5496 952 5569 interﬁcerent
971 5546 986 5570 ,
1011 5509 1136 5577 quia
1159 5509 1314 5563 multi
1335 5522 1548 5582 propter
1571 5514 1719 5568 illum
1746 5513 1964 5569 abibant

2139 5536 2177 5573 ν
2207 5517 2674 5574 ἀποκτείνωσιν·
2706 5518 2796 5571 ὅτι
2827 5517 3042 5572 πολλοὶ
3081 5516 3155 5570 δι’
3188 5515 3379 5571 αὐτὸν
3407 5513 3644 5583 ὑπῆγον

462 5639 504 5674 ³⁸
545 5641 687 5704 Psal.
723 5669 847 5722 xxI,
880 5659 969 5717 27.
1049 5663 1092 5694 “
1114 5663 1260 5720 Psal.
1293 5681 1416 5734 XLV,
1453 5667 1503 5724 5.
1587 5671 1628 5702 "
1672 5667 1821 5726 30m.
1853 5687 1930 5728 XII
1953 5712 1967 5738 ν

2138 5673 2173 5708 ¹⁴
2202 5673 2346 5731 Psal.
2379 5692 2523 5732 xum
2585 5677 2640 5733 ὀ.
2717 5677 2759 5709 ¹⁵
2783 5674 3074 5738 Psal.x1.v.
3105 5676 3158 5733 5.
3238 5677 3283 5710 ¹⁶
3324 5674 3429 5732 lsa.
3466 5689 3553 5738 tr,
3582 5670 3634 5730 εἰ.
