  <div class='ocr_page' id='page_1' title='image "/cluster/home/n/w/nwhite01/storage/ocr_20150623/18/nnc1.0046978550/650.png"; bbox 0 0 3792 6150; ppageno 0'>
   <div class='ocr_carea' id='block_1_1' title="bbox 119 318 262 390">
    <p class='ocr_par' dir='ltr' id='par_1_1' title="bbox 119 318 262 390">
     <span class='ocr_line' id='line_1_1' title="bbox 119 318 262 390; baseline 0.014 -2"><span class='ocrx_word' id='word_1_1' title='bbox 119 318 262 390; x_wconf 79' lang='lat' dir='ltr'><strong>i265</strong></span> 
     </span>
    </p>
   </div>
   <div class='ocr_carea' id='block_1_2' title="bbox 1243 333 2329 396">
    <p class='ocr_par' dir='ltr' id='par_1_2' title="bbox 1243 333 2329 396">
     <span class='ocr_line' id='line_1_2' title="bbox 1243 333 2329 396; baseline 0.005 -5"><span class='ocrx_word' id='word_1_2' title='bbox 1243 333 1502 391; x_wconf 78' lang='lat' dir='ltr'><strong>ORATIO</strong></span> <span class='ocrx_word' id='word_1_3' title='bbox 1539 335 1605 390; x_wconf 84' lang='lat' dir='ltr'><strong>IN</strong></span> <span class='ocrx_word' id='word_1_4' title='bbox 1649 334 1884 394; x_wconf 65' lang='lat' dir='ltr'><strong>RAMOS</strong></span> <span class='ocrx_word' id='word_1_5' title='bbox 1922 337 2329 396; x_wconf 63' lang='lat' dir='ltr'><strong>PALSIARUM.</strong></span> 
     </span>
    </p>
   </div>
   <div class='ocr_carea' id='block_1_3' title="bbox 3239 349 3376 404">
    <p class='ocr_par' dir='ltr' id='par_1_3' title="bbox 3239 349 3376 404">
     <span class='ocr_line' id='line_1_3' title="bbox 3239 349 3376 404; baseline 0.007 -1"><span class='ocrx_word' id='word_1_6' title='bbox 3239 349 3376 404; x_wconf 72' lang='grc' dir='ltr'><strong>19.ιὶίὲ</strong></span> 
     </span>
    </p>
   </div>
   <div class='ocr_carea' id='block_1_4' title="bbox 117 447 1654 532">
    <p class='ocr_par' dir='ltr' id='par_1_4' title="bbox 117 447 1654 518">
     <span class='ocr_line' id='line_1_4' title="bbox 117 447 1654 518; baseline 0 -15"><span class='ocrx_word' id='word_1_7' title='bbox 117 447 242 503; x_wconf 83' lang='grc' dir='ltr'><strong>τῶν</strong></span> <span class='ocrx_word' id='word_1_8' title='bbox 283 447 618 515; x_wconf 71' lang='grc' dir='ltr'>Ἰουδαίων,</span> <span class='ocrx_word' id='word_1_9' title='bbox 658 449 758 506; x_wconf 79' lang='grc' dir='ltr'>καὶ</span> <span class='ocrx_word' id='word_1_10' title='bbox 798 449 1122 504; x_wconf 76' lang='grc' dir='ltr'>ἐπίστευον</span> <span class='ocrx_word' id='word_1_11' title='bbox 1162 451 1250 517; x_wconf 76' lang='grc' dir='ltr'>εἰς</span> <span class='ocrx_word' id='word_1_12' title='bbox 1293 449 1401 504; x_wconf 78' lang='grc' dir='ltr'>τὸν</span> <span class='ocrx_word' id='word_1_13' title='bbox 1441 449 1654 518; x_wconf 72' lang='grc' dir='ltr'>Ἰησοῦι</span> 
     </span>
    </p>
   </div>
   <div class='ocr_carea' id='block_1_5' title="bbox 1800 447 3381 532">
    <p class='ocr_par' dir='ltr' id='par_1_5' title="bbox 1809 450 3381 532">
     <span class='ocr_line' id='line_1_5' title="bbox 1809 450 3381 532; baseline 0.008 -27"><span class='ocrx_word' id='word_1_14' title='bbox 1809 466 1874 505; x_wconf 75' lang='lat' dir='ltr'><strong>ex</strong></span> <span class='ocrx_word' id='word_1_15' title='bbox 1899 450 2133 519; x_wconf 70' lang='lat' dir='ltr'><strong>Iudaeis,</strong></span> <span class='ocrx_word' id='word_1_16' title='bbox 2162 466 2210 508; x_wconf 88' lang='lat' dir='ltr'><strong>et</strong></span> <span class='ocrx_word' id='word_1_17' title='bbox 2235 452 2516 508; x_wconf 77' lang='lat' dir='ltr'><strong><em>credebant</em></strong></span> <span class='ocrx_word' id='word_1_18' title='bbox 2545 455 2597 509; x_wconf 87' lang='lat' dir='ltr'><strong>in</strong></span> <span class='ocrx_word' id='word_1_19' title='bbox 2616 453 2798 510; x_wconf 71' lang='lat' dir='ltr'><strong>Iesum</strong></span> <span class='ocrx_word' id='word_1_20' title='bbox 2835 457 2896 512; x_wconf 68' lang='lat'><strong>&#39;7.</strong></span> <span class='ocrx_word' id='word_1_21' title='bbox 2929 455 2994 512; x_wconf 89' lang='lat' dir='ltr'><strong>Et</strong></span> <span class='ocrx_word' id='word_1_22' title='bbox 3021 458 3136 515; x_wconf 67' lang='lat' dir='ltr'><strong>haec</strong></span> <span class='ocrx_word' id='word_1_23' title='bbox 3162 462 3381 532; x_wconf 82' lang='lat' dir='ltr'><strong>quidem</strong></span> 
     </span>
    </p>
   </div>
   <div class='ocr_carea' id='block_1_6' title="bbox 118 539 1654 615">
    <p class='ocr_par' dir='ltr' id='par_1_6' title="bbox 118 539 1654 615">
     <span class='ocr_line' id='line_1_6' title="bbox 118 539 1654 615; baseline -0.001 -20"><span class='ocrx_word' id='word_1_24' title='bbox 118 543 235 596; x_wconf 80' lang='lat' dir='ltr'><strong>Kal.</strong></span> <span class='ocrx_word' id='word_1_25' title='bbox 260 541 406 614; x_wconf 79' lang='grc' dir='ltr'>αὕτη</span> <span class='ocrx_word' id='word_1_26' title='bbox 437 543 588 597; x_wconf 74' lang='grc' dir='ltr'>ἐστὶν</span> <span class='ocrx_word' id='word_1_27' title='bbox 625 543 660 615; x_wconf 88' lang='grc' dir='ltr'><strong>ή</strong></span> <span class='ocrx_word' id='word_1_28' title='bbox 693 543 844 597; x_wconf 82' lang='grc' dir='ltr'>αἰτία</span> <span class='ocrx_word' id='word_1_29' title='bbox 871 542 971 613; x_wconf 84' lang='grc' dir='ltr'>τῆς</span> <span class='ocrx_word' id='word_1_30' title='bbox 1005 540 1312 610; x_wconf 84' lang='grc' dir='ltr'>δοξολογίας</span> <span class='ocrx_word' id='word_1_31' title='bbox 1348 541 1458 594; x_wconf 91' lang='grc' dir='ltr'><strong>τῶν</strong></span> <span class='ocrx_word' id='word_1_32' title='bbox 1495 539 1654 594; x_wconf 81' lang='grc' dir='ltr'>πιστᾶ</span> 
     </span>
    </p>
   </div>
   <div class='ocr_carea' id='block_1_7' title="bbox 1800 539 3382 615">
    <p class='ocr_par' dir='ltr' id='par_1_7' title="bbox 1810 544 3382 607">
     <span class='ocr_line' id='line_1_7' title="bbox 1810 544 3382 607; baseline 0.007 -12"><span class='ocrx_word' id='word_1_33' title='bbox 1810 544 2098 599; x_wconf 80' lang='lat' dir='ltr'><strong>manifesta</strong></span> <span class='ocrx_word' id='word_1_34' title='bbox 2134 547 2274 601; x_wconf 93' lang='lat' dir='ltr'><strong>ratio</strong></span> <span class='ocrx_word' id='word_1_35' title='bbox 2302 545 2634 602; x_wconf 76' lang='lat' dir='ltr'><strong>laudationis</strong></span> <span class='ocrx_word' id='word_1_36' title='bbox 2667 547 2813 603; x_wconf 91' lang='lat' dir='ltr'><strong>illius</strong></span> <span class='ocrx_word' id='word_1_37' title='bbox 2845 547 3081 604; x_wconf 86' lang='lat' dir='ltr'><strong>ﬁdelium</strong></span> <span class='ocrx_word' id='word_1_38' title='bbox 3122 569 3136 606; x_wconf 88' lang='lat'><strong>:</strong></span> <span class='ocrx_word' id='word_1_39' title='bbox 3166 553 3382 607; x_wconf 83' lang='lat' dir='ltr'><strong>occulta</strong></span> 
     </span>
    </p>
   </div>
   <div class='ocr_carea' id='block_1_8' title="bbox 116 633 1702 709">
    <p class='ocr_par' dir='ltr' id='par_1_8' title="bbox 116 633 1702 709">
     <span class='ocr_line' id='line_1_8' title="bbox 116 633 1702 709; baseline 0.001 -22"><span class='ocrx_word' id='word_1_40' title='bbox 116 637 267 690; x_wconf 85' lang='grc' dir='ltr'><strong>κατά</strong></span> <span class='ocrx_word' id='word_1_41' title='bbox 312 636 376 690; x_wconf 81' lang='grc' dir='ltr'>τὸ</span> <span class='ocrx_word' id='word_1_42' title='bbox 412 636 767 709; x_wconf 77' lang='grc' dir='ltr'>φαινόμενονο</span> <span class='ocrx_word' id='word_1_43' title='bbox 799 635 1099 708; x_wconf 81' lang='grc' dir='ltr'><strong>λεληθότως</strong></span> <span class='ocrx_word' id='word_1_44' title='bbox 1140 635 1196 688; x_wconf 86' lang='grc' dir='ltr'><strong>δέ</strong></span> <span class='ocrx_word' id='word_1_45' title='bbox 1244 636 1338 689; x_wconf 81' lang='grc' dir='ltr'>καὶ</span> <span class='ocrx_word' id='word_1_46' title='bbox 1368 633 1626 706; x_wconf 84' lang='grc' dir='ltr'><strong>κρυπτῶς</strong></span> <span class='ocrx_word' id='word_1_47' title='bbox 1667 634 1702 706; x_wconf 82' lang='grc' dir='ltr'><strong>ή</strong></span> 
     </span>
    </p>
   </div>
   <div class='ocr_carea' id='block_1_9' title="bbox 117 725 1704 804">
    <p class='ocr_par' dir='ltr' id='par_1_9' title="bbox 117 725 1704 804">
     <span class='ocr_line' id='line_1_9' title="bbox 117 725 1704 804; baseline -0.003 -21"><span class='ocrx_word' id='word_1_48' title='bbox 117 730 340 804; x_wconf 77' lang='grc' dir='ltr'>ἔγερσις</span> <span class='ocrx_word' id='word_1_49' title='bbox 377 731 557 803; x_wconf 85' lang='grc' dir='ltr'>πάσης</span> <span class='ocrx_word' id='word_1_50' title='bbox 586 730 688 802; x_wconf 84' lang='grc' dir='ltr'>τῆς</span> <span class='ocrx_word' id='word_1_51' title='bbox 717 728 1063 802; x_wconf 83' lang='grc' dir='ltr'><strong>ἀνθρωπίνης</strong></span> <span class='ocrx_word' id='word_1_52' title='bbox 1096 727 1330 798; x_wconf 84' lang='grc' dir='ltr'>φύσεως.</span> <span class='ocrx_word' id='word_1_53' title='bbox 1373 726 1482 781; x_wconf 78' lang='grc' dir='ltr'><strong>Καὶ</strong></span> <span class='ocrx_word' id='word_1_54' title='bbox 1515 725 1704 797; x_wconf 83' lang='grc' dir='ltr'>ὥσπερ</span> 
     </span>
    </p>
   </div>
   <div class='ocr_carea' id='block_1_10' title="bbox 120 819 1705 894">
    <p class='ocr_par' dir='ltr' id='par_1_10' title="bbox 120 819 1705 894">
     <span class='ocr_line' id='line_1_10' title="bbox 120 819 1705 894; baseline -0.002 -19"><span class='ocrx_word' id='word_1_55' title='bbox 120 821 275 893; x_wconf 79' lang='grc' dir='ltr'>[τοὺς</span> <span class='ocrx_word' id='word_1_56' title='bbox 301 820 734 894; x_wconf 53' lang='grc' dir='ltr'>ἀνθρώπουςιτδ</span> <span class='ocrx_word' id='word_1_57' title='bbox 761 820 856 875; x_wconf 87' lang='grc' dir='ltr'><strong>τοῦ</strong></span> <span class='ocrx_word' id='word_1_58' title='bbox 886 819 1138 894; x_wconf 76' lang='grc' dir='ltr'><strong>Λαζάρου</strong></span> <span class='ocrx_word' id='word_1_59' title='bbox 1167 823 1388 892; x_wconf 85' lang='grc' dir='ltr'>σημεῖον</span> <span class='ocrx_word' id='word_1_60' title='bbox 1424 821 1518 874; x_wconf 78' lang='grc' dir='ltr'><strong>καὶ</strong></span> <span class='ocrx_word' id='word_1_61' title='bbox 1548 819 1705 892; x_wconf 81' lang='grc' dir='ltr'>ἐγερ-</span> 
     </span>
    </p>
   </div>
   <div class='ocr_carea' id='block_1_11' title="bbox 119 914 1704 989">
    <p class='ocr_par' dir='ltr' id='par_1_11' title="bbox 119 914 1704 989">
     <span class='ocr_line' id='line_1_11' title="bbox 119 914 1704 989; baseline -0.002 -19"><span class='ocrx_word' id='word_1_62' title='bbox 119 934 210 981; x_wconf 85' lang='grc' dir='ltr'><strong>σις</strong></span> <span class='ocrx_word' id='word_1_63' title='bbox 242 917 426 988; x_wconf 82' lang='grc' dir='ltr'>ἐκείνη</span> <span class='ocrx_word' id='word_1_64' title='bbox 463 917 782 989; x_wconf 81' lang='grc' dir='ltr'>ὑμνολογεῖν</span> <span class='ocrx_word' id='word_1_65' title='bbox 825 917 1048 989; x_wconf 86' lang='grc' dir='ltr'>ἐποίησε</span> <span class='ocrx_word' id='word_1_66' title='bbox 1088 916 1216 981; x_wconf 79' lang='grc' dir='ltr'>τοὺς</span> <span class='ocrx_word' id='word_1_67' title='bbox 1252 914 1572 989; x_wconf 80' lang='grc' dir='ltr'><strong>ἀνθρώπους</strong></span> <span class='ocrx_word' id='word_1_68' title='bbox 1611 915 1704 968; x_wconf 82' lang='grc' dir='ltr'>τὸν</span> 
     </span>
    </p>
   </div>
   <div class='ocr_carea' id='block_1_12' title="bbox 117 1007 1704 1078">
    <p class='ocr_par' dir='ltr' id='par_1_12' title="bbox 117 1007 1704 1078">
     <span class='ocr_line' id='line_1_12' title="bbox 117 1007 1704 1078; baseline -0.001 -17"><span class='ocrx_word' id='word_1_69' title='bbox 117 1007 331 1078; x_wconf 80' lang='grc' dir='ltr'><strong>Κύριον</strong></span> <span class='ocrx_word' id='word_1_70' title='bbox 353 1047 368 1071; x_wconf 93' lang='grc'><strong>,</strong></span> <span class='ocrx_word' id='word_1_71' title='bbox 402 1007 576 1073; x_wconf 79' lang='grc' dir='ltr'>οὕτως</span> <span class='ocrx_word' id='word_1_72' title='bbox 604 1010 702 1064; x_wconf 63' lang='grc' dir='ltr'><strong>καλ⁸</strong></span> <span class='ocrx_word' id='word_1_73' title='bbox 727 1009 856 1073; x_wconf 78' lang='grc' dir='ltr'>τοὺς</span> <span class='ocrx_word' id='word_1_74' title='bbox 881 1008 1072 1078; x_wconf 78' lang='grc' dir='ltr'><strong>ἁγίους</strong></span> <span class='ocrx_word' id='word_1_75' title='bbox 1112 1007 1376 1077; x_wconf 78' lang='grc' dir='ltr'><strong>ἀγγέλους</strong></span> <span class='ocrx_word' id='word_1_76' title='bbox 1407 1007 1704 1076; x_wconf 82' lang='grc' dir='ltr'>δοξολογεῖν</span> 
     </span>
    </p>
   </div>
   <div class='ocr_carea' id='block_1_13' title="bbox 117 1098 1704 1172">
    <p class='ocr_par' dir='ltr' id='par_1_13' title="bbox 117 1098 1704 1172">
     <span class='ocr_line' id='line_1_13' title="bbox 117 1098 1704 1172; baseline -0.001 -18"><span class='ocrx_word' id='word_1_77' title='bbox 117 1099 510 1172; x_wconf 78' lang='grc' dir='ltr'><strong>παρεσκεύασε</strong></span> <span class='ocrx_word' id='word_1_78' title='bbox 551 1100 614 1153; x_wconf 78' lang='grc' dir='ltr'>τὸ</span> <span class='ocrx_word' id='word_1_79' title='bbox 667 1103 891 1171; x_wconf 89' lang='grc' dir='ltr'>σημεῖον</span> <span class='ocrx_word' id='word_1_80' title='bbox 931 1099 1031 1170; x_wconf 83' lang='grc' dir='ltr'>τῆς</span> <span class='ocrx_word' id='word_1_81' title='bbox 1070 1099 1341 1171; x_wconf 83' lang='grc' dir='ltr'>ἐγέρσεως</span> <span class='ocrx_word' id='word_1_82' title='bbox 1383 1099 1564 1171; x_wconf 84' lang='grc' dir='ltr'><strong>πάσης</strong></span> <span class='ocrx_word' id='word_1_83' title='bbox 1603 1098 1704 1171; x_wconf 84' lang='grc' dir='ltr'>τῆς</span> 
     </span>
    </p>
   </div>
   <div class='ocr_carea' id='block_1_14' title="bbox 115 1187 1704 1265">
    <p class='ocr_par' dir='ltr' id='par_1_14' title="bbox 115 1187 1704 1265">
     <span class='ocr_line' id='line_1_14' title="bbox 115 1187 1704 1265; baseline -0.002 -20"><span class='ocrx_word' id='word_1_84' title='bbox 115 1191 471 1265; x_wconf 79' lang='grc' dir='ltr'>ἀνθρωπίνης</span> <span class='ocrx_word' id='word_1_85' title='bbox 497 1189 712 1260; x_wconf 84' lang='grc' dir='ltr'>φύσεως</span> <span class='ocrx_word' id='word_1_86' title='bbox 735 1207 748 1221; x_wconf 86' lang='grc'><strong>·</strong></span> <span class='ocrx_word' id='word_1_87' title='bbox 781 1191 876 1244; x_wconf 74' lang='grc' dir='ltr'>καὶ</span> <span class='ocrx_word' id='word_1_88' title='bbox 901 1191 1023 1244; x_wconf 81' lang='grc' dir='ltr'>ὅσον</span> <span class='ocrx_word' id='word_1_89' title='bbox 1059 1187 1260 1261; x_wconf 78' lang='grc' dir='ltr'>μείζων</span> <span class='ocrx_word' id='word_1_90' title='bbox 1289 1189 1323 1261; x_wconf 80' lang='grc' dir='ltr'><strong>ἡ</strong></span> <span class='ocrx_word' id='word_1_91' title='bbox 1351 1189 1459 1244; x_wconf 88' lang='grc' dir='ltr'><strong>τῶν</strong></span> <span class='ocrx_word' id='word_1_92' title='bbox 1487 1190 1704 1243; x_wconf 86' lang='grc' dir='ltr'>πάντων</span> 
     </span>
    </p>
   </div>
   <div class='ocr_carea' id='block_1_15' title="bbox 117 1279 1704 1356">
    <p class='ocr_par' dir='ltr' id='par_1_15' title="bbox 117 1279 1704 1356">
     <span class='ocr_line' id='line_1_15' title="bbox 117 1279 1704 1356; baseline -0.002 -19"><span class='ocrx_word' id='word_1_93' title='bbox 117 1284 342 1355; x_wconf 82' lang='grc' dir='ltr'>ἔγερσις</span> <span class='ocrx_word' id='word_1_94' title='bbox 372 1283 476 1354; x_wconf 81' lang='grc' dir='ltr'>τῆς</span> <span class='ocrx_word' id='word_1_95' title='bbox 509 1283 783 1356; x_wconf 87' lang='grc' dir='ltr'>ἐγέρσεως</span> <span class='ocrx_word' id='word_1_96' title='bbox 815 1279 1088 1356; x_wconf 83' lang='grc' dir='ltr'><strong>Λαζάρου,</strong></span> <span class='ocrx_word' id='word_1_97' title='bbox 1123 1281 1373 1337; x_wconf 84' lang='grc' dir='ltr'>τοσοῦτον</span> <span class='ocrx_word' id='word_1_98' title='bbox 1399 1282 1493 1335; x_wconf 79' lang='grc' dir='ltr'>καὶ</span> <span class='ocrx_word' id='word_1_99' title='bbox 1519 1283 1552 1352; x_wconf 79' lang='grc' dir='ltr'><strong>ἡ</strong></span> <span class='ocrx_word' id='word_1_100' title='bbox 1577 1281 1704 1346; x_wconf 82' lang='grc' dir='ltr'>δόξα</span> 
     </span>
    </p>
   </div>
   <div class='ocr_carea' id='block_1_16' title="bbox 113 1372 1700 1446">
    <p class='ocr_par' dir='ltr' id='par_1_16' title="bbox 113 1372 1700 1446">
     <span class='ocr_line' id='line_1_16' title="bbox 113 1372 1700 1446; baseline -0.002 -17"><span class='ocrx_word' id='word_1_101' title='bbox 113 1375 245 1429; x_wconf 86' lang='grc' dir='ltr'>τότε</span> <span class='ocrx_word' id='word_1_102' title='bbox 283 1374 594 1446; x_wconf 84' lang='grc' dir='ltr'>μειζοτέρα.</span> <span class='ocrx_word' id='word_1_103' title='bbox 631 1374 740 1428; x_wconf 77' lang='grc' dir='ltr'><strong>Καὶ</strong></span> <span class='ocrx_word' id='word_1_104' title='bbox 774 1375 808 1446; x_wconf 77' lang='grc' dir='ltr'>ἡ</span> <span class='ocrx_word' id='word_1_105' title='bbox 846 1373 944 1445; x_wconf 89' lang='grc' dir='ltr'><strong>μέν</strong></span> <span class='ocrx_word' id='word_1_106' title='bbox 971 1372 1272 1444; x_wconf 84' lang='grc' dir='ltr'>συνείδησις</span> <span class='ocrx_word' id='word_1_107' title='bbox 1300 1373 1407 1426; x_wconf 91' lang='grc' dir='ltr'><strong>τῶν</strong></span> <span class='ocrx_word' id='word_1_108' title='bbox 1435 1372 1700 1443; x_wconf 84' lang='grc' dir='ltr'><strong>βοώντων,</strong></span> 
     </span>
    </p>
   </div>
   <div class='ocr_carea' id='block_1_17' title="bbox 117 1464 1702 1540">
    <p class='ocr_par' dir='ltr' id='par_1_17' title="bbox 117 1464 1702 1540">
     <span class='ocr_line' id='line_1_17' title="bbox 117 1464 1702 1540; baseline -0.002 -19"><span class='ocrx_word' id='word_1_109' title='bbox 117 1468 451 1540; x_wconf 82' lang='grc' dir='ltr'>ἐξισταμένη</span> <span class='ocrx_word' id='word_1_110' title='bbox 487 1467 563 1539; x_wconf 85' lang='grc' dir='ltr'>τῷ</span> <span class='ocrx_word' id='word_1_111' title='bbox 605 1467 882 1538; x_wconf 77' lang='grc' dir='ltr'><strong>θαύματι,</strong></span> <span class='ocrx_word' id='word_1_112' title='bbox 921 1467 1091 1520; x_wconf 88' lang='grc' dir='ltr'>ἐκίνει</span> <span class='ocrx_word' id='word_1_113' title='bbox 1121 1466 1318 1528; x_wconf 82' lang='grc' dir='ltr'>αὐτοὺς</span> <span class='ocrx_word' id='word_1_114' title='bbox 1360 1464 1630 1530; x_wconf 68' lang='grc' dir='ltr'>δοξάζεινι</span> <span class='ocrx_word' id='word_1_115' title='bbox 1667 1467 1702 1537; x_wconf 85' lang='grc' dir='ltr'><strong>ή</strong></span> 
     </span>
    </p>
   </div>
   <div class='ocr_carea' id='block_1_18' title="bbox 115 1557 1701 1631">
    <p class='ocr_par' dir='ltr' id='par_1_18' title="bbox 115 1557 1701 1631">
     <span class='ocr_line' id='line_1_18' title="bbox 115 1557 1701 1631; baseline -0.002 -18"><span class='ocrx_word' id='word_1_116' title='bbox 115 1560 176 1613; x_wconf 89' lang='grc' dir='ltr'><strong>δέ</strong></span> <span class='ocrx_word' id='word_1_117' title='bbox 208 1560 328 1613; x_wconf 88' lang='grc' dir='ltr'>θεία</span> <span class='ocrx_word' id='word_1_118' title='bbox 369 1561 652 1630; x_wconf 81' lang='grc' dir='ltr'>οἰκονομία</span> <span class='ocrx_word' id='word_1_119' title='bbox 699 1561 799 1630; x_wconf 81' lang='grc' dir='ltr'>τὴν</span> <span class='ocrx_word' id='word_1_120' title='bbox 843 1559 1059 1631; x_wconf 75' lang='grc' dir='ltr'>ἔγερσιν</span> <span class='ocrx_word' id='word_1_121' title='bbox 1094 1559 1208 1630; x_wconf 80' lang='lat' dir='ltr'><strong>(7i)</strong></span> <span class='ocrx_word' id='word_1_122' title='bbox 1251 1557 1431 1630; x_wconf 83' lang='grc' dir='ltr'>πάσης</span> <span class='ocrx_word' id='word_1_123' title='bbox 1463 1557 1562 1628; x_wconf 83' lang='grc' dir='ltr'>τῆς</span> <span class='ocrx_word' id='word_1_124' title='bbox 1607 1558 1701 1611; x_wconf 89' lang='grc' dir='ltr'>ἀν-</span> 
     </span>
    </p>
   </div>
   <div class='ocr_carea' id='block_1_19' title="bbox 115 1648 1702 1722">
    <p class='ocr_par' dir='ltr' id='par_1_19' title="bbox 115 1648 1702 1722">
     <span class='ocr_line' id='line_1_19' title="bbox 115 1648 1702 1722; baseline -0.003 -18"><span class='ocrx_word' id='word_1_125' title='bbox 115 1651 402 1722; x_wconf 86' lang='grc' dir='ltr'>θρωπίνης</span> <span class='ocrx_word' id='word_1_126' title='bbox 449 1654 666 1720; x_wconf 83' lang='grc' dir='ltr'>φύσεως</span> <span class='ocrx_word' id='word_1_127' title='bbox 707 1650 1010 1720; x_wconf 85' lang='grc' dir='ltr'>λεληθότως</span> <span class='ocrx_word' id='word_1_128' title='bbox 1053 1650 1224 1704; x_wconf 89' lang='grc' dir='ltr'>ἐκίνει</span> <span class='ocrx_word' id='word_1_129' title='bbox 1267 1649 1329 1702; x_wconf 83' lang='grc' dir='ltr'>οὐ</span> <span class='ocrx_word' id='word_1_130' title='bbox 1381 1649 1538 1720; x_wconf 87' lang='grc' dir='ltr'>μόνον</span> <span class='ocrx_word' id='word_1_131' title='bbox 1576 1648 1702 1711; x_wconf 80' lang='grc' dir='ltr'>τοὺς</span> 
     </span>
    </p>
   </div>
   <div class='ocr_carea' id='block_1_20' title="bbox 114 1742 1701 1814">
    <p class='ocr_par' dir='ltr' id='par_1_20' title="bbox 114 1742 1701 1814">
     <span class='ocr_line' id='line_1_20' title="bbox 114 1742 1701 1814; baseline -0.001 -18"><span class='ocrx_word' id='word_1_132' title='bbox 114 1743 445 1814; x_wconf 79' lang='grc' dir='ltr'>ἀνθρώπους</span> <span class='ocrx_word' id='word_1_133' title='bbox 463 1785 478 1804; x_wconf 84' lang='grc'><strong>.</strong></span> <span class='ocrx_word' id='word_1_134' title='bbox 503 1744 639 1798; x_wconf 87' lang='grc' dir='ltr'><strong>ἀλλά</strong></span> <span class='ocrx_word' id='word_1_135' title='bbox 671 1745 762 1798; x_wconf 76' lang='grc' dir='ltr'>καὶ</span> <span class='ocrx_word' id='word_1_136' title='bbox 790 1747 917 1808; x_wconf 78' lang='grc' dir='ltr'>τοὺς</span> <span class='ocrx_word' id='word_1_137' title='bbox 956 1743 1248 1814; x_wconf 84' lang='grc' dir='ltr'>ἀγγέλους,</span> <span class='ocrx_word' id='word_1_138' title='bbox 1285 1742 1582 1814; x_wconf 75' lang='grc' dir='ltr'>θαυμάζειν</span> <span class='ocrx_word' id='word_1_139' title='bbox 1611 1742 1701 1794; x_wconf 83' lang='grc' dir='ltr'>τὸν</span> 
     </span>
    </p>
   </div>
   <div class='ocr_carea' id='block_1_21' title="bbox 1807 637 3384 700">
    <p class='ocr_par' dir='ltr' id='par_1_21' title="bbox 1807 637 3384 700">
     <span class='ocr_line' id='line_1_21' title="bbox 1807 637 3384 700; baseline 0.008 -12"><span class='ocrx_word' id='word_1_140' title='bbox 1807 645 1988 691; x_wconf 88' lang='lat' dir='ltr'><strong>autem</strong></span> <span class='ocrx_word' id='word_1_141' title='bbox 2018 651 2083 692; x_wconf 90' lang='lat' dir='ltr'><strong>ac</strong></span> <span class='ocrx_word' id='word_1_142' title='bbox 2112 637 2352 692; x_wconf 89' lang='lat' dir='ltr'><strong>abditior</strong></span> <span class='ocrx_word' id='word_1_143' title='bbox 2396 639 2731 694; x_wconf 80' lang='lat' dir='ltr'><strong>resurrectio</strong></span> <span class='ocrx_word' id='word_1_144' title='bbox 2769 645 2854 694; x_wconf 89' lang='lat' dir='ltr'><strong>est</strong></span> <span class='ocrx_word' id='word_1_145' title='bbox 2881 640 3152 696; x_wconf 62' lang='lat' dir='ltr'><strong>universa:</strong></span> <span class='ocrx_word' id='word_1_146' title='bbox 3173 652 3384 700; x_wconf 81' lang='lat' dir='ltr'><strong>naturae</strong></span> 
     </span>
    </p>
   </div>
   <div class='ocr_carea' id='block_1_22' title="bbox 1810 728 3384 803">
    <p class='ocr_par' dir='ltr' id='par_1_22' title="bbox 1810 728 3384 803">
     <span class='ocr_line' id='line_1_22' title="bbox 1810 728 3384 803; baseline 0.004 -21"><span class='ocrx_word' id='word_1_147' title='bbox 1810 728 2112 783; x_wconf 80' lang='lat' dir='ltr'><strong>hominum.</strong></span> <span class='ocrx_word' id='word_1_148' title='bbox 2144 730 2226 786; x_wconf 87' lang='lat' dir='ltr'><strong>Ac</strong></span> <span class='ocrx_word' id='word_1_149' title='bbox 2265 731 2410 786; x_wconf 86' lang='lat' dir='ltr'><strong>sicut</strong></span> <span class='ocrx_word' id='word_1_150' title='bbox 2437 731 2650 802; x_wconf 86' lang='lat' dir='ltr'><strong>signum</strong></span> <span class='ocrx_word' id='word_1_151' title='bbox 2675 729 2866 785; x_wconf 87' lang='lat' dir='ltr'><strong>Lazari</strong></span> <span class='ocrx_word' id='word_1_152' title='bbox 2890 731 3117 803; x_wconf 86' lang='lat' dir='ltr'><strong>ejusque</strong></span> <span class='ocrx_word' id='word_1_153' title='bbox 3149 735 3384 790; x_wconf 89' lang='lat' dir='ltr'><strong>suscita-</strong></span> 
     </span>
    </p>
   </div>
   <div class='ocr_carea' id='block_1_23' title="bbox 1811 817 3384 880">
    <p class='ocr_par' dir='ltr' id='par_1_23' title="bbox 1811 817 3384 880">
     <span class='ocr_line' id='line_1_23' title="bbox 1811 817 3384 880; baseline 0.004 -7"><span class='ocrx_word' id='word_1_154' title='bbox 1811 817 1887 873; x_wconf 92' lang='lat' dir='ltr'><strong>tio</strong></span> <span class='ocrx_word' id='word_1_155' title='bbox 1915 817 2200 873; x_wconf 83' lang='lat' dir='ltr'><strong>hominum</strong></span> <span class='ocrx_word' id='word_1_156' title='bbox 2245 819 2458 876; x_wconf 89' lang='lat' dir='ltr'><strong>animos</strong></span> <span class='ocrx_word' id='word_1_157' title='bbox 2498 819 2566 874; x_wconf 90' lang='lat' dir='ltr'><strong>ad</strong></span> <span class='ocrx_word' id='word_1_158' title='bbox 2596 820 2977 876; x_wconf 89' lang='lat' dir='ltr'><strong>celebrandum</strong></span> <span class='ocrx_word' id='word_1_159' title='bbox 3016 824 3248 880; x_wconf 85' lang='lat' dir='ltr'><strong>canticis</strong></span> <span class='ocrx_word' id='word_1_160' title='bbox 3277 822 3384 880; x_wconf 84' lang='lat' dir='ltr'><strong>Do-</strong></span> 
     </span>
    </p>
   </div>
   <div class='ocr_carea' id='block_1_24' title="bbox 1807 907 3380 980">
    <p class='ocr_par' dir='ltr' id='par_1_24' title="bbox 1807 907 3380 980">
     <span class='ocr_line' id='line_1_24' title="bbox 1807 907 3380 980; baseline 0.006 -19"><span class='ocrx_word' id='word_1_161' title='bbox 1807 907 2013 962; x_wconf 91' lang='lat' dir='ltr'><strong>minum</strong></span> <span class='ocrx_word' id='word_1_162' title='bbox 2046 909 2342 973; x_wconf 84' lang='lat' dir='ltr'><strong>excitavit,</strong></span> <span class='ocrx_word' id='word_1_163' title='bbox 2375 909 2455 964; x_wconf 91' lang='lat' dir='ltr'><strong>sic</strong></span> <span class='ocrx_word' id='word_1_164' title='bbox 2483 921 2535 964; x_wconf 85' lang='lat' dir='ltr'><strong>et</strong></span> <span class='ocrx_word' id='word_1_165' title='bbox 2557 911 2774 980; x_wconf 85' lang='lat' dir='ltr'><strong>signum</strong></span> <span class='ocrx_word' id='word_1_166' title='bbox 2806 912 3110 968; x_wconf 89' lang='lat' dir='ltr'><strong>suscitandi</strong></span> <span class='ocrx_word' id='word_1_167' title='bbox 3142 914 3380 972; x_wconf 85' lang='lat' dir='ltr'><strong>universi</strong></span> 
     </span>
    </p>
   </div>
   <div class='ocr_carea' id='block_1_25' title="bbox 1806 999 3384 1080">
    <p class='ocr_par' dir='ltr' id='par_1_25' title="bbox 1806 999 3384 1080">
     <span class='ocr_line' id='line_1_25' title="bbox 1806 999 3384 1080; baseline 0.004 -25"><span class='ocrx_word' id='word_1_168' title='bbox 1806 999 2032 1056; x_wconf 86' lang='lat' dir='ltr'><strong>humani</strong></span> <span class='ocrx_word' id='word_1_169' title='bbox 2061 1001 2278 1074; x_wconf 78' lang='lat' dir='ltr'><strong>generis</strong></span> <span class='ocrx_word' id='word_1_170' title='bbox 2311 1003 2533 1074; x_wconf 81' lang='lat' dir='ltr'><strong>angelos</strong></span> <span class='ocrx_word' id='word_1_171' title='bbox 2557 1012 2780 1061; x_wconf 89' lang='lat' dir='ltr'><strong>sanctos</strong></span> <span class='ocrx_word' id='word_1_172' title='bbox 2801 1004 2868 1061; x_wconf 90' lang='lat' dir='ltr'><strong>ad</strong></span> <span class='ocrx_word' id='word_1_173' title='bbox 2898 1005 3229 1063; x_wconf 88' lang='lat' dir='ltr'><strong>laudandum</strong></span> <span class='ocrx_word' id='word_1_174' title='bbox 3259 1023 3384 1080; x_wconf 86' lang='lat' dir='ltr'><strong>per-</strong></span> 
     </span>
    </p>
   </div>
   <div class='ocr_carea' id='block_1_26' title="bbox 1805 1093 3381 1161">
    <p class='ocr_par' dir='ltr' id='par_1_26' title="bbox 1805 1093 3381 1161">
     <span class='ocr_line' id='line_1_26' title="bbox 1805 1093 3381 1161; baseline 0.006 -15"><span class='ocrx_word' id='word_1_175' title='bbox 1805 1093 1998 1149; x_wconf 84' lang='lat' dir='ltr'><strong>movit.</strong></span> <span class='ocrx_word' id='word_1_176' title='bbox 2029 1093 2303 1161; x_wconf 84' lang='lat' dir='ltr'><strong>Quantum</strong></span> <span class='ocrx_word' id='word_1_177' title='bbox 2335 1109 2468 1150; x_wconf 85' lang='lat' dir='ltr'><strong>vero</strong></span> <span class='ocrx_word' id='word_1_178' title='bbox 2495 1094 2666 1152; x_wconf 86' lang='lat' dir='ltr'><strong>totius</strong></span> <span class='ocrx_word' id='word_1_179' title='bbox 2699 1096 3075 1154; x_wconf 90' lang='lat' dir='ltr'><strong>universitatis</strong></span> <span class='ocrx_word' id='word_1_180' title='bbox 3101 1099 3381 1155; x_wconf 88' lang='lat' dir='ltr'><strong>hominum</strong></span> 
     </span>
    </p>
   </div>
   <div class='ocr_carea' id='block_1_27' title="bbox 1805 1184 3378 1262">
    <p class='ocr_par' dir='ltr' id='par_1_27' title="bbox 1805 1184 3378 1262">
     <span class='ocr_line' id='line_1_27' title="bbox 1805 1184 3378 1262; baseline 0.006 -24"><span class='ocrx_word' id='word_1_181' title='bbox 1805 1185 2164 1252; x_wconf 88' lang='lat' dir='ltr'><strong>resurrectio,</strong></span> <span class='ocrx_word' id='word_1_182' title='bbox 2214 1184 2408 1240; x_wconf 88' lang='lat' dir='ltr'><strong>Lazari</strong></span> <span class='ocrx_word' id='word_1_183' title='bbox 2459 1187 2624 1242; x_wconf 88' lang='lat' dir='ltr'><strong>unius</strong></span> <span class='ocrx_word' id='word_1_184' title='bbox 2675 1188 3025 1245; x_wconf 86' lang='lat' dir='ltr'><strong>suscitationi</strong></span> <span class='ocrx_word' id='word_1_185' title='bbox 3081 1191 3378 1262; x_wconf 68' lang='lat' dir='ltr'><strong>praecellit;</strong></span> 
     </span>
    </p>
   </div>
   <div class='ocr_carea' id='block_1_28' title="bbox 1807 1275 3382 1350">
    <p class='ocr_par' dir='ltr' id='par_1_28' title="bbox 1807 1275 3382 1350">
     <span class='ocr_line' id='line_1_28' title="bbox 1807 1275 3382 1350; baseline 0.004 -22"><span class='ocrx_word' id='word_1_186' title='bbox 1807 1281 2020 1329; x_wconf 90' lang='lat' dir='ltr'><strong>tantum</strong></span> <span class='ocrx_word' id='word_1_187' title='bbox 2081 1291 2303 1347; x_wconf 88' lang='lat' dir='ltr'><strong>quoque</strong></span> <span class='ocrx_word' id='word_1_188' title='bbox 2369 1275 2542 1347; x_wconf 86' lang='lat' dir='ltr'><strong>gloria</strong></span> <span class='ocrx_word' id='word_1_189' title='bbox 2597 1291 2661 1333; x_wconf 90' lang='lat' dir='ltr'><strong>ac</strong></span> <span class='ocrx_word' id='word_1_190' title='bbox 2714 1277 2955 1334; x_wconf 82' lang='lat' dir='ltr'><strong>laudatio</strong></span> <span class='ocrx_word' id='word_1_191' title='bbox 3011 1278 3064 1334; x_wconf 91' lang='lat' dir='ltr'><strong>id</strong></span> <span class='ocrx_word' id='word_1_192' title='bbox 3119 1279 3382 1350; x_wconf 90' lang='lat' dir='ltr'><strong>temporis</strong></span> 
     </span>
    </p>
   </div>
   <div class='ocr_carea' id='block_1_29' title="bbox 1805 1366 3379 1442">
    <p class='ocr_par' dir='ltr' id='par_1_29' title="bbox 1805 1366 3379 1442">
     <span class='ocr_line' id='line_1_29' title="bbox 1805 1366 3379 1442; baseline 0.003 -21"><span class='ocrx_word' id='word_1_193' title='bbox 1805 1366 2104 1436; x_wconf 66' lang='lat' dir='ltr'><strong>praestabit.</strong></span> <span class='ocrx_word' id='word_1_194' title='bbox 2147 1368 2227 1422; x_wconf 85' lang='lat' dir='ltr'><strong>Ac</strong></span> <span class='ocrx_word' id='word_1_195' title='bbox 2265 1369 2605 1426; x_wconf 83' lang='lat' dir='ltr'><strong>conscientia</strong></span> <span class='ocrx_word' id='word_1_196' title='bbox 2645 1370 2862 1442; x_wconf 88' lang='lat' dir='ltr'><strong>quidem</strong></span> <span class='ocrx_word' id='word_1_197' title='bbox 2895 1370 3247 1426; x_wconf 89' lang='lat' dir='ltr'><strong>clamantium</strong></span> <span class='ocrx_word' id='word_1_198' title='bbox 3281 1371 3379 1426; x_wconf 84' lang='lat' dir='ltr'><strong>ho-</strong></span> 
     </span>
    </p>
   </div>
   <div class='ocr_carea' id='block_1_30' title="bbox 1807 1459 3379 1529">
    <p class='ocr_par' dir='ltr' id='par_1_30' title="bbox 1807 1459 3379 1529">
     <span class='ocr_line' id='line_1_30' title="bbox 1807 1459 3379 1529; baseline 0.003 -17"><span class='ocrx_word' id='word_1_199' title='bbox 1807 1459 2017 1514; x_wconf 89' lang='lat' dir='ltr'><strong>minum</strong></span> <span class='ocrx_word' id='word_1_200' title='bbox 2044 1460 2312 1516; x_wconf 89' lang='lat' dir='ltr'><strong>miraculo</strong></span> <span class='ocrx_word' id='word_1_201' title='bbox 2347 1462 2584 1518; x_wconf 85' lang='lat' dir='ltr'><strong>excitata</strong></span> <span class='ocrx_word' id='word_1_202' title='bbox 2618 1463 2686 1518; x_wconf 92' lang='lat' dir='ltr'><strong>ad</strong></span> <span class='ocrx_word' id='word_1_203' title='bbox 2722 1461 3056 1519; x_wconf 85' lang='lat' dir='ltr'><strong>laudandum</strong></span> <span class='ocrx_word' id='word_1_204' title='bbox 3089 1463 3379 1529; x_wconf 90' lang='lat' dir='ltr'><strong>movebat,</strong></span> 
     </span>
    </p>
   </div>
   <div class='ocr_carea' id='block_1_31' title="bbox 1805 1551 3382 1624">
    <p class='ocr_par' dir='ltr' id='par_1_31' title="bbox 1805 1551 3382 1624">
     <span class='ocr_line' id='line_1_31' title="bbox 1805 1551 3382 1624; baseline 0.004 -18"><span class='ocrx_word' id='word_1_205' title='bbox 1805 1551 1990 1606; x_wconf 85' lang='lat' dir='ltr'><strong>divina</strong></span> <span class='ocrx_word' id='word_1_206' title='bbox 2051 1560 2234 1609; x_wconf 90' lang='lat' dir='ltr'><strong>autem</strong></span> <span class='ocrx_word' id='word_1_207' title='bbox 2281 1554 2622 1624; x_wconf 87' lang='lat' dir='ltr'><strong>providentia</strong></span> <span class='ocrx_word' id='word_1_208' title='bbox 2662 1555 2863 1612; x_wconf 88' lang='lat' dir='ltr'><strong>nedum</strong></span> <span class='ocrx_word' id='word_1_209' title='bbox 2894 1556 3163 1622; x_wconf 86' lang='lat' dir='ltr'><strong>homines,</strong></span> <span class='ocrx_word' id='word_1_210' title='bbox 3201 1557 3295 1614; x_wconf 90' lang='lat' dir='ltr'><strong>sed</strong></span> <span class='ocrx_word' id='word_1_211' title='bbox 3324 1567 3382 1614; x_wconf 90' lang='lat' dir='ltr'><strong>et</strong></span> 
     </span>
    </p>
   </div>
   <div class='ocr_carea' id='block_1_32' title="bbox 1805 1643 3384 1712">
    <p class='ocr_par' dir='ltr' id='par_1_32' title="bbox 1805 1643 3384 1712">
     <span class='ocr_line' id='line_1_32' title="bbox 1805 1643 3384 1712; baseline 0.007 -17"><span class='ocrx_word' id='word_1_212' title='bbox 1805 1643 2030 1712; x_wconf 80' lang='lat' dir='ltr'><strong>angelos</strong></span> <span class='ocrx_word' id='word_1_213' title='bbox 2071 1644 2139 1698; x_wconf 92' lang='lat' dir='ltr'><strong>ad</strong></span> <span class='ocrx_word' id='word_1_214' title='bbox 2181 1643 2313 1701; x_wconf 87' lang='lat' dir='ltr'><strong>Jesu</strong></span> <span class='ocrx_word' id='word_1_215' title='bbox 2361 1646 2780 1703; x_wconf 89' lang='lat' dir='ltr'><strong>admirationem</strong></span> <span class='ocrx_word' id='word_1_216' title='bbox 2827 1648 2899 1704; x_wconf 93' lang='lat' dir='ltr'><strong>ob</strong></span> <span class='ocrx_word' id='word_1_217' title='bbox 2950 1658 3161 1704; x_wconf 69' lang='lat' dir='ltr'><strong>naturae</strong></span> <span class='ocrx_word' id='word_1_218' title='bbox 3212 1650 3384 1707; x_wconf 84' lang='lat' dir='ltr'><strong>totius</strong></span> 
     </span>
    </p>
   </div>
   <div class='ocr_carea' id='block_1_33' title="bbox 1807 1730 3382 1809">
    <p class='ocr_par' dir='ltr' id='par_1_33' title="bbox 1807 1730 3382 1809">
     <span class='ocr_line' id='line_1_33' title="bbox 1807 1730 3382 1809; baseline 0.007 -25"><span class='ocrx_word' id='word_1_219' title='bbox 1807 1730 2048 1786; x_wconf 78' lang='lat' dir='ltr'><strong>futuram</strong></span> <span class='ocrx_word' id='word_1_220' title='bbox 2094 1737 2557 1792; x_wconf 87' lang='lat' dir='ltr'><strong>resurrectionem</strong></span> <span class='ocrx_word' id='word_1_221' title='bbox 2601 1737 2819 1793; x_wconf 88' lang='lat' dir='ltr'><strong>occulte</strong></span> <span class='ocrx_word' id='word_1_222' title='bbox 2868 1737 3180 1809; x_wconf 78' lang='lat' dir='ltr'><strong>instigabat.</strong></span> <span class='ocrx_word' id='word_1_223' title='bbox 3218 1737 3382 1795; x_wconf 78' lang='lat' dir='ltr'><strong>Vide-</strong></span> 
     </span>
    </p>
   </div>
   <div class='ocr_carea' id='block_1_34' title="bbox 128 1815 1654 1910">
    <p class='ocr_par' dir='ltr' id='par_1_34' title="bbox 128 1833 1654 1910">
     <span class='ocr_line' id='line_1_34' title="bbox 128 1833 1654 1910; baseline -0.001 -22"><span class='ocrx_word' id='word_1_224' title='bbox 128 1833 360 1907; x_wconf 79' lang='grc' dir='ltr'>Ἰησοῦν.</span> <span class='ocrx_word' id='word_1_225' title='bbox 393 1833 545 1890; x_wconf 79' lang='grc' dir='ltr'>Εἶδον</span> <span class='ocrx_word' id='word_1_226' title='bbox 571 1838 680 1909; x_wconf 79' lang='grc' dir='ltr'><strong>γάρ</strong></span> <span class='ocrx_word' id='word_1_227' title='bbox 700 1880 714 1904; x_wconf 91' lang='grc'><strong>,</strong></span> <span class='ocrx_word' id='word_1_228' title='bbox 742 1837 958 1910; x_wconf 85' lang='grc' dir='ltr'>ἀληθῶς</span> <span class='ocrx_word' id='word_1_229' title='bbox 1003 1833 1142 1890; x_wconf 80' lang='grc' dir='ltr'>εῐδον</span> <span class='ocrx_word' id='word_1_230' title='bbox 1161 1877 1176 1901; x_wconf 87' lang='grc'><strong>,</strong></span> <span class='ocrx_word' id='word_1_231' title='bbox 1216 1839 1311 1890; x_wconf 77' lang='grc' dir='ltr'>καὶ</span> <span class='ocrx_word' id='word_1_232' title='bbox 1358 1834 1580 1908; x_wconf 75' lang='grc' dir='ltr'>ἔμαθον,</span> <span class='ocrx_word' id='word_1_233' title='bbox 1607 1851 1654 1888; x_wconf 76' lang='lat' dir='ltr'><strong>xc</strong></span> 
     </span>
    </p>
   </div>
   <div class='ocr_carea' id='block_1_35' title="bbox 1800 1815 3381 1910">
    <p class='ocr_par' dir='ltr' id='par_1_35' title="bbox 1807 1827 3381 1903">
     <span class='ocr_line' id='line_1_35' title="bbox 1807 1827 3381 1903; baseline 0.006 -25"><span class='ocrx_word' id='word_1_234' title='bbox 1807 1833 1936 1878; x_wconf 91' lang='lat' dir='ltr'><strong>runt</strong></span> <span class='ocrx_word' id='word_1_235' title='bbox 1985 1827 2156 1891; x_wconf 83' lang='lat' dir='ltr'><strong>enim,</strong></span> <span class='ocrx_word' id='word_1_236' title='bbox 2209 1828 2465 1885; x_wconf 88' lang='lat' dir='ltr'><strong>viderunt</strong></span> <span class='ocrx_word' id='word_1_237' title='bbox 2524 1846 2584 1886; x_wconf 91' lang='lat' dir='ltr'><strong>re</strong></span> <span class='ocrx_word' id='word_1_238' title='bbox 2639 1845 2769 1886; x_wconf 87' lang='lat' dir='ltr'><strong>vera</strong></span> <span class='ocrx_word' id='word_1_239' title='bbox 2824 1829 3264 1903; x_wconf 90' lang='lat' dir='ltr'><strong>didiceruntque,</strong></span> <span class='ocrx_word' id='word_1_240' title='bbox 3315 1846 3381 1887; x_wconf 88' lang='lat' dir='ltr'><strong>ac</strong></span> 
     </span>
    </p>
   </div>
   <div class='ocr_carea' id='block_1_36' title="bbox 112 1927 1702 2003">
    <p class='ocr_par' dir='ltr' id='par_1_36' title="bbox 112 1927 1702 2003">
     <span class='ocr_line' id='line_1_36' title="bbox 112 1927 1702 2003; baseline -0.001 -21"><span class='ocrx_word' id='word_1_241' title='bbox 112 1931 592 2003; x_wconf 86' lang='grc' dir='ltr'>κατεσοφίσθησαν</span> <span class='ocrx_word' id='word_1_242' title='bbox 625 1931 817 2000; x_wconf 85' lang='grc' dir='ltr'>σοφίαν</span> <span class='ocrx_word' id='word_1_243' title='bbox 836 1969 851 1994; x_wconf 94' lang='grc'><strong>,</strong></span> <span class='ocrx_word' id='word_1_244' title='bbox 880 1930 948 2002; x_wconf 77' lang='grc' dir='ltr'>ἢν</span> <span class='ocrx_word' id='word_1_245' title='bbox 985 1930 1084 1984; x_wconf 79' lang='grc' dir='ltr'>οὐκ</span> <span class='ocrx_word' id='word_1_246' title='bbox 1113 1929 1330 2000; x_wconf 79' lang='grc' dir='ltr'>ᾔδεισαν</span> <span class='ocrx_word' id='word_1_247' title='bbox 1349 1969 1364 1994; x_wconf 95' lang='grc'><strong>,</strong></span> <span class='ocrx_word' id='word_1_248' title='bbox 1389 1931 1445 1983; x_wconf 77' lang='grc' dir='ltr'>αἱ</span> <span class='ocrx_word' id='word_1_249' title='bbox 1483 1927 1702 1996; x_wconf 91' lang='grc' dir='ltr'>ἀγγελι-</span> 
     </span>
    </p>
   </div>
   <div class='ocr_carea' id='block_1_37' title="bbox 113 2007 1697 2096">
    <p class='ocr_par' dir='ltr' id='par_1_37' title="bbox 113 2007 1697 2096">
     <span class='ocr_line' id='line_1_37' title="bbox 113 2007 1697 2096; baseline -0.001 -21"><span class='ocrx_word' id='word_1_250' title='bbox 113 2023 213 2076; x_wconf 67' lang='lat' dir='ltr'><strong>atat</strong></span> <span class='ocrx_word' id='word_1_251' title='bbox 236 2022 496 2094; x_wconf 85' lang='grc' dir='ltr'>δυνάμεις</span> <span class='ocrx_word' id='word_1_252' title='bbox 527 2022 616 2076; x_wconf 85' lang='grc' dir='ltr'><strong>διά</strong></span> <span class='ocrx_word' id='word_1_253' title='bbox 784 2023 1111 2094; x_wconf 78' lang='grc' dir='ltr'>Ἐκκλησίας</span> <span class='ocrx_word' id='word_1_254' title='bbox 1137 2022 1244 2076; x_wconf 89' lang='grc' dir='ltr'><strong>τῶν</strong></span> <span class='ocrx_word' id='word_1_255' title='bbox 1278 2021 1482 2075; x_wconf 84' lang='grc' dir='ltr'>πιστῶν</span> <span class='ocrx_word' id='word_1_256' title='bbox 1506 2021 1697 2090; x_wconf 78' lang='grc' dir='ltr'>ἐκφαι-</span> 
     </span>
    </p>
   </div>
   <div class='ocr_carea' id='block_1_38' title="bbox 111 2110 1703 2186">
    <p class='ocr_par' dir='ltr' id='par_1_38' title="bbox 111 2110 1703 2186">
     <span class='ocr_line' id='line_1_38' title="bbox 111 2110 1703 2186; baseline -0.001 -20"><span class='ocrx_word' id='word_1_257' title='bbox 111 2115 352 2186; x_wconf 81' lang='grc' dir='ltr'>νομένην</span> <span class='ocrx_word' id='word_1_258' title='bbox 384 2115 492 2168; x_wconf 85' lang='grc' dir='ltr'>ἀπὸ</span> <span class='ocrx_word' id='word_1_259' title='bbox 518 2114 614 2168; x_wconf 85' lang='grc' dir='ltr'><strong>τοῦ</strong></span> <span class='ocrx_word' id='word_1_260' title='bbox 643 2114 780 2168; x_wconf 83' lang='grc' dir='ltr'>Θεοῦ</span> <span class='ocrx_word' id='word_1_261' title='bbox 813 2113 883 2169; x_wconf 84' lang='grc' dir='ltr'><strong>τὰ</strong></span> <span class='ocrx_word' id='word_1_262' title='bbox 911 2114 1090 2168; x_wconf 88' lang='grc' dir='ltr'>πάντα</span> <span class='ocrx_word' id='word_1_263' title='bbox 1140 2113 1445 2177; x_wconf 82' lang='grc' dir='ltr'>κτίσαντος,</span> <span class='ocrx_word' id='word_1_264' title='bbox 1473 2111 1570 2184; x_wconf 78' lang='grc' dir='ltr'>τὴν</span> <span class='ocrx_word' id='word_1_265' title='bbox 1596 2110 1703 2183; x_wconf 84' lang='grc' dir='ltr'><strong>πρὸ</strong></span> 
     </span>
    </p>
   </div>
   <div class='ocr_carea' id='block_1_39' title="bbox 108 2203 1701 2280">
    <p class='ocr_par' dir='ltr' id='par_1_39' title="bbox 108 2203 1701 2280">
     <span class='ocr_line' id='line_1_39' title="bbox 108 2203 1701 2280; baseline 0.001 -23"><span class='ocrx_word' id='word_1_266' title='bbox 108 2205 226 2258; x_wconf 85' lang='grc' dir='ltr'><strong>τῶν</strong></span> <span class='ocrx_word' id='word_1_267' title='bbox 271 2205 484 2261; x_wconf 74' lang='grc' dir='ltr'>αἰώνων</span> <span class='ocrx_word' id='word_1_268' title='bbox 529 2209 588 2260; x_wconf 86' lang='grc' dir='ltr'><strong>ἐν</strong></span> <span class='ocrx_word' id='word_1_269' title='bbox 637 2207 785 2278; x_wconf 81' lang='grc' dir='ltr'>αὐτῷ</span> <span class='ocrx_word' id='word_1_270' title='bbox 834 2206 1258 2280; x_wconf 79' lang='grc' dir='ltr'>κεκρυμμένηνο</span> <span class='ocrx_word' id='word_1_271' title='bbox 1297 2205 1440 2276; x_wconf 84' lang='grc' dir='ltr'>λέγω</span> <span class='ocrx_word' id='word_1_272' title='bbox 1483 2204 1547 2276; x_wconf 82' lang='grc' dir='ltr'>δὴ</span> <span class='ocrx_word' id='word_1_273' title='bbox 1593 2203 1701 2258; x_wconf 90' lang='grc' dir='ltr'><strong>τῶν</strong></span> 
     </span>
    </p>
   </div>
   <div class='ocr_carea' id='block_1_40' title="bbox 110 2295 1700 2370">
    <p class='ocr_par' dir='ltr' id='par_1_40' title="bbox 110 2295 1700 2370">
     <span class='ocr_line' id='line_1_40' title="bbox 110 2295 1700 2370; baseline -0.001 -20"><span class='ocrx_word' id='word_1_274' title='bbox 110 2297 371 2369; x_wconf 84' lang='grc' dir='ltr'>διδαχῶν,</span> <span class='ocrx_word' id='word_1_275' title='bbox 422 2301 520 2353; x_wconf 76' lang='grc' dir='ltr'><strong>καὶ</strong></span> <span class='ocrx_word' id='word_1_276' title='bbox 565 2298 932 2370; x_wconf 70' lang='grc' dir='ltr'>ἐπαγγελιῶν,</span> <span class='ocrx_word' id='word_1_277' title='bbox 978 2300 1072 2352; x_wconf 73' lang='grc' dir='ltr'>καὶ</span> <span class='ocrx_word' id='word_1_278' title='bbox 1115 2295 1570 2369; x_wconf 90' lang='grc' dir='ltr'>θαυματουργιῶν</span> <span class='ocrx_word' id='word_1_279' title='bbox 1605 2295 1700 2349; x_wconf 91' lang='grc' dir='ltr'><strong>τοῦ</strong></span> 
     </span>
    </p>
   </div>
   <div class='ocr_carea' id='block_1_41' title="bbox 111 2388 1702 2462">
    <p class='ocr_par' dir='ltr' id='par_1_41' title="bbox 111 2388 1702 2462">
     <span class='ocr_line' id='line_1_41' title="bbox 111 2388 1702 2462; baseline 0.001 -21"><span class='ocrx_word' id='word_1_280' title='bbox 111 2390 326 2462; x_wconf 79' lang='grc' dir='ltr'>Κυρίου</span> <span class='ocrx_word' id='word_1_281' title='bbox 373 2391 548 2462; x_wconf 88' lang='grc' dir='ltr'>Ἰησοῦ</span> <span class='ocrx_word' id='word_1_282' title='bbox 574 2432 588 2454; x_wconf 90' lang='grc'><strong>,</strong></span> <span class='ocrx_word' id='word_1_283' title='bbox 623 2391 805 2455; x_wconf 88' lang='grc' dir='ltr'>καθώς</span> <span class='ocrx_word' id='word_1_284' title='bbox 834 2409 937 2444; x_wconf 87' lang='grc' dir='ltr'><strong>που</strong></span> <span class='ocrx_word' id='word_1_285' title='bbox 969 2393 998 2445; x_wconf 87' lang='grc' dir='ltr'><strong>ό</strong></span> <span class='ocrx_word' id='word_1_286' title='bbox 1030 2390 1315 2454; x_wconf 80' lang='grc' dir='ltr'>θεσπέσιος</span> <span class='ocrx_word' id='word_1_287' title='bbox 1351 2388 1562 2453; x_wconf 85' lang='grc' dir='ltr'>Παῦλός</span> <span class='ocrx_word' id='word_1_288' title='bbox 1599 2405 1702 2460; x_wconf 83' lang='grc' dir='ltr'>φη-</span> 
     </span>
    </p>
   </div>
   <div class='ocr_carea' id='block_1_42' title="bbox 111 2481 1702 2554">
    <p class='ocr_par' dir='ltr' id='par_1_42' title="bbox 111 2481 1702 2554">
     <span class='ocr_line' id='line_1_42' title="bbox 111 2481 1702 2554; baseline -0.001 -19"><span class='ocrx_word' id='word_1_289' title='bbox 111 2497 202 2535; x_wconf 86' lang='grc' dir='ltr'><strong>σιν</strong></span> <span class='ocrx_word' id='word_1_290' title='bbox 239 2497 256 2513; x_wconf 79' lang='grc' dir='ltr'><strong>ο</strong></span> <span class='ocrx_word' id='word_1_291' title='bbox 305 2484 430 2536; x_wconf 84' lang='grc' dir='ltr'>Ἵνα</span> <span class='ocrx_word' id='word_1_292' title='bbox 475 2483 777 2554; x_wconf 76' lang='grc' dir='ltr'>γνωρισθῇ</span> <span class='ocrx_word' id='word_1_293' title='bbox 823 2482 942 2537; x_wconf 77' lang='grc' dir='ltr'><strong>νῦν</strong></span> <span class='ocrx_word' id='word_1_294' title='bbox 994 2483 1122 2550; x_wconf 79' lang='grc' dir='ltr'>ταῖς</span> <span class='ocrx_word' id='word_1_295' title='bbox 1159 2481 1370 2552; x_wconf 83' lang='grc' dir='ltr'>ἀρχαῖς</span> <span class='ocrx_word' id='word_1_296' title='bbox 1416 2485 1514 2536; x_wconf 79' lang='grc' dir='ltr'>καὶ</span> <span class='ocrx_word' id='word_1_297' title='bbox 1572 2481 1702 2547; x_wconf 83' lang='grc' dir='ltr'>ταῖς</span> 
     </span>
    </p>
   </div>
   <div class='ocr_carea' id='block_1_43' title="bbox 109 2573 1702 2646">
    <p class='ocr_par' dir='ltr' id='par_1_43' title="bbox 109 2573 1702 2646">
     <span class='ocr_line' id='line_1_43' title="bbox 109 2573 1702 2646; baseline 0.001 -20"><span class='ocrx_word' id='word_1_298' title='bbox 109 2573 427 2641; x_wconf 77' lang='grc' dir='ltr'>ἐξουσίαις</span> <span class='ocrx_word' id='word_1_299' title='bbox 470 2575 568 2629; x_wconf 84' lang='grc' dir='ltr'>διὰ</span> <span class='ocrx_word' id='word_1_300' title='bbox 623 2575 735 2646; x_wconf 82' lang='grc' dir='ltr'>τῆς</span> <span class='ocrx_word' id='word_1_301' title='bbox 778 2576 1139 2645; x_wconf 79' lang='grc' dir='ltr'>Ἐκκλησίας</span> <span class='ocrx_word' id='word_1_302' title='bbox 1180 2577 1219 2643; x_wconf 80' lang='grc' dir='ltr'><strong><em>ἠ</em></strong></span> <span class='ocrx_word' id='word_1_303' title='bbox 1267 2575 1702 2641; x_wconf 78' lang='grc' dir='ltr'>πολυποίκιλος</span> 
     </span>
    </p>
   </div>
   <div class='ocr_carea' id='block_1_44' title="bbox 109 2667 1697 2740">
    <p class='ocr_par' dir='ltr' id='par_1_44' title="bbox 109 2667 1697 2740">
     <span class='ocr_line' id='line_1_44' title="bbox 109 2667 1697 2740; baseline 0 -21"><span class='ocrx_word' id='word_1_304' title='bbox 109 2667 306 2736; x_wconf 71' lang='grc' dir='ltr'>σοφία</span> <span class='ocrx_word' id='word_1_305' title='bbox 326 2667 432 2721; x_wconf 83' lang='grc' dir='ltr'><strong>τοῦ</strong></span> <span class='ocrx_word' id='word_1_306' title='bbox 472 2667 642 2722; x_wconf 80' lang='grc' dir='ltr'>Θεοῦ.</span> <span class='ocrx_word' id='word_1_307' title='bbox 682 2668 1030 2723; x_wconf 89' lang='grc' dir='ltr'>Μανθάνουσι</span> <span class='ocrx_word' id='word_1_308' title='bbox 1067 2669 1175 2740; x_wconf 80' lang='grc' dir='ltr'><strong>γὰρ</strong></span> <span class='ocrx_word' id='word_1_309' title='bbox 1201 2669 1256 2722; x_wconf 81' lang='grc' dir='ltr'>αἱ</span> <span class='ocrx_word' id='word_1_310' title='bbox 1287 2668 1398 2722; x_wconf 83' lang='grc' dir='ltr'><strong>ἀνω</strong></span> <span class='ocrx_word' id='word_1_311' title='bbox 1422 2668 1697 2738; x_wconf 89' lang='grc' dir='ltr'>δυνάμεις,</span> 
     </span>
    </p>
   </div>
   <div class='ocr_carea' id='block_1_45' title="bbox 111 2751 1700 2830">
    <p class='ocr_par' dir='ltr' id='par_1_45' title="bbox 111 2751 1700 2830">
     <span class='ocr_line' id='line_1_45' title="bbox 111 2751 1700 2830; baseline 0.004 -24"><span class='ocrx_word' id='word_1_312' title='bbox 111 2755 262 2827; x_wconf 78' lang='grc' dir='ltr'>άπερ</span> <span class='ocrx_word' id='word_1_313' title='bbox 310 2755 519 2810; x_wconf 75' lang='grc' dir='ltr'>οὐδέπω</span> <span class='ocrx_word' id='word_1_314' title='bbox 569 2751 736 2823; x_wconf 84' lang='grc' dir='ltr'>εἶδον,</span> <span class='ocrx_word' id='word_1_315' title='bbox 787 2757 909 2812; x_wconf 86' lang='grc' dir='ltr'>οὑδέ</span> <span class='ocrx_word' id='word_1_316' title='bbox 951 2759 1210 2830; x_wconf 76' lang='grc' dir='ltr'>ἤκουσαν.</span> <span class='ocrx_word' id='word_1_317' title='bbox 1260 2757 1547 2830; x_wconf 83' lang='grc' dir='ltr'>Κτίσματα</span> <span class='ocrx_word' id='word_1_318' title='bbox 1589 2758 1700 2830; x_wconf 88' lang='grc' dir='ltr'><strong>γάρ</strong></span> 
     </span>
    </p>
   </div>
   <div class='ocr_carea' id='block_1_46' title="bbox 111 2845 1700 2921">
    <p class='ocr_par' dir='ltr' id='par_1_46' title="bbox 111 2845 1700 2921">
     <span class='ocr_line' id='line_1_46' title="bbox 111 2845 1700 2921; baseline 0.004 -25"><span class='ocrx_word' id='word_1_319' title='bbox 111 2845 224 2896; x_wconf 80' lang='grc' dir='ltr'>εισι</span> <span class='ocrx_word' id='word_1_320' title='bbox 251 2861 268 2876; x_wconf 79' lang='grc' dir='ltr'><strong><em>ο</em></strong></span> <span class='ocrx_word' id='word_1_321' title='bbox 301 2846 394 2900; x_wconf 75' lang='grc' dir='ltr'>καὶ</span> <span class='ocrx_word' id='word_1_322' title='bbox 420 2847 481 2898; x_wconf 86' lang='grc' dir='ltr'>τὸ</span> <span class='ocrx_word' id='word_1_323' title='bbox 509 2847 717 2919; x_wconf 86' lang='grc' dir='ltr'>κτίσμα</span> <span class='ocrx_word' id='word_1_324' title='bbox 748 2848 849 2901; x_wconf 80' lang='grc' dir='ltr'>οὐκ</span> <span class='ocrx_word' id='word_1_325' title='bbox 877 2847 1043 2915; x_wconf 83' lang='grc' dir='ltr'>ἐστιν,</span> <span class='ocrx_word' id='word_1_326' title='bbox 1074 2849 1102 2902; x_wconf 79' lang='grc' dir='ltr'><strong>ὅ</strong></span> <span class='ocrx_word' id='word_1_327' title='bbox 1139 2849 1214 2920; x_wconf 83' lang='grc' dir='ltr'>μὴ</span> <span class='ocrx_word' id='word_1_328' title='bbox 1241 2849 1432 2920; x_wconf 88' lang='grc' dir='ltr'>χρείαν</span> <span class='ocrx_word' id='word_1_329' title='bbox 1456 2849 1566 2921; x_wconf 78' lang='grc' dir='ltr'>ἔχει</span> <span class='ocrx_word' id='word_1_330' title='bbox 1595 2867 1700 2921; x_wconf 88' lang='grc' dir='ltr'>μα-</span> 
     </span>
    </p>
   </div>
   <div class='ocr_carea' id='block_1_47' title="bbox 109 2934 1697 3012">
    <p class='ocr_par' dir='ltr' id='par_1_47' title="bbox 109 2934 1697 3012">
     <span class='ocr_line' id='line_1_47' title="bbox 109 2934 1697 3012; baseline 0.004 -23"><span class='ocrx_word' id='word_1_331' title='bbox 109 2934 250 2990; x_wconf 83' lang='grc' dir='ltr'>θεῖν.</span> <span class='ocrx_word' id='word_1_332' title='bbox 291 2937 429 2991; x_wconf 84' lang='grc' dir='ltr'>Ἀλλ’</span> <span class='ocrx_word' id='word_1_333' title='bbox 461 2939 581 2993; x_wconf 78' lang='grc' dir='ltr'>οὐδὲ</span> <span class='ocrx_word' id='word_1_334' title='bbox 615 2941 687 2994; x_wconf 88' lang='grc' dir='ltr'><strong>τὰ</strong></span> <span class='ocrx_word' id='word_1_335' title='bbox 727 2941 991 3012; x_wconf 85' lang='grc' dir='ltr'>μέλλοντα</span> <span class='ocrx_word' id='word_1_336' title='bbox 1039 2942 1290 3011; x_wconf 85' lang='grc' dir='ltr'>γενέσθαι</span> <span class='ocrx_word' id='word_1_337' title='bbox 1317 2941 1697 3012; x_wconf 85' lang='grc' dir='ltr'>γινώσκουσιν,</span> 
     </span>
    </p>
   </div>
   <div class='ocr_carea' id='block_1_48' title="bbox 108 3031 1698 3108">
    <p class='ocr_par' dir='ltr' id='par_1_48' title="bbox 108 3031 1698 3108">
     <span class='ocr_line' id='line_1_48' title="bbox 108 3031 1698 3108; baseline 0.004 -26"><span class='ocrx_word' id='word_1_338' title='bbox 108 3031 161 3082; x_wconf 88' lang='grc' dir='ltr'>εἰ</span> <span class='ocrx_word' id='word_1_339' title='bbox 197 3031 273 3101; x_wconf 87' lang='grc' dir='ltr'><strong>μή</strong></span> <span class='ocrx_word' id='word_1_340' title='bbox 305 3049 359 3084; x_wconf 89' lang='grc' dir='ltr'><strong>τι</strong></span> <span class='ocrx_word' id='word_1_341' title='bbox 387 3031 433 3085; x_wconf 89' lang='grc' dir='ltr'>δ’</span> <span class='ocrx_word' id='word_1_342' title='bbox 461 3031 526 3086; x_wconf 86' lang='grc' dir='ltr'>ἂν</span> <span class='ocrx_word' id='word_1_343' title='bbox 559 3033 666 3086; x_wconf 82' lang='grc' dir='ltr'><strong>ὑπὸ</strong></span> <span class='ocrx_word' id='word_1_344' title='bbox 709 3035 809 3105; x_wconf 82' lang='grc' dir='ltr'>τῆς</span> <span class='ocrx_word' id='word_1_345' title='bbox 837 3033 999 3102; x_wconf 83' lang='grc' dir='ltr'>ἁγίας</span> <span class='ocrx_word' id='word_1_346' title='bbox 1029 3035 1126 3088; x_wconf 77' lang='grc' dir='ltr'>καὶ</span> <span class='ocrx_word' id='word_1_347' title='bbox 1154 3037 1357 3108; x_wconf 85' lang='grc' dir='ltr'>σεπτῆς</span> <span class='ocrx_word' id='word_1_348' title='bbox 1392 3036 1485 3089; x_wconf 76' lang='grc' dir='ltr'>καὶ</span> <span class='ocrx_word' id='word_1_349' title='bbox 1525 3051 1698 3106; x_wconf 90' lang='grc' dir='ltr'>προσ-</span> 
     </span>
    </p>
   </div>
   <div class='ocr_carea' id='block_1_49' title="bbox 108 3122 1695 3197">
    <p class='ocr_par' dir='ltr' id='par_1_49' title="bbox 108 3122 1695 3197">
     <span class='ocr_line' id='line_1_49' title="bbox 108 3122 1695 3197; baseline 0.003 -22"><span class='ocrx_word' id='word_1_350' title='bbox 108 3122 357 3192; x_wconf 81' lang='grc' dir='ltr'>κυνητῆς</span> <span class='ocrx_word' id='word_1_351' title='bbox 410 3123 639 3194; x_wconf 87' lang='grc' dir='ltr'>Τριάδος</span> <span class='ocrx_word' id='word_1_352' title='bbox 688 3124 986 3196; x_wconf 90' lang='grc' dir='ltr'>μυηθῶσιν.</span> <span class='ocrx_word' id='word_1_353' title='bbox 1037 3125 1278 3197; x_wconf 86' lang='grc' dir='ltr'>Ἔμαθον</span> <span class='ocrx_word' id='word_1_354' title='bbox 1324 3123 1416 3180; x_wconf 85' lang='grc' dir='ltr'><strong>οῦν</strong></span> <span class='ocrx_word' id='word_1_355' title='bbox 1455 3127 1547 3180; x_wconf 74' lang='grc' dir='ltr'>καὶ</span> <span class='ocrx_word' id='word_1_356' title='bbox 1594 3128 1695 3179; x_wconf 82' lang='grc' dir='ltr'>ἐπ-</span> 
     </span>
    </p>
   </div>
   <div class='ocr_carea' id='block_1_50' title="bbox 107 3209 1698 3287">
    <p class='ocr_par' dir='ltr' id='par_1_50' title="bbox 107 3209 1698 3287">
     <span class='ocr_line' id='line_1_50' title="bbox 107 3209 1698 3287; baseline 0.005 -26"><span class='ocrx_word' id='word_1_357' title='bbox 107 3209 522 3282; x_wconf 84' lang='grc' dir='ltr'>ε6ε6αιώθησαν</span> <span class='ocrx_word' id='word_1_358' title='bbox 552 3213 651 3284; x_wconf 74' lang='grc' dir='ltr'>τὴν</span> <span class='ocrx_word' id='word_1_359' title='bbox 667 3213 960 3269; x_wconf 87' lang='grc' dir='ltr'>ἀνάστασιν</span> <span class='ocrx_word' id='word_1_360' title='bbox 981 3214 1076 3269; x_wconf 92' lang='grc' dir='ltr'><strong>τοῦ</strong></span> <span class='ocrx_word' id='word_1_361' title='bbox 1104 3215 1294 3287; x_wconf 79' lang='grc' dir='ltr'>Ἀδὰμ,</span> <span class='ocrx_word' id='word_1_362' title='bbox 1323 3215 1698 3287; x_wconf 76' lang='grc' dir='ltr'>θεωρήσαντες</span> 
     </span>
    </p>
   </div>
   <div class='ocr_carea' id='block_1_51' title="bbox 104 3302 1698 3379">
    <p class='ocr_par' dir='ltr' id='par_1_51' title="bbox 104 3302 1698 3379">
     <span class='ocr_line' id='line_1_51' title="bbox 104 3302 1698 3379; baseline 0.004 -25"><span class='ocrx_word' id='word_1_363' title='bbox 104 3302 204 3357; x_wconf 86' lang='grc' dir='ltr'>τὸν</span> <span class='ocrx_word' id='word_1_364' title='bbox 243 3302 375 3355; x_wconf 69' lang='grc' dir='ltr'>Θεὸν</span> <span class='ocrx_word' id='word_1_365' title='bbox 407 3305 694 3374; x_wconf 77' lang='grc' dir='ltr'>ἐγείραντα</span> <span class='ocrx_word' id='word_1_366' title='bbox 737 3307 829 3360; x_wconf 86' lang='grc' dir='ltr'>τὸν</span> <span class='ocrx_word' id='word_1_367' title='bbox 870 3308 986 3360; x_wconf 81' lang='grc' dir='ltr'>υἱὸν</span> <span class='ocrx_word' id='word_1_368' title='bbox 1030 3307 1129 3379; x_wconf 86' lang='grc' dir='ltr'>τῆς</span> <span class='ocrx_word' id='word_1_369' title='bbox 1179 3310 1371 3379; x_wconf 84' lang='grc' dir='ltr'>χήρας.</span> <span class='ocrx_word' id='word_1_370' title='bbox 1414 3307 1504 3371; x_wconf 84' lang='grc' dir='ltr'>Ὠς</span> <span class='ocrx_word' id='word_1_371' title='bbox 1553 3308 1698 3379; x_wconf 88' lang='grc' dir='ltr'>χήρα</span> 
     </span>
    </p>
   </div>
   <div class='ocr_carea' id='block_1_52' title="bbox 105 3395 1697 3474">
    <p class='ocr_par' dir='ltr' id='par_1_52' title="bbox 105 3395 1697 3474">
     <span class='ocr_line' id='line_1_52' title="bbox 105 3395 1697 3474; baseline 0.003 -26"><span class='ocrx_word' id='word_1_372' title='bbox 105 3395 224 3466; x_wconf 81' lang='grc' dir='ltr'><strong>γὰρ</strong></span> <span class='ocrx_word' id='word_1_373' title='bbox 253 3396 472 3465; x_wconf 83' lang='grc' dir='ltr'>ἐγένετο</span> <span class='ocrx_word' id='word_1_374' title='bbox 516 3400 549 3470; x_wconf 82' lang='grc' dir='ltr'>ὴ</span> <span class='ocrx_word' id='word_1_375' title='bbox 585 3399 690 3468; x_wconf 82' lang='grc' dir='ltr'>γῆ,</span> <span class='ocrx_word' id='word_1_376' title='bbox 721 3399 1080 3464; x_wconf 83' lang='grc' dir='ltr'>ἀποθανόντος</span> <span class='ocrx_word' id='word_1_377' title='bbox 1125 3400 1220 3454; x_wconf 90' lang='grc' dir='ltr'><strong>τοῦ</strong></span> <span class='ocrx_word' id='word_1_378' title='bbox 1271 3399 1697 3474; x_wconf 84' lang='grc' dir='ltr'>πρωτοπλάστου</span> 
     </span>
    </p>
   </div>
   <div class='ocr_carea' id='block_1_53' title="bbox 106 3487 1698 3563">
    <p class='ocr_par' dir='ltr' id='par_1_53' title="bbox 106 3487 1698 3563">
     <span class='ocr_line' id='line_1_53' title="bbox 106 3487 1698 3563; baseline 0.001 -22"><span class='ocrx_word' id='word_1_379' title='bbox 106 3487 286 3557; x_wconf 82' lang='grc' dir='ltr'>αὐτῆς</span> <span class='ocrx_word' id='word_1_380' title='bbox 319 3487 459 3540; x_wconf 87' lang='grc' dir='ltr'>υἱοῦ.</span> <span class='ocrx_word' id='word_1_381' title='bbox 507 3489 728 3552; x_wconf 84' lang='grc' dir='ltr'>Ἰδόντες</span> <span class='ocrx_word' id='word_1_382' title='bbox 769 3489 826 3542; x_wconf 87' lang='grc' dir='ltr'><strong>δέ</strong></span> <span class='ocrx_word' id='word_1_383' title='bbox 869 3490 1030 3544; x_wconf 83' lang='grc' dir='ltr'>αὑτὸν</span> <span class='ocrx_word' id='word_1_384' title='bbox 1067 3491 1229 3544; x_wconf 84' lang='grc' dir='ltr'>πάλιν</span> <span class='ocrx_word' id='word_1_385' title='bbox 1275 3492 1563 3563; x_wconf 75' lang='grc' dir='ltr'>ἐγείραντα</span> <span class='ocrx_word' id='word_1_386' title='bbox 1599 3491 1698 3562; x_wconf 75' lang='grc' dir='ltr'>τὴν</span> 
     </span>
    </p>
   </div>
   <div class='ocr_carea' id='block_1_54' title="bbox 107 3578 1696 3655">
    <p class='ocr_par' dir='ltr' id='par_1_54' title="bbox 107 3578 1696 3655">
     <span class='ocr_line' id='line_1_54' title="bbox 107 3578 1696 3655; baseline 0.006 -26"><span class='ocrx_word' id='word_1_387' title='bbox 107 3578 392 3650; x_wconf 73' lang='grc' dir='ltr'>θυγατέρα</span> <span class='ocrx_word' id='word_1_388' title='bbox 430 3579 524 3634; x_wconf 82' lang='grc' dir='ltr'><strong>τοῦ</strong></span> <span class='ocrx_word' id='word_1_389' title='bbox 566 3581 1016 3652; x_wconf 86' lang='grc' dir='ltr'>ἀρχισυναγώγου</span> <span class='ocrx_word' id='word_1_390' title='bbox 1035 3625 1050 3649; x_wconf 89' lang='grc'><strong>,</strong></span> <span class='ocrx_word' id='word_1_391' title='bbox 1082 3585 1547 3655; x_wconf 73' lang='grc' dir='ltr'>κατεσοφίσθησαν</span> <span class='ocrx_word' id='word_1_392' title='bbox 1567 3625 1581 3650; x_wconf 92' lang='grc'><strong>,</strong></span> <span class='ocrx_word' id='word_1_393' title='bbox 1615 3585 1696 3639; x_wconf 83' lang='grc' dir='ltr'>ὅτι</span> 
     </span>
    </p>
   </div>
   <div class='ocr_carea' id='block_1_55' title="bbox 105 3669 1696 3753">
    <p class='ocr_par' dir='ltr' id='par_1_55' title="bbox 105 3669 1696 3753">
     <span class='ocr_line' id='line_1_55' title="bbox 105 3669 1696 3753; baseline 0.006 -32"><span class='ocrx_word' id='word_1_394' title='bbox 105 3671 207 3722; x_wconf 76' lang='grc' dir='ltr'>καὶ</span> <span class='ocrx_word' id='word_1_395' title='bbox 251 3673 354 3742; x_wconf 78' lang='grc' dir='ltr'><strong>τήν</strong></span> <span class='ocrx_word' id='word_1_396' title='bbox 395 3669 540 3724; x_wconf 77' lang='grc' dir='ltr'>Εὕαν</span> <span class='ocrx_word' id='word_1_397' title='bbox 575 3671 712 3741; x_wconf 88' lang='grc' dir='ltr'><strong>μετά</strong></span> <span class='ocrx_word' id='word_1_398' title='bbox 741 3671 837 3725; x_wconf 92' lang='grc' dir='ltr'><strong>τοῦ</strong></span> <span class='ocrx_word' id='word_1_399' title='bbox 877 3674 1047 3745; x_wconf 79' lang='grc' dir='ltr'>Ἀδὰμ</span> <span class='ocrx_word' id='word_1_400' title='bbox 1085 3676 1284 3746; x_wconf 84' lang='grc' dir='ltr'>ἐγερεῖ.</span> <span class='ocrx_word' id='word_1_401' title='bbox 1309 3741 1318 3753; x_wconf 34' lang='grc' dir='ltr'>θ</span> <span class='ocrx_word' id='word_1_402' title='bbox 1344 3675 1512 3730; x_wconf 87' lang='grc' dir='ltr'>Πάλιν</span> <span class='ocrx_word' id='word_1_403' title='bbox 1559 3677 1696 3730; x_wconf 88' lang='grc' dir='ltr'>ἀνα-</span> 
     </span>
    </p>
   </div>
   <div class='ocr_carea' id='block_1_56' title="bbox 108 3763 1696 3840">
    <p class='ocr_par' dir='ltr' id='par_1_56' title="bbox 108 3763 1696 3840">
     <span class='ocr_line' id='line_1_56' title="bbox 108 3763 1696 3840; baseline 0.005 -27"><span class='ocrx_word' id='word_1_404' title='bbox 108 3763 322 3832; x_wconf 83' lang='grc' dir='ltr'>στήσας</span> <span class='ocrx_word' id='word_1_405' title='bbox 353 3763 446 3816; x_wconf 77' lang='grc' dir='ltr'><strong>τὸν</strong></span> <span class='ocrx_word' id='word_1_406' title='bbox 487 3765 654 3818; x_wconf 85' lang='grc' dir='ltr'>παῖδα</span> <span class='ocrx_word' id='word_1_407' title='bbox 684 3765 780 3819; x_wconf 87' lang='grc' dir='ltr'><strong>τοῦ</strong></span> <span class='ocrx_word' id='word_1_408' title='bbox 813 3765 1110 3835; x_wconf 82' lang='grc' dir='ltr'>ἀλλοφύλου</span> <span class='ocrx_word' id='word_1_409' title='bbox 1144 3769 1562 3840; x_wconf 78' lang='grc' dir='ltr'>ἑκατοντάρχου,</span> <span class='ocrx_word' id='word_1_410' title='bbox 1593 3769 1696 3823; x_wconf 89' lang='grc' dir='ltr'>ἐδί-</span> 
     </span>
    </p>
   </div>
   <div class='ocr_carea' id='block_1_57' title="bbox 106 3851 1690 3932">
    <p class='ocr_par' dir='ltr' id='par_1_57' title="bbox 106 3851 1690 3932">
     <span class='ocr_line' id='line_1_57' title="bbox 106 3851 1690 3932; baseline 0.006 -27"><span class='ocrx_word' id='word_1_411' title='bbox 106 3851 242 3918; x_wconf 81' lang='grc' dir='ltr'>δαξε</span> <span class='ocrx_word' id='word_1_412' title='bbox 275 3854 370 3906; x_wconf 74' lang='grc' dir='ltr'>καὶ</span> <span class='ocrx_word' id='word_1_413' title='bbox 396 3853 548 3926; x_wconf 81' lang='grc' dir='ltr'>[είς]</span> <span class='ocrx_word' id='word_1_414' title='bbox 593 3855 771 3923; x_wconf 85' lang='grc' dir='ltr'>τοῦτο,</span> <span class='ocrx_word' id='word_1_415' title='bbox 812 3857 892 3910; x_wconf 81' lang='grc' dir='ltr'><strong>ὅτι</strong></span> <span class='ocrx_word' id='word_1_416' title='bbox 924 3859 1017 3912; x_wconf 77' lang='grc' dir='ltr'>καὶ</span> <span class='ocrx_word' id='word_1_417' title='bbox 1055 3857 1123 3911; x_wconf 83' lang='grc' dir='ltr'><strong>τά</strong></span> <span class='ocrx_word' id='word_1_418' title='bbox 1165 3858 1289 3925; x_wconf 79' lang='grc' dir='ltr'>ξένα</span> <span class='ocrx_word' id='word_1_419' title='bbox 1335 3859 1460 3930; x_wconf 78' lang='grc' dir='ltr'>ἔθνη</span> <span class='ocrx_word' id='word_1_420' title='bbox 1492 3855 1690 3932; x_wconf 87' lang='grc' dir='ltr'>ἐγερεῖ.</span> 
     </span>
    </p>
   </div>
   <div class='ocr_carea' id='block_1_58' title="bbox 117 3941 1694 4021">
    <p class='ocr_par' dir='ltr' id='par_1_58' title="bbox 117 3941 1694 4021">
     <span class='ocr_line' id='line_1_58' title="bbox 117 3941 1694 4021; baseline 0.008 -28"><span class='ocrx_word' id='word_1_421' title='bbox 117 3941 255 3995; x_wconf 82' lang='grc' dir='ltr'>Ἰδοὺ</span> <span class='ocrx_word' id='word_1_422' title='bbox 289 3945 438 4013; x_wconf 88' lang='grc' dir='ltr'>τρεῖς</span> <span class='ocrx_word' id='word_1_423' title='bbox 474 3943 729 4016; x_wconf 73' lang='grc' dir='ltr'>διαφοραὶ</span> <span class='ocrx_word' id='word_1_424' title='bbox 760 3946 868 4000; x_wconf 89' lang='grc' dir='ltr'><strong>τῶν</strong></span> <span class='ocrx_word' id='word_1_425' title='bbox 889 3948 1118 4020; x_wconf 88' lang='grc' dir='ltr'>νεκρῶν.</span> <span class='ocrx_word' id='word_1_426' title='bbox 1154 3950 1494 4021; x_wconf 86' lang='grc' dir='ltr'>Ἐγείραντος</span> <span class='ocrx_word' id='word_1_427' title='bbox 1515 3952 1571 4004; x_wconf 85' lang='grc' dir='ltr'><strong>δέ</strong></span> <span class='ocrx_word' id='word_1_428' title='bbox 1602 3951 1694 4005; x_wconf 87' lang='grc' dir='ltr'>τὸν</span> 
     </span>
    </p>
   </div>
   <div class='ocr_carea' id='block_1_59' title="bbox 101 4034 1694 4115">
    <p class='ocr_par' dir='ltr' id='par_1_59' title="bbox 101 4034 1694 4115">
     <span class='ocr_line' id='line_1_59' title="bbox 101 4034 1694 4115; baseline 0.008 -28"><span class='ocrx_word' id='word_1_429' title='bbox 101 4034 361 4106; x_wconf 80' lang='grc' dir='ltr'>Λάζαρον</span> <span class='ocrx_word' id='word_1_430' title='bbox 398 4036 490 4090; x_wconf 88' lang='grc' dir='ltr'>τὸν</span> <span class='ocrx_word' id='word_1_431' title='bbox 529 4041 850 4109; x_wconf 84' lang='grc' dir='ltr'>τεταρταῖον</span> <span class='ocrx_word' id='word_1_432' title='bbox 898 4040 1123 4112; x_wconf 77' lang='grc' dir='ltr'>νεκρὸν,</span> <span class='ocrx_word' id='word_1_433' title='bbox 1150 4043 1242 4096; x_wconf 72' lang='grc' dir='ltr'><strong>καὶ</strong></span> <span class='ocrx_word' id='word_1_434' title='bbox 1277 4047 1592 4115; x_wconf 83' lang='grc' dir='ltr'>τεταρταῖον</span> <span class='ocrx_word' id='word_1_435' title='bbox 1629 4047 1694 4100; x_wconf 88' lang='grc' dir='ltr'><strong>ἐκ</strong></span> 
     </span>
    </p>
   </div>
   <div class='ocr_carea' id='block_1_60' title="bbox 97 4126 1695 4206">
    <p class='ocr_par' dir='ltr' id='par_1_60' title="bbox 97 4126 1695 4206">
     <span class='ocr_line' id='line_1_60' title="bbox 97 4126 1695 4206; baseline 0.008 -26"><span class='ocrx_word' id='word_1_436' title='bbox 97 4126 200 4180; x_wconf 92' lang='grc' dir='ltr'><strong>τοῦ</strong></span> <span class='ocrx_word' id='word_1_437' title='bbox 253 4128 542 4200; x_wconf 87' lang='grc' dir='ltr'>μνημείου,</span> <span class='ocrx_word' id='word_1_438' title='bbox 581 4129 672 4185; x_wconf 83' lang='grc' dir='ltr'>τὸν</span> <span class='ocrx_word' id='word_1_439' title='bbox 703 4131 810 4185; x_wconf 82' lang='grc' dir='ltr'><strong>ὑπὸ</strong></span> <span class='ocrx_word' id='word_1_440' title='bbox 838 4132 1119 4204; x_wconf 88' lang='grc' dir='ltr'>τεσσάρων</span> <span class='ocrx_word' id='word_1_441' title='bbox 1163 4135 1442 4206; x_wconf 87' lang='grc' dir='ltr'>στοιχείων</span> <span class='ocrx_word' id='word_1_442' title='bbox 1484 4153 1695 4192; x_wconf 88' lang='grc' dir='ltr'>συσπα-</span> 
     </span>
    </p>
   </div>
   <div class='ocr_carea' id='block_1_61' title="bbox 101 4221 1694 4294">
    <p class='ocr_par' dir='ltr' id='par_1_61' title="bbox 101 4221 1694 4294">
     <span class='ocr_line' id='line_1_61' title="bbox 101 4221 1694 4294; baseline 0.008 -21"><span class='ocrx_word' id='word_1_443' title='bbox 101 4221 340 4289; x_wconf 80' lang='grc' dir='ltr'>σθέντα,</span> <span class='ocrx_word' id='word_1_444' title='bbox 381 4221 473 4277; x_wconf 81' lang='grc' dir='ltr'>τὸν</span> <span class='ocrx_word' id='word_1_445' title='bbox 504 4223 806 4291; x_wconf 77' lang='grc' dir='ltr'>ὀζέσαντα,</span> <span class='ocrx_word' id='word_1_446' title='bbox 841 4225 935 4280; x_wconf 81' lang='grc' dir='ltr'>τὸν</span> <span class='ocrx_word' id='word_1_447' title='bbox 969 4227 1244 4294; x_wconf 75' lang='grc' dir='ltr'>σαπέντα,</span> <span class='ocrx_word' id='word_1_448' title='bbox 1279 4229 1370 4284; x_wconf 85' lang='grc' dir='ltr'>τὸν</span> <span class='ocrx_word' id='word_1_449' title='bbox 1411 4231 1516 4284; x_wconf 80' lang='grc' dir='ltr'><strong>ὑπὸ</strong></span> <span class='ocrx_word' id='word_1_450' title='bbox 1552 4247 1694 4285; x_wconf 80' lang='grc' dir='ltr'>σκωο</span> 
     </span>
    </p>
   </div>
   <div class='ocr_carea' id='block_1_62' title="bbox 96 4311 1694 4394">
    <p class='ocr_par' dir='ltr' id='par_1_62' title="bbox 96 4311 1694 4394">
     <span class='ocr_line' id='line_1_62' title="bbox 96 4311 1694 4394; baseline 0.008 -31"><span class='ocrx_word' id='word_1_451' title='bbox 96 4311 292 4381; x_wconf 83' lang='grc' dir='ltr'>λήκων</span> <span class='ocrx_word' id='word_1_452' title='bbox 323 4315 706 4387; x_wconf 85' lang='grc' dir='ltr'>κυριευθέντα,</span> <span class='ocrx_word' id='word_1_453' title='bbox 740 4317 1045 4391; x_wconf 88' lang='grc' dir='ltr'>ἐγνωρίσθη</span> <span class='ocrx_word' id='word_1_454' title='bbox 1075 4324 1195 4384; x_wconf 88' lang='grc' dir='ltr'>ταῖς</span> <span class='ocrx_word' id='word_1_455' title='bbox 1234 4323 1429 4394; x_wconf 80' lang='grc' dir='ltr'>ἀρχαῖς</span> <span class='ocrx_word' id='word_1_456' title='bbox 1458 4322 1551 4376; x_wconf 78' lang='grc' dir='ltr'>καὶ</span> <span class='ocrx_word' id='word_1_457' title='bbox 1573 4325 1694 4388; x_wconf 89' lang='grc' dir='ltr'>ταῖς</span> 
     </span>
    </p>
   </div>
   <div class='ocr_carea' id='block_1_63' title="bbox 95 4403 1693 4483">
    <p class='ocr_par' dir='ltr' id='par_1_63' title="bbox 95 4403 1693 4483">
     <span class='ocr_line' id='line_1_63' title="bbox 95 4403 1693 4483; baseline 0.009 -29"><span class='ocrx_word' id='word_1_458' title='bbox 95 4403 379 4470; x_wconf 81' lang='grc' dir='ltr'>ἐξουσίαις</span> <span class='ocrx_word' id='word_1_459' title='bbox 413 4411 536 4473; x_wconf 86' lang='grc' dir='ltr'>ταῖς</span> <span class='ocrx_word' id='word_1_460' title='bbox 585 4411 933 4482; x_wconf 86' lang='grc' dir='ltr'>ἐπουρανίοις</span> <span class='ocrx_word' id='word_1_461' title='bbox 954 4452 968 4476; x_wconf 91' lang='grc'><strong>,</strong></span> <span class='ocrx_word' id='word_1_462' title='bbox 1004 4414 1098 4466; x_wconf 58' lang='grc' dir='ltr'><strong>καλ¹</strong></span> <span class='ocrx_word' id='word_1_463' title='bbox 1129 4415 1242 4476; x_wconf 86' lang='grc' dir='ltr'>τοῖς</span> <span class='ocrx_word' id='word_1_464' title='bbox 1275 4415 1537 4483; x_wconf 86' lang='grc' dir='ltr'>ἐπιγείοις</span> <span class='ocrx_word' id='word_1_465' title='bbox 1563 4454 1580 4475; x_wconf 82' lang='grc'><strong>,</strong></span> <span class='ocrx_word' id='word_1_466' title='bbox 1611 4415 1693 4469; x_wconf 81' lang='grc' dir='ltr'>ὅτι</span> 
     </span>
    </p>
   </div>
   <div class='ocr_carea' id='block_1_64' title="bbox 1803 1917 3380 1993">
    <p class='ocr_par' dir='ltr' id='par_1_64' title="bbox 1803 1917 3380 1993">
     <span class='ocr_line' id='line_1_64' title="bbox 1803 1917 3380 1993; baseline 0.008 -23"><span class='ocrx_word' id='word_1_467' title='bbox 1803 1931 1968 1988; x_wconf 88' lang='lat' dir='ltr'><strong>quam</strong></span> <span class='ocrx_word' id='word_1_468' title='bbox 2011 1917 2289 1975; x_wconf 89' lang='lat' dir='ltr'><strong>nescirent</strong></span> <span class='ocrx_word' id='word_1_469' title='bbox 2333 1923 2654 1993; x_wconf 83' lang='lat' dir='ltr'><strong>sapientiam</strong></span> <span class='ocrx_word' id='word_1_470' title='bbox 2697 1923 2904 1979; x_wconf 68' lang='lat' dir='ltr'><strong>edoctae</strong></span> <span class='ocrx_word' id='word_1_471' title='bbox 2956 1934 3085 1982; x_wconf 91' lang='lat' dir='ltr'><strong>sunt</strong></span> <span class='ocrx_word' id='word_1_472' title='bbox 3126 1925 3380 1982; x_wconf 70' lang='lat' dir='ltr'><strong>caelestes</strong></span> 
     </span>
    </p>
   </div>
   <div class='ocr_carea' id='block_1_65' title="bbox 1801 2010 3379 2082">
    <p class='ocr_par' dir='ltr' id='par_1_65' title="bbox 1801 2010 3379 2082">
     <span class='ocr_line' id='line_1_65' title="bbox 1801 2010 3379 2082; baseline 0.004 -16"><span class='ocrx_word' id='word_1_473' title='bbox 1801 2011 2032 2066; x_wconf 90' lang='lat' dir='ltr'><strong>virtutes</strong></span> <span class='ocrx_word' id='word_1_474' title='bbox 2061 2027 2158 2082; x_wconf 88' lang='lat' dir='ltr'><strong>per</strong></span> <span class='ocrx_word' id='word_1_475' title='bbox 2192 2010 2428 2068; x_wconf 83' lang='lat' dir='ltr'><strong>ﬁdelium</strong></span> <span class='ocrx_word' id='word_1_476' title='bbox 2459 2013 2759 2071; x_wconf 90' lang='lat' dir='ltr'><strong>Ecclesiam</strong></span> <span class='ocrx_word' id='word_1_477' title='bbox 2791 2016 2856 2082; x_wconf 75' lang='lat'><strong>“,</strong></span> <span class='ocrx_word' id='word_1_478' title='bbox 2887 2017 2958 2073; x_wconf 86' lang='lat' dir='ltr'><strong>ab</strong></span> <span class='ocrx_word' id='word_1_479' title='bbox 2999 2017 3379 2074; x_wconf 91' lang='lat' dir='ltr'><strong>universorum</strong></span> 
     </span>
    </p>
   </div>
   <div class='ocr_carea' id='block_1_66' title="bbox 1808 2101 3378 2176">
    <p class='ocr_par' dir='ltr' id='par_1_66' title="bbox 1808 2101 3378 2176">
     <span class='ocr_line' id='line_1_66' title="bbox 1808 2101 3378 2176; baseline 0.004 -18"><span class='ocrx_word' id='word_1_480' title='bbox 1808 2112 2060 2158; x_wconf 84' lang='lat' dir='ltr'><strong>creatore</strong></span> <span class='ocrx_word' id='word_1_481' title='bbox 2090 2101 2222 2171; x_wconf 88' lang='lat' dir='ltr'><strong>Deo,</strong></span> <span class='ocrx_word' id='word_1_482' title='bbox 2257 2104 2312 2158; x_wconf 91' lang='lat' dir='ltr'><strong>in</strong></span> <span class='ocrx_word' id='word_1_483' title='bbox 2344 2120 2454 2176; x_wconf 90' lang='lat' dir='ltr'><strong>quo</strong></span> <span class='ocrx_word' id='word_1_484' title='bbox 2477 2115 2604 2163; x_wconf 89' lang='lat' dir='ltr'><strong>ante</strong></span> <span class='ocrx_word' id='word_1_485' title='bbox 2631 2108 2830 2163; x_wconf 82' lang='lat' dir='ltr'><strong>saecula</strong></span> <span class='ocrx_word' id='word_1_486' title='bbox 2857 2109 3178 2165; x_wconf 89' lang='lat' dir='ltr'><strong>abscondita</strong></span> <span class='ocrx_word' id='word_1_487' title='bbox 3211 2120 3378 2174; x_wconf 89' lang='lat' dir='ltr'><strong>esset,</strong></span> 
     </span>
    </p>
   </div>
   <div class='ocr_carea' id='block_1_67' title="bbox 1804 2198 3377 2272">
    <p class='ocr_par' dir='ltr' id='par_1_67' title="bbox 1804 2198 3377 2272">
     <span class='ocr_line' id='line_1_67' title="bbox 1804 2198 3377 2272; baseline 0.004 -20"><span class='ocrx_word' id='word_1_488' title='bbox 1804 2212 2004 2252; x_wconf 87' lang='lat' dir='ltr'><strong>novum</strong></span> <span class='ocrx_word' id='word_1_489' title='bbox 2058 2198 2403 2268; x_wconf 90' lang='lat' dir='ltr'><strong>elucentem;</strong></span> <span class='ocrx_word' id='word_1_490' title='bbox 2449 2215 2570 2256; x_wconf 91' lang='lat' dir='ltr'><strong>eam</strong></span> <span class='ocrx_word' id='word_1_491' title='bbox 2619 2200 2881 2256; x_wconf 91' lang='lat' dir='ltr'><strong>nimirum</strong></span> <span class='ocrx_word' id='word_1_492' title='bbox 2910 2217 3033 2272; x_wconf 67' lang='lat' dir='ltr'><strong>quae</strong></span> <span class='ocrx_word' id='word_1_493' title='bbox 3071 2202 3128 2257; x_wconf 91' lang='lat' dir='ltr'><strong>in</strong></span> <span class='ocrx_word' id='word_1_494' title='bbox 3164 2201 3377 2258; x_wconf 86' lang='lat' dir='ltr'><strong>Domini</strong></span> 
     </span>
    </p>
   </div>
   <div class='ocr_carea' id='block_1_68' title="bbox 1800 2287 3374 2366">
    <p class='ocr_par' dir='ltr' id='par_1_68' title="bbox 1800 2287 3374 2366">
     <span class='ocr_line' id='line_1_68' title="bbox 1800 2287 3374 2366; baseline 0.004 -22"><span class='ocrx_word' id='word_1_495' title='bbox 1800 2287 1932 2346; x_wconf 85' lang='lat' dir='ltr'><strong>Jesu</strong></span> <span class='ocrx_word' id='word_1_496' title='bbox 1958 2291 2224 2348; x_wconf 89' lang='lat' dir='ltr'><strong>doctrinis</strong></span> <span class='ocrx_word' id='word_1_497' title='bbox 2250 2306 2314 2347; x_wconf 92' lang='lat' dir='ltr'><strong>ac</strong></span> <span class='ocrx_word' id='word_1_498' title='bbox 2345 2293 2804 2364; x_wconf 89' lang='lat' dir='ltr'><strong>promissionibus</strong></span> <span class='ocrx_word' id='word_1_499' title='bbox 2830 2295 3220 2366; x_wconf 88' lang='lat' dir='ltr'><strong>miraculisque</strong></span> <span class='ocrx_word' id='word_1_500' title='bbox 3245 2311 3374 2352; x_wconf 86' lang='lat' dir='ltr'><strong>con-</strong></span> 
     </span>
    </p>
   </div>
   <div class='ocr_carea' id='block_1_69' title="bbox 1806 2383 3376 2461">
    <p class='ocr_par' dir='ltr' id='par_1_69' title="bbox 1806 2383 3376 2461">
     <span class='ocr_line' id='line_1_69' title="bbox 1806 2383 3376 2461; baseline 0.004 -23"><span class='ocrx_word' id='word_1_501' title='bbox 1806 2383 1972 2447; x_wconf 85' lang='lat' dir='ltr'><strong>sistit.</strong></span> <span class='ocrx_word' id='word_1_502' title='bbox 2011 2384 2473 2455; x_wconf 87' lang='lat' dir='ltr'><strong>quemadmodum</strong></span> <span class='ocrx_word' id='word_1_503' title='bbox 2522 2386 2858 2445; x_wconf 89' lang='lat' dir='ltr'><strong>admirabilis</strong></span> <span class='ocrx_word' id='word_1_504' title='bbox 2897 2387 3101 2445; x_wconf 89' lang='lat' dir='ltr'><strong>Paulus</strong></span> <span class='ocrx_word' id='word_1_505' title='bbox 3138 2389 3376 2461; x_wconf 89' lang='lat' dir='ltr'><strong>quodam</strong></span> 
     </span>
    </p>
   </div>
   <div class='ocr_carea' id='block_1_70' title="bbox 1805 2475 3377 2551">
    <p class='ocr_par' dir='ltr' id='par_1_70' title="bbox 1805 2475 3377 2551">
     <span class='ocr_line' id='line_1_70' title="bbox 1805 2475 3377 2551; baseline 0.004 -22"><span class='ocrx_word' id='word_1_506' title='bbox 1805 2476 1927 2532; x_wconf 93' lang='lat' dir='ltr'><strong>loco</strong></span> <span class='ocrx_word' id='word_1_507' title='bbox 1959 2475 2095 2532; x_wconf 91' lang='lat' dir='ltr'><strong>dicit</strong></span> <span class='ocrx_word' id='word_1_508' title='bbox 2123 2497 2136 2532; x_wconf 89' lang='lat'>:</span> <span class='ocrx_word' id='word_1_509' title='bbox 2173 2475 2243 2532; x_wconf 86' lang='lat' dir='ltr'><strong>Ut</strong></span> <span class='ocrx_word' id='word_1_510' title='bbox 2272 2479 2563 2533; x_wconf 77' lang='lat' dir='ltr'><strong>innotescat</strong></span> <span class='ocrx_word' id='word_1_511' title='bbox 2593 2495 2731 2534; x_wconf 84' lang='lat' dir='ltr'><strong>nunc</strong></span> <span class='ocrx_word' id='word_1_512' title='bbox 2756 2480 3136 2550; x_wconf 79' lang='lat' dir='ltr'><strong>principatibus</strong></span> <span class='ocrx_word' id='word_1_513' title='bbox 3161 2491 3210 2536; x_wconf 85' lang='lat' dir='ltr'><strong>et</strong></span> <span class='ocrx_word' id='word_1_514' title='bbox 3231 2493 3377 2551; x_wconf 81' lang='lat' dir='ltr'><strong>pote-</strong></span> 
     </span>
    </p>
   </div>
   <div class='ocr_carea' id='block_1_71' title="bbox 1802 2568 3375 2643">
    <p class='ocr_par' dir='ltr' id='par_1_71' title="bbox 1802 2568 3375 2643">
     <span class='ocr_line' id='line_1_71' title="bbox 1802 2568 3375 2643; baseline 0.006 -22"><span class='ocrx_word' id='word_1_515' title='bbox 1802 2568 2032 2624; x_wconf 77' lang='lat' dir='ltr'><strong>statibus</strong></span> <span class='ocrx_word' id='word_1_516' title='bbox 2055 2585 2146 2640; x_wconf 84' lang='lat' dir='ltr'><strong>per</strong></span> <span class='ocrx_word' id='word_1_517' title='bbox 2173 2569 2488 2637; x_wconf 82' lang='lat' dir='ltr'><strong>Ecclesiam,</strong></span> <span class='ocrx_word' id='word_1_518' title='bbox 2523 2572 2866 2642; x_wconf 76' lang='lat' dir='ltr'><strong>multiformis</strong></span> <span class='ocrx_word' id='word_1_519' title='bbox 2893 2576 3156 2643; x_wconf 77' lang='lat' dir='ltr'><strong>sapientia</strong></span> <span class='ocrx_word' id='word_1_520' title='bbox 3185 2573 3281 2629; x_wconf 86' lang='lat' dir='ltr'><strong>Dei</strong></span> <span class='ocrx_word' id='word_1_521' title='bbox 3311 2574 3375 2630; x_wconf 83' lang='lat'><strong>&quot;.</strong></span> 
     </span>
    </p>
   </div>
   <div class='ocr_carea' id='block_1_72' title="bbox 1802 2658 3375 2736">
    <p class='ocr_par' dir='ltr' id='par_1_72' title="bbox 1802 2658 3375 2736">
     <span class='ocr_line' id='line_1_72' title="bbox 1802 2658 3375 2736; baseline 0.006 -23"><span class='ocrx_word' id='word_1_522' title='bbox 1802 2658 2078 2716; x_wconf 89' lang='lat' dir='ltr'><strong>Docentur</strong></span> <span class='ocrx_word' id='word_1_523' title='bbox 2109 2661 2254 2716; x_wconf 89' lang='lat' dir='ltr'><strong>enim</strong></span> <span class='ocrx_word' id='word_1_524' title='bbox 2304 2677 2552 2732; x_wconf 66' lang='lat' dir='ltr'><strong>superna:</strong></span> <span class='ocrx_word' id='word_1_525' title='bbox 2581 2662 2812 2719; x_wconf 84' lang='lat' dir='ltr'><strong>virtutes</strong></span> <span class='ocrx_word' id='word_1_526' title='bbox 2854 2665 3086 2720; x_wconf 87' lang='lat' dir='ltr'><strong>necdum</strong></span> <span class='ocrx_word' id='word_1_527' title='bbox 3127 2665 3198 2720; x_wconf 91' lang='lat' dir='ltr'><strong>ab</strong></span> <span class='ocrx_word' id='word_1_528' title='bbox 3243 2664 3375 2736; x_wconf 87' lang='lat' dir='ltr'><strong>ipsis</strong></span> 
     </span>
    </p>
   </div>
   <div class='ocr_carea' id='block_1_73' title="bbox 1801 2742 3374 2820">
    <p class='ocr_par' dir='ltr' id='par_1_73' title="bbox 1801 2742 3374 2820">
     <span class='ocr_line' id='line_1_73' title="bbox 1801 2742 3374 2820; baseline 0.001 -12"><span class='ocrx_word' id='word_1_529' title='bbox 1801 2752 1920 2810; x_wconf 90' lang='lat' dir='ltr'><strong>visa</strong></span> <span class='ocrx_word' id='word_1_530' title='bbox 1957 2742 2230 2810; x_wconf 68' lang='lat' dir='ltr'><strong>auditave.</strong></span> <span class='ocrx_word' id='word_1_531' title='bbox 2279 2753 2492 2810; x_wconf 87' lang='lat' dir='ltr'><strong>Etenim</strong></span> <span class='ocrx_word' id='word_1_532' title='bbox 2536 2765 2665 2812; x_wconf 89' lang='lat' dir='ltr'><strong>sunt</strong></span> <span class='ocrx_word' id='word_1_533' title='bbox 2689 2763 2954 2812; x_wconf 69' lang='lat' dir='ltr'><strong>creatura:</strong></span> <span class='ocrx_word' id='word_1_534' title='bbox 2982 2774 2997 2820; x_wconf 86' lang='lat'><strong>;</strong></span> <span class='ocrx_word' id='word_1_535' title='bbox 3032 2773 3133 2812; x_wconf 82' lang='lat' dir='ltr'><strong>nec</strong></span> <span class='ocrx_word' id='word_1_536' title='bbox 3164 2757 3275 2812; x_wconf 88' lang='lat' dir='ltr'><strong>ulla</strong></span> <span class='ocrx_word' id='word_1_537' title='bbox 3307 2758 3374 2813; x_wconf 85' lang='lat' dir='ltr'><strong>sit</strong></span> 
     </span>
    </p>
   </div>
   <div class='ocr_carea' id='block_1_74' title="bbox 1801 2846 3374 2920">
    <p class='ocr_par' dir='ltr' id='par_1_74' title="bbox 1801 2846 3374 2920">
     <span class='ocr_line' id='line_1_74' title="bbox 1801 2846 3374 2920; baseline 0.004 -20"><span class='ocrx_word' id='word_1_538' title='bbox 1801 2855 2077 2911; x_wconf 89' lang='lat' dir='ltr'><strong>creatura,</strong></span> <span class='ocrx_word' id='word_1_539' title='bbox 2111 2846 2199 2900; x_wconf 83' lang='lat' dir='ltr'><strong>cui</strong></span> <span class='ocrx_word' id='word_1_540' title='bbox 2224 2862 2334 2901; x_wconf 89' lang='lat' dir='ltr'><strong>non</strong></span> <span class='ocrx_word' id='word_1_541' title='bbox 2364 2847 2616 2904; x_wconf 91' lang='lat' dir='ltr'><strong>doctrina</strong></span> <span class='ocrx_word' id='word_1_542' title='bbox 2645 2847 2956 2904; x_wconf 89' lang='lat' dir='ltr'><strong>necessaria</strong></span> <span class='ocrx_word' id='word_1_543' title='bbox 2984 2848 3074 2904; x_wconf 90' lang='lat' dir='ltr'><strong>sit.</strong></span> <span class='ocrx_word' id='word_1_544' title='bbox 3098 2848 3168 2902; x_wconf 82' lang='lat' dir='ltr'><strong>At</strong></span> <span class='ocrx_word' id='word_1_545' title='bbox 3201 2865 3374 2920; x_wconf 84' lang='lat' dir='ltr'><strong>neque</strong></span> 
     </span>
    </p>
   </div>
   <div class='ocr_carea' id='block_1_75' title="bbox 1803 2937 3374 3010">
    <p class='ocr_par' dir='ltr' id='par_1_75' title="bbox 1803 2937 3374 3010">
     <span class='ocr_line' id='line_1_75' title="bbox 1803 2937 3374 3010; baseline 0.003 -20"><span class='ocrx_word' id='word_1_546' title='bbox 1803 2946 2078 2993; x_wconf 83' lang='lat' dir='ltr'><strong>noverunt</strong></span> <span class='ocrx_word' id='word_1_547' title='bbox 2125 2937 2330 3001; x_wconf 79' lang='lat' dir='ltr'><strong>futura,</strong></span> <span class='ocrx_word' id='word_1_548' title='bbox 2407 2939 2514 2995; x_wconf 88' lang='lat' dir='ltr'><strong>nisi</strong></span> <span class='ocrx_word' id='word_1_549' title='bbox 2563 2938 2696 3010; x_wconf 93' lang='lat' dir='ltr'><strong>quid</strong></span> <span class='ocrx_word' id='word_1_550' title='bbox 2744 2947 2932 2994; x_wconf 88' lang='lat' dir='ltr'><strong>sancta</strong></span> <span class='ocrx_word' id='word_1_551' title='bbox 2984 2954 3049 2994; x_wconf 89' lang='lat' dir='ltr'><strong>ac</strong></span> <span class='ocrx_word' id='word_1_552' title='bbox 3097 2939 3374 2996; x_wconf 87' lang='lat' dir='ltr'><strong>adoranda</strong></span> 
     </span>
    </p>
   </div>
   <div class='ocr_carea' id='block_1_76' title="bbox 1803 3029 3372 3105">
    <p class='ocr_par' dir='ltr' id='par_1_76' title="bbox 1803 3029 3372 3105">
     <span class='ocr_line' id='line_1_76' title="bbox 1803 3029 3372 3105; baseline 0.003 -21"><span class='ocrx_word' id='word_1_553' title='bbox 1803 3029 2074 3086; x_wconf 85' lang='lat' dir='ltr'><strong>Trinitate</strong></span> <span class='ocrx_word' id='word_1_554' title='bbox 2107 3029 2336 3087; x_wconf 90' lang='lat' dir='ltr'><strong>docente</strong></span> <span class='ocrx_word' id='word_1_555' title='bbox 2361 3032 2694 3102; x_wconf 90' lang='lat' dir='ltr'><strong>acceperint.</strong></span> <span class='ocrx_word' id='word_1_556' title='bbox 2721 3030 3035 3088; x_wconf 89' lang='lat' dir='ltr'><strong>Didicerunt</strong></span> <span class='ocrx_word' id='word_1_557' title='bbox 3063 3048 3213 3105; x_wconf 85' lang='lat' dir='ltr'><strong>ergo,</strong></span> <span class='ocrx_word' id='word_1_558' title='bbox 3256 3048 3372 3089; x_wconf 89' lang='lat' dir='ltr'><strong>cer-</strong></span> 
     </span>
    </p>
   </div>
   <div class='ocr_carea' id='block_1_77' title="bbox 1803 3122 3374 3194">
    <p class='ocr_par' dir='ltr' id='par_1_77' title="bbox 1803 3122 3374 3194">
     <span class='ocr_line' id='line_1_77' title="bbox 1803 3122 3374 3194; baseline 0.003 -19"><span class='ocrx_word' id='word_1_559' title='bbox 1803 3130 2025 3190; x_wconf 89' lang='lat' dir='ltr'><strong>tumque</strong></span> <span class='ocrx_word' id='word_1_560' title='bbox 2061 3131 2440 3194; x_wconf 79' lang='lat' dir='ltr'><strong>argumentum</strong></span> <span class='ocrx_word' id='word_1_561' title='bbox 2485 3122 2680 3178; x_wconf 67' lang='lat' dir='ltr'><strong>futura:</strong></span> <span class='ocrx_word' id='word_1_562' title='bbox 2721 3123 3145 3180; x_wconf 88' lang='lat' dir='ltr'><strong>resurrectionis</strong></span> <span class='ocrx_word' id='word_1_563' title='bbox 3183 3122 3374 3180; x_wconf 87' lang='lat' dir='ltr'><strong>Adami</strong></span> 
     </span>
    </p>
   </div>
   <div class='ocr_carea' id='block_1_78' title="bbox 1802 3213 3372 3285">
    <p class='ocr_par' dir='ltr' id='par_1_78' title="bbox 1802 3213 3372 3285">
     <span class='ocr_line' id='line_1_78' title="bbox 1802 3213 3372 3285; baseline 0.002 -17"><span class='ocrx_word' id='word_1_564' title='bbox 1802 3221 2166 3285; x_wconf 86' lang='lat' dir='ltr'><strong>acceperunt,</strong></span> <span class='ocrx_word' id='word_1_565' title='bbox 2224 3216 2466 3272; x_wconf 88' lang='lat' dir='ltr'><strong>videntes</strong></span> <span class='ocrx_word' id='word_1_566' title='bbox 2509 3216 2678 3271; x_wconf 83' lang='lat' dir='ltr'><strong>[ilium</strong></span> <span class='ocrx_word' id='word_1_567' title='bbox 2717 3216 2892 3271; x_wconf 67' lang='lat' dir='ltr'><strong>vidua:</strong></span> <span class='ocrx_word' id='word_1_568' title='bbox 2925 3231 2955 3268; x_wconf 94' lang='lat' dir='ltr'><strong>a</strong></span> <span class='ocrx_word' id='word_1_569' title='bbox 2999 3213 3108 3272; x_wconf 90' lang='lat' dir='ltr'><strong>Deo</strong></span> <span class='ocrx_word' id='word_1_570' title='bbox 3140 3217 3372 3274; x_wconf 87' lang='lat' dir='ltr'><strong>suscita-</strong></span> 
     </span>
    </p>
   </div>
   <div class='ocr_carea' id='block_1_79' title="bbox 1801 3304 3374 3377">
    <p class='ocr_par' dir='ltr' id='par_1_79' title="bbox 1801 3304 3374 3377">
     <span class='ocr_line' id='line_1_79' title="bbox 1801 3304 3374 3377; baseline 0.003 -18"><span class='ocrx_word' id='word_1_571' title='bbox 1801 3313 1916 3360; x_wconf 91' lang='lat' dir='ltr'><strong>tum</strong></span> <span class='ocrx_word' id='word_1_572' title='bbox 1965 3306 2031 3361; x_wconf 78' lang='grc' dir='ltr'>ὀ.</span> <span class='ocrx_word' id='word_1_573' title='bbox 2089 3304 2435 3377; x_wconf 90' lang='lat' dir='ltr'><strong>Protoplasto</strong></span> <span class='ocrx_word' id='word_1_574' title='bbox 2481 3309 2625 3361; x_wconf 91' lang='lat' dir='ltr'><strong>enim</strong></span> <span class='ocrx_word' id='word_1_575' title='bbox 2674 3315 2833 3363; x_wconf 71' lang='lat' dir='ltr'><strong>terrae</strong></span> <span class='ocrx_word' id='word_1_576' title='bbox 2879 3307 2991 3362; x_wconf 83' lang='lat' dir='ltr'><strong>tilio</strong></span> <span class='ocrx_word' id='word_1_577' title='bbox 3032 3318 3270 3373; x_wconf 87' lang='lat' dir='ltr'><strong>mortuo,</strong></span> <span class='ocrx_word' id='word_1_578' title='bbox 3311 3323 3374 3363; x_wconf 87' lang='lat' dir='ltr'><strong>ea</strong></span> 
     </span>
    </p>
   </div>
   <div class='ocr_carea' id='block_1_80' title="bbox 1800 3397 3375 3467">
    <p class='ocr_par' dir='ltr' id='par_1_80' title="bbox 1800 3397 3375 3467">
     <span class='ocr_line' id='line_1_80' title="bbox 1800 3397 3375 3467; baseline 0.003 -17"><span class='ocrx_word' id='word_1_579' title='bbox 1800 3404 2057 3467; x_wconf 89' lang='lat' dir='ltr'><strong>tanquam</strong></span> <span class='ocrx_word' id='word_1_580' title='bbox 2087 3397 2251 3453; x_wconf 85' lang='lat' dir='ltr'><strong>vidua</strong></span> <span class='ocrx_word' id='word_1_581' title='bbox 2283 3397 2471 3453; x_wconf 71' lang='lat' dir='ltr'><strong>eﬂecta</strong></span> <span class='ocrx_word' id='word_1_582' title='bbox 2516 3407 2622 3454; x_wconf 89' lang='lat' dir='ltr'><strong>est.</strong></span> <span class='ocrx_word' id='word_1_583' title='bbox 2664 3397 2879 3455; x_wconf 83' lang='lat' dir='ltr'><strong>Rursus</strong></span> <span class='ocrx_word' id='word_1_584' title='bbox 2915 3407 3095 3454; x_wconf 91' lang='lat' dir='ltr'><strong>autem</strong></span> <span class='ocrx_word' id='word_1_585' title='bbox 3129 3399 3375 3454; x_wconf 84' lang='lat' dir='ltr'><strong>videntes</strong></span> 
     </span>
    </p>
   </div>
   <div class='ocr_carea' id='block_1_81' title="bbox 1798 3487 3374 3560">
    <p class='ocr_par' dir='ltr' id='par_1_81' title="bbox 1798 3487 3374 3560">
     <span class='ocr_line' id='line_1_81' title="bbox 1798 3487 3374 3560; baseline 0.001 -17"><span class='ocrx_word' id='word_1_586' title='bbox 1798 3487 2116 3543; x_wconf 90' lang='lat' dir='ltr'><strong>suscitatam</strong></span> <span class='ocrx_word' id='word_1_587' title='bbox 2158 3487 2573 3560; x_wconf 81' lang='lat' dir='ltr'><strong>archisynagogi</strong></span> <span class='ocrx_word' id='word_1_588' title='bbox 2605 3490 2766 3545; x_wconf 81' lang='lat' dir='ltr'><strong>tiliam</strong></span> <span class='ocrx_word' id='word_1_589' title='bbox 2802 3491 2872 3557; x_wconf 84' lang='grc'><strong>²¹,</strong></span> <span class='ocrx_word' id='word_1_590' title='bbox 2905 3490 3184 3560; x_wconf 85' lang='lat' dir='ltr'><strong>sapienter</strong></span> <span class='ocrx_word' id='word_1_591' title='bbox 3214 3491 3374 3546; x_wconf 87' lang='lat' dir='ltr'><strong>intel-</strong></span> 
     </span>
    </p>
   </div>
   <div class='ocr_carea' id='block_1_82' title="bbox 1797 3581 3372 3652">
    <p class='ocr_par' dir='ltr' id='par_1_82' title="bbox 1797 3581 3372 3652">
     <span class='ocr_line' id='line_1_82' title="bbox 1797 3581 3372 3652; baseline 0.002 -18"><span class='ocrx_word' id='word_1_592' title='bbox 1797 3581 2049 3636; x_wconf 83' lang='lat' dir='ltr'><strong>lexerunt</strong></span> <span class='ocrx_word' id='word_1_593' title='bbox 2095 3581 2262 3636; x_wconf 87' lang='lat' dir='ltr'><strong>Evam</strong></span> <span class='ocrx_word' id='word_1_594' title='bbox 2299 3596 2516 3652; x_wconf 91' lang='lat' dir='ltr'><strong>quoque</strong></span> <span class='ocrx_word' id='word_1_595' title='bbox 2559 3598 2685 3636; x_wconf 91' lang='lat' dir='ltr'><strong>cum</strong></span> <span class='ocrx_word' id='word_1_596' title='bbox 2725 3583 2935 3638; x_wconf 84' lang='lat' dir='ltr'><strong>Adamo</strong></span> <span class='ocrx_word' id='word_1_597' title='bbox 2974 3582 3372 3638; x_wconf 84' lang='lat' dir='ltr'><strong>suscitandam.</strong></span> 
     </span>
    </p>
   </div>
   <div class='ocr_carea' id='block_1_83' title="bbox 1798 3671 3352 3746">
    <p class='ocr_par' dir='ltr' id='par_1_83' title="bbox 1798 3671 3352 3746">
     <span class='ocr_line' id='line_1_83' title="bbox 1798 3671 3352 3746; baseline 0.003 -20"><span class='ocrx_word' id='word_1_598' title='bbox 1798 3671 1934 3726; x_wconf 90' lang='lat' dir='ltr'><strong>Tum</strong></span> <span class='ocrx_word' id='word_1_599' title='bbox 1955 3688 2084 3729; x_wconf 87' lang='lat' dir='ltr'><strong>vero</strong></span> <span class='ocrx_word' id='word_1_600' title='bbox 2113 3674 2376 3730; x_wconf 88' lang='lat' dir='ltr'><strong>suscitato</strong></span> <span class='ocrx_word' id='word_1_601' title='bbox 2409 3689 2579 3743; x_wconf 91' lang='lat' dir='ltr'><strong>puero</strong></span> <span class='ocrx_word' id='word_1_602' title='bbox 2600 3675 2936 3731; x_wconf 87' lang='lat' dir='ltr'><strong>centurionis</strong></span> <span class='ocrx_word' id='word_1_603' title='bbox 2971 3674 3352 3746; x_wconf 68' lang='lat' dir='ltr'><strong>alienigenae&quot;</strong></span> 
     </span>
    </p>
   </div>
   <div class='ocr_carea' id='block_1_84' title="bbox 1799 3764 3373 3838">
    <p class='ocr_par' dir='ltr' id='par_1_84' title="bbox 1799 3764 3373 3838">
     <span class='ocr_line' id='line_1_84' title="bbox 1799 3764 3373 3838; baseline 0.004 -20"><span class='ocrx_word' id='word_1_604' title='bbox 1799 3764 1903 3820; x_wconf 91' lang='lat' dir='ltr'><strong>hoc</strong></span> <span class='ocrx_word' id='word_1_605' title='bbox 1932 3765 2150 3822; x_wconf 86' lang='lat' dir='ltr'><strong>abunde</strong></span> <span class='ocrx_word' id='word_1_606' title='bbox 2182 3765 2325 3822; x_wconf 91' lang='lat' dir='ltr'><strong>Deus</strong></span> <span class='ocrx_word' id='word_1_607' title='bbox 2355 3766 2568 3830; x_wconf 88' lang='lat' dir='ltr'><strong>docuit,</strong></span> <span class='ocrx_word' id='word_1_608' title='bbox 2604 3768 2720 3822; x_wconf 79' lang='lat' dir='ltr'><strong>fore</strong></span> <span class='ocrx_word' id='word_1_609' title='bbox 2752 3775 2812 3823; x_wconf 91' lang='lat' dir='ltr'><strong>ut</strong></span> <span class='ocrx_word' id='word_1_610' title='bbox 2855 3776 3111 3825; x_wconf 84' lang='lat' dir='ltr'><strong>externas</strong></span> <span class='ocrx_word' id='word_1_611' title='bbox 3156 3783 3373 3838; x_wconf 87' lang='lat' dir='ltr'><strong>quoque</strong></span> 
     </span>
    </p>
   </div>
   <div class='ocr_carea' id='block_1_85' title="bbox 1797 3857 3362 3928">
    <p class='ocr_par' dir='ltr' id='par_1_85' title="bbox 1797 3857 3362 3928">
     <span class='ocr_line' id='line_1_85' title="bbox 1797 3857 3362 3928; baseline 0.001 -15"><span class='ocrx_word' id='word_1_612' title='bbox 1797 3864 1988 3928; x_wconf 88' lang='lat' dir='ltr'><strong>gentes</strong></span> <span class='ocrx_word' id='word_1_613' title='bbox 2011 3859 2323 3914; x_wconf 88' lang='lat' dir='ltr'><strong>suscitaret.</strong></span> <span class='ocrx_word' id='word_1_614' title='bbox 2359 3857 2438 3912; x_wconf 90' lang='lat' dir='ltr'><strong>En</strong></span> <span class='ocrx_word' id='word_1_615' title='bbox 2475 3860 2572 3914; x_wconf 90' lang='lat' dir='ltr'><strong>tibi</strong></span> <span class='ocrx_word' id='word_1_616' title='bbox 2609 3869 2721 3915; x_wconf 88' lang='lat' dir='ltr'><strong>tres</strong></span> <span class='ocrx_word' id='word_1_617' title='bbox 2752 3868 3092 3914; x_wconf 90' lang='lat' dir='ltr'><strong>mortuorum</strong></span> <span class='ocrx_word' id='word_1_618' title='bbox 3115 3858 3362 3915; x_wconf 57' lang='lat' dir='ltr'><strong>ditl‘erenv</strong></span> 
     </span>
    </p>
   </div>
   <div class='ocr_carea' id='block_1_86' title="bbox 1799 3947 3372 4021">
    <p class='ocr_par' dir='ltr' id='par_1_86' title="bbox 1799 3947 3372 4021">
     <span class='ocr_line' id='line_1_86' title="bbox 1799 3947 3372 4021; baseline 0.001 -19"><span class='ocrx_word' id='word_1_619' title='bbox 1799 3949 1926 4004; x_wconf 90' lang='lat' dir='ltr'><strong>tias.</strong></span> <span class='ocrx_word' id='word_1_620' title='bbox 1972 3948 2042 4002; x_wconf 88' lang='lat' dir='ltr'><strong>At</strong></span> <span class='ocrx_word' id='word_1_621' title='bbox 2079 3947 2346 4005; x_wconf 82' lang='lat' dir='ltr'><strong>Lazarum</strong></span> <span class='ocrx_word' id='word_1_622' title='bbox 2389 3951 2708 4005; x_wconf 86' lang='lat' dir='ltr'><strong>suscitando</strong></span> <span class='ocrx_word' id='word_1_623' title='bbox 2755 3958 3010 4021; x_wconf 90' lang='lat' dir='ltr'><strong>quartum</strong></span> <span class='ocrx_word' id='word_1_624' title='bbox 3053 3958 3372 4016; x_wconf 85' lang='lat' dir='ltr'><strong>mortuum,</strong></span> 
     </span>
    </p>
   </div>
   <div class='ocr_carea' id='block_1_87' title="bbox 1796 4040 3372 4112">
    <p class='ocr_par' dir='ltr' id='par_1_87' title="bbox 1796 4040 3372 4112">
     <span class='ocr_line' id='line_1_87' title="bbox 1796 4040 3372 4112; baseline -0.001 -16"><span class='ocrx_word' id='word_1_625' title='bbox 1796 4040 2227 4112; x_wconf 88' lang='lat' dir='ltr'><strong>quatriduanum</strong></span> <span class='ocrx_word' id='word_1_626' title='bbox 2263 4043 2414 4097; x_wconf 84' lang='lat' dir='ltr'><strong>illum</strong></span> <span class='ocrx_word' id='word_1_627' title='bbox 2447 4057 2477 4095; x_wconf 90' lang='lat' dir='ltr'><strong>a</strong></span> <span class='ocrx_word' id='word_1_628' title='bbox 2501 4045 2773 4112; x_wconf 91' lang='lat' dir='ltr'><strong>sepulcro,</strong></span> <span class='ocrx_word' id='word_1_629' title='bbox 2815 4041 3099 4098; x_wconf 79' lang='lat' dir='ltr'><strong>elementis</strong></span> <span class='ocrx_word' id='word_1_630' title='bbox 3135 4049 3372 4112; x_wconf 86' lang='lat' dir='ltr'><strong>quatuor</strong></span> 
     </span>
    </p>
   </div>
   <div class='ocr_carea' id='block_1_88' title="bbox 1795 4129 3371 4207">
    <p class='ocr_par' dir='ltr' id='par_1_88' title="bbox 1795 4129 3371 4207">
     <span class='ocr_line' id='line_1_88' title="bbox 1795 4129 3371 4207; baseline 0.001 -17"><span class='ocrx_word' id='word_1_631' title='bbox 1795 4135 2252 4204; x_wconf 87' lang='lat' dir='ltr'><strong>distrahentibus,</strong></span> <span class='ocrx_word' id='word_1_632' title='bbox 2305 4137 2564 4201; x_wconf 89' lang='lat' dir='ltr'><strong>olentem,</strong></span> <span class='ocrx_word' id='word_1_633' title='bbox 2615 4145 2852 4207; x_wconf 90' lang='lat' dir='ltr'><strong>putrem,</strong></span> <span class='ocrx_word' id='word_1_634' title='bbox 2893 4135 3174 4192; x_wconf 83' lang='lat' dir='ltr'><strong>vermibus</strong></span> <span class='ocrx_word' id='word_1_635' title='bbox 3216 4129 3371 4191; x_wconf 74' lang='lat' dir='ltr'><strong>man-</strong></span> 
     </span>
    </p>
   </div>
   <div class='ocr_carea' id='block_1_89' title="bbox 1796 4227 3369 4298">
    <p class='ocr_par' dir='ltr' id='par_1_89' title="bbox 1796 4227 3369 4298">
     <span class='ocr_line' id='line_1_89' title="bbox 1796 4227 3369 4298; baseline 0 -15"><span class='ocrx_word' id='word_1_636' title='bbox 1796 4228 2098 4298; x_wconf 88' lang='lat' dir='ltr'><strong>cipatum;</strong></span> <span class='ocrx_word' id='word_1_637' title='bbox 2167 4238 2356 4283; x_wconf 87' lang='lat' dir='ltr'><strong>notum</strong></span> <span class='ocrx_word' id='word_1_638' title='bbox 2417 4227 2626 4283; x_wconf 80' lang='lat' dir='ltr'><strong>factum</strong></span> <span class='ocrx_word' id='word_1_639' title='bbox 2685 4236 2770 4284; x_wconf 91' lang='lat' dir='ltr'><strong>est</strong></span> <span class='ocrx_word' id='word_1_640' title='bbox 2842 4227 3243 4298; x_wconf 87' lang='lat' dir='ltr'><strong>principatibus</strong></span> <span class='ocrx_word' id='word_1_641' title='bbox 3303 4243 3369 4283; x_wconf 85' lang='lat' dir='ltr'><strong>ac</strong></span> 
     </span>
    </p>
   </div>
   <div class='ocr_carea' id='block_1_90' title="bbox 1796 4316 3368 4389">
    <p class='ocr_par' dir='ltr' id='par_1_90' title="bbox 1796 4316 3368 4389">
     <span class='ocr_line' id='line_1_90' title="bbox 1796 4316 3368 4389; baseline -0.004 -14"><span class='ocrx_word' id='word_1_642' title='bbox 1796 4319 2118 4375; x_wconf 71' lang='lat' dir='ltr'><strong>cmlestibus</strong></span> <span class='ocrx_word' id='word_1_643' title='bbox 2175 4318 2544 4389; x_wconf 79' lang='lat' dir='ltr'><strong>potestatibus</strong></span> <span class='ocrx_word' id='word_1_644' title='bbox 2621 4317 2968 4387; x_wconf 88' lang='lat' dir='ltr'><strong>terrenisque</strong></span> <span class='ocrx_word' id='word_1_645' title='bbox 3030 4316 3368 4379; x_wconf 91' lang='lat' dir='ltr'><strong>hominibus,</strong></span> 
     </span>
    </p>
   </div>
   <div class='ocr_carea' id='block_1_91' title="bbox 1796 4410 3368 4468">
    <p class='ocr_par' dir='ltr' id='par_1_91' title="bbox 1796 4410 3368 4468">
     <span class='ocr_line' id='line_1_91' title="bbox 1796 4410 3368 4468; baseline -0.002 -3"><span class='ocrx_word' id='word_1_646' title='bbox 1796 4411 1912 4468; x_wconf 77' lang='lat' dir='ltr'><strong>fore</strong></span> <span class='ocrx_word' id='word_1_647' title='bbox 1943 4421 2003 4466; x_wconf 93' lang='lat' dir='ltr'><strong>ut</strong></span> <span class='ocrx_word' id='word_1_648' title='bbox 2032 4411 2253 4467; x_wconf 87' lang='lat' dir='ltr'><strong>tandem</strong></span> <span class='ocrx_word' id='word_1_649' title='bbox 2291 4410 2436 4467; x_wconf 90' lang='lat' dir='ltr'><strong>Deus</strong></span> <span class='ocrx_word' id='word_1_650' title='bbox 2465 4412 2775 4466; x_wconf 88' lang='lat' dir='ltr'><strong>universam</strong></span> <span class='ocrx_word' id='word_1_651' title='bbox 2809 4410 3086 4463; x_wconf 89' lang='lat' dir='ltr'><strong>hominum</strong></span> <span class='ocrx_word' id='word_1_652' title='bbox 3117 4416 3368 4462; x_wconf 83' lang='lat' dir='ltr'><strong>naturam</strong></span> 
     </span>
    </p>
   </div>
   <div class='ocr_carea' id='block_1_92' title="bbox 95 4498 1654 4579">
    <p class='ocr_par' dir='ltr' id='par_1_92' title="bbox 95 4498 1654 4579">
     <span class='ocr_line' id='line_1_92' title="bbox 95 4498 1654 4579; baseline 0.007 -29"><span class='ocrx_word' id='word_1_653' title='bbox 95 4498 287 4550; x_wconf 78' lang='grc' dir='ltr'>πᾶσαν</span> <span class='ocrx_word' id='word_1_654' title='bbox 324 4498 422 4569; x_wconf 74' lang='grc' dir='ltr'>τὴν</span> <span class='ocrx_word' id='word_1_655' title='bbox 459 4501 525 4554; x_wconf 87' lang='grc' dir='ltr'><strong>ἐκ</strong></span> <span class='ocrx_word' id='word_1_656' title='bbox 567 4505 850 4578; x_wconf 86' lang='grc' dir='ltr'>τεσσάρων</span> <span class='ocrx_word' id='word_1_657' title='bbox 901 4505 1260 4559; x_wconf 89' lang='grc' dir='ltr'>συσταθεῖσαν</span> <span class='ocrx_word' id='word_1_658' title='bbox 1299 4505 1654 4579; x_wconf 86' lang='grc' dir='ltr'>ἀνθρωπότητ</span> 
     </span>
    </p>
   </div>
   <div class='ocr_carea' id='block_1_93' title="bbox 1800 4498 3368 4579">
    <p class='ocr_par' dir='ltr' id='par_1_93' title="bbox 1800 4501 3368 4575">
     <span class='ocr_line' id='line_1_93' title="bbox 1800 4501 3368 4575; baseline -0.005 -16"><span class='ocrx_word' id='word_1_659' title='bbox 1800 4503 2088 4562; x_wconf 87' lang='lat' dir='ltr'><strong>elementis</strong></span> <span class='ocrx_word' id='word_1_660' title='bbox 2141 4514 2380 4575; x_wconf 85' lang='lat' dir='ltr'><strong>quatuor</strong></span> <span class='ocrx_word' id='word_1_661' title='bbox 2433 4510 2781 4558; x_wconf 87' lang='lat' dir='ltr'><strong>constantem</strong></span> <span class='ocrx_word' id='word_1_662' title='bbox 2833 4501 3146 4564; x_wconf 81' lang='lat' dir='ltr'><strong>suscitaret,</strong></span> <span class='ocrx_word' id='word_1_663' title='bbox 3195 4514 3368 4570; x_wconf 88' lang='lat' dir='ltr'><strong>quan-</strong></span> 
     </span>
    </p>
   </div>
   <div class='ocr_carea' id='block_1_94' title="bbox 94 4587 1683 4669">
    <p class='ocr_par' dir='ltr' id='par_1_94' title="bbox 94 4587 1683 4669">
     <span class='ocr_line' id='line_1_94' title="bbox 94 4587 1683 4669; baseline 0.011 -32"><span class='ocrx_word' id='word_1_664' title='bbox 94 4587 307 4658; x_wconf 82' lang='grc' dir='ltr'>ἐγερεῖ,</span> <span class='ocrx_word' id='word_1_665' title='bbox 337 4587 444 4642; x_wconf 85' lang='grc' dir='ltr'><strong>κάν</strong></span> <span class='ocrx_word' id='word_1_666' title='bbox 463 4588 668 4655; x_wconf 75' lang='grc' dir='ltr'>ῶξεσεν</span> <span class='ocrx_word' id='word_1_667' title='bbox 703 4595 762 4646; x_wconf 90' lang='grc' dir='ltr'><strong>ἐν</strong></span> <span class='ocrx_word' id='word_1_668' title='bbox 787 4598 853 4666; x_wconf 82' lang='grc' dir='ltr'>τῇ</span> <span class='ocrx_word' id='word_1_669' title='bbox 883 4597 1129 4669; x_wconf 80' lang='grc' dir='ltr'>ἁμαρτίᾳ</span> <span class='ocrx_word' id='word_1_670' title='bbox 1159 4597 1256 4667; x_wconf 79' lang='grc' dir='ltr'>τῆς</span> <span class='ocrx_word' id='word_1_671' title='bbox 1284 4598 1650 4669; x_wconf 73' lang='grc' dir='ltr'>παραϐάσεως</span> <span class='ocrx_word' id='word_1_672' title='bbox 1668 4615 1683 4631; x_wconf 90' lang='grc'><strong>·</strong></span> 
     </span>
    </p>
   </div>
   <div class='ocr_carea' id='block_1_95' title="bbox 94 4678 1687 4762">
    <p class='ocr_par' dir='ltr' id='par_1_95' title="bbox 94 4678 1687 4762">
     <span class='ocr_line' id='line_1_95' title="bbox 94 4678 1687 4762; baseline 0.01 -32"><span class='ocrx_word' id='word_1_673' title='bbox 94 4678 206 4732; x_wconf 73' lang='grc' dir='ltr'>κᾶν</span> <span class='ocrx_word' id='word_1_674' title='bbox 235 4679 418 4750; x_wconf 83' lang='grc' dir='ltr'>ἐσάπη</span> <span class='ocrx_word' id='word_1_675' title='bbox 462 4683 521 4734; x_wconf 89' lang='grc' dir='ltr'><strong>ἐν</strong></span> <span class='ocrx_word' id='word_1_676' title='bbox 565 4686 630 4754; x_wconf 79' lang='grc' dir='ltr'>τῇ</span> <span class='ocrx_word' id='word_1_677' title='bbox 673 4685 898 4758; x_wconf 77' lang='grc' dir='ltr'>ἀσεϐείᾳ</span> <span class='ocrx_word' id='word_1_678' title='bbox 936 4687 1034 4758; x_wconf 82' lang='grc' dir='ltr'>τῆς</span> <span class='ocrx_word' id='word_1_679' title='bbox 1080 4688 1518 4762; x_wconf 83' lang='grc' dir='ltr'>εἰδωλολατρείας</span> <span class='ocrx_word' id='word_1_680' title='bbox 1543 4709 1557 4722; x_wconf 73' lang='grc' dir='ltr'><strong><em>ο</em></strong></span> <span class='ocrx_word' id='word_1_681' title='bbox 1585 4691 1687 4746; x_wconf 82' lang='grc' dir='ltr'>κᾶν</span> 
     </span>
    </p>
   </div>
   <div class='ocr_carea' id='block_1_96' title="bbox 93 4773 1687 4854">
    <p class='ocr_par' dir='ltr' id='par_1_96' title="bbox 93 4773 1687 4854">
     <span class='ocr_line' id='line_1_96' title="bbox 93 4773 1687 4854; baseline 0.008 -29"><span class='ocrx_word' id='word_1_682' title='bbox 93 4774 176 4836; x_wconf 80' lang='grc' dir='ltr'>ὡς</span> <span class='ocrx_word' id='word_1_683' title='bbox 206 4773 314 4826; x_wconf 77' lang='grc' dir='ltr'>ὑπὸ</span> <span class='ocrx_word' id='word_1_684' title='bbox 342 4775 662 4847; x_wconf 75' lang='grc' dir='ltr'>σκωλήκων,</span> <span class='ocrx_word' id='word_1_685' title='bbox 691 4778 795 4831; x_wconf 86' lang='grc' dir='ltr'><strong>ὑπὸ</strong></span> <span class='ocrx_word' id='word_1_686' title='bbox 823 4779 1092 4850; x_wconf 86' lang='grc' dir='ltr'>δαιμόνων</span> <span class='ocrx_word' id='word_1_687' title='bbox 1123 4782 1544 4854; x_wconf 83' lang='grc' dir='ltr'>κατεκυριεύθη,</span> <span class='ocrx_word' id='word_1_688' title='bbox 1587 4785 1687 4837; x_wconf 79' lang='grc' dir='ltr'>καὶ</span> 
     </span>
    </p>
   </div>
   <div class='ocr_carea' id='block_1_97' title="bbox 93 4864 1687 4942">
    <p class='ocr_par' dir='ltr' id='par_1_97' title="bbox 93 4864 1687 4942">
     <span class='ocr_line' id='line_1_97' title="bbox 93 4864 1687 4942; baseline 0.006 -23"><span class='ocrx_word' id='word_1_689' title='bbox 93 4864 424 4935; x_wconf 69' lang='grc' dir='ltr'>ἐζωπρεύθη</span> <span class='ocrx_word' id='word_1_690' title='bbox 457 4871 545 4935; x_wconf 79' lang='grc' dir='ltr'>εἰς</span> <span class='ocrx_word' id='word_1_691' title='bbox 565 4869 632 4922; x_wconf 83' lang='grc' dir='ltr'>τὸ</span> <span class='ocrx_word' id='word_1_692' title='bbox 653 4870 902 4924; x_wconf 79' lang='grc' dir='ltr'>ἐκείνων</span> <span class='ocrx_word' id='word_1_693' title='bbox 942 4871 1187 4942; x_wconf 81' lang='grc' dir='ltr'>θέλημα.</span> <span class='ocrx_word' id='word_1_694' title='bbox 1216 4873 1403 4928; x_wconf 88' lang='grc' dir='ltr'>Ταῦτα</span> <span class='ocrx_word' id='word_1_695' title='bbox 1430 4870 1522 4930; x_wconf 82' lang='grc' dir='ltr'><strong>οῦν</strong></span> <span class='ocrx_word' id='word_1_696' title='bbox 1555 4875 1687 4929; x_wconf 80' lang='grc' dir='ltr'>ίδόν-</span> 
     </span>
    </p>
   </div>
   <div class='ocr_carea' id='block_1_98' title="bbox 92 4960 1683 5041">
    <p class='ocr_par' dir='ltr' id='par_1_98' title="bbox 92 4960 1683 5041">
     <span class='ocr_line' id='line_1_98' title="bbox 92 4960 1683 5041; baseline 0.021 -44"><span class='ocrx_word' id='word_1_697' title='bbox 92 4977 191 5024; x_wconf 75' lang='grc' dir='ltr'>τες</span> <span class='ocrx_word' id='word_1_698' title='bbox 236 4960 288 5013; x_wconf 73' lang='grc' dir='ltr'>οι</span> <span class='ocrx_word' id='word_1_699' title='bbox 325 4960 549 5029; x_wconf 72' lang='grc' dir='ltr'>ἄγγελοι</span> <span class='ocrx_word' id='word_1_700' title='bbox 593 4962 891 5034; x_wconf 89' lang='grc' dir='ltr'>κρυπτῶς,</span> <span class='ocrx_word' id='word_1_701' title='bbox 939 4963 1035 5017; x_wconf 78' lang='grc' dir='ltr'>καὶ</span> <span class='ocrx_word' id='word_1_702' title='bbox 1079 4965 1355 5037; x_wconf 83' lang='grc' dir='ltr'>ἀνθρωποι</span> <span class='ocrx_word' id='word_1_703' title='bbox 1405 4966 1683 5041; x_wconf 79' lang='grc' dir='ltr'>φανερῶς,</span> 
     </span>
    </p>
   </div>
   <div class='ocr_carea' id='block_1_99' title="bbox 1798 4592 3367 4666">
    <p class='ocr_par' dir='ltr' id='par_1_99' title="bbox 1798 4592 3367 4666">
     <span class='ocr_line' id='line_1_99' title="bbox 1798 4592 3367 4666; baseline -0.003 -18"><span class='ocrx_word' id='word_1_704' title='bbox 1798 4609 1961 4665; x_wconf 91' lang='lat' dir='ltr'><strong>quam</strong></span> <span class='ocrx_word' id='word_1_705' title='bbox 1995 4597 2085 4650; x_wconf 88' lang='lat' dir='ltr'><strong>illa</strong></span> <span class='ocrx_word' id='word_1_706' title='bbox 2109 4596 2162 4650; x_wconf 93' lang='lat' dir='ltr'><strong>in</strong></span> <span class='ocrx_word' id='word_1_707' title='bbox 2188 4595 2649 4666; x_wconf 66' lang='lat' dir='ltr'><strong>praevaricationis</strong></span> <span class='ocrx_word' id='word_1_708' title='bbox 2685 4601 2910 4665; x_wconf 89' lang='lat' dir='ltr'><strong>peccato</strong></span> <span class='ocrx_word' id='word_1_709' title='bbox 2940 4592 3151 4656; x_wconf 82' lang='lat' dir='ltr'><strong>feteret,</strong></span> <span class='ocrx_word' id='word_1_710' title='bbox 3194 4605 3367 4662; x_wconf 87' lang='lat' dir='ltr'><strong>quan-</strong></span> 
     </span>
    </p>
   </div>
   <div class='ocr_carea' id='block_1_100' title="bbox 1793 4686 3368 4760">
    <p class='ocr_par' dir='ltr' id='par_1_100' title="bbox 1793 4686 3368 4760">
     <span class='ocr_line' id='line_1_100' title="bbox 1793 4686 3368 4760; baseline -0.003 -17"><span class='ocrx_word' id='word_1_711' title='bbox 1793 4703 1958 4760; x_wconf 89' lang='lat' dir='ltr'><strong>quam</strong></span> <span class='ocrx_word' id='word_1_712' title='bbox 1986 4689 2041 4743; x_wconf 89' lang='lat' dir='ltr'><strong>in</strong></span> <span class='ocrx_word' id='word_1_713' title='bbox 2071 4689 2389 4744; x_wconf 64' lang='lat' dir='ltr'><strong>idololatria:</strong></span> <span class='ocrx_word' id='word_1_714' title='bbox 2411 4689 2686 4760; x_wconf 85' lang='lat' dir='ltr'><strong>impietate</strong></span> <span class='ocrx_word' id='word_1_715' title='bbox 2714 4686 3036 4758; x_wconf 88' lang='lat' dir='ltr'><strong>putruisset,</strong></span> <span class='ocrx_word' id='word_1_716' title='bbox 3055 4699 3368 4756; x_wconf 88' lang='lat' dir='ltr'><strong>quanquam</strong></span> 
     </span>
    </p>
   </div>
   <div class='ocr_carea' id='block_1_101' title="bbox 1792 4778 3366 4847">
    <p class='ocr_par' dir='ltr' id='par_1_101' title="bbox 1792 4778 3366 4847">
     <span class='ocr_line' id='line_1_101' title="bbox 1792 4778 3366 4847; baseline -0.004 -10"><span class='ocrx_word' id='word_1_717' title='bbox 1792 4782 1842 4837; x_wconf 90' lang='lat' dir='ltr'><strong>ei</strong></span> <span class='ocrx_word' id='word_1_718' title='bbox 1865 4781 2144 4837; x_wconf 71' lang='lat' dir='ltr'><strong>daemones</strong></span> <span class='ocrx_word' id='word_1_719' title='bbox 2174 4781 2348 4836; x_wconf 88' lang='lat' dir='ltr'><strong>instar</strong></span> <span class='ocrx_word' id='word_1_720' title='bbox 2373 4781 2639 4836; x_wconf 79' lang='lat' dir='ltr'><strong>vermium</strong></span> <span class='ocrx_word' id='word_1_721' title='bbox 2659 4779 3093 4846; x_wconf 86' lang='lat' dir='ltr'><strong>dominarentur,</strong></span> <span class='ocrx_word' id='word_1_722' title='bbox 3125 4787 3177 4832; x_wconf 87' lang='lat' dir='ltr'><strong>et</strong></span> <span class='ocrx_word' id='word_1_723' title='bbox 3210 4778 3366 4847; x_wconf 84' lang='lat' dir='ltr'><strong>capti-</strong></span> 
     </span>
    </p>
   </div>
   <div class='ocr_carea' id='block_1_102' title="bbox 1793 4869 3368 4943">
    <p class='ocr_par' dir='ltr' id='par_1_102' title="bbox 1793 4869 3368 4943">
     <span class='ocr_line' id='line_1_102' title="bbox 1793 4869 3368 4943; baseline -0.003 -15"><span class='ocrx_word' id='word_1_724' title='bbox 1793 4890 1914 4929; x_wconf 78' lang='lat' dir='ltr'><strong>vam</strong></span> <span class='ocrx_word' id='word_1_725' title='bbox 1955 4881 2206 4938; x_wconf 84' lang='lat' dir='ltr'><strong>tenerent,</strong></span> <span class='ocrx_word' id='word_1_726' title='bbox 2235 4873 2304 4926; x_wconf 85' lang='lat' dir='ltr'><strong>ad</strong></span> <span class='ocrx_word' id='word_1_727' title='bbox 2327 4888 2482 4926; x_wconf 82' lang='lat' dir='ltr'><strong>suam</strong></span> <span class='ocrx_word' id='word_1_728' title='bbox 2518 4873 2753 4943; x_wconf 87' lang='lat' dir='ltr'><strong>ipsorum</strong></span> <span class='ocrx_word' id='word_1_729' title='bbox 2787 4872 3106 4926; x_wconf 82' lang='lat' dir='ltr'><strong>voluntatem</strong></span> <span class='ocrx_word' id='word_1_730' title='bbox 3134 4869 3199 4924; x_wconf 80' lang='grc'><strong>’³.</strong></span> <span class='ocrx_word' id='word_1_731' title='bbox 3230 4869 3368 4925; x_wconf 88' lang='lat' dir='ltr'><strong>Cum</strong></span> 
     </span>
    </p>
   </div>
   <div class='ocr_carea' id='block_1_103' title="bbox 1798 4962 3364 5040">
    <p class='ocr_par' dir='ltr' id='par_1_103' title="bbox 1798 4962 3364 5040">
     <span class='ocr_line' id='line_1_103' title="bbox 1798 4962 3364 5040; baseline -0.005 -15"><span class='ocrx_word' id='word_1_732' title='bbox 1798 4969 1916 5025; x_wconf 61' lang='lat' dir='ltr'><strong>haec</strong></span> <span class='ocrx_word' id='word_1_733' title='bbox 1967 4983 2098 5040; x_wconf 90' lang='lat' dir='ltr'><strong>ergo</strong></span> <span class='ocrx_word' id='word_1_734' title='bbox 2146 4965 2328 5038; x_wconf 86' lang='lat' dir='ltr'><strong>angeli</strong></span> <span class='ocrx_word' id='word_1_735' title='bbox 2375 4981 2578 5021; x_wconf 91' lang='lat' dir='ltr'><strong>arcana</strong></span> <span class='ocrx_word' id='word_1_736' title='bbox 2621 4965 2851 5028; x_wconf 90' lang='lat' dir='ltr'><strong>ratione,</strong></span> <span class='ocrx_word' id='word_1_737' title='bbox 2888 4962 3136 5018; x_wconf 86' lang='lat' dir='ltr'><strong>homines</strong></span> <span class='ocrx_word' id='word_1_738' title='bbox 3183 4970 3364 5017; x_wconf 86' lang='lat' dir='ltr'><strong>autem</strong></span> 
     </span>
    </p>
   </div>
   <div class='ocr_carea' id='block_1_104' title="bbox 91 5052 1654 5133">
    <p class='ocr_par' dir='ltr' id='par_1_104' title="bbox 91 5052 1654 5133">
     <span class='ocr_line' id='line_1_104' title="bbox 91 5052 1654 5133; baseline 0.006 -27"><span class='ocrx_word' id='word_1_739' title='bbox 91 5052 430 5123; x_wconf 80' lang='grc' dir='ltr'>ἐξέστησαν,</span> <span class='ocrx_word' id='word_1_740' title='bbox 484 5053 974 5126; x_wconf 80' lang='grc' dir='ltr'>ἐξεθαμὸήθησαν,</span> <span class='ocrx_word' id='word_1_741' title='bbox 1009 5057 1104 5110; x_wconf 69' lang='lat' dir='ltr'><strong>stat</strong></span> <span class='ocrx_word' id='word_1_742' title='bbox 1147 5058 1378 5130; x_wconf 75' lang='grc' dir='ltr'>ήρξαντο</span> <span class='ocrx_word' id='word_1_743' title='bbox 1425 5061 1554 5133; x_wconf 74' lang='grc' dir='ltr'>βοᾷν</span> <span class='ocrx_word' id='word_1_744' title='bbox 1590 5079 1654 5116; x_wconf 87' lang='grc' dir='ltr'><strong>κα</strong></span> 
     </span>
    </p>
   </div>
   <div class='ocr_carea' id='block_1_105' title="bbox 1800 5052 3366 5133">
    <p class='ocr_par' dir='ltr' id='par_1_105' title="bbox 1800 5052 3366 5132">
     <span class='ocr_line' id='line_1_105' title="bbox 1800 5052 3366 5132; baseline -0.008 -14"><span class='ocrx_word' id='word_1_745' title='bbox 1800 5060 2087 5132; x_wconf 84' lang='lat' dir='ltr'><strong>conspicua</strong></span> <span class='ocrx_word' id='word_1_746' title='bbox 2113 5065 2430 5122; x_wconf 90' lang='lat' dir='ltr'><strong>cernerent,</strong></span> <span class='ocrx_word' id='word_1_747' title='bbox 2477 5055 2854 5112; x_wconf 88' lang='lat' dir='ltr'><strong>vehementius</strong></span> <span class='ocrx_word' id='word_1_748' title='bbox 2888 5052 3140 5108; x_wconf 90' lang='lat' dir='ltr'><strong>admirati</strong></span> <span class='ocrx_word' id='word_1_749' title='bbox 3174 5053 3366 5108; x_wconf 85' lang='lat' dir='ltr'><strong>obstu-</strong></span> 
     </span>
    </p>
   </div>
   <div class='ocr_carea' id='block_1_106' title="bbox 91 5145 1682 5225">
    <p class='ocr_par' dir='ltr' id='par_1_106' title="bbox 91 5145 1682 5225">
     <span class='ocr_line' id='line_1_106' title="bbox 91 5145 1682 5225; baseline 0.006 -27"><span class='ocrx_word' id='word_1_750' title='bbox 91 5145 279 5211; x_wconf 70' lang='grc' dir='ltr'>Λέγειν</span> <span class='ocrx_word' id='word_1_751' title='bbox 299 5161 312 5174; x_wconf 91' lang='grc'><strong>·</strong></span> <span class='ocrx_word' id='word_1_752' title='bbox 351 5145 613 5201; x_wconf 79' lang='grc' dir='ltr'>Ὡσαννὰ</span> <span class='ocrx_word' id='word_1_753' title='bbox 637 5146 707 5199; x_wconf 80' lang='grc' dir='ltr'><strong>ἐν</strong></span> <span class='ocrx_word' id='word_1_754' title='bbox 735 5146 861 5214; x_wconf 83' lang='grc' dir='ltr'>τοῖς</span> <span class='ocrx_word' id='word_1_755' title='bbox 882 5148 1183 5217; x_wconf 70' lang='grc' dir='ltr'>ὑψίστοις.</span> <span class='ocrx_word' id='word_1_756' title='bbox 1217 5152 1327 5223; x_wconf 83' lang='grc' dir='ltr'>Οὐχ</span> <span class='ocrx_word' id='word_1_757' title='bbox 1356 5151 1432 5216; x_wconf 82' lang='grc' dir='ltr'>ὡς</span> <span class='ocrx_word' id='word_1_758' title='bbox 1458 5170 1682 5225; x_wconf 86' lang='grc' dir='ltr'>σημειο-</span> 
     </span>
    </p>
   </div>
   <div class='ocr_carea' id='block_1_107' title="bbox 1791 5147 3364 5226">
    <p class='ocr_par' dir='ltr' id='par_1_107' title="bbox 1791 5147 3364 5226">
     <span class='ocr_line' id='line_1_107' title="bbox 1791 5147 3364 5226; baseline -0.005 -15"><span class='ocrx_word' id='word_1_759' title='bbox 1791 5161 2050 5226; x_wconf 90' lang='lat' dir='ltr'><strong>puerunt,</strong></span> <span class='ocrx_word' id='word_1_760' title='bbox 2080 5161 2474 5224; x_wconf 71' lang='lat' dir='ltr'><strong>cmperuutque</strong></span> <span class='ocrx_word' id='word_1_761' title='bbox 2497 5153 2735 5208; x_wconf 87' lang='lat' dir='ltr'><strong>clamare</strong></span> <span class='ocrx_word' id='word_1_762' title='bbox 2762 5166 2825 5206; x_wconf 91' lang='lat' dir='ltr'><strong>ac</strong></span> <span class='ocrx_word' id='word_1_763' title='bbox 2850 5149 3033 5206; x_wconf 90' lang='lat' dir='ltr'><strong>dicere</strong></span> <span class='ocrx_word' id='word_1_764' title='bbox 3062 5168 3075 5204; x_wconf 91' lang='lat'><strong>:</strong></span> <span class='ocrx_word' id='word_1_765' title='bbox 3106 5147 3364 5203; x_wconf 78' lang='lat' dir='ltr'><strong>Hosanna</strong></span> 
     </span>
    </p>
   </div>
   <div class='ocr_carea' id='block_1_108' title="bbox 89 5233 1654 5314">
    <p class='ocr_par' dir='ltr' id='par_1_108' title="bbox 89 5233 1654 5314">
     <span class='ocr_line' id='line_1_108' title="bbox 89 5233 1654 5314; baseline 0.009 -28"><span class='ocrx_word' id='word_1_766' title='bbox 89 5236 266 5307; x_wconf 78' lang='grc' dir='ltr'>φόρον</span> <span class='ocrx_word' id='word_1_767' title='bbox 302 5233 359 5287; x_wconf 83' lang='grc' dir='ltr'>δὲ</span> <span class='ocrx_word' id='word_1_768' title='bbox 398 5235 558 5306; x_wconf 84' lang='grc' dir='ltr'>μόνον</span> <span class='ocrx_word' id='word_1_769' title='bbox 604 5236 872 5309; x_wconf 75' lang='grc' dir='ltr'>ἐπῄνουν,</span> <span class='ocrx_word' id='word_1_770' title='bbox 899 5238 1039 5293; x_wconf 89' lang='grc' dir='ltr'><strong>ἀλλά</strong></span> <span class='ocrx_word' id='word_1_771' title='bbox 1084 5243 1178 5295; x_wconf 74' lang='grc' dir='ltr'>καὶ</span> <span class='ocrx_word' id='word_1_772' title='bbox 1213 5242 1289 5307; x_wconf 86' lang='grc' dir='ltr'><strong>ὡς</strong></span> <span class='ocrx_word' id='word_1_773' title='bbox 1337 5241 1558 5314; x_wconf 81' lang='grc' dir='ltr'>βασιλέα</span> <span class='ocrx_word' id='word_1_774' title='bbox 1601 5245 1654 5300; x_wconf 84' lang='grc' dir='ltr'>ὅτ</span> 
     </span>
    </p>
   </div>
   <div class='ocr_carea' id='block_1_109' title="bbox 1800 5233 3360 5314">
    <p class='ocr_par' dir='ltr' id='par_1_109' title="bbox 1800 5244 3360 5308">
     <span class='ocr_line' id='line_1_109' title="bbox 1800 5244 3360 5308; baseline -0.006 -6"><span class='ocrx_word' id='word_1_775' title='bbox 1800 5249 1844 5302; x_wconf 83' lang='lat' dir='ltr'><strong>in</strong></span> <span class='ocrx_word' id='word_1_776' title='bbox 1897 5248 2175 5304; x_wconf 83' lang='lat' dir='ltr'><strong>altissimis</strong></span> <span class='ocrx_word' id='word_1_777' title='bbox 2216 5246 2282 5300; x_wconf 76' lang='lat'><strong>&quot;.</strong></span> <span class='ocrx_word' id='word_1_778' title='bbox 2318 5245 2490 5304; x_wconf 89' lang='lat' dir='ltr'><strong>Porro</strong></span> <span class='ocrx_word' id='word_1_779' title='bbox 2528 5244 2845 5308; x_wconf 88' lang='lat' dir='ltr'><strong>laudabant,</strong></span> <span class='ocrx_word' id='word_1_780' title='bbox 2882 5258 2994 5299; x_wconf 90' lang='lat' dir='ltr'><strong>non</strong></span> <span class='ocrx_word' id='word_1_781' title='bbox 3036 5249 3096 5296; x_wconf 87' lang='lat' dir='ltr'><strong>ut</strong></span> <span class='ocrx_word' id='word_1_782' title='bbox 3148 5248 3360 5294; x_wconf 81' lang='lat' dir='ltr'><strong>tantum</strong></span> 
     </span>
    </p>
   </div>
   <div class='ocr_carea' id='block_1_110' title="bbox 91 5325 1682 5403">
    <p class='ocr_par' dir='ltr' id='par_1_110' title="bbox 91 5325 1682 5403">
     <span class='ocr_line' id='line_1_110' title="bbox 91 5325 1682 5403; baseline 0.008 -23"><span class='ocrx_word' id='word_1_783' title='bbox 91 5325 490 5399; x_wconf 61' lang='grc' dir='ltr'>ᾐχμαλώτευσε</span> <span class='ocrx_word' id='word_1_784' title='bbox 521 5330 703 5384; x_wconf 80' lang='grc' dir='ltr'>πᾶσαν</span> <span class='ocrx_word' id='word_1_785' title='bbox 729 5329 827 5403; x_wconf 80' lang='grc' dir='ltr'>τὴν</span> <span class='ocrx_word' id='word_1_786' title='bbox 857 5332 952 5386; x_wconf 81' lang='grc' dir='ltr'><strong>ἀπ’</strong></span> <span class='ocrx_word' id='word_1_787' title='bbox 979 5332 1178 5399; x_wconf 74' lang='grc' dir='ltr'>αἰῶνος</span> <span class='ocrx_word' id='word_1_788' title='bbox 1219 5335 1325 5389; x_wconf 82' lang='grc' dir='ltr'><strong>ὑπὸ</strong></span> <span class='ocrx_word' id='word_1_789' title='bbox 1364 5337 1458 5392; x_wconf 88' lang='grc' dir='ltr'><strong>τοῦ</strong></span> <span class='ocrx_word' id='word_1_790' title='bbox 1498 5337 1682 5393; x_wconf 76' lang='grc' dir='ltr'>διαϐό-</span> 
     </span>
    </p>
   </div>
   <div class='ocr_carea' id='block_1_111' title="bbox 164 5522 1654 5601">
    <p class='ocr_par' dir='ltr' id='par_1_111' title="bbox 164 5522 1654 5601">
     <span class='ocr_line' id='line_1_111' title="bbox 164 5522 1654 5601; baseline 0.011 -23"><span class='ocrx_word' id='word_1_791' title='bbox 164 5526 210 5558; x_wconf 78' lang='grc'><strong>⁸⁷</strong></span> <span class='ocrx_word' id='word_1_792' title='bbox 249 5522 412 5581; x_wconf 80' lang='lat' dir='ltr'><strong>Joan.</strong></span> <span class='ocrx_word' id='word_1_793' title='bbox 450 5541 578 5601; x_wconf 63' lang='grc' dir='ltr'><strong>Δξιι,</strong></span> <span class='ocrx_word' id='word_1_794' title='bbox 611 5527 736 5601; x_wconf 19' lang='grc' dir='ltr'><strong>ΠΗ).</strong></span> <span class='ocrx_word' id='word_1_795' title='bbox 811 5530 854 5562; x_wconf 75' lang='grc'><strong>⁸⁸</strong></span> <span class='ocrx_word' id='word_1_796' title='bbox 895 5529 1092 5601; x_wconf 89' lang='lat' dir='ltr'><strong>Ephes.</strong></span> <span class='ocrx_word' id='word_1_797' title='bbox 1132 5548 1190 5587; x_wconf 88' lang='lat' dir='ltr'><strong>Ill</strong></span> <span class='ocrx_word' id='word_1_798' title='bbox 1216 5571 1232 5598; x_wconf 90' lang='lat'><strong>,</strong></span> <span class='ocrx_word' id='word_1_799' title='bbox 1272 5534 1360 5589; x_wconf 77' lang='lat'><strong>10.</strong></span> <span class='ocrx_word' id='word_1_800' title='bbox 1437 5537 1480 5569; x_wconf 84' lang='lat'>&quot;</span> <span class='ocrx_word' id='word_1_801' title='bbox 1522 5538 1654 5595; x_wconf 88' lang='lat' dir='ltr'><strong>ibid.</strong></span> 
     </span>
    </p>
   </div>
   <div class='ocr_carea' id='block_1_112' title="bbox 1793 5333 3359 5412">
    <p class='ocr_par' dir='ltr' id='par_1_112' title="bbox 1793 5333 3359 5412">
     <span class='ocr_line' id='line_1_112' title="bbox 1793 5333 3359 5412; baseline -0.006 -15"><span class='ocrx_word' id='word_1_802' title='bbox 1793 5339 2138 5412; x_wconf 81' lang='lat' dir='ltr'><strong>signiferum,</strong></span> <span class='ocrx_word' id='word_1_803' title='bbox 2196 5337 2292 5396; x_wconf 87' lang='lat' dir='ltr'><strong>sed</strong></span> <span class='ocrx_word' id='word_1_804' title='bbox 2341 5346 2402 5394; x_wconf 90' lang='lat' dir='ltr'><strong>ut</strong></span> <span class='ocrx_word' id='word_1_805' title='bbox 2451 5338 2615 5394; x_wconf 91' lang='lat' dir='ltr'><strong>etiam</strong></span> <span class='ocrx_word' id='word_1_806' title='bbox 2669 5351 2892 5408; x_wconf 85' lang='lat' dir='ltr'><strong>regem;</strong></span> <span class='ocrx_word' id='word_1_807' title='bbox 2954 5333 3102 5407; x_wconf 78' lang='lat' dir='ltr'><strong>quod</strong></span> <span class='ocrx_word' id='word_1_808' title='bbox 3142 5346 3359 5389; x_wconf 84' lang='lat' dir='ltr'><strong>omnem</strong></span> 
     </span>
    </p>
   </div>
   <div class='ocr_carea' id='block_1_113' title="bbox 1755 5537 3354 5607">
    <p class='ocr_par' dir='ltr' id='par_1_113' title="bbox 1755 5537 3354 5607">
     <span class='ocr_line' id='line_1_113' title="bbox 1755 5537 3354 5607; baseline -0.002 -11"><span class='ocrx_word' id='word_1_809' title='bbox 1755 5541 1800 5574; x_wconf 80' lang='lat'><strong>’°</strong></span> <span class='ocrx_word' id='word_1_810' title='bbox 1838 5541 1972 5598; x_wconf 90' lang='lat' dir='ltr'><strong>Luc.</strong></span> <span class='ocrx_word' id='word_1_811' title='bbox 2007 5558 2115 5604; x_wconf 85' lang='lat' dir='ltr'><strong>vn.</strong></span> <span class='ocrx_word' id='word_1_812' title='bbox 2153 5541 2242 5598; x_wconf 81' lang='lat' dir='ltr'><strong>ll.</strong></span> <span class='ocrx_word' id='word_1_813' title='bbox 2317 5542 2361 5573; x_wconf 76' lang='grc' dir='ltr'>’ί</span> <span class='ocrx_word' id='word_1_814' title='bbox 2403 5539 2594 5597; x_wconf 85' lang='lat' dir='ltr'><strong>Matth.</strong></span> <span class='ocrx_word' id='word_1_815' title='bbox 2649 5557 2700 5596; x_wconf 68' lang='grc' dir='ltr'>ις</span> <span class='ocrx_word' id='word_1_816' title='bbox 2726 5581 2740 5605; x_wconf 90' lang='grc'><strong>,</strong></span> <span class='ocrx_word' id='word_1_817' title='bbox 2779 5540 2889 5607; x_wconf 78' lang='lat' dir='ltr'><strong>i8;</strong></span> <span class='ocrx_word' id='word_1_818' title='bbox 2942 5537 3109 5601; x_wconf 80' lang='lat' dir='ltr'><strong>Marc.</strong></span> <span class='ocrx_word' id='word_1_819' title='bbox 3153 5557 3207 5607; x_wconf 78' lang='grc' dir='ltr'><strong>ν,</strong></span> <span class='ocrx_word' id='word_1_820' title='bbox 3239 5538 3354 5604; x_wconf 68' lang='lat'><strong>22&#39;,</strong></span> 
     </span>
    </p>
   </div>
   <div class='ocr_carea' id='block_1_114' title="bbox 87 5596 1654 5677">
    <p class='ocr_par' dir='ltr' id='par_1_114' title="bbox 87 5596 1638 5676">
     <span class='ocr_line' id='line_1_114' title="bbox 87 5596 1638 5676; baseline 0.007 -23"><span class='ocrx_word' id='word_1_821' title='bbox 87 5596 229 5654; x_wconf 84' lang='lat' dir='ltr'><strong>Luc.</strong></span> <span class='ocrx_word' id='word_1_822' title='bbox 271 5611 402 5662; x_wconf 85' lang='lat' dir='ltr'><strong>vm,</strong></span> <span class='ocrx_word' id='word_1_823' title='bbox 437 5596 528 5652; x_wconf 64' lang='grc' dir='ltr'><strong>ΛΞ.</strong></span> <span class='ocrx_word' id='word_1_824' title='bbox 604 5600 647 5631; x_wconf 70' lang='grc' dir='ltr'>η</span> <span class='ocrx_word' id='word_1_825' title='bbox 689 5598 885 5656; x_wconf 83' lang='lat' dir='ltr'><strong>Matth.</strong></span> <span class='ocrx_word' id='word_1_826' title='bbox 923 5596 1053 5671; x_wconf 58' lang='grc' dir='ltr'>(ιιι,</span> <span class='ocrx_word' id='word_1_827' title='bbox 1090 5603 1141 5659; x_wconf 81' lang='grc'>5.</span> <span class='ocrx_word' id='word_1_828' title='bbox 1217 5596 1268 5638; x_wconf 58' lang='grc' dir='ltr'>ῖ³</span> <span class='ocrx_word' id='word_1_829' title='bbox 1308 5605 1348 5662; x_wconf 89' lang='grc' dir='ltr'><strong>ΙΙ</strong></span> <span class='ocrx_word' id='word_1_830' title='bbox 1384 5604 1526 5664; x_wconf 83' lang='lat' dir='ltr'><strong>Tim.</strong></span> <span class='ocrx_word' id='word_1_831' title='bbox 1565 5627 1638 5676; x_wconf 87' lang='grc' dir='ltr'><strong>ιι,</strong></span> 
     </span>
    </p>
   </div>
   <div class='ocr_carea' id='block_1_115' title="bbox 1800 5596 2368 5677">
    <p class='ocr_par' dir='ltr' id='par_1_115' title="bbox 1846 5596 2368 5677">
     <span class='ocr_line' id='line_1_115' title="bbox 1846 5596 2368 5677; baseline 0 -11"><span class='ocrx_word' id='word_1_832' title='bbox 1846 5611 1890 5644; x_wconf 72' lang='grc'><strong>’⁵</strong></span> <span class='ocrx_word' id='word_1_833' title='bbox 1931 5596 2115 5668; x_wconf 69' lang='lat' dir='ltr'><strong>Matth.</strong></span> <span class='ocrx_word' id='word_1_834' title='bbox 2153 5596 2276 5677; x_wconf 75' lang='lat' dir='ltr'><strong>xxi,</strong></span> <span class='ocrx_word' id='word_1_835' title='bbox 2315 5612 2368 5667; x_wconf 90' lang='lat'><strong>9.</strong></span> 
     </span>
    </p>
   </div>
   <div class='ocr_carea' id='block_1_116' title="bbox 155 5754 873 5828">
    <p class='ocr_par' dir='ltr' id='par_1_116' title="bbox 155 5754 873 5828">
     <span class='ocr_line' id='line_1_116' title="bbox 155 5754 873 5828; baseline 0.007 -19"><span class='ocrx_word' id='word_1_836' title='bbox 155 5754 278 5828; x_wconf 87' lang='lat'><strong>(7|)</strong></span> <span class='ocrx_word' id='word_1_837' title='bbox 315 5755 433 5825; x_wconf 75' lang='grc' dir='ltr'><strong>Τὴν</strong></span> <span class='ocrx_word' id='word_1_838' title='bbox 459 5756 546 5826; x_wconf 76' lang='grc' dir='ltr'>ἔγ.</span> <span class='ocrx_word' id='word_1_839' title='bbox 581 5754 740 5813; x_wconf 83' lang='lat' dir='ltr'><strong>Deest</strong></span> <span class='ocrx_word' id='word_1_840' title='bbox 768 5757 873 5814; x_wconf 88' lang='grc' dir='ltr'>δια.</span> 
     </span>
    </p>
   </div>
  </div>
