3792 6150
409 293 541 354 1237

1547 303 1683 360 TiTi
1729 306 2165 365 BOSTRENSIS
2204 311 2531 369 EPISCOPI.

3544 321 3677 378 1268

408 427 574 481 quam
630 427 660 466 a
715 415 916 475 saeculo
979 415 1230 476 diabolus
1290 435 1551 492 morsque
1611 426 1983 496 captivitatem

2123 449 2181 483 ου
2213 433 2305 485 καὶ
2333 432 2426 484 τοῦ
2452 432 2683 486 θανάτου
2708 433 3239 504 αἰχμαλωτισθεῖσαν
3267 436 3673 507 αἰχμαλωσίαν.

410 506 712 576 subiectam
747 508 1088 576 habuissent,
1125 511 1240 582 ipse
1270 516 1600 585 captivasset
1623 519 1690 571 ".
1718 518 1814 575 His
1838 521 1985 576 enim

411 613 477 652 ac
507 599 780 656 similibus
814 601 882 657 de
916 604 1121 669 causis,
1155 621 1279 660 eum
1302 606 1472 662 divini
1505 609 1783 681 prophetae
1805 627 1986 684 regem

411 691 729 766 pradicant.

486 780 572 837 Ill.
620 780 760 854 Quia
803 798 966 852 porro
1014 783 1225 857 prarl'ati
1264 790 1541 858 propheta:
1580 793 1820 846 convivat
1861 800 1988 847 sunt

413 874 769 931 rationalium
827 876 1188 942 animorum;
1246 894 1309 932 ac
1363 882 1506 936 sicut
1561 899 1777 940 menses
1822 885 1986 939 annui

412 965 578 1036 spatii
627 965 836 1020 circulo
873 983 968 1042 per
1006 978 1191 1037 partes
1240 969 1477 1030 humana
1525 988 1753 1046 corpora
1789 977 1985 1043 alunt,

413 1059 490 1112 ita
523 1065 575 1111 et
605 1056 664 1120 ii,
708 1071 809 1111 nos
847 1073 1065 1127 quoque
1099 1075 1195 1128 per
1241 1071 1444 1130 partes,
1483 1078 1579 1118 seu
1608 1071 1788 1136 potius
1833 1081 1984 1120 com-

412 1149 657 1202 muniter
695 1149 986 1204 instructis
1024 1151 1224 1222 epulis,
1262 1150 1392 1207 dum
1432 1155 1650 1209 interim
1696 1155 1830 1214 festa
1875 1159 1989 1228 agi-

413 1252 558 1304 mus,
589 1255 685 1294 seu
729 1241 893 1297 etiam
928 1241 1148 1312 ubique,
1186 1242 1424 1298 lidclium
1471 1247 1624 1300 alunt
1671 1249 1882 1303 animos
1925 1265 1987 1303 ac

413 1329 618 1386 divinis
649 1331 919 1390 doctrinis
949 1335 1292 1392 Christianos
1323 1338 1615 1394 inebriant.
1649 1339 1804 1409 juxta
1842 1341 1986 1410 quod

412 1436 602 1477 eorum
655 1424 854 1494 aliquis
916 1426 1050 1480 dicit
1105 1449 1119 1482 :
1180 1427 1592 1483 Inebriabuntur
1643 1432 1708 1484 ab
1751 1431 1990 1488 ubertate

412 1514 603 1567 domus
655 1523 760 1568 tute
811 1517 878 1570 “.
929 1516 1142 1582 Venite,
1213 1521 1520 1584 audiamus,
1576 1532 1629 1576 et
1687 1523 1990 1578 narrabunt

412 1604 574 1659 nobis
611 1621 805 1661 omnes
843 1608 937 1678 qui
979 1608 1212 1680 diligunt
1243 1627 1468 1682 regnum
1498 1611 1615 1676 Dei,
1647 1614 1776 1683 quid
1814 1615 1882 1668 de
1924 1629 1990 1670 eo

2092 524 2320 576 Ἕνεκεν
2349 524 2549 577 τούτων
2574 525 2668 577 καὶ
2701 524 2810 577 τῶν
2841 526 3096 581 τοιούτων
3128 528 3351 584 βασιλέα
3380 529 3551 582 αὐτὸν
3576 548 3677 583 κτι-

2091 614 2376 686 ρύττουσιν
2409 617 2459 668 οι
2491 615 2624 668 θεῖοι
2664 617 2957 686 προφῆται.

2175 800 2389 871 Ἐπειδὴ
2419 800 2475 852 δὲ
2515 801 2564 852 οἱ
2607 800 2992 872 προειρημένοι
3037 801 3313 871 προφῆται
3360 801 3680 873 ἑστιάτορες

2088 891 2198 943 τῶν
2229 891 2461 960 λογικῶν
2496 893 2800 964 ὑπάρχουσι
2829 907 2843 921 ⁸
2896 891 2992 944 καὶ
3032 890 3220 963 ῶσπερ
3274 894 3323 946 al
3374 896 3553 964 μῆνες
3589 892 3680 944 τοῦ

2093 983 2336 1036 ἐνιαυτοῦ
2387 984 2526 1037 κατὰ
2572 984 2734 1055 μέρος
2777 985 3034 1055 τρέφουσι
3083 985 3150 1039 τὰ
3195 984 3522 1056 ἀνθρώπινα
3581 984 3684 1037 σώ-

2095 1095 2259 1152 ματα,
2293 1075 2464 1141 οὕτως
2502 1079 2597 1131 καὶ
2641 1073 2784 1132 οὗτοι
2848 1079 2988 1132 κατὰ
3025 1079 3187 1149 μέρος
3232 1079 3423 1150 ἡμᾶς,
3476 1077 3683 1148 μᾶλλον

2092 1168 2285 1232 κοινῶς
2327 1169 2585 1240 τρέφουσι
2630 1170 2769 1222 κατὰ
2817 1170 3036 1241 ἑορτὴν,
3073 1170 3106 1240 ἢ
3161 1170 3256 1223 καὶ
3301 1170 3544 1222 πάντοτε
3586 1169 3685 1231 τὰς

2089 1261 2265 1331 ψυχὰς
2297 1261 2410 1314 τῶν
2452 1261 2680 1326 πιστῶν,
2711 1263 2805 1316 καὶ
2847 1262 3174 1333 μεθύσκουσι
3204 1266 3322 1325 ταῖς
3353 1262 3578 1324 Θεῖκαίς
3612 1262 3689 1313 δι-

2089 1352 2406 1416 δασκαλίαις
2445 1355 2841 1425 Χριστιανοὺς,
2896 1356 3076 1420 καθώς
3115 1374 3216 1409 που
3259 1351 3338 1419 εἷς
3382 1355 3443 1421 ἐξ
3497 1356 3686 1409 αὐτῶν

2092 1461 2260 1514 φησι·
2307 1446 2804 1512 Μεθυσθήσονται
2837 1449 2954 1503 ἀπὸ
3002 1451 3281 1516 πιότητος
3317 1448 3497 1501 οῖκου
3541 1463 3684 1501 σου.

2090 1538 2254 1591 Δεῦτε
2297 1538 2648 1610 ἀκούσωμεν,
2683 1541 2778 1592 καὶ
2819 1540 3164 1611 διηγήσονται
3210 1542 3340 1611 ἡμῖν
3389 1542 3606 1603 πάντες
3639 1542 3688 1592 οἱ

2091 1629 2414 1698 ἀγαπῶντες
2456 1631 2556 1701 τὴν
2591 1630 2864 1700 βασιλείαν
2908 1631 3004 1685 τοῦ
3045 1631 3214 1696 Θεοῦ,
3245 1631 3298 1684 τί
3336 1632 3468 1702 περὶ
3510 1631 3689 1702 αὐτῆς

413 1695 704 1771 prophetet
743 1712 976 1769 magnus
1025 1699 1343 1767 Zacharias,
1391 1703 1664 1774 gloriosus
1711 1705 1801 1759 ille
1849 1707 1990 1760 inter

2123 1695 2223 1791 Ἡμῐν
2267 1695 2602 1794 προφητεύει
2633 1725 2660 1776 6
2726 1724 2897 1794 μέγας
2946 1723 3259 1794 Ζαχαρίας,
3300 1724 3328 1775 6
3371 1695 3595 1787 ἔνδοξος
3631 1695 3687 1776 έν

412 1791 726 1861 prophetas.
768 1791 1140 1865 Intelligamus
1187 1795 1316 1866 quid
1365 1795 1525 1852 fausti
1589 1799 1765 1852 nuntii
1813 1813 1992 1868 prreco

2123 1791 2737 1885 προφήταιςίΣυνίωμεν
2759 1816 2788 1868 6
2812 1791 3006 1886 νκῆρυξ
3027 1791 3461 1882 τεύαγγελίξεται
3486 1855 3503 1879 ,
3554 1832 3687 1883 προ-

416 1880 585 1947 ferat,
636 1881 826 1940 multis
877 1884 1095 1938 saeculis
1149 1899 1494 1960 prmcurrens
1535 1901 1724 1956 regno.
1772 1885 1987 1952 Venite,

415 1979 579 2042 atque
611 1980 671 2026 ut
708 1974 948 2028 conviva:
993 1977 1312 2040 rationales,
1353 1976 1599 2032 fruamur
1639 1980 1821 2036 verbis
1861 1996 1990 2051 pro-

415 2066 741 2121 cedentibus
783 2066 850 2122 de
903 2083 998 2123 ore
1046 2067 1160 2136 Dei,
1210 2086 1307 2140 per
1359 2071 1661 2142 spiritalem
1706 2073 1989 2126 convivam

415 2155 734 2212 Zachariam
768 2176 785 2227 ;
829 2160 915 2214 cui
946 2161 1218 2231 obtigerit,
1259 2169 1316 2215 ut
1347 2163 1462 2217 suis
1505 2179 1606 2218 nos
1642 2165 1817 2233 epulis
1847 2162 1988 2219 festa

417 2248 520 2304 hac
560 2250 682 2305 luce
715 2251 1032 2321 exciperet;
1067 2254 1528 2323 quemadmodum
1572 2256 1646 2310 ait
1678 2255 1942 2310 Dominus
1976 2273 1990 2310 :

417 2337 543 2394 Non
585 2341 642 2395 in
685 2341 799 2396 solo
844 2360 980 2413 pane
1019 2345 1148 2398 vivet
1203 2345 1378 2412 homo,
1420 2345 1510 2401 sed
1551 2348 1604 2400 in
1649 2349 1790 2400 omni
1841 2348 1993 2400 verbo

415 2431 556 2500 quod
601 2435 838 2502 procedit
880 2434 944 2490 de
985 2452 1074 2491 ore
1130 2436 1229 2491 Dei
1267 2439 1331 2491 ⁸⁷.
1380 2435 1514 2491 Nam
1565 2440 1696 2508 quia
1750 2439 1996 2495 homines

415 2525 696 2582 tristitiam
737 2528 990 2596 oderunt,
1034 2539 1220 2582 amant
1255 2545 1384 2585 vero
1448 2531 1705 2600 gaudium
1736 2572 1752 2595 ,
1807 2531 1989 2606 incipit

419 2633 450 2672 a
505 2619 704 2687 gaudio
759 2620 1036 2686 clamare,
1087 2619 1276 2675 dicens
1335 2639 1348 2675 :
1413 2619 1596 2674 Gaude
1657 2619 1994 2684 vehementer,

420 2712 538 2781 ﬁlia
583 2710 734 2766 Sion.
779 2710 964 2766 Gaude
1006 2713 1354 2776 vehementer,
1396 2712 1657 2765 inclamat
1696 2711 1997 2780 captivitati

423 2804 690 2876 propheta
743 2805 812 2858 ".
871 2804 916 2859 0
979 2802 1208 2858 altitudo
1267 2803 1575 2857 divitiarum
1629 2803 1902 2871 sapientiae
1948 2810 1997 2856 et

418 2896 652 2957 scientia:
683 2895 782 2950 Dei
811 2895 878 2948 ”.
910 2895 1275 2962 Quamobrem
1317 2895 1536 2966 gaude?
1569 2903 1623 2950 et
1644 2895 1998 2965 quamobrem

424 2985 747 3038 vehementer
798 2985 1071 3040 delectare
1118 2995 1173 3041 et
1221 2985 1434 3056 gaude?
1508 2984 1647 3050 Quia
1707 2985 1855 3038 venit
1905 2983 2000 3054 qui

421 3083 701 3130 convertat
744 3084 818 3142 te,
866 3075 1012 3130 sicut
1057 3077 1185 3130 olim
1233 3077 1483 3145 praedixit
1523 3062 1674 3146 pater
1713 3073 1874 3145 Regis
1906 3075 1998 3144 qui

422 3168 690 3223 col-vertit
720 3175 773 3223 te
805 3187 818 3222 :
858 3167 926 3222 In
961 3168 1304 3222 convertenda
1349 3167 1602 3222 Dominus
1641 3167 1998 3236 captivitatem

423 3259 575 3324 Sion,
623 3260 756 3330 [acti
799 3277 981 3315 sumus
1031 3261 1165 3314 sicut
1210 3261 1469 3314 consolati
1509 3274 1527 3313 :
1567 3268 1687 3313 tunc
1743 3258 1998 3328 repletum

421 3358 500 3404 est
536 3351 730 3422 gaudio
769 3369 826 3405 os
885 3363 1144 3420 nostrum,
1197 3363 1248 3406 et
1293 3353 1475 3422 lingua
1525 3362 1717 3422 nostra,
1760 3351 2000 3404 exsulta-

425 3421 565 3497 tione
597 3442 665 3496 ³ο.
699 3439 907 3506 Gaude,
942 3442 1141 3513 inquit,
1173 3444 1319 3497 velut
1350 3421 1685 3512 pestliminio
1708 3421 1936 3495 orcversa
1967 3452 1998 3492 a

423 3534 742 3605 captivitate
771 3536 1078 3600 daemonum
1112 3543 1165 3590 et
1192 3535 1377 3590 saeculi
1412 3534 1575 3602 hujus
1612 3540 1902 3602 potestate,
1931 3529 1998 3582 ad

423 3627 702 3686 caelestem
739 3627 886 3689 illam
914 3625 1214 3682 Jerusalem
1234 3667 1248 3690 ,
1294 3642 1456 3697 quam
1488 3641 1638 3696 pater
1670 3633 1795 3678 tuus
1824 3622 1997 3676 Abra—

424 3719 552 3773 ham
569 3721 940 3790 exspectabat,
960 3719 1034 3772 uti
1054 3718 1129 3771 ait
1148 3717 1380 3786 quodam
1408 3717 1526 3769 loco
1551 3715 1739 3770 beatus
1760 3712 1960 3766 Paulus
1984 3728 1997 3764 :

437 3811 540 3865 Vos
581 3820 755 3864 autem
789 3811 1087 3864 accessistis
1119 3809 1187 3862 ad
1225 3808 1354 3864 Sion
1394 3820 1619 3870 montem
1653 3816 1703 3860 et
1741 3807 2002 3860 civitatem

427 3902 526 3956 Dei
562 3903 810 3968 viventis,
838 3901 1136 3956 Jerusalem
1168 3903 1423 3955 cwlestem
1469 3910 1517 3954 et
1558 3899 1843 3952 multorum
1883 3899 2005 3951 mil-

430 3997 561 4056 lium
588 3995 891 4066 angelorum
923 3994 1273 4065 frequentiam
1293 4034 1308 4058 ,
1333 4005 1382 4047 et
1415 3992 1687 4049 ecclesiam
1713 3990 2005 4061 primitiua-

429 4103 548 4172 rqm
579 4089 669 4159 qui
698 4090 985 4156 conscripti
1013 4097 1136 4142 sunt
1167 4089 1219 4140 in
1252 4087 1395 4140 cwlis
1415 4125 1430 4151 ,
1476 4095 1526 4140 et
1559 4085 1794 4154 judicem
1841 4083 2005 4136 Deum

430 4178 600 4232 vivum
619 4221 634 4245 ,
660 4188 709 4233 et
735 4180 955 4248 spiritus
976 4178 1244 4248 justorum
1273 4178 1624 4247 perfectornm
1649 4177 1714 4229 ³¹.
1751 4173 1896 4228 Unde
1921 4175 2008 4243 [u-

427 4271 502 4341 git
555 4269 725 4334 dolor,
768 4271 1006 4341 [tristitia
1049 4279 1097 4323 et
1161 4271 1384 4339 gemitus
1436 4270 1480 4300 ³²
1528 4286 1541 4320 :
1593 4265 1697 4320 Ubi
1745 4267 2008 4332 iustorum

429 4363 662 4420 omnium
682 4363 974 4416 lwtantium
990 4361 1248 4415 habitatio
1276 4370 1352 4417 est
1377 4361 1440 4413 ³³.
1465 4358 1621 4413 Tunc
1655 4358 1925 4412 delectare
1955 4363 2010 4411 et

2088 1905 2301 1976 τρέχων
2354 1906 2454 1976 τῆς
2510 1905 2784 1975 βασιλείας
2842 1906 2950 1978 πρὸ
3000 1905 3210 1959 πολλῶν
3273 1905 3383 1958 τῶν
3441 1906 3681 1976 χρόνων.

2089 1999 2276 2065 Δεῦτε,
2311 1999 2738 2070 ἀπολαύσωμεν,
2764 1999 2840 2062 ὼς
2881 1998 3086 2067 λογικοὶ
3109 1997 3431 2068 δαιτύμονες
3449 2037 3464 2059 ,
3497 1999 3573 2050 τὰ
3601 1997 3687 2051 διὰ

2092 2097 2358 2166 στόματος
2389 2094 2523 2148 Θεοῦ
2569 2095 2973 2166 ἐκπορευόμενα
3015 2096 3233 2164 ῥήματα
3269 2092 3358 2145 διὰ
3386 2092 3484 2145 τοῦ
3523 2110 3688 2145 πνευ-

2095 2187 2322 2258 ματικοῦ
2353 2187 2661 2258 ἑστιάτορος
2681 2188 2946 2257 Ζαχαρίου
2968 2204 2980 2216 ·
3001 2187 3148 2255 αὐτῷ
3164 2187 3271 2255 γὰρ
3299 2186 3460 2254 ἔλαχε
3485 2185 3684 2254 θρέψαι

2092 2281 2238 2350 ἡμᾶς
2268 2281 2324 2331 ὲν
2350 2281 2418 2349 τῇ
2447 2281 2605 2350 ἑορτῇ
2636 2277 2834 2349 ταύτῃ·
2866 2276 3046 2340 καθώς
3079 2294 3240 2347 φησιν
3271 2279 3300 2328 ὁ
3326 2277 3539 2344 Κύριος
3561 2317 3578 2340 ,
3604 2278 3684 2329 ὅτι

2098 2374 2218 2425 Οὐκ
2249 2372 2340 2424 ἐπ’
2366 2369 2520 2436 ἄρτῳ
2547 2370 2714 2438 μόνῳ
2751 2368 2987 2434 ζήσεται
3029 2366 3370 2436 ἅνθρωπος,
3413 2369 3559 2421 ἀλλ’
3583 2367 3684 2420 ἐπι

2095 2467 2272 2521 παντὶ
2316 2468 2530 2534 ῥήματι
2561 2464 3009 2534 ἐκπορευομένῳ
3047 2463 3145 2518 διὰ
3170 2464 3468 2533 στόματος
3506 2462 3681 2518 Θεοῦ.

2107 2556 2323 2626 Ἐπειδὴ
2364 2555 2475 2627 γὰρ
2517 2557 2550 2626 ἡ
2595 2554 2738 2624 λύπη
2778 2555 2927 2626 παρὰ
2970 2556 3083 2616 τοῖς
3122 2552 3429 2624 ἀνθρώποις
3472 2553 3682 2623 μισητὴ

2094 2648 2393 2718 τυγχάνει,
2435 2645 2643 2717 ποθητὴ
2683 2646 2740 2698 δὲ
2777 2648 2811 2717 ὴ
2856 2646 3002 2716 χαρᾶ
3027 2664 3038 2677 ⁸
3083 2646 3192 2700 ἀπὸ
3235 2648 3408 2717 χαρᾶς
3449 2649 3683 2717 ἄρχεται

2099 2739 2228 2810 βοᾷν
2260 2739 2463 2808 λέγων·
2496 2737 2672 2806 Χαῖρε
2711 2737 2966 2806 σφόδρα,
3003 2738 3253 2806 θύγατερ
3288 2738 3456 2791 Σιών.
3503 2738 3685 2805 Χαῖρε

2099 2828 2356 2899 σφόδρα,
2388 2828 2485 2900 βοᾷ
2516 2830 2544 2882 6
2579 2829 2862 2902 προφήτης
2897 2829 3032 2898 πρὸς
3061 2828 3159 2899 τὴν
3189 2828 3586 2899 αἰχμαλωσίαν.
3611 2829 3679 2880 Ὠ

2094 2921 2286 2986 βάθος
2325 2921 2592 2976 πλούτου
2636 2919 2734 2972 καὶ
2771 2920 2992 2988 σοφίας
3031 2919 3131 2972 καὶ
3175 2919 3444 2988 γνώσεως
3483 2918 3685 2973 Θεοῦέ

2101 3012 2200 3065 Διὰ
2223 3012 2276 3065 τὶ
2304 3012 2502 3081 zai'ps;
2540 3011 2633 3065 καὶ
2656 3009 2745 3064 διὰ
2766 3011 2817 3064 τί
2851 3011 3085 3080 σφόδρα
3106 3012 3308 3082 τέρπου
3331 3011 3425 3063 καὶ
3456 3010 3690 3081 εὐφραί-

2026 3133 2068 3191 C
2103 3119 2228 3167 νου;
2259 3101 2381 3154 Ὅτι
2423 3102 2549 3172 ἥκει
2601 3103 2629 3154 6
2675 3100 3017 3171 ἐπιστρέφων
3078 3117 3136 3153 σε
3163 3140 3178 3163 ,
3247 3099 3429 3162 καθὼς
3479 3116 3689 3169 προαν-

2100 3191 2379 3263 εφώνησεν
2411 3193 2439 3244 ὁ
2476 3191 2664 3263 Πατὴρ
2713 3191 2808 3244 τοῦ
2848 3191 3266 3262 ἐπιστρέφοντος
3309 3209 3366 3244 σε
3412 3191 3691 3260 βασιλέως

2097 3285 2302 3354 λέγων·
2353 3287 2453 3338 Ἐν
2496 3283 2576 3350 τῷ
2629 3283 2986 3352 ἐπιστρέψαι
3033 3285 3253 3352 Κύριον
3297 3284 3411 3350 τὴν
3462 3286 3689 3352 αἰχμα-

2097 3378 2329 3432 λωσίαν
2392 3376 2545 3430 Σιὼν
2571 3414 2585 3438 ,
2638 3373 3006 3443 ἐγενήθημεν
3085 3375 3166 3440 ὡς
3239 3371 3692 3443 πορακεκλημέ,

2097 3484 2223 3523 νοι’
2257 3467 2390 3521 τότε
2437 3466 2714 3534 ἐπλήσθη
2762 3467 2952 3534 χαρᾶς
2997 3465 3064 3524 τὸ
3111 3469 3304 3534 στόμα
3338 3463 3506 3534 ἡμῶν
3528 3505 3548 3531 ,
3582 3467 3690 3521 και

2099 3561 2138 3628 ἡ
2199 3558 2451 3628 γλῶσσα
2508 3556 2678 3626 ἡμῶν
2739 3558 3172 3625 ἀγαλλιάσεως.
3234 3559 3438 3627 Χαῖρε,
3489 3561 3688 3628 φησὶν,

2099 3651 2184 3704 ὅτι
2236 3650 2590 3720 ύπεστράφης
2641 3651 2706 3702 ὲκ
2751 3652 2851 3721 τῆς
2895 3650 3268 3721 αἰχμαλωσίας
3326 3650 3434 3703 τῶν
3489 3650 3692 3720 δαιμό-

2101 3762 2230 3806 νων,
2266 3743 2361 3796 ttat
2391 3743 2456 3796 ἐκ
2480 3742 2577 3812 τῆς
2608 3741 2856 3805 ἐξουσίας
2889 3742 2982 3794 τοῦ
3015 3741 3208 3805 αἰῶνος
3235 3742 3442 3804 τούτου,
3474 3745 3558 3806 εἰς
3585 3745 3692 3814 τὴν

2102 3837 2214 3890 ἄνω
2250 3833 2626 3904 Ἰερουσαλὴμ,
2653 3834 2718 3904 ἢν
2734 3833 3005 3903 ἐξεδέχετο
3026 3835 3054 3886 6
3082 3836 3262 3905 πατήρ
3285 3851 3377 3886 σου
3406 3835 3687 3906 Ἀϐραὰμ,

2104 3924 2285 3988 καθώς
2333 3941 2434 3976 που
2480 3927 2508 3978 6
2553 3926 2820 3996 μακάριος
2864 3925 3074 3988 Παῦλος
3130 3942 3325 3994 φησιν·
3377 3925 3582 3994 ’Υμεῖς
3621 3926 3687 3980 δὲ

2105 4015 2600 4083 προσεληλύθατε
2629 4019 2783 4069 Σιων
2811 4015 2931 4083 ὄρει
2958 4016 3056 4068 καὶ
3081 4018 3254 4069 πόλει
3271 4016 3417 4068 Θεοῦ
3449 4016 3686 4081 ζῶντος,

2120 4104 2510 4174 Ἰερουσαλὴμ
2544 4106 2898 4173 ἐπουρανίῳ,
2947 4110 3047 4158 καὶ
3089 4104 3374 4173 μυριάσιν
3416 4106 3686 4174 ἀγγέλων

2109 4196 2456 4265 πανηγύρει,
2485 4195 2584 4248 καὶ
2607 4195 2905 4261 ἐκκλησία
2919 4197 3307 4262 πρωτοτόκων
3329 4195 3686 4276 (istm-8333a};-

2106 4286 2305 4354 μένων
2331 4285 2402 4338 ἐν
2429 4284 2555 4350 τοῖς
2585 4284 2882 4352 οὐρανοῖς,
2919 4285 3019 4338 καὶ
3048 4281 3216 4351 κριτῇ
3240 4283 3358 4348 Θεῷ
3382 4281 3572 4346 ζῶντι,
3593 4283 3686 4336 καὶ

2111 4378 2413 4446 πνεύμασι
2450 4375 2696 4429 δικαίων
2749 4376 3245 4445 τετελειωμένων·
3274 4373 3412 4428 ὅθεν
3461 4373 3686 4442 ἀπέδρα

425 4453 731 4524 jucuntlare
761 4463 817 4509 et
846 4455 1021 4533 gaude
1045 4454 1396 4509 vehementer
1428 4451 1537 4506 lilia
1557 4491 1572 4515 ,
1610 4452 1772 4520 hujus
1799 4450 1993 4520 utique

2123 4466 2322 4532 ἐδύνη,
2353 4466 2518 4532 λύπη
2547 4465 2645 4518 καὶ
2683 4466 3049 4534 στεναγμός·
3105 4463 3250 4518 ἔνθα
3285 4462 3532 4516 πάντων
3575 4462 3686 4514 τῶν

433 4545 585 4601 Sion.
612 4546 724 4602 Cur
749 4562 900 4613 vero,
927 4547 1142 4616 inquit,
1169 4546 1515 4600 vehementer
1535 4543 1800 4614 gaudebo,
1825 4556 1858 4595 ο
1882 4556 2010 4611 pro-

430 4639 636 4708 pheta?
667 4637 885 4704 Gaude,
919 4642 1048 4709 quia
1075 4653 1183 4693 non
1216 4638 1360 4692 ultra
1394 4618 1678 4691 doloribus
1713 4634 1822 4689 illis
1856 4620 2013 4686 man-

432 4735 663 4805 cipanda
695 4736 773 4791 sis
802 4755 815 4790 :
842 4735 1158 4790 vehementer
1213 4744 1394 4788 autem
1416 4773 1431 4797 ,
1466 4748 1530 4786 eo
1565 4730 1711 4803 quod
1748 4730 2012 4784 liberator

433 4836 564 4889 tuus
595 4829 738 4884 haud
773 4830 972 4884 habeat
1017 4830 1094 4883 uti
1129 4828 1414 4896 alii.reges
1435 4867 1448 4892 ,
1481 4826 1576 4882 sed
1620 4827 1692 4882 sit
1725 4841 1820 4880 rex
1850 4833 2009 4888 aeter-

433 4939 574 4987 nus,
603 4933 657 4978 et
679 4925 836 4994 cujus
863 4941 1091 4995 regnum
1119 4933 1380 4980 aeternum
1409 4926 1517 4988 sit,
1549 4921 2008 4996 quemadmodum

436 5013 512 5067 ait
550 5014 769 5078 Gabriel
812 5015 1038 5085 angelus
1086 5013 1154 5067 ad
1197 5012 1318 5084 ejus
1358 5021 1586 5068 matrem
1635 5028 1700 5066 ac
1741 5012 2008 5082 virginem

2114 4557 2361 4610 δικαίων
2403 4554 2885 4624 εὐφραινομένων
2931 4554 3101 4608 ἐστὶν
3139 4555 3176 4623 ἡ
3229 4556 3519 4607 κατοικία.
3560 4553 3685 4607 Τότε

2113 4648 2312 4720 τέρπου
2351 4647 2446 4707 καὶ
2483 4647 2795 4718 εὐφραίνου,
2830 4647 2922 4699 καὶ
2959 4649 3112 4717 χαῖρε
3159 4645 3381 4716 σφόδρα,
3431 4644 3685 4713 θύγατερ,

2113 4737 2318 4808 ταύτης
2345 4737 2444 4806 τῆς
2483 4735 2652 4798 Σιὼν,
2691 4735 2865 4805 δῆλον.
2905 4737 3014 4789 Καὶ
3051 4736 3138 4788 διὰ
3174 4736 3225 4788 τί
3273 4751 3443 4804 φησι,
3484 4736 3686 4806 Σφόδρα

2114 4829 2307 4900 χαίρω,
2332 4821 2376 4884 ὦ
2397 4827 2676 4900 προφῆτα;
2711 4825 2905 4895 Χαῖρε,
2949 4827 3081 4880 διότι
3110 4827 3290 4880 οὐκέτι
3317 4827 3529 4882 ὀδύναις
3549 4828 3686 4881 ὲκεί-

2115 4939 2232 4985 ναις
2283 4919 2732 4991 αἰχμαλωτεύσῃ·
2782 4919 3017 4988 σφόδρα
3067 4919 3154 4984 δὲ,
3204 4919 3338 4973 διότι
3376 4920 3478 4990 οὐχ
3530 4919 3605 4982 ὡς
3642 4919 3686 4970 οἱ

2111 5011 2290 5064 λοιποὶ
2323 5011 2579 5081 βασιλεῖς,
2613 5009 2784 5072 οὕτως
2811 5012 2839 5063 ὁ
2871 5010 3128 5082 ῥυόμενός
3159 5028 3217 5063 σε
3238 5028 3251 5040 ·
3283 5011 3419 5063 ἀλλὰ
3447 5011 3685 5080 βασιλεὺς

436 5105 702 5172 Mariam;
751 5105 820 5159 Et
859 5107 1004 5176 regni
1045 5106 1159 5176 ejus
1208 5123 1312 5159 non
1354 5106 1454 5160 erit
1499 5106 1622 5175 ﬁnis
1657 5105 1739 5160 ’δε
1775 5119 1839 5158 ac
1872 5106 1986 5158 sicu

2123 5103 2354 5165 αἰώνιος,
2390 5103 2484 5155 καὶ
2510 5101 2701 5154 αἱωνία
2738 5099 2902 5160 αὑτοῦ
2941 5101 2974 5170 ἡ
3006 5099 3283 5169 βασιλεία,
3318 5098 3503 5162 καθώς
3531 5115 3687 5170 φησιν

437 5200 558 5270 ejus
605 5214 833 5270 regnum
875 5207 1142 5254 aeternum
1196 5205 1314 5262 est,
1357 5197 1436 5252 ita
1478 5198 1628 5253 salus
1670 5205 1765 5251 tua
1809 5203 2014 5250 aeterna

439 5291 564 5348 erit.
594 5289 824 5361 Propter
853 5291 956 5344 hoc
985 5305 1146 5361 ergo,
1172 5287 1354 5343 Gaude
1379 5289 1737 5352 vehementer;
1761 5287 2014 5357 prazdica,

2118 5196 2147 5245 6
2178 5192 2406 5260 ἄγγελος
2434 5190 2676 5262 Γαϐριὴλ
2708 5193 2843 5262 πρὸς
2869 5191 2964 5260 τὴν
2995 5189 3205 5261 μητέρα
3239 5188 3402 5243 αὐτοῦ
3437 5190 3531 5242 καὶ
3559 5206 3686 5260 παρ-

2121 5283 2271 5336 θένον
2315 5281 2548 5358 Μαριάμ
2569 5299 2580 5311 ·
2634 5281 2741 5335 Καὶ
2776 5281 2886 5348 τῆς
2910 5281 3234 5346 ,ϐασιλείας
3263 5280 3452 5334 αὐτοῦ
3490 5281 3598 5334 οὐκ
3633 5279 3684 5333 έ-

442 5385 560 5454 ﬁlia
595 5382 746 5440 Sion.
780 5383 921 5449 Quid
961 5383 1268 5454 praedicabo
1290 5425 1306 5451 ,
1350 5399 1383 5437 ο
1430 5381 1742 5453 propheta?
1773 5378 1993 5435 Prazdic:

2123 5391 2260 5430 σται
2291 5375 2485 5441 τέλοςο
2522 5374 2616 5427 καὶ
2641 5372 2821 5428 καθὼς
2849 5373 3041 5426 αίωνία
3066 5371 3230 5426 αὐτοῦ
3259 5375 3292 5442 ἡ
3326 5371 3592 5441 βασιλεία,
3606 5371 3684 5426 οὔ·

514 5593 562 5626 “
601 5592 747 5647 Psal.
781 5609 962 5654 vau,
999 5593 1108 5654 19;
1157 5592 1354 5654 Ephes.
1395 5607 1469 5654 tv,
1507 5592 1560 5644 8.
1638 5591 1684 5624 "
1720 5588 1866 5643 Psal.
1905 5604 1993 5648 xxi

2123 5585 2156 5639 ι.
2233 5585 2278 5616 ³⁷
2319 5581 2510 5647 Matth,
2540 5599 2643 5654 tv,_
2663 5581 2733 5654 4.7
2793 5582 2837 5613 ’⁸
2877 5580 3040 5642 zach.
3066 5595 3130 5654 ξιτ
3155 5621 3169 5648 ,
3196 5580 3258 5654 79.

945 5632 962 5656 ,
999 5610 1108 5656 ινς
1161 5610 1354 5662 ιρηρε.
1395 5610 1469 5654 IV,
1507 5610 1560 5644 δ.
1639 5610 1684 5624 ⁸·
1723 5610 1866 5643 rsat.
1905 5610 2068 5648 XXXV.
2105 5610 2156 5644 υ.
2236 5610 2272 5616 "
2322 5610 2510 5647 manu!
2551 5610 2620 5643 nt.
2663 5610 2716 5634 φ.
2795 5610 2834 5613 --
2878 5610 3040 5642 mutu.
3080 5610 3113 5635 In

948 5680 1035 5727 xv,
1073 5664 1132 5727 l,
1171 5665 1222 5718 2.
1303 5665 1342 5694 ³¹
1387 5663 1549 5723 Hebr.
1589 5677 1701 5726 xu,
1732 5660 1832 5727 ἥ,
1862 5657 1952 5719 25.
2029 5658 2072 5690 "
2113 5656 2215 5713 Isa.
2251 5669 2336 5723 LI,
2373 5654 2457 5709 lt.
2533 5653 2576 5684 ³³
2615 5652 2758 5708 Psal.
2798 5668 3026 5718 Lxxxvt,
3064 5651 3113 5709 7.

448 5661 535 5716 53.
612 5664 656 5698 ”
696 5661 842 5724 Psal.
875 5677 1035 5729 cxxv,
1073 5664 1132 5727 l,
1171 5661 1222 5718 2.

3335 5584 3382 5617 ”
3417 5578 3577 5654 Rom.
3610 5597 3687 5654 xl,

3191 5653 3237 5684 ”
3275 5651 3411 5708 Luc.
3454 5669 3505 5718 ι,
3539 5653 3623 5707 35.
