3792 6150
160 315 301 374 ηθθ

158 447 273 496 τως
324 426 521 484 αιωνία
574 442 668 479 σου
717 423 752 496 ἡ
805 418 1067 492 σωτηρία.

160 521 434 593 σφόδρα·
475 518 752 590 κήρυττε,
803 517 1055 586 θύγατερ
1096 505 1516 580 Ἰερουσαλήμ.
1560 502 1626 556 Τί
1657 519 1758 573 κη·-

166 614 336 688 ρύξω,
367 606 414 668 ὦ
437 611 727 686 προφῆτας
757 611 1009 681 Κήρυττε
1036 604 1116 676 τῷ
1142 602 1352 675 βασιλεῖ
1375 619 1491 667 σου,
1518 596 1595 669 τῷ
1623 611 1758 651 κατ-

166 707 378 763 ελθόντι
407 705 518 761 ἀπὸ
560 704 671 759 τῶν
714 699 1026 773 ὑψωμάτων
1054 698 1151 752 τοῦ
1189 692 1421 770 οὐρανοῦ
1453 689 1627 745 σῶσαί
1674 704 1756 750 σε,

166 798 546 871 εὐχαριστίαν,
559 793 888 863 δοξολογίαν,
908 789 1254 863 ὑμνολοτίαν.
1267 789 1523 859 Κήρυττε
1550 784 1762 838 Ὠσαν-

166 893 251 946 rd
280 892 351 945 ἐν
378 889 502 957 τοῖς
516 890 822 959 ὑψίστοις,
844 885 966 940 ὅθεν
983 883 1315 955 παρεγένετο
1336 876 1507 933 σῶσαί
1530 892 1589 929 σε
1608 891 1623 906 ο
1647 873 1763 927 Εὑ-

166 982 507 1055 λογημένος
548 984 581 1036 ὀ
622 980 949 1050 ἐρχόμενος
976 977 1047 1030 ἐν
1081 966 1340 1043 ὀνόματί
1367 969 1608 1038 Κυρίου.
1652 964 1764 1019 Καὶ

171 1076 366 1130 σκόπει
386 1092 474 1147 μοι
490 1073 580 1127 τὸν
598 1069 1012 1141 εὑαγγελιστὴν,
1040 1065 1159 1130 πῶς
1176 1061 1397 1118 διπλοῦν
1413 1060 1505 1115 τὸν
1529 1056 1764 1131 Χριστὸν

169 1166 454 1240 κηρύττει.
477 1164 567 1218 Ἐν
594 1162 672 1235 τῷ
694 1161 804 1235 γὰρ
829 1159 1032 1228 λέγειν,
1079 1156 1344 1212 Ὡσαννὰ
1372 1153 1442 1207 ἐν
1475 1150 1601 1217 τοῖς
1625 1148 1766 1218 ὑψί-

169 1239 368 1327 στοις,
411 1258 512 1331 τὴν
539 1255 751 1327 ὑψηλὴν
792 1256 893 1326 τῆς
933 1250 1186 1321 θεότητος
1223 1245 1384 1317 φύσιν
1412 1243 1596 1316 δηλοῖ*
1630 1243 1687 1295 ὲν
1710 1239 1768 1294 δὲ

172 1351 257 1421 τῷ
277 1350 460 1418 λέγειν
482 1365 496 1381 ·
518 1343 950 1416 Εὐλογημένος
993 1343 1026 1397 ὁ
1057 1341 1381 1412 ἐρχόμενος
1418 1337 1489 1392 ἐν
1526 1337 1770 1405 ὀνόματι

173 1441 424 1510 Κυρίου,
444 1438 544 1511 τὴν
578 1436 680 1509 τῆς
705 1435 1124 1509 ἀνθρωπότητος
1149 1431 1338 1488 οὐσίαν
1385 1427 1641 1502 σημαίνει
1659 1445 1672 1457 ·
1707 1426 1770 1481 τὸ

173 1531 543 1604 εὐλογημένον
570 1529 812 1604 σπέρμα,
831 1527 861 1582 ὃ
890 1525 1157 1599 εὐλογήθη
1193 1526 1223 1579 ὁ
1263 1521 1627 1594 εὐλογημένος
1642 1517 1768 1572 ’Δὸ-

178 1622 354 1694 ραὰμ,
380 1624 438 1676 ἐν
467 1619 547 1693 τῷ
585 1620 863 1692 σπέρματι
893 1616 1059 1672 αὑτοῦ
1089 1614 1446 1687 εὐλοηθῆναι
1485 1611 1665 1665 πάντα
1701 1607 1772 1663 τὰ

176 1715 314 1789 ἔθνη
336 1716 435 1789 τῆς
452 1714 578 1786 γῆς·
606 1709 1020 1782 Εὐλογνυιένη,
1045 1708 1231 1781 φησιν,
1261 1708 1303 1776 ὴ
1327 1703 1623 1777 ἐρχομένη
1652 1701 1770 1767 βα-

177 1810 388 1866 σιλεία
405 1807 513 1863 τοῦ
542 1805 768 1875 πατρὸς
795 1802 966 1874 ἡμῶν
989 1799 1191 1857 Δαϐίδ.

276 1921 644 1992 Δναλάδωμεν
669 1917 833 1973 πάλιν
872 1915 973 1988 τὴν
1009 1913 1193 1987 φωνὴν
1222 1912 1321 1985 τὴν
1354 1910 1645 1985 προτέραν,
1680 1907 1775 1961 καὶ

182 2012 380 2087 ὥσπερ
413 2010 618 2084 μασθὸν
650 2006 987 2079 προφητικὸν
1013 2005 1359 2075 ὲκπιέσωμεν
1383 2020 1395 2032 ·
1424 2001 1506 2054 ἔτι
1537 2000 1647 2072 γὰρ
1663 1997 1775 2069 ἔχει

182 2105 483 2174 γάλακτος.
507 2102 646 2176 Φησὶ
673 2101 783 2175 γάρ
799 2118 814 2132 ·
841 2100 1019 2170 Χαῖρε
1046 2098 1302 2169 σφόδρα,
1329 2095 1581 2165 θύγατερ
1604 2091 1771 2146 Σιών·

185 2195 487 2267 κήρυττε,
536 2194 790 2266 θύγατερ
832 2190 1249 2263 Ἰερουσαλήμ.
1278 2188 1391 2241 Καὶ
1430 2186 1573 2249 τίνος
1591 2184 1779 2237 ἕνεκεν

186 2289 446 2359 θύγατερ
474 2285 648 2351 Σιὼν,
690 2285 786 2339 καὶ
818 2285 879 2339 οὐ
912 2281 1086 2350 Σιὼν;
1140 2281 1236 2336 καὶ
1275 2280 1527 2349 θύγατερ
1566 2277 1780 2345 Ἰερου-

185 2380 425 2449 σαλὴμ,
454 2380 549 2434 καὶ
563 2378 625 2433 οὐ
654 2377 1045 2448 Ἰερουσαλήμ;
1110 2374 1352 2446 Πρόσεχε
1378 2368 1638 2434 συνετῶς,
1667 2385 1776 2422 πα-

191 2471 441 2546 ρακαλῶ.
487 2471 699 2540 Ὥσπερ
727 2470 838 2542 γὰρ
868 2468 937 2522 τὰ
964 2468 1206 2539 ὀνόματα
1243 2464 1351 2518 τῶν
1383 2461 1650 2533 βοτανῶν,
1685 2460 1781 2514 καὶ

188 2565 305 2619 τῶν
334 2562 617 2624 πετεινῶν.
645 2562 741 2616 καὶ
762 2560 868 2615 τῶν
890 2557 1255 2631 τετραπόδων,
1288 2556 1381 2609 καὶ
1422 2553 1531 2607 τῶν
1572 2550 1784 2623 ἀνθρώ⁴

189 2677 338 2724 πων,
369 2656 512 2711 κατὰ
537 2656 639 2729 τὴν
680 2652 943 2725 διαφορὰν
973 2651 1074 2722 τῆς
1111 2648 1325 2721 μορφῆς
1359 2647 1450 2702 καὶ
1490 2644 1592 2716 τῆς
1623 2642 1780 2698 δυνά-

192 2765 347 2820 μεως
371 2746 516 2801 οὕτω
543 2745 639 2799 καὶ
664 2744 726 2797 τὸ
752 2742 925 2813 ὄνομα
953 2741 1241 2810 κέκτηται,
1271 2737 1444 2801 οὕτως
1468 2736 1673 2805 ἑκάστη
1698 2751 1787 2787 κε-

195 2837 329 2909 ραία
376 2837 486 2890 τῶν
544 2833 702 2888 θείων
734 2831 932 2901 λογίων
968 2830 1106 2884 ίδίαν
1150 2828 1380 2898 δύναμιν
1425 2825 1522 2879 καὶ
1553 2823 1785 2897 Θεωρίαν

188 2928 483 2998 κέκτηται.
516 2922 724 2979 Οὐκοῦν
754 2924 1158 2996 ὲρευνήσωμεν,
1209 2919 1263 2972 τί
1307 2919 1507 2991 δήποτε
1555 2915 1654 2988 τὴν
1688 2914 1786 2969 νῦν

194 3018 399 3089 πιστὴν
436 3015 788 3090 Ἰερουσαλὴμ
821 3012 1037 3086 πρῶτον
1057 3011 1212 3066 καλεί
1247 3012 1276 3064 ὁ
1310 3008 1594 3082 προφήτης
1619 3005 1787 3075 θυγα-

1180 294 1441 355 ORATIO
1475 290 1544 348 IN
1589 284 1822 343 BAMOS
1859 276 2276 337 PALMARUM.

1116 416 1217 470 Διὰ
1259 414 1418 469 τοῦτο
1448 407 1541 467 οὖν
1579 406 1755 476 Χαῖρε

1948 400 1972 465 ;i
2001 406 2096 454 tuo
2115 439 2130 463 ,
2161 396 2257 468 qui
2289 391 2438 450 venit
2467 388 2536 446 de
2568 383 2801 444 excelsis
2833 382 3100 439 caelorum
3152 381 3212 431 ut
3242 377 3298 431 te
3329 372 3440 429 sal-

1799 1767 1845 1822 Β

3299 258 3441 316 1270

1862 502 1947 548 vet
1965 534 1980 558 ,
2010 460 2315 563 gratiarum
2341 484 2613 540 actionem
2632 518 2648 545 ,
2683 474 3139 550 gloriﬁcationem
3160 509 3177 534 ,
3215 460 3440 522 laudum

1858 555 2098 640 cantica.
2128 578 2374 634 Praedica
2409 573 2673 630 Hosanna
2702 570 2758 623 in
2795 563 3077 621 altissimis
3103 561 3183 627 ³³,
3217 557 3365 613 unde
3395 555 3444 610 is

1859 684 1915 732 te
1969 674 2284 731 salvaturus
2314 667 2535 723 advenit
2559 682 2575 718 :
2626 657 2945 717 Benedictus
2971 654 3061 726 qui
3092 651 3228 707 venit
3258 648 3314 703 in
3341 664 3444 701 no-

1860 768 1999 822 mine
2028 763 2246 820 Domini
2276 761 2344 816 ³⁸.
2376 757 2461 813 Tu
2510 768 2641 811 vero
2670 750 2803 806 mihi
2834 745 3226 817 evangelistam
3263 737 3447 797 consi-

1861 857 2026 920 dera,
2080 862 2141 908 ut
2190 850 2465 923 duplicem
2521 843 2804 902 Christum
2856 836 3143 911 praedicet.
3206 828 3450 886 Dicendo

1862 950 2008 1006 enim
2037 990 2054 1016 ,
2090 946 2350 1015 ﬂosanna
2395 943 2453 996 in
2497 936 2811 998 altissimis,
2862 930 3151 989 sublimem
3193 933 3449 980 naturam

1864 1011 2175 1096 divinitatis
2201 1031 2445 1090 ostendit
2471 1047 2487 1099 ;
2511 1025 2748 1084 dicendo
2772 1029 2954 1079 autem
2981 1040 2995 1075 :
3021 1015 3337 1073 Benedictus
3362 1011 3453 1082 qui

1864 1133 2002 1189 venit
2034 1131 2090 1184 in
2124 1127 2334 1183 nomine
2370 1121 2618 1186 Domini,
2654 1114 3023 1176 substantiam
3058 1110 3312 1180 designat
3341 1104 3450 1159 hu-

1866 1222 2146 1279 manitatis
2171 1232 2414 1285 :semen,
2450 1215 2708 1285 inquam,
2746 1207 2880 1264 illud
2900 1202 3274 1266 benedictum,
3305 1196 3450 1269 quod

1867 1314 2192 1370 benedictus
2226 1307 2500 1365 Abraham
2536 1305 2597 1359 in
2633 1298 3066 1368 benedictionem
3109 1293 3352 1363 accepit,
3393 1295 3454 1340 ut

1868 1408 1925 1463 in
1956 1405 2167 1462 semine
2197 1403 2321 1473 ejus
2359 1398 2822 1456 benedicerentur
2867 1404 3061 1447 omnes
3099 1391 3294 1458 gentes
3343 1389 3457 1437 ter-

1869 1514 1946 1554 rae
1965 1498 2039 1553 ".
2061 1494 2406 1552 Benedictum
2429 1532 2443 1557 ,
2466 1490 2646 1562 inquit
2669 1529 2683 1555 ,
2712 1483 2850 1558 quod
2878 1485 3014 1539 venit
3043 1493 3261 1550 regnum
3283 1474 3454 1545 patris

1870 1589 2040 1646 nostri
2069 1584 2243 1641 Dauid
2271 1584 2339 1638 ³⁸.

1948 1892 2036 1948 ιν.
2064 1890 2432 1947 Resumamus
2460 1881 2696 1954 priorem
2722 1890 2911 1931 vocem
2934 1913 2950 1939 ,
2975 1885 3039 1926 ac
3062 1868 3209 1925 velut
3229 1861 3461 1937 prophe-

1875 1988 1986 2042 tica
2020 1985 2186 2040 ubera
2214 1978 2631 2051 exprimamus:
2667 1975 2869 2042 quippe
2902 1966 3081 2022 adhuc
3115 1965 3198 2017 lac
3234 1960 3459 2015 habent.

1877 2077 1969 2132 Ait
2002 2072 2306 2146 siquidem:
2340 2064 2523 2122 Gaude
2565 2061 2905 2123 vehementer,
2943 2055 3060 2126 ﬁlia
3104 2052 3279 2114 Sion;
3324 2064 3462 2119 prte-

1877 2160 2034 2233 dica,
2066 2140 2184 2235 ﬁlia
2211 2157 2535 2216 Jerusalem.
2576 2152 2852 2220 Quorsum
2901 2162 3035 2203 vero
3060 2185 3075 2209 ,
3128 2144 3249 2215 ﬁlia
3291 2140 3421 2198 Sion
3446 2178 3462 2202 ,

1881 2275 1990 2315 non
2025 2254 2201 2312 Sion?
2229 2252 2505 2321 Quorsum
2547 2246 2665 2316 ﬁlia
2704 2241 3005 2297 Jerusalem
3026 2279 3041 2303 ,
3092 2252 3203 2292 non
3234 2232 3462 2290 Jerusa-

1880 2350 2031 2408 lem?
2085 2347 2283 2415 Quaeso
2334 2338 2588 2396 attendas
2633 2334 2928 2404 sapienter.
2990 2322 3464 2395 Quemadmodum

1881 2444 2027 2500 enim
2057 2440 2209 2496 olera
2231 2477 2245 2502 ,
2279 2435 2569 2494 volucres,
2609 2422 2967 2499 quadrupcda
3002 2418 3261 2476 animalia
3298 2426 3464 2486 atque

1884 2534 2168 2596 homines,
2210 2543 2310 2601 pro
2353 2525 2506 2580 varia
2553 2520 2728 2575 forma
2771 2525 2937 2587 atque
2966 2514 3207 2572 virtute,
3241 2508 3347 2563 alia
3381 2512 3466 2561 at-

1884 2641 1993 2698 que
2032 2623 2139 2679 alia
2183 2625 2516 2690 acceperunt
2548 2612 2797 2673 nomina,
2854 2611 2935 2664 sic
2970 2621 3101 2663 sane
3148 2601 3351 2673 singuli
3383 2598 3468 2654 di-

1886 2721 2137 2774 vinorum
2174 2712 2516 2784 eloquiorum
2554 2705 2769 2777 apices,
2805 2702 3066 2756 virtutem
3098 2694 3371 2768 propriam
3406 2705 3469 2745 ac

1887 2826 2111 2877 sensum
2143 2806 2446 2879 spiritalem
2482 2801 2706 2855 habent.
2740 2798 3068 2851 Sel-utemur
3084 2807 3247 2861 ergo,
3277 2800 3472 2858 quam-

1886 2905 2077 2961 obrem
2107 2899 2371 2972 propheta
2392 2938 2408 2963 ,
2458 2893 2671 2972 ﬁdelem
2705 2887 3011 2946 Jerusalem
3034 2925 3050 2950 ,
3096 2883 3336 2956 primum
3372 2894 3471 2949 ap-

1890 2997 2054 3071 pellet
2106 2968 2271 3047 iiliam
2320 2989 2495 3053 Sion;
2531 2968 2877 3052 subindeque
2925 2978 3091 3033 ﬁliam
3141 2972 3469 3030 Jerusalem.

190 3065 536 3185 “:épa‘IJub;
572 3065 1146 3181 [uﬁpu‘grsfdtifarsp
1213 3065 1615 3174 'Iepobcdiﬁp'tj.
1651 3065 1775 3168 Φησῖ

1948 3104 2026 3143 am
2057 3086 2172 3140 ait:
2210 3080 2393 3138 Gaude
2423 3080 2771 3141 vehementer,
2802 3073 2921 3144 ﬁlia
2971 3070 3144 3133 Sion;
3193 3065 3427 3136 prwdica
3457 3101 3470 3127 ,

1948 3183 1972 3185 ’λ
2055 3178 2077 3185 -
2248 3178 2260 3185 ”
2403 3174 2458 3185 η·
2757 3168 2787 3185 ·-
2819 3182 2862 3185 Ἃ
2904 3165 3078 3185 μεμε-μ-
3134 3159 3258 3185 11......
3307 3172 3470 3185 κεν...

193 3202 339 3275 γάρ’
370 3201 545 3270 Χαῖρε
577 3198 834 3270 σφόδρα,
869 3198 1121 3268 θύγατερ
1146 3193 1298 3251 Σιών
1317 3212 1329 3224 ·
1377 3192 1650 3261 κήρυττε.
1688 3193 1783 3248 θύ-

194 3310 379 3365 γατερ
429 3290 832 3361 Ἰερουσαλήμ.
901 3287 1039 3343 Σιὼν
1106 3285 1462 3361 ἑρμηνεύεται
1521 3281 1779 3352 διψῶσα.

202 3388 366 3441 Ἐστι
392 3385 450 3440 δὲ
479 3383 618 3456 αὕτη
643 3388 677 3455 ἡ
713 3382 1005 3454 συναγωγὴ
1041 3381 1150 3434 τῶν
1184 3380 1408 3433 δικαίων
1441 3377 1537 3431 καὶ
1572 3393 1787 3448 προφη-

195 3478 349 3534 τῶνο
369 3478 480 3531 τῶν
503 3477 596 3531 ἀπ’
619 3476 814 3540 αἰῶνος
855 3477 1016 3548 μέχρι
1047 3474 1146 3545 τῆς
1180 3469 1415 3544 Χριστοῦ
1446 3468 1783 3540 παρουσίας·

196 3570 533 3642 διψήσαντες
581 3568 845 3639 ὲνωθῆναι
876 3566 972 3621 καὶ
1018 3563 1385 3637 εὐαρεστῆσαι
1424 3563 1491 3633 τῇ
1541 3559 1662 3631 θείᾳ
1695 3558 1790 3613 καὶ

202 3664 555 3737 προσκυνητῇ
597 3662 755 3734 οὐσίᾳ
782 3660 882 3730 τῆς
918 3656 1190 3727 θεότητος,
1218 3652 1400 3717 καθώς
1440 3668 1603 3723 φησιν
1639 3651 1668 3703 ὁ
1701 3665 1792 3703 κο-

207 3759 438 3830 ρυφαῖος
459 3755 567 3809 τῶν
591 3751 906 3809 ἀποστόλων
921 3751 1146 3823 Πέτρος⁸
1173 3750 1306 3801 Ἵνα
1323 3745 1609 3816 γένωνται
1629 3742 1793 3807 θείας

203 3848 483 3904 κοινωνοὶ
513 3847 774 3917 φύσεως.
796 3838 975 3907 Οὗτοι,
1007 3840 1298 3912 ζητοῦντες
1324 3838 1416 3891 τὸν
1446 3834 1680 3904 Χριστὸν
1696 3835 1792 3887 καὶ

200 3941 488 4012 διψῶντες,
521 3937 826 4010 ἐκλήθησαν
859 3933 1020 4002 Σιὼν,
1050 3931 1232 3995 καθὼς
1256 3927 1335 3994 εἷς
1371 3928 1431 3994 ἐξ
1468 3925 1647 3981 αὐτῶν
1678 3924 1794 3979 ἔλε-

202 4048 343 4103 γεν’
388 4029 783 4100 Ἐδίψησενη
809 4027 979 4097 ψυχή
993 4044 1111 4095 μου
1139 4025 1288 4094 πρὸς
1331 4021 1438 4076 τὸν
1487 4019 1637 4074 Θεὸν
1686 4018 1795 4072 τὸν

206 4125 466 4198 ἰσχυρὸν
512 4125 622 4179 τὸν
652 4121 855 4185 ζῶντα.
892 4122 1059 4173 Ὅταν
1103 4118 1161 4171 δὲ
1203 4116 1462 4186 ἐπέτυχον
1501 4113 1593 4167 καὶ¹
1642 4113 1795 4183 ἤγγι-

209 4234 334 4279 σαν,
360 4215 559 4289 μᾶλλον
583 4214 640 4268 δὲ
673 4212 965 4283 ὤφθησαν
1005 4209 1101 4264 καὶ
1135 4207 1479 4276 ἐθεώρησαν
1510 4206 1578 4261 τὸ
1608 4205 1799 4274 πρόσο-

156 4372 167 4383 _
206 4321 377 4364 ωπον
395 4306 584 4380 αὐτοῦ
602 4323 616 4339 ⁸
633 4303 777 4359 οὕτω
802 4304 912 4376 γὰρ
943 4303 1093 4372 λέγει
1114 4301 1276 4371 ἑτέρα
1296 4298 1524 4362 ἔκδοσις·
1550 4297 1799 4366 ἐγένοντο

220 4399 598 4473 Ἰερουσαλὴμ,
630 4399 864 4471 ὁρῶντες
887 4395 1040 4458 Θεὸν,
1064 4394 1158 4448 καὶ
1199 4393 1593 4462 σκοπευτηριον
1618 4390 1799 4461 πάσης

1894 3183 2010 3253 ﬁlia
2041 3178 2364 3234 Jerusalem.
2402 3174 2537 3228 Sion
2571 3168 2865 3241 exponitur
2896 3165 3100 3220 sitiens.
3133 3159 3261 3214 Haec
3307 3172 3473 3229 porro

1885 3250 2162 3345 iustorum
2196 3285 2260 3323 ac
2287 3266 2677 3340 prophetarum
2704 3256 3056 3330 congregatio
3083 3259 3200 3316 est,
3232 3251 3324 3322 qui
3359 3250 3476 3304 fue-

1890 3342 2021 3423 runt
2045 3381 2073 3420 a
2107 3360 2309 3419 saeculo
2340 3373 2514 3428 usque
2544 3355 2611 3410 ad
2642 3353 2848 3409 Christi
2884 3349 3175 3403 adventum
3205 3363 3218 3398 :
3255 3342 3349 3414 qui
3385 3342 3437 3396 ni
3459 3371 3472 3382 -

1890 3456 2092 3511 mirum
2129 3449 2272 3506 nniri
2307 3448 2600 3511 sitierunt,
2634 3456 2699 3498 ac
2745 3440 2963 3511 placere
2999 3436 3196 3492 divinae
3241 3434 3474 3486 adoran-

1889 3547 2084 3617 daeque
2128 3537 2436 3597 divinitatis
2478 3530 2840 3595 substantiae,
2889 3523 3352 3596 quemadmodum
3397 3519 3475 3572 ait

1888 3614 2086 3694 Petrus
2115 3631 2487 3705 apostolorum
2515 3625 2805 3697 princeps:
2841 3618 2909 3673 Ut
2931 3618 3123 3672 divinae
3147 3614 3478 3684 eﬂicermtur

1891 3738 2159 3787 consortes
2194 3734 2401 3780 natura:
2433 3720 2500 3774 ³⁸.
2536 3717 2602 3772 Hi
2631 3757 2647 3782 ,
2695 3710 2963 3784 inquam,
2997 3708 3278 3763 Christum
3330 3719 3480 3774 quae-

1892 3828 2079 3879 rentes
2128 3833 2192 3872 ac
2246 3814 2498 3871 sitientes
2545 3804 2800 3878 appellati
2847 3809 2978 3858 sunt
3008 3797 3181 3858 Sion,
3216 3793 3481 3865 quemad-

1893 3913 2116 3970 modum
2154 3921 2348 3964 eorum
2397 3900 2599 3972 aliquis
2651 3898 2730 3951 ait
2762 3914 2777 3950 :
2814 3892 2993 3950 Sitivit
3043 3891 3227 3943 anima
3261 3902 3374 3941 mea
3408 3886 3478 3939 ad

1896 4006 2067 4061 Deum
2110 4001 2300 4072 fortem
2351 3996 2523 4050 vivum
2564 3991 2632 4044 ⁸ο.
2687 3987 2791 4043 Ubi
2828 3996 3010 4041 autem
3040 3982 3222 4052 adepti
3255 3987 3386 4035 sunt
3419 3993 3483 4031 ac

1897 4102 2289 4160 accesserunt,
2326 4105 2423 4145 seu
2466 4085 2650 4157 potius
2693 4080 2940 4137 uiderunt
2979 4093 3041 4130 ac
3082 4074 3308 4130 contuiti
3346 4079 3484 4131 sunt

1896 4193 2087 4263 faciem
2118 4186 2274 4258 ejus;
2306 4183 2387 4239 sic
2419 4180 2566 4236 enim
2601 4176 2767 4231 habet
2798 4173 2906 4227 alia
2935 4168 3146 4234 editio;
3184 4166 3316 4222 facti
3349 4172 3482 4221 sunt

1896 4257 2201 4340 Jerusalem
2236 4276 2406 4331 Deum
2439 4270 2690 4326 videntes
2712 4308 2727 4333 ,
2763 4281 2827 4321 ac
2861 4263 3031 4317 totius
3067 4257 3315 4336 scientia:
3357 4270 3485 4325 spe-

1900 4378 2046 4434 cula.
2081 4372 2258 4442 Hujus
2290 4379 2457 4438 porro
2492 4361 2626 4417 Sion
2659 4350 2825 4414 tiliam
2858 4362 3045 4417 vocat,
3080 4350 3268 4406 ﬁdeles
3293 4349 3349 4403 in
3381 4346 3489 4401 Do-

239 4437 598 4473 ιεγνυυιηημ,
630 4437 863 4471 Ἵππη,
890 4437 1040 4458 ww,
1066 4437 1158 4448 η...
1201 4437 1585 4462 -..-.----.η.,,-
1643 4437 1775 4461 ψη..

205 4496 313 4566 τῆς
345 4492 617 4562 γνώσεως.
640 4488 927 4560 Θυγατὲρα
963 4486 1022 4541 δὲ
1059 4484 1263 4555 ταύτης
1304 4482 1444 4537 Σιὼν
1474 4481 1632 4536 καλεῖ
1675 4481 1775 4535 τοὺς

1948 4470 2057 4523 lino
2103 4465 2198 4535 qui
2240 4459 2436 4516 sitiunt
2486 4470 2583 4526 per
2637 4451 2835 4513 tidem,
2887 4446 3091 4518 quique
3135 4437 3487 4510 exsequendo

2114 4558 2144 4566 ι·
2448 4556 2525 4566 η.-
2620 4543 2905 4566 η-...ε........
2956 4538 3008 4566 :n
3039 4536 3116 4566 ηερ
3153 4534 3486 4566 nnnulfnnnn

206 4585 303 4641 διὰ
329 4585 429 4655 τῆς
448 4583 683 4646 πίστεως
701 4580 989 4651 διψῶντας,
1020 4578 1116 4632 καὶ
1150 4576 1238 4630 διὰ
1270 4577 1367 4647 τῆς
1402 4574 1663 4647 ἐργασίας
1694 4573 1802 4627 τῶν

210 4675 442 4731 ἐντολῶν
484 4673 579 4728 τοῦ
628 4670 984 4740 Εὐαγγελίου,
1031 4666 1327 4739 ζητοῦντας
1368 4667 1549 4736 εὑρεῖν
1573 4665 1663 4717 τὸν
1696 4663 1805 4716 Κῦ-

215 4783 356 4838 ριον,
397 4765 489 4819 τὸν
539 4767 596 4818 ὲν
639 4765 824 4825 αὐτοῖς
855 4760 1259 4832 κεκρυμμένον,
1318 4756 1500 4821 καθώς
1555 4748 1803 4828 φησι⁰τὸ

211 4860 373 4928 ἅγιον
405 4857 660 4928 Πνεῦμα·
704 4855 865 4922 Αὕτη
904 4855 942 4922 ἡ
974 4853 1147 4923 γενεὰ
1184 4850 1518 4919 ζητούντων
1544 4849 1653 4901 τὸν
1680 4846 1800 4900 Κύ-

202 4968 365 5024 ριον,
412 4948 745 5019 ζητούντων
783 4945 851 5001 τὸ
888 4946 1213 5016 πρόσωπον
1248 4941 1354 4996 τοῦ
1399 4939 1548 4995 Θεοῦ
1580 4938 1798 4994 Ἰακώϐ.

212 5044 330 5101 Καὶ
352 5045 480 5098 ὅταν
506 5041 827 5113 ἐπιτύχωσι,
847 5037 1135 5093 καλοῦνται
1156 5035 1402 5106 Θυγάτηρ
1422 5033 1520 5104 τῆς
1543 5048 1804 5105 προειρη-

216 5135 389 5208 μένης
420 5133 798 5206 Ἰερουσαλὴμ,
832 5129 1163 5202 θεωροῦντες
1198 5128 1291 5181 τὸν
1334 5129 1500 5189 Θεὸν,
1536 5126 1630 5178 καὶ
1680 5140 1803 5176 σκο-

216 5225 447 5289 ποῦντες
486 5224 584 5297 τὴν
631 5220 1012 5293 πνευματικὴν
1054 5218 1274 5288 γνῶσιν.
1311 5213 1652 5288 Παρακαλῶν
1686 5212 1743 5265 δὲ
1775 5213 1804 5264 ὁ

216 5320 507 5391 προφήτης
529 5316 617 5371 διὰ
646 5315 741 5369 τοῦ
770 5314 1079 5385 πνεύματος
1105 5311 1198 5365 τὸν
1241 5309 1373 5364 Θεὸν
1403 5305 1675 5370 ἀναδεῖξαι
1702 5304 1802 5374 τὴν

215 5411 475 5481 τοιαύτην
519 5408 658 5463 Σιὼν
703 5408 799 5463 καὶ
833 5405 1208 5479 Ἰερουσαλὴμ,
1265 5400 1429 5473 φησί·
1485 5397 1805 5467 Μνήσθητι

216 5500 330 5569 τῆς
356 5498 717 5570 συναγωγῆς
754 5514 892 5565 σου,
935 5492 1011 5569 ἧς
1048 5494 1284 5562 ἐκτήσω
1316 5489 1616 5562 ἁπαρχῆς.
1663 5489 1805 5543 Οὐκ-

294 5679 340 5713 ⁸³
371 5678 562 5733 Matth.
603 5692 721 5741 xu,
752 5677 808 5732 9.
881 5673 927 5705 ³⁸
957 5670 1090 5728 ibid.
1173 5670 1217 5741 ’ἶ
1258 5670 1455 5728 Gcncs.
1495 5685 1667 5735 ινιιι,
1713 5668 1775 5722 18

1999 5657 2296 5739 Marcum)
2337 5651 2425 5709 10.
2500 5648 2542 5682 ³⁸
2584 5644 2630 5702 il
2666 5642 2821 5703 Petr.’
2854 5637 2999 5705 1,.4.

217 5750 277 5811 3.
356 5750 397 5784 “
437 5749 582 5808 Psal.
620 5739 826 5812 uuln,
885 5745 940 5799 2.
1023 5744 1068 5776 “
1108 5739 1242 5798 ibid.

1904 4558 2218 4631 evangelica
2263 4556 2566 4624 praecepta,
2618 4543 2908 4599 Dominum
2956 4538 3010 4592 in
3038 4536 3119 4591 eis
3152 4534 3487 4588 occultatum

1906 4622 2156 4712 invenire
2202 4622 2489 4719 quaerunt,
2525 4639 2605 4694 uti
2651 4636 2728 4691 ait
2770 4631 3011 4703 Spiritus
3054 4634 3318 4687 sanctus:
3361 4622 3491 4677 "me

1903 4754 1983 4802 est
2012 4739 2280 4815 generatio
2307 4729 2652 4806 quazrentium
2676 4724 2993 4787 Dominum,
3025 4717 3374 4791 quwrentiam
3404 4716 3492 4785 [a-

1904 4838 2037 4891 ciem
2071 4831 2168 4886 Dei
2200 4825 2369 4883 Iacob
2401 4824 2470 4876 δι.
2510 4818 2615 4875 Ubi
2650 4825 2833 4872 autem
2869 4809 3156 4868 consecuti
3190 4815 3356 4872 sunt,
3388 4823 3491 4861 vo-

1908 4935 2106 4986 cantur
2135 4924 2243 4978 iilia
2278 4917 2516 4993 praefata:
2543 4910 2850 4969 Jerusalem
2873 4950 2886 4972 ,
2918 4905 3169 4961 videntes
3202 4902 3375 4958 Deum
3426 4916 3492 4955 ac

1910 5018 2199 5079 scientiam
2240 4991 2542 5085 spiritalem
2589 5000 2966 5075 speculantes.
3007 4994 3183 5050 Porro
3227 4991 3495 5064 propheta

1911 5114 2080 5169 Deum
2113 5084 2416 5165 obsecrans
2444 5101 2499 5155 in
2535 5097 2735 5168 spiritu
2756 5135 2772 5156 ,
2809 5100 2868 5148 ut
2907 5105 3027 5147 eam
3072 5086 3204 5142 Sion
3237 5100 3302 5142 ac
3333 5084 3494 5140 Jeru-

1911 5205 2107 5261 salem'
2135 5197 2451 5257 exhiberet,
2498 5190 2613 5244 ait:
2654 5186 2862 5241 Mentor
2910 5190 3023 5238 esto
3075 5177 3494 5253 congregationis

1910 5309 2047 5361 τηατ,
2091 5308 2253 5367 quam
2298 5284 2582 5359 possedisti
2623 5281 2688 5336 ab
2736 5279 2888 5333 initio
2927 5275 3005 5335 “._
3040 5272 3184 5343 Ergo
3225 5285 3352 5326 cum
3393 5270 3496 5324 hac

1910 5396 2089 5463 matre
2104 5361 2207 5440 tua
2228 5420 2243 5447 ,
2267 5390 2326 5437 tu
2353 5379 2485 5434 Sion
2520 5372 2703 5430 Gaude
2735 5371 3080 5430 uehementer,
3111 5365 3229 5434 ﬁlia
3254 5361 3498 5418 caelestis

1912 5460 2251 5538 Ierusalem:
2281 5475 2458 5531 clama
2490 5484 2615 5525 cum
2649 5475 2742 5521 tua
2775 5464 2868 5519 illa
2901 5466 3116 5517 matre:
3154 5454 3413 5512 Hosanna
3442 5455 3499 5510 in

3114 5637 3160 5672 ⁸⁸
3179 5653 3182 5657 ’
3199 5635 3343 5693 Psal.
3381 5644 3501 5699 ιιι,
