3792 6150
392 247 526 305 (271

1521 257 1658 320 Tl'Il
1698 259 2128 320 BOSTRENSIS
2166 267 2477 327 EPISCOPI

3508 295 3660 348 11172

388 366 666 423 altissimis
691 384 710 421 :
745 367 1059 428 Benedictus
1091 373 1183 444 qui
1243 376 1381 430 venit
1449 377 1503 431 in
1571 381 1779 435 nomine
1844 381 1944 437 Do«

2075 389 2152 441 r3v
2183 390 2300 461 μετ’
2323 391 2494 462 αὐτῆς
2518 394 2615 465 τῆς
2641 397 2845 468 μητρός
2875 415 2968 454 σου
2990 399 3149 468 Σιὼν,
3176 401 3354 473 Χαῖρε
3381 407 3654 476 σφόδρα,

2061 484 2310 552 θύγατερ
2351 486 2734 558 Ἰερουσαλὴμ
2761 492 3110 564 ἐπουρανίου·
3143 497 3282 566 μετὰ
3305 498 3407 569 τῆς
3439 503 3656 572 μητρός

388 568 485 607 σου
513 551 692 623 βοῶσα
711 570 724 583 ·
773 554 1034 612 Ὡσαννὰ
1072 558 1144 612 ἐν
1191 557 1316 626 τοῖς
1367 563 1680 631 ὑψίστοις·
1726 551 2193 642 εὐλογημένοςίό
2218 551 2539 647 ἐρχόμενος
2567 581 2637 635 ἐν
2660 551 2910 653 «irrigari
2929 551 3174 656 Κυρίου.

459 647 524 704 ν.
557 647 702 716 Quid
723 665 854 706 vero
879 652 955 706 ait
972 651 1355 724 Evangelium:
1382 656 1516 712 Cum
1542 664 1962 736 appropinquas-

385 748 500 793 sent
553 738 938 811 Hierosolymis
961 781 977 808 ,
1028 752 1078 796 et
1127 745 1385 800 venissent
1418 747 1719 822 Bethpltage
1754 755 1844 809 "1'
1873 756 1960 812 Id-

383 830 534 886 circo
554 834 698 886 enim
724 833 821 887 ivit
844 835 898 887 in
921 837 1264 892 ctenaculum
1286 879 1301 904 ,
1325 839 1392 893 ad
1417 851 1655 899 montem
1679 845 1956 906 Olivarum

382 919 577 992 (quod
607 930 691 975 est
725 920 968 978 Ecclesia
1000 925 1172 982 lidelis
1206 928 1436 999 populi),
1474 941 1534 986 ut
1565 948 1690 989 eum
1725 939 1957 995 mandu-

382 1018 594 1066 carcul.
621 1011 766 1065 Tunc
798 1014 941 1067 misit
976 1014 1240 1073 Dominus
1271 1019 1406 1075 duos
1429 1037 1494 1076 ex
1515 1024 1788 1095 discipulis
1818 1031 1951 1087 suis.

382 1100 523 1156 Sunt
551 1101 640 1167 hi,
687 1102 841 1158 chori
884 1105 1026 1171 duo,
1060 1109 1448 1179 prophetarum
1492 1114 1703 1172 scilicet
1731 1125 1787 1173 et
1819 1135 1952 1190 apo-

379 1192 670 1248 stolorum.
702 1192 948 1263 Apostoli
979 1197 1124 1252 enim
1161 1214 1284 1253 cum
1317 1201 1576 1259 docerent
1605 1216 1828 1276 gentes,
1864 1227 1952 1266 se-

377 1299 504 1340 cum
530 1285 802 1341 habebant
823 1302 854 1340 a
880 1287 990 1344 Deo
1017 1290 1284 1362 inspirata
1309 1297 1530 1352 oracula
1558 1301 1946 1370 prophetarum

375 1387 496 1449 quae
543 1379 764 1437 Christo
809 1383 1181 1439 testimonium
1236 1389 1618 1462 perhiberent,
1675 1401 1948 1466 quomodo

371 1469 511 1524 vidit
539 1486 774 1541 magnus
806 1473 951 1529 inter
978 1477 1274 1547 prophetas
1321 1479 1606 1540 Ezechiel:
1658 1486 1824 1558 Rata,
1865 1491 1948 1546 in-

371 1560 526 1628 quit,
562 1561 617 1614 in
647 1573 799 1629 rota,
827 1565 1011 1618 uolans
1041 1583 1103 1620 ac
1132 1583 1349 1624 currens
1384 1572 1450 1627 “.
1503 1573 1700 1633 Dicens
1739 1578 1901 1637 Jesus
1927 1600 1942 1638 :

2135 672 2246 726 Καὶ
2271 672 2324 726 τί
2357 692 2488 746 φησι
2533 676 2595 731 τδ
2637 679 3000 749 Εὑαγγέλιον·
3054 685 3192 740 Ὅτε
3237 686 3509 758 ἤγγισαν
3563 694 3654 759 εἰς

2075 762 2490 838 Ἰερουσαλὴμ,
2520 769 2620 824 καὶ
2650 767 2840 842 ἦλθον
2874 777 2961 842 εἰς
3003 779 3324 850 Βηθφαγῆἱ
3369 782 3493 835 Ἵνα
3541 783 3653 855 γάρ

2065 855 2311 924 φάγωσιν
2340 861 2502 915 αὐτὸν
2524 862 2574 915 οἰ
2597 863 2802 928 πιστοὶ,
2833 866 3032 938 ήρχετο
3057 871 3116 922 ἐν
3134 869 3211 940 τῷ
3241 871 3483 944 ὑπερῴῳ
3509 875 3653 945 πρὸς

2059 945 2121 998 τὸ
2145 946 2268 1018 ὅρος
2309 949 2419 1004 τῶν
2447 951 2674 1007 Ἐλαιῶν
2703 957 2752 1023 (ὅ
2785 958 2932 1011 ἐστιν
2963 958 3028 1012 ἐκ
3047 960 3141 1013 τοῦ
3169 960 3298 1015 λαοῦ
3332 962 3651 1034 πιστήἝικ-

2059 1037 2300 1111 κλησία).
2329 1042 2465 1098 Τότε
2491 1047 2524 1098 ό
2555 1046 2772 1115 Κύριος
2797 1049 3118 1104 ἀπέστειλε
3141 1051 3249 1106 δύο
3292 1052 3416 1108 τῶν
3447 1063 3651 1124 μαθη-

2056 1131 2177 1188 τῶν
2211 1136 2418 1192 αὑτοῦ·
2466 1141 2660 1205 οἵτινές
2703 1145 2809 1196 εἰσι
2855 1143 2949 1198 δύο
2998 1146 3150 1216 χοροὶ
3194 1147 3302 1202 τῶν
3337 1150 3651 1220 προφητῶν

2057 1227 2150 1278 καὶ
2190 1227 2520 1286 ἀποστόλων.
2557 1233 2968 1303 Μαθητεύοντες
3000 1237 3109 1309 γὰρ
3154 1237 3224 1290 τά
3260 1238 3388 1310 ἔθνη
3419 1243 3472 1293 οἰ
3507 1242 3648 1295 ἁπό-

2057 1315 2251 1379 στολοι,
2278 1313 2422 1390 εἶχον
2452 1321 2570 1392 μεθ’
2597 1324 2802 1376 ἑαυτῶν
2821 1324 2891 1378 τὰ
2923 1325 3254 1382 θεόπνευστα
3283 1329 3395 1382 τῶν
3420 1348 3640 1403 προφηα

2052 1407 2162 1459 τῶν
2199 1408 2372 1478 λόγια,
2407 1411 2476 1465 τὰ
2519 1415 2900 1486 μαρτυροῦντα
2929 1417 3008 1488 τῷ
3045 1419 3284 1490 Χριστῷ,
3332 1419 3392 1474 ὃν
3430 1423 3645 1493 τρόπον

2053 1499 2356 1574 ἐθεώρησεν
2381 1506 2576 1571 αὐτοὺς
2600 1509 2862 1581 Ἰεζεκιὴλ
2910 1513 2939 1564 ὁ
2984 1513 3156 1582 μέγας
3193 1515 3250 1567 ἐν
3280 1517 3599 1585 προφήταις
3623 1535 3638 1546 ·

2057 1593 2293 1660 Τροχὸς,
2327 1597 2514 1665 φησὶν,
2544 1597 2614 1650 ἐν
2644 1600 2854 1670 τροχῷ,
2889 1604 3213 1673 πετόμενος
3242 1605 3339 1658 καί
3379 1605 3639 1674 τρέχων.

373 1647 458 1703 Ite
499 1651 554 1703 in
599 1651 877 1706 castellum
917 1654 1056 1724 quod
1102 1667 1287 1711 contra
1316 1676 1404 1713 vos
1431 1672 1531 1730 est,
1584 1666 1730 1721 misit
1763 1683 1860 1723 eos
1893 1670 1944 1723 in

2086 1647 2104 1659 -
2166 1647 2202 1660 ι-
2249 1647 2292 1659 ν
2339 1647 2351 1663 ι
2389 1647 2513 1665 ιίηι
2547 1647 2588 1650 -ν
2649 1647 2739 1667 'r-
2767 1647 2854 1668 ,τ’
2890 1647 3028 1656 --ννν
3075 1647 3204 1670 νιν-ι
3242 1647 3339 1658 rw"
3383 1647 3639 1674 rit-"vr"-

2075 1681 2312 1751 λέγοντος
2343 1684 2478 1756 πρὸς
2508 1687 2706 1752 αὐτοὺς
2735 1647 2830 1742 ιξοῦ
2865 1647 3072 1762 ’ίησοῖῗἶ
3105 1691 3510 1760 Πορευθέντες
3546 1698 3641 1762 εἰς

371 1743 685 1798 universum
713 1746 956 1814 gentium
983 1749 1170 1804 orbem
1203 1769 1215 1806 :
1244 1751 1512 1810 hactenus
1539 1758 1684 1812 enim
1717 1761 1946 1830 gentiles

369 1833 632 1889 contrarii
661 1843 821 1890 erant
849 1836 990 1893 ﬁdeli
1020 1837 1281 1898 Ecclesia:
1309 1842 1520 1901 Judaici
1551 1851 1945 1919 p0puli.Porro

366 1931 676 1994 opportuno
701 1940 796 1981 eos
828 1936 1070 1998 tempore
1101 1929 1250 1986 misit
1276 1933 1330 1987 in
1358 1937 1645 1992 castellum
1673 1941 1941 2010 gentium,

365 2016 512 2086 quod
561 2027 753 2072 contra
790 2028 949 2075 erat:
994 2021 1194 2092 quippe
1229 2025 1366 2081 illud
1411 2037 1660 2098 paratum
1694 2042 1844 2097 erat,
1883 2043 1942 2090 ut

363 2105 621 2176 praefatos
647 2107 787 2165 duos
816 2109 1016 2166 choros
1049 2114 1439 2184 prophetarum
1471 2134 1536 2173 ac
1565 2123 1939 2191 apostolorum

363 2196 652 2267 reciperet.
686 2196 751 2252 Et
783 2209 840 2253 ut
868 2201 916 2254 ei
943 2202 1151 2270 pullum
1179 2205 1544 2273 adducerent;
1578 2227 1775 2284 nempe
1804 2231 1940 2286 gen-

359 2296 446 2342 tes
469 2326 484 2351 ,
513 2303 679 2358 super
701 2305 838 2360 quas
869 2293 1190 2350 ascenderet
1210 2312 1274 2352 ac
1305 2311 1593 2371 regnaret,
1613 2304 1771 2374 juxta
1791 2309 1937 2377 quod

363 2376 652 2434 Psalmista
691 2383 803 2437 ait:
849 2382 1100 2453 Regnavit
1149 2387 1286 2444 Deus
1317 2408 1474 2462 super
1499 2407 1674 2466 gentes
1699 2415 1718 2452 :
1749 2376 1937 2456 Domi-

357 2483 458 2520 nus
508 2469 690 2524 sedens
744 2487 898 2540 super
942 2473 1117 2529 sedem
1167 2490 1406 2532 sanctam
1453 2499 1608 2537 suam
1642 2487 1707 2542 ‘5.
1763 2487 1936 2558 Super

355 2575 508 2629 quem
550 2577 700 2616 nemo
746 2580 976 2634 unquam
1008 2565 1277 2620 hominum
1325 2569 1460 2624 sedit
1489 2573 1554 2628 “.
1591 2574 1724 2630 Nam
1755 2594 1934 2650 neque

355 2651 525 2707 Deum
547 2670 820 2712 sessorem
847 2659 1120 2714 habebant
1154 2678 1218 2717 ac
1249 2674 1566 2734 regnantem
1599 2683 1766 2739 super
1795 2688 1891 2728 eas
1913 2713 1929 2739 ,

353 2760 534 2816 neque
562 2749 732 2819 legem
763 2766 940 2820 neque
974 2754 1293 2824 prophetas.
1350 2754 1583 2825 Solvite,
1618 2761 1834 2831 inquit,
1870 2765 1931 2819 il-

354 2833 506 2899 lum,
537 2846 587 2890 et
619 2836 864 2893 adducite
911 2841 1063 2897 milii.
1113 2842 1360 2914 Apostoli
1410 2848 1556 2902 enim
1609 2864 1638 2902 a
1686 2853 1928 2910 tenebris

350 2935 540 2996 gentes
571 2928 959 2986 absolverunt:
996 2934 1098 2988 hoc
1131 2943 1248 3000 est,
1286 2953 1315 2989 a
1353 2936 1446 2992 Dei
1479 2939 1820 3011 ignorantia,
1857 2947 1926 3002 ab

349 3033 537 3073 errore
557 3057 572 3083 ,
611 3034 642 3072 a
675 3029 933 3091 peccato,
973 3026 1043 3079 ab
1078 3025 1240 3080 alieni
1272 3028 1568 3096 servitute,
1599 3047 1630 3085 a
1656 3043 1925 3103 potestate
1951 3015 1994 3074 c

350 3107 699 3164 tenebrarum
727 3113 993 3184 principis
1021 3117 1206 3171 saeculi
1238 3118 1400 3188 hujus
1429 3121 1472 3152 ⁵⁷
1496 3141 1507 3176 ;
1551 3124 1926 3182 adduxerunt-

348 3213 456 3270 que
483 3200 551 3255 ad
575 3217 767 3257 eorum
803 3215 1109 3262 creatorem
1141 3223 1204 3264 ac
1229 3213 1478 3280 opiticem
1505 3212 1818 3274 Dominum.
1846 3221 1926 3276 Ac

345 3304 510 3356 ecce,
544 3307 711 3362 super
743 3309 837 3349 eas
871 3295 1024 3352 sedet
1056 3308 1355 3370 regnatque
1377 3342 1390 3364 ,
1425 3303 1500 3356 uti
1531 3321 1696 3376 super
1728 3310 1926 3367 cheru-

347 3380 457 3435 bim
480 3423 494 3446 ,
530 3383 829 3441 clamantes
860 3398 1024 3458 atque
1053 3390 1337 3448 dicentes:
1379 3395 1637 3452 Hosanna
1673 3401 1726 3454 in
1763 3402 1921 3458 allis-

345 3469 494 3529 siﬁtii
513 3473 976 3550 :Benedictusqui
1000 3482 1134 3536 venit
1156 3482 1211 3537 in
1237 3488 1448 3542 nomine
1469 3489 1716 3555 Domini;
1739 3509 1846 3562 pax
1866 3496 1922 3549 in

345 3551 472 3621 εωίο
493 3608 507 3632 ,
539 3578 588 3623 et
612 3570 786 3640 gloria
816 3574 872 3625 in
901 3573 1202 3632 altissimis.
1238 3577 1330 3634 Sic
1359 3585 1502 3637 enim
1538 3584 1716 3642 Lucas
1747 3590 1820 3644 ait
1849 3590 1916 3645 ⁸⁸.

341 3657 454 3713 Cur
481 3659 529 3716 is
556 3676 716 3726 vero,
747 3661 868 3716 Pax
894 3665 948 3718 in
976 3667 1102 3720 cmlo
1123 3709 1137 3734 ,
1173 3671 1305 3724 dicit
1328 3673 1350 3724 ?
1374 3673 1628 3748 Nunquid
1659 3681 1802 3736 enim
1829 3699 1921 3738 an-

342 3749 446 3819 geli
481 3766 590 3805 non
617 3752 891 3808 habebant
921 3756 974 3810 in
1005 3761 1144 3815 cmlo
1173 3777 1361 3832 pacem
1386 3767 1409 3820 ?
1439 3766 1716 3827 Habebant
1745 3789 1879 3831 sane
1900 3819 1916 3844 ,

342 3858 407 3896 ac
437 3844 596 3912 plane
626 3844 894 3900 habebant
926 3862 1115 3917 pacem
1164 3853 1216 3906 in
1267 3871 1327 3910 se
1360 3857 1531 3927 ipsis:
1574 3861 1720 3916 illam
1762 3866 1918 3922 nimi-

341 3950 461 3990 rum
493 3952 680 4006 pacem
697 3977 712 4003 ,
737 3955 853 4009 qua:
877 3955 1156 4012 exsuperat
1182 3964 1386 4002 omnem
1409 3968 1620 4007 sensum
1643 3955 1708 4022 δ’,
1733 3974 1917 4028 quem-

340 4024 632 4081 admodum
678 4030 1373 4100 sapientissimusPaulus
1419 4044 1525 4098 ait:
1554 4024 1913 4110 habebantin

337 4118 478 4172 cmlo
502 4133 687 4188 pacem
712 4138 727 4186 ;
754 4121 896 4175 haud
919 4134 1098 4180 tamen
1123 4143 1247 4184 cum
1275 4131 1590 4192 hominibus
1615 4139 1910 4206 habebant.

336 4209 546 4264 Ctelum
578 4227 674 4281 per
704 4230 764 4270 se
793 4215 970 4285 ipsum
1004 4235 1138 4289 pace
1171 4226 1458 4294 gaudebat.
1497 4231 1568 4287 Ut
1604 4249 1782 4292 autem
1814 4255 1914 4295 an-

335 4301 440 4369 geli
470 4304 786 4360 universum
820 4306 1118 4365 humanum
1155 4332 1328 4382 genus
1359 4318 1552 4377 Lazari
1587 4327 1746 4397 signo
1774 4347 1910 4387 con-
1941 4367 1984 4421 Β

335 4402 612 4421 annual”...
663 4397 910 4421 -.:.l...._--.a
998 4419 1049 4421 -4
1101 4415 1112 4421 -
1383 4412 1392 4421 .
1627 4419 1678 4421 ,η

329 4402 614 4463 gregatum
663 4397 944 4464 viderunt,
991 4415 1287 4477 gentesque
1315 4412 1522 4469 solutas
1553 4419 1680 4486 pulli
1714 4422 1908 4493 instar,

332 4485 400 4538 ad
427 4488 668 4544 auctoris
698 4492 1015 4547 servitutem
1047 4499 1370 4555 accedentes
1404 4519 1469 4559 ac
1501 4485 1766 4579 regnum;
1798 4485 1912 4570 cm;

330 4573 440 4628 lum
491 4592 708 4648 quoque
749 4583 902 4651 pacis
956 4584 1162 4642 foedera
1209 4605 1332 4644 cum
1382 4573 1699 4657 hominibus
1745 4573 1905 4672 iniit,

327 4667 807 4744 clamaveruntque
832 4681 1184 4746 unanimiter,
1217 4694 1379 4756 atque
1408 4690 1683 4760 dixerunt,
1736 4698 1905 4755 Bene-

325 4757 499 4814 dictus
533 4764 622 4832 qui
656 4767 791 4818 venit
821 4769 876 4821 in
910 4773 1116 4826 nomine
1147 4773 1407 4832 Domini:
1438 4797 1547 4849 pax
1574 4785 1629 4838 in
1663 4789 1821 4855 coelo,
1854 4801 1903 4847 et

324 4847 497 4919 gloria
540 4854 595 4908 in
640 4857 939 4916 altissimis.
994 4861 1064 4916 Et
1110 4847 1469 4936 imposuerunt
1514 4891 1669 4942 super
1695 4880 1901 4948 pullum

324 4946 654 5003 vestimenta.
680 4948 1001 5020 Significant
1020 4956 1134 5012 haec
1155 4999 1168 5021 ,
1192 4977 1354 5030 quam
1381 4965 1496 5034 ipse
1514 4968 1594 5024 eis
1617 4946 1765 5027 dedit
1786 4991 1906 5045 gra-

323 5037 453 5092 tiam
492 5040 544 5092 in
575 5043 917 5112 gentibus'",
942 5063 1038 5116 per
1069 5065 1233 5119 quam
1266 5051 1452 5110 Jesum
1479 5075 1646 5130 super
1682 5037 1900 5122 easvse-

320 5130 452 5185 dere
486 5131 771 5190 fecerunt:
809 5152 910 5191 nec
941 5139 996 5194 id
1025 5143 1202 5197 solum
1224 5187 1239 5210 ,
1273 5148 1369 5203 sed
1412 5157 1466 5204 et
1509 5167 1606 5222 per
1645 5159 1898 5226 proprias

321 5239 538 5295 quoque
565 5242 755 5282 eorum
801 5231 1065 5297 virtutes,
1113 5240 1574 5306 quemadmodum
1621 5248 1897 5319 signiﬁcat

319 5331 478 5372 sacer
510 5317 852 5390 Evangelista
881 5324 1108 5382 dicens:
1139 5330 1253 5384 Alii
1281 5343 1457 5389 autent
1482 5317 1782 5397 sternebant
1814 5362 1898 5401 ve-

388 5559 433 5591 “
473 5560 657 5619 Matth.
697 5582 786 5620 xx:
809 5605 824 5629 ,

316 5643 434 5690 xxx,
473 5632 562 5687 '58.
635 5634 680 5670 δ’)
719 5635 951 5707 Philipp.
989 5657 1062 5708 tv,
1101 5643 1153 5698 7.
1229 5643 1276 5675 ⁸⁸
1361 5632 1497 5706 alat;
1533 5667 1594 5718 ll,
1632 5632 1688 5708 8'.

868 5569 919 5623 l.
996 5571 1042 5603 “
1080 5571 1278 5662 Electra.
1319 5591 1372 5640 ι,
1574 5579 1801 5662 “hPsal.
1842 5603 2000 5662 χιιι,
2033 5593 2084 5650 9.

2047 1772 2162 1843 τὴν
2186 1774 2502 1831 κατέναντι
2523 1777 2745 1849 κώμην·
2765 1782 3087 1837 ἀπέστειλεν
3113 1785 3311 1848 αὐτοὺς
3339 1787 3422 1848 εἰς
3447 1788 3639 1839 πᾶσαν

2044 1853 2143 1935 τὴν
2184 1866 2510 1940 οἰκουμένην
2549 1869 2659 1922 τῶν
2700 1870 2889 1924 ἐθνῶν·
2938 1874 3021 1927 ὅτι
3067 1874 3298 1928 ἐναντίοι
3323 1871 3467 1947 ἦσαν
3489 1876 3638 1941 τέως

2042 1957 2141 2028 τῆς
2167 1957 2231 2012 ἐκ
2263 1958 2356 2012 τοῦ
2385 1958 2513 2014 λαοῦ
2543 1961 2741 2032 πιστῆς
2774 1964 3120 2037 Ἐκκλησίας.
3163 1968 3356 2038 Καιρῷ
3403 1966 3517 2039 γὰρ
3546 1969 3634 2021 εὐ-

2044 2047 2182 2119 θέτῳ
2220 2051 2538 2106 ἀπέστειλεν
2582 2055 2780 2120 αὐτοὺς
2821 2058 2901 2121 εἰς
2942 2057 3041 2130 τὴν
3091 2061 3378 2114 κατέναντι
3427 2062 3633 2135 κώμην

2039 2140 2148 2194 τῶν
2187 2142 2386 2198 ἐθνῶν·
2423 2146 2611 2217 ἑτοίμη
2641 2144 2846 2220 γὰρῆν
2887 2149 3142 2215 δέξασθαι
3188 2154 3314 2217 τοὺς
3355 2171 3630 2228 προειρη-

2043 2232 2235 2303 μένους
2287 2235 2380 2289 δύο
2424 2240 2619 2308 χοροὺς
2663 2240 2770 2294 τῶν
2809 2241 3120 2297 ἀποστόλων
3170 2246 3264 2299 καὶ
3299 2248 3624 2319 προφητῶν.

2037 2325 2145 2378 Καὶ
2173 2326 2415 2397 ἀγαγεῖν
2441 2329 2590 2398 πρὸς
2637 2332 2824 2385 αὑτὸν
2869 2335 2977 2386 τὸν
3006 2334 3244 2390 πῶλον·
3283 2338 3481 2403 οἵτινές
3517 2342 3628 2394 εἱσι

2035 2415 2103 2469 τὰ
2129 2416 2276 2486 ἔθνη·
2303 2418 2396 2471 τοῦ
2423 2407 2680 2490 ἐπιϐῆναι
2704 2423 2797 2477 καὶ
2832 2424 3147 2494 βασιλεῦσαι
3176 2429 3262 2481 ἐπ’
3307 2431 3480 2495 αὐτά,
3517 2449 3621 2485 κα-

2037 2505 2145 2569 θώς
2171 2525 2334 2580 φησιν
2366 2512 2393 2564 ὁ
2425 2512 2762 2584 Ψαλμῳδός·
2810 2518 3238 2574 Ἐϐασίλευσεν
3273 2524 3308 2574 ό
3344 2523 3494 2589 Θεὸς
3519 2524 3618 2577 ἐπὶ

2035 2601 2107 2655 τὰ
2138 2601 2304 2671 ἔθνη·
2333 2605 2551 2673 Κύριος
2572 2605 2819 2676 κάθηται
2840 2609 2939 2663 ἐπὶ
2969 2613 3182 2680 θρόνου
3202 2614 3375 2683 ἁγίου
3405 2615 3612 2670 αὑτοῦ·

2031 2692 2124 2761 ἐφ’
2155 2686 2204 2760 ᾧ
2235 2694 2433 2762 οὐδείς
2455 2710 2602 2751 ποτε
2633 2699 2958 2770 ἀνθρώπων
2986 2703 3323 2762 κεκάθικεν.
3351 2708 3491 2762 Οὐδὲ
3509 2709 3614 2780 γάρ

2031 2785 2164 2839 Θεὸν
2209 2784 2351 2857 εἰχον
2396 2790 2742 2845 ἐπιϐαίνοντα
2791 2795 2884 2848 xal.
2931 2794 3282 2866 βασιλεύοντα
3330 2797 3418 2851 ἐπ’
3453 2799 3611 2863 αὐτὰ,

2030 2879 2152 2933 οὐδέ
2175 2881 2337 2951 νόμον
2365 2882 2483 2936 οὐδέ
2505 2886 2811 2956 προφήτας.
2838 2887 3147 2955 Λύσαντες
3177 2889 3388 2954 αὑτὸν,
3424 2893 3610 2963 φησὶν,

2027 2971 2277 3042 ἀγάγετέ
2298 2991 2418 3043 μοι.
2451 2975 2685 3030 Ἐλυσαν
2711 2977 2816 3049 γὰρ
2845 2978 2911 3031 τὰ
2939 2979 3066 3048 ἔθνη
3104 2982 3152 3034 οἰ
3183 2980 3476 3036 ἀπόστολοι
3505 2985 3612 3038 ἀπὺ

2025 3064 2125 3134 τῆς
2159 3065 2397 3130 σκοτίας,
2450 3069 2697 3122 τουτέστι
2727 3071 2827 3141 τῆς
2852 3069 2947 3124 τοῦ
2978 3071 3114 3126 Θεοῦ
3156 3073 3468 3141 ἀγνωσίας,
3503 3076 3611 3130 ἀπὸ

2024 3155 2122 3225 τῆς
2143 3156 2370 3229 πλάνης,
2406 3158 2512 3212 ἀπὸ
2535 3159 2635 3231 τῆς
2656 3161 2952 3233 ἁμαρτίας,
2977 3164 3086 3218 άπὸ
3119 3164 3218 3234 τῆς
3243 3165 3493 3231 δουλείας
3513 3169 3606 3222 τοῦ

2022 3246 2320 3320 ἀλλοτρίου,
2356 3250 2463 3303 ἀπὸ
2495 3252 2596 3322 τῆς
2627 3252 2877 3318 ἐξουσίας
2925 3255 3018 3309 τοῦ
3072 3257 3316 3322 σκότους,
3365 3258 3465 3312 τοῦ
3518 3261 3608 3331 ἀρ-

2019 3357 2203 3411 χοντος
2221 3341 2314 3396 τοῦ
2347 3342 2541 3408 αἰῶνος
2569 3346 2761 3400 τούτου
2782 3362 2796 3378 ·
2828 3347 2922 3400 καὶ
2951 3347 3158 3418 ἤγαγον
3195 3351 3332 3422 πρὸς
3369 3352 3465 3406 τὸν
3492 3355 3606 3408 κτί-

2023 3449 2154 3505 στην
2188 3435 2282 3488 καὶ
2312 3434 2638 3508 δημιουργὸν
2667 3437 2844 3492 αὐτῶν
2877 3439 3098 3512 Κύριον.
3134 3443 3243 3496 Καὶ
3291 3444 3400 3499 ἰδοὺ
3432 3447 3606 3518 κάθη-

2019 3543 2106 3579 ται
2140 3526 2225 3578 ἐπ’
2252 3526 2425 3591 αὐτὰ,
2479 3528 2574 3581 καὶ
2616 3528 2892 3600 βασιλεύει
2932 3531 3006 3596 ὡς
3040 3533 3132 3586 ἐπὶ
3161 3533 3269 3587 τῶν
3311 3537 3602 3608 χερουῦἰμ,

2018 3618 2290 3690 κράζοντα
2309 3620 2416 3673 ’καὶ
2435 3619 2686 3688 λέγοντα·
2737 3621 2994 3678 Ὡσαννὰ
3036 3625 3107 3678 ἐν
3128 3625 3252 3693 τοῖς
3283 3629 3600 3696 ὑψίστοις·

2015 3709 2421 3786 εὐλογημένος
2443 3715 2475 3766 ό
2498 3711 2822 3783 ἐρχόμενος
2841 3716 2910 3768 ἐν
2939 3717 3184 3787 ὀνόματι
3222 3722 3447 3788 Κυρίου
3466 3739 3480 3753 ·
3521 3725 3602 3776 εἰ·

2008 3800 2168 3870 ρήνη
2186 3802 2256 3855 ἐν
2281 3801 2534 3872 οὐρανῷ,
2562 3805 2664 3858 καὶ
2683 3805 2834 3870 δόξα
2851 3807 2920 3861 ἐν
2948 3810 3252 3878 ὑψίστοις.
3288 3811 3448 3866 Οὕτω
3491 3815 3600 3887 γάρ

2015 3909 2178 3962 φησιν
2206 3895 2234 3947 ὁ
2266 3895 2501 3957 Λουκᾶς.
2543 3895 2768 3964 Εἰρήνη
2805 3897 2874 3950 ἐν
2909 3898 2989 3965 τῷ
3022 3901 3286 3969 οὐρανῷ,
3322 3903 3470 3969 τίνος
3493 3907 3598 3961 ἓνε⁹

2015 4002 2108 4038 κεν
2134 3983 2313 4053 λέγει;
2343 3986 2458 4038 Οὐκ
2483 3983 2627 4057 εἶχον
2654 3988 2702 4039 οἰ
2735 3987 2954 4056 ἄγγελοι
2987 3993 3208 4064 εἰρήνην
3239 3995 3297 4047 ἐν
3321 3993 3401 4066 τῷ
3432 3997 3596 4069 οὐρα-

2013 4075 2116 4148 νῷ;
2147 4076 2284 4130 Ναί·
2321 4077 2413 4131 καὶ
2439 4079 2578 4132 πάνυ
2609 4075 2752 4151 εἶχον
2777 4083 2836 4135 ὲν
2857 4083 3072 4148 ἐαυτοῖς
3103 4085 3203 4156 τὴν
3234 4087 3491 4159 εἰρήνην·
3525 4093 3595 4142 εἰ·

2004 4165 2204 4234 ρήνην
2228 4165 2343 4234 τὴν
2366 4167 2788 4238 ὑπερέχουσαν
2813 4172 3009 4226 πάντα
3034 4174 3204 4239 νοῦν,
3222 4176 3405 4240 καθώς
3433 4195 3593 4249 φησιν

2012 4257 2040 4309 ὁ
2071 4256 2376 4327 σοφώτατος
2404 4259 2634 4324 Παῦλος·
2672 4258 2816 4332 εἶχον
2847 4265 3070 4336 εἰρήνην
3097 4267 3153 4321 ἐν
3179 4267 3393 4339 οὐρανῷ
3419 4287 3431 4299 ·
3458 4269 3589 4324 ἀλλά

2016 4348 2155 4420 μετά
2199 4349 2307 4402 τῶν
2350 4350 2651 4422 ἀνθρώπων
2693 4355 2792 4408 οὐκ
2817 4351 2982 4426 εἰχον.
3022 4358 3079 4410 Ὁ
3111 4359 3335 4429 οὐρανὸς
3370 4362 3587 4434 εἰρήνην

2009 4438 2118 4512 εἶχε
2170 4442 2292 4495 καθ’
2331 4445 2542 4498 ἑαυτόν.
2594 4446 2763 4500 Ὅταν
2793 4447 2849 4501 δὲ
2879 4449 2987 4502 ἴδον
3039 4451 3091 4504 οἱ
3127 4451 3350 4521 ἄγγελοι
3413 4457 3586 4508 πᾶσαν

2006 4533 2104 4605 τὴν
2145 4533 2538 4606 ἀνθρωπότητα
2569 4539 2934 4613 ἀγειρομένην
2967 4543 3055 4596 διά
3086 4546 3178 4599 τοῦ
3216 4549 3443 4618 σημείου
3493 4551 3588 4604 τοῦ

2005 4623 2282 4698 Λαζάρου,
2311 4629 2405 4682 καὶ
2441 4631 2510 4684 τὰ
2535 4631 2659 4704 ἔθνη
2700 4634 2934 4706 λυόμενα
2966 4637 3121 4711 δίκην
3146 4641 3242 4694 τοῦ
3273 4643 3475 4706 πώλου,
3495 4647 3587 4698 καὶ

2003 4717 2274 4788 ἐρχόμενα
2319 4723 2399 4784 εἰς
2440 4721 2500 4774 τὸ
2546 4723 2922 4793 βασιλεύεσθαι
2971 4729 3074 4782 ὑπὸ
3111 4731 3204 4784 τοῦ
3254 4723 3584 4806 δημιουργόῦ

2001 4809 2209 4862 αὐτῶν·
2240 4811 2360 4864 τότε
2390 4815 2677 4887 εἰρηνευθη
2707 4819 2801 4870 καὶ
2832 4819 2860 4870 ὁ
2901 4821 3128 4892 οὐρανὸς
3173 4824 3311 4893 μετά
3349 4825 3459 4878 τῶν
3493 4829 3582 4879 άν-

2004 4895 2257 4967 θρώπων,
2291 4901 2384 4954 καὶ⁵
2428 4903 2766 4975 ὁμοθυμαδὸν
2811 4907 3042 4980 ἔκραζον
3089 4913 3182 4965 καὶ
3215 4913 3398 4982 ἔλεγον
3420 4932 3432 4944 ·
3468 4918 3581 4969 Εὑ-

2002 4987 2337 5056 λογημένος
2364 4995 2397 5046 ὀ
2426 4993 2747 5062 ἐρχόμενος
2777 4997 2847 5052 ἐν
2875 4999 3118 5069 ὀνόματι
3145 5005 3367 5072 Κιιρίου
3391 5022 3404 5034 ·
3434 5007 3579 5076 εἰρή-

2003 5095 2078 5146 νη
2102 5079 2171 5132 ἐν
2201 5082 2455 5150 οὐρανῷ,
2489 5086 2586 5139 καὶ
2617 5087 2766 5152 δόξα
2791 5090 2860 5143 ἐν
2890 5093 3194 5161 ὑψίστοις.
3224 5099 3334 5151 Καὶ
3366 5099 3578 5166 ἐπέθη-

2000 5186 2109 5222 κεν
2133 5170 2332 5226 ἐπάνω
2360 5175 2465 5230 τοῦ
2487 5177 2692 5233 πώλου
2726 5181 2798 5233 τὰ
2824 5185 3025 5251 ἱμάτια
3047 5202 3060 5215 ·
3102 5187 3261 5241 ἆτινα
3288 5191 3577 5260 σημαίνουο

2003 5277 2056 5313 σι
2089 5262 2184 5334 τήν
2214 5265 2373 5338 χάριν
2401 5268 2498 5338 τὴν
2518 5275 2647 5342 παρ’
2678 5274 2844 5327 αὑτοῦ
2878 5275 3120 5331 δοθεῖσαν
3159 5280 3344 5344 αὐτοῖς
3381 5283 3442 5333 ἐν
3470 5283 3576 5344 τοῖς

2001 5350 2200 5421 ἔθνεσι,
2231 5359 2324 5411 καὶ
2337 5358 2412 5412 δι’
2441 5362 2610 5435 αὐτῆς
2631 5367 2964 5423 ἐπεϐίϐασαν
2993 5371 3085 5423 τὸν
3113 5372 3321 5444 Ἰησοῦν
3358 5374 3446 5426 ἐπ’
3483 5373 3574 5426 αὖ·

2200 5599 2246 5634 “
2285 5599 2452 5658 Marc.
2495 5620 2586 5673 ιι,
2623 5607 2675 5663 2.
2786 5610 2831 5641 "
2871 5609 3068 5682 Ephes.
3109 5630 3184 5687 ιι,
3219 5617 3276 5674 2.
3356 5622 3403 5656 ⁸³
3441 5619 3568 5678 Luc.
