  <div class='ocr_page' id='page_1' title='image "/cluster/home/n/w/nwhite01/storage/ocr_20150623/18/nnc1.0046978550/654.png"; bbox 0 0 3792 6150; ppageno 0'>
   <div class='ocr_carea' id='block_1_1' title="bbox 207 207 357 268">
    <p class='ocr_par' dir='ltr' id='par_1_1' title="bbox 207 207 357 268">
     <span class='ocr_line' id='line_1_1' title="bbox 207 207 357 268; baseline 0.007 -1"><span class='ocrx_word' id='word_1_1' title='bbox 207 207 357 268; x_wconf 70' lang='grc'><strong>12⁸5</strong></span> 
     </span>
    </p>
   </div>
   <div class='ocr_carea' id='block_1_2' title="bbox 1286 205 2371 268">
    <p class='ocr_par' dir='ltr' id='par_1_2' title="bbox 1286 205 2371 268">
     <span class='ocr_line' id='line_1_2' title="bbox 1286 205 2371 268; baseline -0.006 0"><span class='ocrx_word' id='word_1_2' title='bbox 1286 209 1544 268; x_wconf 78' lang='lat' dir='ltr'><strong>ORATIO</strong></span> <span class='ocrx_word' id='word_1_3' title='bbox 1581 211 1650 268; x_wconf 83' lang='lat' dir='ltr'><strong>IN</strong></span> <span class='ocrx_word' id='word_1_4' title='bbox 1686 207 1922 266; x_wconf 79' lang='lat' dir='ltr'><strong>RAMOS</strong></span> <span class='ocrx_word' id='word_1_5' title='bbox 1959 205 2371 263; x_wconf 74' lang='lat' dir='ltr'><strong>PALMARUM.</strong></span> 
     </span>
    </p>
   </div>
   <div class='ocr_carea' id='block_1_3' title="bbox 3316 207 3456 265">
    <p class='ocr_par' dir='ltr' id='par_1_3' title="bbox 3316 207 3456 265">
     <span class='ocr_line' id='line_1_3' title="bbox 3316 207 3456 265; baseline 0.021 -3"><span class='ocrx_word' id='word_1_6' title='bbox 3316 207 3456 265; x_wconf 68' lang='grc'><strong>1271</strong></span> 
     </span>
    </p>
   </div>
   <div class='ocr_carea' id='block_1_4' title="bbox 205 309 1783 402">
    <p class='ocr_par' dir='ltr' id='par_1_4' title="bbox 205 327 1780 402">
     <span class='ocr_line' id='line_1_4' title="bbox 205 327 1780 402; baseline -0.001 -19"><span class='ocrx_word' id='word_1_7' title='bbox 205 329 318 384; x_wconf 77' lang='grc' dir='ltr'><strong>τά·</strong></span> <span class='ocrx_word' id='word_1_8' title='bbox 347 329 408 383; x_wconf 85' lang='grc' dir='ltr'><em>οὐ</em></span> <span class='ocrx_word' id='word_1_9' title='bbox 455 329 614 400; x_wconf 82' lang='grc' dir='ltr'><em>μόνον</em></span> <span class='ocrx_word' id='word_1_10' title='bbox 652 329 712 384; x_wconf 83' lang='grc' dir='ltr'><strong>δέ</strong></span> <span class='ocrx_word' id='word_1_11' title='bbox 757 328 947 395; x_wconf 78' lang='grc' dir='ltr'><em>τοῦτο,</em></span> <span class='ocrx_word' id='word_1_12' title='bbox 987 327 1122 383; x_wconf 75' lang='grc' dir='ltr'><em>ἀλλὰ</em></span> <span class='ocrx_word' id='word_1_13' title='bbox 1146 327 1232 382; x_wconf 85' lang='grc' dir='ltr'><em>διὰ</em></span> <span class='ocrx_word' id='word_1_14' title='bbox 1272 329 1370 394; x_wconf 83' lang='grc' dir='ltr'><em>τὰς</em></span> <span class='ocrx_word' id='word_1_15' title='bbox 1405 329 1540 394; x_wconf 78' lang='grc' dir='ltr'><em>ιδίας</em></span> <span class='ocrx_word' id='word_1_16' title='bbox 1561 329 1780 402; x_wconf 84' lang='grc' dir='ltr'><em>ἀρετὰς,</em></span> 
     </span>
    </p>
   </div>
   <div class='ocr_carea' id='block_1_5' title="bbox 1889 309 3452 402">
    <p class='ocr_par' dir='ltr' id='par_1_5' title="bbox 1889 309 3452 394">
     <span class='ocr_line' id='line_1_5' title="bbox 1889 309 3452 394; baseline 0 -13"><span class='ocrx_word' id='word_1_17' title='bbox 1889 328 2130 382; x_wconf 84' lang='lat' dir='ltr'><strong>stimenta</strong></span> <span class='ocrx_word' id='word_1_18' title='bbox 2161 343 2260 380; x_wconf 88' lang='lat' dir='ltr'><strong>sua</strong></span> <span class='ocrx_word' id='word_1_19' title='bbox 2287 327 2340 379; x_wconf 87' lang='lat' dir='ltr'><strong>in</strong></span> <span class='ocrx_word' id='word_1_20' title='bbox 2366 309 2470 381; x_wconf 87' lang='lat' dir='ltr'><strong>via.</strong></span> <span class='ocrx_word' id='word_1_21' title='bbox 2506 323 2609 381; x_wconf 89' lang='lat' dir='ltr'><strong>Per</strong></span> <span class='ocrx_word' id='word_1_22' title='bbox 2640 323 2746 379; x_wconf 89' lang='lat' dir='ltr'><strong>hoc</strong></span> <span class='ocrx_word' id='word_1_23' title='bbox 2792 323 2940 380; x_wconf 90' lang='lat' dir='ltr'><strong>enim</strong></span> <span class='ocrx_word' id='word_1_24' title='bbox 2971 323 3223 394; x_wconf 85' lang='lat' dir='ltr'><strong>proprias</strong></span> <span class='ocrx_word' id='word_1_25' title='bbox 3263 340 3452 381; x_wconf 87' lang='lat' dir='ltr'><strong>eorum</strong></span> 
     </span>
    </p>
   </div>
   <div class='ocr_carea' id='block_1_6' title="bbox 209 416 1784 490">
    <p class='ocr_par' dir='ltr' id='par_1_6' title="bbox 209 416 1784 490">
     <span class='ocr_line' id='line_1_6' title="bbox 209 416 1784 490; baseline 0.002 -21"><span class='ocrx_word' id='word_1_26' title='bbox 209 416 398 480; x_wconf 77' lang='grc' dir='ltr'><em>καθὼς</em></span> <span class='ocrx_word' id='word_1_27' title='bbox 442 417 693 490; x_wconf 84' lang='grc' dir='ltr'><em>σημαίνει</em></span> <span class='ocrx_word' id='word_1_28' title='bbox 727 420 758 472; x_wconf 99' lang='lat'><strong>6</strong></span> <span class='ocrx_word' id='word_1_29' title='bbox 793 417 1443 490; x_wconf 41' lang='lat' dir='ltr'><strong>EQGWEMG’tﬂCLXéYwV&#39;</strong></span> <span class='ocrx_word' id='word_1_30' title='bbox 1487 421 1686 473; x_wconf 85' lang='grc' dir='ltr'><em>Ἄλλοι</em></span> <span class='ocrx_word' id='word_1_31' title='bbox 1715 419 1784 472; x_wconf 81' lang='grc' dir='ltr'><em>δὲ</em></span> 
     </span>
    </p>
   </div>
   <div class='ocr_carea' id='block_1_7' title="bbox 206 507 1779 581">
    <p class='ocr_par' dir='ltr' id='par_1_7' title="bbox 206 507 1779 581">
     <span class='ocr_line' id='line_1_7' title="bbox 206 507 1779 581; baseline 0.001 -19"><span class='ocrx_word' id='word_1_32' title='bbox 206 507 678 576; x_wconf 77' lang='grc' dir='ltr'><strong>ὑπεστρώννυον</strong></span> <span class='ocrx_word' id='word_1_33' title='bbox 729 507 802 563; x_wconf 88' lang='grc' dir='ltr'><em>τὰ</em></span> <span class='ocrx_word' id='word_1_34' title='bbox 849 509 1047 578; x_wconf 80' lang='grc' dir='ltr'><em>ἱμάτια</em></span> <span class='ocrx_word' id='word_1_35' title='bbox 1088 508 1286 565; x_wconf 87' lang='grc' dir='ltr'><em>αὐτῶν</em></span> <span class='ocrx_word' id='word_1_36' title='bbox 1310 509 1420 581; x_wconf 69' lang='grc'><strong>(72)</strong></span> <span class='ocrx_word' id='word_1_37' title='bbox 1446 509 1516 563; x_wconf 82' lang='grc' dir='ltr'><strong>ἐν</strong></span> <span class='ocrx_word' id='word_1_38' title='bbox 1544 509 1619 578; x_wconf 76' lang='grc' dir='ltr'><em>τῇ</em></span> <span class='ocrx_word' id='word_1_39' title='bbox 1644 509 1779 576; x_wconf 85' lang='grc' dir='ltr'><em>ὁδῷ.</em></span> 
     </span>
    </p>
   </div>
   <div class='ocr_carea' id='block_1_8' title="bbox 212 600 1780 674">
    <p class='ocr_par' dir='ltr' id='par_1_8' title="bbox 212 600 1780 674">
     <span class='ocr_line' id='line_1_8' title="bbox 212 600 1780 674; baseline 0.003 -23"><span class='ocrx_word' id='word_1_40' title='bbox 212 600 313 663; x_wconf 79' lang='grc' dir='ltr'><strong>Εἰς</strong></span> <span class='ocrx_word' id='word_1_41' title='bbox 331 600 488 654; x_wconf 69' lang='grc' dir='ltr'><em>τοῦτο</em></span> <span class='ocrx_word' id='word_1_42' title='bbox 516 601 572 655; x_wconf 88' lang='grc' dir='ltr'><em>δὲ</em></span> <span class='ocrx_word' id='word_1_43' title='bbox 591 601 688 666; x_wconf 85' lang='grc' dir='ltr'><em>τὰς</em></span> <span class='ocrx_word' id='word_1_44' title='bbox 707 601 837 666; x_wconf 79' lang='grc' dir='ltr'><em>ἰδίας</em></span> <span class='ocrx_word' id='word_1_45' title='bbox 862 602 1095 674; x_wconf 84' lang='grc' dir='ltr'><em>ἀρετὰς,</em></span> <span class='ocrx_word' id='word_1_46' title='bbox 1121 601 1188 666; x_wconf 75' lang='grc' dir='ltr'><em>ἃς</em></span> <span class='ocrx_word' id='word_1_47' title='bbox 1230 602 1552 670; x_wconf 82' lang='grc' dir='ltr'><strong>συνέζευξαν</strong></span> <span class='ocrx_word' id='word_1_48' title='bbox 1578 604 1780 674; x_wconf 82' lang='grc' dir='ltr'><em>χάριτι,</em></span> 
     </span>
    </p>
   </div>
   <div class='ocr_carea' id='block_1_9' title="bbox 212 691 1777 765">
    <p class='ocr_par' dir='ltr' id='par_1_9' title="bbox 212 691 1777 765">
     <span class='ocr_line' id='line_1_9' title="bbox 212 691 1777 765; baseline 0.004 -24"><span class='ocrx_word' id='word_1_49' title='bbox 212 691 530 755; x_wconf 78' lang='grc' dir='ltr'><em>αἰνίττεται,</em></span> <span class='ocrx_word' id='word_1_50' title='bbox 573 691 649 756; x_wconf 84' lang='grc' dir='ltr'><em>ὡς</em></span> <span class='ocrx_word' id='word_1_51' title='bbox 692 692 940 765; x_wconf 84' lang='grc' dir='ltr'><strong>φανερῶς</strong></span> <span class='ocrx_word' id='word_1_52' title='bbox 995 692 1142 762; x_wconf 82' lang='grc' dir='ltr'><strong>λέγει</strong></span> <span class='ocrx_word' id='word_1_53' title='bbox 1173 696 1201 747; x_wconf 91' lang='lat'><strong>6</strong></span> <span class='ocrx_word' id='word_1_54' title='bbox 1227 692 1509 758; x_wconf 85' lang='grc' dir='ltr'><strong>θεσπέσιος</strong></span> <span class='ocrx_word' id='word_1_55' title='bbox 1542 694 1777 759; x_wconf 84' lang='grc' dir='ltr'><em>Παῦλος·</em></span> 
     </span>
    </p>
   </div>
   <div class='ocr_carea' id='block_1_10' title="bbox 211 779 1784 856">
    <p class='ocr_par' dir='ltr' id='par_1_10' title="bbox 211 779 1784 856">
     <span class='ocr_line' id='line_1_10' title="bbox 211 779 1784 856; baseline 0.006 -24"><span class='ocrx_word' id='word_1_56' title='bbox 211 782 628 850; x_wconf 82' lang='grc' dir='ltr'><em>Δικαιωθέντες</em></span> <span class='ocrx_word' id='word_1_57' title='bbox 666 779 778 839; x_wconf 83' lang='grc' dir='ltr'><em>οὖν</em></span> <span class='ocrx_word' id='word_1_58' title='bbox 823 785 889 838; x_wconf 81' lang='grc' dir='ltr'><strong>ἐκ</strong></span> <span class='ocrx_word' id='word_1_59' title='bbox 926 786 1216 852; x_wconf 86' lang='grc' dir='ltr'><em>πίστεως,</em></span> <span class='ocrx_word' id='word_1_60' title='bbox 1262 786 1510 854; x_wconf 75' lang='grc' dir='ltr'><em>εἰρήνην</em></span> <span class='ocrx_word' id='word_1_61' title='bbox 1555 785 1784 856; x_wconf 79' lang='grc' dir='ltr'><strong>ἔχωμεν</strong></span> 
     </span>
    </p>
   </div>
   <div class='ocr_carea' id='block_1_11' title="bbox 213 873 1784 947">
    <p class='ocr_par' dir='ltr' id='par_1_11' title="bbox 213 873 1784 947">
     <span class='ocr_line' id='line_1_11' title="bbox 213 873 1784 947; baseline 0.005 -22"><span class='ocrx_word' id='word_1_62' title='bbox 213 873 368 942; x_wconf 87' lang='grc' dir='ltr'><em>πρὸς</em></span> <span class='ocrx_word' id='word_1_63' title='bbox 395 875 502 928; x_wconf 85' lang='grc' dir='ltr'><em>τὸν</em></span> <span class='ocrx_word' id='word_1_64' title='bbox 539 876 687 929; x_wconf 83' lang='grc' dir='ltr'><em>Θεὸν</em></span> <span class='ocrx_word' id='word_1_65' title='bbox 721 873 818 928; x_wconf 86' lang='grc' dir='ltr'><strong>διὰ</strong></span> <span class='ocrx_word' id='word_1_66' title='bbox 843 875 950 930; x_wconf 87' lang='grc' dir='ltr'><em>τοῦ</em></span> <span class='ocrx_word' id='word_1_67' title='bbox 977 877 1196 946; x_wconf 61' lang='grc' dir='ltr'><em>Κυρίου</em></span> <span class='ocrx_word' id='word_1_68' title='bbox 1227 875 1397 947; x_wconf 69' lang='grc' dir='ltr'><em>ἡμῶν</em></span> <span class='ocrx_word' id='word_1_69' title='bbox 1427 878 1630 946; x_wconf 88' lang='grc' dir='ltr'><strong>Ἰησοῦ</strong></span> <span class='ocrx_word' id='word_1_70' title='bbox 1651 882 1784 946; x_wconf 82' lang='grc' dir='ltr'><em>Χρι-</em></span> 
     </span>
    </p>
   </div>
   <div class='ocr_carea' id='block_1_12' title="bbox 210 961 1784 1041">
    <p class='ocr_par' dir='ltr' id='par_1_12' title="bbox 210 961 1784 1041">
     <span class='ocr_line' id='line_1_12' title="bbox 210 961 1784 1041; baseline 0.005 -23"><span class='ocrx_word' id='word_1_71' title='bbox 210 965 388 1028; x_wconf 88' lang='grc' dir='ltr'><em>στοῦ,</em></span> <span class='ocrx_word' id='word_1_72' title='bbox 442 963 515 1018; x_wconf 83' lang='grc' dir='ltr'><em>δι’</em></span> <span class='ocrx_word' id='word_1_73' title='bbox 550 961 622 1021; x_wconf 85' lang='grc' dir='ltr'><em>οὗ</em></span> <span class='ocrx_word' id='word_1_74' title='bbox 654 964 752 1018; x_wconf 78' lang='grc' dir='ltr'><em>καὶ</em></span> <span class='ocrx_word' id='word_1_75' title='bbox 777 965 892 1034; x_wconf 77' lang='grc' dir='ltr'><em>τὴν</em></span> <span class='ocrx_word' id='word_1_76' title='bbox 923 967 1320 1038; x_wconf 71' lang='grc' dir='ltr'><strong>προσαγωγὴν</strong></span> <span class='ocrx_word' id='word_1_77' title='bbox 1343 969 1687 1041; x_wconf 83' lang='grc' dir='ltr'><strong>ἐσχήκαμεν</strong></span> <span class='ocrx_word' id='word_1_78' title='bbox 1714 972 1784 1026; x_wconf 85' lang='grc' dir='ltr'><strong>ἐν</strong></span> 
     </span>
    </p>
   </div>
   <div class='ocr_carea' id='block_1_13' title="bbox 210 1053 1779 1133">
    <p class='ocr_par' dir='ltr' id='par_1_13' title="bbox 210 1053 1779 1133">
     <span class='ocr_line' id='line_1_13' title="bbox 210 1053 1779 1133; baseline 0.006 -25"><span class='ocrx_word' id='word_1_79' title='bbox 210 1053 290 1123; x_wconf 77' lang='grc' dir='ltr'><em>τῇ</em></span> <span class='ocrx_word' id='word_1_80' title='bbox 317 1056 513 1110; x_wconf 84' lang='grc' dir='ltr'><strong>πίστει</strong></span> <span class='ocrx_word' id='word_1_81' title='bbox 539 1059 625 1122; x_wconf 80' lang='grc' dir='ltr'><em>εὶς</em></span> <span class='ocrx_word' id='word_1_82' title='bbox 645 1055 759 1124; x_wconf 83' lang='grc' dir='ltr'><em>τὴν</em></span> <span class='ocrx_word' id='word_1_83' title='bbox 785 1055 958 1127; x_wconf 82' lang='grc' dir='ltr'><strong>χάριν</strong></span> <span class='ocrx_word' id='word_1_84' title='bbox 983 1060 1222 1128; x_wconf 87' lang='grc' dir='ltr'><em>ταύτην,</em></span> <span class='ocrx_word' id='word_1_85' title='bbox 1248 1060 1316 1114; x_wconf 85' lang='grc' dir='ltr'><strong>ἐν</strong></span> <span class='ocrx_word' id='word_1_86' title='bbox 1347 1056 1388 1133; x_wconf 80' lang='grc' dir='ltr'><em>ᾗ</em></span> <span class='ocrx_word' id='word_1_87' title='bbox 1416 1063 1779 1133; x_wconf 81' lang='grc' dir='ltr'><em>ἑστήκαμεν,</em></span> 
     </span>
    </p>
   </div>
   <div class='ocr_carea' id='block_1_14' title="bbox 209 1145 1778 1218">
    <p class='ocr_par' dir='ltr' id='par_1_14' title="bbox 209 1145 1778 1218">
     <span class='ocr_line' id='line_1_14' title="bbox 209 1145 1778 1218; baseline 0.006 -21"><span class='ocrx_word' id='word_1_88' title='bbox 209 1145 312 1198; x_wconf 80' lang='grc' dir='ltr'><em>καὶ</em></span> <span class='ocrx_word' id='word_1_89' title='bbox 347 1145 693 1215; x_wconf 78' lang='grc' dir='ltr'><strong>καυχώμεθα</strong></span> <span class='ocrx_word' id='word_1_90' title='bbox 720 1147 812 1201; x_wconf 77' lang='grc' dir='ltr'><em>ἐπ’</em></span> <span class='ocrx_word' id='word_1_91' title='bbox 839 1147 1036 1201; x_wconf 81' lang='grc' dir='ltr'><em>ἐλπίδι</em></span> <span class='ocrx_word' id='word_1_92' title='bbox 1085 1147 1196 1218; x_wconf 83' lang='grc' dir='ltr'><em>τῆς</em></span> <span class='ocrx_word' id='word_1_93' title='bbox 1249 1149 1431 1218; x_wconf 79' lang='grc' dir='ltr'><em>δόξης</em></span> <span class='ocrx_word' id='word_1_94' title='bbox 1466 1152 1571 1206; x_wconf 86' lang='grc' dir='ltr'><em>τοῦ</em></span> <span class='ocrx_word' id='word_1_95' title='bbox 1609 1152 1778 1208; x_wconf 85' lang='grc' dir='ltr'><em>Θεοῦ.</em></span> 
     </span>
    </p>
   </div>
   <div class='ocr_carea' id='block_1_15' title="bbox 212 1235 1783 1311">
    <p class='ocr_par' dir='ltr' id='par_1_15' title="bbox 212 1235 1783 1311">
     <span class='ocr_line' id='line_1_15' title="bbox 212 1235 1783 1311; baseline 0.006 -23"><span class='ocrx_word' id='word_1_96' title='bbox 212 1235 363 1298; x_wconf 86' lang='grc' dir='ltr'><strong>Ἕως</strong></span> <span class='ocrx_word' id='word_1_97' title='bbox 394 1237 450 1290; x_wconf 82' lang='grc' dir='ltr'><em>δὲ</em></span> <span class='ocrx_word' id='word_1_98' title='bbox 484 1236 717 1311; x_wconf 76' lang='grc' dir='ltr'><em>[τούτου]</em></span> <span class='ocrx_word' id='word_1_99' title='bbox 738 1239 804 1292; x_wconf 86' lang='grc' dir='ltr'><em>τὰ</em></span> <span class='ocrx_word' id='word_1_100' title='bbox 831 1239 930 1311; x_wconf 86' lang='grc' dir='ltr'><em>τῆς</em></span> <span class='ocrx_word' id='word_1_101' title='bbox 953 1239 1194 1310; x_wconf 83' lang='grc' dir='ltr'><em>χάριτος.</em></span> <span class='ocrx_word' id='word_1_102' title='bbox 1223 1244 1304 1296; x_wconf 86' lang='grc' dir='ltr'><strong>Οὐ</strong></span> <span class='ocrx_word' id='word_1_103' title='bbox 1328 1244 1520 1310; x_wconf 86' lang='grc' dir='ltr'><em>μόνον</em></span> <span class='ocrx_word' id='word_1_104' title='bbox 1549 1241 1616 1294; x_wconf 84' lang='grc' dir='ltr'><em>δὲ</em></span> <span class='ocrx_word' id='word_1_105' title='bbox 1634 1283 1648 1306; x_wconf 91' lang='grc'><strong>,</strong></span> <span class='ocrx_word' id='word_1_106' title='bbox 1675 1244 1783 1297; x_wconf 86' lang='grc' dir='ltr'><em>άλ-</em></span> 
     </span>
    </p>
   </div>
   <div class='ocr_carea' id='block_1_16' title="bbox 206 1325 1782 1404">
    <p class='ocr_par' dir='ltr' id='par_1_16' title="bbox 206 1325 1782 1404">
     <span class='ocr_line' id='line_1_16' title="bbox 206 1325 1782 1404; baseline 0.006 -25"><span class='ocrx_word' id='word_1_107' title='bbox 206 1325 294 1380; x_wconf 84' lang='grc' dir='ltr'><em>λὰ</em></span> <span class='ocrx_word' id='word_1_108' title='bbox 326 1328 424 1381; x_wconf 81' lang='grc' dir='ltr'><strong>καὶ</strong></span> <span class='ocrx_word' id='word_1_109' title='bbox 455 1329 803 1400; x_wconf 82' lang='grc' dir='ltr'><strong>καυχώμεθα</strong></span> <span class='ocrx_word' id='word_1_110' title='bbox 838 1333 907 1386; x_wconf 80' lang='grc' dir='ltr'><strong>ἐν</strong></span> <span class='ocrx_word' id='word_1_111' title='bbox 932 1333 1061 1399; x_wconf 87' lang='grc' dir='ltr'><em>ταῖς</em></span> <span class='ocrx_word' id='word_1_112' title='bbox 1085 1334 1368 1402; x_wconf 69' lang='grc' dir='ltr'><em>θλίψεσιν</em></span> <span class='ocrx_word' id='word_1_113' title='bbox 1403 1333 1588 1404; x_wconf 70' lang='grc' dir='ltr'><em>ἡμῶν,</em></span> <span class='ocrx_word' id='word_1_114' title='bbox 1631 1335 1782 1389; x_wconf 77' lang='grc' dir='ltr'><em>ειδό-</em></span> 
     </span>
    </p>
   </div>
   <div class='ocr_carea' id='block_1_17' title="bbox 209 1420 1782 1495">
    <p class='ocr_par' dir='ltr' id='par_1_17' title="bbox 209 1420 1782 1495">
     <span class='ocr_line' id='line_1_17' title="bbox 209 1420 1782 1495; baseline 0.005 -24"><span class='ocrx_word' id='word_1_115' title='bbox 209 1435 333 1484; x_wconf 88' lang='grc' dir='ltr'><em>τες,</em></span> <span class='ocrx_word' id='word_1_116' title='bbox 395 1420 482 1474; x_wconf 87' lang='grc' dir='ltr'><em>ὅτι</em></span> <span class='ocrx_word' id='word_1_117' title='bbox 526 1423 731 1492; x_wconf 71' lang='grc' dir='ltr'><em>θλίψις</em></span> <span class='ocrx_word' id='word_1_118' title='bbox 777 1425 1093 1494; x_wconf 81' lang='grc' dir='ltr'><em>ὑπομονὴν</em></span> <span class='ocrx_word' id='word_1_119' title='bbox 1133 1424 1535 1495; x_wconf 76' lang='grc' dir='ltr'><strong>κατεργάζεται</strong></span> <span class='ocrx_word' id='word_1_120' title='bbox 1562 1443 1575 1456; x_wconf 91' lang='grc'><strong>·</strong></span> <span class='ocrx_word' id='word_1_121' title='bbox 1625 1429 1663 1495; x_wconf 75' lang='grc' dir='ltr'>ἡ</span> <span class='ocrx_word' id='word_1_122' title='bbox 1713 1426 1782 1479; x_wconf 88' lang='grc' dir='ltr'><em>δὲ</em></span> 
     </span>
    </p>
   </div>
   <div class='ocr_carea' id='block_1_18' title="bbox 205 1511 1781 1585">
    <p class='ocr_par' dir='ltr' id='par_1_18' title="bbox 205 1511 1781 1585">
     <span class='ocr_line' id='line_1_18' title="bbox 205 1511 1781 1585; baseline 0.006 -23"><span class='ocrx_word' id='word_1_123' title='bbox 205 1511 486 1581; x_wconf 80' lang='grc' dir='ltr'><em>ὑπομονὴ</em></span> <span class='ocrx_word' id='word_1_124' title='bbox 517 1512 796 1583; x_wconf 78' lang='grc' dir='ltr'><em>δοκιμήν·</em></span> <span class='ocrx_word' id='word_1_125' title='bbox 827 1514 864 1582; x_wconf 78' lang='grc' dir='ltr'>ἡ</span> <span class='ocrx_word' id='word_1_126' title='bbox 891 1514 958 1567; x_wconf 85' lang='grc' dir='ltr'><em>δὲ</em></span> <span class='ocrx_word' id='word_1_127' title='bbox 978 1515 1192 1585; x_wconf 80' lang='grc' dir='ltr'><em>δοκιμὴ</em></span> <span class='ocrx_word' id='word_1_128' title='bbox 1223 1516 1471 1570; x_wconf 78' lang='grc' dir='ltr'><strong>ἐλπίδα·</strong></span> <span class='ocrx_word' id='word_1_129' title='bbox 1507 1518 1544 1584; x_wconf 77' lang='grc' dir='ltr'>ἡ</span> <span class='ocrx_word' id='word_1_130' title='bbox 1576 1516 1644 1568; x_wconf 88' lang='grc' dir='ltr'><em>δὲ</em></span> <span class='ocrx_word' id='word_1_131' title='bbox 1681 1518 1781 1570; x_wconf 83' lang='grc' dir='ltr'><em>ἐλ-</em></span> 
     </span>
    </p>
   </div>
   <div class='ocr_carea' id='block_1_19' title="bbox 208 1600 1782 1677">
    <p class='ocr_par' dir='ltr' id='par_1_19' title="bbox 208 1600 1782 1677">
     <span class='ocr_line' id='line_1_19' title="bbox 208 1600 1782 1677; baseline 0.006 -24"><span class='ocrx_word' id='word_1_132' title='bbox 208 1600 318 1666; x_wconf 81' lang='grc' dir='ltr'><em>πὶς</em></span> <span class='ocrx_word' id='word_1_133' title='bbox 347 1603 458 1656; x_wconf 84' lang='grc' dir='ltr'><em>οὐκ</em></span> <span class='ocrx_word' id='word_1_134' title='bbox 483 1605 757 1673; x_wconf 81' lang='grc' dir='ltr'><em>αὶσχύνει</em></span> <span class='ocrx_word' id='word_1_135' title='bbox 777 1622 792 1637; x_wconf 88' lang='grc'><strong>·</strong></span> <span class='ocrx_word' id='word_1_136' title='bbox 825 1605 914 1659; x_wconf 81' lang='grc' dir='ltr'><em>ὅτι</em></span> <span class='ocrx_word' id='word_1_137' title='bbox 944 1607 978 1673; x_wconf 80' lang='grc' dir='ltr'><strong><em>ἡ</em></strong></span> <span class='ocrx_word' id='word_1_138' title='bbox 1003 1605 1201 1677; x_wconf 80' lang='grc' dir='ltr'><strong>ἀγάπη</strong></span> <span class='ocrx_word' id='word_1_139' title='bbox 1228 1606 1504 1675; x_wconf 66' lang='grc' dir='ltr'><em>τοῦξΘεοῦ</em></span> <span class='ocrx_word' id='word_1_140' title='bbox 1535 1607 1782 1675; x_wconf 82' lang='grc' dir='ltr'><em>ἐκκέχυ-</em></span> 
     </span>
    </p>
   </div>
   <div class='ocr_carea' id='block_1_20' title="bbox 1889 416 3456 488">
    <p class='ocr_par' dir='ltr' id='par_1_20' title="bbox 1889 416 3456 488">
     <span class='ocr_line' id='line_1_20' title="bbox 1889 416 3456 488; baseline 0 -15"><span class='ocrx_word' id='word_1_141' title='bbox 1889 418 2120 473; x_wconf 87' lang='lat' dir='ltr'><strong>virtutes</strong></span> <span class='ocrx_word' id='word_1_142' title='bbox 2142 432 2279 487; x_wconf 85' lang='lat' dir='ltr'><strong>quas</strong></span> <span class='ocrx_word' id='word_1_143' title='bbox 2309 417 2496 488; x_wconf 72' lang='lat' dir='ltr'><strong>gratiae</strong></span> <span class='ocrx_word' id='word_1_144' title='bbox 2522 416 2963 486; x_wconf 79' lang='lat' dir='ltr'><strong>conjunxerunt,</strong></span> <span class='ocrx_word' id='word_1_145' title='bbox 2997 416 3232 481; x_wconf 81' lang='lat' dir='ltr'><strong>indicat,</strong></span> <span class='ocrx_word' id='word_1_146' title='bbox 3264 432 3456 487; x_wconf 89' lang='lat' dir='ltr'><strong>quem-</strong></span> 
     </span>
    </p>
   </div>
   <div class='ocr_carea' id='block_1_21' title="bbox 1888 507 3454 579">
    <p class='ocr_par' dir='ltr' id='par_1_21' title="bbox 1888 507 3454 579">
     <span class='ocr_line' id='line_1_21' title="bbox 1888 507 3454 579; baseline 0 -15"><span class='ocrx_word' id='word_1_147' title='bbox 1888 508 2179 564; x_wconf 87' lang='lat' dir='ltr'><strong>admodum</strong></span> <span class='ocrx_word' id='word_1_148' title='bbox 2209 508 2548 563; x_wconf 86' lang='lat' dir='ltr'><strong>admirabilis</strong></span> <span class='ocrx_word' id='word_1_149' title='bbox 2574 507 2779 564; x_wconf 85' lang='lat' dir='ltr'><strong>Paulus</strong></span> <span class='ocrx_word' id='word_1_150' title='bbox 2802 516 2987 578; x_wconf 84' lang='lat' dir='ltr'><strong>aperte</strong></span> <span class='ocrx_word' id='word_1_151' title='bbox 3013 508 3089 563; x_wconf 89' lang='lat' dir='ltr'><strong>ait</strong></span> <span class='ocrx_word' id='word_1_152' title='bbox 3115 527 3128 563; x_wconf 90' lang='lat'><strong>:</strong></span> <span class='ocrx_word' id='word_1_153' title='bbox 3157 507 3454 579; x_wconf 79' lang='lat' dir='ltr'><strong>Justiﬁcati</strong></span> 
     </span>
    </p>
   </div>
   <div class='ocr_carea' id='block_1_22' title="bbox 1886 599 3454 672">
    <p class='ocr_par' dir='ltr' id='par_1_22' title="bbox 1886 599 3454 672">
     <span class='ocr_line' id='line_1_22' title="bbox 1886 599 3454 672; baseline -0.001 -16"><span class='ocrx_word' id='word_1_154' title='bbox 1886 617 2008 672; x_wconf 87' lang='lat' dir='ltr'><strong>ergo</strong></span> <span class='ocrx_word' id='word_1_155' title='bbox 2037 616 2102 656; x_wconf 80' lang='lat' dir='ltr'><strong>ea:</strong></span> <span class='ocrx_word' id='word_1_156' title='bbox 2128 599 2233 670; x_wconf 80' lang='lat' dir='ltr'><strong>ﬁde</strong></span> <span class='ocrx_word' id='word_1_157' title='bbox 2258 615 2437 669; x_wconf 89' lang='lat' dir='ltr'><strong>pacem</strong></span> <span class='ocrx_word' id='word_1_158' title='bbox 2465 599 2750 654; x_wconf 75' lang='lat' dir='ltr'><strong>habeamus</strong></span> <span class='ocrx_word' id='word_1_159' title='bbox 2773 599 2842 654; x_wconf 89' lang='lat' dir='ltr'><strong>ad</strong></span> <span class='ocrx_word' id='word_1_160' title='bbox 2869 599 3038 655; x_wconf 89' lang='lat' dir='ltr'><strong>Deum</strong></span> <span class='ocrx_word' id='word_1_161' title='bbox 3057 616 3148 670; x_wconf 91' lang='lat' dir='ltr'><strong>per</strong></span> <span class='ocrx_word' id='word_1_162' title='bbox 3168 600 3454 655; x_wconf 83' lang='lat' dir='ltr'><strong>Dominum</strong></span> 
     </span>
    </p>
   </div>
   <div class='ocr_carea' id='block_1_23' title="bbox 1886 689 3455 760">
    <p class='ocr_par' dir='ltr' id='par_1_23' title="bbox 1886 689 3455 760">
     <span class='ocr_line' id='line_1_23' title="bbox 1886 689 3455 760; baseline -0.003 -12"><span class='ocrx_word' id='word_1_163' title='bbox 1886 701 2126 748; x_wconf 87' lang='lat' dir='ltr'><strong>nostrum</strong></span> <span class='ocrx_word' id='word_1_164' title='bbox 2147 691 2330 747; x_wconf 85' lang='lat' dir='ltr'><strong>Jesum</strong></span> <span class='ocrx_word' id='word_1_165' title='bbox 2361 690 2673 747; x_wconf 76' lang='lat' dir='ltr'><strong>Christum:</strong></span> <span class='ocrx_word' id='word_1_166' title='bbox 2702 707 2794 760; x_wconf 86' lang='lat' dir='ltr'><strong>per</strong></span> <span class='ocrx_word' id='word_1_167' title='bbox 2822 706 2971 760; x_wconf 91' lang='lat' dir='ltr'><strong>quem</strong></span> <span class='ocrx_word' id='word_1_168' title='bbox 3003 702 3054 745; x_wconf 89' lang='lat' dir='ltr'><strong>et</strong></span> <span class='ocrx_word' id='word_1_169' title='bbox 3081 689 3330 744; x_wconf 89' lang='lat' dir='ltr'><strong>habemus</strong></span> <span class='ocrx_word' id='word_1_170' title='bbox 3362 707 3455 744; x_wconf 90' lang='lat' dir='ltr'><strong>ac-</strong></span> 
     </span>
    </p>
   </div>
   <div class='ocr_carea' id='block_1_24' title="bbox 1887 780 3452 853">
    <p class='ocr_par' dir='ltr' id='par_1_24' title="bbox 1887 780 3452 853">
     <span class='ocr_line' id='line_1_24' title="bbox 1887 780 3452 853; baseline -0.001 -17"><span class='ocrx_word' id='word_1_171' title='bbox 1887 798 2091 838; x_wconf 87' lang='lat' dir='ltr'><strong>cessum</strong></span> <span class='ocrx_word' id='word_1_172' title='bbox 2122 799 2213 852; x_wconf 91' lang='lat' dir='ltr'><strong>per</strong></span> <span class='ocrx_word' id='word_1_173' title='bbox 2237 781 2393 852; x_wconf 79' lang='lat' dir='ltr'><strong>ﬁdem</strong></span> <span class='ocrx_word' id='word_1_174' title='bbox 2425 782 2479 835; x_wconf 89' lang='lat' dir='ltr'><strong>in</strong></span> <span class='ocrx_word' id='word_1_175' title='bbox 2516 782 2746 853; x_wconf 88' lang='lat' dir='ltr'><strong>gratiam</strong></span> <span class='ocrx_word' id='word_1_176' title='bbox 2779 781 2939 834; x_wconf 89' lang='lat' dir='ltr'><strong>istam</strong></span> <span class='ocrx_word' id='word_1_177' title='bbox 2959 820 2974 843; x_wconf 96' lang='lat'><strong>,</strong></span> <span class='ocrx_word' id='word_1_178' title='bbox 3002 780 3057 833; x_wconf 89' lang='lat' dir='ltr'><strong>in</strong></span> <span class='ocrx_word' id='word_1_179' title='bbox 3086 797 3190 850; x_wconf 89' lang='lat' dir='ltr'><strong>qua</strong></span> <span class='ocrx_word' id='word_1_180' title='bbox 3219 789 3452 846; x_wconf 88' lang='lat' dir='ltr'><strong>stamus,</strong></span> 
     </span>
    </p>
   </div>
   <div class='ocr_carea' id='block_1_25' title="bbox 1886 870 3455 944">
    <p class='ocr_par' dir='ltr' id='par_1_25' title="bbox 1886 870 3455 944">
     <span class='ocr_line' id='line_1_25' title="bbox 1886 870 3455 944; baseline -0.001 -17"><span class='ocrx_word' id='word_1_181' title='bbox 1886 884 1934 927; x_wconf 91' lang='lat' dir='ltr'><strong>et</strong></span> <span class='ocrx_word' id='word_1_182' title='bbox 1961 873 2326 944; x_wconf 70' lang='lat' dir='ltr'><strong>gloriamurjn</strong></span> <span class='ocrx_word' id='word_1_183' title='bbox 2346 889 2433 943; x_wconf 92' lang='lat' dir='ltr'><strong>spe</strong></span> <span class='ocrx_word' id='word_1_184' title='bbox 2454 873 2638 944; x_wconf 72' lang='lat' dir='ltr'><strong>gloria:</strong></span> <span class='ocrx_word' id='word_1_185' title='bbox 2660 872 2757 927; x_wconf 94' lang='lat' dir='ltr'><strong>Dei</strong></span> <span class='ocrx_word' id='word_1_186' title='bbox 2784 873 2851 927; x_wconf 77' lang='lat'><strong>“.</strong></span> <span class='ocrx_word' id='word_1_187' title='bbox 2880 870 3156 928; x_wconf 80' lang='lat' dir='ltr'><strong>Hactenus</strong></span> <span class='ocrx_word' id='word_1_188' title='bbox 3179 887 3301 942; x_wconf 73' lang='lat' dir='ltr'><strong>quae</strong></span> <span class='ocrx_word' id='word_1_189' title='bbox 3328 888 3455 943; x_wconf 89' lang='lat' dir='ltr'><strong>spe-</strong></span> 
     </span>
    </p>
   </div>
   <div class='ocr_carea' id='block_1_26' title="bbox 1887 956 3454 1034">
    <p class='ocr_par' dir='ltr' id='par_1_26' title="bbox 1887 956 3454 1034">
     <span class='ocr_line' id='line_1_26' title="bbox 1887 956 3454 1034; baseline -0.001 -14"><span class='ocrx_word' id='word_1_190' title='bbox 1887 972 2036 1020; x_wconf 88' lang='lat' dir='ltr'><strong>ctant</strong></span> <span class='ocrx_word' id='word_1_191' title='bbox 2065 964 2132 1018; x_wconf 93' lang='lat' dir='ltr'><strong>ad</strong></span> <span class='ocrx_word' id='word_1_192' title='bbox 2172 965 2427 1034; x_wconf 76' lang='lat' dir='ltr'><strong>gratiam.</strong></span> <span class='ocrx_word' id='word_1_193' title='bbox 2460 956 2586 1020; x_wconf 87' lang='lat' dir='ltr'><strong>Non</strong></span> <span class='ocrx_word' id='word_1_194' title='bbox 2613 965 2787 1019; x_wconf 88' lang='lat' dir='ltr'><strong>solum</strong></span> <span class='ocrx_word' id='word_1_195' title='bbox 2815 974 2992 1019; x_wconf 90' lang='lat' dir='ltr'><strong>autem</strong></span> <span class='ocrx_word' id='word_1_196' title='bbox 3017 1003 3033 1029; x_wconf 94' lang='lat'><strong>,</strong></span> <span class='ocrx_word' id='word_1_197' title='bbox 3063 963 3153 1018; x_wconf 86' lang='lat' dir='ltr'><strong>sed</strong></span> <span class='ocrx_word' id='word_1_198' title='bbox 3175 974 3226 1018; x_wconf 90' lang='lat' dir='ltr'><strong>et</strong></span> <span class='ocrx_word' id='word_1_199' title='bbox 3253 965 3454 1034; x_wconf 81' lang='lat' dir='ltr'><strong>gloria-</strong></span> 
     </span>
    </p>
   </div>
   <div class='ocr_carea' id='block_1_27' title="bbox 1887 1053 3452 1126">
    <p class='ocr_par' dir='ltr' id='par_1_27' title="bbox 1887 1053 3452 1126">
     <span class='ocr_line' id='line_1_27' title="bbox 1887 1053 3452 1126; baseline 0.001 -18"><span class='ocrx_word' id='word_1_200' title='bbox 1887 1071 2006 1108; x_wconf 88' lang='lat' dir='ltr'><strong>mur</strong></span> <span class='ocrx_word' id='word_1_201' title='bbox 2023 1055 2075 1108; x_wconf 88' lang='lat' dir='ltr'><strong>in</strong></span> <span class='ocrx_word' id='word_1_202' title='bbox 2092 1053 2515 1109; x_wconf 77' lang='lat' dir='ltr'><strong>tribulationibus</strong></span> <span class='ocrx_word' id='word_1_203' title='bbox 2535 1057 2729 1110; x_wconf 75' lang='lat' dir='ltr'><strong>nostris</strong></span> <span class='ocrx_word' id='word_1_204' title='bbox 2746 1072 2765 1109; x_wconf 93' lang='lat'><strong>:</strong></span> <span class='ocrx_word' id='word_1_205' title='bbox 2783 1056 3004 1109; x_wconf 76' lang='lat' dir='ltr'><strong>scientes</strong></span> <span class='ocrx_word' id='word_1_206' title='bbox 3019 1054 3156 1126; x_wconf 88' lang='lat' dir='ltr'><strong>quod</strong></span> <span class='ocrx_word' id='word_1_207' title='bbox 3178 1055 3452 1110; x_wconf 82' lang='lat' dir='ltr'><strong>tribulatio</strong></span> 
     </span>
    </p>
   </div>
   <div class='ocr_carea' id='block_1_28' title="bbox 1884 1145 3450 1216">
    <p class='ocr_par' dir='ltr' id='par_1_28' title="bbox 1884 1145 3450 1216">
     <span class='ocr_line' id='line_1_28' title="bbox 1884 1145 3450 1216; baseline 0.001 -16"><span class='ocrx_word' id='word_1_208' title='bbox 1884 1145 2197 1214; x_wconf 85' lang='lat' dir='ltr'><strong>patientiam</strong></span> <span class='ocrx_word' id='word_1_209' title='bbox 2242 1156 2526 1216; x_wconf 82' lang='lat' dir='ltr'><strong>operatur;</strong></span> <span class='ocrx_word' id='word_1_210' title='bbox 2556 1147 2814 1215; x_wconf 85' lang='lat' dir='ltr'><strong>patientia</strong></span> <span class='ocrx_word' id='word_1_211' title='bbox 2841 1155 3018 1200; x_wconf 89' lang='lat' dir='ltr'><strong>autem</strong></span> <span class='ocrx_word' id='word_1_212' title='bbox 3047 1145 3450 1216; x_wconf 84' lang='lat' dir='ltr'><strong>probationem;</strong></span> 
     </span>
    </p>
   </div>
   <div class='ocr_carea' id='block_1_29' title="bbox 1885 1237 3453 1309">
    <p class='ocr_par' dir='ltr' id='par_1_29' title="bbox 1885 1237 3453 1309">
     <span class='ocr_line' id='line_1_29' title="bbox 1885 1237 3453 1309; baseline 0.001 -19"><span class='ocrx_word' id='word_1_213' title='bbox 1885 1237 2128 1306; x_wconf 85' lang='lat' dir='ltr'><strong>probatio</strong></span> <span class='ocrx_word' id='word_1_214' title='bbox 2156 1255 2273 1293; x_wconf 89' lang='lat' dir='ltr'><strong>vero</strong></span> <span class='ocrx_word' id='word_1_215' title='bbox 2299 1255 2480 1309; x_wconf 84' lang='lat' dir='ltr'><strong>spem;</strong></span> <span class='ocrx_word' id='word_1_216' title='bbox 2508 1255 2621 1308; x_wconf 82' lang='lat' dir='ltr'><strong>spes</strong></span> <span class='ocrx_word' id='word_1_217' title='bbox 2651 1248 2826 1294; x_wconf 90' lang='lat' dir='ltr'><strong>autem</strong></span> <span class='ocrx_word' id='word_1_218' title='bbox 2852 1255 2956 1293; x_wconf 87' lang='lat' dir='ltr'><strong>non</strong></span> <span class='ocrx_word' id='word_1_219' title='bbox 2983 1238 3258 1308; x_wconf 81' lang='lat' dir='ltr'><strong>confundit</strong></span> <span class='ocrx_word' id='word_1_220' title='bbox 3284 1255 3304 1293; x_wconf 90' lang='lat'><strong>:</strong></span> <span class='ocrx_word' id='word_1_221' title='bbox 3327 1239 3453 1309; x_wconf 86' lang='lat' dir='ltr'><strong>quia</strong></span> 
     </span>
    </p>
   </div>
   <div class='ocr_carea' id='block_1_30' title="bbox 1892 1330 3452 1403">
    <p class='ocr_par' dir='ltr' id='par_1_30' title="bbox 1892 1330 3452 1403">
     <span class='ocr_line' id='line_1_30' title="bbox 1892 1330 3452 1403; baseline 0.001 -18"><span class='ocrx_word' id='word_1_222' title='bbox 1892 1330 2126 1385; x_wconf 83' lang='lat' dir='ltr'><strong>charitas</strong></span> <span class='ocrx_word' id='word_1_223' title='bbox 2146 1331 2244 1386; x_wconf 86' lang='lat' dir='ltr'><strong>Dei</strong></span> <span class='ocrx_word' id='word_1_224' title='bbox 2279 1331 2478 1401; x_wconf 72' lang='lat' dir='ltr'><strong>di/I‘usa</strong></span> <span class='ocrx_word' id='word_1_225' title='bbox 2507 1344 2582 1386; x_wconf 85' lang='lat' dir='ltr'><strong>est</strong></span> <span class='ocrx_word' id='word_1_226' title='bbox 2603 1334 2656 1387; x_wconf 92' lang='lat' dir='ltr'><strong>in</strong></span> <span class='ocrx_word' id='word_1_227' title='bbox 2678 1333 2921 1388; x_wconf 83' lang='lat' dir='ltr'><strong>cordibus</strong></span> <span class='ocrx_word' id='word_1_228' title='bbox 2937 1335 3134 1388; x_wconf 78' lang='lat' dir='ltr'><strong>nostris</strong></span> <span class='ocrx_word' id='word_1_229' title='bbox 3160 1348 3251 1402; x_wconf 85' lang='lat' dir='ltr'><strong>per</strong></span> <span class='ocrx_word' id='word_1_230' title='bbox 3278 1332 3452 1403; x_wconf 87' lang='lat' dir='ltr'><strong>Spiri-</strong></span> 
     </span>
    </p>
   </div>
   <div class='ocr_carea' id='block_1_31' title="bbox 1889 1424 3450 1495">
    <p class='ocr_par' dir='ltr' id='par_1_31' title="bbox 1889 1424 3450 1495">
     <span class='ocr_line' id='line_1_31' title="bbox 1889 1424 3450 1495; baseline 0.002 -17"><span class='ocrx_word' id='word_1_231' title='bbox 1889 1433 1999 1478; x_wconf 89' lang='lat' dir='ltr'><strong>tum</strong></span> <span class='ocrx_word' id='word_1_232' title='bbox 2042 1434 2286 1478; x_wconf 87' lang='lat' dir='ltr'><strong>sanctum</strong></span> <span class='ocrx_word' id='word_1_233' title='bbox 2321 1426 2410 1495; x_wconf 88' lang='lat' dir='ltr'><strong>qui</strong></span> <span class='ocrx_word' id='word_1_234' title='bbox 2451 1426 2610 1480; x_wconf 77' lang='lat' dir='ltr'><strong>datus</strong></span> <span class='ocrx_word' id='word_1_235' title='bbox 2649 1434 2728 1480; x_wconf 85' lang='lat' dir='ltr'><strong>est</strong></span> <span class='ocrx_word' id='word_1_236' title='bbox 2769 1424 2918 1479; x_wconf 86' lang='lat' dir='ltr'><strong>nobis</strong></span> <span class='ocrx_word' id='word_1_237' title='bbox 2952 1425 3020 1478; x_wconf 84' lang='grc'><strong>⁸¹.</strong></span> <span class='ocrx_word' id='word_1_238' title='bbox 3064 1424 3220 1492; x_wconf 82' lang='lat' dir='ltr'><strong>Quod</strong></span> <span class='ocrx_word' id='word_1_239' title='bbox 3266 1435 3450 1481; x_wconf 89' lang='lat' dir='ltr'><strong>autem</strong></span> 
     </span>
    </p>
   </div>
   <div class='ocr_carea' id='block_1_32' title="bbox 1887 1515 3469 1588">
    <p class='ocr_par' dir='ltr' id='par_1_32' title="bbox 1887 1515 3469 1588">
     <span class='ocr_line' id='line_1_32' title="bbox 1887 1515 3469 1588; baseline 0.001 -20"><span class='ocrx_word' id='word_1_240' title='bbox 1887 1516 1998 1581; x_wconf 89' lang='lat' dir='ltr'><strong>ait,</strong></span> <span class='ocrx_word' id='word_1_241' title='bbox 2034 1515 2346 1572; x_wconf 83' lang='lat' dir='ltr'><strong>Sternebant</strong></span> <span class='ocrx_word' id='word_1_242' title='bbox 2380 1517 2433 1570; x_wconf 87' lang='lat' dir='ltr'><strong>in</strong></span> <span class='ocrx_word' id='word_1_243' title='bbox 2464 1518 2550 1571; x_wconf 87' lang='lat' dir='ltr'><strong>via</strong></span> <span class='ocrx_word' id='word_1_244' title='bbox 2569 1558 2584 1581; x_wconf 92' lang='lat'><strong>,</strong></span> <span class='ocrx_word' id='word_1_245' title='bbox 2615 1533 2682 1572; x_wconf 93' lang='lat' dir='ltr'><strong>eo</strong></span> <span class='ocrx_word' id='word_1_246' title='bbox 2713 1516 2918 1572; x_wconf 91' lang='lat' dir='ltr'><strong>dictum</strong></span> <span class='ocrx_word' id='word_1_247' title='bbox 2949 1517 3052 1580; x_wconf 87' lang='lat' dir='ltr'><strong>sit,</strong></span> <span class='ocrx_word' id='word_1_248' title='bbox 3084 1517 3228 1588; x_wconf 90' lang='lat' dir='ltr'><strong>quod</strong></span> <span class='ocrx_word' id='word_1_249' title='bbox 3259 1532 3469 1572; x_wconf 22' lang='lat' dir='ltr'><strong>eorum.</strong></span> 
     </span>
    </p>
   </div>
   <div class='ocr_carea' id='block_1_33' title="bbox 1885 1609 3452 1680">
    <p class='ocr_par' dir='ltr' id='par_1_33' title="bbox 1885 1609 3452 1680">
     <span class='ocr_line' id='line_1_33' title="bbox 1885 1609 3452 1680; baseline 0 -16"><span class='ocrx_word' id='word_1_250' title='bbox 1885 1611 2114 1665; x_wconf 79' lang='lat' dir='ltr'><strong>virtutes</strong></span> <span class='ocrx_word' id='word_1_251' title='bbox 2145 1623 2329 1664; x_wconf 91' lang='lat' dir='ltr'><strong>coram</strong></span> <span class='ocrx_word' id='word_1_252' title='bbox 2363 1610 2617 1680; x_wconf 83' lang='lat' dir='ltr'><strong>gentibus</strong></span> <span class='ocrx_word' id='word_1_253' title='bbox 2661 1609 3023 1680; x_wconf 83' lang='lat' dir='ltr'><strong>corporaliter</strong></span> <span class='ocrx_word' id='word_1_254' title='bbox 3061 1611 3346 1679; x_wconf 84' lang='lat' dir='ltr'><strong>palamque</strong></span> <span class='ocrx_word' id='word_1_255' title='bbox 3387 1625 3452 1665; x_wconf 88' lang='lat' dir='ltr'><strong>ac</strong></span> 
     </span>
    </p>
   </div>
   <div class='ocr_carea' id='block_1_34' title="bbox 206 1694 1783 1775">
    <p class='ocr_par' dir='ltr' id='par_1_34' title="bbox 206 1694 1782 1769">
     <span class='ocr_line' id='line_1_34' title="bbox 206 1694 1782 1769; baseline 0.006 -26"><span class='ocrx_word' id='word_1_256' title='bbox 206 1708 309 1744; x_wconf 83' lang='grc' dir='ltr'><strong>ται</strong></span> <span class='ocrx_word' id='word_1_257' title='bbox 347 1694 434 1758; x_wconf 83' lang='grc' dir='ltr'><strong>είς</strong></span> <span class='ocrx_word' id='word_1_258' title='bbox 472 1695 578 1761; x_wconf 84' lang='grc' dir='ltr'><strong>τὰς</strong></span> <span class='ocrx_word' id='word_1_259' title='bbox 610 1695 856 1764; x_wconf 80' lang='grc' dir='ltr'><em>καρδίας</em></span> <span class='ocrx_word' id='word_1_260' title='bbox 883 1695 1051 1766; x_wconf 77' lang='grc' dir='ltr'><em>ἡμῶν</em></span> <span class='ocrx_word' id='word_1_261' title='bbox 1081 1697 1178 1751; x_wconf 83' lang='grc' dir='ltr'><strong>διὰ</strong></span> <span class='ocrx_word' id='word_1_262' title='bbox 1208 1699 1551 1768; x_wconf 87' lang='grc' dir='ltr'><em>Πνεύματος</em></span> <span class='ocrx_word' id='word_1_263' title='bbox 1591 1700 1782 1769; x_wconf 72' lang='grc' dir='ltr'><em>ἁγίου,</em></span> 
     </span>
    </p>
   </div>
   <div class='ocr_carea' id='block_1_35' title="bbox 1889 1694 3450 1775">
    <p class='ocr_par' dir='ltr' id='par_1_35' title="bbox 1889 1703 3450 1775">
     <span class='ocr_line' id='line_1_35' title="bbox 1889 1703 3450 1775; baseline 0.001 -18"><span class='ocrx_word' id='word_1_264' title='bbox 1889 1703 2134 1758; x_wconf 86' lang='lat' dir='ltr'><strong>sensibili</strong></span> <span class='ocrx_word' id='word_1_265' title='bbox 2189 1703 2400 1760; x_wconf 87' lang='lat' dir='ltr'><strong>ratione</strong></span> <span class='ocrx_word' id='word_1_266' title='bbox 2455 1705 2798 1775; x_wconf 59' lang='lat' dir='ltr'><strong>aspectanda‘.</strong></span> <span class='ocrx_word' id='word_1_267' title='bbox 2851 1715 3310 1775; x_wconf 87' lang='lat' dir='ltr'><strong>proponerentur,</strong></span> <span class='ocrx_word' id='word_1_268' title='bbox 3371 1706 3450 1759; x_wconf 89' lang='lat' dir='ltr'><strong>uti</strong></span> 
     </span>
    </p>
   </div>
   <div class='ocr_carea' id='block_1_36' title="bbox 205 1782 1781 1858">
    <p class='ocr_par' dir='ltr' id='par_1_36' title="bbox 205 1782 1781 1858">
     <span class='ocr_line' id='line_1_36' title="bbox 205 1782 1781 1858; baseline 0.004 -23"><span class='ocrx_word' id='word_1_269' title='bbox 205 1783 321 1836; x_wconf 84' lang='grc' dir='ltr'><em>τοῦ</em></span> <span class='ocrx_word' id='word_1_270' title='bbox 357 1782 634 1852; x_wconf 79' lang='grc' dir='ltr'><em>δοθέντος</em></span> <span class='ocrx_word' id='word_1_271' title='bbox 677 1787 838 1856; x_wconf 77' lang='grc' dir='ltr'><em>ἡμῖν.</em></span> <span class='ocrx_word' id='word_1_272' title='bbox 874 1788 946 1840; x_wconf 82' lang='grc' dir='ltr'>Τὸ</span> <span class='ocrx_word' id='word_1_273' title='bbox 983 1787 1058 1851; x_wconf 88' lang='grc' dir='ltr'><em>δὲ,</em></span> <span class='ocrx_word' id='word_1_274' title='bbox 1090 1788 1194 1842; x_wconf 87' lang='grc' dir='ltr'><strong>Ἐν</strong></span> <span class='ocrx_word' id='word_1_275' title='bbox 1231 1787 1305 1857; x_wconf 83' lang='grc' dir='ltr'><em>τῇ</em></span> <span class='ocrx_word' id='word_1_276' title='bbox 1332 1787 1409 1857; x_wconf 66' lang='grc' dir='ltr'><strong>τῇ</strong></span> <span class='ocrx_word' id='word_1_277' title='bbox 1442 1789 1781 1858; x_wconf 85' lang='grc' dir='ltr'><em>ὑπεστρών-</em></span> 
     </span>
    </p>
   </div>
   <div class='ocr_carea' id='block_1_37' title="bbox 205 1877 1782 1950">
    <p class='ocr_par' dir='ltr' id='par_1_37' title="bbox 205 1877 1782 1950">
     <span class='ocr_line' id='line_1_37' title="bbox 205 1877 1782 1950; baseline 0.003 -22"><span class='ocrx_word' id='word_1_278' title='bbox 205 1891 382 1941; x_wconf 74' lang='grc' dir='ltr'><em>νυον,</em></span> <span class='ocrx_word' id='word_1_279' title='bbox 428 1877 510 1929; x_wconf 85' lang='grc' dir='ltr'><em>ὅτι</em></span> <span class='ocrx_word' id='word_1_280' title='bbox 553 1878 876 1950; x_wconf 86' lang='grc' dir='ltr'><em>σωματικῶς</em></span> <span class='ocrx_word' id='word_1_281' title='bbox 924 1878 1017 1932; x_wconf 72' lang='grc' dir='ltr'><em>καὶ</em></span> <span class='ocrx_word' id='word_1_282' title='bbox 1070 1877 1318 1950; x_wconf 84' lang='grc' dir='ltr'><em>φανερῶς</em></span> <span class='ocrx_word' id='word_1_283' title='bbox 1361 1880 1455 1932; x_wconf 77' lang='grc' dir='ltr'><em>καὶ</em></span> <span class='ocrx_word' id='word_1_284' title='bbox 1512 1879 1782 1948; x_wconf 81' lang='grc' dir='ltr'><strong>αἰσθητῶς</strong></span> 
     </span>
    </p>
   </div>
   <div class='ocr_carea' id='block_1_38' title="bbox 209 1963 1780 2042">
    <p class='ocr_par' dir='ltr' id='par_1_38' title="bbox 209 1963 1780 2042">
     <span class='ocr_line' id='line_1_38' title="bbox 209 1963 1780 2042; baseline 0.004 -24"><span class='ocrx_word' id='word_1_285' title='bbox 209 1963 544 2039; x_wconf 79' lang='grc' dir='ltr'><em>ἐθεωροῦντο</em></span> <span class='ocrx_word' id='word_1_286' title='bbox 569 1972 624 2022; x_wconf 83' lang='grc' dir='ltr'><em>αἱ</em></span> <span class='ocrx_word' id='word_1_287' title='bbox 653 1972 844 2042; x_wconf 74' lang='grc' dir='ltr'><em>ἀρεταὶ</em></span> <span class='ocrx_word' id='word_1_288' title='bbox 861 1970 1039 2024; x_wconf 76' lang='grc' dir='ltr'><em>αὐτῶν</em></span> <span class='ocrx_word' id='word_1_289' title='bbox 1066 1970 1291 2024; x_wconf 87' lang='grc' dir='ltr'><em>ἐνώπιον</em></span> <span class='ocrx_word' id='word_1_290' title='bbox 1314 1970 1419 2024; x_wconf 89' lang='grc' dir='ltr'><strong>τῶν</strong></span> <span class='ocrx_word' id='word_1_291' title='bbox 1436 1970 1624 2035; x_wconf 88' lang='grc' dir='ltr'><em>ἐθνῶν,</em></span> <span class='ocrx_word' id='word_1_292' title='bbox 1653 1971 1780 2024; x_wconf 82' lang='grc' dir='ltr'><em>καθο</em></span> 
     </span>
    </p>
   </div>
   <div class='ocr_carea' id='block_1_39' title="bbox 1888 1794 3454 1866">
    <p class='ocr_par' dir='ltr' id='par_1_39' title="bbox 1888 1794 3454 1866">
     <span class='ocr_line' id='line_1_39' title="bbox 1888 1794 3454 1866; baseline 0.001 -18"><span class='ocrx_word' id='word_1_293' title='bbox 1888 1795 2051 1849; x_wconf 89' lang='lat' dir='ltr'><strong>etiam</strong></span> <span class='ocrx_word' id='word_1_294' title='bbox 2075 1794 2182 1848; x_wconf 90' lang='lat' dir='ltr'><strong>alio</strong></span> <span class='ocrx_word' id='word_1_295' title='bbox 2201 1795 2438 1864; x_wconf 83' lang='lat' dir='ltr'><strong>quodam</strong></span> <span class='ocrx_word' id='word_1_296' title='bbox 2459 1795 2580 1850; x_wconf 92' lang='lat' dir='ltr'><strong>loco</strong></span> <span class='ocrx_word' id='word_1_297' title='bbox 2607 1795 2675 1850; x_wconf 89' lang='lat' dir='ltr'><strong>ad</strong></span> <span class='ocrx_word' id='word_1_298' title='bbox 2695 1795 2840 1851; x_wconf 87' lang='lat' dir='ltr'><strong>idem</strong></span> <span class='ocrx_word' id='word_1_299' title='bbox 2866 1797 2942 1850; x_wconf 83' lang='lat' dir='ltr'><strong>ait</strong></span> <span class='ocrx_word' id='word_1_300' title='bbox 2962 1796 3291 1866; x_wconf 81' lang='lat' dir='ltr'><strong>Apostolus:</strong></span> <span class='ocrx_word' id='word_1_301' title='bbox 3321 1795 3454 1862; x_wconf 75' lang='lat' dir='ltr'><strong>Qua:</strong></span> 
     </span>
    </p>
   </div>
   <div class='ocr_carea' id='block_1_40' title="bbox 1887 1883 3449 1957">
    <p class='ocr_par' dir='ltr' id='par_1_40' title="bbox 1887 1883 3449 1957">
     <span class='ocr_line' id='line_1_40' title="bbox 1887 1883 3449 1957; baseline 0.003 -19"><span class='ocrx_word' id='word_1_302' title='bbox 1887 1883 2093 1938; x_wconf 83' lang='lat' dir='ltr'><strong>vidistis</strong></span> <span class='ocrx_word' id='word_1_303' title='bbox 2121 1885 2180 1937; x_wconf 86' lang='lat' dir='ltr'><strong>in</strong></span> <span class='ocrx_word' id='word_1_304' title='bbox 2210 1901 2291 1938; x_wconf 90' lang='lat' dir='ltr'><strong>me</strong></span> <span class='ocrx_word' id='word_1_305' title='bbox 2305 1892 2353 1938; x_wconf 85' lang='lat' dir='ltr'><strong>et</strong></span> <span class='ocrx_word' id='word_1_306' title='bbox 2371 1884 2645 1939; x_wconf 82' lang='lat' dir='ltr'><strong>audivistis</strong></span> <span class='ocrx_word' id='word_1_307' title='bbox 2675 1892 2726 1939; x_wconf 89' lang='lat' dir='ltr'><strong>et</strong></span> <span class='ocrx_word' id='word_1_308' title='bbox 2755 1887 3055 1954; x_wconf 87' lang='lat' dir='ltr'><strong>accepistis,</strong></span> <span class='ocrx_word' id='word_1_309' title='bbox 3086 1885 3198 1941; x_wconf 63' lang='lat' dir='ltr'><strong>hare</strong></span> <span class='ocrx_word' id='word_1_310' title='bbox 3227 1887 3365 1957; x_wconf 85' lang='lat' dir='ltr'><strong>agite</strong></span> <span class='ocrx_word' id='word_1_311' title='bbox 3379 1887 3449 1942; x_wconf 82' lang='grc'><strong>⁸³.</strong></span> 
     </span>
    </p>
   </div>
   <div class='ocr_carea' id='block_1_41' title="bbox 1891 1974 2936 2047">
    <p class='ocr_par' dir='ltr' id='par_1_41' title="bbox 1891 1974 2936 2047">
     <span class='ocr_line' id='line_1_41' title="bbox 1891 1974 2936 2047; baseline 0.003 -19"><span class='ocrx_word' id='word_1_312' title='bbox 1891 1974 2088 2030; x_wconf 81' lang='lat' dir='ltr'><strong>Verum</strong></span> <span class='ocrx_word' id='word_1_313' title='bbox 2125 1975 2194 2030; x_wconf 90' lang='lat' dir='ltr'><strong>ad</strong></span> <span class='ocrx_word' id='word_1_314' title='bbox 2225 1976 2564 2047; x_wconf 89' lang='lat' dir='ltr'><strong>propositum</strong></span> <span class='ocrx_word' id='word_1_315' title='bbox 2595 1983 2936 2032; x_wconf 87' lang='lat' dir='ltr'><strong>revertamur</strong></span> 
     </span>
    </p>
   </div>
   <div class='ocr_carea' id='block_1_42' title="bbox 207 2059 3453 2140">
    <p class='ocr_par' dir='ltr' id='par_1_42' title="bbox 207 2059 3453 2140">
     <span class='ocr_line' id='line_1_42' title="bbox 207 2059 3453 2140; baseline 0.004 -28"><span class='ocrx_word' id='word_1_316' title='bbox 207 2059 291 2124; x_wconf 82' lang='grc' dir='ltr'><em>ὼς</em></span> <span class='ocrx_word' id='word_1_317' title='bbox 325 2064 418 2115; x_wconf 82' lang='grc' dir='ltr'><em>καὶ</em></span> <span class='ocrx_word' id='word_1_318' title='bbox 449 2065 506 2116; x_wconf 81' lang='grc' dir='ltr'><strong>ἐν</strong></span> <span class='ocrx_word' id='word_1_319' title='bbox 529 2063 698 2135; x_wconf 78' lang='grc' dir='ltr'><em>ἑτέρῳ</em></span> <span class='ocrx_word' id='word_1_320' title='bbox 723 2065 825 2118; x_wconf 78' lang='grc' dir='ltr'><strong>που</strong></span> <span class='ocrx_word' id='word_1_321' title='bbox 848 2082 978 2135; x_wconf 81' lang='grc' dir='ltr'><em>φησι</em></span> <span class='ocrx_word' id='word_1_322' title='bbox 1005 2065 1139 2136; x_wconf 83' lang='grc' dir='ltr'><em>πρὸς</em></span> <span class='ocrx_word' id='word_1_323' title='bbox 1160 2065 1328 2118; x_wconf 81' lang='grc' dir='ltr'><em>ταῦτα</em></span> <span class='ocrx_word' id='word_1_324' title='bbox 1385 2065 1558 2134; x_wconf 87' lang='grc' dir='ltr'><em>λέγων</em></span> <span class='ocrx_word' id='word_1_325' title='bbox 1621 2069 1649 2120; x_wconf 90' lang='lat'><strong>6</strong></span> <span class='ocrx_word' id='word_1_326' title='bbox 1699 2067 2046 2134; x_wconf 68' lang='grc' dir='ltr'><em>Ἀπόσδισλος·</em></span> <span class='ocrx_word' id='word_1_327' title='bbox 2079 2065 2189 2124; x_wconf 81' lang='grc' dir='ltr'><em>Οἷα</em></span> <span class='ocrx_word' id='word_1_328' title='bbox 2229 2069 2417 2124; x_wconf 79' lang='grc' dir='ltr'><em>εἴδετε</em></span> <span class='ocrx_word' id='word_1_329' title='bbox 2446 2069 2662 2140; x_wconf 78' lang='grc' dir='ltr'><em>ὲνὲμοὶ</em></span> <span class='ocrx_word' id='word_1_330' title='bbox 2689 2069 2788 2125; x_wconf 77' lang='grc' dir='ltr'><strong>καὶ</strong></span> <span class='ocrx_word' id='word_1_331' title='bbox 2833 2070 3136 2138; x_wconf 77' lang='grc' dir='ltr'><em>ἠκούσατε</em></span> <span class='ocrx_word' id='word_1_332' title='bbox 3170 2071 3270 2125; x_wconf 78' lang='grc' dir='ltr'><em>καὶ</em></span> <span class='ocrx_word' id='word_1_333' title='bbox 3309 2086 3453 2139; x_wconf 87' lang='grc' dir='ltr'><em>παρ-</em></span> 
     </span>
    </p>
   </div>
   <div class='ocr_carea' id='block_1_43' title="bbox 205 2151 2168 2234">
    <p class='ocr_par' dir='ltr' id='par_1_43' title="bbox 205 2151 2168 2234">
     <span class='ocr_line' id='line_1_43' title="bbox 205 2151 2168 2234; baseline 0.005 -30"><span class='ocrx_word' id='word_1_334' title='bbox 205 2151 482 2216; x_wconf 78' lang='grc' dir='ltr'><em>ελάϐετε,</em></span> <span class='ocrx_word' id='word_1_335' title='bbox 533 2155 717 2208; x_wconf 83' lang='grc' dir='ltr'><em>ταῦτα</em></span> <span class='ocrx_word' id='word_1_336' title='bbox 751 2156 1030 2224; x_wconf 75' lang='grc' dir='ltr'><em>πράξατε.</em></span> <span class='ocrx_word' id='word_1_337' title='bbox 1067 2155 1205 2209; x_wconf 89' lang='grc' dir='ltr'><em>Ἀλλ’</em></span> <span class='ocrx_word' id='word_1_338' title='bbox 1238 2157 1330 2210; x_wconf 76' lang='grc' dir='ltr'><em>ἐπὶ</em></span> <span class='ocrx_word' id='word_1_339' title='bbox 1361 2161 1422 2210; x_wconf 77' lang='grc' dir='ltr'><em>τὸ</em></span> <span class='ocrx_word' id='word_1_340' title='bbox 1462 2158 1817 2228; x_wconf 86' lang='grc' dir='ltr'><em>προκείμενον</em></span> <span class='ocrx_word' id='word_1_341' title='bbox 1838 2162 2168 2234; x_wconf 88' lang='grc' dir='ltr'><em>ἐπανίωμεν.</em></span> 
     </span>
    </p>
   </div>
   <div class='ocr_carea' id='block_1_44' title="bbox 288 2241 1782 2315">
    <p class='ocr_par' dir='ltr' id='par_1_44' title="bbox 288 2241 1782 2315">
     <span class='ocr_line' id='line_1_44' title="bbox 288 2241 1782 2315; baseline 0.004 -21"><span class='ocrx_word' id='word_1_342' title='bbox 288 2245 354 2295; x_wconf 82' lang='lat' dir='ltr'><em>Ol</em></span> <span class='ocrx_word' id='word_1_343' title='bbox 381 2241 448 2295; x_wconf 86' lang='grc' dir='ltr'><em>δὲ</em></span> <span class='ocrx_word' id='word_1_344' title='bbox 476 2242 645 2310; x_wconf 82' lang='grc' dir='ltr'><em>ὄχλοι</em></span> <span class='ocrx_word' id='word_1_345' title='bbox 673 2247 727 2298; x_wconf 81' lang='grc' dir='ltr'><em>οἱ</em></span> <span class='ocrx_word' id='word_1_346' title='bbox 753 2244 1107 2315; x_wconf 69' lang='grc' dir='ltr'><em>προάγοντες</em></span> <span class='ocrx_word' id='word_1_347' title='bbox 1144 2245 1242 2298; x_wconf 76' lang='grc' dir='ltr'><em>καὶ</em></span> <span class='ocrx_word' id='word_1_348' title='bbox 1288 2249 1342 2300; x_wconf 78' lang='grc' dir='ltr'><em>οἱ</em></span> <span class='ocrx_word' id='word_1_349' title='bbox 1376 2247 1782 2301; x_wconf 84' lang='grc' dir='ltr'><em>ἀκολουθοῦν-</em></span> 
     </span>
    </p>
   </div>
   <div class='ocr_carea' id='block_1_45' title="bbox 208 2333 1784 2407">
    <p class='ocr_par' dir='ltr' id='par_1_45' title="bbox 208 2333 1784 2407">
     <span class='ocr_line' id='line_1_45' title="bbox 208 2333 1784 2407; baseline 0.003 -21"><span class='ocrx_word' id='word_1_350' title='bbox 208 2348 318 2399; x_wconf 80' lang='grc' dir='ltr'><strong>τες</strong></span> <span class='ocrx_word' id='word_1_351' title='bbox 361 2333 627 2402; x_wconf 79' lang='grc' dir='ltr'><em>ἔκραζον,</em></span> <span class='ocrx_word' id='word_1_352' title='bbox 679 2335 816 2407; x_wconf 83' lang='grc' dir='ltr'><em>μετὰ</em></span> <span class='ocrx_word' id='word_1_353' title='bbox 863 2335 1026 2389; x_wconf 75' lang='grc' dir='ltr'><em>αἷνων</em></span> <span class='ocrx_word' id='word_1_354' title='bbox 1078 2337 1171 2389; x_wconf 76' lang='grc' dir='ltr'><em>καὶ</em></span> <span class='ocrx_word' id='word_1_355' title='bbox 1214 2335 1422 2390; x_wconf 81' lang='grc' dir='ltr'><em>κλάδων</em></span> <span class='ocrx_word' id='word_1_356' title='bbox 1460 2337 1653 2390; x_wconf 81' lang='grc' dir='ltr'><em>ἐλαιῶν</em></span> <span class='ocrx_word' id='word_1_357' title='bbox 1689 2337 1784 2390; x_wconf 77' lang='grc' dir='ltr'><em>καὶ</em></span> 
     </span>
    </p>
   </div>
   <div class='ocr_carea' id='block_1_46' title="bbox 211 2422 1784 2500">
    <p class='ocr_par' dir='ltr' id='par_1_46' title="bbox 211 2422 1784 2500">
     <span class='ocr_line' id='line_1_46' title="bbox 211 2422 1784 2500; baseline 0.003 -24"><span class='ocrx_word' id='word_1_358' title='bbox 211 2422 420 2494; x_wconf 78' lang='grc' dir='ltr'><em>βαῖων·</em></span> <span class='ocrx_word' id='word_1_359' title='bbox 456 2426 651 2490; x_wconf 82' lang='grc' dir='ltr'><em>οἵτινες</em></span> <span class='ocrx_word' id='word_1_360' title='bbox 690 2427 1012 2499; x_wconf 81' lang='grc' dir='ltr'><em>σημαίνουσι</em></span> <span class='ocrx_word' id='word_1_361' title='bbox 1037 2427 1134 2499; x_wconf 82' lang='grc' dir='ltr'><em>τὴν</em></span> <span class='ocrx_word' id='word_1_362' title='bbox 1175 2427 1481 2500; x_wconf 79' lang='grc' dir='ltr'><em>πρακτικὴν</em></span> <span class='ocrx_word' id='word_1_363' title='bbox 1524 2428 1784 2499; x_wconf 78' lang='grc' dir='ltr'><em>ἐργασίαν</em></span> 
     </span>
    </p>
   </div>
   <div class='ocr_carea' id='block_1_47' title="bbox 207 2516 1785 2595">
    <p class='ocr_par' dir='ltr' id='par_1_47' title="bbox 207 2516 1785 2595">
     <span class='ocr_line' id='line_1_47' title="bbox 207 2516 1785 2595; baseline 0.006 -25"><span class='ocrx_word' id='word_1_364' title='bbox 207 2517 310 2572; x_wconf 79' lang='grc' dir='ltr'>τοῦ</span> <span class='ocrx_word' id='word_1_365' title='bbox 345 2516 450 2586; x_wconf 77' lang='grc' dir='ltr'><strong>ἔξω</strong></span> <span class='ocrx_word' id='word_1_366' title='bbox 485 2519 768 2590; x_wconf 86' lang='grc' dir='ltr'><em>ἀνθρώπου</em></span> <span class='ocrx_word' id='word_1_367' title='bbox 789 2539 802 2552; x_wconf 92' lang='grc'><strong>·</strong></span> <span class='ocrx_word' id='word_1_368' title='bbox 834 2522 928 2576; x_wconf 77' lang='grc' dir='ltr'><em>καὶ</em></span> <span class='ocrx_word' id='word_1_369' title='bbox 964 2521 1092 2592; x_wconf 83' lang='grc' dir='ltr'><strong>βὰἲα</strong></span> <span class='ocrx_word' id='word_1_370' title='bbox 1136 2523 1413 2591; x_wconf 85' lang='grc' dir='ltr'><em>φοινίκων,</em></span> <span class='ocrx_word' id='word_1_371' title='bbox 1448 2523 1638 2587; x_wconf 77' lang='grc' dir='ltr'><em>οἵτινες</em></span> <span class='ocrx_word' id='word_1_372' title='bbox 1677 2540 1785 2595; x_wconf 88' lang='grc' dir='ltr'><em>μη-</em></span> 
     </span>
    </p>
   </div>
   <div class='ocr_carea' id='block_1_48' title="bbox 211 2611 1786 2686">
    <p class='ocr_par' dir='ltr' id='par_1_48' title="bbox 211 2611 1786 2686">
     <span class='ocr_line' id='line_1_48' title="bbox 211 2611 1786 2686; baseline 0.004 -24"><span class='ocrx_word' id='word_1_373' title='bbox 211 2611 399 2665; x_wconf 87' lang='grc' dir='ltr'><em>νύουσι</em></span> <span class='ocrx_word' id='word_1_374' title='bbox 436 2611 533 2682; x_wconf 83' lang='grc' dir='ltr'><em>τὴν</em></span> <span class='ocrx_word' id='word_1_375' title='bbox 564 2613 934 2684; x_wconf 81' lang='grc' dir='ltr'><em>πνευματικὴν</em></span> <span class='ocrx_word' id='word_1_376' title='bbox 973 2613 1068 2666; x_wconf 83' lang='grc' dir='ltr'><em>καὶ</em></span> <span class='ocrx_word' id='word_1_377' title='bbox 1101 2614 1406 2686; x_wconf 86' lang='grc' dir='ltr'><em>πρακτικὴν</em></span> <span class='ocrx_word' id='word_1_378' title='bbox 1438 2613 1532 2666; x_wconf 78' lang='grc' dir='ltr'><em>καὶ</em></span> <span class='ocrx_word' id='word_1_379' title='bbox 1559 2631 1786 2684; x_wconf 84' lang='grc' dir='ltr'><em>γνωστι-</em></span> 
     </span>
    </p>
   </div>
   <div class='ocr_carea' id='block_1_49' title="bbox 211 2700 1786 2778">
    <p class='ocr_par' dir='ltr' id='par_1_49' title="bbox 211 2700 1786 2778">
     <span class='ocr_line' id='line_1_49' title="bbox 211 2700 1786 2778; baseline 0.003 -24"><span class='ocrx_word' id='word_1_380' title='bbox 211 2700 320 2772; x_wconf 78' lang='grc' dir='ltr'><em>κὴν</em></span> <span class='ocrx_word' id='word_1_381' title='bbox 347 2705 438 2755; x_wconf 75' lang='grc' dir='ltr'><em>καὶ</em></span> <span class='ocrx_word' id='word_1_382' title='bbox 456 2702 700 2774; x_wconf 80' lang='grc' dir='ltr'><em>καθαρὰν</em></span> <span class='ocrx_word' id='word_1_383' title='bbox 720 2703 812 2757; x_wconf 82' lang='grc' dir='ltr'><em>τοῦ</em></span> <span class='ocrx_word' id='word_1_384' title='bbox 840 2704 947 2757; x_wconf 82' lang='grc' dir='ltr'><em>ἔσω</em></span> <span class='ocrx_word' id='word_1_385' title='bbox 968 2704 1251 2777; x_wconf 85' lang='grc' dir='ltr'><em>ἀνθρώπου</em></span> <span class='ocrx_word' id='word_1_386' title='bbox 1274 2706 1552 2778; x_wconf 84' lang='grc' dir='ltr'><em>ἐργασίαν.</em></span> <span class='ocrx_word' id='word_1_387' title='bbox 1577 2707 1786 2774; x_wconf 84' lang='grc' dir='ltr'><em>Ἔκρα-</em></span> 
     </span>
    </p>
   </div>
   <div class='ocr_carea' id='block_1_50' title="bbox 209 2790 1784 2864">
    <p class='ocr_par' dir='ltr' id='par_1_50' title="bbox 209 2790 1784 2864">
     <span class='ocr_line' id='line_1_50' title="bbox 209 2790 1784 2864; baseline 0.003 -19"><span class='ocrx_word' id='word_1_388' title='bbox 209 2790 318 2853; x_wconf 85' lang='grc' dir='ltr'><strong>ζον</strong></span> <span class='ocrx_word' id='word_1_389' title='bbox 359 2791 672 2862; x_wconf 70' lang='grc' dir='ltr'><em>λέγοντες·</em></span> <span class='ocrx_word' id='word_1_390' title='bbox 737 2793 993 2848; x_wconf 83' lang='grc' dir='ltr'><em>Ὡσαννὰ</em></span> <span class='ocrx_word' id='word_1_391' title='bbox 1046 2795 1116 2848; x_wconf 82' lang='grc' dir='ltr'><strong>ἐν</strong></span> <span class='ocrx_word' id='word_1_392' title='bbox 1167 2795 1293 2861; x_wconf 82' lang='grc' dir='ltr'><em>τοῖς</em></span> <span class='ocrx_word' id='word_1_393' title='bbox 1335 2797 1639 2864; x_wconf 70' lang='grc' dir='ltr'><em>ὑψίστοις.</em></span> <span class='ocrx_word' id='word_1_394' title='bbox 1696 2797 1784 2850; x_wconf 88' lang='grc' dir='ltr'><em>Ἐν</em></span> 
     </span>
    </p>
   </div>
   <div class='ocr_carea' id='block_1_51' title="bbox 210 2884 1786 2960">
    <p class='ocr_par' dir='ltr' id='par_1_51' title="bbox 210 2884 1786 2960">
     <span class='ocr_line' id='line_1_51' title="bbox 210 2884 1786 2960; baseline 0.003 -24"><span class='ocrx_word' id='word_1_395' title='bbox 210 2884 444 2956; x_wconf 80' lang='grc' dir='ltr'><em>ἀληθείᾳ</em></span> <span class='ocrx_word' id='word_1_396' title='bbox 481 2885 588 2958; x_wconf 79' lang='grc' dir='ltr'><em>γὰρ</em></span> <span class='ocrx_word' id='word_1_397' title='bbox 614 2885 811 2949; x_wconf 84' lang='grc' dir='ltr'><em>πάντες</em></span> <span class='ocrx_word' id='word_1_398' title='bbox 841 2887 889 2938; x_wconf 87' lang='grc' dir='ltr'><em>οἱ</em></span> <span class='ocrx_word' id='word_1_399' title='bbox 912 2886 1054 2956; x_wconf 69' lang='grc' dir='ltr'><em>ὄχλοι</em></span> <span class='ocrx_word' id='word_1_400' title='bbox 1087 2886 1194 2940; x_wconf 91' lang='grc' dir='ltr'><strong>τῶν</strong></span> <span class='ocrx_word' id='word_1_401' title='bbox 1215 2887 1436 2941; x_wconf 84' lang='grc' dir='ltr'><em>δικαίων</em></span> <span class='ocrx_word' id='word_1_402' title='bbox 1461 2889 1554 2940; x_wconf 74' lang='grc' dir='ltr'><em>καὶ</em></span> <span class='ocrx_word' id='word_1_403' title='bbox 1581 2905 1786 2960; x_wconf 80' lang='grc' dir='ltr'><em>προφη-</em></span> 
     </span>
    </p>
   </div>
   <div class='ocr_carea' id='block_1_52' title="bbox 210 2977 1785 3050">
    <p class='ocr_par' dir='ltr' id='par_1_52' title="bbox 210 2977 1785 3050">
     <span class='ocr_line' id='line_1_52' title="bbox 210 2977 1785 3050; baseline 0.003 -22"><span class='ocrx_word' id='word_1_404' title='bbox 210 2977 326 3028; x_wconf 86' lang='grc' dir='ltr'><strong>τῶν</strong></span> <span class='ocrx_word' id='word_1_405' title='bbox 348 2978 441 3030; x_wconf 79' lang='grc' dir='ltr'><em>καὶ</em></span> <span class='ocrx_word' id='word_1_406' title='bbox 462 2978 670 3050; x_wconf 81' lang='grc' dir='ltr'><em>ἱερέων,</em></span> <span class='ocrx_word' id='word_1_407' title='bbox 692 2978 884 3041; x_wconf 82' lang='grc' dir='ltr'><em>οἵτινές</em></span> <span class='ocrx_word' id='word_1_408' title='bbox 902 2980 1036 3031; x_wconf 84' lang='grc' dir='ltr'><em>εἰσιν</em></span> <span class='ocrx_word' id='word_1_409' title='bbox 1062 2979 1110 3031; x_wconf 82' lang='grc' dir='ltr'><em>οἱ</em></span> <span class='ocrx_word' id='word_1_410' title='bbox 1130 2979 1460 3050; x_wconf 85' lang='grc' dir='ltr'><em>προάγοντες</em></span> <span class='ocrx_word' id='word_1_411' title='bbox 1483 2980 1639 3032; x_wconf 83' lang='grc' dir='ltr'><em>καὶοὶ</em></span> <span class='ocrx_word' id='word_1_412' title='bbox 1662 2980 1785 3032; x_wconf 77' lang='grc' dir='ltr'><em>ἀκο-</em></span> 
     </span>
    </p>
   </div>
   <div class='ocr_carea' id='block_1_53' title="bbox 1953 2248 3448 2321">
    <p class='ocr_par' dir='ltr' id='par_1_53' title="bbox 1953 2248 3448 2321">
     <span class='ocr_line' id='line_1_53' title="bbox 1953 2248 3448 2321; baseline 0 -17"><span class='ocrx_word' id='word_1_413' title='bbox 1953 2248 2042 2304; x_wconf 83' lang='lat' dir='ltr'><strong>Vl.</strong></span> <span class='ocrx_word' id='word_1_414' title='bbox 2069 2249 2258 2305; x_wconf 78' lang='lat' dir='ltr'><strong>Turba:</strong></span> <span class='ocrx_word' id='word_1_415' title='bbox 2283 2260 2458 2305; x_wconf 89' lang='lat' dir='ltr'><strong>autem</strong></span> <span class='ocrx_word' id='word_1_416' title='bbox 2494 2267 2613 2321; x_wconf 68' lang='lat' dir='ltr'><strong>qua</strong></span> <span class='ocrx_word' id='word_1_417' title='bbox 2649 2248 2907 2319; x_wconf 82' lang='lat' dir='ltr'><strong>prteibant</strong></span> <span class='ocrx_word' id='word_1_418' title='bbox 2954 2260 3006 2305; x_wconf 82' lang='grc' dir='ltr'><strong>ει</strong></span> <span class='ocrx_word' id='word_1_419' title='bbox 3024 2266 3142 2321; x_wconf 65' lang='lat' dir='ltr'><strong>qua</strong></span> <span class='ocrx_word' id='word_1_420' title='bbox 3168 2254 3448 2321; x_wconf 85' lang='lat' dir='ltr'><strong>sequeban-</strong></span> 
     </span>
    </p>
   </div>
   <div class='ocr_carea' id='block_1_54' title="bbox 1888 2339 3451 2404">
    <p class='ocr_par' dir='ltr' id='par_1_54' title="bbox 1888 2339 3451 2404">
     <span class='ocr_line' id='line_1_54' title="bbox 1888 2339 3451 2404; baseline 0.003 -12"><span class='ocrx_word' id='word_1_421' title='bbox 1888 2347 1975 2392; x_wconf 89' lang='lat' dir='ltr'><strong>tur</strong></span> <span class='ocrx_word' id='word_1_422' title='bbox 2002 2339 2324 2404; x_wconf 85' lang='lat' dir='ltr'><strong>clamabant,</strong></span> <span class='ocrx_word' id='word_1_423' title='bbox 2355 2355 2480 2394; x_wconf 88' lang='lat' dir='ltr'><strong>cum</strong></span> <span class='ocrx_word' id='word_1_424' title='bbox 2510 2339 2767 2394; x_wconf 88' lang='lat' dir='ltr'><strong>laudibus</strong></span> <span class='ocrx_word' id='word_1_425' title='bbox 2799 2349 2854 2394; x_wconf 90' lang='lat' dir='ltr'><strong>et</strong></span> <span class='ocrx_word' id='word_1_426' title='bbox 2882 2340 3052 2395; x_wconf 86' lang='lat' dir='ltr'><strong>ramis</strong></span> <span class='ocrx_word' id='word_1_427' title='bbox 3079 2341 3345 2395; x_wconf 86' lang='lat' dir='ltr'><strong>olivarum</strong></span> <span class='ocrx_word' id='word_1_428' title='bbox 3368 2351 3451 2396; x_wconf 88' lang='lat' dir='ltr'><strong>at-</strong></span> 
     </span>
    </p>
   </div>
   <div class='ocr_carea' id='block_1_55' title="bbox 1885 2426 3449 2499">
    <p class='ocr_par' dir='ltr' id='par_1_55' title="bbox 1885 2426 3449 2499">
     <span class='ocr_line' id='line_1_55' title="bbox 1885 2426 3449 2499; baseline 0.002 -17"><span class='ocrx_word' id='word_1_429' title='bbox 1885 2442 1993 2498; x_wconf 74' lang='lat' dir='ltr'><strong>que</strong></span> <span class='ocrx_word' id='word_1_430' title='bbox 2020 2430 2342 2498; x_wconf 86' lang='lat' dir='ltr'><strong>palmarum.</strong></span> <span class='ocrx_word' id='word_1_431' title='bbox 2369 2426 2687 2499; x_wconf 83' lang='lat' dir='ltr'><strong>Signiﬁcant</strong></span> <span class='ocrx_word' id='word_1_432' title='bbox 2710 2429 2975 2484; x_wconf 88' lang='lat' dir='ltr'><strong>olivarum</strong></span> <span class='ocrx_word' id='word_1_433' title='bbox 3002 2431 3139 2484; x_wconf 88' lang='lat' dir='ltr'><strong>rami</strong></span> <span class='ocrx_word' id='word_1_434' title='bbox 3167 2439 3449 2487; x_wconf 87' lang='lat' dir='ltr'><strong>actuosam</strong></span> 
     </span>
    </p>
   </div>
   <div class='ocr_carea' id='block_1_56' title="bbox 1893 2519 3450 2594">
    <p class='ocr_par' dir='ltr' id='par_1_56' title="bbox 1893 2519 3450 2594">
     <span class='ocr_line' id='line_1_56' title="bbox 1893 2519 3450 2594; baseline 0.004 -22"><span class='ocrx_word' id='word_1_435' title='bbox 1893 2519 2262 2588; x_wconf 87' lang='lat' dir='ltr'><strong>operationem</strong></span> <span class='ocrx_word' id='word_1_436' title='bbox 2303 2520 2592 2575; x_wconf 87' lang='lat' dir='ltr'><strong>exterioris</strong></span> <span class='ocrx_word' id='word_1_437' title='bbox 2625 2520 2864 2576; x_wconf 87' lang='lat' dir='ltr'><strong>hominis</strong></span> <span class='ocrx_word' id='word_1_438' title='bbox 2893 2539 2906 2575; x_wconf 89' lang='lat'><strong>:</strong></span> <span class='ocrx_word' id='word_1_439' title='bbox 2935 2521 3075 2576; x_wconf 90' lang='lat' dir='ltr'><strong>rami</strong></span> <span class='ocrx_word' id='word_1_440' title='bbox 3120 2531 3300 2578; x_wconf 89' lang='lat' dir='ltr'><strong>autem</strong></span> <span class='ocrx_word' id='word_1_441' title='bbox 3331 2525 3450 2594; x_wconf 90' lang='lat' dir='ltr'><strong>pal-</strong></span> 
     </span>
    </p>
   </div>
   <div class='ocr_carea' id='block_1_57' title="bbox 1889 2610 3450 2686">
    <p class='ocr_par' dir='ltr' id='par_1_57' title="bbox 1889 2610 3450 2686">
     <span class='ocr_line' id='line_1_57' title="bbox 1889 2610 3450 2686; baseline 0.005 -24"><span class='ocrx_word' id='word_1_442' title='bbox 1889 2625 2125 2676; x_wconf 90' lang='lat' dir='ltr'><strong>marum,</strong></span> <span class='ocrx_word' id='word_1_443' title='bbox 2159 2610 2460 2680; x_wconf 86' lang='lat' dir='ltr'><strong>spiritalem</strong></span> <span class='ocrx_word' id='word_1_444' title='bbox 2489 2611 2832 2683; x_wconf 87' lang='lat' dir='ltr'><strong>activamque</strong></span> <span class='ocrx_word' id='word_1_445' title='bbox 2867 2628 2931 2668; x_wconf 90' lang='lat' dir='ltr'><strong>ac</strong></span> <span class='ocrx_word' id='word_1_446' title='bbox 2972 2616 3450 2686; x_wconf 86' lang='lat' dir='ltr'><strong>contemplativam</strong></span> 
     </span>
    </p>
   </div>
   <div class='ocr_carea' id='block_1_58' title="bbox 1889 2701 3452 2774">
    <p class='ocr_par' dir='ltr' id='par_1_58' title="bbox 1889 2701 3452 2774">
     <span class='ocr_line' id='line_1_58' title="bbox 1889 2701 3452 2774; baseline 0.005 -22"><span class='ocrx_word' id='word_1_447' title='bbox 1889 2707 2052 2770; x_wconf 89' lang='lat' dir='ltr'><strong>atque</strong></span> <span class='ocrx_word' id='word_1_448' title='bbox 2085 2703 2278 2771; x_wconf 80' lang='lat' dir='ltr'><strong>pura’m</strong></span> <span class='ocrx_word' id='word_1_449' title='bbox 2305 2701 2546 2757; x_wconf 86' lang='lat' dir='ltr'><strong>hominis</strong></span> <span class='ocrx_word' id='word_1_450' title='bbox 2586 2701 2868 2760; x_wconf 88' lang='lat' dir='ltr'><strong>interioris</strong></span> <span class='ocrx_word' id='word_1_451' title='bbox 2895 2705 3286 2774; x_wconf 88' lang='lat' dir='ltr'><strong>operationem.</strong></span> <span class='ocrx_word' id='word_1_452' title='bbox 3319 2704 3452 2762; x_wconf 83' lang='lat' dir='ltr'><strong>Cla-</strong></span> 
     </span>
    </p>
   </div>
   <div class='ocr_carea' id='block_1_59' title="bbox 1889 2790 3453 2853">
    <p class='ocr_par' dir='ltr' id='par_1_59' title="bbox 1889 2790 3453 2853">
     <span class='ocr_line' id='line_1_59' title="bbox 1889 2790 3453 2853; baseline 0.006 -9"><span class='ocrx_word' id='word_1_453' title='bbox 1889 2790 2108 2845; x_wconf 90' lang='lat' dir='ltr'><strong>mabant</strong></span> <span class='ocrx_word' id='word_1_454' title='bbox 2155 2792 2383 2847; x_wconf 87' lang='lat' dir='ltr'><strong>dicentes</strong></span> <span class='ocrx_word' id='word_1_455' title='bbox 2410 2806 2429 2844; x_wconf 91' lang='lat'><strong>:</strong></span> <span class='ocrx_word' id='word_1_456' title='bbox 2454 2791 2714 2848; x_wconf 79' lang='lat' dir='ltr'><strong>Hosanna</strong></span> <span class='ocrx_word' id='word_1_457' title='bbox 2749 2795 2805 2848; x_wconf 89' lang='lat' dir='ltr'><strong>in</strong></span> <span class='ocrx_word' id='word_1_458' title='bbox 2847 2795 3145 2850; x_wconf 81' lang='lat' dir='ltr'><strong>altissimis.</strong></span> <span class='ocrx_word' id='word_1_459' title='bbox 3199 2795 3280 2852; x_wconf 78' lang='lat' dir='ltr'><strong>Re</strong></span> <span class='ocrx_word' id='word_1_460' title='bbox 3322 2812 3453 2853; x_wconf 86' lang='lat' dir='ltr'><strong>vera</strong></span> 
     </span>
    </p>
   </div>
   <div class='ocr_carea' id='block_1_60' title="bbox 1888 2880 3451 2956">
    <p class='ocr_par' dir='ltr' id='par_1_60' title="bbox 1888 2880 3451 2956">
     <span class='ocr_line' id='line_1_60' title="bbox 1888 2880 3451 2956; baseline 0.004 -20"><span class='ocrx_word' id='word_1_461' title='bbox 1888 2880 2036 2936; x_wconf 89' lang='lat' dir='ltr'><strong>enim</strong></span> <span class='ocrx_word' id='word_1_462' title='bbox 2076 2896 2267 2938; x_wconf 90' lang='lat' dir='ltr'><strong>omnes</strong></span> <span class='ocrx_word' id='word_1_463' title='bbox 2314 2884 2490 2938; x_wconf 67' lang='lat' dir='ltr'><strong>turbae</strong></span> <span class='ocrx_word' id='word_1_464' title='bbox 2513 2884 2810 2954; x_wconf 89' lang='lat' dir='ltr'><strong>juslorum,</strong></span> <span class='ocrx_word' id='word_1_465' title='bbox 2858 2895 2912 2940; x_wconf 89' lang='lat' dir='ltr'><strong>et</strong></span> <span class='ocrx_word' id='word_1_466' title='bbox 2949 2885 3336 2956; x_wconf 80' lang='lat' dir='ltr'><strong>prophetarum</strong></span> <span class='ocrx_word' id='word_1_467' title='bbox 3385 2903 3451 2942; x_wconf 83' lang='lat' dir='ltr'><strong>ac</strong></span> 
     </span>
    </p>
   </div>
   <div class='ocr_carea' id='block_1_61' title="bbox 1889 2971 3454 3047">
    <p class='ocr_par' dir='ltr' id='par_1_61' title="bbox 1889 2971 3454 3047">
     <span class='ocr_line' id='line_1_61' title="bbox 1889 2971 3454 3047; baseline 0.005 -20"><span class='ocrx_word' id='word_1_468' title='bbox 1889 2971 2255 3040; x_wconf 89' lang='lat' dir='ltr'><strong>sacerdotum,</strong></span> <span class='ocrx_word' id='word_1_469' title='bbox 2290 2989 2428 3044; x_wconf 90' lang='lat' dir='ltr'><strong>quos</strong></span> <span class='ocrx_word' id='word_1_470' title='bbox 2454 2974 2809 3045; x_wconf 72' lang='lat' dir='ltr'><strong>intelligimus</strong></span> <span class='ocrx_word' id='word_1_471' title='bbox 2834 2985 3140 3046; x_wconf 73' lang='lat' dir='ltr'><strong>praeeuntes</strong></span> <span class='ocrx_word' id='word_1_472' title='bbox 3169 2985 3332 3047; x_wconf 89' lang='lat' dir='ltr'><strong>atque</strong></span> <span class='ocrx_word' id='word_1_473' title='bbox 3365 2994 3454 3034; x_wconf 83' lang='lat' dir='ltr'><strong>se—</strong></span> 
     </span>
    </p>
   </div>
   <div class='ocr_carea' id='block_1_62' title="bbox 213 3063 1783 3139">
    <p class='ocr_par' dir='ltr' id='par_1_62' title="bbox 213 3065 1783 3139">
     <span class='ocr_line' id='line_1_62' title="bbox 213 3065 1783 3139; baseline 0.004 -22"><span class='ocrx_word' id='word_1_474' title='bbox 213 3065 554 3132; x_wconf 82' lang='grc' dir='ltr'><em>λουθοῦντες,</em></span> <span class='ocrx_word' id='word_1_475' title='bbox 586 3069 763 3122; x_wconf 84' lang='grc' dir='ltr'><em>πίστει</em></span> <span class='ocrx_word' id='word_1_476' title='bbox 785 3067 1066 3139; x_wconf 79' lang='grc' dir='ltr'><em>κράζουσι,</em></span> <span class='ocrx_word' id='word_1_477' title='bbox 1094 3070 1187 3122; x_wconf 80' lang='grc' dir='ltr'><em>καὶ</em></span> <span class='ocrx_word' id='word_1_478' title='bbox 1217 3069 1462 3138; x_wconf 85' lang='grc' dir='ltr'><em>λέγουσιν</em></span> <span class='ocrx_word' id='word_1_479' title='bbox 1483 3088 1494 3098; x_wconf 94' lang='grc'><strong>·</strong></span> <span class='ocrx_word' id='word_1_480' title='bbox 1529 3069 1783 3124; x_wconf 82' lang='grc' dir='ltr'><em>Ὡσαννὰ</em></span> 
     </span>
    </p>
   </div>
   <div class='ocr_carea' id='block_1_63' title="bbox 1889 3063 3453 3139">
    <p class='ocr_par' dir='ltr' id='par_1_63' title="bbox 1889 3063 3453 3138">
     <span class='ocr_line' id='line_1_63' title="bbox 1889 3063 3453 3138; baseline 0.006 -23"><span class='ocrx_word' id='word_1_481' title='bbox 1889 3072 2155 3132; x_wconf 85' lang='lat' dir='ltr'><strong>quentes,</strong></span> <span class='ocrx_word' id='word_1_482' title='bbox 2201 3063 2308 3119; x_wconf 86' lang='lat' dir='ltr'><strong>ﬁde</strong></span> <span class='ocrx_word' id='word_1_483' title='bbox 2355 3066 2613 3129; x_wconf 92' lang='lat' dir='ltr'><strong>clamant,</strong></span> <span class='ocrx_word' id='word_1_484' title='bbox 2667 3066 3006 3136; x_wconf 87' lang='lat' dir='ltr'><strong>dicuntque:</strong></span> <span class='ocrx_word' id='word_1_485' title='bbox 3041 3066 3297 3123; x_wconf 83' lang='lat' dir='ltr'><strong>Hosanna</strong></span> <span class='ocrx_word' id='word_1_486' title='bbox 3340 3070 3453 3138; x_wconf 80' lang='lat' dir='ltr'><strong>ﬁlio</strong></span> 
     </span>
    </p>
   </div>
   <div class='ocr_carea' id='block_1_64' title="bbox 213 3155 1783 3231">
    <p class='ocr_par' dir='ltr' id='par_1_64' title="bbox 213 3155 1783 3231">
     <span class='ocr_line' id='line_1_64' title="bbox 213 3155 1783 3231; baseline 0.002 -21"><span class='ocrx_word' id='word_1_487' title='bbox 213 3155 298 3222; x_wconf 86' lang='grc' dir='ltr'><em>τῷ</em></span> <span class='ocrx_word' id='word_1_488' title='bbox 329 3155 436 3223; x_wconf 83' lang='grc' dir='ltr'><em>υίῷ</em></span> <span class='ocrx_word' id='word_1_489' title='bbox 457 3159 633 3212; x_wconf 79' lang='grc' dir='ltr'><em>Δαϐίδ</em></span> <span class='ocrx_word' id='word_1_490' title='bbox 651 3175 664 3188; x_wconf 91' lang='grc'><strong>·</strong></span> <span class='ocrx_word' id='word_1_491' title='bbox 692 3162 1108 3231; x_wconf 77' lang='grc' dir='ltr'><em>Εὐλογημένος</em></span> <span class='ocrx_word' id='word_1_492' title='bbox 1136 3163 1169 3215; x_wconf 84' lang='grc' dir='ltr'><em>ό</em></span> <span class='ocrx_word' id='word_1_493' title='bbox 1200 3161 1522 3230; x_wconf 84' lang='grc' dir='ltr'><em>ἐρχόμενος</em></span> <span class='ocrx_word' id='word_1_494' title='bbox 1552 3160 1621 3213; x_wconf 79' lang='grc' dir='ltr'><strong>ἐν</strong></span> <span class='ocrx_word' id='word_1_495' title='bbox 1649 3161 1783 3213; x_wconf 79' lang='grc' dir='ltr'><strong>ὀνό-</strong></span> 
     </span>
    </p>
   </div>
   <div class='ocr_carea' id='block_1_65' title="bbox 205 3251 1784 3320">
    <p class='ocr_par' dir='ltr' id='par_1_65' title="bbox 205 3251 1784 3320">
     <span class='ocr_line' id='line_1_65' title="bbox 205 3251 1784 3320; baseline 0.001 -19"><span class='ocrx_word' id='word_1_496' title='bbox 205 3266 354 3318; x_wconf 88' lang='grc' dir='ltr'><em>ματι</em></span> <span class='ocrx_word' id='word_1_497' title='bbox 403 3252 656 3319; x_wconf 83' lang='grc' dir='ltr'><em>Κυρίου·</em></span> <span class='ocrx_word' id='word_1_498' title='bbox 709 3253 966 3307; x_wconf 83' lang='grc' dir='ltr'><em>Ὡσαννὰ</em></span> <span class='ocrx_word' id='word_1_499' title='bbox 1007 3253 1078 3306; x_wconf 83' lang='grc' dir='ltr'><em>ὲν</em></span> <span class='ocrx_word' id='word_1_500' title='bbox 1123 3251 1246 3319; x_wconf 78' lang='grc' dir='ltr'><em>τοῖς</em></span> <span class='ocrx_word' id='word_1_501' title='bbox 1288 3253 1604 3320; x_wconf 74' lang='grc' dir='ltr'><em>ὑψίστοις·</em></span> <span class='ocrx_word' id='word_1_502' title='bbox 1636 3251 1711 3314; x_wconf 87' lang='grc' dir='ltr'><em>ὡς</em></span> <span class='ocrx_word' id='word_1_503' title='bbox 1754 3253 1784 3304; x_wconf 95' lang='lat'><strong>6</strong></span> 
     </span>
    </p>
   </div>
   <div class='ocr_carea' id='block_1_66' title="bbox 214 3339 1786 3414">
    <p class='ocr_par' dir='ltr' id='par_1_66' title="bbox 214 3339 1786 3414">
     <span class='ocr_line' id='line_1_66' title="bbox 214 3339 1786 3414; baseline 0.003 -23"><span class='ocrx_word' id='word_1_504' title='bbox 214 3339 608 3414; x_wconf 85' lang='grc' dir='ltr'><em>εὐαγγελιστής</em></span> <span class='ocrx_word' id='word_1_505' title='bbox 657 3360 824 3414; x_wconf 84' lang='grc' dir='ltr'><em>φησι·</em></span> <span class='ocrx_word' id='word_1_506' title='bbox 859 3345 1037 3400; x_wconf 89' lang='grc' dir='ltr'><em>Τοῦτο</em></span> <span class='ocrx_word' id='word_1_507' title='bbox 1079 3343 1148 3398; x_wconf 86' lang='grc' dir='ltr'><em>δὲ</em></span> <span class='ocrx_word' id='word_1_508' title='bbox 1192 3345 1338 3397; x_wconf 87' lang='grc' dir='ltr'><em>ὅλον</em></span> <span class='ocrx_word' id='word_1_509' title='bbox 1388 3343 1652 3414; x_wconf 75' lang='grc' dir='ltr'><em>γέγονεν,</em></span> <span class='ocrx_word' id='word_1_510' title='bbox 1685 3342 1786 3396; x_wconf 80' lang='grc' dir='ltr'><em>ἵνα</em></span> 
     </span>
    </p>
   </div>
   <div class='ocr_carea' id='block_1_67' title="bbox 214 3431 1780 3503">
    <p class='ocr_par' dir='ltr' id='par_1_67' title="bbox 214 3431 1780 3503">
     <span class='ocr_line' id='line_1_67' title="bbox 214 3431 1780 3503; baseline -0.001 -15"><span class='ocrx_word' id='word_1_511' title='bbox 214 3431 502 3501; x_wconf 81' lang='grc' dir='ltr'><em>πληρωθῇ</em></span> <span class='ocrx_word' id='word_1_512' title='bbox 540 3433 606 3486; x_wconf 88' lang='grc' dir='ltr'><em>τὸ</em></span> <span class='ocrx_word' id='word_1_513' title='bbox 627 3435 816 3502; x_wconf 84' lang='grc' dir='ltr'><em>ρηθὲν</em></span> <span class='ocrx_word' id='word_1_514' title='bbox 841 3434 937 3488; x_wconf 84' lang='grc' dir='ltr'><strong>διὰ</strong></span> <span class='ocrx_word' id='word_1_515' title='bbox 968 3433 1072 3488; x_wconf 88' lang='grc' dir='ltr'><em>τοῦ</em></span> <span class='ocrx_word' id='word_1_516' title='bbox 1108 3433 1435 3503; x_wconf 76' lang='grc' dir='ltr'><em>προφήτου,</em></span> <span class='ocrx_word' id='word_1_517' title='bbox 1464 3431 1748 3502; x_wconf 80' lang='grc' dir='ltr'><em>λέγοντος</em></span> <span class='ocrx_word' id='word_1_518' title='bbox 1767 3448 1780 3461; x_wconf 78' lang='grc'><strong><em>⁸</em></strong></span> 
     </span>
    </p>
   </div>
   <div class='ocr_carea' id='block_1_68' title="bbox 215 3525 1785 3598">
    <p class='ocr_par' dir='ltr' id='par_1_68' title="bbox 215 3525 1785 3598">
     <span class='ocr_line' id='line_1_68' title="bbox 215 3525 1785 3598; baseline -0.003 -17"><span class='ocrx_word' id='word_1_519' title='bbox 215 3528 443 3581; x_wconf 82' lang='grc' dir='ltr'><em>Εἴπατε</em></span> <span class='ocrx_word' id='word_1_520' title='bbox 483 3525 558 3594; x_wconf 78' lang='grc' dir='ltr'><em>τῇ</em></span> <span class='ocrx_word' id='word_1_521' title='bbox 594 3527 834 3597; x_wconf 68' lang='grc' dir='ltr'><em>θυγατρὶ</em></span> <span class='ocrx_word' id='word_1_522' title='bbox 875 3526 1044 3580; x_wconf 85' lang='grc' dir='ltr'><em>Σιών.</em></span> <span class='ocrx_word' id='word_1_523' title='bbox 1088 3527 1232 3598; x_wconf 78' lang='grc' dir='ltr'><em>Πρὸς</em></span> <span class='ocrx_word' id='word_1_524' title='bbox 1270 3527 1417 3590; x_wconf 87' lang='grc' dir='ltr'><em>τίνας</em></span> <span class='ocrx_word' id='word_1_525' title='bbox 1449 3525 1643 3594; x_wconf 85' lang='grc' dir='ltr'><em>λέγεις,</em></span> <span class='ocrx_word' id='word_1_526' title='bbox 1683 3525 1785 3577; x_wconf 79' lang='grc' dir='ltr'><strong>ΕΖ-</strong></span> 
     </span>
    </p>
   </div>
   <div class='ocr_carea' id='block_1_69' title="bbox 215 3612 1787 3690">
    <p class='ocr_par' dir='ltr' id='par_1_69' title="bbox 215 3612 1787 3690">
     <span class='ocr_line' id='line_1_69' title="bbox 215 3612 1787 3690; baseline -0.002 -19"><span class='ocrx_word' id='word_1_527' title='bbox 215 3633 389 3683; x_wconf 83' lang='grc' dir='ltr'><em>πατε,</em></span> <span class='ocrx_word' id='word_1_528' title='bbox 436 3612 488 3670; x_wconf 77' lang='grc' dir='ltr'>ὧ</span> <span class='ocrx_word' id='word_1_529' title='bbox 519 3621 808 3690; x_wconf 68' lang='grc' dir='ltr'><em>προφῆτα;</em></span> <span class='ocrx_word' id='word_1_530' title='bbox 848 3619 980 3671; x_wconf 74' lang='grc' dir='ltr'><em>Ἰδοὺ</em></span> <span class='ocrx_word' id='word_1_531' title='bbox 1011 3619 1075 3672; x_wconf 85' lang='grc' dir='ltr'>σὺ</span> <span class='ocrx_word' id='word_1_532' title='bbox 1099 3617 1415 3690; x_wconf 80' lang='grc' dir='ltr'><em>κηρύττεις·</em></span> <span class='ocrx_word' id='word_1_533' title='bbox 1459 3617 1565 3670; x_wconf 84' lang='grc' dir='ltr'><em>ἰδοὺ</em></span> <span class='ocrx_word' id='word_1_534' title='bbox 1612 3617 1675 3669; x_wconf 87' lang='grc' dir='ltr'>σὺ</span> <span class='ocrx_word' id='word_1_535' title='bbox 1707 3615 1787 3669; x_wconf 86' lang='grc' dir='ltr'><em>λέ-</em></span> 
     </span>
    </p>
   </div>
   <div class='ocr_carea' id='block_1_70' title="bbox 215 3707 1786 3781">
    <p class='ocr_par' dir='ltr' id='par_1_70' title="bbox 215 3707 1786 3781">
     <span class='ocr_line' id='line_1_70' title="bbox 215 3707 1786 3781; baseline -0.003 -17"><span class='ocrx_word' id='word_1_536' title='bbox 215 3729 357 3781; x_wconf 88' lang='grc' dir='ltr'><em>γεις.</em></span> <span class='ocrx_word' id='word_1_537' title='bbox 395 3709 555 3779; x_wconf 87' lang='grc' dir='ltr'><em>Ἐγὼ,</em></span> <span class='ocrx_word' id='word_1_538' title='bbox 580 3711 763 3780; x_wconf 73' lang='grc' dir='ltr'><em>φησὶν,</em></span> <span class='ocrx_word' id='word_1_539' title='bbox 795 3709 1098 3780; x_wconf 80' lang='grc' dir='ltr'><em>ἐπεθύμουν</em></span> <span class='ocrx_word' id='word_1_540' title='bbox 1130 3709 1256 3763; x_wconf 81' lang='grc' dir='ltr'><strong>ἰδεῖν</strong></span> <span class='ocrx_word' id='word_1_541' title='bbox 1285 3710 1379 3762; x_wconf 74' lang='grc' dir='ltr'><em>καὶ</em></span> <span class='ocrx_word' id='word_1_542' title='bbox 1406 3707 1662 3762; x_wconf 85' lang='grc' dir='ltr'><em>ἀκοῦσαι·</em></span> <span class='ocrx_word' id='word_1_543' title='bbox 1686 3708 1786 3760; x_wconf 83' lang='grc' dir='ltr'><em>οὐκ</em></span> 
     </span>
    </p>
   </div>
   <div class='ocr_carea' id='block_1_71' title="bbox 217 3800 1782 3874">
    <p class='ocr_par' dir='ltr' id='par_1_71' title="bbox 217 3800 1782 3874">
     <span class='ocr_line' id='line_1_71' title="bbox 217 3800 1782 3874; baseline -0.003 -18"><span class='ocrx_word' id='word_1_544' title='bbox 217 3803 332 3872; x_wconf 88' lang='grc' dir='ltr'><em>ἐγὼ</em></span> <span class='ocrx_word' id='word_1_545' title='bbox 363 3803 540 3874; x_wconf 83' lang='grc' dir='ltr'><em>μόνος,</em></span> <span class='ocrx_word' id='word_1_546' title='bbox 565 3802 699 3856; x_wconf 85' lang='grc' dir='ltr'><em>ἀλλὰ</em></span> <span class='ocrx_word' id='word_1_547' title='bbox 730 3803 822 3855; x_wconf 83' lang='grc' dir='ltr'><strong>καί</strong></span> <span class='ocrx_word' id='word_1_548' title='bbox 845 3801 1061 3856; x_wconf 77' lang='grc' dir='ltr'><em>πολλοὶ</em></span> <span class='ocrx_word' id='word_1_549' title='bbox 1092 3800 1388 3870; x_wconf 72' lang='grc' dir='ltr'><em>προφῆται</em></span> <span class='ocrx_word' id='word_1_550' title='bbox 1411 3801 1507 3854; x_wconf 78' lang='grc' dir='ltr'><em>καὶ</em></span> <span class='ocrx_word' id='word_1_551' title='bbox 1545 3801 1782 3858; x_wconf 79' lang='grc' dir='ltr'><em>δίκαιοι.</em></span> 
     </span>
    </p>
   </div>
   <div class='ocr_carea' id='block_1_72' title="bbox 231 3891 1783 3966">
    <p class='ocr_par' dir='ltr' id='par_1_72' title="bbox 231 3891 1783 3966">
     <span class='ocr_line' id='line_1_72' title="bbox 231 3891 1783 3966; baseline -0.004 -18"><span class='ocrx_word' id='word_1_552' title='bbox 231 3893 394 3948; x_wconf 82' lang='grc' dir='ltr'><em>Ἀλλὰ</em></span> <span class='ocrx_word' id='word_1_553' title='bbox 439 3895 532 3948; x_wconf 74' lang='grc' dir='ltr'><em>καὶ</em></span> <span class='ocrx_word' id='word_1_554' title='bbox 568 3896 679 3958; x_wconf 87' lang='grc' dir='ltr'><em>τοῖς</em></span> <span class='ocrx_word' id='word_1_555' title='bbox 726 3893 1130 3966; x_wconf 84' lang='grc' dir='ltr'><em>εὑρισκομένοις</em></span> <span class='ocrx_word' id='word_1_556' title='bbox 1167 3893 1260 3945; x_wconf 74' lang='grc' dir='ltr'><em>καὶ</em></span> <span class='ocrx_word' id='word_1_557' title='bbox 1305 3891 1783 3963; x_wconf 85' lang='grc' dir='ltr'><em>μαθητευομένοις,</em></span> 
     </span>
    </p>
   </div>
   <div class='ocr_carea' id='block_1_73' title="bbox 217 3981 1786 4056">
    <p class='ocr_par' dir='ltr' id='par_1_73' title="bbox 217 3981 1786 4056">
     <span class='ocr_line' id='line_1_73' title="bbox 217 3981 1786 4056; baseline -0.003 -18"><span class='ocrx_word' id='word_1_558' title='bbox 217 3985 319 4038; x_wconf 75' lang='grc' dir='ltr'><em>καὶ</em></span> <span class='ocrx_word' id='word_1_559' title='bbox 359 3984 693 4056; x_wconf 80' lang='grc' dir='ltr'><em>θεωροῦντας</em></span> <span class='ocrx_word' id='word_1_560' title='bbox 733 3984 844 4055; x_wconf 78' lang='grc'><strong>(75)</strong></span> <span class='ocrx_word' id='word_1_561' title='bbox 886 3985 980 4038; x_wconf 76' lang='grc' dir='ltr'><em>καὶ</em></span> <span class='ocrx_word' id='word_1_562' title='bbox 1036 3982 1330 4045; x_wconf 82' lang='grc' dir='ltr'><em>ἀκούοντας</em></span> <span class='ocrx_word' id='word_1_563' title='bbox 1379 3981 1473 4034; x_wconf 78' lang='grc' dir='ltr'><em>τοῦ</em></span> <span class='ocrx_word' id='word_1_564' title='bbox 1523 3981 1786 4051; x_wconf 84' lang='grc' dir='ltr'><em>βασιλέως</em></span> 
     </span>
    </p>
   </div>
   <div class='ocr_carea' id='block_1_74' title="bbox 217 4071 1787 4148">
    <p class='ocr_par' dir='ltr' id='par_1_74' title="bbox 217 4071 1787 4148">
     <span class='ocr_line' id='line_1_74' title="bbox 217 4071 1787 4148; baseline -0.001 -19"><span class='ocrx_word' id='word_1_565' title='bbox 217 4075 358 4130; x_wconf 87' lang='grc' dir='ltr'><em>Σιὼν</em></span> <span class='ocrx_word' id='word_1_566' title='bbox 401 4077 562 4144; x_wconf 87' lang='grc' dir='ltr'><em>λέγω,</em></span> <span class='ocrx_word' id='word_1_567' title='bbox 604 4077 690 4129; x_wconf 73' lang='grc' dir='ltr'><em>ἵνα</em></span> <span class='ocrx_word' id='word_1_568' title='bbox 729 4076 921 4129; x_wconf 83' lang='grc' dir='ltr'><em>εἴπωσι</em></span> <span class='ocrx_word' id='word_1_569' title='bbox 960 4077 1054 4128; x_wconf 75' lang='grc' dir='ltr'><em>καὶ</em></span> <span class='ocrx_word' id='word_1_570' title='bbox 1085 4075 1421 4148; x_wconf 81' lang='grc' dir='ltr'><em>κηρύξωσιν·</em></span> <span class='ocrx_word' id='word_1_571' title='bbox 1456 4076 1678 4128; x_wconf 82' lang='grc' dir='ltr'><em>Εἴπατε</em></span> <span class='ocrx_word' id='word_1_572' title='bbox 1710 4071 1787 4142; x_wconf 77' lang='grc' dir='ltr'><em>τῇ</em></span> 
     </span>
    </p>
   </div>
   <div class='ocr_carea' id='block_1_75' title="bbox 215 4162 1783 4232">
    <p class='ocr_par' dir='ltr' id='par_1_75' title="bbox 215 4162 1783 4232">
     <span class='ocr_line' id='line_1_75' title="bbox 215 4162 1783 4232; baseline 0.001 -15"><span class='ocrx_word' id='word_1_573' title='bbox 215 4165 460 4232; x_wconf 75' lang='grc' dir='ltr'><em>θυγατρὶ</em></span> <span class='ocrx_word' id='word_1_574' title='bbox 487 4162 640 4218; x_wconf 79' lang='grc' dir='ltr'><em>Σιών</em></span> <span class='ocrx_word' id='word_1_575' title='bbox 657 4181 670 4194; x_wconf 86' lang='grc'><strong>·</strong></span> <span class='ocrx_word' id='word_1_576' title='bbox 712 4164 865 4218; x_wconf 85' lang='grc' dir='ltr'><em>Ἰδοὺ</em></span> <span class='ocrx_word' id='word_1_577' title='bbox 889 4167 920 4218; x_wconf 85' lang='lat' dir='ltr'><strong>d</strong></span> <span class='ocrx_word' id='word_1_578' title='bbox 944 4165 1244 4230; x_wconf 81' lang='grc' dir='ltr'><em>,ϐασιλεύς</em></span> <span class='ocrx_word' id='word_1_579' title='bbox 1263 4180 1378 4217; x_wconf 92' lang='grc' dir='ltr'><strong>σου</strong></span> <span class='ocrx_word' id='word_1_580' title='bbox 1405 4164 1642 4232; x_wconf 80' lang='grc' dir='ltr'><em>ἔρχεταί</em></span> <span class='ocrx_word' id='word_1_581' title='bbox 1665 4179 1783 4219; x_wconf 88' lang='grc' dir='ltr'><em>σοι.</em></span> 
     </span>
    </p>
   </div>
   <div class='ocr_carea' id='block_1_76' title="bbox 216 4252 1782 4326">
    <p class='ocr_par' dir='ltr' id='par_1_76' title="bbox 216 4252 1782 4326">
     <span class='ocr_line' id='line_1_76' title="bbox 216 4252 1782 4326; baseline -0.001 -19"><span class='ocrx_word' id='word_1_582' title='bbox 216 4255 328 4307; x_wconf 77' lang='grc' dir='ltr'><strong>Καὶ</strong></span> <span class='ocrx_word' id='word_1_583' title='bbox 369 4255 468 4307; x_wconf 86' lang='grc' dir='ltr'><em>οὐκ</em></span> <span class='ocrx_word' id='word_1_584' title='bbox 516 4252 636 4307; x_wconf 79' lang='grc' dir='ltr'><em>εἷπε</em></span> <span class='ocrx_word' id='word_1_585' title='bbox 679 4254 871 4326; x_wconf 77' lang='grc' dir='ltr'><em>ψιλῶς,</em></span> <span class='ocrx_word' id='word_1_586' title='bbox 919 4255 1153 4324; x_wconf 78' lang='grc' dir='ltr'><em>ἔρχεται</em></span> <span class='ocrx_word' id='word_1_587' title='bbox 1178 4272 1192 4286; x_wconf 94' lang='grc'><strong>·</strong></span> <span class='ocrx_word' id='word_1_588' title='bbox 1228 4255 1342 4308; x_wconf 85' lang='grc' dir='ltr'><em>ἀλλ’</em></span> <span class='ocrx_word' id='word_1_589' title='bbox 1375 4254 1608 4324; x_wconf 81' lang='grc' dir='ltr'><em>ἔρχεταί</em></span> <span class='ocrx_word' id='word_1_590' title='bbox 1649 4270 1782 4308; x_wconf 89' lang='grc' dir='ltr'><em>σοι·</em></span> 
     </span>
    </p>
   </div>
   <div class='ocr_carea' id='block_1_77' title="bbox 215 4343 1787 4417">
    <p class='ocr_par' dir='ltr' id='par_1_77' title="bbox 215 4343 1787 4417">
     <span class='ocr_line' id='line_1_77' title="bbox 215 4343 1787 4417; baseline 0 -19"><span class='ocrx_word' id='word_1_591' title='bbox 215 4345 484 4409; x_wconf 83' lang='grc' dir='ltr'><em>τουτέστι,</em></span> <span class='ocrx_word' id='word_1_592' title='bbox 523 4346 616 4399; x_wconf 83' lang='grc' dir='ltr'><em>σοῦ</em></span> <span class='ocrx_word' id='word_1_593' title='bbox 657 4345 929 4414; x_wconf 89' lang='grc' dir='ltr'><em>γενέσθαι,</em></span> <span class='ocrx_word' id='word_1_594' title='bbox 959 4348 1052 4399; x_wconf 71' lang='grc' dir='ltr'><em>καὶ</em></span> <span class='ocrx_word' id='word_1_595' title='bbox 1078 4349 1134 4398; x_wconf 86' lang='grc' dir='ltr'><strong>ἐν</strong></span> <span class='ocrx_word' id='word_1_596' title='bbox 1173 4347 1256 4399; x_wconf 75' lang='grc' dir='ltr'><em>σοὶ</em></span> <span class='ocrx_word' id='word_1_597' title='bbox 1287 4347 1524 4417; x_wconf 75' lang='grc' dir='ltr'><em>οἰκῆσαι.</em></span> <span class='ocrx_word' id='word_1_598' title='bbox 1571 4343 1723 4399; x_wconf 85' lang='grc' dir='ltr'><em>Ἰδοὺ</em></span> <span class='ocrx_word' id='word_1_599' title='bbox 1754 4345 1787 4398; x_wconf 82' lang='grc' dir='ltr'><em>ὁ</em></span> 
     </span>
    </p>
   </div>
   <div class='ocr_carea' id='block_1_78' title="bbox 210 4433 1782 4508">
    <p class='ocr_par' dir='ltr' id='par_1_78' title="bbox 210 4433 1782 4508">
     <span class='ocr_line' id='line_1_78' title="bbox 210 4433 1782 4508; baseline -0.001 -19"><span class='ocrx_word' id='word_1_600' title='bbox 210 4433 513 4503; x_wconf 80' lang='grc' dir='ltr'><em>,ϐασιλεύς</em></span> <span class='ocrx_word' id='word_1_601' title='bbox 557 4455 673 4491; x_wconf 92' lang='grc' dir='ltr'><strong>σου</strong></span> <span class='ocrx_word' id='word_1_602' title='bbox 721 4438 955 4508; x_wconf 81' lang='grc' dir='ltr'><em>ἔρχεταί</em></span> <span class='ocrx_word' id='word_1_603' title='bbox 1004 4454 1102 4492; x_wconf 90' lang='grc' dir='ltr'><strong>σοι</strong></span> <span class='ocrx_word' id='word_1_604' title='bbox 1146 4437 1368 4503; x_wconf 76' lang='grc' dir='ltr'><em>δίκαιος</em></span> <span class='ocrx_word' id='word_1_605' title='bbox 1422 4437 1517 4489; x_wconf 78' lang='grc' dir='ltr'><strong>καὶ</strong></span> <span class='ocrx_word' id='word_1_606' title='bbox 1565 4433 1782 4496; x_wconf 85' lang='grc' dir='ltr'><em>σώζων.</em></span> 
     </span>
    </p>
   </div>
   <div class='ocr_carea' id='block_1_79' title="bbox 218 4525 1788 4598">
    <p class='ocr_par' dir='ltr' id='par_1_79' title="bbox 218 4525 1788 4598">
     <span class='ocr_line' id='line_1_79' title="bbox 218 4525 1788 4598; baseline 0 -20"><span class='ocrx_word' id='word_1_607' title='bbox 218 4525 414 4590; x_wconf 76' lang='grc' dir='ltr'><em>Σώζων</em></span> <span class='ocrx_word' id='word_1_608' title='bbox 435 4528 544 4580; x_wconf 83' lang='grc' dir='ltr'><strong>ἀπὸ</strong></span> <span class='ocrx_word' id='word_1_609' title='bbox 569 4527 668 4598; x_wconf 79' lang='grc' dir='ltr'><em>τῆς</em></span> <span class='ocrx_word' id='word_1_610' title='bbox 696 4527 934 4591; x_wconf 85' lang='grc' dir='ltr'><em>δουλείας</em></span> <span class='ocrx_word' id='word_1_611' title='bbox 951 4527 1041 4580; x_wconf 83' lang='grc' dir='ltr'><em>τοῦ</em></span> <span class='ocrx_word' id='word_1_612' title='bbox 1072 4527 1264 4598; x_wconf 83' lang='grc' dir='ltr'><em>ἐχθροῦ</em></span> <span class='ocrx_word' id='word_1_613' title='bbox 1290 4529 1414 4590; x_wconf 81' lang='grc' dir='ltr'><em>τοὺς</em></span> <span class='ocrx_word' id='word_1_614' title='bbox 1437 4526 1788 4589; x_wconf 84' lang='grc' dir='ltr'><em>πιστεύοντας</em></span> 
     </span>
    </p>
   </div>
   <div class='ocr_carea' id='block_1_80' title="bbox 217 4617 1790 4689">
    <p class='ocr_par' dir='ltr' id='par_1_80' title="bbox 217 4617 1790 4689">
     <span class='ocr_line' id='line_1_80' title="bbox 217 4617 1790 4689; baseline 0 -18"><span class='ocrx_word' id='word_1_615' title='bbox 217 4620 306 4672; x_wconf 77' lang='grc' dir='ltr'><em>ἐπ’</em></span> <span class='ocrx_word' id='word_1_616' title='bbox 332 4620 511 4673; x_wconf 82' lang='grc' dir='ltr'><em>αὐτόν.</em></span> <span class='ocrx_word' id='word_1_617' title='bbox 546 4620 744 4689; x_wconf 77' lang='grc' dir='ltr'><em>Πραῢς</em></span> <span class='ocrx_word' id='word_1_618' title='bbox 776 4620 872 4674; x_wconf 77' lang='grc' dir='ltr'><em>καὶ</em></span> <span class='ocrx_word' id='word_1_619' title='bbox 909 4619 1263 4687; x_wconf 78' lang='grc' dir='ltr'><em>ἐπιϐεϐηκὼς</em></span> <span class='ocrx_word' id='word_1_620' title='bbox 1300 4620 1396 4672; x_wconf 78' lang='grc' dir='ltr'><em>ἐπὶ</em></span> <span class='ocrx_word' id='word_1_621' title='bbox 1425 4617 1628 4672; x_wconf 84' lang='grc' dir='ltr'><em>πῶλον</em></span> <span class='ocrx_word' id='word_1_622' title='bbox 1655 4618 1790 4672; x_wconf 76' lang='grc' dir='ltr'><em>υἱὸν</em></span> 
     </span>
    </p>
   </div>
   <div class='ocr_carea' id='block_1_81' title="bbox 215 4709 1788 4782">
    <p class='ocr_par' dir='ltr' id='par_1_81' title="bbox 215 4709 1788 4782">
     <span class='ocr_line' id='line_1_81' title="bbox 215 4709 1788 4782; baseline -0.003 -17"><span class='ocrx_word' id='word_1_623' title='bbox 215 4709 573 4780; x_wconf 81' lang='grc' dir='ltr'><em>ὑποζυγίου·</em></span> <span class='ocrx_word' id='word_1_624' title='bbox 607 4712 849 4766; x_wconf 86' lang='grc' dir='ltr'><em>τουτέστι</em></span> <span class='ocrx_word' id='word_1_625' title='bbox 874 4713 1271 4782; x_wconf 78' lang='grc' dir='ltr'><em>ταπεινόφρων,</em></span> <span class='ocrx_word' id='word_1_626' title='bbox 1304 4712 1397 4764; x_wconf 86' lang='grc' dir='ltr'><strong>καί</strong></span> <span class='ocrx_word' id='word_1_627' title='bbox 1421 4713 1478 4763; x_wconf 86' lang='grc' dir='ltr'><em>ὲν</em></span> <span class='ocrx_word' id='word_1_628' title='bbox 1501 4712 1566 4780; x_wconf 83' lang='grc' dir='ltr'><em>τῇ</em></span> <span class='ocrx_word' id='word_1_629' title='bbox 1597 4727 1788 4763; x_wconf 86' lang='grc' dir='ltr'><em>ταπει-</em></span> 
     </span>
    </p>
   </div>
   <div class='ocr_carea' id='block_1_82' title="bbox 217 4801 1788 4874">
    <p class='ocr_par' dir='ltr' id='par_1_82' title="bbox 217 4801 1788 4874">
     <span class='ocr_line' id='line_1_82' title="bbox 217 4801 1788 4874; baseline 0.003 -19"><span class='ocrx_word' id='word_1_630' title='bbox 217 4802 521 4874; x_wconf 78' lang='grc' dir='ltr'><em>νοφροσύνῃ</em></span> <span class='ocrx_word' id='word_1_631' title='bbox 553 4803 717 4857; x_wconf 82' lang='grc' dir='ltr'><em>αὐτοῦ</em></span> <span class='ocrx_word' id='word_1_632' title='bbox 753 4803 1156 4872; x_wconf 78' lang='grc' dir='ltr'><em>ἐξολοθρεύων</em></span> <span class='ocrx_word' id='word_1_633' title='bbox 1184 4804 1256 4857; x_wconf 88' lang='grc' dir='ltr'><em>τὰ</em></span> <span class='ocrx_word' id='word_1_634' title='bbox 1284 4803 1512 4872; x_wconf 81' lang='grc' dir='ltr'><em>ἅρματα</em></span> <span class='ocrx_word' id='word_1_635' title='bbox 1533 4801 1642 4871; x_wconf 83' lang='grc' dir='ltr'><em>τῆς</em></span> <span class='ocrx_word' id='word_1_636' title='bbox 1673 4804 1788 4867; x_wconf 85' lang='grc' dir='ltr'><em>,βα-</em></span> 
     </span>
    </p>
   </div>
   <div class='ocr_carea' id='block_1_83' title="bbox 217 4893 1787 4963">
    <p class='ocr_par' dir='ltr' id='par_1_83' title="bbox 217 4893 1787 4963">
     <span class='ocr_line' id='line_1_83' title="bbox 217 4893 1787 4963; baseline 0 -17"><span class='ocrx_word' id='word_1_637' title='bbox 217 4893 456 4958; x_wconf 86' lang='grc' dir='ltr'><em>σιλείας</em></span> <span class='ocrx_word' id='word_1_638' title='bbox 499 4895 765 4963; x_wconf 65' lang='grc' dir='ltr'><em>Ἐφραίμ·</em></span> <span class='ocrx_word' id='word_1_639' title='bbox 808 4895 1049 4948; x_wconf 82' lang='grc' dir='ltr'><em>τουτέστι</em></span> <span class='ocrx_word' id='word_1_640' title='bbox 1085 4893 1177 4948; x_wconf 80' lang='grc' dir='ltr'><em>τοῦ</em></span> <span class='ocrx_word' id='word_1_641' title='bbox 1219 4893 1484 4954; x_wconf 78' lang='grc' dir='ltr'><em>διαϐόλου,</em></span> <span class='ocrx_word' id='word_1_642' title='bbox 1516 4893 1574 4956; x_wconf 84' lang='grc' dir='ltr'><em>ὃς</em></span> <span class='ocrx_word' id='word_1_643' title='bbox 1601 4893 1787 4946; x_wconf 81' lang='grc' dir='ltr'><em>ἐϐασί-</em></span> 
     </span>
    </p>
   </div>
   <div class='ocr_carea' id='block_1_84' title="bbox 216 4985 1788 5061">
    <p class='ocr_par' dir='ltr' id='par_1_84' title="bbox 216 4985 1788 5061">
     <span class='ocr_line' id='line_1_84' title="bbox 216 4985 1788 5061; baseline 0.003 -23"><span class='ocrx_word' id='word_1_644' title='bbox 216 4985 406 5038; x_wconf 85' lang='grc' dir='ltr'><em>λευσεν</em></span> <span class='ocrx_word' id='word_1_645' title='bbox 429 4987 519 5039; x_wconf 69' lang='grc' dir='ltr'><em>ἐπὶ</em></span> <span class='ocrx_word' id='word_1_646' title='bbox 538 4987 625 5040; x_wconf 79' lang='grc' dir='ltr'><em>τὸν</em></span> <span class='ocrx_word' id='word_1_647' title='bbox 655 4987 866 5058; x_wconf 78' lang='grc' dir='ltr'><em>Ἰσραὴλ</em></span> <span class='ocrx_word' id='word_1_648' title='bbox 896 4988 988 5040; x_wconf 78' lang='grc' dir='ltr'><em>καὶ</em></span> <span class='ocrx_word' id='word_1_649' title='bbox 1008 4988 1099 5040; x_wconf 74' lang='grc' dir='ltr'><em>ἐπὶ</em></span> <span class='ocrx_word' id='word_1_650' title='bbox 1120 4988 1188 5040; x_wconf 81' lang='grc' dir='ltr'><em>τὰ</em></span> <span class='ocrx_word' id='word_1_651' title='bbox 1214 4987 1360 5058; x_wconf 75' lang='grc' dir='ltr'><em>ἔθνη.</em></span> <span class='ocrx_word' id='word_1_652' title='bbox 1399 4989 1788 5061; x_wconf 79' lang='grc' dir='ltr'><em>Ἐξωλόθρευσε</em></span> 
     </span>
    </p>
   </div>
   <div class='ocr_carea' id='block_1_85' title="bbox 214 5074 1786 5148">
    <p class='ocr_par' dir='ltr' id='par_1_85' title="bbox 214 5074 1786 5148">
     <span class='ocr_line' id='line_1_85' title="bbox 214 5074 1786 5148; baseline 0.003 -21"><span class='ocrx_word' id='word_1_653' title='bbox 214 5074 273 5127; x_wconf 83' lang='grc' dir='ltr'><em>δὲ</em></span> <span class='ocrx_word' id='word_1_654' title='bbox 305 5075 398 5127; x_wconf 81' lang='grc' dir='ltr'><em>καὶ</em></span> <span class='ocrx_word' id='word_1_655' title='bbox 429 5075 568 5128; x_wconf 83' lang='grc' dir='ltr'><em>κατὰ</em></span> <span class='ocrx_word' id='word_1_656' title='bbox 605 5077 665 5128; x_wconf 85' lang='grc' dir='ltr'><em>τὸ</em></span> <span class='ocrx_word' id='word_1_657' title='bbox 698 5077 929 5148; x_wconf 84' lang='grc' dir='ltr'><em>γράμμα</em></span> <span class='ocrx_word' id='word_1_658' title='bbox 967 5078 1062 5129; x_wconf 79' lang='grc' dir='ltr'><em>καὶ</em></span> <span class='ocrx_word' id='word_1_659' title='bbox 1095 5078 1189 5148; x_wconf 84' lang='grc' dir='ltr'><em>τὴν</em></span> <span class='ocrx_word' id='word_1_660' title='bbox 1222 5077 1495 5148; x_wconf 87' lang='grc' dir='ltr'><em>βασιλείαν</em></span> <span class='ocrx_word' id='word_1_661' title='bbox 1531 5079 1624 5132; x_wconf 80' lang='grc' dir='ltr'><em>τοῦ</em></span> <span class='ocrx_word' id='word_1_662' title='bbox 1658 5079 1786 5132; x_wconf 76' lang='grc' dir='ltr'><em>λαοῦ</em></span> 
     </span>
    </p>
   </div>
   <div class='ocr_carea' id='block_1_86' title="bbox 214 5165 1787 5243">
    <p class='ocr_par' dir='ltr' id='par_1_86' title="bbox 214 5165 1787 5243">
     <span class='ocr_line' id='line_1_86' title="bbox 214 5165 1787 5243; baseline 0.004 -25"><span class='ocrx_word' id='word_1_663' title='bbox 214 5165 326 5219; x_wconf 83' lang='grc' dir='ltr'><strong>τῶν</strong></span> <span class='ocrx_word' id='word_1_664' title='bbox 375 5168 662 5233; x_wconf 85' lang='grc' dir='ltr'><em>Ἰουδαίων,</em></span> <span class='ocrx_word' id='word_1_665' title='bbox 701 5170 794 5222; x_wconf 77' lang='grc' dir='ltr'><em>καὶ</em></span> <span class='ocrx_word' id='word_1_666' title='bbox 838 5170 1070 5241; x_wconf 83' lang='grc' dir='ltr'><em>ἐπαύθη.</em></span> <span class='ocrx_word' id='word_1_667' title='bbox 1102 5171 1211 5224; x_wconf 78' lang='grc' dir='ltr'><em>Καὶ</em></span> <span class='ocrx_word' id='word_1_668' title='bbox 1255 5171 1466 5235; x_wconf 83' lang='grc' dir='ltr'><em>ἵππον,</em></span> <span class='ocrx_word' id='word_1_669' title='bbox 1502 5172 1688 5243; x_wconf 77' lang='grc' dir='ltr'><em>φησὶν,</em></span> <span class='ocrx_word' id='word_1_670' title='bbox 1717 5173 1787 5237; x_wconf 83' lang='grc' dir='ltr'><strong>ἐξ</strong></span> 
     </span>
    </p>
   </div>
   <div class='ocr_carea' id='block_1_87' title="bbox 225 5257 1786 5335">
    <p class='ocr_par' dir='ltr' id='par_1_87' title="bbox 225 5257 1786 5335">
     <span class='ocr_line' id='line_1_87' title="bbox 225 5257 1786 5335; baseline 0.004 -23"><span class='ocrx_word' id='word_1_671' title='bbox 225 5257 625 5329; x_wconf 82' lang='grc' dir='ltr'><em>Ἰερουσαλήμ</em></span> <span class='ocrx_word' id='word_1_672' title='bbox 643 5279 655 5290; x_wconf 89' lang='grc'><strong>·</strong></span> <span class='ocrx_word' id='word_1_673' title='bbox 680 5259 922 5314; x_wconf 86' lang='grc' dir='ltr'><em>τουτέστι</em></span> <span class='ocrx_word' id='word_1_674' title='bbox 954 5262 1131 5316; x_wconf 76' lang='grc' dir='ltr'><em>πᾶσαν</em></span> <span class='ocrx_word' id='word_1_675' title='bbox 1157 5261 1254 5334; x_wconf 80' lang='grc' dir='ltr'><em>τὴν</em></span> <span class='ocrx_word' id='word_1_676' title='bbox 1283 5262 1658 5334; x_wconf 80' lang='grc' dir='ltr'><em>ὑπερηφανίαν</em></span> <span class='ocrx_word' id='word_1_677' title='bbox 1688 5265 1786 5335; x_wconf 84' lang='grc' dir='ltr'><em>τῆς</em></span> 
     </span>
    </p>
   </div>
   <div class='ocr_carea' id='block_1_88' title="bbox 1884 3151 3453 3224">
    <p class='ocr_par' dir='ltr' id='par_1_88' title="bbox 1884 3151 3453 3224">
     <span class='ocr_line' id='line_1_88' title="bbox 1884 3151 3453 3224; baseline 0.006 -20"><span class='ocrx_word' id='word_1_678' title='bbox 1884 3151 2060 3206; x_wconf 88' lang='lat' dir='ltr'><strong>David</strong></span> <span class='ocrx_word' id='word_1_679' title='bbox 2086 3169 2106 3206; x_wconf 89' lang='grc'><strong>.·</strong></span> <span class='ocrx_word' id='word_1_680' title='bbox 2126 3152 2439 3207; x_wconf 86' lang='lat' dir='ltr'><strong>Benedictus</strong></span> <span class='ocrx_word' id='word_1_681' title='bbox 2465 3157 2556 3224; x_wconf 88' lang='lat' dir='ltr'><strong>qui</strong></span> <span class='ocrx_word' id='word_1_682' title='bbox 2586 3157 2721 3210; x_wconf 86' lang='lat' dir='ltr'><strong>venit</strong></span> <span class='ocrx_word' id='word_1_683' title='bbox 2751 3157 2805 3210; x_wconf 91' lang='lat' dir='ltr'><strong>in</strong></span> <span class='ocrx_word' id='word_1_684' title='bbox 2835 3158 3043 3211; x_wconf 89' lang='lat' dir='ltr'><strong>nomine</strong></span> <span class='ocrx_word' id='word_1_685' title='bbox 3063 3156 3316 3214; x_wconf 86' lang='lat' dir='ltr'><strong>Domini:</strong></span> <span class='ocrx_word' id='word_1_686' title='bbox 3341 3159 3453 3214; x_wconf 83' lang='lat' dir='ltr'><strong>Ho-</strong></span> 
     </span>
    </p>
   </div>
   <div class='ocr_carea' id='block_1_89' title="bbox 1885 3247 3452 3323">
    <p class='ocr_par' dir='ltr' id='par_1_89' title="bbox 1885 3247 3452 3323">
     <span class='ocr_line' id='line_1_89' title="bbox 1885 3247 3452 3323; baseline 0.005 -24"><span class='ocrx_word' id='word_1_687' title='bbox 1885 3263 2057 3300; x_wconf 89' lang='lat' dir='ltr'><strong>sanna</strong></span> <span class='ocrx_word' id='word_1_688' title='bbox 2085 3247 2140 3300; x_wconf 87' lang='lat' dir='ltr'><strong>in</strong></span> <span class='ocrx_word' id='word_1_689' title='bbox 2173 3249 2451 3302; x_wconf 83' lang='lat' dir='ltr'><strong>attissimis</strong></span> <span class='ocrx_word' id='word_1_690' title='bbox 2483 3249 2987 3318; x_wconf 87' lang='lat' dir='ltr'><strong>:quemadmodum</strong></span> <span class='ocrx_word' id='word_1_691' title='bbox 3023 3265 3182 3306; x_wconf 68' lang='lat' dir='ltr'><strong>sacer</strong></span> <span class='ocrx_word' id='word_1_692' title='bbox 3225 3266 3452 3323; x_wconf 86' lang='lat' dir='ltr'><strong>evange-</strong></span> 
     </span>
    </p>
   </div>
   <div class='ocr_carea' id='block_1_90' title="bbox 1885 3343 3452 3417">
    <p class='ocr_par' dir='ltr' id='par_1_90' title="bbox 1885 3343 3452 3417">
     <span class='ocr_line' id='line_1_90' title="bbox 1885 3343 3452 3417; baseline 0.004 -21"><span class='ocrx_word' id='word_1_693' title='bbox 1885 3343 2012 3398; x_wconf 90' lang='lat' dir='ltr'><strong>lista</strong></span> <span class='ocrx_word' id='word_1_694' title='bbox 2041 3343 2153 3398; x_wconf 92' lang='lat' dir='ltr'><strong>ait:</strong></span> <span class='ocrx_word' id='word_1_695' title='bbox 2183 3345 2298 3399; x_wconf 84' lang='lat' dir='ltr'><strong>Hoc</strong></span> <span class='ocrx_word' id='word_1_696' title='bbox 2327 3356 2505 3400; x_wconf 88' lang='lat' dir='ltr'><strong>autem</strong></span> <span class='ocrx_word' id='word_1_697' title='bbox 2550 3355 2719 3401; x_wconf 85' lang='lat' dir='ltr'><strong>totum</strong></span> <span class='ocrx_word' id='word_1_698' title='bbox 2745 3347 2949 3416; x_wconf 82' lang='lat' dir='ltr'><strong>factum</strong></span> <span class='ocrx_word' id='word_1_699' title='bbox 2987 3356 3087 3411; x_wconf 91' lang='lat' dir='ltr'><strong>est,</strong></span> <span class='ocrx_word' id='word_1_700' title='bbox 3117 3357 3175 3401; x_wconf 89' lang='lat' dir='ltr'><strong>ut</strong></span> <span class='ocrx_word' id='word_1_701' title='bbox 3205 3349 3452 3417; x_wconf 87' lang='lat' dir='ltr'><strong>adimple-</strong></span> 
     </span>
    </p>
   </div>
   <div class='ocr_carea' id='block_1_91' title="bbox 1886 3434 3452 3506">
    <p class='ocr_par' dir='ltr' id='par_1_91' title="bbox 1886 3434 3452 3506">
     <span class='ocr_line' id='line_1_91' title="bbox 1886 3434 3452 3506; baseline 0.004 -21"><span class='ocrx_word' id='word_1_702' title='bbox 1886 3443 2030 3487; x_wconf 90' lang='lat' dir='ltr'><strong>retur</strong></span> <span class='ocrx_word' id='word_1_703' title='bbox 2051 3434 2194 3502; x_wconf 88' lang='lat' dir='ltr'><strong>quod</strong></span> <span class='ocrx_word' id='word_1_704' title='bbox 2225 3434 2425 3488; x_wconf 89' lang='lat' dir='ltr'><strong>dictum</strong></span> <span class='ocrx_word' id='word_1_705' title='bbox 2459 3445 2538 3490; x_wconf 90' lang='lat' dir='ltr'><strong>est</strong></span> <span class='ocrx_word' id='word_1_706' title='bbox 2568 3453 2660 3505; x_wconf 86' lang='lat' dir='ltr'><strong>per</strong></span> <span class='ocrx_word' id='word_1_707' title='bbox 2680 3437 3006 3506; x_wconf 83' lang='lat' dir='ltr'><strong>prophetam,</strong></span> <span class='ocrx_word' id='word_1_708' title='bbox 3037 3437 3290 3493; x_wconf 86' lang='lat' dir='ltr'><strong>dicentem</strong></span> <span class='ocrx_word' id='word_1_709' title='bbox 3313 3454 3333 3492; x_wconf 91' lang='lat'><strong>:</strong></span> <span class='ocrx_word' id='word_1_710' title='bbox 3354 3438 3452 3492; x_wconf 88' lang='lat' dir='ltr'><strong>Di-</strong></span> 
     </span>
    </p>
   </div>
   <div class='ocr_carea' id='block_1_92' title="bbox 1886 3523 3450 3598">
    <p class='ocr_par' dir='ltr' id='par_1_92' title="bbox 1886 3523 3450 3598">
     <span class='ocr_line' id='line_1_92' title="bbox 1886 3523 3450 3598; baseline 0.007 -23"><span class='ocrx_word' id='word_1_711' title='bbox 1886 3524 1987 3578; x_wconf 85' lang='lat' dir='ltr'><strong>cite</strong></span> <span class='ocrx_word' id='word_1_712' title='bbox 2006 3524 2134 3593; x_wconf 76' lang='lat' dir='ltr'><strong>ﬁliaz</strong></span> <span class='ocrx_word' id='word_1_713' title='bbox 2156 3523 2304 3579; x_wconf 86' lang='lat' dir='ltr'><strong>Sion.</strong></span> <span class='ocrx_word' id='word_1_714' title='bbox 2337 3524 2675 3592; x_wconf 85' lang='lat' dir='ltr'><strong>Quibusnam</strong></span> <span class='ocrx_word' id='word_1_715' title='bbox 2704 3527 2966 3598; x_wconf 81' lang='lat' dir='ltr'><strong>propheta</strong></span> <span class='ocrx_word' id='word_1_716' title='bbox 2995 3528 3096 3594; x_wconf 88' lang='lat' dir='ltr'><strong>ais,</strong></span> <span class='ocrx_word' id='word_1_717' title='bbox 3126 3528 3337 3586; x_wconf 83' lang='lat' dir='ltr'><strong>Dicite?</strong></span> <span class='ocrx_word' id='word_1_718' title='bbox 3370 3531 3450 3586; x_wconf 88' lang='lat' dir='ltr'><strong>En</strong></span> 
     </span>
    </p>
   </div>
   <div class='ocr_carea' id='block_1_93' title="bbox 1885 3610 3449 3689">
    <p class='ocr_par' dir='ltr' id='par_1_93' title="bbox 1885 3610 3449 3689">
     <span class='ocr_line' id='line_1_93' title="bbox 1885 3610 3449 3689; baseline 0.005 -21"><span class='ocrx_word' id='word_1_719' title='bbox 1885 3614 2003 3685; x_wconf 88' lang='lat' dir='ltr'><strong>ipse</strong></span> <span class='ocrx_word' id='word_1_720' title='bbox 2038 3610 2343 3686; x_wconf 81' lang='lat' dir='ltr'><strong>praedicas:</strong></span> <span class='ocrx_word' id='word_1_721' title='bbox 2377 3632 2444 3670; x_wconf 90' lang='lat' dir='ltr'><strong>en</strong></span> <span class='ocrx_word' id='word_1_722' title='bbox 2476 3617 2595 3687; x_wconf 89' lang='lat' dir='ltr'><strong>ipse</strong></span> <span class='ocrx_word' id='word_1_723' title='bbox 2637 3615 2798 3672; x_wconf 88' lang='lat' dir='ltr'><strong>dicis.</strong></span> <span class='ocrx_word' id='word_1_724' title='bbox 2830 3615 2962 3688; x_wconf 87' lang='lat' dir='ltr'><strong>Ego,</strong></span> <span class='ocrx_word' id='word_1_725' title='bbox 3002 3619 3200 3689; x_wconf 88' lang='lat' dir='ltr'><strong>inquit,</strong></span> <span class='ocrx_word' id='word_1_726' title='bbox 3233 3620 3449 3676; x_wconf 89' lang='lat' dir='ltr'><strong>deside-</strong></span> 
     </span>
    </p>
   </div>
   <div class='ocr_carea' id='block_1_94' title="bbox 1888 3707 3451 3778">
    <p class='ocr_par' dir='ltr' id='par_1_94' title="bbox 1888 3707 3451 3778">
     <span class='ocr_line' id='line_1_94' title="bbox 1888 3707 3451 3778; baseline 0.006 -18"><span class='ocrx_word' id='word_1_727' title='bbox 1888 3707 2078 3761; x_wconf 89' lang='lat' dir='ltr'><strong>rabam</strong></span> <span class='ocrx_word' id='word_1_728' title='bbox 2124 3707 2309 3762; x_wconf 88' lang='lat' dir='ltr'><strong>videre</strong></span> <span class='ocrx_word' id='word_1_729' title='bbox 2353 3715 2408 3763; x_wconf 92' lang='lat' dir='ltr'><strong>et</strong></span> <span class='ocrx_word' id='word_1_730' title='bbox 2448 3707 2678 3763; x_wconf 90' lang='lat' dir='ltr'><strong>audire:</strong></span> <span class='ocrx_word' id='word_1_731' title='bbox 2707 3723 2812 3763; x_wconf 88' lang='lat' dir='ltr'><strong>nec</strong></span> <span class='ocrx_word' id='word_1_732' title='bbox 2853 3723 2954 3778; x_wconf 89' lang='lat' dir='ltr'><strong>ego</strong></span> <span class='ocrx_word' id='word_1_733' title='bbox 2989 3717 3218 3775; x_wconf 89' lang='lat' dir='ltr'><strong>tantum,</strong></span> <span class='ocrx_word' id='word_1_734' title='bbox 3262 3712 3358 3767; x_wconf 89' lang='lat' dir='ltr'><strong>sed</strong></span> <span class='ocrx_word' id='word_1_735' title='bbox 3393 3721 3451 3768; x_wconf 86' lang='lat' dir='ltr'><strong>et</strong></span> 
     </span>
    </p>
   </div>
   <div class='ocr_carea' id='block_1_95' title="bbox 1887 3799 3448 3870">
    <p class='ocr_par' dir='ltr' id='par_1_95' title="bbox 1887 3799 3448 3870">
     <span class='ocr_line' id='line_1_95' title="bbox 1887 3799 3448 3870; baseline 0.005 -19"><span class='ocrx_word' id='word_1_736' title='bbox 1887 3799 2040 3852; x_wconf 89' lang='lat' dir='ltr'><strong>multi</strong></span> <span class='ocrx_word' id='word_1_737' title='bbox 2055 3800 2316 3868; x_wconf 77' lang='lat' dir='ltr'><strong>prophetw</strong></span> <span class='ocrx_word' id='word_1_738' title='bbox 2331 3810 2380 3854; x_wconf 87' lang='lat' dir='ltr'><strong>et</strong></span> <span class='ocrx_word' id='word_1_739' title='bbox 2385 3800 2523 3870; x_wconf 85' lang='lat' dir='ltr'><strong>justi</strong></span> <span class='ocrx_word' id='word_1_740' title='bbox 2546 3801 2634 3854; x_wconf 56' lang='grc'><strong>⁸⁸2</strong></span> <span class='ocrx_word' id='word_1_741' title='bbox 2661 3799 2861 3856; x_wconf 85' lang='lat' dir='ltr'><strong>Verum</strong></span> <span class='ocrx_word' id='word_1_742' title='bbox 2882 3801 3027 3864; x_wconf 87' lang='lat' dir='ltr'><strong>dico,</strong></span> <span class='ocrx_word' id='word_1_743' title='bbox 3051 3818 3174 3856; x_wconf 91' lang='lat' dir='ltr'><strong>cum</strong></span> <span class='ocrx_word' id='word_1_744' title='bbox 3197 3803 3448 3859; x_wconf 90' lang='lat' dir='ltr'><strong>inventu-</strong></span> 
     </span>
    </p>
   </div>
   <div class='ocr_carea' id='block_1_96' title="bbox 1886 3890 3452 3962">
    <p class='ocr_par' dir='ltr' id='par_1_96' title="bbox 1886 3890 3452 3962">
     <span class='ocr_line' id='line_1_96' title="bbox 1886 3890 3452 3962; baseline 0.005 -19"><span class='ocrx_word' id='word_1_745' title='bbox 1886 3890 1966 3946; x_wconf 85' lang='lat' dir='ltr'><strong>ris</strong></span> <span class='ocrx_word' id='word_1_746' title='bbox 1996 3905 2061 3945; x_wconf 90' lang='lat' dir='ltr'><strong>ac</strong></span> <span class='ocrx_word' id='word_1_747' title='bbox 2095 3891 2402 3961; x_wconf 88' lang='lat' dir='ltr'><strong>discipulis,</strong></span> <span class='ocrx_word' id='word_1_748' title='bbox 2427 3902 2539 3947; x_wconf 93' lang='lat' dir='ltr'><strong>tum</strong></span> <span class='ocrx_word' id='word_1_749' title='bbox 2571 3892 2640 3948; x_wconf 89' lang='lat' dir='ltr'><strong>iis</strong></span> <span class='ocrx_word' id='word_1_750' title='bbox 2664 3892 2760 3962; x_wconf 92' lang='lat' dir='ltr'><strong>qui</strong></span> <span class='ocrx_word' id='word_1_751' title='bbox 2788 3891 2970 3948; x_wconf 86' lang='lat' dir='ltr'><strong>vident</strong></span> <span class='ocrx_word' id='word_1_752' title='bbox 2996 3908 3060 3948; x_wconf 92' lang='lat' dir='ltr'><strong>ac</strong></span> <span class='ocrx_word' id='word_1_753' title='bbox 3088 3894 3320 3950; x_wconf 88' lang='lat' dir='ltr'><strong>audiunt</strong></span> <span class='ocrx_word' id='word_1_754' title='bbox 3346 3895 3452 3952; x_wconf 82' lang='lat' dir='ltr'><strong>Re-</strong></span> 
     </span>
    </p>
   </div>
   <div class='ocr_carea' id='block_1_97' title="bbox 1886 3980 3452 4056">
    <p class='ocr_par' dir='ltr' id='par_1_97' title="bbox 1886 3980 3452 4056">
     <span class='ocr_line' id='line_1_97' title="bbox 1886 3980 3452 4056; baseline 0.006 -21"><span class='ocrx_word' id='word_1_755' title='bbox 1886 3997 2006 4052; x_wconf 87' lang='lat' dir='ltr'><strong>gem</strong></span> <span class='ocrx_word' id='word_1_756' title='bbox 2033 3980 2186 4048; x_wconf 89' lang='lat' dir='ltr'><strong>Sion,</strong></span> <span class='ocrx_word' id='word_1_757' title='bbox 2217 3991 2276 4038; x_wconf 93' lang='lat' dir='ltr'><strong>ut</strong></span> <span class='ocrx_word' id='word_1_758' title='bbox 2297 3983 2485 4038; x_wconf 89' lang='lat' dir='ltr'><strong>dicant</strong></span> <span class='ocrx_word' id='word_1_759' title='bbox 2506 3999 2569 4038; x_wconf 87' lang='lat' dir='ltr'><strong>ac</strong></span> <span class='ocrx_word' id='word_1_760' title='bbox 2594 3984 2891 4055; x_wconf 70' lang='lat' dir='ltr'><strong>praedicent</strong></span> <span class='ocrx_word' id='word_1_761' title='bbox 2911 4005 2924 4040; x_wconf 94' lang='lat'><strong>:</strong></span> <span class='ocrx_word' id='word_1_762' title='bbox 2945 3985 3116 4040; x_wconf 85' lang='lat' dir='ltr'><strong>Dicite</strong></span> <span class='ocrx_word' id='word_1_763' title='bbox 3137 3986 3266 4056; x_wconf 75' lang='lat' dir='ltr'><strong>ﬁlia:</strong></span> <span class='ocrx_word' id='word_1_764' title='bbox 3287 3986 3452 4044; x_wconf 88' lang='lat' dir='ltr'><strong>Sion:</strong></span> 
     </span>
    </p>
   </div>
   <div class='ocr_carea' id='block_1_98' title="bbox 1887 4072 3452 4144">
    <p class='ocr_par' dir='ltr' id='par_1_98' title="bbox 1887 4072 3452 4144">
     <span class='ocr_line' id='line_1_98' title="bbox 1887 4072 3452 4144; baseline 0.004 -18"><span class='ocrx_word' id='word_1_765' title='bbox 1887 4072 2023 4128; x_wconf 89' lang='lat' dir='ltr'><strong>Ecce</strong></span> <span class='ocrx_word' id='word_1_766' title='bbox 2058 4089 2152 4127; x_wconf 73' lang='lat' dir='ltr'><strong>rex</strong></span> <span class='ocrx_word' id='word_1_767' title='bbox 2184 4084 2304 4128; x_wconf 89' lang='lat' dir='ltr'><strong>tuus</strong></span> <span class='ocrx_word' id='word_1_768' title='bbox 2326 4076 2460 4128; x_wconf 84' lang='lat' dir='ltr'><strong>venit</strong></span> <span class='ocrx_word' id='word_1_769' title='bbox 2489 4075 2602 4130; x_wconf 91' lang='lat' dir='ltr'><strong>tibi.</strong></span> <span class='ocrx_word' id='word_1_770' title='bbox 2629 4075 2748 4130; x_wconf 88' lang='lat' dir='ltr'><strong>Non</strong></span> <span class='ocrx_word' id='word_1_771' title='bbox 2775 4075 2920 4132; x_wconf 92' lang='lat' dir='ltr'><strong>nude</strong></span> <span class='ocrx_word' id='word_1_772' title='bbox 2939 4077 3096 4141; x_wconf 77' lang='lat' dir='ltr'><strong>dixit,</strong></span> <span class='ocrx_word' id='word_1_773' title='bbox 3131 4079 3268 4133; x_wconf 86' lang='lat' dir='ltr'><strong>venit</strong></span> <span class='ocrx_word' id='word_1_774' title='bbox 3293 4093 3314 4134; x_wconf 90' lang='lat'><strong>:</strong></span> <span class='ocrx_word' id='word_1_775' title='bbox 3333 4082 3452 4144; x_wconf 90' lang='lat' dir='ltr'><strong>sed,</strong></span> 
     </span>
    </p>
   </div>
   <div class='ocr_carea' id='block_1_99' title="bbox 1887 4165 3451 4232">
    <p class='ocr_par' dir='ltr' id='par_1_99' title="bbox 1887 4165 3451 4232">
     <span class='ocr_line' id='line_1_99' title="bbox 1887 4165 3451 4232; baseline 0.003 -12"><span class='ocrx_word' id='word_1_776' title='bbox 1887 4166 2024 4220; x_wconf 90' lang='lat' dir='ltr'><strong>venit</strong></span> <span class='ocrx_word' id='word_1_777' title='bbox 2063 4165 2200 4221; x_wconf 87' lang='lat' dir='ltr'><strong>tibi:</strong></span> <span class='ocrx_word' id='word_1_778' title='bbox 2229 4167 2336 4222; x_wconf 90' lang='lat' dir='ltr'><strong>hoc</strong></span> <span class='ocrx_word' id='word_1_779' title='bbox 2376 4175 2480 4227; x_wconf 88' lang='lat' dir='ltr'><strong>est.</strong></span> <span class='ocrx_word' id='word_1_780' title='bbox 2515 4175 2574 4222; x_wconf 90' lang='lat' dir='ltr'><strong>ut</strong></span> <span class='ocrx_word' id='word_1_781' title='bbox 2616 4169 2688 4224; x_wconf 91' lang='lat' dir='ltr'><strong>sit</strong></span> <span class='ocrx_word' id='word_1_782' title='bbox 2733 4177 2884 4232; x_wconf 92' lang='lat' dir='ltr'><strong>tuus,</strong></span> <span class='ocrx_word' id='word_1_783' title='bbox 2934 4178 2990 4226; x_wconf 89' lang='lat' dir='ltr'><strong>et</strong></span> <span class='ocrx_word' id='word_1_784' title='bbox 3029 4170 3240 4226; x_wconf 90' lang='lat' dir='ltr'><strong>habitet</strong></span> <span class='ocrx_word' id='word_1_785' title='bbox 3277 4171 3332 4226; x_wconf 88' lang='lat' dir='ltr'><strong>in</strong></span> <span class='ocrx_word' id='word_1_786' title='bbox 3377 4179 3451 4227; x_wconf 89' lang='lat' dir='ltr'><strong>te.</strong></span> 
     </span>
    </p>
   </div>
   <div class='ocr_carea' id='block_1_100' title="bbox 1888 4243 3452 4329">
    <p class='ocr_par' dir='ltr' id='par_1_100' title="bbox 1888 4243 3452 4329">
     <span class='ocr_line' id='line_1_100' title="bbox 1888 4243 3452 4329; baseline 0.004 -18"><span class='ocrx_word' id='word_1_787' title='bbox 1888 4257 2025 4312; x_wconf 84' lang='lat' dir='ltr'><strong>Ecce</strong></span> <span class='ocrx_word' id='word_1_788' title='bbox 2072 4272 2166 4311; x_wconf 73' lang='lat' dir='ltr'><strong>rex</strong></span> <span class='ocrx_word' id='word_1_789' title='bbox 2207 4267 2326 4312; x_wconf 87' lang='lat' dir='ltr'><strong>tuus</strong></span> <span class='ocrx_word' id='word_1_790' title='bbox 2364 4259 2504 4312; x_wconf 90' lang='lat' dir='ltr'><strong>venit</strong></span> <span class='ocrx_word' id='word_1_791' title='bbox 2537 4259 2633 4313; x_wconf 86' lang='lat' dir='ltr'><strong>tibi</strong></span> <span class='ocrx_word' id='word_1_792' title='bbox 2653 4259 2836 4329; x_wconf 85' lang='lat' dir='ltr'><strong>justus</strong></span> <span class='ocrx_word' id='word_1_793' title='bbox 2861 4271 2913 4315; x_wconf 88' lang='lat' dir='ltr'><strong>et</strong></span> <span class='ocrx_word' id='word_1_794' title='bbox 2954 4261 3186 4316; x_wconf 84' lang='lat' dir='ltr'><strong>salvans.</strong></span> <span class='ocrx_word' id='word_1_795' title='bbox 3222 4243 3452 4319; x_wconf 78' lang='lat' dir='ltr'><strong>Salvans</strong></span> 
     </span>
    </p>
   </div>
   <div class='ocr_carea' id='block_1_101' title="bbox 1890 4346 3452 4418">
    <p class='ocr_par' dir='ltr' id='par_1_101' title="bbox 1890 4346 3452 4418">
     <span class='ocr_line' id='line_1_101' title="bbox 1890 4346 3452 4418; baseline 0.004 -18"><span class='ocrx_word' id='word_1_796' title='bbox 1890 4347 1958 4401; x_wconf 92' lang='lat' dir='ltr'><strong>ab</strong></span> <span class='ocrx_word' id='word_1_797' title='bbox 1989 4346 2196 4402; x_wconf 91' lang='lat' dir='ltr'><strong>inimici</strong></span> <span class='ocrx_word' id='word_1_798' title='bbox 2226 4349 2487 4403; x_wconf 82' lang='lat' dir='ltr'><strong>servitute</strong></span> <span class='ocrx_word' id='word_1_799' title='bbox 2520 4351 2807 4405; x_wconf 88' lang='lat' dir='ltr'><strong>credentes</strong></span> <span class='ocrx_word' id='word_1_800' title='bbox 2840 4349 2896 4404; x_wconf 89' lang='lat' dir='ltr'><strong>in</strong></span> <span class='ocrx_word' id='word_1_801' title='bbox 2937 4366 3077 4406; x_wconf 91' lang='lat' dir='ltr'><strong>eum.</strong></span> <span class='ocrx_word' id='word_1_802' title='bbox 3116 4350 3452 4418; x_wconf 76' lang='lat' dir='ltr'><strong>Mansuetus,</strong></span> 
     </span>
    </p>
   </div>
   <div class='ocr_carea' id='block_1_102' title="bbox 1891 4437 3452 4510">
    <p class='ocr_par' dir='ltr' id='par_1_102' title="bbox 1891 4437 3452 4510">
     <span class='ocr_line' id='line_1_102' title="bbox 1891 4437 3452 4510; baseline 0.004 -18"><span class='ocrx_word' id='word_1_803' title='bbox 1891 4447 1941 4492; x_wconf 90' lang='lat' dir='ltr'><strong>et</strong></span> <span class='ocrx_word' id='word_1_804' title='bbox 1977 4437 2158 4492; x_wconf 88' lang='lat' dir='ltr'><strong>sedens</strong></span> <span class='ocrx_word' id='word_1_805' title='bbox 2202 4453 2356 4507; x_wconf 88' lang='lat' dir='ltr'><strong>super</strong></span> <span class='ocrx_word' id='word_1_806' title='bbox 2390 4439 2595 4508; x_wconf 82' lang='lat' dir='ltr'><strong>pullum</strong></span> <span class='ocrx_word' id='word_1_807' title='bbox 2637 4441 2809 4508; x_wconf 77' lang='lat' dir='ltr'><strong>ﬁlium</strong></span> <span class='ocrx_word' id='word_1_808' title='bbox 2848 4440 3142 4510; x_wconf 87' lang='lat' dir='ltr'><strong>subjugalis</strong></span> <span class='ocrx_word' id='word_1_809' title='bbox 3164 4457 3183 4494; x_wconf 92' lang='lat'><strong>:</strong></span> <span class='ocrx_word' id='word_1_810' title='bbox 3206 4442 3309 4497; x_wconf 86' lang='lat' dir='ltr'><strong>hoc</strong></span> <span class='ocrx_word' id='word_1_811' title='bbox 3345 4451 3452 4508; x_wconf 89' lang='lat' dir='ltr'><strong>est,</strong></span> 
     </span>
    </p>
   </div>
   <div class='ocr_carea' id='block_1_103' title="bbox 1894 4531 3451 4606">
    <p class='ocr_par' dir='ltr' id='par_1_103' title="bbox 1894 4531 3451 4606">
     <span class='ocr_line' id='line_1_103' title="bbox 1894 4531 3451 4606; baseline 0.002 -21"><span class='ocrx_word' id='word_1_812' title='bbox 1894 4531 2138 4598; x_wconf 86' lang='lat' dir='ltr'><strong>humilis,</strong></span> <span class='ocrx_word' id='word_1_813' title='bbox 2176 4547 2384 4600; x_wconf 84' lang='lat' dir='ltr'><strong>suaque</strong></span> <span class='ocrx_word' id='word_1_814' title='bbox 2420 4531 2722 4586; x_wconf 87' lang='lat' dir='ltr'><strong>humilitate</strong></span> <span class='ocrx_word' id='word_1_815' title='bbox 2762 4531 3060 4602; x_wconf 86' lang='lat' dir='ltr'><strong>dispergens</strong></span> <span class='ocrx_word' id='word_1_816' title='bbox 3093 4549 3279 4587; x_wconf 87' lang='lat' dir='ltr'><strong>currus</strong></span> <span class='ocrx_word' id='word_1_817' title='bbox 3312 4537 3451 4606; x_wconf 88' lang='lat' dir='ltr'><strong>regni</strong></span> 
     </span>
    </p>
   </div>
   <div class='ocr_carea' id='block_1_104' title="bbox 1894 4621 3451 4695">
    <p class='ocr_par' dir='ltr' id='par_1_104' title="bbox 1894 4621 3451 4695">
     <span class='ocr_line' id='line_1_104' title="bbox 1894 4621 3451 4695; baseline 0.003 -19"><span class='ocrx_word' id='word_1_818' title='bbox 1894 4621 2150 4693; x_wconf 87' lang='lat' dir='ltr'><strong>Ephraim</strong></span> <span class='ocrx_word' id='word_1_819' title='bbox 2173 4622 2253 4690; x_wconf 79' lang='lat'><strong>&quot;;</strong></span> <span class='ocrx_word' id='word_1_820' title='bbox 2282 4623 2386 4676; x_wconf 90' lang='lat' dir='ltr'><strong>hoc</strong></span> <span class='ocrx_word' id='word_1_821' title='bbox 2445 4631 2529 4677; x_wconf 90' lang='lat' dir='ltr'><strong>est</strong></span> <span class='ocrx_word' id='word_1_822' title='bbox 2566 4621 2786 4689; x_wconf 87' lang='lat' dir='ltr'><strong>diaboli,</strong></span> <span class='ocrx_word' id='word_1_823' title='bbox 2818 4622 2910 4692; x_wconf 89' lang='lat' dir='ltr'><strong>qui</strong></span> <span class='ocrx_word' id='word_1_824' title='bbox 2949 4635 3266 4693; x_wconf 87' lang='lat' dir='ltr'><strong>regnaverat</strong></span> <span class='ocrx_word' id='word_1_825' title='bbox 3291 4641 3451 4695; x_wconf 80' lang='lat' dir='ltr'><strong>super</strong></span> 
     </span>
    </p>
   </div>
   <div class='ocr_carea' id='block_1_105' title="bbox 1894 4709 3451 4785">
    <p class='ocr_par' dir='ltr' id='par_1_105' title="bbox 1894 4709 3451 4785">
     <span class='ocr_line' id='line_1_105' title="bbox 1894 4709 3451 4785; baseline 0.002 -19"><span class='ocrx_word' id='word_1_826' title='bbox 1894 4712 2060 4768; x_wconf 89' lang='lat' dir='ltr'><strong>Israel</strong></span> <span class='ocrx_word' id='word_1_827' title='bbox 2089 4719 2144 4767; x_wconf 89' lang='lat' dir='ltr'><strong>et</strong></span> <span class='ocrx_word' id='word_1_828' title='bbox 2171 4727 2334 4781; x_wconf 90' lang='lat' dir='ltr'><strong>super</strong></span> <span class='ocrx_word' id='word_1_829' title='bbox 2360 4721 2572 4782; x_wconf 86' lang='lat' dir='ltr'><strong>gentes.</strong></span> <span class='ocrx_word' id='word_1_830' title='bbox 2607 4709 2712 4766; x_wconf 91' lang='lat' dir='ltr'><strong>Sed</strong></span> <span class='ocrx_word' id='word_1_831' title='bbox 2740 4721 2793 4766; x_wconf 92' lang='lat' dir='ltr'><strong>et</strong></span> <span class='ocrx_word' id='word_1_832' title='bbox 2831 4712 2897 4766; x_wconf 87' lang='lat' dir='ltr'><strong>ad</strong></span> <span class='ocrx_word' id='word_1_833' title='bbox 2926 4713 3184 4776; x_wconf 88' lang='lat' dir='ltr'><strong>litteram,</strong></span> <span class='ocrx_word' id='word_1_834' title='bbox 3225 4729 3451 4785; x_wconf 89' lang='lat' dir='ltr'><strong>regnum</strong></span> 
     </span>
    </p>
   </div>
   <div class='ocr_carea' id='block_1_106' title="bbox 1892 4801 3451 4876">
    <p class='ocr_par' dir='ltr' id='par_1_106' title="bbox 1892 4801 3451 4876">
     <span class='ocr_line' id='line_1_106' title="bbox 1892 4801 3451 4876; baseline -0.001 -16"><span class='ocrx_word' id='word_1_835' title='bbox 1892 4819 2111 4876; x_wconf 91' lang='lat' dir='ltr'><strong>quoque</strong></span> <span class='ocrx_word' id='word_1_836' title='bbox 2138 4804 2322 4874; x_wconf 86' lang='lat' dir='ltr'><strong>p0puli</strong></span> <span class='ocrx_word' id='word_1_837' title='bbox 2351 4801 2663 4857; x_wconf 75' lang='lat' dir='ltr'><strong>Judzeorum</strong></span> <span class='ocrx_word' id='word_1_838' title='bbox 2691 4802 3013 4873; x_wconf 85' lang='lat' dir='ltr'><strong>disperdidit</strong></span> <span class='ocrx_word' id='word_1_839' title='bbox 3033 4845 3048 4864; x_wconf 87' lang='lat'><strong>.</strong></span> <span class='ocrx_word' id='word_1_840' title='bbox 3085 4803 3324 4875; x_wconf 92' lang='lat' dir='ltr'><strong>illudque</strong></span> <span class='ocrx_word' id='word_1_841' title='bbox 3341 4805 3451 4875; x_wconf 86' lang='lat' dir='ltr'><strong>jam</strong></span> 
     </span>
    </p>
   </div>
   <div class='ocr_carea' id='block_1_107' title="bbox 1892 4893 3458 4966">
    <p class='ocr_par' dir='ltr' id='par_1_107' title="bbox 1892 4893 3458 4966">
     <span class='ocr_line' id='line_1_107' title="bbox 1892 4893 3458 4966; baseline -0.001 -13"><span class='ocrx_word' id='word_1_842' title='bbox 1892 4897 2073 4953; x_wconf 90' lang='lat' dir='ltr'><strong>desiit.</strong></span> <span class='ocrx_word' id='word_1_843' title='bbox 2104 4895 2172 4949; x_wconf 89' lang='lat' dir='ltr'><strong>Et</strong></span> <span class='ocrx_word' id='word_1_844' title='bbox 2199 4911 2386 4966; x_wconf 88' lang='lat' dir='ltr'><strong>equum</strong></span> <span class='ocrx_word' id='word_1_845' title='bbox 2412 4895 2476 4949; x_wconf 90' lang='lat' dir='ltr'><strong>de</strong></span> <span class='ocrx_word' id='word_1_846' title='bbox 2498 4893 2799 4949; x_wconf 80' lang='lat' dir='ltr'><strong>Jerusalem</strong></span> <span class='ocrx_word' id='word_1_847' title='bbox 2817 4911 2835 4948; x_wconf 92' lang='lat'><strong>:</strong></span> <span class='ocrx_word' id='word_1_848' title='bbox 2858 4894 2960 4949; x_wconf 90' lang='lat' dir='ltr'><strong>hoc</strong></span> <span class='ocrx_word' id='word_1_849' title='bbox 2991 4901 3097 4956; x_wconf 90' lang='lat' dir='ltr'><strong>est.</strong></span> <span class='ocrx_word' id='word_1_850' title='bbox 3124 4910 3342 4951; x_wconf 90' lang='lat' dir='ltr'><strong>omnem</strong></span> <span class='ocrx_word' id='word_1_851' title='bbox 3363 4913 3458 4952; x_wconf 76' lang='lat' dir='ltr'><strong>eo-</strong></span> 
     </span>
    </p>
   </div>
   <div class='ocr_carea' id='block_1_108' title="bbox 1892 4986 3455 5058">
    <p class='ocr_par' dir='ltr' id='par_1_108' title="bbox 1892 4986 3455 5058">
     <span class='ocr_line' id='line_1_108' title="bbox 1892 4986 3455 5058; baseline 0.001 -16"><span class='ocrx_word' id='word_1_852' title='bbox 1892 5004 2014 5042; x_wconf 90' lang='lat' dir='ltr'><strong>rum</strong></span> <span class='ocrx_word' id='word_1_853' title='bbox 2036 4988 2376 5058; x_wconf 85' lang='lat' dir='ltr'><strong>principatus</strong></span> <span class='ocrx_word' id='word_1_854' title='bbox 2399 4987 2712 5058; x_wconf 88' lang='lat' dir='ltr'><strong>superbiam</strong></span> <span class='ocrx_word' id='word_1_855' title='bbox 2736 4986 2927 5041; x_wconf 91' lang='lat' dir='ltr'><strong>humili</strong></span> <span class='ocrx_word' id='word_1_856' title='bbox 2948 4987 3097 5057; x_wconf 93' lang='lat' dir='ltr'><strong>pullo</strong></span> <span class='ocrx_word' id='word_1_857' title='bbox 3119 5001 3240 5044; x_wconf 88' lang='lat' dir='ltr'><strong>suo.</strong></span> <span class='ocrx_word' id='word_1_858' title='bbox 3266 4986 3455 5052; x_wconf 88' lang='lat' dir='ltr'><strong>Porro,</strong></span> 
     </span>
    </p>
   </div>
   <div class='ocr_carea' id='block_1_109' title="bbox 1892 5078 3458 5151">
    <p class='ocr_par' dir='ltr' id='par_1_109' title="bbox 1892 5078 3458 5151">
     <span class='ocr_line' id='line_1_109' title="bbox 1892 5078 3458 5151; baseline 0 -17"><span class='ocrx_word' id='word_1_859' title='bbox 1892 5078 2061 5135; x_wconf 81' lang='lat' dir='ltr'><strong>Jacob</strong></span> <span class='ocrx_word' id='word_1_860' title='bbox 2090 5095 2214 5135; x_wconf 90' lang='lat' dir='ltr'><strong>cum</strong></span> <span class='ocrx_word' id='word_1_861' title='bbox 2249 5079 2592 5136; x_wconf 89' lang='lat' dir='ltr'><strong>benediceret</strong></span> <span class='ocrx_word' id='word_1_862' title='bbox 2609 5078 2826 5145; x_wconf 88' lang='lat' dir='ltr'><strong>Judam,</strong></span> <span class='ocrx_word' id='word_1_863' title='bbox 2859 5078 3168 5151; x_wconf 83' lang='lat' dir='ltr'><strong>factamque</strong></span> <span class='ocrx_word' id='word_1_864' title='bbox 3189 5079 3256 5135; x_wconf 90' lang='lat' dir='ltr'><strong>ad</strong></span> <span class='ocrx_word' id='word_1_865' title='bbox 3279 5080 3458 5136; x_wconf 76' lang='lat' dir='ltr'><strong>Abra-</strong></span> 
     </span>
    </p>
   </div>
   <div class='ocr_carea' id='block_1_110' title="bbox 1893 5169 3458 5242">
    <p class='ocr_par' dir='ltr' id='par_1_110' title="bbox 1893 5169 3458 5242">
     <span class='ocr_line' id='line_1_110' title="bbox 1893 5169 3458 5242; baseline 0 -16"><span class='ocrx_word' id='word_1_866' title='bbox 1893 5171 2017 5233; x_wconf 74' lang='lat' dir='ltr'><strong>ham</strong></span> <span class='ocrx_word' id='word_1_867' title='bbox 2064 5185 2129 5224; x_wconf 89' lang='lat' dir='ltr'><strong>ac</strong></span> <span class='ocrx_word' id='word_1_868' title='bbox 2162 5170 2315 5226; x_wconf 87' lang='lat' dir='ltr'><strong>Isaac</strong></span> <span class='ocrx_word' id='word_1_869' title='bbox 2344 5177 2528 5241; x_wconf 87' lang='lat' dir='ltr'><strong>patres</strong></span> <span class='ocrx_word' id='word_1_870' title='bbox 2563 5187 2694 5228; x_wconf 90' lang='lat' dir='ltr'><strong>suos</strong></span> <span class='ocrx_word' id='word_1_871' title='bbox 2719 5169 3179 5238; x_wconf 90' lang='lat' dir='ltr'><strong>benedictionem,</strong></span> <span class='ocrx_word' id='word_1_872' title='bbox 3209 5186 3331 5242; x_wconf 66' lang='lat' dir='ltr'><strong>quae</strong></span> <span class='ocrx_word' id='word_1_873' title='bbox 3373 5181 3458 5226; x_wconf 90' lang='lat' dir='ltr'><strong>est</strong></span> 
     </span>
    </p>
   </div>
   <div class='ocr_carea' id='block_1_111' title="bbox 1889 5262 3455 5334">
    <p class='ocr_par' dir='ltr' id='par_1_111' title="bbox 1889 5262 3455 5334">
     <span class='ocr_line' id='line_1_111' title="bbox 1889 5262 3455 5334; baseline 0.001 -17"><span class='ocrx_word' id='word_1_874' title='bbox 1889 5262 2142 5322; x_wconf 55' lang='lat' dir='ltr'><strong>Christus</strong></span> <span class='ocrx_word' id='word_1_875' title='bbox 2186 5262 2526 5332; x_wconf 71' lang='lat' dir='ltr'><strong>declararet,</strong></span> <span class='ocrx_word' id='word_1_876' title='bbox 2557 5263 2672 5330; x_wconf 80' lang='lat' dir='ltr'><strong>ait:</strong></span> <span class='ocrx_word' id='word_1_877' title='bbox 2707 5262 3226 5330; x_wconf 69' lang='lat' dir='ltr'><strong>Alliamsadvitem</strong></span> <span class='ocrx_word' id='word_1_878' title='bbox 3250 5264 3455 5334; x_wconf 85' lang='lat' dir='ltr'><strong>pullum</strong></span> 
     </span>
    </p>
   </div>
   <div class='ocr_carea' id='block_1_112' title="bbox 288 5390 1783 5487">
    <p class='ocr_par' dir='ltr' id='par_1_112' title="bbox 288 5412 1776 5483">
     <span class='ocr_line' id='line_1_112' title="bbox 288 5412 1776 5483; baseline 0.002 -16"><span class='ocrx_word' id='word_1_879' title='bbox 288 5413 332 5445; x_wconf 82' lang='grc'>⁸¹</span> <span class='ocrx_word' id='word_1_880' title='bbox 374 5412 532 5468; x_wconf 79' lang='lat' dir='ltr'><strong>Rom.</strong></span> <span class='ocrx_word' id='word_1_881' title='bbox 567 5431 620 5480; x_wconf 88' lang='lat' dir='ltr'><strong>v,</strong></span> <span class='ocrx_word' id='word_1_882' title='bbox 657 5415 708 5482; x_wconf 79' lang='lat' dir='ltr'><strong>l,</strong></span> <span class='ocrx_word' id='word_1_883' title='bbox 741 5415 794 5468; x_wconf 74' lang='lat'><strong>2.</strong></span> <span class='ocrx_word' id='word_1_884' title='bbox 871 5417 915 5447; x_wconf 81' lang='grc'><strong><em>⁵²</em></strong></span> <span class='ocrx_word' id='word_1_885' title='bbox 954 5415 1085 5471; x_wconf 83' lang='lat' dir='ltr'><strong>ibid.</strong></span> <span class='ocrx_word' id='word_1_886' title='bbox 1122 5416 1188 5483; x_wconf 82' lang='grc'><em>5,</em></span> <span class='ocrx_word' id='word_1_887' title='bbox 1219 5417 1273 5472; x_wconf 83' lang='grc'><em>5.</em></span> <span class='ocrx_word' id='word_1_888' title='bbox 1347 5415 1394 5449; x_wconf 85' lang='grc'><strong>³³</strong></span> <span class='ocrx_word' id='word_1_889' title='bbox 1432 5415 1656 5483; x_wconf 75' lang='lat' dir='ltr'><strong>Phll&#39;mn.</strong></span> <span class='ocrx_word' id='word_1_890' title='bbox 1703 5433 1776 5483; x_wconf 55' lang='grc' dir='ltr'><strong>δ’,</strong></span> 
     </span>
    </p>
   </div>
   <div class='ocr_carea' id='block_1_113' title="bbox 1889 5390 3108 5487">
    <p class='ocr_par' dir='ltr' id='par_1_113' title="bbox 1943 5406 3108 5487">
     <span class='ocr_line' id='line_1_113' title="bbox 1943 5406 3108 5487; baseline 0.002 -14"><span class='ocrx_word' id='word_1_891' title='bbox 1943 5407 2017 5451; x_wconf 60' lang='grc' dir='ltr'><strong>’τ’</strong></span> <span class='ocrx_word' id='word_1_892' title='bbox 2049 5417 2240 5473; x_wconf 85' lang='lat' dir='ltr'><strong>Matth.</strong></span> <span class='ocrx_word' id='word_1_893' title='bbox 2276 5433 2412 5487; x_wconf 81' lang='lat' dir='ltr'><strong>xm,</strong></span> <span class='ocrx_word' id='word_1_894' title='bbox 2449 5406 2534 5473; x_wconf 70' lang='lat'><strong>{7.</strong></span> <span class='ocrx_word' id='word_1_895' title='bbox 2611 5418 2659 5451; x_wconf 77' lang='lat'><strong>“</strong></span> <span class='ocrx_word' id='word_1_896' title='bbox 2695 5417 2860 5474; x_wconf 87' lang='lat' dir='ltr'><strong>Zach.</strong></span> <span class='ocrx_word' id='word_1_897' title='bbox 2898 5434 2983 5485; x_wconf 80' lang='lat' dir='ltr'><strong>Ix,</strong></span> <span class='ocrx_word' id='word_1_898' title='bbox 3020 5417 3108 5475; x_wconf 82' lang='grc'><strong>10.</strong></span> 
     </span>
    </p>
   </div>
   <div class='ocr_carea' id='block_1_114' title="bbox 286 5589 1655 5667">
    <p class='ocr_par' dir='ltr' id='par_1_114' title="bbox 286 5589 1655 5667">
     <span class='ocr_line' id='line_1_114' title="bbox 286 5589 1655 5667; baseline 0.002 -19"><span class='ocrx_word' id='word_1_899' title='bbox 286 5589 399 5665; x_wconf 71' lang='grc'><strong>(⁸⁷2)</strong></span> <span class='ocrx_word' id='word_1_900' title='bbox 429 5592 655 5650; x_wconf 82' lang='grc' dir='ltr'><em>Αὐτῶν.</em></span> <span class='ocrx_word' id='word_1_901' title='bbox 685 5595 839 5667; x_wconf 86' lang='lat' dir='ltr'><strong>Apud</strong></span> <span class='ocrx_word' id='word_1_902' title='bbox 871 5595 1179 5653; x_wconf 63' lang='lat' dir='ltr'><strong>Matthazum</strong></span> <span class='ocrx_word' id='word_1_903' title='bbox 1207 5614 1319 5664; x_wconf 66' lang='grc' dir='ltr'><em>χιιι,</em></span> <span class='ocrx_word' id='word_1_904' title='bbox 1353 5598 1406 5664; x_wconf 92' lang='lat'><strong>8,</strong></span> <span class='ocrx_word' id='word_1_905' title='bbox 1432 5597 1655 5653; x_wconf 76' lang='grc' dir='ltr'><em>ἑαυτῶν.</em></span> 
     </span>
    </p>
   </div>
   <div class='ocr_carea' id='block_1_115' title="bbox 1949 5597 3080 5669">
    <p class='ocr_par' dir='ltr' id='par_1_115' title="bbox 1949 5597 3080 5669">
     <span class='ocr_line' id='line_1_115' title="bbox 1949 5597 3080 5669; baseline 0.004 -17"><span class='ocrx_word' id='word_1_906' title='bbox 1949 5597 2058 5669; x_wconf 80' lang='lat'><strong>(75)</strong></span> <span class='ocrx_word' id='word_1_907' title='bbox 2098 5598 2202 5655; x_wconf 58' lang='grc' dir='ltr'><strong>Καδ</strong></span> <span class='ocrx_word' id='word_1_908' title='bbox 2227 5601 2391 5668; x_wconf 86' lang='grc' dir='ltr'><em>θεωρ.</em></span> <span class='ocrx_word' id='word_1_909' title='bbox 2424 5597 2590 5656; x_wconf 82' lang='lat' dir='ltr'><strong>Forte</strong></span> <span class='ocrx_word' id='word_1_910' title='bbox 2624 5599 2716 5654; x_wconf 80' lang='grc' dir='ltr'><em>καὶ</em></span> <span class='ocrx_word' id='word_1_911' title='bbox 2745 5597 2882 5666; x_wconf 76' lang='grc' dir='ltr'><em>πρὸς</em></span> <span class='ocrx_word' id='word_1_912' title='bbox 2913 5598 3080 5663; x_wconf 70' lang='lat' dir='ltr'><strong>Perna.</strong></span> 
     </span>
    </p>
   </div>
  </div>
