3792 6150
225 223 370 280 1277

1305 225 1562 283 ORATIO
1591 227 1657 282 IN
1685 227 1923 283 RAMOS
1949 226 2357 284 PALMARUM.

3334 224 3473 280 1278

224 342 327 396 καὶ
359 341 665 410 σφάξουσαν
691 343 866 398 πάντα
901 344 1158 416 λογισμὸν
1183 345 1560 417 ἐπαιρόμενον,
1592 348 1795 418 αἰχμα-

1911 350 2104 402 Lionem
2164 363 2386 402 omnem
2437 345 2786 402 extollentem
2842 360 2902 400 se
2925 344 2992 408 “,
3049 350 3108 398 ut
3161 357 3263 398 nos
3310 356 3342 395 a
3378 339 3472 395 Dei

224 433 497 488 λιυτεῦσαι
530 435 678 505 ἡμᾶς
706 435 814 488 ἀπὸ
838 436 937 507 τῆς
963 436 1216 505 γνώσεως
1240 436 1335 490 τοῦ
1366 437 1497 490 Θεοῦ
1514 454 1527 468 ·
1562 440 1654 492 καὶ
1684 441 1804 492 ἀντὶ

225 526 332 598 τῆς
350 525 686 598 γλυκύτητος
731 527 824 581 τοῦ
865 529 1106 597 φοίνικος
1141 529 1241 600 τὴν
1278 529 1534 597 γλυκεῖαν
1561 530 1800 602 ἀγάπην,

225 618 331 688 τὴν
374 619 769 690 συνισταμένην
808 621 872 673 ὲκ
911 620 1020 674 τῶν
1076 621 1491 692 προρῤηθέντων
1547 622 1802 684 πίστεως,

229 711 330 764 καὶ
368 711 604 776 ἐλπίδος,
649 713 740 766 καὶ
771 713 877 766 τῶν
918 714 1139 779 λοιπῶν,
1171 714 1257 767 ἵνα
1303 711 1560 786 πληρωθῇ
1584 715 1641 768 ὲν
1674 715 1805 784 ἡμῖν

228 800 294 854 τὸ
320 801 513 871 ῥηθένο
540 802 774 866 Δίκαιος
792 802 872 867 ὡς
891 802 1089 870 φοίνιξ
1115 801 1366 867 ἀνθήσει
1383 817 1396 830 ⁸
1424 801 1564 854 ὡσεὶ
1595 800 1806 868 κέδρος

228 891 272 958 ἡ
311 891 382 944 ἐν
408 891 488 956 τῷ
519 890 748 958 Λιϐάνῳ
773 892 1277 959 πληθυνθήσεται.
1327 891 1804 960 Ἀκολουθήσωμεν

232 982 384 1053 αὐτῷ
417 985 495 1047 εἰς
509 984 608 1054 τὴν
633 984 791 1052 ἁγίαν
821 984 974 1036 πόλιν
993 1003 1006 1013 ·
1030 982 1357 1054 εἰσέλθωμεν
1377 983 1492 1052 μετ’
1533 981 1697 1035 αὐτοῦ
1723 982 1802 1043 είς

231 1074 294 1128 τὸ
312 1074 474 1146 ἱερὸν,
501 1075 588 1129 ἵνα
611 1076 709 1138 τὰς
739 1075 1015 1146 τραπέζας
1042 1075 1151 1129 τῶν
1187 1077 1242 1128 ἐν
1271 1077 1404 1144 ἡμῖν
1442 1072 1803 1126 κολλυϐιστῶν

233 1166 610 1238 καταστρέψῃ,
649 1168 743 1220 καὶ
782 1169 907 1230 τοὺς
933 1167 1190 1237 δαίμονας
1216 1167 1342 1229 τοὺς
1381 1165 1689 1227 πωλοῦντας
1708 1164 1806 1228 τὰς

235 1257 585 1327 περιστερὰς,
603 1258 728 1320 τοὺς
748 1257 806 1310 ὲν
823 1257 998 1329 πλάνῃ
1015 1257 1342 1326 πετομένους
1362 1255 1807 1325 λογισμοὺς,ἁπο-

233 1346 402 1420 διώξῃ
439 1349 530 1416 ἀφ’
558 1348 714 1420 ἡμῶν
734 1348 870 1420 μετὰ
903 1348 1117 1400 πάντων
1135 1347 1245 1400 τῶν
1267 1347 1584 1400 πωλούντων
1604 1348 1659 1398 ὲν
1676 1347 1806 1416 ἡμῖν

235 1441 336 1493 καὶ
366 1437 741 1510 ἀγοραξόντων
762 1458 777 1472 ·
808 1441 900 1494 καὶ
931 1440 1050 1492 ἀντὶ
1083 1438 1344 1509 σπηλαίου
1371 1438 1581 1510 λῃστῶν
1605 1439 1807 1509 ποιήσῃ

231 1531 385 1602 ἡμᾶς
410 1529 552 1584 κατὰ
587 1531 676 1584 τὸν
703 1531 927 1600 ἀρχαῖον
961 1529 1104 1601 ἱερὸν
1148 1529 1268 1583 ναὸν
1299 1529 1472 1598 ἅγιον,
1503 1532 1560 1582 ὲν
1593 1522 1638 1597 ᾧ
1672 1531 1812 1582 οἰκεῖ

233 1621 334 1676 καὶ
372 1624 662 1694 περιπατεῖ
703 1620 970 1692 Χριστός·
993 1621 1079 1674 ἵνα
1113 1622 1224 1684 τοῖς
1251 1619 1467 1689 τυφλοῖς
1511 1620 1666 1691 ἡμῶν
1695 1619 1810 1690 φῶς

1907 441 2135 496 scientia
2187 441 2592 509 captivetzpro
2644 439 2839 508 palmae
2881 435 3100 511 demum
3151 435 3471 496 dulcedine,

1905 531 2120 586 dulcem
2159 531 2506 596 charitatem,
2550 545 2672 601 quae
2716 545 2782 583 ex
2817 527 3076 599 praefatis,
3109 527 3236 592 fide,
3285 541 3380 596 spe
3411 541 3477 580 ac

1907 624 2131 693 reliquis
2164 630 2402 686 constat,
2452 629 2511 676 ut
2554 623 2608 676 in
2664 621 2825 674 nobis
2858 619 3149 690 impleatur
3205 617 3350 687 quod
3391 615 3478 670 di-

1905 723 2053 770 ctum
2075 723 2158 771 est
2186 732 2199 768 :
2225 713 2414 769 Justus
2437 723 2493 767 ut
2518 714 2699 784 palma
2719 713 2925 781 ﬂorebit
2944 729 2962 776 ;
2984 713 3118 776 sicut
3148 710 3332 764 cedrus
3360 724 3478 778 quae

1905 807 1962 860 in
1991 805 2191 861 Libano
2219 815 2318 872 est,
2350 807 2789 876 multiplicabilur
2810 807 2875 860 ⁸⁷.
2911 805 3218 874 Sequamur
3256 807 3478 856 euntem

1907 900 1961 954 in
1993 907 2238 954 sanctam
2270 899 2549 953 civitatem
2581 898 2988 967 :ingrediamur
3014 910 3139 950 cum
3166 909 3232 948 eo
3257 895 3312 946 in
3339 900 3478 946 tem-

1906 991 2078 1060 plum,
2106 998 2166 1043 ut
2198 992 2250 1044 in
2285 989 2444 1044 nobis
2477 1005 2696 1046 mensas
2723 989 3214 1043 nummulariorum
3246 984 3477 1040 subver-

1906 1081 2082 1144 tat“,
2143 1095 2207 1135 ac
2266 1080 2544 1136 daemones
2588 1081 2886 1135 vendentes
2933 1078 3480 1144 columbas:nempe

1857 1212 1862 1220 .
1907 1170 2266 1240 cogitationes
2307 1170 2363 1224 in
2390 1184 2578 1224 errore
2607 1170 2874 1234 volantes,
2918 1184 3041 1222 cum
3085 1167 3340 1222 omnibus
3381 1163 3478 1235 qui

1909 1264 1966 1318 in
2011 1265 2171 1318 nobis
2203 1271 2393 1318 emunt
2426 1262 2796 1333 venduntque,
2832 1278 2862 1316 a
2897 1261 3057 1316 nobis
3106 1260 3382 1330 expellat,
3413 1271 3480 1311 ac

1909 1368 2008 1422 pro
2038 1353 2296 1422 spelunca
2342 1353 2638 1418 latronum,
2675 1367 2891 1406 sacrum
2924 1367 3025 1406 nos
3066 1350 3348 1420 templum,
3398 1347 3478 1401 uti

1911 1449 2195 1516 antiquum
2220 1445 2375 1510 illud,
2406 1446 2461 1500 in
2483 1461 2591 1515 quo
2614 1444 2867 1499 Christus
2891 1442 3098 1497 habitet
3127 1457 3190 1494 ac
3212 1439 3477 1494 deambu-

1910 1537 2007 1600 let,
2043 1537 2241 1603 faciat;
2291 1553 2401 1607 quo
2428 1536 2584 1591 caecis
2635 1536 2840 1590 nostris
2873 1533 3136 1602 largiatur
3167 1532 3367 1594 visum,
3413 1544 3480 1584 ac

1913 1624 2111 1678 surdos
2146 1624 2310 1679 faciat
2341 1625 2552 1690 audire,
2609 1631 2663 1679 et
2709 1623 2989 1676 ambulare
3035 1619 3284 1678 claudos.
3332 1633 3479 1672 mor-

233 1714 549 1785 χαρίσηται,
596 1713 688 1767 καὶ
736 1714 863 1777 τοὺς
913 1713 1129 1781 κωφοὺς
1181 1713 1379 1784 ποιήσῃ
1426 1710 1676 1776 ἀκοῦσαι,
1699 1712 1804 1793 4καὶ

1913 1723 2148 1785 tuosque
2179 1731 2304 1771 cum
2336 1715 2544 1771 Lazaro
2581 1715 2893 1770 resuscitet.
2929 1711 3030 1766 Ubi
3061 1713 3206 1766 enim
3247 1710 3354 1765 vita
3383 1710 3480 1764 ha-

230 1805 363 1868 τοὺς
387 1804 592 1874 χωλοὺς
616 1804 1005 1875 περιπατῆσαι,
1029 1805 1122 1858 καὶ
1145 1803 1272 1866 τοὺς
1299 1803 1524 1874 νεκροὺς
1548 1802 1688 1872 μετὰ
1707 1803 1812 1855 Λα-

232 1891 407 1965 ζάρου
445 1893 653 1966 ἐγείρῃ.
693 1896 865 1949 Ὅπου
899 1893 1008 1966 γὰρ
1035 1895 1176 1948 οἰκεῖ
1203 1893 1338 1965 ζωὴ,
1370 1895 1486 1947 ἐκεῖ
1517 1893 1810 1957 ἀνάστασίς

232 1981 414 2035 ἐστιν’
459 1981 546 2035 ἵνα
586 1982 726 2052 μετὰ
766 1984 1040 2056 Λαζάρου,
1075 1985 1167 2038 καὶ
1204 1983 1310 2037 τῶν
1344 1983 1515 2054 ὄχλων
1557 1985 1652 2038 καὶ
1700 1982 1809 2038 τῶν

237 2069 500 2141 μαθητῶν
547 2071 734 2135 αὑτοῦ,
773 2073 912 2142 μετὰ
949 2073 1156 2142 νηπίων
1189 2073 1279 2126 καὶ
1325 2072 1684 2143 θηλαζόντων,
1717 2072 1811 2126 καὶ

238 2163 379 2232 μετὰ
393 2161 499 2215 τῶν
516 2163 683 2230 ἁγίων
700 2163 942 2232 ἀγγέλων
963 2164 1250 2235 κράξωμεν
1269 2163 1496 2232 βοῶντες
1511 2180 1524 2194 ·
1555 2163 1813 2218 Ὡσαννὰ

232 2251 307 2306 ἐν
338 2252 462 2318 τοῖς
495 2255 780 2321 ὑψίστοις
801 2270 813 2283 ·
843 2254 1262 2324 Εὐλογημένος
1309 2255 1342 2307 ὁ
1381 2255 1702 2322 ἐρχόμενος
1742 2256 1812 2308 ἐν

233 2342 482 2410 ὀνόματι
509 2345 758 2413 Κυρίου·
788 2345 1020 2415 Χριστὸς
1040 2343 1244 2415 Κύριος
1281 2344 1374 2397 καὶ
1407 2345 1435 2397 ὁ
1464 2343 1596 2408 Θεὸς
1628 2345 1806 2416 ἡμῶν,

233 2435 270 2484 ό
286 2432 586 2498 ,ϐασιλεὺς
622 2434 741 2487 τῶν
770 2434 1016 2488 αἰώνων.
1045 2434 1202 2504 Αὐτῷ
1229 2433 1375 2500 δόξα,
1411 2433 1568 2505 τιμὴ,
1609 2436 1808 2506 κράτος

1912 1805 2074 1868 bitat,
2112 1805 2185 1860 ibi
2211 1806 2548 1859 resurrectio
2578 1814 2663 1860 est
2693 1823 2706 1858 :
2741 1810 2799 1857 ut
2825 1817 2948 1856 cum
2981 1800 3190 1855 Lazaro
3221 1808 3274 1854 et
3304 1799 3482 1854 turbis

1913 1910 1980 1950 ac
2017 1894 2303 1966 discipulis
2350 1894 2492 1964 ejus,
2539 1908 2774 1962 cumque
2816 1891 3116 1946 infantibus
3161 1904 3227 1944 ac
3279 1887 3482 1958 angelis

1913 1987 2122 2043 sanctis
2153 1988 2453 2042 clamemus
2481 1985 2726 2040 dicentes
2753 2003 2765 2037 :
2796 1983 3053 2038 Hosunna
3086 1983 3140 2036 in
3168 1981 3482 2035 altissimis:

1914 2076 2223 2132 Benedictus
2264 2078 2355 2145 qui
2398 2079 2529 2131 venit
2574 2079 2626 2131 in
2671 2077 2877 2129 nomine
2925 2074 3140 2128 Domini
3178 2088 3191 2127 :
3229 2071 3484 2127 Christus

1917 2166 2180 2224 Dominus
2223 2176 2278 2223 et
2323 2167 2468 2223 Deus
2513 2177 2727 2232 uoster,
2776 2181 2868 2220 rex
2932 2163 3336 2219 swcuturum“.
3375 2161 3484 2230 Ipsi

1916 2260 2109 2329 gloria,
2142 2261 2337 2327 honor,
2380 2269 2622 2332 potestas
2666 2267 2720 2315 et
2764 2259 3032 2322 adoratio,
3080 2271 3204 2311 cum
3235 2253 3396 2308 Patre
3428 2260 3484 2305 ct

1919 2349 2130 2421 Spiritu
2175 2361 2389 2416 sancto,
2424 2368 2572 2408 nunc
2599 2359 2654 2408 et
2699 2366 2936 2422 semper,
2964 2357 3019 2404 et
3055 2348 3110 2402 in
3147 2347 3346 2401 saecula
3381 2359 3486 2399 sae-

1913 2444 2182 2500 culorum.
2216 2445 2410 2501 Amen.

233 2525 336 2578 καί
365 2525 754 2596 προσκύνησις,
794 2528 910 2598 ἅμα
949 2528 1026 2598 τῷ
1059 2527 1234 2598 Πατρὶ
1272 2526 1368 2580 καὶ
1393 2525 1471 2598 τῷ
1506 2527 1646 2599 ἁγίῳ
1676 2529 1975 2604 Πνεύματι,
2015 2537 2110 2594 νῦν
2141 2538 2235 2592 καὶ
2264 2539 2372 2604 ἀεὶ,
2412 2537 2507 2592 καὶ
2573 2540 2652 2602 εἰς
2683 2538 2808 2601 τοὺς
2838 2535 3037 2599 αἰῶνας
3071 2533 3182 2588 τῶν
3252 2529 3482 2586 αἰώνων.

249 2618 446 2688 Ἀμήν.

317 2814 363 2847 ⁸⁸
399 2812 444 2869 Il
473 2814 602 2871 Cor.
634 2828 708 2884 ι,
740 2816 794 2873 5.
870 2818 914 2871 ⁸λ
952 2816 1098 2874 Psal.
1133 2832 1253 2886 xei,
1286 2819 1376 2876 I5.
1451 2817 1497 2852 ⁸⁸
1535 2816 1723 2874 Matth.
1757 2835 1804 2874 ιι

1919 2819 2010 2877 I2.
2085 2821 2130 2854 "
2165 2819 2190 2875 l
2228 2820 2370 2879 Tim.
2405 2837 2446 2888 I,
2482 2822 2570 2876 I7.

257 3016 3478 3066 M

1407 3216 1546 3257 ANNO
1579 3215 1766 3256 DOIINI
1806 3216 2308 3258 CCCIIV-CCCL‘IXIV.

351 3421 1294 3654 MIRCELIUS
1401 3424 2362 3792 ANCIIIANUS
2473 3426 3365 3659 EPISCOPUS

1520 3913 2209 4028 DIATRIBA

1201 4157 1308 4218 DE
1351 4156 1601 4220 CAUSA
1649 4159 2059 4221 MARCELLI
2101 4159 2515 4222 ANCYRANI

1257 4319 1642 4383 (Momwcou.,
1679 4319 1902 4372 Bibiioth.
1922 4334 2045 4373 nova
2068 4323 2290 4385 Patrum,
2332 4322 2371 4384 Ι,
2395 4322 2481 4387 ιι.)

1854 4481 1924 4494 ’-

1313 4621 1728 4727 .PROG‘J‘MIUM
1765 4623 1854 4678 ET
1900 4623 2150 4679 DIVISIO
2186 4621 2451 4682 OPERIS.

316 4771 394 4826 De
421 4767 664 4826 Marcelli
688 4769 964 4842 Ancyrani
989 4768 1264 4834 doctrina,
1294 4771 1396 4826 etsi
1428 4771 1497 4825 ab
1520 4771 1641 4841 ipso
1669 4769 1910 4826 Marcelli
1946 4786 2065 4826 aevo
2091 4769 2162 4823 ad
2192 4769 2298 4824 hoc
2330 4783 2506 4839 usque
2541 4774 2758 4838 tempus
2780 4767 2848 4822 ab
2885 4767 3194 4840 insignibus
3225 4769 3358 4826 viris
3379 4770 3493 4828 dis-

241 4878 518 4938 ceptatum
555 4867 647 4930 sit,
698 4880 789 4922 res
826 4873 1008 4920 tamen
1050 4866 1230 4920 adhuc
1260 4867 1314 4919 in
1346 4867 1570 4936 ancipiti
1594 4875 1778 4921 manet
1817 4885 1830 4921 :
1865 4867 1955 4920 alii
1984 4881 2222 4936 namque
2266 4865 2422 4919 illum
2458 4873 2734 4938 temeratae
2780 4863 2901 4918 fidei
2946 4881 3097 4920 reum
3139 4874 3342 4936 agunt,
3398 4869 3493 4924 alii

246 4937 486 5019 utirectaz
514 4961 639 5017 fidei
671 4961 946 5017 vindicem
976 4959 1426 5039 defendunt,alii
1455 4963 1777 5033 quaestionis
1807 4961 2131 5016 difﬁcultate
2169 4958 2440 5023 deterriti,
2472 4937 2827 5013 nonoaudent
2865 4959 2922 5012 in
2969 4961 3236 5015 utramvis
3283 4968 3492 5030 partem

243 5059 393 5115 ferre
416 5058 705 5127 judicium.
737 5056 817 5111 Ad
850 5065 1158 5127 postremos
1180 5064 1362 5112 autem
1404 5057 1790 5112 incunctanter
1821 5058 2161 5122 accederem,
2181 5056 2291 5111 nisi
2322 5071 2387 5111 ex
2418 5071 2503 5118 eo,
2542 5055 2689 5126 quod
2739 5055 2851 5127 jam
2905 5056 3136 5127 primum
3164 5057 3490 5126 publicatur,

243 5151 519 5221 opusculo
549 5167 691 5207 nova
725 5151 1093 5206 Marcellianis
1117 5151 1285 5206 rebus
1311 5151 1399 5205 lux
1438 5151 1702 5205 oriretur.
1736 5149 1910 5219 Hujus
1939 5149 2275 5205 adminiculo
2305 5165 2419 5204 non
2453 5150 2570 5204 sine
2602 5164 2698 5219 spe
2728 5149 3048 5213 enodanda,
3089 5150 3145 5203 in
3178 5149 3364 5204 multis
3385 5150 3494 5202 sal-

243 5250 380 5306 tem,
411 5243 490 5297 rei
521 5243 792 5297 hactenus
827 5242 1099 5312 perplexa:
1128 5249 1182 5294 et
1210 5240 1500 5306 intricatee,
1536 5239 1662 5292 huic
1692 5237 1948 5294 Diatriba:
1971 5255 2194 5293 manum
2227 5238 2605 5302 admovemus,
2634 5243 2914 5306 totamque
2941 5237 3056 5290 haec
3084 5236 3138 5291 in
3171 5238 3352 5307 capita
3375 5236 3493 5290 dis-

244 5331 560 5389 tribuimus.
606 5331 770 5388 Przeit
803 5333 1214 5402 compendiaria
1238 5332 1306 5388 de
1341 5332 1455 5386 vita
1492 5330 1734 5401 Marcelli
1759 5331 2039 5396 narratio;
2070 5331 2200 5385 hinc
2221 5331 2550 5401 exquiritur,
2575 5330 2668 5400 qui
2697 5329 2861 5384 fuerit
2891 5330 2982 5384 ille
3016 5328 3270 5384 Marcello
3293 5331 3494 5386 ascris-

247 5432 376 5496 ptus
401 5439 593 5491 error;
647 5433 761 5480 tum
789 5439 857 5478 an
890 5424 944 5478 in
979 5424 1101 5492 ejus
1147 5433 1343 5479 contra
1372 5424 1650 5479 Asterium
1683 5423 1826 5477 libro
1861 5422 2197 5492 deprehendi
2221 5423 2492 5492 potuerit;
2542 5421 2739 5477 deinde
2771 5437 2902 5476 num
2939 5436 3183 5477 errorem
3235 5421 3387 5476 illum
3438 5422 3496 5477 in

243 5517 486 5571 decursu
519 5516 644 5572 vitae
667 5516 836 5572 verbo
858 5516 943 5570 vel
972 5517 1180 5587 scripto
1204 5515 1525 5580 tradiderit;
1548 5515 1787 5584 itemque
1810 5530 1878 5568 an
1911 5515 1980 5568 ab
1995 5513 2296 5570 Athanasio
2319 5514 2756 5570 acommunione
2781 5522 3025 5569 remotus
3054 5512 3253 5581 fuerit;
3275 5513 3494 5571 demum

245 5609 430 5677 agitur
457 5620 525 5666 de
557 5608 798 5666 Marcelli
827 5618 878 5666 et
899 5608 1157 5666 Ecclesiae
1189 5609 1492 5676 Ancyrana
1520 5605 1587 5662 ad
1617 5605 1978 5662 Athanasium
2010 5606 2301 5673 legatione,
2338 5620 2501 5670 quam
2545 5621 2690 5660 nunc
2727 5606 2960 5669 primum
2997 5604 3233 5662 edimus.
