3792 6150
325 220 464 278 1279

833 338 1064 396 CAPUT
1099 341 1392 415 PRIMUM,

468 487 871 531 COIPENDIAIUA
899 493 966 532 DE
998 495 1122 533 VITA
1159 495 1427 536 IARCELLI
1457 499 1751 540 NARRATIO.

393 600 500 668 Qui
532 617 678 659 anno
708 605 815 659 574
849 607 1043 662 saltem
1072 611 1425 667 centenarius
1453 627 1485 668 e
1515 613 1659 670 vivis
1701 628 1899 669 exces—

324 692 418 757 sit,
451 693 765 762 Marcellus,
793 713 938 754 anno
962 700 1184 756 circiter
1214 701 1343 764 274,
1383 705 1682 760 Aureliano
1716 720 1899 762 rerum

325 783 590 853 potiente,
634 796 800 843 natus
837 795 909 845 sit
940 797 1178 860 oportet,
1214 793 1407 848 eodem
1439 793 1612 850 ferme
1654 802 1901 866 tempore

325 893 436 946 quo
467 875 674 935 Paulus
723 879 1145 947 Samosatenus,
1197 884 1360 954 cujus
1405 885 1639 942 haeresin
1686 895 1902 942 restau-

325 985 481 1027 rasse
512 971 690 1027 fertur
716 972 1027 1038 Marcellus,
1053 973 1395 1032 Antiochena
1427 979 1557 1034 sede
1579 980 1774 1048 pulsus
1793 987 1898 1036 est.

322 1060 464 1115 Ante
493 1076 698 1116 annum
715 1063 819 1118 514
839 1064 893 1118 in
916 1065 1268 1136 Ancyranum
1288 1067 1605 1137 episcopum
1632 1067 1898 1134 adlectus,

322 1153 628 1224 Ancyrana:
652 1154 865 1224 synodo
893 1156 1084 1212 eodem
1117 1172 1264 1213 anno
1297 1159 1588 1214 celebratae
1619 1161 1896 1218 interfuit.

323 1241 463 1296 Hinc
486 1243 542 1298 in
572 1242 792 1300 Nicaeua
827 1247 1040 1316 synodo
1069 1247 1124 1302 in
1146 1248 1338 1304 Arium
1367 1258 1421 1305 et
1438 1251 1685 1308 asseclas
1698 1253 1902 1308 acriter

321 1335 592 1400 invectus,
634 1351 824 1392 eorum
860 1339 916 1392 in
956 1355 1017 1395 se
1063 1341 1423 1396 inflammavit
1470 1343 1618 1397 odia.
1651 1342 1902 1398 Excitata

319 1442 450 1484 vero
485 1429 758 1485 dissensio
787 1431 846 1486 in
867 1440 1117 1502 apertum
1144 1433 1346 1488 bellum
1377 1436 1584 1503 erupit,
1603 1451 1726 1490 cum
1745 1437 1902 1490 Aste-

319 1521 406 1577 rio
432 1523 678 1592 sophista
709 1524 1044 1579 Arianorum
1076 1525 1296 1580 vindice
1327 1525 1383 1580 in
1412 1527 1562 1581 edito
1577 1527 1646 1581 ab
1675 1544 1734 1584 se
1759 1528 1902 1582 libro

318 1615 645 1669 catholicam
665 1615 820 1670 ﬁdem
834 1627 1203 1688 oppugnante,
1221 1617 1721 1690 Marcellusinsigni
1738 1635 1903 1691 opere

1587 231 1677 288 DE
1723 231 1880 288 VITA
1918 231 2005 289 ET
2042 232 2354 290 SCRIPTIS

1933 358 1978 415 Α
2009 349 2174 405 nibus
2202 348 2513 406 secundum
2545 345 2855 402 uareticam
2880 344 3209 402 sententiam
3234 345 3537 417 explicaret
3562 358 3581 411 ;

3446 227 3586 285 1280

2003 443 2120 497 sive
2149 443 2283 511 quia
2315 440 2584 494 Photinus
2612 439 2734 508 ejus
2756 438 3065 509 discipulus
3091 451 3280 508 parem
3325 438 3584 507 impieta-

2003 539 2136 597 tem,
2167 531 2279 587 imo
2326 530 2659 602 graviorem,
2701 529 2881 599 palam
2908 536 2963 582 et
2996 528 3052 582 in
3083 527 3329 583 Ecclesia
3369 529 3584 597 deprae-

2000 620 2232 686 dicaret,
2264 635 2373 691 qua
2397 621 2466 676 de
2489 635 2656 676 causa
2685 635 2787 674 nec
2809 619 2901 674 diu
2943 627 3132 689 postea
3157 619 3456 675 damnatus
3487 618 3584 674 de-

2002 714 2329 783 positusque
2381 721 2503 778 est;
2553 713 2684 766 hinc
2740 710 2984 766 Marcelli
3032 710 3177 764 fama
3222 711 3278 764 in
3335 709 3584 766 deterius

1999 819 2158 859 versa
2177 823 2191 859 :
2212 804 2496 859 crescebat
2510 803 2566 857 in
2581 803 2701 858 dies
2715 802 2977 872 suspicio,
2996 801 3153 855 multi
3169 800 3582 856 Catholicorum

2001 898 2180 967 palam
2222 896 2519 961 hominem,
2555 895 2892 951 ut.Sabellio
2919 894 3157 959 afﬁnem,
3192 893 3533 949 damnabant
3564 912 3579 950 :

2001 1003 2204 1059 resque
2237 988 2332 1042 illo
2357 987 2593 1043 deducta
2624 995 2730 1053 est,
2755 994 2816 1040 ut
2835 986 2999 1042 etiam
3016 985 3339 1051 Athanasio,
3354 986 3582 1056 quicum

2003 1080 2110 1151 ipsi
2141 1080 2408 1135 hactenus
2441 1077 2798 1135 necessitudo
2834 1087 2891 1132 et
2930 1076 3278 1132 familiaritas
3309 1079 3582 1133 interces-

2005 1179 2177 1237 serat,
2205 1181 2497 1240 suspectus
2526 1185 2648 1225 esse
2690 1169 2942 1239 cmperit.
2981 1166 3167 1238 Neque
3195 1177 3402 1232 tamen,
3443 1184 3583 1223 nar-

2000 1263 2253 1318 rantibus
2285 1263 2410 1316 licet
2435 1260 2644 1315 Hilario
2664 1271 2718 1316 et
2757 1259 3000 1330 Sulpicio
3044 1258 3263 1325 Severo,
3297 1258 3368 1314 ab
3409 1260 3583 1313 Atha-

2001 1354 2160 1408 nasio
2191 1363 2324 1408 tunc
2369 1351 2684 1416 damnatus,
2734 1359 2789 1406 et
2826 1365 2856 1404 a
2894 1351 3282 1406 communione
3329 1359 3582 1406 remotus

2002 1445 2129 1507 fuit,
2157 1454 2217 1499 ut
2253 1459 2379 1498 mox
2408 1442 2955 1499 commonstrabitur.
2975 1440 3271 1495 Postremis
3289 1440 3581 1495 Athanasii

1999 1537 2127 1591 vitae
2175 1537 2340 1590 annis
2389 1549 2533 1590 nova
2585 1535 2943 1604 omniumque
2980 1531 3120 1587 forte
3161 1533 3488 1603 gravissima
3523 1535 3581 1588 in

2002 1624 2318 1680 Marcellum
2355 1631 2656 1694 tempestas
2684 1623 2956 1678 excitatur
2993 1640 3006 1676 :
3046 1637 3170 1676 cum
3207 1621 3445 1678 Basilius
3482 1623 3577 1678 ille

319 1706 597 1760 Asterium
635 1707 883 1771 adortus,
921 1707 1252 1765 Arianorum
1294 1711 1659 1783 primipilares
1706 1727 1900 1768 omnes
1932 1697 1974 1754 Β
2002 1716 2232 1788 Magnus
2262 1724 2318 1772 et
2340 1715 2432 1770 alii
2465 1716 2603 1770 bene
2629 1716 2788 1770 multi
2818 1713 2994 1769 coorti
3019 1722 3168 1778 sunt,
3191 1723 3244 1769 et
3260 1714 3438 1769 virum
3467 1714 3573 1768 ἰω-

319 1799 638 1867 exagitavit.
671 1797 797 1853 Haec
823 1801 1088 1871 princeps
1119 1816 1286 1857 causa
1317 1803 1547 1867 irarum,
1569 1802 1622 1856 hi
1649 1803 1776 1857 saevi
1809 1802 1901 1858 do-

325 1885 474 1943 lores
503 1889 858 1956 Arianorum,
891 1891 986 1961 qui
1015 1891 1212 1946 exinde
1240 1893 1534 1948 classicum
1581 1893 1638 1948 in
1670 1893 1901 1949 Marcel-

320 1978 432 2033 lum
464 1987 752 2043 canentes,
784 1996 909 2036 eum
947 1989 1002 2037 et
1030 1982 1254 2052 scriptis
1281 1992 1336 2038 et
1365 1983 1738 2039 moliminibus
1768 1991 1900 2040 sunt

321 2072 588 2142 aggressi.
642 2070 924 2142 Siquidem
978 2074 1310 2130 ulciscenda:
1352 2075 1568 2146 injuriae
1617 2076 1895 2146 cupidine,

321 2165 499 2232 primo
533 2161 954 2236 Jerosolymam,
987 2175 1126 2222 teste
1150 2164 1394 2231 Socrate,
1423 2167 1738 2222 Marcellum
1763 2183 1897 2224 evo-

321 2259 472 2315 cant,
509 2267 732 2308 causam
763 2254 1077 2323 dicturum;
1110 2255 1307 2311 deinde
1337 2272 1469 2313 vero
1510 2257 1900 2312 Constantino-

321 2344 470 2415 polin
514 2355 829 2412 accersunt,
891 2349 1336 2420 abnuentemque
1385 2349 1602 2419 ejurare
1641 2349 1895 2414 haeresin,

325 2451 489 2506 quam
520 2436 577 2492 in
603 2439 742 2493 libro
783 2439 902 2509 ejus
933 2439 1114 2519 efferri
1143 2442 1567 2506 contendebant,
1604 2444 1775 2514 gradu
1803 2444 1900 2498 de-

320 2527 538 2598 jiciunt,
566 2529 782 2599 ipsique
823 2529 1085 2593 Basilium
1115 2532 1596 2604 subroganl.llinc
1624 2531 1898 2589 Eusebius

320 2619 677 2677 Caesariensis
725 2623 942 2679 duobus
992 2632 1185 2679 contra
1232 2624 1550 2681 Marcellum
1599 2627 1755 2682 libris
1797 2627 1899 2680 tri-

321 2712 533 2783 busque
555 2714 681 2771 aliis
712 2715 866 2769 vario
892 2715 1054 2771 titulo
1083 2716 1414 2771 Arianorum
1437 2733 1526 2772 res
1555 2719 1850 2772 vindicavit
1880 2736 1894 2773 :

323 2813 492 2876 atque
515 2807 590 2860 ita
615 2807 930 2892 gregalibus
959 2809 1076 2864 suis
1109 2809 1293 2863 oblata
1317 2810 1550 2864 crimina
1575 2810 1805 2880 depulit,
1839 2817 1899 2865 ut

321 2912 382 2953 sc
412 2896 530 2966 ipse
555 2897 808 2966 proderet
839 2898 1128 2954 Arianum.
1158 2897 1296 2954 Tum
1315 2900 1516 2956 ibidem
1547 2909 1738 2955 contra
1755 2900 1900 2956 Mar-

322 2989 522 3043 cellum
553 3003 667 3044 rem
709 2998 932 3046 strenue
961 2993 1152 3060 gessit,
1189 3007 1351 3062 quem
1379 2993 1589 3048 violatae
1617 3008 1764 3048 sana:
1795 2994 1899 3049 do-

321 3081 517 3134 ctrinae
550 3093 716 3134 reum
740 3079 852 3150 egit
885 3099 900 3135 :
933 3095 996 3135 ac
1027 3081 1316 3137 instaurati
1346 3083 1597 3137 Pauliani
1625 3093 1680 3138 et
1716 3081 1900 3140 Sabel-

321 3169 460 3225 liani
492 3171 700 3225 erroris
725 3172 1029 3226 accusavit.
1063 3171 1176 3227 Hac
1204 3181 1387 3229 autem
1429 3173 1482 3228 in
1517 3190 1578 3230 re
1603 3191 1714 3231 non
1741 3191 1900 3247 pror-

324 3277 423 3319 sus
450 3262 693 3319 infausto
726 3269 930 3318 conatu
963 3263 1282 3320 Marcellum
1302 3265 1528 3322 adortus
1553 3277 1631 3322 est
1660 3285 1672 3322 :
1706 3266 1902 3323 exinde

325 3369 571 3424 namque
600 3369 710 3410 non
741 3355 902 3410 modo
932 3355 1151 3412 Arianis
1184 3357 1430 3422 invisus,
1472 3362 1568 3414 sed
1599 3360 1762 3415 etiam
1797 3359 1902 3414 Ca—

325 3443 657 3499 tholicorum
699 3444 888 3500 multis
921 3457 1215 3516 suspectus
1243 3463 1367 3504 esse
1394 3449 1580 3518 cmpit.

400 3534 518 3592 Sub
545 3537 662 3592 hac
689 3535 951 3594 defuncto
977 3537 1364 3606 Constantino,
1391 3555 1516 3594 cum
1549 3541 1673 3596 aliis
1699 3542 1902 3597 exsuli-

327 3627 434 3684 bus
458 3627 750 3685 Marcellus
774 3628 889 3684 sedi
920 3631 1231 3698 restitutus,
1265 3648 1377 3686 non
1411 3632 1531 3690 sine
1573 3634 1810 3688 tumultu
1841 3650 1905 3690 ac

329 3719 575 3776 caedibus
623 3720 806 3776 locum
855 3722 1092 3791 repetiit.
1148 3721 1260 3778 Nec
1299 3723 1394 3778 diu
1437 3732 1627 3796 postea
1667 3727 1904 3782 extorris

328 3813 510 3866 denuo
541 3810 742 3879 factus,
787 3813 855 3867 ad
889 3810 1095 3868 Julium
1133 3829 1328 3885 papam
1374 3824 1656 3887 receptum
1692 3817 1901 3871 habuit.

329 3903 407 3958 lbi
436 3903 610 3958 ﬁdens
640 3903 984 3959 adversarios
1013 3913 1275 3976 provocat
1312 3906 1380 3961 ad
1423 3907 1716 3978 judicium,
1758 3907 1904 3965 Julio

331 3993 455 4048 ﬁdei
486 4009 599 4049 sum
628 3994 919 4050 formulam
945 3997 1124 4064 oﬁ‘ert,
1157 3999 1327 4063 nullo,
1354 4009 1414 4054 ut
1433 4002 1656 4071 planum
1676 4010 1781 4066 est,
1816 4003 1903 4057 vi-

329 4085 410 4140 tio
441 4086 778 4142 laborantem
815 4107 827 4143 :
867 4103 1026 4169 suum
1067 4097 1259 4144 contra
1277 4090 1554 4146 Asterium
1576 4095 1776 4149 librum
1809 4094 1907 4151 de-

330 4174 527 4242 fendit,
561 4185 789 4233 truncas
829 4179 1134 4236 sententias
1182 4180 1250 4234 ab
1301 4180 1630 4239 Eusebianis
1675 4200 1904 4254 pravum

331 4265 390 4322 in
417 4281 637 4322 sensum
652 4267 920 4332 detortas,
939 4267 1302 4323 adulteratam
1317 4271 1609 4326 verborum
1630 4273 1828 4328 seriem
1847 4277 1902 4328 in

329 4359 577 4414 Romana
603 4359 674 4414 50
700 4359 1086 4430 episcoporum
1130 4360 1341 4432 synodo
1374 4364 1720 4434 comprobat,
1757 4363 1902 4418 dicta

328 4458 516 4506 tuetur
557 4460 606 4507 et
643 4452 883 4522 explicat
918 4470 930 4505 :
962 4450 1292 4522 demumque
1329 4452 1398 4506 ab
1425 4451 1570 4508 Julio
1604 4463 1659 4508 et
1688 4455 1906 4524 episco-

327 4543 415 4613 pis
446 4542 514 4598 ad
543 4543 986 4598 communionem
1020 4549 1078 4596 ut
1107 4542 1365 4599 innoxius
1408 4544 1720 4599 admittitur
1759 4560 1904 4601 anno

329 4638 456 4692 542.
483 4637 703 4693 Arianis
743 4651 874 4693 vero
907 4651 1019 4690 non
1062 4636 1496 4706 quiescentibus,
1540 4636 1903 4692 detrectanti-

328 4731 544 4802 busque
582 4729 890 4786 Romanum
939 4728 1244 4799 judicium,
1284 4744 1468 4800 parem
1505 4730 1608 4786 sub
1651 4730 1766 4785 hac
1795 4729 1908 4787 for-

331 4829 521 4876 tunam
550 4830 807 4892 expertus
837 4828 923 4876 est
966 4822 1022 4876 in
1065 4819 1378 4876 Sardicensi
1412 4822 1622 4893 synodo
1663 4837 1907 4879 cacume-

331 4915 457 4970 nica
489 4932 502 4968 :
538 4913 631 4968 ubi
665 4919 954 4984 postquam
988 4928 1211 4967 causam
1227 4912 1461 4978 dixerat,
1481 4916 1904 4986 purgatusipse,

327 5005 517 5061 Ariani
563 5005 824 5076 praesules
869 5004 1115 5058 damnati
1159 5006 1617 5077 anathemateque
1655 5007 1908 5075 percussi

331 5105 479 5155 sunt.
507 5096 628 5152 Jam
657 5111 828 5167 prona
857 5094 1113 5151 Marcello
1144 5096 1326 5150 omnia
1349 5105 1510 5151 erant
1543 5116 1554 5151 :
1585 5104 1640 5151 et
1677 5105 1803 5168 post
1830 5098 1910 5154 di-

328 5197 475 5246 ctam
494 5189 793 5244 secundum
813 5188 990 5258 ipsum
1012 5185 1228 5243 duabus
1247 5188 1300 5241 in
1315 5188 1538 5259 synodis
1555 5190 1903 5254 sententiam,

330 5298 457 5354 spes
478 5283 766 5339 videbatur
778 5297 903 5338 esse
920 5281 1194 5337 neminem
1211 5281 1617 5336 Catholicorum
1641 5297 1906 5337 ausurum

337 5375 484 5428 ultra
517 5374 584 5430 de
601 5375 815 5430 sincera
840 5373 961 5445 ejus
981 5373 1082 5429 ﬁde
1105 5373 1375 5429 dubitare.
1411 5370 1604 5427 Verum
1632 5389 1793 5430 secus
1821 5389 1907 5428 res

332 5465 500 5520 cessit
536 5482 550 5518 :
579 5480 703 5519 nam
733 5467 851 5522 sive
882 5465 1012 5537 quia
1041 5464 1356 5529 Marcellus,
1401 5481 1523 5535 quae
1552 5466 1608 5519 in
1638 5466 1778 5520 libro
1805 5481 1908 5522 suo

333 5555 410 5611 ita
439 5554 808 5625 adtemperate
825 5556 1108 5611 enuntiata
1125 5561 1282 5609 erant
1307 5562 1365 5608 ut
1387 5565 1615 5624 possent
1633 5555 1686 5609 in
1708 5555 1906 5609 bonam

334 5645 602 5701 Inalamve
633 5654 842 5713 partem
877 5647 1113 5715 deflecti,
1149 5647 1203 5702 in
1238 5646 1577 5717 quotidianis
1619 5647 1908 5704 fabulatio-

2000 1808 2222 1878 pietatis
2255 1822 2424 1862 causa
2463 1805 2838 1861 damnandum
2882 1803 3182 1874 praedicant
3211 1824 3225 1861 :
3251 1813 3368 1859 tum
3401 1804 3577 1859 Atha-

1997 1903 2158 1957 nasio
2189 1909 2446 1955 auctores
2477 1907 2628 1964 sunt,
2659 1909 2717 1954 ut
2763 1899 3038 1954 hominem
3082 1913 3114 1953 a
3155 1897 3430 1953 catholica
3470 1897 3582 1954 ﬁde

1997 1993 2236 2049 alienum
2271 1993 2338 2048 ab
2381 1992 2638 2048 Ecclesia:
2681 1991 3066 2046 communione
3095 1991 3354 2063 depellat.
3389 1990 3581 2046 Sensit

1999 2084 2293 2140 Marcellus
2331 2086 2413 2139 vir
2461 2082 2865 2138 annosissimus
2919 2090 2973 2139 et
3024 2098 3162 2153 pene
3201 2085 3578 2145 centenarius,

1994 2173 2108 2245 jam
2144 2175 2451 2246 proximum
2484 2188 2608 2229 esse
2629 2181 2688 2226 ut
2713 2173 3048 2229 Athanasius
3078 2173 3192 2237 ille,
3211 2173 3340 2227 olim
3363 2173 3581 2230 amicus

1997 2273 2051 2321 et
2091 2265 2440 2320 fortunarum
2481 2280 2734 2332 consors,
2799 2266 3130 2320 sententiam
3177 2265 3472 2322 adversum
3520 2280 3581 2322 se

1997 2357 2228 2424 diceret,
2260 2364 2315 2411 et
2347 2371 2472 2410 cum
2504 2357 2616 2426 jam
2658 2355 2963 2425 periculum
2989 2354 3438 2426 portenderetur,
3485 2355 3571 2410 sui

1997 2457 2051 2507 et
2071 2454 2239 2506 totius
2271 2449 2577 2521 Ancyranae
2609 2448 2867 2504 Ecclesiae
2883 2449 3102 2503 nomine
3121 2447 3426 2518 Eugenium
3453 2447 3572 2502 dia-

1997 2558 2198 2599 conum
2239 2543 2502 2611 ~aliosque
2561 2541 2630 2596 ad
2679 2541 3041 2596 Athanasium
3093 2550 3345 2596 oratores
3387 2540 3572 2603 mittit,

1997 2634 2464 2690 commendatitiis
2507 2634 2898 2704 episcoporum
2953 2633 3175 2687 Graeciae
3219 2640 3275 2687 et
3315 2629 3570 2686 Macedo-

1998 2723 2123 2786 niae,
2152 2723 2484 2793 quibuscum
2513 2724 2701 2792 p‘acem
2723 2730 2777 2778 et
2801 2721 3116 2778 societatem
3161 2721 3383 2778 fovebat
3403 2722 3574 2776 Atha-

1997 2815 2211 2881 nasius,
2247 2813 2449 2869 litteris
2489 2813 2790 2868 instructos
2825 2831 2838 2868 :
2871 2813 2966 2883 qui
3015 2813 3244 2868 recitata
3290 2812 3416 2867 ﬁdei
3433 2796 3573 2872 ’,εαξη

1999 2902 2260 2969 formula,
2299 2904 2506 2960 erroris
2545 2903 2613 2959 ab
2643 2920 2702 2960 se
2743 2911 2799 2960 et
2843 2919 3024 2975 pravas
3073 2903 3350 2974 opinionis
3392 2902 3573 2972 suspi-

1999 2990 2213 3046 cionem
2245 2990 2586 3046 dimoverent
2624 3009 2638 3045 :
2670 2991 2801 3059 quia
2828 3005 2962 3046 vero
2998 2990 3113 3044 haec
3147 2988 3267 3044 ﬁdei
3299 2988 3573 3058 professio

2000 3081 2056 3134 in
2084 3081 2342 3136 omnibus
2377 3081 2494 3136 suis
2526 3081 2773 3151 partibus
2801 3081 3066 3137 catholica
3095 3090 3200 3144 est,
3247 3081 3574 3151 ascriptam-

2001 3188 2110 3244 que
2142 3171 2402 3227 Marcello
2437 3172 2668 3228 haeresin
2702 3175 3051 3228 anathemate
3085 3172 3230 3238 ferit,
3286 3171 3354 3226 ab
3403 3171 3573 3225 Atha-

2001 3265 2159 3322 nasio
2215 3273 2271 3321 et
2318 3264 2592 3337 JEgyptiis
2638 3266 2913 3336 episcopis
2960 3265 3220 3332 admissa,
3269 3279 3574 3334 eorumque

2001 3353 2276 3425 suffragiis
2308 3354 2517 3408 munita
2551 3361 2654 3408 est.
2689 3352 3112 3408 Hallucinantur
3143 3369 3274 3424 ergo
3301 3354 3395 3422 qui
3428 3352 3572 3406 Mar-

2000 3445 2199 3502 cellum
2256 3455 2449 3516 putant
2504 3446 2574 3500 ab
2626 3443 2928 3499 Athanasio
2978 3443 3165 3500 Basilii
3218 3445 3577 3515 instigatione

2001 3539 2344 3601 damnatum,
2370 3553 2401 3594 e
2433 3552 2665 3607 quorum
2701 3551 2931 3592 numero
2965 3534 3364 3591 'I‘illemontius.
3409 3533 3572 3598 Nam,

2003 3640 2063 3685 ut
2091 3633 2146 3684 in
2174 3630 2279 3684 hoc
2311 3629 2530 3700 egregio
2555 3630 2825 3700 opusculo
2856 3627 3062 3692 videas,
3095 3627 3455 3691 Athanasius,
3479 3626 3574 3695 qui

2002 3721 2263 3778 Ecclesiae
2299 3722 2603 3793 Ancyranaa
2636 3721 2949 3776 oratoribus
2973 3721 3251 3790 postulata
3291 3717 3574 3781 concedit,

2003 3829 2304 3883 eorumque
2336 3813 2457 3869 ﬁdei
2475 3813 2724 3868 formula:
2741 3812 3090 3881 astipulatur,
3116 3811 3280 3866 etiam
3299 3825 3416 3872 eas,
3435 3824 3574 3879 quas

2003 3911 2288 3972 expetunt,
2311 3903 2789 3958 commendatitias
2823 3902 3037 3957 litteras
3090 3900 3233 3954 haud
3272 3899 3441 3954 dubie
3479 3899 3577 3954 dc-

2003 3994 2146 4049 derit
2184 4009 2411 4049 necesse
2438 4000 2541 4049 est.
2573 3991 2688 4048 Sub
2717 3993 2832 4046 hac
2871 4000 3050 4047 autem
3090 3990 3234 4045 diem
3269 3990 3405 4044 obiit
3431 3989 3577 4043 Mar-

2003 4085 2198 4149 cellus,
2227 4085 2387 4140 annis
2408 4084 2628 4139 circiter
2657 4083 2874 4139 duobus
2907 4090 3202 4152 antequam
3233 4079 3575 4150 Epiphanius

2005 4176 2073 4232 de
2100 4175 2468 4232 Marcellianis
2503 4177 2558 4229 in
2599 4174 2842 4229 Panario
2881 4175 3164 4237 scriberet,
3199 4171 3409 4226 scilicet
3429 4185 3574 4224 anno

2006 4265 2235 4321 circiter
2252 4265 2377 4321 574.
2398 4264 2557 4331 Nam,
2583 4280 2707 4320 cum
2731 4265 3068 4336 Epiphanius
3092 4262 3388 4316 Panarium
3411 4276 3572 4316 suum

1932 4367 1981 4428 ι)
2007 4357 2079 4412 sit
2107 4371 2269 4412 orsus
2292 4371 2435 4412 anno
2466 4357 2592 4424 5'75,
2621 4365 2681 4411 ut
2711 4357 3036 4413 testiﬁcatur
3063 4356 3200 4425 ipse,
3235 4362 3290 4408 et
3311 4367 3459 4407 anno
3487 4367 3575 4406 se-

2004 4458 2208 4520 quente
2239 4448 2342 4503 576
2369 4448 2438 4504 ad
2466 4448 2888 4504 Manichaeorum
2903 4446 3409 4518 haaresin'(numero
3429 4445 3573 4516 val)

2005 4543 2309 4607 devenerit,
2355 4553 2410 4597 ut
2443 4543 2644 4598 ibidem
2680 4543 2838 4613 legis,
2875 4541 3064 4596 eodem
3101 4555 3244 4595 anno
3271 4538 3576 4594 Marcellia-

2006 4650 2204 4690 norum
2230 4635 2464 4690 haeresin
2488 4633 2740 4705 (numero
2779 4633 2950 4703 Lxxn)
2992 4631 3285 4702 scripsisse
3334 4629 3571 4695 videtur,

2007 4727 2104 4783 ubi
2136 4735 2325 4781 narrat
2356 4742 2386 4780 a
2416 4703 2636 4782 duobus
2669 4727 2896 4780 circiter
2927 4724 3086 4778 annis
3118 4724 3326 4778 obiisse
3343 4722 3574 4778 Marcel-

2007 4819 2140 4882 lum.
2174 4819 2304 4872 Erat
2335 4834 2499 4889 porro
2531 4827 2644 4873 tum
2677 4816 2991 4885 Marcellus,
3027 4824 3086 4870 ut
3126 4815 3365 4878 videtur,
3394 4825 3577 4870 cente-

2005 4913 2164 4967 nario
2189 4911 2384 4981 major,
2423 4919 2609 4982 utpote
2630 4910 2723 4981 qui
2757 4909 2870 4980 jam
2891 4925 3033 4964 anno
3050 4907 3153 4963 556
3173 4921 3575 4972 senex,canus,

2006 5015 2062 5062 et
2093 5007 2150 5060 in
2179 5005 2498 5075 episcopatu
2530 5001 2894 5058 consenuisse
2941 5001 3157 5055 dicatur
3199 4999 3270 5054 ab
3313 4997 3575 5062 Eusebio,

2006 5099 2302 5167 itidemque
2333 5096 2402 5150 ab
2439 5095 2744 5150 Athanasio
2784 5114 2797 5150 ε
2830 5110 2950 5164 qua:
2984 5094 3244 5164 frequens
3279 5090 3580 5148 senectutis

2004 5189 2258 5260 repetitio
2309 5186 2672 5257 sexagenario
2722 5185 2987 5254 majorem
3033 5194 3284 5257 spectare
3325 5190 3575 5254 putatur.

2004 5280 2138 5337 Post
2170 5280 2412 5335 Marcelli
2436 5280 2747 5345 decessum,
2783 5278 3039 5347 discipuli
3087 5277 3230 5346 ejus,
3272 5276 3579 5346 Ancyrana‘.

2005 5372 2264 5428 Ecclesiae
2290 5371 2500 5435 clerici,
2541 5369 2607 5424 ad
2633 5371 2924 5440 episcopos
2958 5375 3012 5423 et
3045 5365 3394 5423 confessores
3455 5363 3578 5418 Dio—

2006 5479 2257 5519 carsareae
2281 5470 2507 5534 agentes
2535 5462 2812 5526 adierunt,
2857 5460 3196 5531 prolatisque
3227 5455 3579 5512 commend»

2008 5555 2145 5611 titiis
2174 5554 2481 5620 Athanasii,
2507 5569 2669 5625 quem
2689 5553 3088 5625 τρισμακάριον
3112 5557 3332 5616 vocant,
3356 5546 3573 5609 litteris,

2010 5645 2247 5717 dataque
2281 5645 2404 5704 ﬁdei
2436 5647 2670 5712 formula
2714 5646 2843 5702 huic
2881 5660 2990 5701 non
3019 5641 3280 5708 absimili,
3325 5639 3421 5698 sed
3459 5639 3578 5695 bre-
