3792 6150
198 308 334 363 1281
1435 299 1775 356 MARCELLI

1919 297 2194 349 UYHANI.
3318 287 3459 340 1282

197 423 368 488 viori,
396 419 803 479 communionis
837 419 1154 477 societatem
1193 418 1483 490 rogabant,
1529 431 1637 488 qua
1673 415 1776 470 im-
1805 417 1851 476 Α
1878 427 1942 467 ex
2007 411 2269 464 diametro
2327 405 2621 475 oppositam
2681 402 2811 456 Aria
2867 401 3185 471 impietatem
3232 401 3458 456 extulit.

199 520 436 587 petrata,
474 517 841 568 recesserunt.
890 508 1230 580 Demumque
1276 507 1535 572 Basilius,
1582 507 1778 562 horum
1887 513 2042 575 atque
2071 505 2124 556 in
2171 503 2341 570 ipsam
2374 496 2642 568 Unigeniti
2676 494 2894 550 deitatis
2916 493 3277 548 exsistentiant
3304 493 3462 562 impie

197 585 452 678 exemplo
479 613 536 663 et
561 606 895 661 auctoritate
925 611 1131 668 motus,
1183 602 1314 658 licet
1336 616 1502 673 aegre,
1540 599 1781 654 Marcelli
1881 597 2008 666 egit,
2081 593 2330 664 Verbique
2373 589 2777 661 appellationem
2831 586 2970 646 male
3023 585 3258 654 accepit,
3309 585 3459 638 nulla

199 677 410 755 clerum
441 705 497 753 et
537 697 652 768 ipse
679 694 1055 752 communioni
1092 708 1208 750 sum
1253 693 1566 749 restituisse
1599 689 1782 744 credi-
1885 687 2221 740 accusatione
2271 685 2524 752 impetunt
2568 697 2586 734 :
2617 681 2707 750 qui
2740 677 3074 749 Unigenitum
3117 677 3323 749 quidem
3351 677 3460 732 dici

199 799 315 846 tur.
345 788 424 844 En
451 790 640 860 paucis
685 794 856 842 totam
888 786 955 842 de
983 785 1241 840 Marcello
1282 773 1674 837 narrationem.
1720 778 1778 834 Si
1891 777 2115 833 Verbum
2134 775 2316 840 tradit,
2345 783 2600 846 quatenus
2630 770 2700 825 ad
2743 786 2896 824 usum
2928 777 2978 823 et
3007 769 3076 822 ad
3112 779 3308 838 tempus
3336 785 3460 840 pro-

201 882 337 953 quid
361 859 490 937 vero
526 890 724 952 praeter
764 881 1044 951 vulgarem
1080 877 1419 933 eruditorum
1465 874 1776 945 opinionem
1880 870 1982 932 dit,
2035 885 2097 922 ac
2126 884 2313 921 rursus
2367 864 2436 919 ad
2463 880 2578 919 eum
2627 877 2691 917 ex
2731 877 2832 932 quo
2885 859 3081 928 prodiit
3131 861 3405 914 revertitur
3437 875 3458 916 :

208 974 302 1029 hic
335 972 690 1029 enuntiatum
738 970 1142 1042 deprehendas,
1167 968 1223 1024 id
1252 970 1418 1022 certis
1446 963 1780 1022 testimoniis

203 1063 500 1129 asseritur,
525 1069 587 1118 ut
618 1062 675 1118 in
705 1059 1062 1132 sequentibus
1091 1058 1272 1128 palam
1300 1055 1428 1112 erit.

827 1169 1058 1228 CAPUT
1083 1168 1149 1225 ll.

375 1306 465 1355 QUI
503 1306 703 1346 FUERIT
744 1305 923 1345 ERBOR
959 1301 1242 1344 MARCELLO
1284 1297 1597 1341 Αεοιιιρτυε.

195 1401 244 1456 I.
275 1400 353 1456 De
384 1401 630 1456 Marcelli
665 1401 925 1454 sententia
968 1401 1118 1454 varia
1163 1397 1470 1452 traduntur.
1526 1394 1592 1450 ll.
1635 1395 1780 1462 Quid

275 1472 517 1527 Basilius
551 1472 616 1524 de
640 1471 887 1526 Marcelli
917 1487 1096 1524 errore
1123 1470 1291 1523 dicat.
1333 1466 1422 1521 Ill.
1469 1465 1612 1533 Quid
1646 1465 1776 1534 Epi-

267 1542 516 1612 phanius.
554 1541 642 1612 IV.
686 1541 826 1608 Quid
859 1540 1293 1612 Chrysostomus.
1319 1537 1381 1592 γ.
1427 1537 1570 1612 Quid
1601 1536 1774 1612 Tlieo.

272 1605 489 1667 doretus
519 1653 533 1666 .
589 1605 868 1679 VlfQuid
929 1605 1191 1666 Eusebius
1240 1608 1610 1666 Cwsariensis.
1660 1605 1773 1662 VII.

274 1683 498 1739 Summa
527 1682 786 1737 doctrina:
821 1680 1209 1736 Marcelliame.

431 1797 474 1848 Ι.
497 1797 574 1848 De
599 1795 819 1846 Marcelli
844 1796 1093 1845 sententia
1113 1796 1239 1844 varia
1266 1794 1539 1844 traduntur.

269 1889 393 1948 Non
439 1907 673 1963 prorsus
708 1889 1031 1947 dimcultate
1052 1899 1230 1956 vacat,
1271 1905 1397 1962 qum
1446 1889 1616 1946 fuerit
1658 1890 1774 1955 illa,

196 1985 270 2042 de
299 2001 408 2058 qua
433 1984 724 2042 Marcellus
765 1983 1150 2049 accusabatur,
1179 1983 1406 2041 haeresis
1439 1984 1576 2040 :etsi
1618 1999 1779 2039 nam~

202 2093 316 2150 que
335 2076 482 2148 apud
539 2076 804 2134 Basilium
853 2085 912 2133 et
957 2075 1364 2132 Theodoretum
1419 2074 1780 2131 Marcellianae

207 2170 498 2227 sententia:
532 2171 716 2240 capita
747 2185 857 2226 non
897 2169 1135 2225 obscure
1183 2169 1450 2236 ferantur,
1508 2168 1778 2225 Eusebius

201 2271 413 2326 tamen,
448 2263 543 2332 qui
572 2277 695 2317 cum
713 2261 912 2332 aequali
940 2275 1042 2317 suo
1067 2260 1433 2332 disceptabat,
1479 2261 1685 2332 quique
1711 2276 1779 2317 ex

199 2351 347 2407 libro
372 2350 612 2408 Marcelli
648 2352 868 2424 singula
889 2351 1182 2422 excerpsit,
1221 2366 1344 2422 qua:
1372 2352 1455 2407 vel
1508 2366 1776 2417 errorem,

198 2443 286 2498 vel
321 2442 526 2498 erroris
559 2444 798 2514 speciem
834 2441 1178 2513 praeferrent,
1204 2443 1260 2496 in
1294 2441 1625 2512 quibusdam
1665 2457 1776 2497 non

199 2535 280 2588 ita
338 2533 500 2591 facile
556 2549 684 2590 cum
712 2533 918 2590 Basilio
948 2541 1004 2590 et
1034 2532 1388 2590 Theodoreto
1431 2534 1776 2590 conciliatur.

199 2624 414 2680 Idcirco
441 2640 473 2680 e
495 2641 557 2680 re
591 2625 771 2681 visum
801 2633 888 2680 est
919 2623 1058 2692 fore,
1101 2632 1163 2680 ut
1215 2625 1396 2680 allatis
1437 2626 1494 2680 in
1536 2625 1778 2680 medium

201 2716 296 2782 iis,
338 2732 460 2788 quae
493 2716 562 2771 ab
607 2715 803 2771 iisdem
863 2715 1226 2786 scriptoribus
1270 2714 1339 2770 de
1372 2715 1614 2772 Marcelli
1663 2716 1778 2787 Opi-

198 2811 369 2866 nione
417 2816 736 2874 narrantur,
798 2825 920 2880 qua:
973 2825 1101 2866 vere
1141 2809 1307 2865 fuerit
1351 2810 1444 2864 illa
1490 2810 1780 2882 diligenter

199 2901 568 2958 excutiamus.

419 3004 479 3055 ll.
508 3005 635 3066 Quid
660 3005 867 3056 Basilius
887 3005 950 3055 de
975 3005 1193 3056 Marcelli
1221 3020 1391 3057 errore
1413 3009 1559 3060 dicat.

271 3087 510 3145 Basilius
542 3088 708 3161 igitur
752 3089 805 3144 in
849 3089 1008 3159 epist.
1040 3089 1128 3154 52,
1156 3106 1278 3159 quae
1306 3101 1390 3146 est
1422 3094 1489 3147 ad
1524 3075 1774 3164 Magnum

204 3177 598 3246 Athanasium,
631 3179 746 3235 hinc
785 3180 948 3234 habet
994 3199 1008 3235 :
1071 3181 1436 3252 Ἐπιζητεῖται
1473 3184 1530 3238 δὲ
1567 3186 1787 3244 κάκεῖνο

206 3271 364 3343 παρά
412 3289 576 3326 τινων
618 3273 728 3324 τῶν
760 3271 1008 3325 ἐντεῦθεν
1032 3273 1344 3342 ἀναγκαίως
1377 3275 1452 3338 ὡς
1486 3279 1580 3330 καὶ
1606 3281 1789 3346 αὐτοῖς

211 3365 348 3436 ἡμῖν
369 3364 782 3432 καταφαίνεται,
810 3363 872 3416 τὸ
890 3364 989 3434 τὴν
1013 3365 1330 3435 Μαρκέλλου
1357 3367 1567 3439 αἵρεσιν
1591 3372 1790 3437 αὐτοὺς

201 3456 282 3520 ὡς
333 3454 575 3526 χαλεπὴν
607 3455 701 3508 καὶ
734 3453 1024 3526 βλαϐεράν,
1057 3455 1150 3508 καὶ
1192 3456 1292 3527 τῆς
1325 3457 1676 3532 ὑγιαινούσης
1707 3461 1792 3515 πί.

205 3565 378 3611 στεως
406 3546 699 3619 ἀλλοτρίως
737 3547 988 3616 ἔχουσαν,
1021 3547 1383 3618 ἐξορίζεσθαι,
1427 3551 1581 3605 Ἐπεὶ
1625 3554 1790 3626 μέχρι

202 3639 302 3694 τοῦ
341 3638 435 3692 νῦν
481 3641 539 3691 ὲν
581 3639 746 3690 πᾶσιν
773 3631 854 3701 οἷς
895 3637 1302 3692 ἐσπιστέλλουσι
1341 3641 1666 3711 γράμμασι,
1697 3645 1790 3699 τὸν

205 3731 308 3802 μὲν
335 3730 649 3801 δυσώνυμον
674 3730 892 3800 Ἀρειον
923 3729 1034 3783 ἀνω
1060 3731 1154 3785 καὶ
1178 3731 1328 3785 κάτω
1359 3731 1788 3803 ἀναθεματίζον-

199 3841 294 3888 τες
319 3822 412 3875 καὶ
447 3821 556 3874 τῶν
604 3819 939 3892 Ἐκκλησιῶν
964 3819 1298 3891 ἐξορίζοντες
1326 3823 1386 3874 οὑ
1417 3823 1751 3879 διαλείπουσι
1771 3844 1787 3859 ο

205 3912 513 3986 Μαρκέλλῳ
541 3913 618 3977 δὲ,
655 3912 735 3982 τῷ
767 3911 910 3966 κατὰ
947 3911 1234 3983 διάμετρον
1267 3913 1460 3982 ἐκείνῳ
1520 3913 1621 3986 τὴν
1665 3916 1793 3969 ἀσέ-

205 4006 359 4058 ϐειαν
402 4003 827 4074 ἐπιδειξαμένῳ,
854 4003 949 4056 καὶ
972 4004 1052 4067 είς
1087 4002 1256 4073 αὐτὴν
1287 4003 1385 4074 τὴν
1421 4003 1652 4076 ὕπαρξιν
1690 4007 1792 4079 τῆς

209 4094 306 4147 τοῦ
333 4092 673 4162 Μονογενοῦς
705 4093 956 4162 θεότητος
987 4092 1338 4164 ἀσεὸήσαντι,
1369 4094 1464 4147 καὶ
1484 4094 1671 4159 κακῶς
1694 4096 1791 4167 τὴν

206 4185 306 4243 τοῦ
329 4187 500 4256 Λόγου
518 4184 888 4258 προσηγορίαν
919 4184 1282 4256 ἐκδεξαμένῳ,
1307 4185 1560 4255 οὐδεμίαν
1587 4186 1792 4257 μέμψιν

201 4278 592 4346 ἐπενεγκόντες
629 4277 944 4345 φαίνονται·
977 4275 1036 4338 ὃς
1076 4275 1248 4344 Λόγον
1293 4276 1390 4346 μὲν
1418 4277 1666 4348 εἰρῆσθαι
1702 4279 1793 4331 τὸν

202 4365 485 4436 Μονογενῆ
507 4366 710 4430 δίδωσι,
741 4365 884 4419 κατά
937 4364 1124 4436 χρείαν
1147 4366 1240 4418 καὶ⁴
1274 4366 1367 4418 ἐπὶ
1401 4364 1593 4436 καιροῦ
1627 4383 1796 4438 προσ-

1883 978 2046 1033 neque
2085 969 2205 1014 ante
2260 973 2564 1029 egressum,
2623 969 2757 1017 8888,
2816 967 2908 1006 nec
2959 961 3075 1020 ροει
3139 967 3454 1022 τεθνεεειιηι,

1878 1055 2164 1111 subsistere
2203 1053 2298 1106 ait.
2329 1050 2494 1119 Cujus
2525 1048 2601 1102 rei
2643 1055 3010 1115 argumentum
3039 1053 3161 1098 sunt
3196 1043 3336 1113 apud
3361 1060 3457 1098 nos

1876 1145 2135 1204 reconditi
2190 1145 2384 1214 iniquw
2435 1141 2584 1196 illius
2632 1139 2956 1212 Syngrapha:
3005 1137 3148 1192 libri.
3209 1136 3459 1190 Attamen

1877 1237 2017 1292 hunc
2045 1235 2349 1290 nullatenus
2397 1232 2694 1302 improbare
2730 1231 2827 1285 visi
2853 1238 2975 1284 sunt
3007 1243 3025 1282 :
3059 1229 3184 1298 quin
3205 1236 3254 1282 et
3279 1227 3334 1281 in
3362 1226 3459 1283 hoc

1877 1329 2150 1400 culpandi,
2184 1325 2322 1398 quod
2357 1342 2476 1380 eum
2510 1342 2542 1378 a
2570 1323 2827 1393 principio
2863 1336 2954 1390 per
2979 1318 3338 1388 ignorantiam
3376 1333 3461 1371 ue-

1878 1424 2056 1478 ritatis
2108 1421 2176 1476 ad
2225 1419 2638 1476 ecclesiasticam
2687 1415 3102 1470 communionem
3147 1411 3457 1482 receperint.

1949 1509 2094 1572 Idem
2143 1513 2379 1569 Basilius
2425 1513 2586 1582 epist.
2621 1511 2713 1577 74,
2745 1509 2810 1563 ad
2848 1507 3212 1569 Eustathium,
3250 1502 3461 1576 Apolli-

1875 1608 2092 1664 narium
2130 1617 2184 1663 et
2213 1605 2529 1668 Paulinum,
2573 1603 2689 1657 haec
2719 1601 2920 1656 habet:
2966 1599 3022 1654 '0
3054 1598 3233 1670 μέντοι
3256 1594 3460 1648 Παυλῖ-

1876 1717 1966 1765 νος
2010 1702 2061 1754 εἰ
2099 1698 2198 1771 μέν
2223 1716 2288 1751 τι
2315 1697 2410 1751 καὶ
2455 1696 2584 1769 περὶ
2621 1694 2723 1766 τὴν
2754 1691 3086 1765 χειροτονίαν
3134 1688 3460 1758 ἐπιλήψιμον

1807 1781 1852 1838 Β
1881 1791 2014 1864 ἔχει,
2047 1790 2199 1844 αὐτοὶ
2238 1789 2303 1843 ἂν
2349 1788 2584 1841 εῐποιτεο
2617 1785 2768 1856 ἡμᾶς
2797 1783 2853 1836 δὲ
2885 1783 3043 1836 λυπεῖ
3071 1782 3182 1843 τοῖς
3214 1775 3463 1864 Μαρκέλέ

1877 1863 1971 1940 λου
1998 1879 2274 1944 πεποιθὼς
2302 1879 2553 1950 δόγμασι,
2597 1877 2692 1930 καὶ
2719 1876 2845 1938 τοὺς
2865 1869 3284 1931 ἀκολουθοῦντας
3313 1863 3461 1936 αὑτῷ

1879 1976 2206 2047 ἀδιακρίτως
2260 1973 2340 2037 εἰς
2384 1971 2484 2042 τὴν
2547 1968 2832 2022 κοινωνίαν
2884 1963 3046 2020 αὑτοῦ
3084 1959 3458 2032 προσιέμενος.

1879 2068 2092 2129 Οἴδατε,
2127 2064 2344 2134 ἀδελφοὶ⁵
2373 2059 2712 2133 τιμιώτατοι,
2743 2059 2824 2112 ὅτι
2852 2057 3030 2125 πάσης
3065 2050 3221 2124 ἡμῶν
3247 2049 3344 2120 τῆς
3371 2047 3462 2101 ἐλ-

1879 2157 2034 2222 πίδος
2065 2155 2324 2226 ἀθέτησιν
2363 2151 2475 2224 ἔχει
2506 2150 2568 2204 τὸ
2593 2147 2916 2221 Μαρκέλλου
2939 2147 3113 2216 δόγμα
3132 2161 3147 2176 ο
3173 2141 3297 2196 οὕτε
3332 2139 3463 2194 Υίδν

1879 2253 1938 2304 ἐν
1961 2249 2066 2322 ἰδίᾳ
2091 2247 2384 2302 ὑποστάσει
2417 2241 2730 2315 ὁμολογοῦν,
2754 2238 2891 2293 ἀλλά
2918 2235 3333 2309 προενεχθέντα,
3367 2232 3465 2286 καὶ

1881 2341 2042 2398 πάλιν
2079 2337 2491 2408 ὑποστρέψαντα
2526 2336 2606 2398 είς
2633 2333 2725 2386 τὸν
2761 2330 2883 2385 ὅθεν
2910 2327 3198 2400 προῆλθεν,
3220 2324 3344 2379 οὗτε
3370 2323 3463 2377 τὸν

1879 2429 2236 2502 Παράκλητον
2263 2427 2405 2486 ἰδίως
2430 2421 2794 2494 ὑφεστηκέναι
2817 2417 3132 2490 συγχωροῦν
3149 2435 3160 2446 ·
3189 2415 3330 2469 ὥστε
3361 2413 3464 2467 οὑκ

1879 2525 1945 2580 ἄν
1985 2541 2068 2586 τις
2101 2520 2339 2592 ἁμάρτοι
2366 2516 2794 2589 Χριστιανισμοῦ
2844 2514 2939 2584 μὲν
2981 2510 3260 2574 παντελῶς
3306 2507 3464 2563 ἀλλο-

1877 2615 2036 2686 τρίαν
2085 2611 2405 2682 ἀποφαίνων
2437 2607 2534 2679 τὴν
2585 2606 2816 2678 αἵρεσιν,
2860 2600 3188 2672 Ἱουδαῖσμδν
3224 2600 3279 2653 δὲ
3318 2616 3464 2669 παρ-

1879 2702 2220 2774 εφθαρμένον
2255 2699 2423 2769 αὑτὴν
2461 2693 2900 2770 προσαγορεύων.
2940 2690 3055 2744 Hoc
3107 2695 3234 2744 est:
3272 2686 3466 2741 Pauli-

1880 2812 1980 2851 nus
2010 2811 2127 2849 vero
2155 2809 2224 2847 an
2250 2791 2388 2864 quod
2427 2788 2495 2842 ad
2518 2788 2900 2841 ordinationem
2929 2789 3140 2851 spectatI
3171 2778 3466 2848 culpandus

1881 2889 1974 2952 sit,
1997 2903 2085 2940 eos
2108 2885 2209 2954 ipsi
2240 2883 2519 2943 dixeritis;
2552 2897 2646 2934 nos
2673 2893 2800 2932 sane
2822 2877 3127 2936 contristat,
3150 2871 3286 2942 quod
3315 2869 3468 2924 Mar-

1882 2978 2002 3032 celli
2048 2973 2383 3046 dogmatibus
2422 2971 2579 3042 ﬁdem
2615 2968 2822 3031 habeat,
2869 2976 2917 3021 et
2977 2973 3260 3020 sectatores
3319 2961 3467 3017 illius

1883 3071 1996 3123 sine
2041 3067 2344 3122 discrimine
2391 3063 2459 3117 ad
2495 3062 2912 3116 communionem
2965 3057 3229 3112 admittat.
3282 3053 3465 3117 Scitis,

1886 3159 2242 3214 colendissimi
2288 3157 2506 3227 fratres,
2562 3152 2806 3207 Marcelli
2847 3151 3038 3222 dogma
3080 3164 3284 3204 omnem
3324 3161 3467 3214 spem

1886 3263 2122 3308 nostram
2155 3252 2366 3304 irritam
2399 3249 2592 3318 facere,
2635 3246 2773 3317 quod
2817 3261 2976 3315 neque
3011 3241 3210 3296 Filium
3247 3241 3299 3294 in
3343 3255 3467 3309 pro-

1885 3347 2004 3417 pria
2055 3343 2324 3415 hypostasi
2376 3341 2713 3409 conﬁteatur,
2767 3336 2864 3391 sed
2897 3335 3246 3405 productum,
3297 3341 3349 3387 et
3396 3327 3468 3384 ad

1886 3455 2004 3494 cum
2035 3439 2242 3506 ipsum,
2283 3448 2348 3488 ex
2391 3449 2490 3504 quo
2528 3439 2870 3500 processerat,
2911 3429 3101 3483 iterum
3142 3440 3467 3480 reuersurum

1888 3529 2051 3585 tradit
2079 3545 2097 3582 :
2131 3541 2290 3595 neque
2327 3523 2668 3578 Paracletum
2699 3519 2965 3589 propriam
3008 3515 3195 3571 habere
3228 3514 3468 3584 hyposta-

1887 3624 1968 3677 sin
1997 3619 2270 3682 concedit;
2319 3618 2394 3670 ita
2417 3624 2475 3669 ut
2517 3627 2844 3683 nequaquam
2875 3608 3078 3663 aberret
3110 3608 3158 3662 si
3189 3605 3303 3674 quis
3333 3604 3468 3656 hanc

1887 3715 2108 3768 Itazresin
2137 3726 2352 3780 prorsus
2384 3725 2416 3761 a
2443 3705 2856 3762 Christianismo
2893 3701 3122 3756 alienam
3152 3713 3263 3752 esse
3291 3693 3472 3750 decla-

1889 3815 1987 3869 ret,
2008 3819 2222 3874 eamque
2244 3808 2546 3865 corruptum
2571 3795 2845 3868 quemdam
2861 3792 3202 3846 Judaismum
3225 3787 3466 3859 appellet.

1889 3894 2128 3966 Epistula
2151 3907 2278 3947 vero
2305 3890 2393 3955 78,
2414 3890 2530 3942 haec
2553 3887 2714 3941 habet
2736 3885 2803 3939 de
2831 3883 3047 3937 Nicaena
3075 3879 3178 3934 ﬁde
3206 3880 3465 3949 loquens:

1889 3989 2012 4042 Είσὶ
2047 3985 2157 4056 γάρ
2194 4000 2359 4046 τινες,
2390 3983 2437 4034 οἱ
2482 3981 2576 4034 καὶ
2603 3981 2661 4032 ἐν
2683 3979 2856 4048 ταύτῃ
2887 3978 2954 4046 τῇ
2982 3974 3162 4027 πίστει
3194 3972 3472 4037 δολοῦντες

1890 4082 1980 4134 τὸν
2004 4080 2160 4148 λόγον
2187 4077 2287 4148 τῆς
2310 4074 2586 4146 ἀληθείας,
2612 4073 2706 4126 καὶ
2733 4071 2870 4142 πρὸς
2901 4068 2961 4122 τὸ
2989 4067 3195 4121 ἑαυτῶν
3225 4064 3470 4137 βούλημα

1890 4173 1981 4226 τὸν
2015 4171 2138 4225 νοῦν
2182 4168 2290 4222 τῶν
2337 4169 2394 4221 ἐν
2436 4167 2572 4236 αὐτῇ
2617 4165 2875 4236 ῥημάτων
2911 4161 3190 4222 ἕλκοντες·
3223 4158 3358 4212 ὃπου
3405 4173 3470 4226 γε

1893 4265 1988 4319 καὶ
2008 4259 2326 4333 Μάρκελλος
2358 4257 2673 4328 ἐτόλμησεν,
2713 4253 2924 4307 ἀσεϐῶν
2951 4254 3029 4315 εἰς
3058 4251 3155 4320 τὴν
3179 4248 3472 4302 ὑπόστασιν

1893 4353 1987 4406 τοῦ
2019 4350 2224 4422 Κυρίου
2257 4345 2416 4418 ἡμῶν
2458 4343 2630 4415 Ἰησοῦ
2658 4341 2894 4414 Χριστοῦ
2915 4380 2928 4405 ,
2971 4339 3066 4392 καὶ
3106 4336 3260 4406 ψιλὸν
3311 4335 3472 4389 αὑτὸν

201 4425 451 4522 ελθόντα,
474 4425 644 4511 ’πάλιν
693 4425 752 4510 δὲ
787 4458 866 4520 εἰς
1040 4456 1163 4510 ὅθεν
1201 4455 1420 4528 ἐξῆλθεν
1460 4425 1794 4528 ἐπαναστρέ-
1825 4463 1868 4519 ι)
1896 4444 2256 4517 ἐξηγούμενος
2282 4438 2458 4506 λόγον.
2483 4434 2692 4488 ἐκεῖθεν
2718 4428 3154 4504 προφασίσασθαι
3176 4425 3472 4528 τάξάρχὰς

204 4549 416 4621 ψαντα,
464 4545 588 4601 οῦτε
631 4547 736 4618 πρὸ
770 4546 868 4616 τῆς
915 4544 1094 4610 ἐξόδου
1135 4540 1312 4610 εἶναι,
1352 4543 1477 4597 οὔτε
1517 4544 1653 4616 μετά
1692 4544 1791 4615 τὴν

205 4639 466 4695 ἐπάνοδον
512 4639 826 4707 ὑφεστάναι.
877 4637 988 4690 Καὶ
1027 4635 1216 4688 τούτου
1264 4635 1538 4702 ἀπόδειξις
1575 4636 1630 4687 αἱ
1663 4650 1791 4704 παρ’

202 4737 338 4806 ἡμῖν
368 4732 728 4802 ἀποκείμεναι
780 4729 952 4800 βίϐλοι
1008 4729 1106 4798 τῆς
1148 4727 1337 4789 ἀδίκου
1390 4727 1605 4798 ἐκείνης
1659 4743 1793 4796 συγ-

201 4826 423 4898 γραφῆς
445 4825 797 4896 ὑπάρχουσιν.
817 4821 958 4874 Ἀλλ’
989 4821 1142 4891 ὅμως
1172 4819 1363 4873 τοῦτον
1394 4819 1648 4890 οὐδαμῶς
1680 4818 1794 4872 δια-

203 4918 495 4980 ϐάλλοντες
519 4916 815 4986 ἐφάνησαν,
841 4915 935 4968 καὶ
962 4911 1135 4966 ταῦτα
1166 4913 1344 4966 αἰτίαν
1368 4913 1598 4984 ἔχοντες,
1632 4911 1708 4974 ὡς
1733 4910 1795 4963 τὸ
1819 4927 1845 4951 ο

202 5009 264 5077 ἐξ
308 5009 485 5080 ἀρχῆς
523 5009 643 5061 κατ’
686 5007 908 5074 ἄγνοιαν
947 5005 1048 5076 τῆς
1087 5004 1342 5075 ἀληθείας
1382 5007 1460 5068 είς
1512 5001 1794 5057 κοινωνίαν

206 5103 374 5158 αὑτὸν
404 5097 863 5174 ἐκκλησιαστικὴν
885 5098 1341 5170 παραδεξάμενοι.
1387 5097 1440 5150 Id
1468 5103 1553 5152 est
1589 5115 1600 5150 :
1634 5095 1794 5162 Quaa-

207 5200 348 5252 ritur
381 5205 556 5249 autem
605 5193 688 5247 hic
729 5212 762 5249 a
810 5193 1080 5248 nonnullis
1138 5202 1197 5244 ut
1248 5189 1620 5248 necessarium,
1654 5187 1793 5258 quod

205 5287 392 5342 itidem
420 5285 568 5339 nobis
622 5283 861 5347 videtur;
906 5291 964 5336 ut
997 5280 1242 5334 Marcelli
1282 5279 1506 5334 hwresin
1540 5277 1642 5341 illi,
1676 5287 1796 5330 tan--

207 5394 370 5449 quam
422 5377 622 5429 malam
659 5385 708 5430 et
767 5375 1003 5439 noxiam,
1051 5382 1102 5427 et
1148 5389 1182 5426 a
1225 5387 1357 5426 sana
1416 5369 1521 5440 ﬁde
1565 5368 1794 5422 alienam

207 5449 866 5532 exlerminentdQuoniam
900 5465 967 5519 ad
999 5467 1094 5519 hoc
1123 5482 1285 5536 usque
1316 5475 1514 5532 tempus
1547 5465 1600 5517 in
1623 5463 1794 5518 omni-

209 5563 307 5615 bus
338 5576 472 5632 quas
512 5559 746 5614 scribunt
787 5558 979 5612 litteris
1017 5557 1397 5612 exsecrandum
1428 5555 1635 5618 Arium,
1673 5571 1793 5608 sur-

208 5668 329 5706 sum
367 5668 430 5704 ac
459 5651 704 5705 deorsum
739 5657 1004 5704 versantes
1039 5648 1510 5711 anatltematizare,
1552 5654 1706 5714 atque
1729 5660 1794 5698 ex

211 5742 465 5800 Ecclesiis
495 5742 770 5799 eliminare
802 5758 904 5798 non
933 5747 1173 5803 cessant;
1199 5735 1250 5792 Μ
1261 5733 1514 5792 arcellum
1540 5749 1681 5802 vero,
1705 5733 1794 5802 qui

1894 4535 2194 4606 εἰληφέναι,
2239 4530 2332 4584 τοῦ
2376 4527 2661 4600 ὁμοουσίου
2713 4525 2811 4590 τὴν
2859 4523 3094 4576 διάνοιαν
3152 4517 3335 4582 κακῶς
3387 4517 3474 4583 ἐξ-

1894 4629 2216 4701 ηγούμενος.
2247 4623 2361 4677 Hoc
2391 4631 2474 4677 est
2507 4637 2520 4674 :
2563 4619 2697 4675 Sunt
2725 4618 2863 4672 enim
2907 4613 3122 4685 quidam
3165 4614 3254 4683 qui
3289 4613 3345 4666 in
3375 4612 3474 4666 hac

1895 4721 2001 4790 ﬁde
2035 4715 2313 4791 [Νῦσανηαῖ
2339 4728 2628 4769 sermonem
2657 4709 2893 4763 veritatis
2923 4706 3045 4760 dolo
3077 4705 3394 4768 adullerent,
3421 4712 3474 4758 et

1896 4813 1964 4866 ad
2013 4812 2219 4866 libitum
2281 4821 2436 4860 suum
2501 4803 2775 4857 uerborum
2836 4808 3058 4852 mentem
3111 4797 3470 4867 detorqueant.

1896 4898 2338 4972 Quandoquidem
2388 4905 2437 4950 et
2487 4893 2796 4957 Marcellus,
2837 4891 2901 4945 de
2947 4889 3218 4960 Iaypostasi
3263 4888 3472 4942 Domini

1895 4995 2064 5050 nostri
2089 4993 2218 5047 Jesu
2268 4989 2470 5045 Christi
2507 4989 2662 5058 impie
2693 4986 2939 5049 sentiens,
2977 4999 3038 5036 ac
3079 4982 3276 5036 nudum
3319 4979 3473 5033 illum

1896 5102 2196 5156 merumque
2230 5083 2439 5139 uerbum
2465 5098 2576 5137 esse
2603 5094 2884 5149 exponens,
2932 5075 3080 5128 illinc
3112 5089 3272 5126 ausus
3307 5079 3385 5125 est
3417 5086 3475 5124 ss

1897 5199 2087 5236 causas
2131 5180 2415 5247 impietatis
2456 5175 2741 5244 sumpsisse
2783 5180 3087 5239 prmtexere,
3113 5161 3475 5219 Consubstan-

1900 5274 2044 5329 tialis
2072 5288 2227 5327 sensu
2252 5285 2522 5340 perperam
2552 5265 2806 5337 exposito.
2841 5261 2967 5316 Haec
2999 5257 3234 5314 Basilius
3264 5256 3332 5311 de
3361 5255 3474 5311 hat-

1898 5365 2006 5425 resi
2051 5362 2307 5417 Marcello
2349 5360 2606 5429 ascripta.

2393 5459 2479 5508 Ill.
2506 5458 2632 5518 Quid
2655 5454 2972 5518 Epiphanius.

1968 5542 2305 5616 Epiphanius
2328 5557 2457 5596 vero
2477 5542 2531 5594 in
2573 5537 2831 5603 Panario,
2870 5535 3062 5591 haeresi
3091 5549 3262 5599 um,
3297 5548 3473 5604 pauca

1898 5640 1966 5696 de
2001 5638 2238 5692 Marcelli
2281 5633 2472 5690 haeresi
2522 5632 2705 5696 ell‘ert,
2738 5627 3124 5700 aitque-solum
3156 5626 3334 5698 ipsum
3367 5623 3470 5680 Sa-

1899 5730 2229 5789 bellianismi
2280 5732 2596 5785 accusatum
2649 5723 2838 5790 fuisse,
2892 5720 3122 5792 ejusque
3169 5715 3470 5790 discipulbs
