3792 6150
362 308 500 366 1283

1594 306 1682 361 DE
1721 305 1880 361 VlTA
1924 305 2010 362 ET
2053 305 2375 364 SCRIPTIS‘

3485 305 3624 364 1284

354 436 470 482 tren
499 424 820 496 hypostases
856 423 1101 479 confiteri
1139 423 1384 478 noluisse
1419 444 1431 479 :
1465 440 1652 480 verum
1686 425 1779 479 illo
1809 434 1946 480 tem-
1973 432 2020 487 Α
2052 427 2242 491 fuisse,
2269 426 2456 482 Jesum
2490 424 2772 482 Christum
2807 433 3083 492 vocatum,
3111 441 3407 498 regemque
3438 429 3622 498 appel-

356 532 490 589 pore
517 517 746 572 liberum
769 525 885 572 erat
917 516 998 572 eis
1026 516 1112 570 vel
1139 523 1252 572 tres
1277 517 1359 570 vel
1399 531 1564 570 unam
1603 527 1813 570 tantum
1850 519 1947 590 hy-

357 611 606 680 postasin
657 609 931 675 conﬁteri,
978 609 1104 663 dum
1135 617 1343 663 rectam
1375 616 1660 672 servarent
1689 618 1944 664 mentem.

2051 519 2242 586 latum,
2273 519 2402 574 item
2434 518 2725 590 imaginem
2757 516 2852 574 Dei
2902 519 3193 576 invisibilis
3213 563 3226 587 ,
3260 529 3316 575 et
3349 521 3622 592 primoge-

2049 613 2222 665 nitum
2250 613 2430 666 omnis
2458 620 2744 675 creaturae,
2789 612 2924 666 nihil
2977 621 3158 669 autem
3218 613 3415 668 borum
3471 614 3623 685 prius

356 701 492 755 Nam
527 702 622 772 qui
669 702 935 757 Catholici
985 719 1149 756 unam
1195 702 1515 774 hypostasin
1551 711 1761 756 tantum
1802 719 1949 760 asse-
2047 702 2351 768 exstitisse,
2383 721 2447 759 ac
2483 717 2609 776 post
2631 704 2902 774 judicium
2929 705 3044 762 haec
3075 706 3257 762 omnia
3287 709 3622 764 amissurum

356 794 589 853 rebant.
632 795 994 867 bypostaseos
1056 795 1275 850 nomine
1329 796 1690 850 substantiam
1735 796 1945 850 indica-

357 888 509 950 bant,
539 902 703 957 quam
729 903 892 942 unam
931 887 986 940 in
1018 885 1127 940 Deo
1158 901 1280 941 esse
1314 895 1521 941 certum
1544 898 1628 942 est
1664 907 1676 942 :
1705 888 1796 957 qui
1831 895 1944 944 tres

355 980 680 1052 hypostases
709 979 1107 1050 profitebantur
1131 1021 1143 1041 ,
1169 978 1256 1034 bis
1283 996 1390 1034 non
1419 981 1784 1036 substantiam
1803 1025 1817 1048 ,
1845 983 1941 1039 sed

356 1072 626 1141 cujusque
651 1086 901 1141 personae
920 1071 1331 1127 subsistentiam
1355 1073 1759 1144 intelligebant:
1780 1086 1942 1146 atque

358 1159 435 1212 ita
470 1161 546 1214 illi
580 1162 746 1215 verbo
791 1167 1170 1218 tantumtenus
1199 1163 1615 1219 dissentiebant.
1650 1166 1781 1231 Quae
1812 1184 1940 1222 vero

355 1249 678 1323 Fragmenta
739 1253 923 1309 Acacii
973 1256 1328 1311 Ctesariensis
1382 1264 1573 1312 contra
1625 1258 1938 1314 Marcellum

352 1343 510 1398 alTert
538 1343 900 1415 Epiphanius,
945 1363 1008 1402 ea
1037 1349 1220 1402 onmia
1264 1365 1362 1404 ceu
1393 1353 1776 1420 compendium
1811 1361 1938 1407 sunt

353 1433 580 1492 fusioris
604 1439 824 1494 Eusebii
853 1438 1209 1496 Caesariensis
1257 1451 1449 1496 contra
1491 1441 1800 1500 Marcellum
1823 1453 1938 1499 tra-

351 1528 634 1593 ctationis,
662 1529 728 1585 de
749 1546 1009 1617 quaomox
1033 1545 1278 1601 agemus.

813 1636 894 1686 IV.
927 1638 1052 1696 Quid
1083 1639 1472 1700 Cbrysostomus.

422 1716 664 1775 Joannes
716 1721 1142 1792 Chrysostomus
1187 1723 1242 1778 in
1285 1722 1383 1792 Ep.
1421 1723 1492 1777 ad
1537 1723 1698 1778 Hebr.
1761 1739 1812 1778 c.
1878 1742 1930 1787 ι,

351 1809 666 1866 Marcellum
723 1814 906 1884 culpat
963 1817 1109 1884 quod
1172 1815 1404 1883 dixerit,
1457 1818 1682 1872 verbum
1744 1819 1934 1872 ἐνυπό-

351 1919 563 1967 στατον,
589 1903 734 1974 quod
759 1906 831 1959 ita
863 1907 1156 1978 intelligas,
1179 1910 1335 1978 quasi
1364 1909 1609 1986 ejuosdem
1636 1926 1743 1965 non
1772 1911 1934 1966 modo

349 1997 690 2063 substantiae,
720 1998 814 2052 sed
848 2001 1013 2053 etiam
1056 2001 1366 2072 hypostasis
1409 2003 1481 2056 sit
1532 2015 1699 2074 atque
1733 2002 1930 2058 Pater:

347 2087 601 2143 eumdem
643 2105 773 2144 vero
819 2089 1130 2146 Marcellum
1155 2134 1168 2154 ,
1207 2095 1366 2165 quasi
1408 2089 1648 2161 Photiui,
1687 2096 1932 2159 Sabellij,

347 2178 502 2234 Pauli
554 2182 897 2239 Samosateni
948 2185 1224 2256 ὁμόφρονα
1266 2203 1371 2242 non
1411 2190 1579 2243 semel
1633 2191 1936 2245 insectatur

346 2273 572 2340 ibidem,
609 2289 673 2330 ac
703 2291 828 2331 cum
862 2277 1242 2332 baireticoruut
1268 2281 1526 2350 pessimis
1555 2290 1859 2338 enumerat.

815 2414 820 2419 .
837 2378 895 2429 V.
926 2378 1052 2439 Quid
1080 2379 1439 2431 Tbeodoretus.

417 2457 797 2516 Tbeodoretus
836 2461 931 2517 lib.
986 2478 1024 2516 ll
1080 2461 1471 2518 llwreticarum
1518 2465 1826 2552 fabularum
1865 2464 1932 2520 de

345 2548 601 2606 Marcello
676 2552 791 2606 hac
843 2552 1007 2607 habet
1051 2573 1064 2607 ε
1125 2555 1442 2626 Μάρκελλος
1497 2548 1562 2609 δέ
1602 2558 1630 2609 ό
1685 2555 1932 2626 Γαλάτης

343 2642 520 2714 τούτῳ
557 2644 655 2713 μὲν
700 2645 1098 2715 παραπλησίως
1149 2645 1359 2718 ¹ἠρνήθη
1416 2647 1526 2699 τῶν
1580 2648 1930 2701 ὑποστάσεων

343 2736 442 2806 τὴν
472 2737 664 2808 τριάδα
684 2754 697 2768 '
734 2737 954 2790 ἔκτασιν
979 2737 1036 2790 δέ
1063 2756 1181 2790 τινα
1203 2743 1298 2809 τῆς
1321 2739 1413 2792 τοῦ
1443 2740 1653 2810 Πατρὸς
1679 2739 1930 2810 θεότητος

344 2827 545 2897 ἔφησεν
580 2828 658 2890 είς
680 2828 769 2880 τὸν
792 2828 1025 2900 Χριστὸν
1057 2829 1392 2901 ἐληλυθέναι,
1429 2832 1523 2883 καὶ
1561 2827 1765 2901 ταύτην
1796 2829 1929 2884 Θεὸν

343 2919 516 2987 Λόγον
562 2920 787 2973 ἐκάλεσε
811 2937 826 2952 ο
859 2921 998 2991 μετὰ
1039 2921 1094 2974 δὲ
1137 2923 1235 2993 τὴν
1277 2921 1572 2992 σύμπασαν
1617 2923 1928 2992 οἰκονομίαν

343 3011 505 3066 πάλιν
536 3012 972 3085 ἀνασπασθῆναι,
1006 3015 1098 3068 καὶ
1138 3015 1467 3086 συσταλῆναι
1497 3017 1633 3088 πρὸς
1657 3014 1746 3071 τὸν
1773 3016 1924 3082 Θεὸν,

2045 810 2203 860 esse;
2265 795 2555 866 ipsumque
2589 796 2795 851 nudum
2825 813 2950 853 esse
2982 796 3219 854 Verbum
3267 799 3515 854 humano
3545 798 3623 854 si-

2045 886 2171 940 mile
2210 888 2286 954 (.p.
2323 886 2432 956 l9),
2466 902 2572 941 non
2611 896 2792 941 autem
2822 887 3019 943 Filium
3052 905 3174 946 esse
3201 889 3296 946 Dei
3347 892 3533 946 vivum
3572 898 3625 946 et

2044 979 2474 1044 subsistentem;
2521 996 2628 1033 non
2661 980 2827 1035 fuisse
2863 980 2956 1035 Dei
3001 982 3291 1052 imaginem
3322 992 3623 1053 antequam

2043 1070 2207 1125 homo
2240 1073 2425 1134 lieret;
2479 1073 2826 1127 existentiam
2859 1071 3092 1145 ὕπαρξιν
3123 1082 3177 1129 et
3206 1075 3510 1129 ὑπόστασιν
3538 1068 3625 1130 Fi-

2043 1160 2098 1213 lii
2129 1160 2222 1216 Dei
2258 1162 2448 1216 tollere
2475 1161 2789 1218 Marcellum
2829 1165 2906 1218 ait
2936 1175 3010 1235 (p.
3044 1166 3132 1228 35,
3165 1167 3253 1232 35,
3288 1168 3404 1237 56),
3438 1185 3506 1223 ac
3539 1169 3624 1222 di-

2040 1268 2166 1308 cere
2206 1254 2383 1324 ipsum
2420 1253 2590 1311 fuisse
2638 1256 2842 1311 nudum
2881 1259 3225 1314 solummodo
3279 1261 3511 1315 verbum
3555 1262 3623 1316 ad

2035 1345 2191 1414 jussa
2219 1347 2604 1416 exsequenda;
2648 1347 2965 1404 Marcellum
3017 1351 3146 1406 item
3191 1351 3282 1422 qui
3333 1352 3394 1406 in
3431 1352 3626 1408 Sabelh

2041 1439 2171 1492 lium
2205 1439 2502 1504 invehitur,
2533 1439 2772 1495 Sabellio
2805 1442 2958 1511 paria
2987 1443 3220 1508 sentire,
3271 1445 3365 1514 qui
3398 1443 3622 1499 Patrem

2037 1538 2091 1585 et
2147 1528 2386 1585 Verbum
2442 1547 2612 1586 unum
2655 1547 2778 1586 esse
2821 1533 3004 1599 dicat;
3047 1535 3336 1606 ipsumque
3373 1538 3453 1606 (p.
3495 1537 3619 1601 167,

2039 1621 2164 1685 174)
2193 1629 2305 1679 tres
2357 1623 2683 1688 ὑπόστάσεις
2723 1640 2920 1695 negare
2946 1665 2961 1690 ,
3010 1636 3065 1681 et
3105 1643 3269 1682 unam
3320 1628 3623 1683 ὑπόστασιν

2036 1712 2452 1783 τριπρόσωπον,
2506 1714 2598 1767 καὶ
2643 1713 3004 1786 τρισώνυμον,
3041 1716 3094 1770 id
3135 1727 3219 1774 est
3251 1719 3620 1774 substantiam

2039 1803 2477 1872 tripersonalem,
2505 1813 2560 1860 et
2589 1806 2937 1861 trinominem
2963 1808 3165 1865 dicere.
3193 1808 3318 1865 Haec
3343 1812 3621 1882 praecipue

2037 1895 2093 1949 in
2127 1895 2365 1950 Marcelli
2414 1897 2551 1951 libro
2605 1899 2788 1969 culpat
2819 1900 3086 1957 Eusebius
3117 1920 3130 1956 :
3160 1903 3251 1956 ubi
3307 1906 3579 1960 nonnulla
3604 1945 3620 1970 ,

2037 1987 2265 2058 ipsaque
2293 1990 2610 2044 orthodoxa:
2633 1995 2914 2046 sententia:
2929 1994 3111 2058 verba,
3139 2005 3322 2064 utp0te
3350 1997 3619 2062 Arianus,

2035 2085 2296 2149 tanquam
2345 2080 2600 2136 haeretica
2653 2084 2831 2153 carpit
2865 2094 2916 2138 et
2969 2085 3249 2154 confutat;
3295 2087 3403 2142 alia
3451 2105 3618 2154 vero,

2035 2187 2156 2242 quae
2186 2187 2316 2228 sane
2352 2182 2410 2228 ut
2449 2190 2678 2230 erronea
2713 2177 2879 2246 probe
2910 2178 3387 2248 reprehenduntur
3410 2221 3426 2245 ,
3469 2181 3618 2237 baud

2033 2265 2107 2319 ita
2131 2266 2278 2320 clare
2306 2266 2360 2319 in
2390 2266 2631 2321 Marcelli
2665 2267 2801 2324 locis
2852 2270 3230 2336 enuntiantur,
3265 2279 3324 2326 ut
3381 2272 3616 2329 inferius

2031 2357 2340 2425 videbitur;
2376 2358 2450 2412 ita
2477 2366 2536 2420 ut
2557 2375 2677 2430 quae
2700 2361 2905 2416 diserte
2933 2371 2986 2416 et
3021 2362 3167 2416 nulla
3200 2363 3432 2434 ambage
3473 2364 3615 2434 apud

2032 2446 2293 2504 Basilium
2321 2457 2375 2504 et
2393 2449 2798 2506 Theodoretum
2825 2451 3045 2508 eil‘ertur
3068 2453 3308 2510 Marcelli
3341 2455 3576 2512 haeresis
3595 2498 3611 2522 ,

2032 2541 2170 2594 adeo
2203 2541 2460 2611 perplexe
2485 2542 2627 2612 apud
2657 2541 2955 2598 Eusebium
2987 2545 3188 2616 jaceat,
3223 2553 3282 2599 ut
3306 2545 3363 2600 in
3397 2557 3611 2602 utram-

2030 2632 2112 2687 vis
2139 2642 2343 2703 partem
2374 2633 2533 2690 facile
2553 2635 2830 2690 deﬂectas.

2341 2733 2444 2786 VII.
2473 2737 2670 2788 Summa
2692 2737 3018 2789 Marcellianae
3040 2739 3290 2789 doctrinae.

2099 2813 2174 2870 Ex
2207 2816 2389 2871 allatis
2426 2832 2592 2888 porro
2625 2821 2957 2876 testimoniis
2990 2818 3353 2876 Marcelliante
3379 2830 3605 2879 senten-

2027 2909 2117 2963 tim
2149 2923 2418 2964 summam
2458 2910 2683 2966 duxeris
2715 2930 2730 2967 ε
2773 2910 2926 2968 Unus
2956 2913 3024 2966 ab
3055 2920 3262 2968 aeterno
3292 2913 3438 2972 Deus
3463 2919 3608 2972 exsi-

2028 3000 2163 3056 stit:
2223 3000 2384 3070 cujus
2423 2999 2598 3070 λόγος,
2659 3017 2754 3058 seu
2803 3003 2983 3069 ratio,
3042 3012 3136 3058 aut
3164 3006 3392 3061 verbum
3419 3049 3436 3072 ,
3479 3024 3606 3064 nam

341 3105 404 3196 ES
430 3099 599 3174 οὗπερ
623 3103 847 3176 ἐξετάθη
867 3123 884 3136 υ
915 3106 976 3158 τὸ
1010 3105 1066 3158 δὲ
1096 3106 1610 3184 πανάγιονᾸΙνεὺμα
1643 3107 1909 3178 παρέκτα-

2075 3101 2261 3164 troque
2295 3092 2456 3148 modo
2477 3096 2805 3164 exprimitur
2825 3137 2840 3160 ,
2875 3098 3081 3167 pariter
3124 3108 3412 3164 aeternum,
3436 3117 3606 3157 unum

345 3214 430 3249 σιν
452 3196 552 3265 τῆς
580 3197 854 3261 ἐκτάσεως
885 3198 1051 3266 λέγει,
1091 3197 1183 3252 καὶ
1219 3199 1422 3270 ταύτην
1459 3199 1567 3263 τοῖς
1587 3199 1925 3262 οάποστόλοις

343 3288 775 3358 παρασχεθῆθαι.
821 3288 932 3342 Καὶ
956 3289 1291 3354 ἁπαξαπλῶς
1321 3289 1552 3343 ὑπέθετο
1587 3291 1793 3361 Τριάδα
1828 3292 1922 3342 ὲκ-

341 3377 656 3448 τεινομένην
689 3377 782 3430 καὶ
827 3375 1250 3449 συστελλομένην
1289 3378 1430 3431 κατὰ
1457 3377 1747 3450 διαφόρους
1777 3378 1923 3429 οἱκο-

342 3469 557 3539 νομίας.
596 3468 649 3524 ld
680 3477 800 3524 est:
832 3467 1122 3524 Marcellus
1147 3478 1320 3524 autem
1341 3467 1558 3532 Galata,
1583 3464 1829 3522 similiter
1866 3476 1926 3521 ut

342 3559 453 3621 ille,
505 3561 706 3630 negavit
750 3560 1111 3629 ltypostasium
1176 3560 1488 3613 trinitatem.
1549 3553 1924 3613 Extensionem

341 3665 464 3703 vero
503 3650 788 3721 quamdam
843 3652 1058 3705 deitatis
1109 3650 1292 3705 Patris
1336 3653 1388 3704 in
1422 3649 1692 3706 Christum
1726 3653 1925 3706 venisse

341 3740 499 3808 dixit,
525 3754 572 3797 et
597 3744 730 3797 hanc
762 3744 927 3798 Deum
966 3744 1184 3799 Verbum
1223 3745 1502 3814 appellavit
1533 3761 1551 3798 :
1583 3756 1797 3810 peracta
1826 3763 1924 3799 au-

347 3843 448 3888 tem
487 3836 729 3889 universa
768 3837 1075 3899 azconomia,
1106 3851 1320 3889 rursum
1360 3843 1647 3890 attraclam
1677 3854 1809 3900 esse,
1851 3851 1925 3892 re-

343 3942 647 3996 versumque
671 3927 738 3980 ad
770 3926 960 3990 Deum,
993 3944 1057 3981 ex
1091 3945 1193 3998 quo
1222 3937 1440 3982 extensa
1483 3927 1606 3998 fuit.
1659 3927 1923 3996 Spiritum

346 4034 465 4072 vero
517 4029 761 4072 sane/um
822 4019 1131 4073 ulteriorem
1199 4021 1550 4074 extensione":
1601 4022 1921 4074 extensionis

347 4126 482 4171 esse,
513 4119 564 4162 et
598 4111 734 4162 hanc
774 4110 1028 4178 apostolis
1058 4111 1242 4164 datam
1291 4111 1455 4180 fuisse
1497 4111 1785 4166 secundum
1836 4113 1923 4166 di-

348 4220 523 4258 versas
552 4206 886 4258 ceconomias.

700 4309 781 4358 Vl.
809 4309 935 4368 Quid
961 4309 1202 4358 Eusebius
1231 4309 1562 4359 Caesariensis.

409 4394 528 4449 Jam
579 4410 645 4449 ex
700 4393 937 4448 Eusebio
993 4393 1150 4463 ipso,
1199 4393 1291 4462 qui
1349 4403 1540 4447 contra
1605 4392 1918 4448 Marcellum

2027 3192 2112 3239 est
2140 3199 2263 3239 cum
2299 3183 2407 3240 Deo
2453 3186 2572 3257 ipso
2611 3187 2770 3260 οὐσίᾳ
2811 3189 2906 3242 καὶ
2936 3173 3262 3255 ὑποστάσει,
3299 3193 3609 3249 substantia

2025 3287 2081 3332 et
2113 3277 2417 3348 hypostasi,
2447 3279 2522 3333 ita
2555 3287 2614 3333 ut
2641 3281 2789 3334 nulla
2817 3283 2887 3335 sit
2917 3282 3060 3336 inter
3086 3291 3381 3355 utrumque
3407 3286 3610 3341 distin-

2026 3371 2138 3425 ctio
2177 3390 2190 3426 :
2223 3381 2419 3442 estque
2449 3373 2674 3428 verbum
2717 3373 2918 3440 silens,
2958 3373 3258 3440 internum,
3288 3377 3406 3433 sive
3433 3379 3609 3434 ἐνδιά-

2026 3461 2198 3516 θετον.
2258 3462 2493 3532 Spiritus
2542 3461 2668 3515 item
2723 3472 2953 3517 sanctus
3006 3465 3061 3518 in
3110 3464 3220 3521 Deo
3277 3467 3344 3521 ab
3398 3478 3608 3524 εισι-ιω

2025 3555 2148 3618 fuit,
2187 3555 2334 3609 nulla
2367 3555 2619 3611 similiter
2647 3555 2753 3610 nisi
2787 3555 3029 3612 nominis
3062 3565 3116 3611 et
3140 3559 3374 3614 rationis
3401 3560 3608 3615 distin-

2025 3649 2226 3704 ctione.
2259 3648 2395 3704 Cum
2427 3656 2611 3704 autem
2639 3647 2782 3703 Deus
2805 3659 3063 3718 operatur
3087 3658 3141 3705 et
3183 3651 3449 3722 loquitur,
3475 3651 3606 3708 tunc

2025 3739 2266 3795 Verbum
2293 3755 2392 3795 ceu
2423 3739 2672 3809 qua-dam
2703 3739 2950 3803 emissio,
2980 3742 3228 3796 extensio
3260 3751 3315 3797 et
3352 3743 3609 3799 dilatatio

2025 3831 2247 3886 deitatis
2279 3833 2484 3902 prodit,
2515 3842 2567 3886 et
2602 3839 2724 3902 post
2756 3839 2968 3902 gestum
3018 3847 3156 3903 Opus
3207 3833 3273 3888 ad
3307 3833 3473 3890 Deum
3525 3853 3610 3893 re-

2024 3924 2285 3987 vertitur,
2324 3931 2378 3978 et
2408 3923 2464 3977 in
2495 3923 2729 3992 pristina
2777 3923 3092 3978 conditione
3139 3933 3341 3980 manet.
3394 3925 3609 3982 Pariter

2023 4017 2286 4071 emissum
2312 4014 2414 4069 fuit
2444 4013 2708 4078 Verbum,
2738 4021 2798 4068 ut
2827 4029 3046 4069 carnem
3069 4024 3375 4071 assumeret
3404 4036 3418 4084 ;
3446 4030 3608 4074 tunc-

2023 4126 2131 4181 que
2155 4109 2326 4163 Filius
2355 4108 2448 4163 Dei
2491 4107 2745 4163 effectum
2799 4117 2886 4164 est
2912 4150 2927 4176 ,
2971 4124 3064 4165 rex
3117 4111 3268 4174 item,
3300 4111 3564 4170 Christus
3588 4156 3603 4178 ,

2023 4203 2202 4272 imago
2237 4199 2333 4255 Dei
2364 4201 2660 4256 invisibilis
2682 4242 2696 4266 ,
2733 4209 2788 4255 et
2818 4201 3212 4270 primogenitus
3249 4205 3434 4261 omnis
3455 4221 3608 4261 crea-

2021 4305 2178 4362 turae,
2201 4310 2326 4350 cum
2358 4306 2516 4350 antea
2541 4294 2675 4348 nihil
2711 4309 2897 4349 eorum
2929 4293 3154 4349 fuisset:
3194 4311 3259 4350 ac
3295 4308 3424 4367 post
3452 4300 3607 4370 judi-

2024 4371 2170 4442 cium
2201 4389 2318 4441 haec
2349 4386 2534 4441 omnia
2563 4386 2917 4450 amissurum,
2949 4395 3112 4455 atque
3144 4394 3203 4441 ut
3249 4391 3405 4458 prius
3431 4407 3603 4448 unum

340 4488 581 4557 scripsit,
619 4487 737 4539 loca
772 4485 1065 4541 aﬂ‘eramus
1099 4484 1164 4539 ad
1196 4484 1596 4538 Marcellianam
1638 4486 1783 4538 illam
1809 4485 1909 4539 INB-

2075 4497 2146 4534 im
2181 4479 2339 4534 Patre
2371 4479 2614 4532 futurum
2650 4485 2755 4533 est.
2798 4477 2868 4532 Ut
2899 4489 3077 4534 autem
3108 4478 3350 4536 Verbum
3383 4492 3470 4539 est
3507 4501 3604 4540 ex-

340 4585 489 4636 resin
526 4581 931 4651 intelligendam
957 4587 1285 4649 opportuna.
1317 4577 1405 4632 Ait
1436 4580 1618 4649 itaque
1650 4579 1725 4648 (p.
1755 4578 1912 4648 4,5‘)

340 4668 481 4724 hanc
509 4685 630 4724 esse
662 4668 899 4721 Marcelli
931 4669 1267 4738 opinionem,
1292 4667 1530 4722 Verbum
1564 4668 1754 4728 silens.
1788 4677 1915 4722 ante

339 4762 692 4822 creationem,
729 4763 780 4814 in
814 4759 975 4815 Patre
1012 4760 1201 4825 fuisse,
1237 4776 1406 4814 unum
1433 4776 1556 4815 cum
1583 4759 1694 4815 Deo
1730 4759 1910 4826 Patre,

339 4854 766 4920 sempiternum,
832 4851 1034 4915 ἀΐδιον,
1090 4866 1197 4905 non
1229 4852 1496 4922 genitum,
1540 4853 1610 4904 ita
1645 4859 1704 4904 ut
1753 4850 1915 4906 Pater

336 4944 554 5012 quidem
593 4952 645 4998 et
681 4942 852 4998 Filius
904 4942 1140 4998 diversis
1200 4943 1517 4998 nominibus
1569 4943 1908 5010 ellerantur;

338 5037 433 5090 sed
471 5053 636 5090 unum
665 5044 846 5088 tamen
879 5035 990 5090 sint
1017 5035 1256 5089 essentia
1298 5043 1351 5089 et
1380 5035 1660 5104 hypostasi
1685 5073 1700 5099 ,
1753 5035 1912 5107 οὐσίᾳ

335 5128 394 5180 δὲ
427 5131 519 5182 καὶ
557 5129 851 5182 ὑποστάσει
907 5127 965 5180 ἓν
1023 5128 1186 5190 ὄντα,
1241 5127 1320 5181 uti
1359 5125 1629 5182 Sabellius
1682 5126 1910 5181 docuit:

339 5219 574 5275 Verbum
611 5221 736 5274 item
787 5227 914 5273 ante
959 5221 1311 5274 emissionem
1360 5235 1480 5274 esse
1515 5219 1696 5273 simile
1746 5221 1913 5274 verbo

336 5323 529 5368 nostro
577 5313 790 5375 silenti,
847 5313 1032 5384 ὅμοιον
1051 5311 1128 5382 τῷ
1157 5315 1214 5366 ὲν
1264 5313 1394 5384 ἡμῖν
1445 5311 1753 5364 σιωπῶντι·
1787 5327 1912 5365 cum

335 5406 605 5459 emittitur
637 5420 765 5460 vero
794 5404 860 5459 ad
897 5406 1301 5475 operationem,
1351 5420 1473 5459 esse
1517 5404 1695 5460 simile
1744 5405 1911 5458 verbo

336 5504 549 5557 nostro,
585 5511 709 5549 cum
742 5497 1034 5565 loquimur.
1085 5495 1219 5550 Illud
1269 5497 1343 5566 (p.
1386 5495 1442 5563 6)
1471 5509 1634 5564 porro
1670 5493 1910 5550 Verbum

335 5600 459 5639 cum
491 5602 711 5641 carnem
757 5589 1075 5658 assumpsit,
1130 5595 1260 5643 tunc
1300 5587 1495 5642 Filium
1552 5586 1642 5642 Dei
1706 5585 1909 5640 factum

2020 4572 2197 4626 tensio
2224 4579 2278 4625 et
2317 4569 2570 4624 dilatatio
2632 4569 2766 4634 Dei,
2821 4571 2902 4625 sic
2955 4578 3011 4626 et
3064 4571 3305 4642 Spiritus
3370 4587 3603 4632 sanctus

2021 4664 2252 4718 ulterior
2278 4664 2527 4717 extensio
2575 4671 2629 4715 et
2674 4662 2924 4718 dilatatio
2953 4671 3036 4718 est
3061 4705 3076 4729 ,
3127 4665 3473 4736 παρέκστασις
3506 4672 3603 4742 τῆς

2019 4758 2327 4822 ὲκτάσεως;
2365 4757 2458 4826 qui
2495 4757 2698 4826 pariter
2737 4771 2765 4808 a
2804 4756 2912 4810 Deo
2941 4757 3210 4812 emittitur
3238 4767 3293 4814 et
3325 4761 3396 4814 ad
3432 4761 3600 4818 Deum

1993 4850 2313 4925 .revcrtitur
2361 4861 2420 4902 ut
2448 4847 2685 4902 Verbum
2716 4888 2730 4910 ,
2771 4863 3026 4917 unusque
3071 4857 3156 4904 est
3201 4865 3328 4904 cum
3381 4850 3496 4908 Deo
3551 4863 3601 4909 et

2020 4932 2199 4995 Verbo
2229 4940 2348 4994 sine
2376 4939 2485 4992 ulla
2517 4937 2889 4991 distinctione.
2932 4935 3060 4990 Haec
3109 4935 3347 4993 Marcelli
3377 4952 3602 4995 senten-

2016 5033 2094 5087 tia
2120 5042 2226 5096 est,
2261 5030 2559 5088 secundum
2595 5030 2817 5084 Eusebii
2850 5029 3271 5099 explicationem
3298 5070 3313 5094 ,
3353 5032 3471 5094 cui,
3506 5033 3599 5089 sed

2018 5141 2127 5181 non
2162 5127 2234 5179 ita
2265 5125 2431 5189 clare,
2470 5123 2840 5194 astipulantur
2865 5121 3098 5178 Basilius
3119 5130 3172 5178 et
3195 5119 3597 5181 Tbeodoretus.

2022 5219 2077 5273 Si
2111 5234 2276 5289 porro
2305 5218 2431 5271 talis
2457 5217 2578 5285 ejus
2608 5215 2859 5270 doctrina
2915 5214 3117 5279 fuerit,
3172 5215 3227 5269 in
3275 5219 3433 5274 nullo
3477 5236 3600 5276 vere

2021 5311 2235 5367 dillerat
2262 5327 2289 5364 a
2320 5304 2560 5364 Sabellio
2580 5316 2633 5362 et
2655 5307 3120 5376 Patripassianis:
3154 5307 3364 5362 nullam
3400 5312 3601 5381 quippe

2017 5399 2426 5454 distinctionem
2482 5411 2844 5467 personarum
2905 5393 3178 5461 admittit,
3225 5406 3282 5452 et
3312 5399 3463 5452 illam
3503 5417 3597 5455 ex-

2020 5493 2322 5547 tensionem
2354 5499 2407 5544 et
2437 5490 2756 5544 ulteriorem
2801 5488 3203 5555 dilatationem,
3234 5493 3448 5547 nullam
3475 5509 3600 5564 pro-

2017 5586 2192 5656 priam
2225 5583 2454 5655 ὔπαρξιν
2481 5592 2533 5640 et
2563 5584 2860 5638 ὑπόστασιν
2879 5622 2894 5646 ,
2933 5582 3310 5638 cxsistentiam
3338 5592 3396 5640 et
3430 5585 3600 5658 hypoo

461 5733 698 5812 Pagina;
727 5739 977 5812 intelligo.
1012 5743 1267 5799 editionis
1301 5742 1629 5802 Parisiensis
1658 5755 1891 5812 quarum
1933 5741 2132 5800 seriem
2175 5741 2347 5800 textui
2371 5741 2684 5803 Eusebiano
2719 5743 3066 5802 inserendam
3101 5744 3443 5801 curavimus.
3465 5739 3610 5798 Vide

341 5812 472 5859 tom.
501 5804 666 5860 XXIV
727 5808 882 5864 Eutr.
