3792 6150
370 253 508 309 1Ξ87
1548 249 1553 258 '
1616 242 1704 298 DE
1742 239 1903 296 VlTA
1934 236 1957 290 ι

2065 235 2369 296 SCRIPTIS
3471 228 3622 284 1288

370 369 483 423 Deo
517 367 674 423 Patre
714 367 978 423 manserit
1006 373 1060 422 et
1086 374 1336 430 maneat;
1381 363 1620 417 humano
1642 368 1825 416 tamen
1858 357 1935 411 lo-
1963 359 2011 414 Α
2037 367 2091 412 et
2118 356 2513 420 extensionem,
2545 369 2709 424 quam
2741 352 3043 410 secundum
3090 347 3330 404 Marcelli
3381 355 3619 402 senten-

371 459 570 532 quendi
599 474 768 524 more,
813 457 1187 519 descendisse,
1213 456 1436 520 exiisse,
1460 467 1745 522 egressum
1790 463 1936 516 esse,
2043 451 2173 506 tiam
2204 449 2443 506 Verbum
2476 448 2647 505 fuisse
2688 455 2915 502 narrant
2945 443 3181 498 Basilius
3209 448 3265 497 et
3296 436 3624 532 Theodore-

373 530 684 620 pariterque
702 549 985 618 quiescere
1005 554 1060 601 et
1083 545 1240 601 silere
1265 541 1672 598 dicitur.Paulo
1692 547 1815 612 post
1837 555 1938 593 au-
2038 553 2151 609 ωε,
2204 560 2272 601 ne
2315 543 2484 599 semel
2524 541 2742 611 quidem
2799 548 3065 594 memorat
3112 535 3385 591 Eusebius
3430 530 3622 587 Caesa-

373 648 480 695 ιοῐιι
518 644 594 709 (Po
625 639 716 708 40)
753 639 868 693 hmo
910 636 1151 692 Marcelli
1191 635 1360 690 verba
1390 634 1738 690 Vehementer
1763 630 1940 701 carpit
2038 637 2240 692 riensis
2269 654 2282 690 :
2315 635 2458 690 unde
2501 635 2678 705 palam
2725 632 2797 688 sit
2845 632 2901 686 in
2949 631 3090 686 libro
3133 625 3375 682 Marcelli
3425 633 3625 679 contra

372 735 684 792 Eusebius:
720 731 928 789 Sciebat
950 742 1127 786 autem
1165 729 1298 784 illud
1336 729 1641 791 conducere,
1675 736 1734 780 ut
1760 723 1941 780 crede-
2040 729 2308 785 Asterium
2339 727 2472 782 nihil
2496 725 2808 798 hujusmodi
2832 722 3230 795 deprehensum
3255 733 3399 776 esse.

373 838 486 884 rent
547 843 710 882 unum
777 825 940 879 Deum
985 840 1118 880 esse.
1156 821 1286 878 Ideo
1335 821 1413 876 sic
1458 837 1578 875 eum
1603 818 1940 889 alloquitur:

2066 845 2126 896 ll.
2151 844 2229 895 An
2247 841 2432 894 dixerit
2450 841 2664 893 Verbum
2695 852 3038 900 muresse,
3061 844 3116 888 et
3134 834 3317 888 Filium
3335 847 3438 885 non
3461 832 3624 883 fuisse

379 941 398 974 ι
463 920 572 992 Ego
623 935 742 976 sum
797 919 888 988 qui
949 933 1068 972 sum
1108 917 1164 982 ¹;
1226 933 1245 966 ι
1315 922 1374 968 ut
1418 923 1571 967 extra
1631 928 1688 967 se
1733 911 1940 966 nullum
2651 911 2767 954 ante
2787 899 2997 952 Mariam.

374 1014 541 1068 alium
601 1028 714 1067 esse
772 1009 941 1065 Deum
1017 1008 1246 1064 doceret.
1310 1004 1552 1060 Proclioe
1602 1013 1680 1059 est
1739 1010 1940 1067 autem,

2110 1011 2192 1068 Ad
2212 1011 2326 1067 haec
2343 1009 2596 1066 Marcello
2617 1007 2832 1064 crimini
2856 1007 2946 1062 dat
2969 1004 3260 1067 Eusebius,
3287 1000 3437 1072 quod
3463 999 3620 1055 dixe-

372 1117 432 1161 ut
478 1104 730 1167 arbitror,
783 1103 966 1172 cuique
1010 1098 1275 1169 prudenti,
1319 1097 1374 1152 id
1420 1095 1486 1150 ab
1533 1096 1762 1150 humano
1809 1111 1942 1166 quo-

2065 1106 2135 1170 'it,
2166 1102 2404 1158 Verbum
2449 1101 2746 1172 ingenitum
2779 1114 2900 1156 esse
2931 1114 2997 1154 ac
3034 1105 3168 1152 tunc
3194 1096 3370 1151 solum
3416 1090 3621 1146 Filium

373 1200 521 1262 dam,
570 1198 759 1268 exiguo
797 1203 847 1250 et
888 1193 1077 1247 humili
1132 1191 1367 1259 exemplo
1421 1187 1709 1258 intelligere
1733 1203 1752 1241 :
1781 1201 1944 1257 neque

2065 1196 2139 1252 )ei
2173 1194 2374 1250 factum
2405 1193 2593 1258 fuisse,
2624 1207 2747 1248 cum
2767 1206 2984 1247 carnem
3003 1188 3301 1258 assumpsit
3319 1202 3386 1242 ex
3417 1183 3622 1239 Maria.

376 1291 513 1344 enim
559 1296 729 1358 potest
775 1286 1052 1355 quisquam
1101 1281 1313 1337 verbum
1344 1279 1571 1334 hominis
1611 1279 1846 1347 potentia
1892 1284 1943 1330 et

2065 1287 2246 1345 Verum
2269 1301 2375 1341 non
2401 1293 2486 1342 sat
2517 1285 2620 1341 sibi
2651 1293 2902 1341 constare
2924 1283 3141 1338 videtur
3161 1279 3465 1336 Eusebius:
3491 1291 3623 1331 nam

380 1380 677 1436 substantia
707 1394 972 1443 separare.
1013 1374 1184 1430 Unum
1213 1383 1292 1428 est
1319 1375 1459 1428 enim
1487 1381 1642 1441 atque
1663 1369 1803 1424 idem
1825 1383 1943 1422 cum

2069 1397 2100 1434 ιι
2130 1378 2402 1448 excerptis
2445 1376 2686 1433 Marcelli
2731 1391 2853 1447 quae
2883 1373 3056 1440 aﬂert,
3087 1388 3286 1428 nomen
3337 1369 3529 1424 Patris
3569 1376 3626 1422 et

379 1475 586 1528 homine
617 1471 882 1526 Verbum:
913 1485 1034 1540 quae
1071 1468 1116 1524 si
1147 1466 1377 1523 seorsim
1419 1465 1487 1519 ab
1517 1463 1639 1519 aliis
1670 1462 1945 1532 sceipian-
2044 1470 2192 1535 Fuﬁ,
2250 1469 2430 1524 Patris
2489 1468 2616 1523 item
2661 1477 2716 1524 ει
2768 1465 2972 1531 Verbi,
3020 1467 3184 1522 etiam
3219 1479 3317 1535 pro
3371 1471 3626 1532 tempore

379 1573 490 1630 tur,
519 1581 550 1618 a
587 1575 738 1621 recta
780 1577 913 1619 sane
957 1560 1062 1616 ﬁde
1105 1559 1440 1614 desciscunt
1480 1555 1681 1611 verum
1713 1570 1781 1609 ex
1825 1553 1948 1609 aliis
2047 1561 2380 1617 creationem
2422 1557 2773 1616 antecedente
2801 1559 3005 1629 passim
3033 1563 3361 1626 usurpatum
3388 1552 3624 1618 videas;

382 1655 624 1712 Marcelli
669 1654 808 1710 locis
853 1653 1032 1724 palam
1087 1651 1302 1706 videtur
1355 1665 1481 1705 eum
1539 1647 1949 1718 comparatione

2065 1653 2156 1709 sub
2186 1652 2398 1706 initium
2430 1665 2562 1722 ergo
2590 1651 2686 1704 lib.
2727 1663 2769 1717 ι,
2806 1665 2862 1720 p.
2897 1649 2932 1703 4
2960 1656 3015 1704 et
3039 1648 3094 1712 5,
3128 1647 3269 1702 hanc
3295 1645 3455 1702 effert
3480 1641 3628 1698 Mar-

383 1746 621 1802 hominis
660 1752 716 1800 et
764 1744 913 1800 verbi
958 1743 1042 1799 sui
1075 1743 1186 1808 uti;
1237 1751 1296 1797 ut
1343 1741 1660 1812 comprobet
1711 1739 1950 1795 Verbum

388 1853 550 1894 unam
591 1846 646 1895 et
675 1837 942 1903 eamdem,
973 1851 1135 1908 quam
1168 1835 1328 1890 Pater
1358 1834 1542 1898 habet,
1585 1833 1952 1890 substantiam

383 1928 590 1985 habere
617 1948 629 1984 :
657 1943 781 1982 nam
816 1928 977 1998 paulo
1011 1926 1239 1982 inferius
1271 1926 1384 1980 haec
1417 1923 1656 1980 Marcelli
1681 1923 1844 1979 verba
1875 1922 1953 1977 le-

384 2029 630 2092 guntur:
667 2020 763 2082 Τίς
811 2019 922 2091 γὰρ
946 2017 1119 2081 οὕτως
1169 2018 1202 2090 ἢ
1249 2017 1360 2071 τῶν
1409 2017 1578 2086 ἁγίων
1620 2015 1867 2084 ἀγγέλων
1915 2013 1950 2086 ἢ

383 2112 493 2166 τῶν
523 2112 734 2184 ἀνδρῶν
762 2111 987 2165 δικαίων
1015 2110 1328 2177 ἀξιόπιστος
1349 2103 1440 2180 ἦν,
1465 2109 1563 2180 τὴν
1603 2111 1667 2162 ὲκ
1692 2106 1787 2161 τοῦ
1817 2105 1951 2160 Θεοῦ

385 2199 677 2273 προσώπου
721 2199 1030 2270 ὁρισθεῖσαν
1061 2198 1210 2269 αὐτῷ
1241 2198 1510 2270 τιμωρίαν
1539 2195 1730 2250 λῦσαι·
1775 2196 1824 2248 εί
1879 2194 1954 2265 μὴ

386 2291 552 2356 αὐτὸς
582 2293 611 2346 ό
647 2291 818 2359 Λόγος
860 2293 890 2344 ό
933 2289 1238 2362 συμπαρὼν
1281 2291 1376 2344 καὶ
1408 2291 1788 2362 συμπλάττων.
1819 2290 1957 2360 πρὸς

384 2384 444 2438 όν
471 2385 500 2438 ό
529 2381 737 2453 Πατὴρ,
771 2379 1121 2450 Ποιήσωμεν
1159 2381 1492 2448 ἄνθρωπον,
1525 2379 1653 2451 ἔφη,
1679 2381 1780 2433 οὐκ
1804 2379 1956 2442 ὄντος

385 2475 576 2545 ἑτέρου
624 2472 758 2526 Θεοῦ
789 2470 882 2524 τοῦ
918 2471 1285 2542 συμπλάττειν
1331 2471 1480 2541 αὐτῷ
1522 2470 1856 2542 δυναμένους
1897 2469 1956 2524 Id

385 2573 471 2619 est
504 2580 519 2618 :
556 2561 689 2628 Quis
734 2565 873 2617 enim
919 2571 1070 2615 tanta
1097 2561 1358 2630 dignitate
1391 2562 1513 2629 fuit,
1544 2559 1623 2614 vel
1650 2568 1956 2613 sanctorum

387 2655 720 2726 angelorum,
750 2652 828 2707 vel
849 2652 1120 2722 justorum
1150 2653 1404 2714 virorum,
1425 2651 1516 2721 qui
1540 2651 1862 2705 destinatum
1893 2663 1959 2703 ea:

385 2760 611 2813 persona
639 2743 731 2798 Dei
757 2743 954 2796 homini
979 2742 1292 2812 supplicium
1319 2743 1560 2805 solveret,
1594 2741 1697 2795 nisi
1734 2739 1958 2795 Verbum

387 2838 582 2899 solum,
607 2835 744 2907 quod
773 2852 880 2890 una
910 2834 1018 2888 Deo
1051 2833 1258 2898 aderat,
1290 2843 1341 2887 et
1367 2851 1475 2888 una
1519 2850 1638 2888 cum
1665 2833 1760 2887 illo
1798 2833 1959 2903 effor-

388 2928 568 2982 mabat
597 2926 858 2980 hominem
881 2941 900 2979 :
931 2924 1000 2978 ad
1032 2941 1184 2996 quem
1229 2924 1392 2978 Pater
1423 2923 1628 2978 dicebat
1649 2938 1668 2976 :
1703 2940 1722 2974 ι
1761 2921 1810 2975 1Γ
1813 2924 1961 2977 acia-

2053 1744 2176 1800 celli
2200 1743 2523 1799 sententiam
2552 1761 2564 1796 :
2597 1742 2765 1811 Λόγον
2806 1741 2966 1796 αὑτὸν
2999 1741 3158 1812 μόνον
3189 1740 3364 1802 διδοὺς
3403 1734 3628 1810 ἡνωμέ-

2052 1850 2144 1887 νον
2173 1831 2250 1904 τῷ
2275 1831 2392 1904 Θεῷ
2411 1850 2425 1862 ·
2457 1833 2552 1888 καὶ
2591 1833 2749 1887 τοῦτο
2791 1826 2931 1886 εῖναι
2973 1832 3140 1887 ἀΐδιον
3183 1829 3276 1885 καὶ
3303 1829 3630 1901 ἀγέννητον,

2052 1925 2111 1979 ἓν
2133 1943 2194 1979 τε
2222 1921 2359 1979 εἶναι
2388 1926 2482 1980 καὶ
2510 1926 2672 1980 αὐτὸν
2698 1925 2775 1997 τῷ
2805 1924 2944 1996 Θεῷ,
2976 1925 3200 1996 ὀνόμασι
3228 1923 3326 1995 μὲν
3345 1922 3631 1994 διαφόροις

2053 2019 2266 2089 Πατρὸς
2310 2019 2405 2072 καὶ¹
2453 2017 2584 2072 Υίοῦ
2627 2017 3048 2091 χρηματίζοντα,
3081 2017 3238 2088 οὐσίᾳ
3275 2017 3333 2070 δὲ
3371 2017 3471 2070 καὶ
3508 2017 3628 2070 ὕπο·

2057 2113 2240 2166 στάσει
2270 2112 2327 2165 ἓν
2359 2111 2506 2166 ὄντα.
2545 2110 2597 2166 Id
2628 2119 2746 2168 est:
2783 2108 2965 2179 Ipsum
2995 2109 3358 2165 tantummodo
3400 2107 3632 2164 Verbum

2053 2219 2167 2258 esse
2195 2203 2498 2265 concedens,
2528 2202 2634 2258 Deo
2664 2203 2868 2257 unitum
2892 2219 2910 2257 :
2931 2202 3201 2272 ipsumque
3231 2209 3496 2256 aeternum
3522 2215 3633 2254 esse

2055 2305 2106 2350 et
2149 2296 2474 2365 ingenitum;
2527 2310 2788 2364 unumque
2837 2309 2948 2348 esse
2973 2309 3090 2345 cum
3143 2292 3274 2354 Deo,
3323 2291 3633 2346 nominibus

2054 2386 2263 2457 quidem
2293 2386 2515 2441 diversis
2569 2383 2752 2440 Patris
2804 2394 2854 2440 et
2905 2383 3037 2438 Filii
3082 2393 3347 2447 vocatum,
3398 2384 3632 2439 essentia

2055 2495 2175 2534 vero
2215 2478 2571 2550 et’hypostasi
2624 2495 2804 2532 unum.
2848 2479 2909 2532 ln
2961 2477 3195 2533 Marcelli
3231 2477 3512 2547 excerptis
3566 2475 3633 2531 ah

2058 2567 2294 2624 Eusebio
2325 2568 2527 2633 allatis,
2561 2583 2774 2638 semper
2802 2569 2891 2624 ille
2930 2566 3107 2625 Patris
3128 2577 3183 2625 et
3207 2567 3375 2623 Verbi
3407 2567 3633 2623 nomine

2057 2659 2231 2714 utitur
2275 2677 2288 2713 :
2340 2657 2483 2714 unde
2538 2658 2753 2713 videtur
2812 2657 3082 2714 Eusebius
3135 2673 3200 2714 ex
3266 2658 3630 2728 consequenti

2059 2757 2270 2804 tantum
2300 2749 2440 2804 hanc
2469 2749 2700 2805 haeresin
2729 2748 2982 2804 Marcello
3011 2747 3285 2805 aﬂinxisse
3316 2767 3331 2804 :
3368 2749 3629 2804 nimirum

2060 2842 2142 2898 sic
2172 2843 2262 2898 ille
2295 2841 2612 2911 frequenter
2639 2842 2694 2896 in
2719 2841 2871 2897 libris
2902 2853 3089 2897 contra
3119 2841 3440 2896 Marcellum
3471 2855 3630 2912 argu-

2059 2943 2247 2989 tatur:
2289 2933 2347 2988 Si
2392 2933 2630 2990 Verbum
2675 2943 2760 2990 est
2795 2934 2984 2998 ἀΐδιον,
3032 2935 3462 3006 sempiternum,
3511 2931 3633 2988 inde

389 3033 506 3074 mus
554 3018 816 3073 hominem
869 3018 938 3070 ad
985 3017 1266 3087 imaginem
1314 3025 1364 3069 et
1411 3013 1808 3105 similitudinem
1857 3031 1958 3068 no-
1985 3041 2033 3105 α
2061 3026 2310 3097 sequitur
2350 3040 2460 3079 ηοη
2493 3024 2666 3078 fuisse
2699 3026 2941 3096 genuum
2973 3043 2986 3080 ε
3018 3040 3145 3079 nam
3174 3023 3319 3094 quod
3366 3023 3627 3095 gignitur,

388 3119 557 3164 stram
583 3123 602 3161 :
634 3125 653 3160 ι
680 3123 798 3160 cum
827 3124 930 3162 non
959 3117 1092 3162 esset
1125 3107 1262 3161 alius
1289 3105 1550 3176 Dens,qui
1567 3104 1792 3159 cumillo
1805 3105 1960 3174 επον-

389 3219 534 3256 mare
563 3203 780 3270 posset?
808 3199 946 3255 Hinc
965 3199 1096 3254 mihi
1128 3200 1349 3270 planum
1380 3198 1616 3264 videtur,
1647 3197 1962 3252 Marcellum

389 3295 800 3351 distinctionem
854 3295 994 3348 inter
1021 3291 1238 3347 Patrem
1283 3298 1338 3346 et
1363 3289 1605 3346 Verbum
1648 3289 1959 3355 admisisse,

389 3395 556 3458 atque
591 3387 757 3440 alium
807 3392 861 3440 et
898 3384 1064 3438 alium
1114 3383 1460 3438 existimasse
1491 3401 1505 3436 :
1540 3396 1820 3451 unumque
1867 3395 1960 3436 so-

390 3477 670 3534 lummodo
702 3490 970 3546 negasse;
999 3473 1248 3529 videlicet
1271 3471 1508 3528 Verbum
1538 3473 1708 3528 alium
1732 3487 1762 3526 a
1797 3470 1964 3528 Patre

390 3570 560 3626 Deum
585 3584 728 3631 esse,
764 3568 1035 3637 aliamque
1063 3565 1428 3621 substantiam
1454 3563 1726 3620 obtinere.
1759 3563 1960 3620 Verum

393 3661 684 3726 Eusebius,
721 3660 835 3729 qui,
869 3659 949 3713 uti
984 3659 1121 3713 alias
1149 3663 1634 3712 commonstratum
1661 3663 1766 3722 est,
1795 3657 1961 3712 aliam

391 3769 423 3808 a
451 3760 679 3824 paterna
709 3751 985 3813 deitatem,
1017 3749 1287 3818 aliamque
1316 3747 1674 3803 substantiam
1701 3749 1758 3802 in
1777 3746 1964 3804 Verbo

391 3844 700 3907 constituit,
746 3857 812 3897 ex
855 3840 1212 3910 consequenti
1254 3838 1569 3894 Marcellum
1621 3839 1964 3895 damnaverit

394 3950 623 3990 necesse
645 3940 751 3995 est,
782 3933 874 4002 qui
907 3931 1196 3986 adversam
1243 3930 1371 3985 huic
1411 3930 1718 4000 opinionem
1757 3947 1962 4002 propu-

394 4034 525 4097 gnat
556 4043 568 4079 :
602 4023 749 4095 quod
782 4037 908 4078 vero
942 4022 1128 4091 adjicit
1153 4019 1466 4076 Marcellum
1495 4030 1708 4091 putare,
1743 4020 1958 4076 Patrem

394 4127 450 4175 ct
479 4117 716 4175 Verbum
747 4131 915 4170 unum
939 4123 994 4170 et
1022 4115 1162 4170 idem
1197 4129 1342 4178 esse,
1381 4113 1623 4183 solisque
1651 4115 1962 4170 nominibus

395 4211 692 4282 distingui;
726 4209 778 4262 id
809 4207 896 4262 ille
929 4221 1037 4260 non
1077 4220 1142 4260 ex
1173 4205 1481 4276 perspicuis
1523 4205 1762 4261 Marcelli
1795 4205 1962 4261 dictis

394 4302 715 4374 comprobat
743 4319 757 4355 :
790 4298 885 4356 sed
934 4299 1062 4369 quia
1090 4299 1345 4359 aestimat,
1385 4296 1603 4352 Patrem
1633 4307 1688 4353 et
1719 4295 1960 4352 Verbum

395 4397 441 4452 si
473 4372 615 4450 unus
643 4401 698 4449 et
727 4391 867 4447 idem
891 4403 1118 4450 numero
1149 4387 1292 4444 Deus
1323 4388 1417 4454 sit,
1441 4404 1608 4442 unum
1642 4389 1806 4445 etiam
1839 4403 1962 4444 esse
1993 4372 2038 4428 D

395 4484 696 4542 secundum
744 4482 879 4535 alias
923 4495 1114 4534 omnes
1143 4479 1407 4541 rationes,
1455 4478 1529 4532 ita
1565 4487 1623 4532 ut
1665 4478 1813 4532 nulla
1847 4479 1963 4531 dis-

395 4580 591 4634 tinctio
633 4573 1102 4644 deprehendatur;
1155 4571 1278 4626 ideo
1323 4569 1659 4633 Marcellum,
1719 4571 1811 4640 qui
1855 4569 1961 4624 Pa-

394 4676 531 4723 trem
557 4675 611 4722 et
639 4663 876 4719 Verbum
899 4679 1066 4718 unum
1097 4660 1266 4716 Deum
1293 4677 1565 4732 unamque
1593 4661 1959 4716 substantiam

393 4776 518 4817 esse
549 4758 809 4822 defendit,
858 4757 1066 4810 nullam
1109 4755 1332 4810 omnino
1364 4754 1469 4810 nisi
1513 4754 1794 4808 nominum
1849 4753 1963 4807 dis-

395 4855 709 4910 tinctionem
743 4852 1028 4908 admittere
1059 4851 1358 4906 contendit.
1410 4849 1466 4904 Si
1501 4864 1628 4904 vero
1668 4849 1956 4906 Marcellus

394 4963 521 5002 vere
547 4946 952 5002 distinctionem
985 4945 1124 4998 inter
1152 4943 1366 4999 Patrem
1414 4955 1468 4999 et
1509 4943 1748 5000 Verbum
1785 4944 1963 4998 admi-

395 5039 546 5102 serit,
575 5039 701 5093 hinc
729 5039 964 5107 explices
1010 5039 1156 5093 illam
1203 5036 1297 5093 Dei
1358 5035 1535 5093 Patris
1578 5037 1955 5093 dilatationem

393 5140 448 5187 et
490 5132 887 5195 extensionem,
935 5146 1097 5201 quam
1130 5129 1439 5186 Marcellum
1471 5129 1726 5187 docuisse
1762 5131 1958 5187 testiﬁ-

393 5230 620 5281 cantur;
645 5222 905 5292 dicasque
925 5221 972 5276 si
990 5237 1114 5277 vere
1136 5220 1420 5276 Marcellus
1444 5223 1516 5276 ita
1540 5222 1758 5287 dixerit,
1781 5223 1958 5292 ipsum

393 5314 480 5369 his
504 5315 730 5368 vocibus
770 5313 906 5367 nihil
938 5313 1084 5368 aliud
1129 5313 1482 5372 intellexisse,
1513 5329 1676 5383 quam
1702 5315 1960 5371 emissio-

395 5417 519 5456 nem
560 5400 681 5456 Filii
712 5401 780 5455 ad
824 5403 1155 5456 creationem
1199 5403 1556 5472 peragendam
1592 5423 1605 5458 :
1643 5419 1806 5474 quam
1855 5403 1959 5460 SS.

393 5489 586 5546 Patres
614 5491 814 5560 passim
843 5491 1178 5560 exprimunt.
1220 5490 1372 5545 llanc
1416 5506 1548 5548 vero
1577 5492 1953 5551 dilatationem

469 5647 485 5676 ¹
522 5645 692 5700 Exod.
723 5663 802 5708 III,
831 5648 916 5701 ll.
992 5651 1012 5680 ³
1037 5647 1170 5704 Gen.
1201 5663 1238 5712 ι,
1269 5646 1360 5702 9.6.

2062 3115 2332 3186 posterius
2383 3122 2468 3170 est
2512 3113 2605 3169 illo
2654 3115 2748 3183 qui
2777 3115 2969 3186 gignit,
3016 3130 3246 3184 vereque
3285 3113 3497 3168 dicitur
3525 3127 3629 3165 non

2062 3207 2233 3263 fuisse
2257 3212 2548 3276 antequam
2584 3207 2915 3276 gigneretur,
2948 3215 3110 3277 atque
3151 3206 3288 3261 adeo
3314 3206 3491 3260 ἀΐδιον
3519 3207 3630 3264 sive

2063 3304 2453 3373 sempiternum
2481 3316 2605 3357 esse
2626 3301 2832 3372 nequit.
2859 3301 3151 3372 Cumergo
3174 3299 3466 3355 Marcellus
3488 3300 3632 3355 dicat

2063 3391 2300 3448 Verbum
2349 3405 2474 3449 esse
2522 3391 2693 3446 ἀΐδιον
2750 3393 2866 3447 sive
2919 3393 3329 3462 sempiternum,
3379 3406 3493 3446 non
3544 3406 3632 3462 ge-

2063 3483 2236 3538 nitum
2269 3483 2440 3540 fuisse
2471 3486 2662 3540 credat
2705 3491 2940 3556 Oportet.
2985 3481 3077 3539 Sic
3124 3484 3213 3539 ille
3243 3498 3370 3539 cum
3411 3483 3628 3540 Arianis

2061 3575 2324 3645 loquitur,
2359 3590 2470 3630 non
2501 3575 2940 3631 animadvertens
2973 3591 3081 3630 non
3118 3575 3290 3646 magis
3322 3591 3631 3648 repugnare

2062 3666 2282 3724 Patrem
2316 3668 2386 3722 ab
2411 3675 2616 3723 aeterno
2647 3668 3084 3739 gignere,'quam
3119 3669 3187 3723 ab
3217 3675 3422 3723 aeterno
3467 3683 3626 3724 esse:

2062 3773 2166 3815 nec
2209 3759 2673 3830 posterioritatem
2726 3760 2891 3814 ullam
2920 3759 3184 3829 temporis
3234 3759 3289 3812 in
3341 3757 3482 3813 Filio
3509 3759 3630 3813 inde

2063 3850 2273 3918 inferri,
2308 3851 2455 3922 quod
2484 3853 2737 3924 gignatur
2765 3870 2779 3905 :
2811 3865 2934 3905 nam
2957 3867 3078 3906 esse
3105 3862 3158 3906 et
3184 3853 3408 3921 gignere
3438 3851 3496 3905 in
3523 3850 3626 3905 Deo

2062 3941 2222 3998 Patre
2242 3944 2404 4000 simul
2434 3951 2560 4002 sunt
2587 3953 2642 3998 et
2663 3943 3055 4012 intelliguntur,
3075 3957 3175 3996 nec
3200 3943 3347 3996 aliud
3381 3943 3503 3998 sine
3525 3943 3626 3999 alio

2062 4049 2185 4091 esse
2214 4051 2452 4106 unquam
2496 4035 2708 4105 potuit;
2747 4042 2908 4104 atque
2947 4034 3084 4088 adeo
3132 4032 3329 4087 Filium
3363 4042 3622 4089 teternum

2063 4127 2288 4196 perinde
2332 4137 2493 4196 atque
2533 4125 2748 4180 Patrem
2793 4140 2934 4188 esse,
2967 4135 3026 4178 ut
3067 4139 3281 4194 semper
3324 4124 3514 4180 docuit
3540 4139 3624 4178 ca-

2062 4218 2263 4272 tholica
2278 4214 2540 4273 Ecclesia.
2568 4216 2723 4284 Quod
2750 4225 2929 4271 autem
2956 4225 3166 4287 spectat
3182 4216 3246 4270 ad
3269 4231 3460 4271 vocem
3483 4217 3625 4284 ἀγέν-

2063 4326 2242 4378 νητον,
2279 4325 2380 4363 non
2401 4309 2652 4379 genitum,
2685 4323 2848 4378 quam
2880 4305 3060 4363 Verbo
3089 4307 3288 4361 ascribi
3317 4322 3348 4361 a
3379 4305 3629 4362 Marcello

2069 4399 2390 4454 testificatur
2437 4398 2725 4462 Eusebius,
2773 4399 2884 4454 duo
2912 4398 3256 4468 potissimum
3295 4405 3428 4452 sunt
3459 4398 3624 4452 consi-

2070 4491 2311 4548 deranda
2345 4511 2358 4546 :
2391 4493 2567 4562 primo
2595 4491 2812 4562 quidem
2861 4507 2968 4545 non
3013 4491 3199 4546 haberi
3241 4491 3392 4545 illam
3437 4491 3493 4546 in
3535 4507 3622 4547 cx-

2069 4583 2273 4654 cerptis
2322 4583 2562 4638 Marcelli
2597 4599 2718 4655 quae
2743 4582 2902 4638 'aliert
2946 4581 3249 4648 Eusebius;
3295 4581 3526 4651 proinde
3552 4583 3622 4633 vi-

2069 4676 2185 4731 deri
2215 4692 2283 4730 ex
2325 4677 2642 4746 conjectura
2669 4687 2722 4731 et
2751 4677 3136 4746 consequentia
3172 4675 3430 4729 Marcello
3464 4674 3622 4730 ascri-

2068 4775 2217 4838 ptum
2267 4764 2459 4830 fuisse,
2497 4767 2622 4836 quia
2663 4767 2910 4822 videlicet
2962 4783 3030 4821 ex
3081 4765 3300 4822 Eusebii
3343 4767 3622 4821 ratiocinio

2069 4860 2320 4930 superius
2350 4861 2534 4924 allato,
2569 4858 2711 4928 quod
2739 4858 2908 4913 ἀΐδιον
2951 4859 3068 4914 sive
3097 4864 3360 4912 teternum
3391 4866 3498 4919 est,
3527 4872 3621 4910 non

2068 4958 2247 5021 potest
2291 4966 2411 5006 esse
2454 4951 2717 5022 genitum.
2772 4948 3022 5006 Secundo
3068 4957 3248 5003 autem
3294 4958 3509 5003 certum
3551 4954 3623 5002 est

2068 5043 2298 5099 Arianos
2341 5043 2395 5097 in
2427 5044 2654 5099 vocibus
2696 5044 2976 5113 ἀγένητον,
3014 5059 3116 5095 non
3147 5041 3372 5110 factum,
3397 5049 3452 5095 et
3479 5041 3623 5110 ἀγέν-

2068 5153 2246 5206 νητον,
2295 5151 2395 5189 non
2417 5137 2668 5206 genitum,
2721 5150 2937 5205 semper
2963 5135 3182 5198 lusisse,
3225 5140 3288 5186 ut
3333 5133 3624 5188 sexcenties

2069 5225 2210 5295 apud
2241 5226 2597 5280 Athanasium
2630 5227 2908 5280 observes.
2943 5223 3102 5289 Nam,
3134 5224 3261 5294 quia
3296 5222 3463 5278 Pater
3491 5224 3623 5278 solus

2069 5317 2382 5388 ἀγέννητος,
2433 5320 2548 5373 sive
2585 5334 2687 5370 non.
2720 5318 2946 5387 genitus,
2980 5325 3086 5382 est,
3137 5317 3438 5371 fatentibus
3475 5317 3622 5370 etiam

2069 5409 2398 5475 Catholicis;
2447 5409 2522 5464 illi
2564 5426 2695 5464 voce
2721 5413 3015 5483 ἁγέννητος
3052 5417 3106 5464 et
3147 5409 3415 5480 ἀγένητος
3445 5405 3625 5478 promi-

2071 5516 2202 5557 scue
2245 5511 2298 5557 et
2344 5500 2572 5558 subdole
2631 5509 2864 5565 utentes,
2897 5499 3093 5556 Filium
3135 5515 3244 5556 non
3283 5515 3409 5558 esse
3455 5497 3623 5567 ἀγένηο
