3792 6150
215 392 238 446 Ι
249 389 354 446 289

1476 381 1821 439 MARCELLI
1860 381 2232 438 ANCYRANI.

3327 384 3463 441 1290

214 525 309 562 τον
352 505 467 562 sive
501 521 607 560 non
638 503 863 573 factum,
899 509 1061 574 atque
1103 501 1240 557 adeo
1283 497 1484 555 factum
1516 513 1568 556 et
1600 499 1792 555 condi-
1821 505 1868 560 Α
1895 499 1986 554 ille
2016 514 2048 554 a
2071 498 2343 554 catholica
2369 495 2620 553 doctrina
2652 494 2990 562 deﬂectebat,
3027 502 3086 549 ut
3112 494 3466 565 conspicuum

216 607 334 655 tum
374 599 546 655 luisse
592 597 867 653 dicebant.
917 593 1119 650 Eadem
1151 597 1303 649 vero
1351 595 1563 650 ratione
1613 594 1790 664 potuit

215 691 490 748 Eusebius
534 688 790 744 Marcello
823 687 892 743 de
941 685 1081 742 Filio
1134 685 1381 756 loquenti
1411 701 1600 740 vocem
1629 685 1793 755 ἀγέν-

215 801 400 856 νητον,
445 783 560 839 sive
609 783 972 852 non-genitum
1013 777 1306 848 aliingere;
1357 779 1452 850 qui
1506 779 1792 850 ἀγένητον,

217 879 336 934 sive
367 876 702 946 non-factum
746 876 994 930 dixisset.
1039 873 1106 929 Et
1135 889 1267 928 sane
1296 872 1391 942 qui
1419 887 1546 927 vere
1575 871 1793 926 Patrem

216 976 273 1024 et
314 968 512 1024 Filium
545 967 600 1021 in
629 966 900 1021 Trinitate
948 965 1208 1030 admittit,
1241 970 1302 1017 ut
1355 961 1666 1029 Marcellus,
1698 979 1794 1034 ge-

215 1063 556 1116 nerationem
588 1059 838 1114 admittat
864 1073 1088 1113 necesse
1128 1067 1242 1122 est;
1291 1070 1464 1125 neque
1499 1063 1675 1126 potest
1708 1055 1793 1109 di-

106 1202 118 1212 .
217 1169 343 1208 cere
371 1151 566 1207 Filium
597 1167 719 1209 esse
748 1151 1041 1223 ἀγέννητον
1076 1153 1188 1207 sive
1217 1151 1603 1221 non-genitum.

216 1261 302 1314 IV.
327 1262 422 1314 Cur
459 1265 589 1313 dicat
619 1263 832 1311 Verbum
877 1269 987 1324 post
1028 1265 1410 1313 incarnationem
1455 1268 1646 1311 tantum
1683 1275 1795 1312 esse

339 1326 604 1386 imaginem
631 1327 724 1374 Dei
749 1332 802 1374 et
833 1328 1213 1388 primogenitum
1236 1325 1395 1374 omnis
1416 1329 1671 1374 creatura.

287 1427 491 1499 Adjicit
555 1428 825 1485 Eusebius
886 1429 1093 1486 dixisse
1145 1430 1494 1498 Marcellum,
1556 1429 1797 1485 Verbum

218 1527 353 1575 tunc
379 1523 555 1576 solum
593 1521 884 1592 imaginem
919 1522 1011 1577 Dei
1046 1523 1337 1581 invisibilis
1367 1534 1422 1580 et
1466 1523 1797 1595 primogeni-

217 1621 338 1668 tum
384 1615 564 1670 omnis
611 1627 877 1671 creaturae
915 1616 1122 1672 factum
1177 1617 1370 1682 fuisse,
1408 1633 1533 1672 cum
1577 1631 1798 1672 carnem

219 1707 540 1778 assumpsit.
559 1704 685 1762 Heec
716 1722 844 1762 vero
870 1708 1071 1762 diserte
1091 1707 1255 1763 habet
1277 1706 1563 1761 Marcellus
1581 1705 1656 1777 (p.
1673 1705 1796 1773 24):

220 1797 552 1870 Consequens
599 1815 712 1853 esse
759 1799 992 1854 arbitror
1032 1801 1214 1870 paucis
1249 1801 1313 1853 de
1365 1799 1592 1868 imagine
1641 1798 1804 1851 disse-

220 1907 368 1956 rere;
407 1892 619 1960 scripsit
655 1893 793 1946 enim
844 1890 1135 1964 [Asterius]
1163 1911 1176 1946 :
1202 1891 1354 1945 Alius
1404 1900 1581 1945 autem
1623 1899 1699 1944 est
1737 1904 1800 1943 ea:
1830 1870 1873 1924 Β

221 1984 336 2054 ipsa
367 1985 594 2056 genitus,
626 1985 716 2054 qui
743 1993 820 2039 est
861 1987 1032 2055 imago
1066 1984 1164 2038 Dei
1192 1983 1491 2038 invisibilis.
1519 1982 1647 2037 Ideo
1673 1984 1804 2037 ima-

221 2077 360 2146 ginis
408 2077 508 2131 Dei
554 2077 834 2131 invisibilis
879 2077 1116 2130 meminit
1165 2076 1441 2144 Asterius,
1491 2086 1550 2130 ut
1592 2075 1798 2139 doceat,

223 2165 393 2220 Deum
444 2183 477 2220 a
529 2166 696 2221 Verbo
758 2177 963 2221 tantum
1012 2168 1262 2236 di/ferre,
1319 2177 1576 2238 quantum
1621 2167 1802 2237 differt

224 2259 378 2313 homo
403 2259 467 2314 ab
491 2260 845 2331 imaginesua.
871 2260 938 2314 Et
960 2261 1241 2316 nonnullis
1263 2261 1570 2331 interjectis
1605 2261 1792 2317 addit:

223 2349 419 2405 Palam
446 2352 608 2422 igitur
636 2363 734 2417 est,
767 2352 1013 2420 Verbum,
1037 2363 1317 2422 antequam
1348 2369 1534 2423 corpus
1563 2364 1800 2408 nostrum

221 2442 613 2510 assumpsisset,
646 2458 736 2510 per
759 2459 813 2496 se
839 2459 939 2496 non
968 2443 1232 2497 exstitisse
1250 2443 1530 2512 imaginem
1561 2444 1800 2498 invisibi-

223 2535 293 2588 lis
322 2532 438 2586 Dei.
471 2532 609 2598 Quia
637 2534 803 2604 igitur
831 2533 1020 2590 Ariani
1058 2535 1162 2590 hoc
1191 2533 1492 2606 Scripturre
1521 2537 1666 2604 loco,
1701 2534 1800 2591 Est

218 2627 396 2696 imago
436 2623 879 2692 Dei‘invisibilis,
926 2627 994 2681 ad
1038 2642 1194 2682 suam
1241 2627 1526 2683 tutandam
1567 2629 1798 2684 hazresin

220 2717 615 2785 abutebantur;
665 2718 954 2775 Marcellus
982 2728 1135 2776 ratus
1159 2721 1449 2791 imaginem
1480 2721 1574 2778 Dei
1609 2723 1802 2778 invisi-

218 2807 367 2873 bilis,
417 2810 686 2866 visibilem
735 2827 879 2878 esse,
908 2827 1008 2867 nec
1039 2828 1155 2868 rem
1195 2813 1520 2869 invisibilem
1551 2814 1803 2886 imaginis

219 2901 490 2956 rationem
529 2903 795 2966 obtinere.
830 2904 977 2959 hunc
1009 2905 1190 2959 locum
1234 2905 1302 2960 de
1354 2905 1575 2962 Christo
1619 2909 1801 2963 incar-

219 2999 355 3047 nato
402 2999 456 3049 et
491 2993 692 3049 visibili
745 2993 978 3064 proferri
1023 3003 1248 3066 pugnat,
1284 3002 1345 3050 ut
1398 2995 1595 3052 Asterii
1640 3012 1804 3069 argu-

221 3093 408 3140 mento
443 3086 695 3142 obsistat.
728 3086 845 3142 Etsi
874 3101 1003 3142 vero
1037 3087 1126 3142 hic
1154 3085 1454 3158 Scriptura:
1484 3089 1638 3144 locus
1661 3106 1795 3146 con-

221 3181 513 3252 gruentius
558 3182 730 3252 possit
759 3180 827 3235 ad
873 3180 1268 3250 argutationem
1301 3179 1631 3234 Arianorum
1665 3196 1798 3236 con-

219 3272 502 3328 futandam
557 3273 852 3343 explicari,
907 3288 973 3328 eo
1020 3281 1204 3328 tamen
1237 3275 1459 3328 nomine
1508 3273 1798 3331 Marcellus
1826 3263 1868 3286 "

223 3380 335 3420 non
365 3366 569 3421 erroris
596 3365 946 3421 accusandus
989 3372 1094 3427 est,
1125 3365 1255 3420 dum
1284 3382 1352 3422 ne
1382 3365 1799 3422 similitudinem

221 3471 350 3512 cum
395 3455 558 3512 Patre
611 3457 924 3522 sustulerit;
968 3457 1113 3526 quod
1161 3473 1230 3512 ne
1277 3456 1574 3513 credideris
1628 3458 1804 3512 admi-

225 3532 369 3606 sisse
403 3567 417 3603 :
451 3565 612 3605 nemo
656 3550 802 3605 enim
853 3565 1092 3618 unquam
1130 3547 1442 3604 Marcellum
1477 3551 1619 3605 inter
1650 3551 1801 3606 Ano-

223 3657 403 3698 mutos
435 3643 793 3712 computavit.
826 3641 958 3707 Quae
987 3656 1118 3696 vero
1152 3641 1313 3697 fuerit
1344 3656 1407 3697 ea
1455 3642 1513 3696 in
1549 3658 1608 3698 re
1640 3644 1802 3713 plana

223 3743 281 3790 et
331 3735 620 3805 perspicua
675 3733 912 3789 Marcelli
960 3735 1266 3799 sententia,
1319 3750 1385 3790 ex
1441 3735 1634 3806 paucis
1682 3752 1804 3808 qua:

225 3835 523 3897 supersunt
549 3827 841 3896 excerptis,
869 3826 1139 3897 expiscari
1172 3841 1280 3881 non
1318 3842 1614 3896 possumus
1640 3847 1653 3884 :
1675 3845 1803 3884 nam

224 3919 524 3974 verisimile
561 3929 646 3974 est
689 3917 982 3972 Eusebium
1016 3917 1186 3970 multa
1226 3919 1479 3973 consulto
1509 3920 1750 3975 tacuisse
1785 3939 1799 3974 :

225 4021 441 4068 certum
484 4013 612 4066 item
657 4011 1159 4076 est,.narrantibus
1193 4013 1418 4083 synodis
1464 4009 1712 4068 Romana
1749 4020 1804 4068 ct

227 4104 568 4167 Sardicensi,
601 4102 1053 4159 loca'Eusebium
1087 4103 1318 4158 subdole
1345 4103 1724 4169 detruncasse,
1752 4112 1808 4160 et

226 4197 453 4251 mutilas
479 4198 780 4252 sententias
807 4195 1078 4259 attulisse,
1112 4205 1172 4250 ut
1207 4196 1419 4252 facilius
1458 4206 1644 4267 posset
1666 4196 1807 4252 illar-

227 4289 372 4345 cello
405 4288 520 4344 haec
553 4301 606 4344 et
626 4289 716 4343 illa
748 4304 847 4358 pro
879 4287 1103 4343 libidine
1141 4289 1274 4344 vitio
1302 4297 1534 4344 vertere.
1572 4287 1808 4352 Pariter-

226 4397 340 4454 que
389 4382 442 4435 in
496 4381 950 4452 interpretatione
998 4379 1130 4434 dicti
1178 4381 1364 4446 illius,
1413 4379 1807 4450 Primogenitus

226 4475 403 4530 omnis
435 4481 689 4528 creaturae
714 4473 754 4537 ³,
789 4471 925 4526 nihil
944 4471 1214 4526 haereseos
1231 4470 1628 4540 deprehendas.
1662 4470 1810 4537 Quo-

1892 598 1996 644 est.

1892 714 1952 764 V.
1977 714 2028 763 ln
2049 713 2174 764 libro
2198 715 2415 766 Marcelli
2438 715 2559 764 nihil
2584 720 2756 778 aperte
2780 726 3043 764 erroneum
3080 713 3228 764 fuisse
3253 713 3465 766 videtur.

1967 817 2045 872 Ex
2077 818 2164 874 his
2196 834 2361 890 porro
2381 819 2589 890 liqueat
2619 819 2675 873 in
2701 817 2937 872 Marcelli
2970 825 3164 872 contra
3193 818 3469 874 Asterium

1893 911 2036 966 libro
2061 912 2198 966 nihil
2234 914 2440 968 erroris
2495 921 2590 966 aut
2627 911 2898 966 haereticae
2927 910 3233 973 sententiae,
3284 918 3472 982 aperte

1895 1003 2089 1058 saltem
2143 1003 2544 1074 deprehensum
2581 1001 2796 1058 fuisse:
2835 1017 2961 1056 nam
3024 1017 3146 1073 quae
3199 1000 3470 1057 Eusebius

1896 1095 2076 1160 affert,
2106 1096 2175 1150 ad
2218 1111 2405 1151 sanam
2440 1096 2745 1151 doctrinam
2792 1093 2980 1150 reduci
3018 1094 3176 1149 facile
3213 1102 3469 1165 possunt.

1895 1186 2104 1253 Quodsi
2155 1186 2287 1258 quid
2337 1187 2563 1243 ulterius
2625 1193 2817 1256 praater
2894 1192 3099 1240 rectam
3157 1186 3472 1256 Opinionem

1895 1279 2128 1334 dixisset
2175 1278 2498 1345 Marcellus,
2552 1277 2608 1332 id
2657 1292 2789 1332 sane
2839 1293 2947 1332 non
2999 1281 3472 1348 praetermissurus

1897 1381 2016 1428 erat
2049 1371 2339 1439 Eusebius,
2375 1374 2468 1444 qui
2496 1375 2552 1427 in
2576 1373 2889 1427 Marcellum
2939 1381 3248 1430 commotus
3270 1383 3324 1430 et
3358 1376 3475 1430 nul-

1898 1464 2007 1519 lam
2037 1480 2148 1519 non
2182 1471 2423 1521 sectatus
2455 1464 2684 1520 laedendi
2717 1465 2880 1528 viam,
2907 1479 3018 1519 non
3055 1466 3232 1520 solum
3265 1482 3329 1521 ea
3353 1483 3475 1538 qum

1899 1571 2024 1610 cum
2059 1556 2244 1611 colore
2278 1555 2470 1610 saltem
2498 1555 2683 1626 aliquo
2723 1553 2872 1624 carpi
2901 1559 2955 1608 et
2981 1553 3307 1623 reprehendi
3341 1570 3474 1626 pos-

1901 1653 2052 1712 sunt,
2084 1643 2181 1701 sed
2226 1645 2391 1701 etiam
2425 1659 2488 1699 ea
2521 1660 2644 1715 quae
2693 1658 2827 1700 sana
2871 1651 2927 1698 et
2975 1646 3278 1701 orthodoxa
3319 1657 3471 1712 sunt,

1901 1739 2142 1810 exagitat
2172 1745 2227 1793 et
2261 1738 2555 1808 impietatis
2576 1745 2821 1793 accusat.
2849 1737 2985 1794 Cum
3014 1747 3195 1794 autem
3231 1739 3476 1811 synodus

1902 1831 2149 1886 Romana
2182 1831 2287 1886 sub
2325 1830 2468 1886 Julio
2508 1845 2654 1885 anno
2684 1830 2810 1895 542,
2853 1839 2909 1886 et
2944 1831 3290 1889 Sardicensis
3332 1847 3476 1887 anno

1903 1925 2030 1990 547,
2091 1923 2292 1979 librum
2346 1922 2618 1990 Marcelli,
2674 1923 3000 1980 examinatis
3062 1934 3116 1980 et
3159 1924 3478 1995 ponderatis

1903 2016 2216 2079 sententiis,
2242 2030 2427 2071 errore
2447 2031 2684 2071 vacuum
2713 2016 3135 2081 declaraverint,
3163 2033 3272 2072 non
3298 1999 3480 2087 potest

1904 2112 1961 2164 in
1995 2109 2239 2164 Marcelli
2290 2110 2488 2164 librum
2542 2111 2811 2165 sententia
2848 2111 2977 2166 dici.
3016 2111 3216 2166 Verum
3260 2110 3480 2164 aliunde

1903 2209 2054 2257 tanta
2077 2209 2161 2258 est
2185 2203 2429 2258 virorum
2452 2203 2773 2274 insignium,
2800 2203 2892 2273 qui
2919 2203 3206 2258 adversum
3233 2210 3480 2269 tuentur,

1903 2293 2224 2359 auctoritas,
2243 2301 2305 2348 ut
2325 2293 2418 2349 vix
2440 2309 2706 2350 excusare
2731 2293 3046 2351 Marcellum
3076 2295 3258 2349 liceat.
3283 2293 3484 2360 Quam-

1901 2383 2089 2440 obrem
2121 2385 2401 2452 existimo,
2433 2401 2547 2441 rem
2579 2387 2654 2441 ita
2687 2395 3021 2459 temperasse
3051 2387 3392 2452 Marcellum,
3420 2393 3483 2441 ut

1903 2474 1950 2530 si
1977 2473 2108 2546 quid
2147 2491 2329 2546 pravae
2361 2477 2636 2548 opinionis
2666 2480 2720 2533 in
2761 2480 2899 2534 libro
2933 2495 3034 2535 suo
3071 2478 3389 2541 inseruerit,
3424 2479 3482 2533 id

1901 2567 2194 2622 verborum
2233 2568 2559 2641 ambagibus
2600 2577 2653 2625 et
2693 2571 3109 2626 circuitionibus
3147 2570 3480 2635 involutum,

1902 2657 2064 2713 facile
2112 2660 2353 2729 potuerit
2409 2662 2466 2715 in
2524 2663 2721 2717 bonam
2772 2672 2979 2732 partem
3038 2660 3289 2729 deﬂecti;
3355 2677 3483 2716 cum

1903 2757 2086 2804 autem
2137 2750 2230 2806 ille
2287 2751 2344 2805 in
2399 2750 2763 2807 familiaribus
2813 2753 3104 2823 colloquiis
3139 2752 3207 2807 ad
3258 2767 3482 2824 pravam

1905 2841 2240 2898 sententiam
2277 2841 2425 2896 dicta
2475 2857 2575 2898 sua
2609 2844 2892 2909 derivarit,
2929 2845 3057 2900 hinc
3086 2847 3145 2901 in
3183 2845 3481 2900 multorum

1902 2932 2264 2990 oll‘ensionem
2291 2933 2620 2999 incurrisse,
2650 2945 2713 2991 ut
2741 2935 2884 2991 infra
2922 2938 3140 2994 dicitur.

2521 3047 2752 3104 CAPUT
2792 3049 2882 3104 ιν.

1901 3176 2011 3216 NUI
2050 3179 2366 3220 MARCELLUS
2404 3179 2657 3219 ERBOREH
2697 3182 2763 3219 DE
2805 3181 2976 3220 VEBBO
3014 3183 3084 3222 ET
3124 3184 3266 3223 FlLlO
3305 3183 3394 3222 DEI
3434 3182 3486 3221 IN

1992 3249 2234 3290 DECUBSU
2269 3250 2412 3290 VITE
2451 3251 2587 3289 VOCE
2629 3251 2727 3288 νει,
2768 3251 2992 3291 SCRlPTO
3032 3254 3384 3294 TRADIDERIT.

1902 3345 1942 3400 1.
1980 3344 2313 3420 M_a_rce_llun_z_
2330 3344 2546 3420 Pltotini
2563 3345 2811 3420 discipuli
2837 3346 3053 3420 ltazresis
3071 3351 3124 3404 in
3140 3355 3488 3420 suspicionem

1973 3415 2331 3492 adduxit.
2375 3417 2448 3492 _ln
2509 3417 2784 3492 colloquiis
2831 3418 2941 3486 ipse
2977 3437 3178 3474 errores
3230 3415 3489 3492 sparsisse

1971 3496 2211 3554 putatur.
2240 3486 2328 3540 Ill.
2351 3487 2679 3557 Athanasius
2709 3503 2825 3540 eum
2849 3505 2944 3556 pro
2968 3503 3227 3557 suspecto,
3249 3486 3488 3552 Basilius

1972 3572 2068 3625 pro
2110 3558 2354 3612 haeretica
2373 3557 2576 3610 habuit.
2608 3555 2696 3611 ιν.
2719 3555 3007 3613 Marcellus
3044 3555 3094 3614 et
3146 3561 3489 3622 Marcelliani

1973 3630 2027 3682 in
2053 3626 2178 3696 ﬁdei
2205 3627 2620 3697 professionibus
2666 3627 2921 3684 eatltolice
2969 3632 3274 3701 loquuntur.

1903 3739 1944 3789 Ι.
1990 3739 2276 3790 Marcellum
2317 3737 2518 3788 Photini
2556 3739 2787 3851 disjqiipuil:
2825 3739 3029 3792 heresis
3063 3742 3118 3792 in
3159 3746 3492 3806 suspicionem

2581 3816 2607 3850 a
2680 3816 2740 3850 ux
2791 3839 2804 3851 .

2581 3816 2804 3852 aQGUXll.

1979 3904 2269 3961 Marcellus
2327 3905 2665 3976 synodorum
2727 3905 2987 3964 Romana:
3021 3920 3098 3980 Oet
3149 3910 3494 3971 Sardicensis

1903 3995 2117 4066 judicio
2143 3996 2450 4062 absolutus,
2484 4004 2547 4052 ut
2576 3997 2786 4052 dictum
2820 4006 2926 4065 est,
2952 4007 3230 4073 utcunque
3265 4007 3492 4072 sarcito,

1910 4088 2058 4159 quod
2092 4088 2148 4142 in
2191 4087 2336 4143 fama
2381 4089 2602 4156 tulerat,
2633 4087 2983 4158 detrimento,
3014 4093 3127 4163 jam
3180 4097 3494 4167 suspicione

1911 4179 2052 4247 liber
2090 4188 2145 4234 et
2193 4194 2402 4235 vacuus
2436 4181 2740 4237 videbatur.
2792 4179 2994 4238 Verum
3023 4200 3123 4239 nec
3148 4187 3242 4242 diu
3281 4197 3493 4258 postea,

1913 4273 2070 4328 novis
2092 4272 2254 4326 etiam
2282 4271 2689 4330 Catholicorum
2741 4277 3189 4335 accusationibus
3216 4279 3496 4351 impetitus

1913 4373 2019 4420 est.
2051 4363 2282 4420 Occasio
2313 4363 2418 4419 fuit
2462 4375 2650 4422 exorta
2695 4365 2920 4422 Photini
2963 4368 3229 4425 haeresis:
3263 4371 3312 4427 is
3349 4373 3494 4428 enim

1917 4456 2021 4512 sub
2077 4456 2320 4512 Marcelli
2371 4456 2661 4526 disciplina
2712 4459 3040 4528 institutus,
3092 4475 3156 4516 ac
3197 4461 3393 4518 deinde
3440 4465 3497 4520 in

229 4568 402 4632 circa,
431 4566 512 4622 sic
535 4565 646 4631 ille,
685 4565 1082 4619 sanctissimum
1129 4561 1272 4617 istud
1315 4562 1540 4616 Verbum
1578 4579 1685 4618 non
1723 4561 1809 4616 di-
1843 4569 1889 4625 ι)
1921 4550 2275 4607 δίτίῐὶίθῐιεθηὶ
2329 4551 2647 4622 episcopum
2703 4554 2972 4622 adlecu'ls’
3022 4570 3184 4625 quem
3233 4557 3498 4628 maSiSU'O

227 4660 449 4716 cebatur
511 4669 632 4714 ante
701 4658 1155 4721 incarnationem,
1200 4656 1580 4725 primogenitus
1641 4655 1810 4708 omnis

229 4763 514 4808 creaturae.
542 4750 683 4804 Nam
703 4748 962 4822 quomodo
985 4749 1102 4818 ﬁeri
1121 4755 1346 4817 poterat,
1379 4757 1434 4798 ut
1466 4746 1534 4811 is,
1561 4746 1652 4815 qui
1675 4762 1810 4800 sem-

230 4859 327 4912 per
372 4856 518 4909 erat,
560 4842 788 4911 alicujus
831 4849 963 4894 esset
1008 4839 1385 4909 primogenitus
1414 4840 1439 4892 ε)
1476 4835 1566 4892 sed
1610 4839 1812 4906 primus

230 4936 328 4989 ille
353 4951 514 4989 novus
543 4934 718 4996 homo,
758 4933 811 4985 in
839 4948 993 5003 quem
1019 4932 1196 4985 omnia
1224 4928 1426 4983 volebat
1449 4927 1590 4982 Deus
1614 4929 1817 4982 instau-

234 5043 381 5091 rare,
413 5043 582 5081 sacra:
613 5024 907 5094 Scriptum
934 5023 1338 5092 primogenitum
1366 5020 1535 5074 omnis
1559 5029 1818 5074 creatura!

237 5119 526 5188 appellant.
566 5116 833 5170 Nimirum
867 5116 1054 5169 Ariani
1091 5115 1193 5168 hoc
1240 5113 1468 5178 dictum,
1505 5112 1821 5182 primogeni-

237 5223 352 5266 tum
396 5210 564 5265 omnis
607 5219 884 5272 creaturte,
917 5207 985 5260 ad
1027 5221 1184 5260 suum
1215 5207 1282 5260 de
1317 5204 1495 5259 Verbo
1531 5203 1627 5258 Dei
1660 5211 1823 5259 tuen-

237 5304 370 5358 dum
426 5317 667 5358 errorem
714 5299 1053 5370 usurpabant
1089 5317 1103 5354 :
1137 5314 1202 5353 eo
1249 5298 1393 5352 enim
1441 5302 1822 5365 processerant

237 5385 537 5462 impietatis
572 5400 632 5445 ut
665 5390 931 5454 dicerent,
967 5385 1212 5442 Verbum
1245 5384 1340 5439 Dei
1372 5383 1518 5439 inter
1549 5399 1636 5438 res
1665 5399 1820 5438 crea-

236 5493 326 5542 tas
371 5487 607 5557 primum
654 5499 797 5538 esse.
852 5480 1034 5547 Quare
1095 5477 1384 5533 Marcellus
1434 5477 1492 5531 in
1544 5476 1818 5532 hominem

239 5579 526 5637 Christum
553 5576 687 5632 dicti
713 5577 876 5644 hujus
907 5570 1414 5641 interpretationem
1450 5569 1733 5624 derivabat
1762 5581 1822 5625 ut

237 5671 446 5730 Asterii
491 5675 872 5740 argumentum
924 5664 1261 5734 depelleret;
1303 5679 1412 5734 qua
1470 5664 1526 5718 in
1577 5679 1634 5718 re
1686 5663 1824 5718 nihil

318 5825 340 5859 ³
379 5824 594 5882 Culoss.
623 5841 663 5889 ι,
693 5823 778 5876 15.

568 5918 841 5978 Panos.
875 5913 993 5976 Gn.
1030 5914 1256 5978 XVIII.

1920 4658 2022 4698 suo
2099 4644 2434 4713 ascripserat
2481 4643 2754 4699 Eusebius
2805 4661 3046 4702 errorem
3086 4648 3194 4703 late
3241 4663 3501 4720 spargere

1921 4737 2108 4805 coepit,
2134 4735 2410 4791 Christum
2444 4751 2552 4790 non
2597 4744 2724 4791 ante
2756 4746 2934 4792 ortum
2979 4755 3045 4795 ex
3077 4738 3249 4794 Maria
3279 4739 3502 4813 Virgine

1924 4827 2131 4881 Filium
2159 4825 2255 4881 Dei
2299 4826 2472 4882 fuisse
2509 4827 2814 4884 dictitans:
2848 4845 3018 4899 quare
3069 4831 3162 4887 ille
3210 4832 3400 4887 multis
3445 4849 3501 4887 ιιι

1925 4918 2152 4988 synodis
2175 4918 2464 4972 damnatus
2490 4917 2890 4989 abdicatusque
2915 4928 3000 4974 est
3027 4940 3039 4974 :
3078 4919 3147 4975 Et
3177 4921 3274 4977 hoc
3305 4939 3500 4993 ipsum,

1925 5009 2103 5080 inquit
2135 5007 2408 5080 Sulpicius
2438 5009 2694 5077 Severus,
2731 5011 3047 5066 Marcellum
3073 5015 3350 5084 gravabat,
3376 5018 3504 5086 quia

1925 5103 2188 5158 Photinus
2219 5101 2432 5157 auditor
2463 5103 2578 5170 eius
2603 5103 2770 5172 fuisse
2798 5105 2854 5158 in
2890 5103 3246 5160 adolescentia
3295 5107 3505 5162 videba-

1927 5205 2034 5249 tur.
2067 5193 2334 5250 Haustum
2366 5210 2397 5248 a
2429 5192 2666 5249 Photino
2694 5210 2761 5249 ex
2786 5193 3023 5250 Marcelli
3065 5196 3380 5267 magisterio
3403 5212 3506 5253 er—

1928 5301 2108 5343 rorem
2154 5285 2524 5356 opinabantur
2572 5287 2729 5340 multi
2763 5305 2776 5340 :
2815 5301 2940 5342 cum
2986 5287 3244 5350 maxime,
3277 5287 3405 5344 licet
3447 5288 3505 5344 in

1929 5394 2030 5435 suo
2061 5377 2325 5432 adversus
2358 5377 2635 5432 Asterium
2670 5378 2810 5432 libro
2837 5377 3108 5448 ejusmodi
3152 5378 3291 5434 nihil
3319 5386 3508 5450 aperte

1927 5473 2309 5545 proﬁteretur;
2341 5471 2523 5541 aliqua
2566 5477 2749 5525 tamen
2794 5478 3002 5534 essent,
3032 5485 3154 5540 qua
3187 5469 3510 5526 viderentur

1928 5583 2050 5623 eam
2092 5568 2148 5622 in
2182 5574 2392 5637 partem
2428 5562 2790 5634 propendere.
2825 5561 3142 5634 importune
3182 5563 3354 5634 igitur
3386 5576 3507 5616 ma-

1930 5663 2105 5737 gistro
2145 5658 2369 5726 accidit,
2417 5665 2478 5712 ut
2521 5671 2686 5727 quam
2736 5655 2826 5712 ille
2872 5655 3180 5712 doctrinam
3221 5656 3511 5713 tradidisse

3160 5907 3233 5968 Η
