3792 6150
340 361 469 418 1³291
499 352 508 365 ’

1576 350 1666 405 DE
1695 345 1860 402 VITA
1897 342 1986 398 ΕΤ
2029 340 2347 399 SCRIPTIS

3453 331 3589 387 ηεξ

337 485 631 536 accusatus
674 476 875 539 fuerat,
907 471 1153 529 eamdem
1186 465 1487 536 discipulus
1527 463 1712 533 palam
1743 460 1919 515 disse-
1948 461 1995 517 Α
2021 453 2141 509 Νοη
2178 455 2346 507 alium
2382 466 2514 507 sane
2558 450 2759 506 librum
2805 447 3024 503 videtur
3057 460 3284 517 carpere
3316 444 3586 499 Basilius:

338 573 593 628 minaret.
659 566 797 621 llinc
845 563 1033 619 multis
1091 566 1381 629 suspectus
1446 554 1735 608 Marcellus
1796 566 1918 606 esse

338 662 532 733 coepit,
550 659 707 731 quod
738 662 998 728 putarent
1027 651 1322 706 Photinum
1347 661 1534 703 eorum
1565 645 1918 713 interpretem

336 732 521 826 agere,
571 768 694 823 qua:
740 747 1033 805 Marcellus
1081 744 1275 798 doctor
1322 738 1549 793 obscure
1596 741 1649 789 et
1693 732 1921 789 subdole

338 847 681 925 scripsisset.

576 958 639 1008 ll.
664 955 720 1005 In
740 952 998 1015 colloquiis
1019 960 1215 999 errores
1233 944 1469 1008 sparsisse
1491 944 1704 1004 putatur.

411 1064 533 1118 Alia
566 1062 696 1116 item
719 1055 1012 1114 intervenit
1030 1048 1348 1122 suspieandi
1364 1046 1613 1112 occasio;
1633 1040 1921 1096 Marcellus

345 1157 494 1214 enim
514 1172 647 1209 nova
667 1149 911 1224 qutrdam
934 1151 1171 1209 miseere,
1194 1153 1243 1198 et
1258 1140 1516 1210 ambiguis
1531 1132 1922 1207 praedicationi-

345 1249 462 1311 bus,
509 1245 623 1315 ejus
661 1245 716 1298 in
747 1258 906 1313 quam
952 1238 1212 1294 Photinus
1246 1234 1443 1301 erupit,
1471 1229 1729 1283 doctrina:
1782 1228 1921 1279 viam

352 1356 586 1425 quaerere.
604 1335 951 1409 deprehensus
996 1338 1075 1385 est
1104 1329 1202 1399 (l).
1236 1326 1412 1380 Homo
1437 1323 1639 1394 quippe
1668 1316 1923 1418 garrulus

347 1406 402 1488 et
431 1406 875 1501 loquacissimus,
928 1428 989 1477 ut
1047 1419 1209 1473 habet
1268 1413 1560 1476 Eusebius,
1596 1418 1650 1465 et
1699 1424 1767 1463 ex
1803 1406 1922 1476 ejus

345 1541 468 1595 qua:
497 1499 793 1591 supersunt
822 1512 1141 1585 fragmentis
1186 1506 1374 1562 videre
1401 1517 1506 1568 est,
1543 1502 1670 1556 dum
1703 1499 1757 1553 in
1794 1512 1925 1568 quo-

342 1589 583 1671 tidianisi
623 1605 1057 1665 fabulationibus
1103 1609 1158 1657 et
1199 1597 1511 1667 colloquiis,
1535 1591 1829 1649 obscurius
1866 1589 1924 1643 in

343 1707 527 1763 libello
557 1704 759 1759 tradita
791 1699 1134 1769 explanaret,
1161 1692 1230 1747 ad
1253 1707 1375 1747 eam
1406 1703 1570 1759 quam
1616 1687 1669 1741 in
1702 1681 1924 1756 synodis

343 1800 591 1855 Romana
620 1804 676 1850 et
710 1788 1036 1847 Sardicensi
1058 1784 1462 1856 repudiaverat,
1492 1778 1807 1849 opinionem
1836 1790 1925 1829 re-

341 1892 529 1947 cidere
555 1887 695 1942 forte
710 1880 1168 1953 comperiebatur.
1204 1874 1342 1929 Hinc
1372 1873 1502 1935 late,
1531 1884 1626 1939 per
1644 1865 1923 1923 Orientem

343 1984 603 2048 maxime,
646 1994 875 2050 sparsus
927 1986 1117 2027 rumor
1150 1966 1467 2024 Marcellum
1501 1962 1665 2045 impie
1694 1959 1763 2014 de
1787 1956 1926 2012 Filio

344 2077 441 2132 Dei
464 2074 688 2137 sentire,
714 2069 1014 2137 eademque
1047 2066 1167 2132 ipsa
1204 2060 1403 2115 docere
1440 2069 1562 2125 quas
1598 2040 1656 2107 in
1695 2051 1927 2105 Ariano-

342 2183 470 2223 rum
522 2158 969 2219 accusationibus
1020 2152 1360 2209 ferebantur.
1418 2144 1537 2201 Non
1588 2156 1700 2198 una
1744 2150 1927 2195 tamen

342 2262 450 2317 fuit
482 2259 728 2315 omnium
766 2253 835 2308 de
866 2248 1124 2303 Marcello
1159 2240 1466 2305 sententia;
1505 2252 1654 2302 nam,
1689 2233 1927 2305 Epipha-

345 2355 438 2410 nio
477 2358 639 2413 teste,
688 2345 844 2401 multi
893 2358 991 2413 pro
1044 2337 1301 2393 Marcello
1335 2330 1680 2397 stabant,-,in
1723 2327 1929 2398 quibus

345 2447 612 2502 Paulinus
658 2438 1038 2495 Antiochenus
1095 2431 1390 2501 episcopus
1436 2444 1449 2480 :
1498 2424 1663 2493 idque
1711 2420 1928 2491 signum

345 2549 428 2596 est
462 2535 842 2594 manifestum,
889 2542 1002 2584 non
1045 2525 1222 2596 palam
1267 2529 1321 2575 et
1367 2523 1555 2587 aperte
1614 2511 1928 2567 Marcellum

346 2631 511 2701 impia
536 2625 834 2699 protulisse
858 2621 1111 2690 dogmata
1132 2633 1147 2683 ;
1165 2612 1260 2669 sed
1285 2612 1360 2665 ita
1388 2608 1643 2680 perplexe
1662 2606 1929 2670 locutum,

345 2734 409 2781 ut
426 2696 563 2777 hinc
593 2718 912 2790 opinionum
960 2710 1106 2764 facta
1136 2707 1249 2762 sint
1285 2702 1551 2766 divortia;
1581 2698 1701 2753 aliis
1750 2696 1934 2750 catho-

345 2820 470 2881 lice,
500 2824 754 2885 perverse
791 2815 847 2863 et
892 2803 1057 2874 impie
1101 2800 1224 2855 aliis
1268 2795 1475 2854 sentire
1512 2794 1694 2848 virum
1741 2797 1933 2861 putan-

346 2910 517 2964 tibus.

347 3042 433 3093 lfi.
458 3039 754 3093 Athanasius
794 3049 909 3086 eum
946 3035 1326 3143 prohsqqueto,
1350 3025 1562 3077 Basilius
1586 3036 1676 3088 pro
1697 3022 1933 3073 haeretico

1081 3109 1105 3143 a
1144 3107 1191 3141 υι
1221 3129 1231 3139 .

1081 3107 1231 3143 εουιι.

420 3186 615 3241 Gravis
654 3185 781 3238 item
807 3178 1064 3234 Marcello
1094 3176 1226 3231 hinc
1267 3181 1422 3244 parta
1445 3168 1651 3226 invidia
1688 3167 1925 3230 videtur,
1959 3144 2001 3203 α

350 3296 476 3335 cum
512 3278 621 3332 duo
664 3272 921 3329 Ecclesiae
974 3269 1178 3324 lumina
1228 3263 1563 3319 Athanasius
1598 3269 1653 3316 et
1693 3259 1929 3315 Basilius

350 3388 535 3428 errore
566 3368 830 3423 infecrum
860 3363 1136 3418 hominem
1170 3357 1436 3429 suspicati
1468 3362 1616 3411 sunt.
1664 3351 1739 3407 De
1770 3351 1932 3404 Atha-

351 3466 511 3520 nasio
545 3464 744 3533 quippe
772 3459 887 3513 haec
925 3455 1248 3513 testiﬁcatur
1289 3449 1625 3522 Epiphanius
1653 3444 1930 3517 εἸιρόμην

352 3561 407 3613 δὲ
435 3558 595 3621 αὐτὸς
627 3554 736 3624 ἐγὼ
761 3553 937 3624 χρόνῳ
960 3550 1069 3603 τινὶ
1098 3548 1188 3601 τὸν
1217 3545 1525 3617 μακαρίτην
1550 3541 1736 3594 πάπαν
1776 3536 1932 3590 Ἀθα-

352 3652 536 3705 νάσιον
561 3649 689 3720 περ).
709 3646 900 3699 τούτου
929 3640 1023 3696 1:05
1053 3637 1397 3711 Μαρκέλλου,
1423 3636 1538 3696 πῶς
1572 3633 1636 3686 ἂν
1664 3630 1775 3702 ἔχοι
1802 3627 1931 3699 περὶ

353 3741 540 3797 αὑτοῦ.
600 3719 660 3792 Ὁ
700 3738 757 3790 δὲ
804 3734 926 3789 οὔτε
980 3728 1535 3803 ὑπεραπελογήσατο,
1593 3721 1716 3775 οὔτε
1769 3719 1931 3772 πάλιν

356 3833 492 3906 πρὸς
521 3829 682 3886 αὐτὸν
708 3826 961 3897 ἀπεχθῶς
988 3822 1193 3893 ἠνέχθη
1211 3837 1225 3850 ο
1252 3819 1411 3890 μόνον
1443 3816 1500 3869 δὲ
1523 3814 1611 3868 διὰ
1636 3812 1731 3865 τοῦ
1764 3826 1933 3882 προσ-

354 3901 502 3980 ὠέεου
552 3922 834 3995 μειδιάσας
898 3917 1165 3988 ὑπέφηνε,
1232 3909 1553 3995 μοχθηρίας
1590 3905 1664 3978 μὴ
1718 3901 1932 3995 μακρὰν

356 4013 517 4069 αὐτὸν
554 3993 723 4075 εἶναι,
755 4010 849 4062 καὶ
882 4007 958 4070 ὡς
988 4001 1471 4073 ἀπολογησάμενον
1514 3994 1646 4067 εἶχε.
1702 3993 1758 4047 Id
1806 4000 1931 4047 est:

356 4104 493 4161 Cum
527 4100 814 4173 aiiquando
858 4098 1067 4152 beatum
1095 4111 1289 4166 papam
1329 4091 1675 4145 Athanasium
1707 4088 1935 4139 interro-

354 4211 559 4272 garem,
588 4192 712 4264 quid
741 4190 804 4244 de
834 4186 1089 4243 Marcello
1124 4187 1476 4246 existimaret,
1507 4179 1598 4234 ille
1623 4194 1781 4248 neque
1804 4191 1935 4245 pur-

358 4270 497 4360 gavit
531 4284 814 4349 hominem,
856 4296 1015 4350 neque
1048 4294 1165 4334 vero
1202 4277 1438 4348 asperius
1467 4273 1666 4329 notavit
1697 4287 1715 4325 :
1745 4271 1834 4325 sed
1863 4270 1937 4323 te-

358 4383 496 4437 niter
538 4377 802 4440 arridens,
852 4390 957 4428 non
1002 4372 1227 4425 multum
1264 4369 1328 4422 ab
1369 4365 1703 4436 improbitate
1747 4363 1939 4416 abhor-

361 4476 532 4530 ruisse
574 4469 893 4542 signiﬁcavit
925 4484 941 4521 :
974 4475 1024 4521 et
1052 4466 1105 4519 in
1154 4478 1333 4518 eorum
1374 4460 1509 4527 loco,
1543 4460 1634 4529 qui
1671 4473 1782 4511 sese
1809 4470 1940 4525 pur-

361 4573 596 4639 gassent,
630 4562 835 4617 habuit.
882 4559 1067 4629 Longe
1098 4557 1281 4611 acrior
1309 4553 1571 4615 Basilius,
1619 4548 1935 4603 Marcellum

362 4676 465 4732 pro
514 4658 769 4713 haeretico
822 4654 1006 4720 habet,
1063 4651 1184 4721 ejus
1225 4647 1559 4719 impietatem
1611 4643 1825 4696 Arianae
1870 4655 1938 4694 ex

364 4752 634 4808 diametro
682 4746 989 4817 oppositam
1035 4742 1292 4806 aestimat,
1342 4735 1714 4793 damnandum
1761 4732 1939 4787 homi-

365 4845 570 4899 minem
606 4846 814 4903 censet,
845 4837 971 4906 quia
1001 4834 1325 4905 unigenitum
1359 4831 1567 4901 quidem
1597 4828 1703 4880 dici
1731 4825 1942 4880 verbum

366 4936 554 4999 tradit,
591 4940 846 5004 quatenus
878 4928 951 4983 ad
995 4943 1150 4979 usum
1196 4934 1246 4979 et
1295 4923 1363 4978 ad
1410 4931 1609 4991 tempus
1645 4918 1839 4990 prodit,
1883 4932 1945 4969 ac

365 5045 553 5083 rursus
585 5025 652 5080 ad
680 5040 797 5079 eum
819 5037 884 5076 ex
914 5037 1016 5091 quo
1049 5018 1241 5088 prodiit
1273 5016 1549 5071 revertitur
1576 5030 1593 5068 :
1626 5028 1786 5082 neque
1826 5017 1946 5063 ante

366 5136 654 5194 egressum,
690 5133 823 5182 esse,
872 5130 962 5168 nec
991 5122 1108 5182 post
1157 5125 1473 5181 regressum,
1517 5106 1801 5161 subsistere
1846 5103 1944 5156 ait.

371 5196 537 5284 Cuius
562 5213 637 5266 rei
665 5215 1034 5281 argumentum
1071 5212 1193 5260 sunt
1226 5203 1420 5273 iniqua:
1450 5201 1596 5254 illius
1628 5195 1946 5267 syngrapha:

328 5335 338 5391 ί
372 5308 519 5365 libri.
550 5308 759 5362 Caetera
803 5299 1059 5371 superius
1102 5299 1263 5351 allata
1310 5301 1459 5376 sunt.
1487 5291 1607 5346 Jam
1638 5306 1766 5346 vero
1800 5304 1953 5359 quae-

326 5372 338 5410 ‘I
372 5414 529 5459 ratur
563 5414 690 5454 num
725 5396 915 5465 iniqua
963 5392 1055 5445 illa
1107 5372 1430 5462 συγγραφή(
1469 5400 1632 5457 quam
1687 5388 1954 5437 memorat

376 5489 813 5554 Basilius,'idem
865 5490 983 5559 ipse
1014 5486 1154 5541 liber
1190 5484 1281 5547 sit,
1332 5481 1429 5551 qui
1475 5481 1528 5533 in
1579 5477 1803 5550 synodis
1844 5474 1955 5527 Ro-

378 5600 540 5643 mana
580 5594 635 5639 et
674 5583 991 5639 Sardicensi
1031 5594 1221 5636 errore
1248 5567 1457 5633 vacuus
1490 5574 1800 5630 declaratus
1846 5577 1952 5626 est.

450 5783 528 5852 (1)
566 5782 738 5839 Hilar.
774 5783 990 5852 Fragm.

2022 560 2131 599 non
2178 546 2376 611 legitur
2436 543 2583 596 enim
2635 540 2952 595 Marcellum
3009 538 3178 592 alium
3232 534 3473 590 edidisse
3524 534 3586 586 li—

2020 636 2203 699 brum,
2256 648 2419 704 quam
2466 633 2618 687 illum
2656 640 2850 687 contra
2896 631 3195 693 Asterium,
3239 626 3330 682 cui
3377 626 3589 686 titulus,

2022 726 2099 782 De
2120 727 2447 797 subjectione
2482 725 2718 790 Domini,
2752 732 2893 779 teste
2938 721 3166 777 Hilario.
3213 720 3416 777 Yerum
3453 718 3594 772 dicet

2021 821 2321 892 quispiam,
2365 834 2435 873 an
2480 818 2718 873 Basilius
2752 817 3070 872 baereticum
3116 829 3180 868 ac
3224 811 3591 869 damnandum

2023 911 2225 965 librum
2268 915 2513 972 censeat,
2546 909 2639 977 qui
2679 908 2733 961 in
2777 905 3001 978 synodis
3033 904 3280 957 Romana
3313 911 3368 957 et
3408 900 3594 955 Sardi-

2023 1001 2175 1056 censi
2233 1008 2295 1054 ut
2355 998 2694 1053 orthodoxus
2738 998 3011 1053 admissus
3042 995 3223 1051 fuerit.
3259 994 3396 1049 lluic
3437 1008 3595 1063 argu-

2024 1102 2209 1149 mento
2249 1100 2311 1147 ut
2367 1102 2736 1156 occurratur,
2784 1090 3078 1161 repetenda
3120 1090 3213 1143 illa
3262 1103 3383 1159 quae
3432 1100 3597 1156 supra

2024 1186 2287 1251 diximus,
2327 1184 2643 1239 Marcellum
2694 1184 2951 1238 videlicet
2996 1183 3073 1237 ita
3135 1197 3248 1236 rem
3293 1188 3599 1267 temperare

2024 1274 2292 1344 potuisse,
2331 1281 2391 1326 ut
2413 1273 2717 1356 dicta.ejus
2748 1281 2972 1343 possent
3002 1272 3057 1325 in
3092 1271 3291 1325 bonam
3332 1270 3599 1323 malamve

2026 1375 2234 1436 partem
2271 1364 2504 1420 deﬂecti.
2539 1365 2678 1419 Cum
2705 1371 2887 1419 autem
2909 1363 2999 1418 ille
3029 1357 3365 1434 synodorum
3392 1357 3598 1429 judicio

2024 1474 2267 1528 praesens
2296 1472 2520 1513 causam
2558 1456 2898 1521 defenderet,
2931 1463 2985 1511 et
3022 1470 3214 1510 sanam
3248 1452 3595 1507 Catholicam

2025 1566 2133 1621 que
2163 1549 2436 1604 dictorum
2466 1555 2703 1603 mentem
2732 1554 3016 1612 tueretur;
3065 1543 3168 1599 SS.
3203 1542 3422 1607 Patres,
3454 1540 3603 1613 quod

2027 1645 2232 1698 nullam
2267 1643 2406 1698 liber
2440 1642 2772 1712 impietatem
2800 1640 2978 1709 palam
3009 1646 3063 1693 et
3093 1653 3207 1708 pra:
3240 1651 3300 1692 se
3323 1634 3514 1699 ferret,
3550 1644 3606 1688 et

2027 1738 2188 1793 effata
2219 1735 2340 1806 ejus
2365 1734 2636 1789 catholice
2666 1738 2914 1803 possent,
2951 1738 3009 1784 ut
3053 1727 3347 1783 Marcellus
3373 1733 3604 1781 conten-

1956 1802 2000 1859 Β
2024 1831 2210 1893 debat,
2238 1829 2434 1899 accipi,
2468 1834 2528 1881 ut
2558 1802 2830 1882 insontem
2861 1838 2986 1878 cum
3015 1821 3158 1876 libro
3193 1819 3604 1874 suo‘hominem

2028 1923 2342 1979 absolutum
2395 1919 2743 1974 dimiserunt.
2791 1916 2929 1970 Nam
2982 1914 3112 1985 quid
3143 1928 3273 1969 vere
3318 1914 3375 1967 in
3424 1913 3612 1967 animo

2026 2016 2272 2072 volveret
2304 2014 2618 2078 Marcellus,
2664 2012 2796 2083 quid
2836 2012 2948 2064 imo
2992 2018 3214 2079 pectore
3253 2006 3511 2070 sentiret,
3552 2006 3611 2063 i1

2029 2108 2196 2164 unius
2227 2106 2325 2161 Dei
2346 2105 2559 2176 judicio
2587 2102 3027 2175 permittebatur.
3055 2097 3168 2154 Sub
3191 2100 3329 2164 haec,
3357 2105 3418 2152 ut
3454 2097 3609 2155 arbi-

2028 2201 2318 2255 trabantur
2377 2198 2579 2264 multi,
2631 2211 2757 2250 cum
2814 2193 2868 2247 in
2904 2191 3265 2247 familiaribus
3318 2189 3613 2260 colloquiis

2030 2290 2323 2345 Marcellus
2353 2288 2503 2342 dicta
2542 2300 2642 2341 sua
2678 2281 2980 2340 secundum
3026 2280 3339 2335 haereticam
3371 2285 3612 2333 mentem

2031 2384 2321 2454 discipulis
2353 2381 2695 2451 explanaret,
2743 2377 2977 2448 ejusque
3018 2374 3097 2427 rei
3132 2372 3273 2425 fama
3307 2371 3419 2425 late
3456 2385 3613 2440 vaga.

2031 2484 2207 2541 retur,
2242 2483 2374 2529 tunc
2405 2473 2628 2526 demum
2662 2470 2888 2525 subdole
2918 2477 3100 2522 actum
3143 2464 3400 2519 Marcello
3436 2462 3614 2518 credi-

2032 2577 2146 2622 tum
2177 2572 2282 2628 est,
2318 2565 2545 2634 ipseque
2577 2563 2660 2616 sui
2688 2561 2961 2629 interpres
2994 2558 3194 2611 librum
3224 2568 3395 2624 prava
3434 2563 3617 2608 mente

2033 2658 2410 2727 conscriptqu
2443 2654 2755 2709 declarasse
2786 2652 3023 2705 videtur.
3072 2646 3187 2703 Etsi
3217 2661 3384 2716 porro
3419 2660 3511 2701 res
3558 2645 3612 2698 in

2033 2751 2200 2805 dubio
2226 2760 2497 2810 versetur,
2522 2762 2651 2801 num
2685 2760 2811 2799 vere
2839 2742 3127 2797 Marcellus
3156 2741 3211 2794 in
3232 2754 3375 2805 eam,
3415 2737 3484 2793 de
3507 2752 3618 2808 qua

2033 2843 2356 2915 plerumque
2396 2850 2686 2896 accusatus
2738 2837 2862 2900 fuit,
2922 2834 3260 2906 impietatem
3286 2831 3614 2902 deciderit:

2034 2953 2161 2992 nam
2190 2951 2315 2991 cum
2348 2934 2687 3006 Epiphanius
2716 2930 2971 2984 Marcello
3002 2927 3251 2998 aequalis,
3286 2925 3475 2980 varias
3517 2925 3618 2978 hac

2035 3029 2104 3084 de
2141 3044 2200 3084 re
2230 3026 2663 3083 orthodoxorum
2698 3021 3003 3078 sententias
3047 3028 3180 3074 tunc
3211 3017 3387 3073 fuisse
3422 3015 3618 3072 testiﬁ-

2036 3129 2214 3185 cetur,
2256 3135 2361 3175 nec
2388 3119 2587 3173 audeat
2616 3119 2732 3186 ipse
2761 3115 3083 3169 alterutram
3130 3112 3185 3166 in
3218 3120 3430 3181 partem
3488 3124 3625 3163 cou-

2038 3215 2252 3276 cedere,
2291 3211 2424 3282 quid
2452 3225 2746 3280 possumus
2777 3222 2882 3261 nos
2913 3214 2992 3259 tot
3021 3205 3091 3258 ab
3120 3204 3245 3258 inde
3273 3201 3484 3272 elapsis
3523 3216 3623 3256 sa:-

2037 3308 2177 3362 culis
2211 3303 2531 3361 aestimare?
2572 3316 2737 3371 grave
2768 3307 2950 3354 tamen
3003 3306 3392 3367 argumentum
3424 3302 3621 3348 contra

2038 3397 2353 3452 Marcellum
2383 3395 2511 3448 hinc
2542 3394 2777 3456 eruitur,
2826 3389 2973 3460 quod
3008 3390 3146 3443 tanti
3179 3387 3437 3443 doctores
3468 3386 3623 3442 Basi-

2037 3490 2147 3545 lius
2198 3497 2252 3544 et
2304 3485 2662 3549 Athanasius,
2702 3484 2906 3554 quibus
2938 3496 3046 3535 non
3096 3481 3255 3534 facile
3300 3487 3422 3533 erat
3454 3479 3624 3533 verba

2038 3582 2192 3647 dare,
2224 3595 2347 3635 eum
2402 3579 2489 3633 vel
2523 3592 2754 3648 prorsus
2803 3575 3147 3636 haereticum,
3200 3571 3281 3627 vel
3326 3568 3624 3626 admodum

2040 3680 2357 3745 suspectum
2396 3671 2707 3726 habuerint.

2039 3807 2120 3858 IV.
2147 3806 2411 3856 Marcellus
2442 3810 2495 3853 et
2524 3804 2825 3853 Marcelliani
2868 3805 2919 3851 in
2949 3802 3063 3850 ﬁdei
3097 3799 3493 3864 professionibus
3537 3811 3621 3848 ca-

2586 3867 2768 3915 tholice
2793 3867 3082 3926 loquuntur.

2113 3998 2186 4053 Ut
2253 4007 2315 4053 ut
2374 3998 2448 4053 sit
2493 3998 2561 4053 de
2629 3996 2872 4052 Marcelli
2920 3995 3219 4063 opinione,
3275 3993 3624 4064 exploratum

2043 4107 2177 4147 sane
2219 4101 2304 4147 est
2349 4108 2475 4147 cum
2520 4092 2700 4154 illum,
2751 4098 2864 4143 tum
2912 4089 3216 4159 discipulos
3256 4088 3379 4155 ejus
3416 4088 3473 4140 in
3504 4084 3625 4140 fidei

2044 4182 2296 4239 formulis
2343 4199 2483 4254 quas
2526 4183 2796 4247 obtulere,
2837 4181 2931 4235 ubi
2977 4182 3083 4236 sibi
3120 4180 3427 4249 ascriptum
3471 4192 3626 4233 erro.

2044 4292 2159 4331 rem
2186 4277 2450 4331 damnant
2480 4283 2534 4331 et
2565 4275 2877 4345 repudiant,
2907 4290 3018 4329 non
3052 4272 3442 4343 pmnitentium
3474 4280 3527 4325 et
3554 4286 3626 4324 re-

2046 4368 2425 4438 sipiscentium
2467 4384 2621 4423 more
2686 4368 2741 4422 id
2788 4383 2982 4438 agere;
3041 4366 3137 4421 sed
3178 4364 3364 4419 addita
3410 4377 3625 4434 semper

2046 4467 2304 4520 cautione
2345 4466 2788 4521 adversariorum
2834 4464 3143 4520 calumnias
3192 4462 3495 4532 depellere.
3529 4473 3625 4514 nec

2044 4574 2103 4614 se
2127 4558 2200 4612 ita
2231 4560 2465 4614 sentisse
2522 4558 2791 4613 conﬁteri.
2814 4557 2870 4611 hl
2903 4558 3161 4612 observes
3196 4554 3342 4624 apud
3390 4552 3625 4624 Epipha-

2039 4648 2192 4703 nium
2243 4650 2298 4703 in
2348 4648 2604 4703 Formula
2636 4648 2757 4703 fidei
2804 4647 3070 4712 Marcelli,
3098 4644 3244 4699 Julio
3286 4644 3498 4705 oblata,
3541 4643 3627 4695 ubi

2043 4745 2091 4797 is
2123 4758 2182 4797 se
2207 4742 2281 4795 ita
2313 4742 2556 4797 sensisse
2590 4750 2753 4811 negat
2783 4747 2842 4793 ut
2865 4739 3056 4793 Ariani
3088 4737 3417 4793 dictitabant
3450 4754 3464 4789 :
3497 4745 3552 4789 et
3579 4737 3627 4786 in

2044 4835 2326 4890 luculenta
2360 4834 2482 4889 ﬁdei
2519 4833 2751 4888 formula
2794 4833 2852 4887 in
2880 4831 3152 4902 legatione
3183 4828 3440 4899 Eugenii,
3467 4842 3629 4897 quam

2046 4944 2196 4983 nunc
2224 4929 2463 4998 primum
2494 4944 2525 4982 e
2559 4926 2798 4982 tenebris
2831 4926 3101 4985 eruimus,
3133 4922 3215 4978 sic
3244 4922 3487 4992 legitur:
3525 4917 3633 4972 Νε-

2047 5037 2145 5091 que
2186 5021 2325 5073 enim
2375 5035 2642 5073 censemus
2681 5018 2849 5071 alium
2898 5033 3011 5070 esse
3042 5013 3265 5075 Filium,
3315 5012 3490 5065 alium
3527 5026 3635 5064 esse

2062 5112 2310 5176 Verbum,
2348 5125 2405 5164 ut
2438 5111 2654 5181 quidam
2699 5126 2793 5163 nos
2837 5109 3033 5163 sentire
3066 5104 3274 5160 mentiti
3305 5112 3430 5157 sunt
3462 5118 3480 5154 :
3511 5102 3636 5156 item

2052 5207 2109 5260 in
2147 5205 2506 5277 Expositione
2549 5204 2673 5259 ﬁdei
2724 5203 2792 5257 ad
2845 5202 3304 5258 Dioczrsarienses
3345 5201 3639 5270 episc0pos

2053 5300 2259 5362 oblata,
2298 5299 2453 5352 aiunt
2499 5296 2839 5351 Marcelliani
2892 5311 2952 5351 se
2996 5295 3229 5349 libenter
3252 5292 3517 5347 Patribus
3558 5305 3640 5344 re—

2056 5392 2332 5463 Spnndere
2372 5389 2809 5453 sciscitantibus,
2848 5395 2907 5442 ut
2943 5387 3082 5442 falso
3120 5386 3304 5440 oblata
3335 5384 3440 5439 sibi
3471 5391 3643 5438 teme-

2058 5493 2191 5541 rata:
2238 5483 2524 5555 religionis
2559 5482 2795 5537 crimina
2825 5480 3234 5551 propulsarent,
3278 5477 3370 5531 διὰ
3406 5475 3643 5547 μάλιστα

2057 5577 2183 5641 τοὺς
2208 5574 2569 5648 βουλομένους
2608 5571 2856 5645 ματαίως
2885 5568 3134 5643 θρυλλεῖν
3169 5570 3300 5640 περὶ
3328 5565 3491 5639 ἡμῶν
3523 5579 3642 5619 τινα
