3792 6150
261 379 285 429 1
297 377 400 431 ειοδ

260 589 622 643 orthodoxam
661 591 989 646 sententiam
1018 589 1141 645 ﬁdei
1171 590 1437 647 formulas
1469 608 1598 647 suas
1624 609 1840 663 semper

261 681 670 744 concinnarint,
717 693 770 736 et
817 683 1040 738 aliunde
1073 699 1104 737 a
1148 685 1340 739 multis
1375 695 1692 741 sanctorum
1736 686 1840 741 Pa-

261 789 408 830 trum
443 775 699 830 Marcello
749 775 1042 846 :equalium
1081 791 1180 846 pro
1212 777 1487 832 haereticis
1519 779 1602 833 vel
1646 795 1840 849 suspe-

261 871 369 926 ctis
397 871 567 924 habiti
601 869 826 933 fuerint,
858 885 970 923 non
1005 869 1205 923 mirum
1237 871 1282 925 si
1320 878 1474 924 tanta
1501 871 1665 924 fuerit
1691 871 1839 926 circa

262 960 506 1014 Marcelli
559 961 718 1014 fidem
779 961 1175 1014 sententiarum
1229 961 1511 1026 varietas,
1579 967 1837 1030 quantam

259 1054 482 1110 exhibet
513 1053 876 1126 Epiphanius.

877 1190 1108 1246 CAPUT
1157 1190 1222 1246 V.

795 1322 1117 1360 IIAHCELLUII
1158 1323 1372 1369 UNQUAII
1427 1323 1460 1361 Δ
1497 1323 1837 1362 COMMUNIONE

817 1393 915 1432 SUA
954 1393 1286 1432 BEMOVERIT.

258 1321 371 1360 HUI
413 1321 745 1362 ATHANASIUS

260 1511 306 1566 1.
347 1511 670 1567 Athanasius
720 1511 1038 1566 Marcellum
1085 1531 1118 1565 a
1165 1515 1529 1568 communione
1586 1533 1684 1568 sua
1736 1533 1840 1569 non

333 1581 641 1656 remover_at'
672 1593 798 1656 ante
828 1600 1036 1656 annum
1091 1584 1214 1638 558.
1268 1585 1332 1639 ll.
1387 1583 1500 1638 Nec
1552 1587 1840 1656 instigante

329 1664 511 1721 postea
543 1654 751 1707 Basilio
783 1652 837 1706 id
869 1655 989 1723 egit.

258 1766 304 1816 Ῑ.
328 1767 622 1816 Athanasius
645 1767 925 1815 Marcellum
951 1781 974 1814 a
1000 1768 1342 1816 communione
1369 1782 1454 1818 sua
1476 1783 1572 1816 non
1611 1781 1837 1818 remove-

508 1838 582 1878 rat
606 1836 720 1878 ante
743 1842 921 1877 annuat
944 1829 1052 1878 358.
1082 1830 1276 1892 Fragm.
1305 1831 1352 1889 2,
1379 1845 1427 1892 p.
1459 1831 1589 1879 1500.

333 1948 688 2010 Athanasius,
735 1950 826 2018 qui
872 1949 1062 2004 multis
1109 1949 1269 2003 annis
1314 1947 1570 2004 Marcello
1601 1949 1840 2004 fortuna-

261 2057 386 2097 rum
412 2057 640 2097 consors
669 2051 722 2096 et
763 2041 970 2097 amicus
1002 2041 1201 2108 fuerat,
1247 2042 1465 2098 demum
1499 2043 1708 2113 sparsis
1746 2059 1840 2097 ru-

259 2134 531 2195 moribus,
568 2141 623 2188 et
673 2135 947 2188 clarorum
983 2133 1266 2188 hominum
1307 2135 1641 2188 testimoniis
1671 2133 1841 2188 abdu-

261 2234 409 2290 ctus,
440 2238 601 2294 quem
634 2224 789 2292 prius
817 2239 926 2292 pro-
949 2222 1214 2279 facultate
1258 2224 1600 2287 defenderat,
1647 2239 1841 2293 suspe-

260 2323 411 2370 ctum
444 2314 646 2369 habere
677 2314 862 2384 coepit.
888 2314 945 2368 ld
983 2314 1289 2384 Epiphanio
1323 2323 1462 2371 teste
1499 2315 1836 2371 ediscimus:

213 2409 218 2418 '
261 2406 375 2468 cui,
407 2415 595 2475 utpote
642 2405 711 2459 ab
776 2405 1082 2460 Athanasio
1133 2406 1254 2475 ipso
1317 2406 1503 2460 audita
1565 2407 1838 2470 narranti,

259 2495 426 2550 ﬁdem
481 2497 747 2566 derogare
792 2513 902 2550 non
937 2498 1082 2552 licet.
1136 2497 1337 2552 Verum
1375 2497 1650 2564 Hilarius,
1709 2500 1839 2554 item

258 2586 512 2655 aequalis,
565 2601 630 2641 eo
690 2596 914 2641 ventum
974 2603 1098 2642 esse
1147 2588 1497 2654 testiﬁcatur,
1557 2602 1618 2643 ut
1673 2590 1838 2645 etiam

259 2676 520 2732 Marcello
563 2681 1005 2735 communionem
1057 2682 1388 2739 Athanasius
1445 2693 1688 2755 negaret.
1737 2684 1838 2740 Sed

260 2788 359 2825 cur
412 2772 685 2843 abnegata:
745 2775 1154 2836 communionis,
1217 2775 1297 2830 sic
1350 2776 1464 2838 ille,
1513 2778 1839 2830 Athanasius

259 2880 383 2918 reus
415 2865 912 2925 esserescribitur?
945 2865 1200 2936 Nunquid
1238 2876 1449 2937 propter
1493 2868 1616 2921 libri
1655 2869 1840 2922 vitium

259 2957 552 3012 Marcellus
581 2958 851 3012 abstentus
875 2961 996 3014 est?
1024 2958 1201 3013 Testes
1227 2961 1326 3028 ipsi
1351 2969 1495 3024 sunt,
1526 2977 1591 3015 ea:
1621 2962 1840 3016 institu-

263 3054 332 3106 tis
355 3052 469 3122 ejus
490 3052 777 3106 Photinum
800 3053 1160 3120 perversitatis
1184 3053 1341 3107 istius
1357 3054 1509 3106 initia
1533 3055 1835 3122 sumpsisse.

262 3143 410 3198 Nam
471 3155 661 3215 negata
709 3145 813 3198 sibi
863 3143 926 3197 ab
983 3145 1277 3198 Athanasio
1323 3148 1706 3210 communione,
1755 3147 1838 3199 in-

262 3254 448 3309 gressu
492 3255 606 3290 sese
647 3237 882 3290 ecclesia:
928 3235 1215 3292 Marcellus
1261 3238 1534 3290 abstinuit.
1569 3236 1658 3290 Ita
1698 3255 1842 3291 com-

260 3329 447 3381 munio
481 3344 601 3380 cum
646 3345 706 3382 eo
744 3328 800 3380 in
851 3328 957 3381 ista
992 3328 1095 3396 ﬁde
1133 3328 1196 3382 de
1226 3328 1544 3396 subiectione
1577 3339 1626 3383 et
1672 3329 1846 3384 tradi-

261 3421 404 3476 tione
458 3421 602 3490 regni
663 3421 811 3474 docet

262 3515 452 3568 ctrina:
497 3515 718 3568 alterius
770 3514 1020 3568 ostendit.
1072 3513 1152 3579 Ex
1203 3513 1435 3579 Hilario,
1494 3522 1553 3569 ut
1603 3516 1840 3579 videtur,

263 3613 546 3662 mutuatus
588 3605 868 3678 Sulpicius
921 3607 1179 3668 Severus,
1236 3607 1472 3677 idipsum
1526 3615 1714 3660 narrat
1761 3607 1845 3662 his

263 3697 443 3752 verbis
473 3717 484 3752 :
515 3697 798 3767 Interjeclo
843 3697 1028 3751 deinde
1079 3708 1326 3766 tempore,
1351 3698 1676 3752 Athanasius
1726 3717 1846 3753 cum

263 3787 579 3844 Marcellum
628 3807 819 3860 parum
859 3806 1006 3843 sana:
1054 3790 1178 3858 ﬁdei
1220 3807 1332 3844 esse
1390 3792 1759 3859 comperisset,
1813 3809 1846 3845 a

264 3884 628 3934 communione
657 3878 951 3949 suspendit.
983 3879 1287 3951 Ilabuitque
1309 3880 1402 3934 ille
1429 3881 1565 3934 hanc
1601 3899 1846 3936 verecun-

264 3972 432 4036 diam,
459 3982 516 4025 ut
548 3975 684 4026 tanti
715 3972 1039 4042 virijudicio
1064 3982 1279 4026 notatus
1309 3983 1491 4041 sponte
1520 3975 1842 4031 concederet.

264 4061 531 4117 Craterum
579 4074 736 4117 antea
778 4065 1052 4127 innocens,
1085 4073 1268 4131 postea
1299 4063 1643 4133 deprauatus,
1681 4066 1846 4120 videri

264 4166 473 4227 poterat
509 4157 628 4226 jam
672 4167 783 4209 tum
837 4174 1024 4210 nocens
1059 4155 1246 4224 fuisse,
1294 4174 1412 4211 cum
1468 4157 1532 4211 de
1580 4175 1638 4212 eo
1671 4159 1847 4225 fuerat

265 4248 584 4314 iudicatum.
624 4248 728 4303 Sed
761 4249 875 4303 haec
910 4248 1175 4311 Hilarius,
1211 4265 1372 4318 quem
1418 4247 1697 4320 Sulpicius
1740 4267 1846 4304 au~

267 4347 476 4394 ctorem
505 4341 686 4404 habet,
721 4356 788 4394 ex
823 4340 1017 4410 synodi
1059 4339 1400 4403 Sirmiensis,
1432 4341 1489 4395 in
1521 4358 1629 4412 qua
1659 4341 1848 4396 Photi-

267 4447 374 4485 nus
409 4446 552 4486 anno
583 4432 685 4486 549
742 4431 1036 4485 damnatus
1075 4441 1178 4496 est,
1222 4433 1491 4502 rescripto
1538 4442 1842 4490 mutuatur.

266 4523 405 4578 Cum
433 4535 612 4577 autem
649 4524 790 4576 hanc
821 4523 1090 4593 synodum
1122 4524 1311 4578 Ariani
1337 4525 1681 4582 solummodo
1707 4543 1848 4598 prte-

267 4616 417 4670 sules
469 4615 890 4680 celebraverint,
934 4616 1085 4670 nulla
1124 4615 1191 4670 iis
1243 4616 1379 4673 ﬁdes
1435 4618 1705 4684 habenda,
1749 4612 1842 4690 qui

266 4716 528 4763 sexcenta
561 4708 761 4763 similia
802 4715 994 4762 contra
1023 4708 1384 4763 Athanasium
1415 4719 1469 4765 et
1504 4711 1840 4778 Marcellum,

265 4811 384 4856 tum
419 4803 586 4856 verbo
622 4812 736 4856 tum
768 4804 993 4872 scripto,
1029 4817 1286 4872 spargere
1316 4804 1588 4860 solebant.
1620 4806 1702 4859 Ad
1731 4809 1844 4862 lucc

264 4896 603 4951 Athanasius
651 4897 844 4952 saltem
894 4897 961 4950 ad
995 4911 1198 4949 annum
1251 4913 1426 4966 usque
1457 4899 1582 4961 558,
1620 4899 1846 4956 Marcel-

265 4989 382 5042 lum
418 4997 476 5042 ut
505 4991 777 5044 insontem
821 4998 876 5043 et
919 4989 1205 5044 fraudibus
1237 4989 1566 5044 Arianorum
1607 4993 1844 5046 circum-

266 5091 488 5136 ventum
521 5083 787 5146 defendit,
821 5093 881 5137 ut
912 5083 1098 5138 videre
1147 5091 1234 5138 est
1265 5085 1319 5137 in
1352 5085 1612 5155 Apologia
1661 5096 1845 5139 contra

268 5177 524 5240 Arianos,
558 5177 613 5230 in
646 5176 911 5247 Apologia
955 5177 1019 5231 de
1048 5177 1196 5247 fuga,
1229 5187 1282 5232 et
1312 5177 1364 5231 in
1396 5176 1639 5232 Historia
1680 5180 1844 5233 Aria-

267 5283 459 5320 norum
497 5269 565 5319 ad
596 5270 877 5322 monachos
905 5285 921 5322 :
948 5269 1092 5323 unde
1119 5269 1400 5338 propalam
1434 5269 1505 5323 sit
1543 5285 1650 5323 non
1684 5271 1845 5325 modo

269 5359 679 5414 communionis
733 5360 1049 5414 societatem
1114 5375 1238 5414 cum
1303 5360 1395 5412 illo
1456 5361 1689 5426 fovisse;
1749 5361 1845 5415 sed

269 5449 436 5503 etiam
478 5450 722 5504 nondum
768 5451 821 5504 in
857 5451 1003 5504 illam
1042 5452 1268 5506 venisse
1301 5458 1488 5505 contra
1533 5451 1844 5506 Marcellum

271 5541 670 5610 suspicionem,
713 5559 875 5612 quam
920 5553 1185 5598 memorat
1218 5543 1575 5613 Epiphanius.
1613 5544 1679 5596 Et
1717 5559 1848 5598 sane

269 5648 509 5690 concors
551 5645 636 5690 est
671 5652 810 5705 pene
859 5637 1104 5690 omnium
1140 5637 1436 5698 sententia,
1482 5635 1608 5690 huic
1653 5636 1844 5690 Hilarii

272 5727 612 5789 testimonio,
649 5737 840 5798 utpote
869 5729 936 5784 ab
962 5727 1182 5784 Arianis
1215 5737 1461 5800 accepto,
1493 5729 1697 5784 nullam
1725 5745 1847 5786 esse.

270 5817 430 5873 tidem
465 5819 792 5877 habendam.

1565 379 1913 436 MARCELLI
1951 383 2325 440 ANCYRANI.

257 497 449 568 ψευδῆ.
481 496 617 552 Cum
647 503 826 551 autem
858 496 1150 553 Marcellus
1175 505 1227 552 et
1252 496 1508 566 discipuli
1534 501 1834 555 secundum
1865 508 1913 562 Α

863 3437 879 3473 :
926 3431 1116 3490 negata
1175 3438 1388 3474 rursum
1439 3424 1702 3489 pravitate
1750 3421 1854 3477 do-'

3380 389 3515 450 1294

2281 503 2342 552 ll.
2372 502 2474 552 Nec
2493 503 2760 565 instigante
2784 505 2964 555 Basilio
2988 507 3037 555 id
3056 509 3175 570 egit.

2015 615 2132 671 Non
2185 617 2385 672 desunt
2431 621 2522 688 qui
2562 618 2878 675 Marcellum
2932 622 3153 690 quidem
3189 623 3244 676 in
3272 633 3517 695 tempore

1941 721 2038 775 per
2102 706 2368 762 Hilarium
2435 716 2727 772 annotato,
2797 710 3042 765 nondum
3101 713 3169 765 ab
3219 712 3517 767 Athanasio

1942 799 2261 854 damnatum
2298 802 2467 857 fuisse
2498 802 2818 857 existiment
2852 821 2867 869 ;
2911 804 3003 857 sed
3046 803 3244 858 deinde
3273 819 3516 859 commo-

1940 899 2103 946 vente
2139 891 2366 956 Basilio,
2406 893 2475 948 ab
2519 894 2819 949 Athanasio
2858 893 3174 948 Marcellum
3202 902 3256 948 et
3286 891 3516 948 Marcel-

1941 983 2124 1039 lianos
2165 999 2194 1037 a
2243 985 2629 1040 communione
2667 995 2907 1042 remotos
2955 986 3126 1042 fuisse
3157 986 3514 1040 arbitrentur.

1941 1075 2008 1130 Et
2038 1076 2155 1131 haec
2186 1076 2315 1131 item
2353 1084 2437 1132 est
2466 1075 2796 1133 Tillemontii
2826 1079 3032 1148 opinio.
3060 1077 3260 1132 Verum
3291 1079 3514 1149 ignora-

1941 1167 2074 1221 bant
2102 1167 2180 1220 illi
2211 1167 2531 1222 Marcellum
2560 1177 2614 1223 et
2647 1171 2886 1224 asseclas
2918 1169 3146 1242 Eugenii
3181 1179 3236 1225 et
3277 1171 3513 1226 aliorum

1941 1261 2292 1331 deputatione
2328 1261 2612 1317 Athanasii
2656 1262 2928 1332 judicium
2974 1263 3338 1332 prazvertissc.
3379 1262 3514 1317 Cum

1942 1352 2087 1404 enim
2123 1351 2353 1406 instaret
2377 1351 2633 1414 Basilius,
2667 1362 2925 1423 urgerent
2960 1353 3049 1406 alii
3090 1354 3333 1423 episcopi
3363 1353 3518 1408 dam-

1941 1442 2291 1513 nandumque
2356 1443 2667 1498 Marcellum
2709 1444 3005 1500 Athanasio
3060 1446 3400 1511 dictitarent,
3457 1461 3518 1500 re

1941 1543 2241 1605 comperta,
2281 1535 2594 1600 Marcellus,
2647 1546 2706 1590 ut
2759 1553 2950 1591 eorum
2988 1546 3219 1593 conatus
3261 1547 3316 1593 et
3359 1538 3518 1592 moli-

1942 1627 2091 1680 mina
2157 1627 2557 1698 interpellaret,
2619 1637 2867 1684 oratores
2932 1631 3026 1699 qui
3087 1645 3310 1684 causam
3371 1631 3517 1701 apud

1941 1719 2302 1775 Athanasium
2355 1738 2510 1777 suam
2564 1733 2808 1794 agerent,
2859 1740 2923 1779 ac
2971 1725 3054 1779 sui
3101 1725 3518 1795 Ancyranteque

1868 1852 1911 1906 Β
1944 1810 2203 1867 Ecclesiae
2259 1815 2483 1870 nomine
2538 1814 2664 1871 ﬁdei
2721 1816 3122 1886 professionem
3173 1817 3514 1879 emitterent,

1941 1905 2225 1977 delegavit.
2260 1907 2508 1980 Cumque
2541 1910 2842 1979 legatorum
2875 1911 3109 1967 formula
3133 1925 3320 1966 sanam
3354 1925 3516 1989 pror-

1943 2015 2039 2054 sus
2068 2009 2123 2055 et
2166 2001 2531 2057 orthodoxam
2565 2003 2727 2058 ﬁdem
2765 2004 3068 2075 praeferret,
3110 2005 3240 2058 huic
3275 2004 3518 2058 Athana-

1943 2095 2060 2150 sius
2099 2111 2224 2151 cum
2270 2098 2394 2153 aliis
2440 2099 2534 2168 qui
2582 2099 2808 2153 aderant
2846 2100 3122 2170 episcopis
3164 2099 3516 2168 astipulatus.

1941 2189 2156 2244 litteras
2179 2190 2662 2247 commendatitias
2688 2191 3008 2262 rogantibus
3037 2192 3333 2248 concessit.
3361 2190 3518 2257 Quod

1937 2281 2050 2351 jam
2091 2281 2362 2337 neminem
2399 2280 2615 2335 inﬁcias
2644 2283 2847 2336 iturum
2887 2281 3144 2338 arbitror.

2568 2419 2797 2474 CAPUT
2835 2419 2922 2474 Vl.

1939 2540 2006 2579 DE
2057 2540 2322 2580 MARCELLI
2375 2543 2444 2581 ET
2495 2542 2768 2582 ECCLESIIE
2826 2543 3112 2581 ANCYBANJ“.
3166 2543 3234 2579 ΑΙ)
3279 2541 3520 2582 ATHANA-

2046 2612 2173 2653 SIUI
2213 2613 2541 2664 LEGATIONE,
2575 2614 2718 2661 QUAM
2767 2614 2902 2652 NUNC
2947 2614 3150 2652 Ριωιωι
3192 2613 3409 2652 EDIIIUS.

1940 2709 1981 2764 l.
2016 2709 2192 2780 Hujus
2227 2711 2504 2782 legationis
2545 2713 2814 2780 exemplar
2855 2711 2990 2782 unde
3025 2710 3264 2780 prodeat.
3301 2711 3363 2763 Il.
3398 2710 3520 2777 Qua

2010 2781 2286 2836 occasione
2344 2793 2394 2836 et
2446 2799 2546 2851 quo
2585 2800 2726 2836 anno
2773 2782 2918 2850 facta
2968 2781 3158 2851 legatio
3203 2782 3384 2848 fuerit.
3431 2782 3516 2835 ΙΙΙ.

2010 2851 2088 2905 De
2115 2852 2240 2921 ﬁdei
2264 2853 2588 2921 professione
2623 2852 2865 2906 Marcelli
2913 2855 3122 2904 nomine
3155 2853 3400 2905 recitata.
3426 2852 3519 2906 IV.

2011 2921 2090 2976 De
2147 2923 2622 2992 subscriptionibus
2664 2922 3038 2993 Ai'gyptiorum
3090 2922 3400 2989 prazsulum.
3454 2922 3516 2977 ν.

2013 2993 2119 3060 Qui
2149 2994 2311 3062 fuerit
2341 2994 2536 3064 negotii
2563 2996 2752 3048 exitus.

2125 3106 2164 3156 Ι.
2190 3107 2348 3169 Hujus
2373 3107 2637 3169 legationis
2660 3107 2916 3168 exemplar
2939 3105 3069 3154 unde
3094 3105 3312 3167 prodeat.

1867 3213 1910 3270 C
2013 3207 2224 3264 Prodiit
2271 3226 2334 3263 ex
2384 3210 2713 3265 bibliotheca
2755 3209 3090 3264 Scorialensi
3133 3209 3331 3279 legatio
3378 3205 3520 3260 Mar-

1946 3302 2071 3357 celli
2118 3309 2172 3357 et
2228 3302 2375 3357 Eccl.
2433 3302 2735 3373 Ancyranze
2795 3299 2864 3354 ad
2907 3301 3291 3356 Athanasium.
3345 3297 3521 3368 Hujus

1945 3403 2127 3449 autem
2167 3395 2444 3464 exemplar
2471 3393 2758 3448 Mediolani
2788 3395 2846 3448 in
2871 3393 3122 3451 biblioth.
3157 3391 3524 3447 Ambrosiam

1947 3485 2094 3541 inter
2142 3487 2362 3541 codices
2389 3486 2608 3542 Graecos
2646 3486 2849 3542 recenti
2905 3501 3071 3540 manu
3118 3484 3383 3554 scriptum
3425 3483 3516 3538 de-

1945 3579 2363 3648 prehendimus.
2395 3578 2599 3649 Estque
2643 3594 2870 3633 aureum
2903 3578 3007 3632 hoc
3039 3577 3364 3647 opusculum
3401 3590 3523 3629 oma

1947 3671 2108 3726 nibus
2159 3671 2274 3726 suis
2322 3672 2565 3727 numeris
2603 3680 2658 3727 et
2697 3671 2946 3743 partibus
2990 3670 3298 3724 absolutum
3337 3687 3350 3722 :
3388 3669 3524 3722 sub-

1947 3764 2276 3834 scriptiones
2325 3772 2508 3818 tamen
2542 3763 2921 3834 zEgyptiorum
2976 3762 3271 3833 praesulum
3319 3762 3372 3815 in
3413 3762 3523 3815 line

1948 3855 2228 3919 subnexae,
2277 3863 2568 3919 truncatae,
2630 3864 2690 3910 ut
2730 3856 2999 3926 liquidum
3053 3863 3158 3918 est,
3203 3869 3266 3907 ac
3316 3853 3522 3906 mutila:

1948 3955 2114 4012 sunt;
2167 3947 2242 4000 ita
2285 3957 2343 4001 ut
2387 3947 2562 4017 ipsius
2610 3947 2899 4003 Athanasii
2943 3963 3165 4012 nomen,
3201 3943 3347 4014 quod
3396 3945 3520 3997 aliis

1949 4039 2092 4091 haud
2117 4038 2283 4094 dubie
2313 4041 2658 4109 praemissum
2689 4046 2828 4103 erat,
2869 4039 3157 4095 exciderit.
3200 4036 3326 4091 Hinc
3356 4052 3521 4107 porro

1949 4130 2413 4200 subscriptionum
2455 4148 2577 4186 sors
2607 4130 2728 4196 fuit,
2766 4140 2826 4185 ut
2858 4131 3273 4186 amanuensium
3308 4129 3521 4183 incuria

1948 4223 2192 4290 perirent
2239 4241 2252 4276 :
2303 4225 2432 4292 quia
2490 4225 2568 4278 illi
2616 4239 2768 4279 mera
2823 4225 3044 4279 nomina
3105 4223 3172 4278 ad
3225 4240 3338 4279 rem
3385 4225 3524 4280 nihil

1948 4315 2223 4382 pertinere
2270 4315 2682 4370 arbitrabantur
2741 4335 2753 4370 :
2795 4317 2923 4370 inde
2979 4322 3084 4378 est,
3136 4315 3281 4385 quod
3340 4315 3532 4370 Sardi-

1949 4420 2144 4461 censes
2222 4407 2655 4477 subscriptiones
2717 4409 2925 4461 mutilae
2996 4407 3140 4469 sint,
3205 4407 3533 4478 pariterque

1951 4499 2337 4555 Alexandrinae
2368 4501 2495 4554 anni
2527 4501 2653 4553 521.
2689 4501 2746 4554 ln
2771 4499 3170 4554 contestatione
3205 4506 3390 4554 autem
3425 4516 3528 4570 po-

1954 4591 2065 4660 puli
2110 4591 2466 4646 Ale‘xandrini
2509 4606 2650 4645 anno
2694 4590 2799 4644 556
2841 4591 3006 4655 facta,
3062 4589 3532 4659 subscriptiones,

1947 4698 2068 4751 quae
2143 4698 2341 4753 magno
2397 4697 2626 4737 numero
2681 4689 2873 4744 erant,
2933 4695 2964 4734 a
3016 4680 3256 4736 librariis
3307 4683 3525 4753 penitus

1947 4773 2163 4828 omissa:
2207 4783 2355 4827 sunt.
2413 4772 2500 4826 Nil
2541 4787 2670 4842 ergo
2710 4772 2910 4827 mirum
2959 4773 3049 4827 hic
3091 4772 3526 4844 subscriptiones

1947 4882 2173 4920 maneas
2195 4875 2247 4921 et
2277 4867 2500 4920 mutilas
2533 4866 2738 4920 haberi.

2061 4977 2116 5030 Il.
2147 4982 2249 5039 Qua
2273 4981 2527 5028 occasione
2549 4983 2717 5039 etquo
2739 4990 2866 5026 anno
2887 4977 3012 5026 facta
3036 4977 3220 5042 legatio
3243 4977 3409 5028 fuerit.

2019 5087 2152 5152 Qua:
2196 5101 2386 5150 causa,
2431 5100 2620 5154 quaeve
2651 5085 2872 5139 occasio
2909 5084 3078 5153 hujus
3129 5084 3413 5140 mittendae
3448 5085 3521 5139 le-

1949 5179 2188 5250 gationis
2233 5177 2491 5231 Marcello
2542 5175 2728 5236 fuerit,
2779 5174 2924 5229 haud
2965 5173 3181 5230 diﬁicile
3227 5184 3312 5230 est
3348 5191 3522 5246 augu-

1950 5273 2081 5326 rari.
2129 5271 2266 5324 Cum
2316 5270 2460 5325 enim
2509 5284 2650 5323 anno
2704 5268 2924 5323 circiter
2953 5268 3050 5322 571
3083 5266 3320 5322 Basilius
3345 5276 3400 5322 et
3433 5268 3525 5320 alii

1950 5362 2192 5432 episcopi
2253 5361 2394 5429 apud
2434 5360 2793 5413 Athanasium
2827 5358 2878 5411 id
2918 5359 3262 5422 molirentur,
3291 5365 3352 5411 ut
3383 5358 3519 5414 Mar-

1950 5455 2148 5509 cellum
2170 5461 2428 5521 tanquam
2454 5467 2607 5506 novae
2629 5451 2900 5504 haereseos
2919 5450 3138 5504 Arianis
3165 5465 3231 5504 ex
3255 5449 3534 5505 diametro

1951 5546 2215 5616 oppositze
2283 5551 2598 5605 auctorem,
2670 5542 2739 5596 ab
2804 5541 3068 5597 Ecclesia
3136 5543 3534 5599 communione

1953 5639 2341 5693 submoverent
2398 5654 2410 5688 :
2453 5652 2558 5688 non
2603 5635 2828 5689 nescius
2886 5635 3175 5690 Marcellus
3214 5634 3268 5688 id
3317 5652 3412 5691 eos
3469 5637 3529 5690 in

1954 5729 2252 5799 perniciem
2298 5743 2453 5783 suam
2522 5727 2854 5788 machinari,
2900 5736 2959 5780 ut
3003 5727 3313 5797 proximum
3384 5730 3528 5797 peri-

1955 5839 2020 5878 cu
2051 5837 2139 5876 um
2192 5822 2530 5888 declinaret,
2602 5820 3085 5878 commendatitias
3139 5822 3530 5892 episcoporum
