3792 6150
352 351 493 409 ’295

1580 338 1667 391 DE
1707 337 1867 393 VITA
1901 334 1985 389 ET
2027 334 2336 391 SCRIPTIS

3452 327 3593 383 12θὸ

350 466 572 522 Achaia
629 470 684 518 et
736 460 1066 517 Macedonia
1141 458 1209 512 ad
1278 455 1640 511 Athanasium
1707 455 1919 509 litteras
1948 451 2089 517 Aiis
2134 451 2544 507 communionis
2604 449 2864 521 expetiit,
2917 456 2973 503 et
3023 445 3369 517 impetravit,
3435 447 3593 518 queis

351 554 667 627 efﬂagitavit
707 569 723 608 :
754 567 879 607 nam
916 567 1040 607 cum
1071 550 1158 605 his
1209 547 1445 603 maxime
1476 547 1778 601 Athanasio
1819 545 1923 600 do-

354 650 549 703 ctrina
575 645 917 701 consortium
942 654 998 699 et
1025 642 1338 713 epistolaris
1386 640 1731 694 familiaritas
1754 641 1924 692 inter-

351 739 579 794 cedebat
617 756 632 793 :
666 737 776 791 Καὶ
801 734 991 788 τούτου
1050 734 1146 787 τοῦ
1202 732 1490 804 δόγματος,
1545 732 1723 801 inquit
1775 730 1926 785 Basi-

352 832 463 887 lius
506 830 587 903 (Ξ)
616 831 684 885 de
725 829 1044 890 Athanasio,
1076 826 1366 889 κοινωνούς
1399 843 1489 897 μοι
1522 825 1920 896 παρεχομένου,

351 923 478 986 τούς
504 939 563 975 τε
584 922 682 993 τῆς
705 918 1066 982 Μακεδονίας,
1091 919 1185 972 καὶ
1216 918 1316 988 τῆς
1351 917 1568 988 Ἀχαΐας
1591 915 1922 977 ἐπισκόπους

353 1015 622 1080 ἅπαντας.
685 1014 783 1071 His
841 1013 1148 1083 impetratis
1197 1013 1392 1066 litteris
1450 1009 1744 1065 Marcellus
1802 1017 1921 1061 tum

352 1123 477 1170 suo,
522 1118 634 1162 tum
683 1108 853 1163 totius
902 1106 1179 1177 Ancyrani
1219 1103 1354 1160 cleri
1401 1103 1644 1167 nomine,
1671 1108 1921 1156 oratores

352 1199 520 1254 mittit
563 1200 630 1253 ad
680 1199 1036 1253 Athanasium
1070 1215 1085 1264 ;
1140 1196 1444 1267 Eugenium
1481 1195 1692 1250 scilicet
1732 1194 1922 1248 diaco-

352 1306 505 1355 num,
535 1291 800 1361 aliosque,
829 1290 922 1360 qui
951 1290 1131 1345 oblata
1171 1289 1274 1344 sibi
1303 1289 1533 1342 crimina
1566 1286 1917 1357 depellerent,

349 1390 407 1437 et
461 1383 583 1439 ﬁdei
643 1383 1038 1454 professionem
1089 1397 1273 1437 coram
1311 1380 1615 1435 Athanasio
1655 1387 1709 1433 et
1751 1377 1920 1448 [Egy-

350 1475 481 1545 ptiis
519 1475 843 1544 prasulihus
906 1477 1218 1530 recitarent.
1261 1472 1385 1528 iiac
1410 1488 1577 1544 porro
1621 1472 1817 1543 legatio
1861 1471 1917 1524 in

350 1580 555 1620 annum
603 1566 708 1621 572
761 1567 1047 1622 commode
1111 1565 1402 1630 referatur,
1454 1565 1614 1634 cujus
1672 1563 1917 1633 computi

350 1660 491 1714 ratio
530 1660 634 1715 hoc
683 1661 846 1715 modo
895 1661 1177 1715 statuitur.
1237 1657 1474 1714 Basilius
1517 1671 1661 1711 anno
1704 1656 1810 1710 570
1858 1655 1916 1709 in

348 1749 747 1807 Casariensem
796 1752 1115 1823 episcopum
1170 1758 1460 1822 cooptatus
1497 1756 1583 1805 est
1626 1769 1638 1803 :
1676 1747 1768 1803 cui
1807 1746 1915 1802 fre-

348 1860 524 1915 quens
552 1860 677 1899 cum
703 1846 1000 1901 Athanasio
1032 1846 1386 1915 epistolarum
1414 1859 1547 1901 usus
1579 1842 1703 1908 fuit,
1743 1843 1797 1896 in
1823 1855 1918 1895 ea-

346 1950 468 1990 rum
506 1952 629 2007 qua
667 1945 963 2007 supersunt
1001 1945 1274 2007 postrema
1309 1936 1378 1991 de
1416 1933 1728 1990 damnando
1772 1932 1915 1987 Mar-

346 2028 489 2084 cello
517 2030 718 2100 agitur,
764 2045 994 2099 eamque
1019 2044 1120 2084 nos
1148 2030 1206 2084 in
1249 2043 1451 2083 annum
1490 2027 1587 2081 571
1626 2024 1916 2081 conferen-

347 2120 471 2174 dam
496 2128 773 2191 putamus.
818 2121 992 2191 Hujus
1032 2130 1217 2176 autem
1262 2120 1555 2175 occasione
1599 2123 1915 2188 susceptam

345 2212 672 2282 legationem
706 2222 760 2269 et
800 2214 1090 2269 adventum
1139 2213 1367 2284 Eugenii
1409 2210 1799 2267 Alexandriam
1857 2208 1915 2262 in

347 2316 663 2377 sequentem
729 2322 933 2362 annum
994 2308 1344 2377 conjicimus,
1397 2306 1525 2378 quia
1590 2312 1671 2360 tot
1724 2302 1914 2359 missis

346 2399 491 2452 uitro
544 2399 797 2468 citroque
836 2398 1024 2453 Basilii
1083 2397 1150 2452 ad
1192 2398 1575 2462 Athanasium,
1627 2392 1912 2449 Athanasii

345 2489 415 2544 ad
454 2488 715 2547 Basilium
766 2492 985 2556 litteris,
1029 2491 1159 2544 anni
1198 2490 1301 2545 570
1337 2490 1520 2554 finem,
1551 2494 1605 2543 et
1631 2486 1912 2558 sequentis

347 2582 639 2637 maximam
690 2591 899 2653 partem
927 2584 1169 2653 elapsam
1211 2591 1488 2653 putamus.
1534 2580 1593 2635 Id
1627 2588 1809 2635 autem
1844 2594 1911 2635 ex

345 2676 660 2746 conjectura
697 2684 905 2730 tantum
931 2675 1188 2739 dicimus,
1225 2677 1349 2744 quia
1376 2675 1717 2744 exploratum
1759 2672 1910 2726 vide-

345 2774 437 2819 tur
481 2765 536 2820 id
578 2768 840 2824 extremis
878 2767 1164 2822 Athanasii
1206 2767 1332 2821 vita
1366 2766 1547 2830 annis,
1588 2774 1643 2820 et
1676 2764 1912 2820 fortasse

346 2857 624 2912 mensibus
660 2866 842 2912 actum
872 2874 1013 2915 esse.
1046 2859 1297 2916 Attamen
1317 2861 1538 2916 nonnisi
1563 2858 1908 2929 augurando,

346 2946 652 3002 litterarum
696 2950 839 3004 ultro
888 2951 1135 3022 citroque
1171 2952 1464 3007 missarum
1522 2952 1697 3021 spatia
1753 2950 1911 3005 meti-

344 3053 488 3092 mur.
514 3038 736 3095 Certum
780 3040 1141 3097 nihilominus
1180 3041 1396 3097 videtur
1423 3041 1491 3095 ab
1522 3056 1667 3095 anno
1698 3040 1797 3094 571
1840 3039 1905 3094 ad

2028 542 2274 596 munitos
2328 542 2535 612 legatos
2606 555 2737 596 suos
2792 537 2860 592 ad
2900 537 3261 592 Athanasium
3306 535 3479 590 misit.
3530 534 3589 589 ln

2024 632 2129 687 hac
2176 640 2357 688 autem
2415 633 2682 703 legatione
2726 630 2911 686 omnia
2962 628 3192 683 mirifice
3243 627 3522 697 quadrant
3572 648 3587 681 :

2029 738 2157 778 nam
2209 730 2408 792 prater
2442 723 2564 778 illas
2601 736 2632 775 a
2668 718 2998 774 Macedonia
3029 726 3083 773 et
3120 717 3342 771 Achaia
3378 717 3593 787 episco-

2022 816 2130 885 pis,
2183 831 2292 885 quo
2343 822 2588 885 tempore
2631 814 2709 867 illi
2776 827 2901 866 cum
2962 810 3259 865 Athanasio
3307 807 3376 863 de
3424 808 3593 862 rebus

2025 902 2153 956 fidei
2198 904 2510 972 conjunctis
2557 901 2759 956 animis
2819 900 3152 961 tractabant,
3197 900 3464 969 expetitas
3502 898 3594 952 lito-

2023 1003 2219 1060 teras;
2269 994 2324 1047 in
2385 993 2509 1047 fidei
2560 992 2904 1063 professione
2970 992 3228 1062 legationi
3267 992 3589 1062 subjuncta,

2022 1088 2220 1135 contra
2264 1081 2565 1136 Anomaos
2611 1081 2869 1141 maxime,
2902 1080 3061 1149 quasi
3096 1089 3226 1135 tunc
3255 1083 3593 1135 tumultuan-

2023 1181 2109 1228 tes
2155 1175 2368 1244 agitur,
2421 1174 2569 1243 quod
2613 1173 2855 1243 apprime
2900 1173 3078 1227 eidem
3126 1176 3358 1245 tempori
3388 1191 3588 1232 conve-

2020 1262 2175 1329 niat;
2230 1270 2287 1318 et
2345 1276 2467 1334 post
2523 1262 2647 1319 fidei
2731 1261 3023 1318 formulam
3076 1281 3105 1319 a
3157 1266 3347 1337 legatis
3401 1252 3588 1322 coram

2018 1352 2320 1408 Athanasio
2392 1356 2718 1421 recitatam,
2798 1356 3279 1413 commendatitias
3349 1357 3454 1428 ipsi
3521 1360 3593 1412 ab

2016 1444 2322 1500 Athanasio
2357 1444 2571 1501 litteras
2607 1446 2910 1516 postulant,
2951 1462 3091 1517 quas
3131 1447 3472 1517 impetratas,
3502 1465 3593 1521 sy-

2017 1536 2163 1591 nodo
2200 1535 2622 1592 Diocasariensi
2659 1538 3031 1607 protulerunt,
3061 1548 3119 1592 ut
3150 1538 3292 1591 infra
3330 1539 3587 1595 dicimus.

2124 1648 2212 1699 III.
2233 1649 2310 1700 De
2335 1649 2448 1699 fidei
2469 1649 2774 1712 professione
2799 1649 3019 1700 Marcelli
3037 1652 3233 1700 nomine
3250 1653 3474 1701 recitata.

2089 1754 2445 1820 Athanasius,
2484 1763 2543 1810 ut
2567 1756 2661 1827 qui
2702 1755 3000 1811 multorum
3041 1763 3096 1810 et
3134 1753 3322 1811 Basilii
3356 1755 3593 1809 maxime

2021 1855 2247 1902 narratu
2283 1848 2578 1913 abductus,
2613 1858 2925 1918 suspectam
2952 1847 3192 1902 Marcelli
3227 1847 3388 1902 fidem
3420 1846 3591 1901 habe-

2018 1943 2135 2002 ret,
2196 1947 2445 1994 oratores
2489 1937 2557 1993 de
2598 1937 2851 1993 doctrina
2898 1946 3273 2009 percontatur.
3328 1935 3413 1991 llli
3469 1935 3590 1990 fidei

2018 2027 2313 2083 formulam
2380 2030 2589 2096 edunt,
2664 2030 2951 2100 primoque
3022 2028 3256 2084 haresin
3328 2030 3591 2083 Arianam

2016 2120 2281 2175 damnant
2317 2121 2697 2184 anathemate,
2731 2135 2796 2175 ac
2827 2121 2889 2174 τὸ
2923 2120 3205 2192 ὁμοούσιον
3240 2120 3590 2190 profitentur.

2016 2209 2157 2266 Hinc
2210 2212 2317 2267 sibi
2359 2214 2658 2283 ascriptam
2696 2210 2818 2267 Filii
2863 2223 2912 2267 et
2958 2211 3122 2269 Verbi
3177 2212 3593 2269 distinctionem

2013 2303 2338 2375 repudiant,
2391 2303 2777 2374 affirmantque
2818 2305 3184 2376 sycophantas
3224 2319 3368 2369 esse,
3406 2305 3505 2375 qui
3539 2320 3595 2358 se

2013 2411 2078 2449 ea
2104 2396 2172 2451 de
2200 2412 2259 2451 re
2292 2397 2348 2450 in
2388 2397 2597 2451 crimen
2640 2403 2906 2451 vocarent
2944 2416 2955 2450 :
3001 2395 3300 2451 Sabellium
3348 2397 3592 2465 proscri-

2014 2490 2173 2551 bunt,
2209 2498 2434 2560 tresque
2461 2491 2514 2544 in
2551 2488 2819 2546 Trinitate
2844 2490 3207 2547 subsistentes
3237 2487 3588 2543 confitentur.

2012 2579 2088 2632 Οὐ
2112 2577 2241 2650 γὰρ,
2273 2579 2549 2649 inquiunt,
2582 2578 2948 2632 ἀνυπόστατον
2974 2578 3073 2650 τὴν
3094 2577 3300 2650 Τριάδα
3322 2577 3556 2648 λέγομεν
3576 2595 3591 2605 ·

2011 2670 2125 2724 ἀλλ’
2156 2673 2214 2723 ὲν
2251 2672 2544 2725 ὑποστάσει
2588 2671 2757 2741 αὐτὴν
2811 2671 3185 2742 γινώσκομεν
3218 2671 3292 2731 .id
3317 2680 3424 2733 est.
3470 2670 3592 2724 Non

2009 2762 2151 2814 enim
2177 2759 2497 2815 Trinitatem
2525 2762 2640 2816 sine
2672 2760 2973 2815 substantia
3009 2761 3116 2815 sive
3156 2760 3433 2832 ἠθροιιωὶ
3460 2759 3591 2813 dici-

2012 2871 2126 2909 mus
2168 2872 2280 2911 esse
2306 2900 2321 2923 ,
2357 2872 2533 2910 verum
2574 2855 2627 2909 in
2674 2856 2945 2926 Iiypostasi
2988 2855 3158 2923 ipsam
3201 2855 3587 2925 cognoscimus.

2011 2947 2114 3003 Ubi
2140 2948 2583 3004 animadvertere
2612 2955 2696 3003 est
2732 2946 3045 3002 Marcellum
3091 2961 3193 3017 pro
3235 2954 3461 3001 assueto
3490 2944 3590 2999 sibi

2010 3056 2164 3098 more
2185 3057 2351 3097 unam
2383 3048 2596 3096 tantum
2632 3040 2959 3112 hypostasin
2999 3040 3055 3094 in
3096 3039 3366 3094 Trinitate
3396 3037 3591 3093 admit-

343 3133 450 3188 575
484 3148 595 3202 quo
640 3133 974 3190 Athanasius
1014 3151 1045 3191 e
1077 3135 1213 3192 vivis
1264 3136 1524 3200 excessit,
1580 3135 1906 3205 legationem
1936 3149 1977 3206 ε
2012 3140 2149 3197 tere,
2208 3132 2340 3203 quia
2392 3132 2691 3185 ὑπόστασιν
2741 3146 2841 3200 pro
2895 3130 3209 3187 substantia
3269 3128 3590 3201 accipiebat.

342 3241 468 3281 esse
502 3225 718 3281 factam.

413 3315 483 3371 Ut
541 3325 723 3372 autem
783 3333 906 3372 cum
970 3318 1172 3388 negotii
1212 3318 1405 3381 series,
1449 3327 1565 3373 tum
1621 3318 1908 3388 legationis

340 3409 632 3483 γνησιότης
665 3413 907 3481 apertior
943 3412 1159 3474 evadat,
1193 3412 1457 3466 nonnulla
1491 3409 1582 3464 hic
1613 3411 1910 3467 observare

341 3516 524 3570 opera
596 3504 833 3571 pretium
902 3502 1088 3558 fuerit.
1160 3502 1430 3557 Nimirum
1497 3517 1606 3572 quo
1663 3510 1910 3572 tempore

342 3593 680 3652 Athanasius
731 3605 786 3652 et
815 3596 1073 3663 Basilius,
1110 3598 1294 3653 missis
1336 3597 1594 3667 utrinque
1636 3596 1907 3666 epistolis,

342 3686 411 3740 de
448 3686 612 3743 rebus
656 3688 1051 3744 ecclesiasticis
1105 3688 1358 3759 agebant,
1408 3688 1621 3743 scilicet
1654 3688 1723 3742 ab
1765 3702 1911 3741 anno

342 3774 448 3829 570
487 3775 555 3829 ad
589 3778 695 3832 575
742 3788 987 3832 mutuam
1041 3778 1169 3832 item
1223 3779 1525 3835 Athanasio
1565 3778 1736 3834 fuisse
1785 3793 1911 3833 cum

342 3858 589 3931 Epicteto
640 3862 890 3919 Corinthi
936 3874 990 3921 et
1047 3866 1170 3922 aliis
1217 3867 1433 3921 Achaia
1474 3876 1527 3923 et
1580 3867 1914 3923 Macedonia

338 3953 614 4024 episcopis
653 3955 954 4011 litterarum
1006 3957 1074 4013 de
1122 3957 1286 4013 rebus
1326 3959 1483 4014 fidem
1539 3961 1914 4030 spectantibus

344 4044 817 4109 consuetudinem,
864 4055 925 4101 ut
967 4049 1021 4103 in
1064 4049 1295 4119 epistola
1337 4049 1622 4106 Athanasii
1673 4053 1740 4107 ad
1786 4053 1913 4122 Epi-

344 4132 547 4191 ctetum
578 4135 829 4192 Corinthi
863 4154 1006 4193 anno
1043 4141 1141 4193 571
1194 4142 1362 4197 missa
1402 4142 1587 4197 videre
1616 4151 1720 4208 est,
1757 4145 1906 4198 item-

344 4243 450 4296 que
487 4244 550 4282 ex
577 4230 741 4283 allato
768 4247 933 4301 supra
971 4230 1159 4287 Basilii
1188 4234 1309 4289 loco
1336 4236 1744 4303 comprobatur.
1775 4234 1910 4290 Cum

346 4336 476 4391 ergo
503 4322 629 4376 novi
675 4322 955 4392 quidpiam
999 4322 1069 4378 dc
1118 4324 1391 4380 catholica
1425 4326 1527 4381 fide
1562 4326 1617 4380 in
1653 4327 1914 4382 Ecclesiis

343 4413 562 4468 Achaia
613 4425 667 4470 et
714 4414 1044 4470 Macedonia
1091 4417 1412 4487 agitaretur,
1470 4434 1560 4473 res
1620 4420 1801 4475 statim
1847 4421 1914 4474 ad

2012 3221 2131 3289 Qua
2158 3221 2226 3277 de
2257 3237 2320 3276 re
2357 3227 2539 3275 actum
2576 3228 2661 3275 est
2694 3221 2750 3274 in
2796 3218 3007 3291 synodo
3026 3217 3407 3285 Alexandrina
3446 3232 3592 3271 anno

2011 3313 2138 3378 562,
2171 3313 2264 3367 ubi
2290 3312 2475 3367 allatis
2510 3311 2657 3366 ultro
2701 3312 2957 3381 citroque
2992 3309 3321 3377 rationibus,
3369 3318 3483 3362 tam
3527 3308 3595 3361 iis

2011 3407 2105 3474 qui
2143 3420 2309 3459 unam
2345 3412 2579 3472 tantum,
2619 3421 2649 3460 e
2679 3419 2912 3475 quorum
2951 3418 3179 3459 numero
3211 3400 3591 3465 Marcelliani;

2011 3513 2175 3569 quam
2207 3498 2274 3555 iis
2303 3499 2395 3569 qui
2426 3506 2539 3553 tres
2560 3499 2886 3569 hypostases
2921 3494 3339 3569 proﬁtebantur,
3372 3500 3433 3549 ut
3464 3508 3593 3548 suas

2013 3591 2116 3645 sibi
2149 3590 2415 3645 formulas
2444 3591 2748 3646 retinerent
2780 3574 3109 3645 concessum
3140 3594 3259 3653 est;
3288 3587 3421 3642 dum
3442 3587 3480 3641 ii
3500 3586 3591 3656 qni

2014 3697 2203 3746 unam,
2236 3683 2402 3737 trium
2455 3682 2909 3749 distinctionem;
2952 3681 2990 3737 ii
3022 3697 3152 3737 vero
3202 3680 3295 3751 qui
3346 3688 3463 3734 tres
3496 3679 3580 3749 by-

2012 3780 2260 3842 postases
2327 3772 2609 3835 dicebant,
2672 3771 2936 3825 unitatem
2984 3769 3303 3825 substantia
3374 3767 3589 3837 proﬁte-

2013 3874 2224 3919 rentur.
2264 3863 2378 3920 Sub
2424 3864 2539 3919 hac
2586 3873 2765 3919 autem
2810 3870 3003 3919 contra
3043 3864 3343 3918 Anomaos
3390 3860 3590 3931 agitur.

2013 3959 2107 4028 qui
2146 3955 2343 4011 Filium
2378 3957 2528 4010 Patri
2576 3956 2919 4018 dissimilem,
2969 3953 3240 4023 Spiritum
3300 3966 3437 4008 vero
3465 3968 3588 4007 san-

2016 4055 2164 4101 ctum
2193 4055 2502 4103 creaturam
2530 4062 2653 4102 esse
2680 4047 2955 4101 dicebant.
2998 4044 3138 4100 Hinc
3174 4043 3499 4115 proceditur
3526 4042 3591 4095 ad

2015 4152 2211 4193 eorum
2254 4138 2651 4208 repudiandam
2697 4138 3043 4201 sententiam,
3087 4136 3180 4205 qui
3219 4133 3473 4189 dicerent
3502 4131 3588 4186 Fi-

2018 4229 2151 4282 lium
2203 4225 2298 4285 Dei
2346 4229 2403 4283 in
2448 4235 2694 4283 sanctum
2741 4227 3016 4282 hominem
3069 4242 3135 4281 ex
3188 4223 3358 4277 Maria
3408 4233 3588 4277 natum

2023 4317 2253 4387 perinde
2290 4326 2453 4387 atque
2486 4318 2539 4371 in
2571 4317 2806 4388 aliquem
2845 4333 2910 4372 ex
2946 4317 3225 4389 prophetis
3254 4315 3544 4370 advenisse
3574 4334 3587 4366 :

2020 4425 2181 4480 quam
2213 4408 2445 4464 harcsin
2476 4423 2505 4462 a
2545 4407 2715 4464 Paulo
2760 4407 3140 4472 Samosateno,
3183 4415 3245 4461 ut
3274 4407 3587 4477 putabatur.

342 4505 706 4562 Athanasium
729 4507 1096 4575 deferebatur,
1129 4517 1188 4564 ut
1221 4512 1359 4565 tanti
1402 4511 1643 4567 doctoris
1670 4514 1914 4569 auctori-
1946 4489 1990 4542 ι)
2019 4512 2227 4570 ortam,
2271 4516 2463 4573 posma
2504 4502 2896 4574 redintegravit
2941 4501 3247 4563 Nestorius.
3280 4518 3391 4573 qua
3432 4501 3501 4555 de
3535 4514 3587 4553 re

346 4606 474 4663 tate,
498 4600 543 4654 si
572 4600 704 4669 quid
736 4602 863 4657 novi
894 4616 924 4655 a
949 4604 1260 4658 temerariis
1291 4603 1619 4670 hominibus,
1651 4605 1745 4675 qui
1777 4605 1915 4661 bene

344 4692 503 4745 multi
541 4692 634 4746 illa
682 4703 1005 4764 tempestate
1040 4703 1219 4760 erant,
1265 4696 1412 4751 circa
1447 4696 1652 4753 Christi
1708 4698 1915 4754 doctri-

344 4795 471 4835 nam
509 4780 849 4852 proferretur
887 4785 941 4839 in
980 4785 1218 4841 medium
1252 4804 1268 4854 ;
1323 4787 1509 4842 statim
1544 4788 1627 4842 vel
1672 4790 1914 4859 compri-

344 4880 609 4935 meretur,
665 4875 744 4928 vel
794 4874 1195 4941 confutaretur,
1247 4893 1317 4932 ne
1370 4879 1649 4949 vulgatum
1709 4881 1913 4933 malum

344 4961 511 5017 latius
544 4972 809 5034 serperet.
840 4963 919 5022 Ne
961 4968 1150 5034 multa,
1190 4970 1333 5024 inter
1380 4970 1664 5041 episcopos
1694 4972 1915 5027 Achaia

342 5060 397 5108 et
437 5054 798 5112 Athanasium
847 5059 985 5111 mira
1036 5066 1157 5114 erat
1215 5061 1480 5117 doctrina
1530 5071 1583 5117 et
1631 5064 1913 5134 religionis

343 5147 726 5203 consonantia.
750 5147 888 5203 Cum
916 5165 1046 5222 ergo
1074 5151 1362 5209 Marcellus
1403 5171 1461 5209 se
1494 5170 1522 5208 a
1560 5153 1785 5220 Basilio,
1819 5159 1911 5226 qui

343 5238 473 5293 item
530 5257 724 5313 magna
779 5251 899 5297 erat
944 5244 1090 5315 apud
1147 5245 1509 5301 Athanasium
1562 5251 1909 5311 auctoritate,

343 5332 541 5387 acriter
592 5335 898 5405 impetitum
932 5345 1209 5402 cerneret,
1256 5353 1322 5393 ac
1370 5339 1669 5411 instigante
1705 5340 1911 5396 Basilio

343 5438 403 5478 se
435 5425 504 5479 ab
543 5424 843 5483 Athanasio
873 5428 1244 5485 damnandum
1280 5431 1395 5487 fore
1434 5434 1815 5503 prospiceret;
1854 5441 1913 5487 ut

344 5514 482 5565 tanti
530 5516 759 5583 periculi
802 5519 1023 5584 molem,
1058 5521 1440 5591 episcoporum
1468 5522 1686 5577 Achaia
1716 5531 1770 5578 ct
1804 5523 1915 5575 Ma-

345 5604 587 5657 cedonia
640 5608 1137 5673 commendatione,
1194 5611 1523 5675 declinaret,
1573 5612 1788 5666 litteras
1847 5613 1915 5665 ab

2022 4594 2206 4665 gravia
2253 4594 2306 4647 in
2350 4592 2572 4649 Oriente
2612 4592 2839 4649 dissidia
2877 4593 3111 4647 excitata
3155 4600 3331 4646 sunt:
3373 4591 3587 4646 demum

2021 4686 2277 4740 damnata
2336 4684 2487 4738 Pauli
2536 4682 2875 4739 Samosatcni
2922 4689 2978 4738 ct
3027 4682 3246 4737 Photini
3290 4682 3585 4752 impietate.

2020 4777 2296 4832 clauditur
2332 4776 2457 4831 ﬁdei
2491 4774 2744 4839 formula,
2773 4791 2881 4845 qna
2919 4776 3123 4829 nullam
3164 4783 3364 4845 quarto
3393 4775 3587 4830 saeculo

2022 4866 2437 4922 luculentiorem
2461 4907 2476 4931 ,
2512 4866 2746 4937 fideique
2781 4864 3080 4921 Catholica
3109 4865 3586 4936 congruentiorem

2019 4960 2283 5029 reperias.

2155 5048 2232 5098 ιν.
2258 5050 2332 5100 De
2355 5049 2794 5112 subscriptionibus
2817 5049 3156 5113 .Egyptiomm
3178 5051 3465 5112 prasulum.

2089 5150 2203 5207 Hac
2243 5153 2388 5208 edita
2423 5151 2804 5214 confessione,
2834 5161 3084 5209 oratores
3120 5151 3588 5207 commendatitias

2019 5245 2231 5299 litteras
2262 5245 2330 5297 ab
2358 5242 2662 5299 Athanasio
2685 5246 2965 5315 postulant
2991 5246 3416 5315 impetrantque.
3454 5245 3587 5299 Tum

2018 5338 2351 5392 Athanasius
2393 5339 2707 5407 caterique,
2736 5338 2829 5407 qui
2869 5336 3162 5391 conventui
3204 5336 3612 5399 interfuerant;

2021 5429 2144 5485 fidei
2192 5428 2591 5498 professionem
2641 5427 2917 5498 suffragiis
2950 5436 3003 5484 et
3041 5428 3451 5498 subscriptione
3495 5443 3585 5482 sua

2021 5522 2295 5575 muniunt.
2335 5519 2427 5573 Ha
2454 5536 2619 5591 porro
2662 5520 3095 5589 subscriptiones
3140 5520 3350 5573 mutila
3386 5518 3453 5573 ad
3492 5532 3583 5570 nos

2025 5612 2393 5679 devenerunt;
2437 5614 2512 5668 ita
2553 5620 2612 5668 ut
2642 5612 2927 5669 Athanasii
2962 5625 3186 5679 nomen,
3214 5612 3365 5683 quod
3391 5609 3579 5666 suffra-

334 5774 337 5777 ν
402 5755 481 5822 (2)
512 5755 683 5824 Epist.
722 5761 807 5815 75.
848 5761 983 5818 Vide
1020 5765 1146 5818 item
1170 5766 1330 5833 epist.
1368 5767 1648 5821 Athanasii
1684 5766 1750 5822 ad
1782 5767 2086 5833 Epictetum
2120 5768 2388 5825 Corinthi.
