3792 6150
253 269 278 323 1
290 268 389 327 Ξ97

1497 281 1839 339 MARCELLI
1872 284 2006 341 ANC
2020 286 2224 341 YﬂANl

3358 299 3493 353 1298

248 387 357 457 giis
394 385 537 441 haud
562 387 725 443 dubie
745 392 1083 460 praemissum
1117 395 1320 460 fuerat,
1344 410 1454 454 non
1491 413 1823 472 compareat,
1855 411 1900 463 A
1929 422 2032 459 non
2067 416 2241 462 tamen
2288 408 2501 465 licuisse
2549 415 2689 468 vobis
2731 416 2860 483 ipsis
2898 432 3006 471 rem
3057 417 3193 470 tanti
3244 427 3491 472 momenti

252 486 599 551 quatuorque
649 490 858 538 tantum
902 488 1195 556 praesulum
1254 491 1481 547 nomina
1520 497 1821 565 supersint.

251 570 470 627 Primus
517 579 603 628 est
644 572 960 632 Thoodulus
1009 579 1331 652 Oxyrinchi,
1369 586 1529 655 cujus
1570 588 1825 659 nuspiam

255 666 526 720 memoria
585 671 846 724 occurrit.
908 672 1058 728 Alter
1103 682 1219 740 est,
1278 676 1474 736 Plenes
1532 681 1826 750 episcopus

254 755 573 824 Hermothi,
620 760 734 818 sive
769 762 1069 831 Hermethi,
1113 769 1160 823 is
1196 768 1335 840 ipse,
1375 778 1434 825 ut
1468 774 1702 839 videtur,
1732 774 1826 844 qui

256 851 328 905 ab
368 850 679 910 Alexandro
724 857 1033 923 ordinatus,
1071 862 1140 916 ab
1167 862 1388 918 Arianis
1421 865 1476 919 in
1508 865 1827 922 Ammonia-

253 958 378 999 cam
425 946 700 1017 relegatus
753 949 927 1005 fuerat
985 969 1130 1008 anno
1169 955 1295 1019 556,
1341 958 1545 1029 quique
1594 960 1708 1029 jam
1772 961 1825 1014 in

253 1036 580 1107 episcopatu
645 1054 1031 1101 consenuerat.
1100 1046 1318 1102 Tertius
1393 1058 1479 1105 est
1546 1050 1827 1122 lschyrion

255 1128 550 1197 episcopus
581 1128 811 1197 Leonto,
846 1135 962 1190 sive
984 1134 1337 1208 Leontopolis
1371 1159 1382 1193 :
1424 1140 1564 1195 idem
1596 1142 1828 1198 fortasse

256 1218 354 1287 qui
395 1218 450 1271 in
482 1221 693 1290 synodo
726 1221 889 1294 Tyria
936 1240 1160 1282 causam
1199 1229 1488 1286 Athanasii
1532 1248 1657 1287 cum
1706 1235 1828 1289 aliis

258 1303 533 1382 Egyptiis
568 1315 894 1382 praesulibus
924 1327 1145 1374 strenue
1174 1323 1362 1391 gessit.
1394 1323 1710 1381 Postremus
1746 1334 1829 1382 est

258 1399 414 1455 Isaac
454 1403 768 1474 episcopus.
808 1403 980 1469 Cujus
1018 1411 1259 1467 nominis
1298 1414 1519 1484 quidam
1561 1417 1831 1486 reperitur

258 1494 405 1547 inter
430 1492 712 1565 Egyptios
749 1501 1038 1569 episcopos
1082 1500 1141 1559 in
1179 1503 1677 1576 subscriptionibus
1701 1505 1830 1561 Sar-

258 1581 600 1639 dicensibus.
628 1586 735 1640 Alii
761 1586 1180 1646 interciderunt.

673 1739 729 1789 V.
756 1740 848 1800 Qui
869 1741 1014 1794 fuerit
1037 1750 1223 1811 negotii
1247 1750 1427 1803 exitus.

330 1878 449 1934 Jam
479 1897 608 1939 vero
641 1892 831 1951 restat,
863 1896 923 1942 ut
958 1891 1052 1960 qui
1082 1892 1219 1947 tanti
1262 1896 1469 1965 negotii
1505 1901 1684 1958 exitus
1712 1902 1830 1959 fue-

261 1974 330 2026 rit
367 1975 695 2044 aperiamus.
730 1980 1065 2039 Athanasius
1086 2000 1231 2041 anno
1262 1987 1367 2043 575
1387 1989 1677 2049 defunctus
1709 2007 1825 2051 est:

263 2065 554 2123 Marcellus
603 2085 734 2125 vero
783 2075 1031 2142 sequenti
1061 2076 1166 2140 574
1206 2085 1266 2131 ut
1297 2079 1501 2134 dictum
1554 2093 1656 2138 est.
1701 2084 1831 2141 Post

260 2154 383 2222 ejus
413 2155 644 2223 obitum,
693 2160 860 2229 paulo
907 2170 1199 2235 antequam
1229 2166 1296 2222 de
1341 2166 1592 2225 Marcello
1622 2175 1830 2230 scribe~

262 2254 345 2299 ret
376 2244 730 2317 Epiphanius,
770 2267 895 2306 nam
937 2269 1053 2310 rem
1116 2258 1208 2312 ille
1237 2259 1527 2316 admodum
1564 2280 1830 2334 nuperam

263 2356 387 2396 esse
435 2342 780 2410 testiﬁcatur,
809 2347 1032 2416 quidam
1062 2348 1336 2422 Ancyrani
1368 2370 1433 2409 ex
1465 2355 1703 2413 Marcelli
1749 2361 1832 2415 di-

262 2433 509 2502 scipulis,
561 2433 752 2492 Patres
799 2437 1152 2496 Diocaasareae
1200 2459 1301 2513 pro
1360 2444 1463 2501 ﬁde
1522 2450 1832 2507 exsulantes

265 2525 555 2594 adierunt;
611 2528 868 2586 videlicet
923 2530 1218 2598 Photinus,
1282 2535 1637 2607 Eustathius,
1695 2544 1834 2599 alter

264 2619 565 2686 Photinus,
621 2620 886 2691 Sigerius,
941 2625 1281 2696 presbyteri;
1340 2627 1587 2701 Hyginus
1654 2634 1835 2690 diaco-

262 2727 402 2776 nus,
454 2712 770 2770 Heraclides
824 2715 1226 2784 subdiaconus,
1278 2720 1541 2792 Cyriacus
1599 2728 1834 2797 προστά-

263 2820 384 2873 της,
408 2804 461 2858 id
486 2812 589 2870 est,
624 2813 888 2876 patronus
919 2809 1004 2864 vel
1025 2808 1300 2877 defensor,
1329 2815 1667 2886 prolatisque
1691 2832 1835 2871 com-

263 2894 601 2952 mendatitiis
649 2907 703 2952 et
743 2900 1249 2958 communicatoriis
1302 2903 1585 2960 Athanasii
1638 2907 1833 2964 litteris

264 3000 404 3054 quas
449 3002 479 3040 a
513 2987 707 3058 legatis
741 2990 1039 3059 postulatas
1072 2991 1499 3064 impetratasque
1532 3012 1696 3067 supra
1727 3015 1834 3054 me-

1924 500 2257 565 permittere;
2303 501 2394 555 sed
2437 507 2731 570 oportuisse
2758 524 2941 562 eorum
2973 509 3061 577 qui
3098 518 3205 562 tam
3248 509 3304 562 in
3343 508 3475 564 0cci~

1927 586 2097 651 dente,
2147 606 2302 658 quam
2337 594 2391 645 in
2435 592 2647 649 Oriente
2676 608 2859 651 uestra:
2897 599 3276 653 cnnmunionis
3316 608 3490 655 erant.

1926 681 2159 737 calculos
2207 691 2259 737 et
2303 687 2617 741 sententiam
2665 690 2807 744 circa
2855 691 3233 746 restitutionem
3282 690 3487 745 illorum

1926 784 2246 841 exspectare.
2290 774 2415 832 Haec
2467 776 2744 846 Basilius;
2801 782 2885 836 vel
2934 782 3192 852 ignorans
3238 797 3323 846 ea,
3372 796 3490 852 qua'

1925 862 2269 918 Alexandriae
2317 864 2371 919 in
2419 867 2649 935 gratiam
2687 868 2922 924 Marcelli
2965 879 3019 926 et
3062 871 3391 926 asseclarum
3427 871 3491 925 ab

1925 954 2224 1011 Athanasio
2258 965 2410 1026 gesta
2451 956 2699 1024 fuerant;
2731 961 2836 1024 vel,
2873 970 2932 1015 ut
2959 977 3089 1017 vero
3118 962 3370 1025 similius,
3411 977 3472 1015 ra

1928 1054 2017 1101 tus
2051 1046 2366 1102 Marcellum
2416 1056 2469 1103 et
2524 1048 2904 1108 Marcellianos
2955 1053 3008 1106 in
3058 1052 3181 1108 ﬁdei
3221 1051 3490 1117 formulis,

1927 1152 2065 1207 quas
2114 1137 2414 1194 Athanasio
2467 1147 2521 1194 et
2578 1140 3097 1200 Diocaesaricnsibus
3147 1143 3509 1208 obtulerant,-

1928 1228 2157 1283 subdole
2185 1237 2238 1284 ct
2271 1230 2645 1288 fraudulenter
2675 1235 2870 1305 egisse.
2916 1236 3030 1292 Etsi
3060 1250 3187 1290 vero
3226 1234 3488 1292 Diocaesa»

1927 1317 2190 1372 rieusium
2225 1317 2293 1372 ad
2322 1318 2581 1375 Basilium
2616 1338 2937 1393 responsum
2974 1341 3242 1395 nusquam
3276 1339 3483 1396 compa-

1928 1418 2080 1477 reat,
2128 1425 2251 1465 cum
2294 1412 2457 1468 rebus
2492 1413 2645 1483 ipsis,
2691 1425 2803 1470 tum
2839 1416 3298 1487 subsequentibus
3328 1418 3497 1488 gestis

1927 1504 2312 1571 suadentibus,
2367 1508 2711 1577 exploratum
2772 1510 3002 1574 videtur,
3044 1509 3494 1565 Diocassarienses

1932 1594 2141 1651 Basilio
2164 1598 2474 1669 reposuisse
2508 1619 2520 1653 :
2549 1616 2659 1654 non
2696 1601 2915 1658 licuisse
2943 1602 3045 1659 sibi
3080 1601 3167 1665 iis,
3194 1600 3288 1670 qui
3307 1613 3494 1655 omnes

1933 1687 2189 1744 Marcello
2227 1690 2521 1746 attributos
2548 1706 2767 1747 errores
2822 1692 3259 1763 proscripserant
3281 1689 3489 1745 anathe-

1931 1795 2182 1851 mateque
2204 1782 2553 1846 damnarant,
2587 1785 2791 1854 quique
2826 1784 3058 1857 symboli
3092 1783 3298 1839 Nicaeni
3337 1782 3495 1838 ﬁdem

1926 1874 2182 1944 professi,
2232 1877 2456 1945 insuper
2486 1890 2516 1930 a
2553 1891 2748 1945 magno
2783 1877 2874 1930 illo
2915 1875 3216 1931 Athanasio
3250 1875 3483 1945 aliisque

1929 1960 2200 2036 Aigyptiis
2233 1967 2503 2037 episcopis
2552 1969 2755 2038 rec’epti
2802 1968 3135 2037 admissique
3174 1966 3409 2030 fuerant,
3440 1973 3498 2019 ut

1927 2055 2170 2125 ejusdem
2205 2056 2488 2112 Athanasii
2511 2058 2705 2113 litteras
2740 2058 2898 2114 ﬁdem
2936 2058 3229 2123 faciebant,
3256 2074 3498 2115 commu-

1928 2146 2148 2202 nionem
2205 2148 2635 2205 ecclesiasticam
2682 2149 2971 2221 denegare.
3021 2150 3118 2207 His
3157 2151 3398 2209 demum.
3437 2159 3498 2205 ut

1928 2238 2151 2295 credere
2201 2247 2306 2304 est,
2357 2240 2636 2311 mitigatus
2702 2241 2978 2308 Basilius,
3030 2242 3158 2298 licet
3206 2259 3381 2314 aegre,
3431 2243 3497 2297 ad

1929 2327 2306 2386 Marcellianos
2334 2331 2673 2401 recipiendos
2702 2335 2944 2388 animum
2975 2335 3204 2405 appulit,
3229 2350 3294 2389 ea
3316 2342 3500 2391 tamen

1929 2423 2183 2477 cautione
2205 2431 2260 2476 ut
2274 2438 2343 2478 ne
2358 2423 2635 2479 videretur
2646 2441 2705 2481 se
2731 2426 2798 2480 ad
2813 2425 3191 2481 Marcellianos
3203 2426 3500 2483 accessisse

1931 2511 2027 2567 sed
2061 2512 2442 2570 Marcellianos
2466 2515 2521 2569 in
2551 2514 2853 2571 Ecclesiam
2884 2515 2978 2571 Dei
3020 2517 3276 2572 reductos
3308 2515 3496 2573 fuisse.

1932 2602 2058 2657 Haec
2083 2604 2285 2676 quippe
2320 2605 2515 2662 scribit
2546 2606 2731 2676 (epist.
2756 2609 2881 2674 5'21)
2916 2608 2983 2662 ad
3018 2608 3232 2662 Petrum
3266 2607 3500 2663 Alexan-

1932 2694 2152 2750 drinum
2181 2699 2469 2767 praesulem
2493 2718 2505 2753 :
2530 2699 2797 2765 Πολλάκις
2821 2696 2912 2755 οὖν
2937 2699 3184 2770 ὀχληθεὶς
3218 2700 3368 2771 παρὰ
3394 2700 3502 2754 τῶν

1932 2786 2207 2852 Γαλατῶν,
2257 2789 2510 2843 οὐδέποτε
2555 2791 2824 2863 ἠδυνήθην
2872 2793 3055 2855 αὐτοῖς
3108 2792 3501 2863 ἀποκρίνασθαι

1933 2878 2216 2949 ἀναμένων
2272 2881 2371 2944 τὰς
2425 2882 2698 2955 ὑμετέρας
2753 2884 3053 2956 ἐπικρίσεις
3095 2881 3498 2956 .1ἀποκρίσεις].

1934 2968 2045 3020 Καὶ
2073 2967 2186 3030 νῦν,
2212 2969 2306 3023 ἐὰν
2338 2972 2366 3022 ὁ
2391 2970 2593 3041 Κύριος
2616 2972 2711 3042 δῷ,
2737 2974 2831 3027 καὶ⁵
2858 2972 3152 3045 θελήσωσιν
3175 2973 3502 3045 ἀναθέσθαι

265 3080 549 3146 minimus,
595 3080 720 3135 ﬁdei
768 3082 1170 3140 confessionem
1220 3087 1386 3140 edunt
1422 3087 1520 3158 (ti,
1561 3093 1648 3145 cui
1685 3106 1830 3162 sym-

1936 3058 2112 3129 ήμῶν,
2148 3059 2439 3130 ἐλπίζομεν
2469 3061 2558 3114 τὸν
2586 3063 2713 3117 λαὸν
2745 3064 3034 3136 προσάξειν
3060 3068 3127 3137 τῇ
3170 3065 3466 3136 Ἐκκλησία
3485 3083 3499 3096 ·

264 3171 448 3226 bolum
487 3171 764 3226 Nicaanum
813 3174 1166 3230 subnectunt.
1204 3175 1298 3230 Est
1345 3185 1526 3232 autem
1558 3179 1832 3235 confessio

265 3276 375 3316 non
410 3262 674 3319 absimilis
728 3264 777 3318 ei
818 3280 980 3334 quam
1022 3264 1321 3321 Athanasio
1350 3268 1661 3323 obtulerant
1692 3289 1705 3323 :
1737 3286 1831 3325 ve-

264 3369 390 3407 rum
420 3354 476 3408 in
504 3354 606 3409 hac
632 3356 856 3423 diserte,
885 3358 1012 3429 τρία
1038 3359 1325 3430 πρόσωπα,
1368 3360 1484 3414 sive
1510 3368 1623 3416 tres
1653 3377 1834 3430 perso-

266 3461 367 3501 nas
414 3446 471 3500 in
523 3446 789 3502 Trinitate
830 3449 1178 3515 confitentur,
1221 3451 1361 3519 quod
1399 3466 1532 3506 sane
1586 3453 1832 3523 magistri

266 3535 352 3589 sui
394 3535 634 3591 Marcelli
682 3538 922 3607 opinioni
953 3539 1199 3606 apprime
1232 3547 1498 3593 consonat
1528 3558 1541 3593 :
1573 3554 1701 3593 nam
1744 3539 1833 3594 ille

267 3627 438 3683 Deum
486 3629 888 3699 τριπρόσωπον,
925 3629 1039 3684 sive
1074 3630 1484 3698 tripersonalem
1517 3645 1639 3686 esse
1678 3630 1830 3695 dicit,

266 3735 375 3790 qua
406 3720 473 3775 de
522 3737 581 3775 re
628 3731 916 3775 accusatus
965 3720 1035 3775 ab
1080 3720 1313 3776 Eusebio
1349 3720 1526 3776 fuerat
1561 3741 1573 3775 :
1616 3737 1833 3778 errores

266 3824 396 3865 vero
442 3809 802 3866 Marcellianis
836 3813 1104 3882 ascriptos
1138 3814 1487 3869 anathemate
1547 3814 1829 3870 damnant.

270 3900 365 3955 liis
389 3903 698 3972 conspectis
724 3901 1177 3959 Dioczesarienses
1207 3905 1570 3973 confessores,
1599 3908 1690 3976 qui
1721 3908 1834 3976 ple-

267 3994 423 4063 rique
456 4009 646 4051 omnes
674 3996 973 4051 Athanasio
1006 3996 1302 4054 familiares
1328 3998 1563 4063 fuerant,
1593 4001 1741 4069 ipsos
1765 4001 1833 4055 ad

266 4087 705 4141 communionem
755 4089 1045 4158 recipiunt.
1094 4090 1165 4143 At
1218 4089 1451 4147 Basilius
1486 4091 1668 4164 (epist.
1708 4090 1832 4162 295)

265 4179 544 4233 ardentior
585 4176 972 4235 ecclesiasticae
1000 4180 1121 4235 ﬁdei
1168 4164 1509 4238 vindicandas
1556 4181 1830 4252 cupidine,

265 4270 393 4337 quia
427 4270 593 4324 semel
620 4279 940 4340 conceptam
988 4271 1055 4324 de
1104 4270 1341 4327 Marcelli
1391 4275 1670 4345 impietate
1714 4275 1836 4343 opi-

266 4364 485 4417 nionem
523 4362 612 4417 vix
649 4363 868 4416 missam
917 4362 1096 4417 facere
1128 4372 1362 4434 poterat,
1396 4382 1518 4419 cum
1561 4364 1834 4419 Diocmsa-

263 4454 542 4508 riensibus
600 4454 850 4522 patribus
896 4470 1004 4508 non
1058 4454 1248 4509 leviter
1303 4456 1631 4522 expostulat.
1684 4454 1828 4524 quod

264 4543 644 4598 Marcellianos
701 4544 771 4598 ad
825 4547 1265 4601 communionem
1327 4546 1649 4600 inconsultis
1713 4547 1833 4601 aliis

268 4635 544 4703 episc-Opis
574 4634 893 4689 admiserint
923 4655 935 4690 :
972 4636 1047 4691 ait
1079 4651 1206 4691 vero
1234 4657 1245 4691 :
1278 4637 1427 4701 Τέως
1483 4636 1539 4689 δὲ
1573 4637 1668 4690 νῦν
1699 4654 1833 4690 κατ-

265 4725 533 4790 αξιώσατε
584 4729 716 4796 ἡμῖν
758 4728 1074 4783 ἀποστεῖλαι
1107 4728 1206 4792 τὰς
1236 4728 1559 4797 προτάσεις,
1611 4728 1697 4797 ἐφ’
1747 4722 1835 4791 αἶς

264 4816 519 4880 ἐδέξασθε
559 4818 685 4879 τοὺς
735 4818 1090 4889 Μαρκέλλου·
1129 4821 1302 4872 ἐκεῖνο
1334 4819 1552 4884 εἰδότες,
1595 4821 1698 4886 ὅτι,
1732 4821 1836 4874 κᾶν

265 4908 408 4959 πάνυ
448 4906 511 4959 τὸ
543 4905 665 4958 καθ’
696 4907 922 4970 ἑαυτοὺς
965 4907 1356 4980 ἀσφαλίσησθε,
1397 4909 1579 4979 μόνοις
1622 4911 1836 4972 ἑαυτοῖς

265 4997 552 5068 ἐπιτρέψαι
584 5000 814 5069 πρᾶγμα
851 4998 1103 5053 τοσοῦτον
1135 5002 1235 5055 οὐκ
1265 5000 1532 5069 ὀφείλετεο
1570 5001 1703 5055 ἀλλὰ
1729 5004 1834 5075 χρὴ

266 5091 364 5143 καὶ
390 5091 517 5153 τοὺς
561 5090 620 5143 ἐν
654 5093 719 5160 τῇ
767 5090 936 5157 δύσει,
979 5092 1071 5146 καὶ
1103 5094 1229 5157 τοὺς
1272 5094 1414 5148 κατὰ
1445 5092 1544 5165 τὴν
1575 5093 1836 5166 ἀνατολὴν

267 5182 618 5245 κοινωνικοὺς
671 5182 995 5255 συμψήφους
1042 5185 1220 5239 αὐτῶν
1271 5188 1336 5257 τῇ
1395 5187 1835 5242 ἀποκαταστάσει

266 5274 550 5341 γενέσθαι·
608 5273 664 5329 id
712 5286 795 5331 est
827 5294 841 5331 :
878 5277 967 5331 Vel
1010 5294 1147 5331 nunc
1192 5279 1379 5333 saltem
1431 5279 1580 5335 nobis
1632 5282 1837 5336 mittere

266 5366 553 5434 dignemini
583 5368 815 5421 rationes
850 5377 903 5421 et
929 5385 1141 5433 causas,
1173 5370 1360 5441 quibus
1402 5370 1471 5424 ad
1516 5371 1834 5441 recipiendos

272 5456 514 5510 Marcelli
549 5460 781 5529 gregales
824 5459 1023 5514 inducti
1049 5462 1173 5516 estis
1206 5478 1223 5516 :
1256 5480 1359 5518 non
1406 5465 1588 5526 nescii,
1624 5463 1835 5517 etiamsi

272 5565 352 5603 rcs
391 5558 588 5604 vestras
636 5561 747 5604 tuto
783 5562 833 5607 et
869 5553 1198 5610 considerate
1239 5558 1485 5610 statuisse
1532 5553 1831 5618 videamini,

345 5684 420 5747 (li
462 5683 726 5746 Eoiphan.
762 5701 814 5749 ο.
850 5685 971 5740 845.

1935 3150 2009 3213 ὡς
2031 3150 2102 3221 μὴ
2120 3152 2313 3215 αὐτοὺς
2340 3154 2486 3223 ἡμᾶς
2511 3155 2860 3220 ὀνειδίζεσθαι
2875 3157 3299 3229 Μαρκελλιανοῖς
3332 3175 3503 3230 προσ-

1935 3244 2327 3314 κεχωρηκέναι,
2361 3244 2475 3298 ἀλλ’
2520 3246 2761 3310 ἐκείνους
2796 3248 2930 3320 μέλη
2973 3249 3222 3317 γενέσθαι
3254 3250 3347 3304 τοῦ
3401 3249 3505 3304 σώ-

1939 3350 2106 3403 ματος
2139 3335 2240 3405 τῆς
2299 3335 2626 3406 Ἐκτελησίας
2656 3337 2750 3390 τοῦ
2782 3339 3018 3409 Χριστοῦ
3039 3357 3051 3370 ·
3100 3339 3240 3394 ὥστε
3277 3342 3368 3395 τὸν
3400 3359 3501 3395 πο-

1933 3426 2092 3498 νηρὸν
2127 3427 2292 3497 ψόγον
2331 3428 2423 3482 τὸν
2464 3430 2966 3487 κατασκεδασθὲντα
3009 3435 3073 3487 ὲκ
3121 3434 3213 3505 τῆς
3244 3436 3504 3505 αἱρέσεως

1932 3519 2354 3589 ἐναφανισϐἧναι
2376 3523 2440 3591 τῇ
2474 3522 2716 3593 ἡμετέρᾳ
2742 3522 3061 3594 προσλήψει,
3108 3526 3201 3579 καὶ
3247 3526 3321 3598 μὴ
3353 3528 3504 3597 ἡμᾶς

1934 3613 2392 3684 καταισχυνοῆναι
2419 3614 2494 3678 ὡς
2535 3616 2954 3687 προσθεμένους.
2984 3616 3175 3673 Crteca
3202 3617 3394 3673 afferre
3420 3619 3504 3673 vi-

1934 3720 2053 3759 sum
2080 3716 2181 3768 est,
2228 3707 2355 3776 quia
2400 3707 2630 3778 insignis
2677 3708 2765 3761 hic
2804 3708 2958 3763 locus
3005 3724 3035 3763 a
3070 3707 3285 3763 Micrteo
3330 3709 3502 3764 inter-

1933 3802 2087 3864 prete
2110 3805 2437 3866 praepostero
2459 3814 2649 3853 versus
2672 3797 2848 3854 fuerat
2877 3818 2891 3854 :
2931 3799 3012 3854 sic
3050 3815 3152 3855 nos
3183 3800 3498 3856 reddimus:

1936 3882 2141 3939 Calatis
2174 3887 2471 3957 frequenter
2506 3897 2554 3942 et
2593 3889 2804 3945 moleste
2834 3890 3164 3960 urgentibus,
3202 3890 3371 3946 adhuc
3398 3908 3500 3945 non

1932 3977 2079 4045 potui
2105 3978 2389 4048 quidquam
2433 3980 2759 4049 respondere,
2801 3982 2939 4054 quod
2982 3992 3208 4037 vestram
3241 3990 3503 4051 exspecta-

1935 4085 2043 4123 rent
2073 4073 2480 4140 responsionem.
2515 4071 2671 4126 Nunc
2697 4083 2890 4138 autem,
2922 4076 2969 4129 si
3005 4076 3194 4145 faverit
3222 4076 3500 4142 Dominus,

1935 4163 2184 4233 nobisque
2220 4164 2321 4229 ipsi
2355 4164 2598 4233 morigeri
2636 4180 2749 4218 esse
2783 4166 2958 4231 velint,
2988 4184 3258 4235 speramus
3287 4185 3379 4223 nos
3402 4183 3501 4236 po—

1934 4255 2116 4322 pulant
2149 4256 2202 4307 in
2240 4253 2530 4308 Ecclesiam
2576 4254 2883 4310 reducturus
2927 4273 3072 4323 esse;
3117 4269 3175 4313 ut
3210 4277 3273 4313 ne
3299 4260 3502 4328 possint

1936 4348 2072 4401 illud
2106 4350 2255 4403 nobis
2288 4348 2626 4417 exprobrare,
2658 4366 2751 4404 nos
2787 4350 2854 4403 ad
2890 4350 3357 4407 Marcellianorum
3384 4369 3502 4422 par-

1937 4447 2013 4491 tes
2047 4440 2362 4503 accessisse;
2382 4439 2471 4493 sed
2492 4456 2604 4494 vere
2625 4437 2835 4493 dicatur
2853 4440 2974 4494 illos
3001 4443 3234 4498 membra
3263 4446 3517 4512 corporis-

1934 4528 2183 4583 Ecclesia:
2196 4528 2396 4584 Christi
2411 4529 2577 4599 [actos
2589 4548 2728 4593 esse;
2746 4532 2821 4584 ita
2835 4539 2891 4583 ut
2906 4535 3303 4603 circumquaque
3317 4550 3504 4603 sparsa

1934 4621 2186 4675 lia'reseos
2207 4622 2353 4675 illius
2373 4623 2614 4690 infamia,
2631 4639 2721 4691 per
2749 4639 2927 4675 eorum
2944 4622 3013 4676 ad
3031 4641 3123 4678 nos
3155 4627 3500 4681 accessionem

1936 4713 2404 4783 admissionemque
2422 4713 2483 4766 de
2504 4713 2669 4768 medio
2694 4714 2933 4777 tollatur,
2953 4731 3113 4785 neque
3131 4734 3223 4772 nos
3254 4727 3502 4788 tanquam

1937 4802 2005 4856 ad
2030 4812 2204 4874 partes
2232 4820 2411 4857 eorum
2440 4804 2760 4869 accedentes,
2794 4806 2992 4872 pudore
3018 4825 3080 4861 ac
3109 4807 3356 4862 dedecore
3388 4810 3502 4880 dﬂi-

1936 4894 2162 4946 ciamur.
2194 4892 2317 4947 Hzcc
2334 4894 2596 4958 conditio,
2614 4895 2701 4948 hic
2733 4896 2928 4951 modus
2963 4912 2993 4950 a
3027 4897 3225 4952 Basilio
3252 4914 3351 4968 pro
3370 4898 3506 4953 Mar-

1937 4984 2184 5039 cellianis
2220 4983 2552 5055 recipiendis
2599 4986 2929 5057 propositus,
2978 4995 3033 5042 ct
3065 4986 3225 5042 Petro
3271 4988 3508 5044 Alexan‘

1937 5074 2096 5130 drino
2142 5075 2425 5130 Athanasii
2458 5077 2783 5143 successori,
2845 5086 2903 5132 ut
2959 5077 3251 5134 verisimile
3294 5088 3398 5144 est,
3453 5088 3507 5136 et

1938 5164 2322 5231 Marcellianis,
2363 5165 2455 5235 qui
2508 5182 2695 5235 pacem
2737 5177 2787 5223 et
2836 5168 3276 5224 communionem
3324 5179 3506 5225 tanto-

1936 5272 2067 5326 pere
2110 5255 2448 5325 ﬂagitabant,
2486 5266 2771 5325 pergratus
2806 5273 3008 5329 perque
3047 5258 3326 5330 jucundus
3384 5260 3502 5315 fuit.

1936 5346 2071 5401 Nam
2106 5348 2206 5403 sub
2230 5349 2345 5403 haec
2376 5350 2524 5403 nulla
2547 5350 2613 5404 de
2641 5350 2892 5405 Marcello
2909 5352 2993 5406 vel
3025 5352 3249 5408 asseclis
3279 5354 3506 5423 quaestio

1937 5441 2196 5493 occurrit.
2232 5440 2388 5496 Hunc
2426 5442 2696 5508 ordinem,
2730 5452 2783 5498 et
2814 5446 3021 5507 exitum
3053 5445 3388 5501 Marcelliani
3417 5454 3506 5502 tu-

1937 5532 2142 5588 multus
2173 5531 2343 5589 fuissc
2375 5548 2585 5589 mecum
2621 5549 2781 5604 spero
2812 5535 3129 5593 fatebuntur
3155 5537 3374 5593 eruditi.
