3792 6150
365 316 504 373 1285

1597 314 1686 369 DE
1724 312 1885 369 VITA
1927 313 2014 369 ET
2057 313 2366 372 SCRIPTIS

3487 313 3620 372 ηερε

358 443 474 490 treo
502 432 823 504 hypostases
859 430 1104 487 conllteri
1143 430 1387 486 noluisse
1423 452 1434 486 :
1468 449 1656 488 verum
1689 433 1782 486 illo
1811 442 1949 487 tem-
1976 440 2023 495 Α
2055 435 2245 499 fuisse,
2272 433 2459 490 Jesum
2493 433 2776 491 Christum
2811 441 3088 499 vocatum,
3115 449 3410 506 regemque
3441 436 3620 506 appel-

360 540 494 597 pore
522 524 750 580 liberum
773 532 889 580 erat
921 524 1001 580 eis
1029 523 1114 579 vel
1142 531 1256 579 tres
1280 524 1362 578 vel
1402 539 1567 578 unam
1607 535 1816 578 tantum
1853 527 1950 597 by-

361 618 610 687 postasin
661 617 935 682 confiteri,
981 616 1107 671 dum
1139 625 1346 670 rectam
1379 624 1663 672 servarent
1693 626 1946 672 mentem.

361 708 496 763 Nam
530 710 625 780 qui
671 710 938 765 Catholici
989 726 1152 764 unam
1199 710 1518 781 hypostasin
1553 718 1764 764 tantum
1805 727 1952 768 assc-

361 801 592 861 rebant.
635 803 997 874 hypostaseos
1059 803 1278 857 nomine
1333 803 1693 858 substantiam
1739 803 1948 858 indica-

361 896 512 957 bant,
543 910 706 965 quam
733 910 895 949 unam
934 894 990 948 in
1020 892 1130 948 Deo
1161 909 1283 948 esse
1317 903 1524 948 certum
1547 905 1631 949 est
1667 914 1678 950 :
1708 895 1799 964 qui
1834 903 1946 951 tres

357 987 684 1059 bypostases
713 987 1110 1057 proﬁtebantur
1133 1029 1146 1050 ,
1173 984 1260 1042 his
1286 1003 1393 1041 non
1423 989 1787 1044 substantiam
1807 1033 1820 1055 ,
1848 990 1944 1046 sed

359 1080 630 1148 cujusque
654 1093 904 1148 pet-some
923 1079 1334 1134 subsistentiam
1358 1081 1762 1151 intelligebant:
1784 1093 1945 1153 atque

361 1167 439 1221 ita
474 1169 550 1222 illi
584 1169 750 1222 verbo
795 1174 1172 1226 tantumtenus
1202 1171 1618 1226 dissentiebant.
1654 1173 1784 1238 Quae
1815 1191 1943 1230 vero

358 1257 682 1330 Fragmenta
741 1260 925 1316 Acacii
975 1263 1331 1319 Caesariensis
1385 1270 1576 1320 contra
1628 1265 1941 1321 Marcellum

355 1350 514 1406 aﬂ'ert
542 1351 902 1422 Epiphanius,
948 1370 1012 1409 ea
1041 1356 1224 1410 omnia
1266 1372 1365 1412 ceu
1395 1360 1780 1428 compendium
1813 1368 1942 1415 sunt

357 1441 583 1500 fusioris
607 1446 828 1502 Eusebii
855 1446 1212 1504 Cazsariensis
1260 1458 1452 1504 contra
1494 1448 1803 1507 Marcellum
1827 1459 1940 1507 tra-

355 1535 636 1600 elationis,
665 1536 732 1592 de
752 1553 1011 1624 quaOmox
1036 1552 1281 1608 agemus.

817 1644 898 1693 ιν.
930 1645 1056 1704 Quid
1087 1646 1476 1707 Chrysostomus.

426 1723 667 1782 Joannes
719 1729 1145 1799 Chrysostomus
1190 1731 1245 1785 in
1287 1730 1386 1799 Ep.
1425 1729 1494 1784 ad
1541 1730 1702 1786 Hebr.
1765 1746 1815 1786 c.
1882 1749 1932 1795 ι,

355 1817 670 1873 Marcellum
727 1821 910 1891 culpat
967 1824 1112 1892 quod
1175 1823 1408 1890 dixerit,
1459 1825 1685 1879 verbum
1747 1827 1936 1878 ἐνυπό-

354 1925 566 1974 στατον,
593 1911 738 1981 quod
763 1913 834 1966 ita
867 1915 1159 1986 intelligas,
1183 1918 1339 1985 quasi
1367 1917 1612 1994 ejusdem
1639 1933 1746 1972 non
1775 1919 1938 1973 modo

353 2003 693 2071 substantiae,
724 2005 818 2060 sed
851 2008 1016 2060 etiam
1059 2008 1370 2079 hypostasis
1413 2011 1484 2064 sit
1535 2023 1702 2081 atque
1736 2009 1933 2066 Pater:

351 2095 604 2150 eumdem
646 2112 776 2151 vero
822 2097 1172 2161 Marcellum,
1211 2102 1369 2172 quasi
1411 2096 1651 2168 Photini,
1689 2103 1934 2167 Sabellii,

351 2185 505 2242 Pauli
558 2189 900 2246 Samosateni
951 2193 1227 2263 ὁμόφρονα
1269 2211 1374 2249 ηοη
1413 2197 1581 2250 semel
1635 2198 1938 2253 insectatur

350 2281 576 2346 ibidem,
613 2296 676 2336 ac
706 2298 831 2337 cum
865 2283 1245 2340 haereticorum
1271 2288 1529 2358 pessimis
1558 2298 1862 2345 enumerat.

819 2422 824 2426 .
841 2385 898 2436 V.
929 2385 1055 2446 Quid
1083 2387 1442 2438 Theodoretus.

420 2464 801 2523 Theodoretus
840 2469 935 2524 lib.
989 2485 1027 2523 ιι
1083 2469 1474 2525 Ilwreticarum
1521 2472 1828 2540 fabularum
1867 2471 1935 2527 de

348 2555 604 2613 Marcello
680 2559 794 2612 haec
846 2559 1010 2614 habet
1055 2579 1067 2614 :
1128 2561 1444 2632 Μάρκελλος
1499 2549 1565 2616 δὲ’
1605 2565 1632 2616 ὁ
1688 2563 1935 2633 Γαλάτης

345 2649 524 2721 τούτῳ
560 2651 658 2720 μὲν
703 2652 1101 2723 παραπλησίως
1153 2653 1362 2726 ἠρνήθη
1419 2653 1528 2706 τῶν
1582 2655 1933 2708 ὑποστάσεων

347 2743 446 2814 τὴν
475 2744 668 2815 τριάδα
687 2761 700 2774 ⁸
737 2744 957 2798 ἔκτασιν
983 2744 1040 2797 δέ
1067 2763 1184 2798 τινα
1206 2749 1302 2816 τῆς
1324 2746 1416 2800 τοῦ
1445 2747 1656 2817 Πατρδς
1682 2746 1933 2818 θεότητος

347 2835 548 2904 ἔφησεν
583 2835 661 2897 εἰς
683 2835 772 2887 τὸν
795 2835 1028 2906 Χριστὸν
1060 2836 1395 2908 ἐληλυθέναι,
1432 2839 1526 2890 καὶ
1564 2833 1768 2908 ταύτην
1799 2835 1932 2891 Θεὸν

347 2925 520 2995 Λόγον
565 2928 790 2981 ἐκάλεσε
814 2944 829 2959 ο
862 2929 1002 2998 μετὰ
1042 2929 1098 2981 δὲ
1141 2929 1238 3000 τὴν
1280 2929 1575 2998 σύμπασαν
1620 2931 1931 3000 οἰκονομίαν

345 3019 508 3073 πάλιν
539 3019 976 3092 ἀνασπασθῆναι,
1009 3022 1102 3076 καὶ
1142 3023 1470 3093 συσταλῆναι
1500 3024 1636 3095 πρὸς
1659 3021 1750 3078 τὸν
1775 3024 1926 3089 Θεὸν,

2053 527 2245 594 latum,
2276 527 2405 582 item
2437 526 2728 599 imaginem
2760 525 2856 582 Dei
2905 527 3230 594 invisibilis,
3265 537 3321 584 et
3354 529 3619 600 primOge-

2051 621 2224 672 nitum
2253 621 2433 674 omnis
2461 628 2748 683 creaturae,
2792 619 2928 674 nihil
2981 628 3163 676 autem
3221 621 3420 676 horum
3474 622 3620 692 prius

2049 710 2354 775 exstitisse,
2386 728 2449 767 ac
2487 725 2612 783 post
2635 712 2905 782 judicium
2932 714 3047 770 haec
3079 714 3263 770 omnia
3292 717 3619 772 amissurum

2047 817 2206 868 esse;
2268 803 2558 873 ipsumque
2591 804 2798 858 nudum
2829 821 2954 860 esse
2985 804 3224 862 Verbum
3273 806 3517 862 humano
3545 805 3618 862 si-

2048 894 2174 947 mile
2213 895 2289 962 (.p.
2327 893 2436 964 l9),
2469 910 2575 948 non
2615 903 2795 949 autem
2827 895 3023 951 Filium
3055 913 3178 953 esse
3206 897 3300 953 Dei
3353 899 3534 954 vivum
3573 904 3621 954 et

2047 986 2478 1051 subsistentem;
2525 1003 2631 1041 non
2663 988 2831 1043 fuisse
2866 988 2959 1043 Dei
3005 989 3295 1059 imaginem
3326 999 3619 1060 antequam

2046 1077 2210 1132 homo
2242 1080 2428 1142 lieret;
2482 1081 2829 1134 existentiam
2863 1079 3095 1152 ὓπαρξιν
3126 1091 3180 1136 et
3210 1082 3512 1137 ὑπόστασιν
3539 1076 3621 1137 Fi-

2045 1167 2101 1221 lii
2132 1167 2227 1223 Dei
2263 1170 2451 1224 tollere
2479 1169 2792 1226 Marcellum
2834 1173 2908 1225 ait
2940 1183 3014 1243 (p.
3047 1173 3136 1236 55.
3169 1175 3258 1239 55,
3293 1176 3408 1246 56),
3443 1192 3508 1230 ac
3540 1177 3621 1230 di-

2043 1276 2168 1316 cere
2209 1261 2387 1331 ipsum
2423 1261 2594 1318 fuisse
2641 1263 2846 1318 nudum
2884 1267 3230 1322 solummodo
3284 1269 3514 1322 verbum
3555 1269 3620 1323 ad

2038 1353 2194 1422 jussa
2222 1355 2606 1424 exsequenda;
2651 1355 2968 1412 Marcellum
3021 1358 3149 1413 item
3194 1359 3286 1430 qui
3337 1360 3398 1414 in
3434 1360 3623 1416 Sabel~

2044 1446 2174 1499 lium
2209 1445 2504 1511 invehitur,
2536 1446 2776 1503 Sabellio
2808 1449 2962 1519 paria
2991 1451 3223 1515 sentire,
3275 1453 3370 1522 qui
3401 1451 3620 1506 Patrem

2039 1546 2094 1592 et
2151 1535 2389 1592 Verbum
2445 1555 2616 1593 unum
2658 1555 2781 1594 esse
2825 1541 3008 1608 dicat;
3051 1543 3340 1614 ipsumque
3377 1546 3456 1614 (p.
3497 1545 3618 1609 167,

2042 1629 2167 1693 174)
2195 1637 2308 1686 tres
2360 1631 2686 1696 ὑπόστάσεις
2725 1648 2923 1703 negare
2949 1673 2965 1697 ,
3014 1645 3068 1689 et
3109 1651 3272 1690 unam
3323 1637 3622 1692 ὑπόστασιν

2039 1719 2455 1791 τριπρόσωπον,
2509 1722 2601 1774 καὶ
2646 1721 3008 1794 τρισώνυμον,
3045 1724 3098 1778 id
3139 1736 3222 1782 est
3255 1727 3620 1782 substantiam

2041 1810 2480 1880 tripersonalem,
2509 1821 2562 1868 et
2593 1814 2941 1869 trinominem
2967 1816 3168 1873 dicere.
3197 1815 3322 1872 Haec
3348 1820 3622 1889 precipue

2040 1903 2096 1956 in
2132 1902 2368 1958 Marcelli
2417 1904 2554 1958 libro
2608 1907 2791 1976 culpat
2823 1907 3089 1965 Eusebius
3121 1927 3134 1964 :
3163 1910 3254 1965 ubi
3310 1914 3581 1966 nonnulla
3605 1953 3621 1978 ,

2040 1994 2268 2066 ipsaque
2296 1997 2613 2052 orthodoxa:
2635 2002 2917 2054 sententiae
2933 2002 3114 2066 verba,
3142 2012 3326 2072 utp0te
3356 2006 3620 2070 Arianus,

2037 2093 2300 2156 tanquam
2349 2087 2603 2143 haeretica
2656 2091 2835 2161 carpit
2869 2102 2920 2146 et
2973 2093 3253 2160 conl‘utat;
3299 2095 3407 2149 alia
3456 2113 3618 2160 vero,

2037 2195 2158 2250 quae
2189 2195 2319 2236 sane
2355 2189 2414 2236 ut
2453 2197 2680 2238 erronea
2717 2185 2883 2254 probe
2913 2186 3391 2256 reprehenduntur
3413 2229 3428 2253 ,
3475 2189 3620 2244 haud

2036 2272 2110 2326 ita
2134 2274 2280 2328 clare
2309 2273 2364 2327 in
2393 2273 2634 2328 Marcelli
2669 2275 2805 2332 locis
2855 2279 3234 2344 enuntiantur,
3269 2287 3328 2333 ut
3384 2280 3620 2336 inferius

2034 2364 2342 2432 videbitur;
2379 2366 2452 2420 ita
2480 2374 2539 2427 ut
2559 2383 2680 2438 quae
2703 2369 2908 2424 diserte
2937 2379 2990 2425 et
3024 2370 3170 2424 nulla
3203 2371 3434 2442 ambage
3477 2371 3618 2442 apud

2036 2453 2295 2511 Basilium
2324 2465 2378 2512 et
2395 2456 2802 2514 Theodoretum
2827 2459 3048 2516 ell'ertur
3071 2461 3310 2517 Marcelli
3346 2463 3579 2520 haeresis
3599 2506 3613 2529 ,

2035 2548 2172 2602 adeo
2206 2549 2463 2618 perplexe
2488 2550 2630 2620 apud
2660 2549 2958 2606 Eusebium
2990 2551 3193 2624 jaceat,
3228 2561 3286 2608 ut
3310 2552 3367 2607 in
3400 2565 3613 2610 utram-

2032 2640 2115 2694 vis
2141 2650 2346 2710 partem
2377 2641 2536 2697 facile
2556 2643 2833 2698 deﬂectas.

2344 2741 2446 2793 VII.
2476 2745 2673 2796 Summa
2695 2743 3020 2796 Marcellianze
3043 2746 3295 2797 doctrinae.

2103 2822 2178 2878 Ex
2210 2823 2392 2878 allatis
2429 2840 2594 2895 porro
2628 2828 2959 2884 testimoniis
2993 2826 3358 2884 Marcelliauze
3384 2837 3609 2886 sentena

2030 2916 2120 2971 tiae
2151 2931 2420 2972 summam
2461 2917 2686 2974 duxeris
2719 2938 2732 2975 :
2776 2918 2928 2975 Unus
2959 2920 3026 2974 ab
3057 2929 3266 2975 aeterno
3295 2920 3442 2979 Deus
3467 2926 3611 2980 exsi-

2031 3007 2166 3062 stit:
2226 3009 2387 3078 cujus
2425 3007 2601 3078 λόγος,
2661 3026 2757 3065 seu
2806 3011 2986 3076 ratio,
3044 3020 3140 3066 aut
3168 3013 3395 3068 verbum
3422 3057 3439 3079 ,
3484 3032 3610 3072 nam

347 3112 407 3190 eg
433 3107 602 3182 οὗπερ
626 3111 850 3184 ἐξετάθη
871 3130 887 3144 ο
918 3113 980 3166 τὸ
1013 3112 1068 3166 δὲ
1100 3114 1613 3190 πανάγιονᾙνεὺμα
1646 3114 1912 3186 παρέκτα-

2058 3109 2264 3171 utroque
2299 3100 2459 3156 modo
2480 3103 2808 3172 exprimitur
2828 3145 2842 3168 ,
2877 3105 3084 3175 pariter
3107 3115 3416 3190 aeternum,
3440 3125 3610 3165 unum

348 3221 432 3255 σιν
455 3204 556 3273 τῆς
583 3204 857 3268 ἐκτάσεως
888 3205 1054 3274 λέγει,
1094 3203 1186 3259 καῖ⁸
1223 3207 1425 3278 ταύτην
1462 3205 1570 3270 τοῖς
1590 3207 1928 3269 ,ἀποστόλοις

346 3295 779 3365 παρασχΞΘῆναι.
825 3296 934 3350 Καὶ
959 3297 1294 3361 ἁπαξαπλῶς
1323 3296 1554 3350 ὑπέθετο
1589 3298 1796 3370 Τριάδα
1831 3299 1924 3351 ὲκ-

344 3384 660 3454 τεινομένην
692 3385 785 3436 καὶ
829 3385 1254 3456 συστελλομένην
1293 3385 1433 3438 κατὰ
1459 3385 1750 3458 διαφόρους
1780 3385 1926 3437 οἰκο-

345 3475 560 3546 νομίας.
599 3475 653 3531 Id
683 3484 803 3531 est:
835 3473 1125 3531 Marcellus
1151 3485 1324 3531 autem
1344 3474 1561 3540 Galata,
1585 3472 1832 3530 similiter
1869 3483 1929 3529 ut

344 3566 456 3628 ille,
507 3567 710 3636 negavit
753 3567 1114 3636 ltypestasium
1179 3567 1492 3621 trinitatem.
1552 3561 1927 3621 Extensionem

343 3673 466 3710 vero
505 3657 791 3728 quamdam
847 3659 1061 3712 deitatis
1113 3657 1295 3713 Patris
1339 3660 1391 3712 in
1425 3656 1695 3714 Christum
1729 3661 1928 3714 venisse

344 3748 501 3815 dixit,
527 3761 574 3804 et
600 3751 732 3804 hanc
766 3750 930 3804 Deum
968 3751 1188 3805 Verbum
1226 3752 1506 3822 appellavit
1537 3769 1554 3806 :
1586 3764 1801 3819 peracta
1829 3771 1928 3807 au-

349 3851 451 3894 tem
490 3843 732 3896 universa
771 3844 1078 3906 wconomia,
1109 3857 1322 3896 rursum
1363 3853 1651 3897 atlractam
1680 3861 1813 3908 esse,
1854 3861 1930 3899 re-

344 3949 649 4003 versumque
673 3934 741 3987 ad
773 3934 963 3997 Deum,
996 3951 1060 3988 ex
1095 3952 1196 4005 quo
1225 3944 1442 3989 extensa
1487 3933 1609 4005 fuit.
1662 3935 1927 4002 Spiritum

348 4041 466 4079 vero
519 4036 763 4078 sanctum
825 4026 1135 4080 ulteriorem
1202 4027 1554 4081 extensionem
1604 4029 1924 4082 extensionis

350 4133 484 4179 esse,
516 4126 567 4169 et
601 4117 737 4170 hanc
776 4117 1031 4185 apostolis
1061 4119 1244 4171 datam
1295 4118 1459 4188 fuisse
1501 4119 1788 4173 secundum
1840 4120 1926 4173 di-

350 4227 525 4266 uersas
555 4214 888 4266 oeconomiae.

703 4317 784 4366 Vl.
813 4317 938 4376 Quid
964 4317 1205 4366 Eusebius
1234 4316 1565 4367 Caesariensis.

410 4401 530 4456 Jam
582 4418 648 4457 ex
703 4401 940 4455 Eusebio
996 4401 1153 4471 ipso,
1202 4401 1294 4470 qui
1352 4411 1544 4454 contra
1607 4399 1921 4456 Marcellum

2029 3199 2116 3246 est
2143 3206 2266 3246 cum
2302 3191 2410 3248 Deo
2455 3194 2575 3264 ipso
2615 3195 2774 3268 οὐσίᾳ
2813 3197 2909 3250 καὶ
2938 3180 3266 3262 ὑποστάσει,
3301 3201 3612 3256 substantia

2029 3295 2084 3340 et
2116 3285 2420 3357 hypostasi,
2450 3287 2524 3341 ita
2558 3295 2617 3341 ut
2645 3289 2792 3342 nulla
2819 3291 2889 3344 sit
2919 3290 3064 3343 inter
3090 3299 3386 3362 utrumque
3410 3293 3614 3349 distin-

2029 3379 2141 3432 ctio
2180 3398 2194 3434 :
2226 3389 2421 3450 estque
2451 3380 2677 3435 verbum
2721 3381 2921 3447 silens,
2959 3382 3262 3449 internum,
3291 3385 3408 3441 sive
3435 3387 3614 3442 ἐνδιά-

2029 3467 2200 3523 θετον.
2261 3470 2496 3539 Spiritus
2545 3470 2671 3524 item
2727 3479 2955 3525 sanctus
3009 3473 3063 3525 in
3113 3472 3223 3529 Deo
3281 3475 3350 3528 ab
3401 3487 3614 3532 eterna

2029 3563 2150 3627 fuit,
2189 3563 2337 3617 nulla
2369 3563 2621 3618 similiter
2651 3562 2756 3617 nisi
2789 3562 3031 3619 nominis
3065 3573 3118 3620 et
3142 3567 3378 3623 rationis
3405 3569 3613 3623 distin-

2028 3658 2228 3712 ctione.
2260 3657 2397 3712 Cum
2429 3664 2614 3710 autem
2641 3654 2785 3711 Deus
2808 3667 3066 3726 operatur
3090 3666 3144 3712 et
3185 3659 3454 3730 loquitur,
3480 3661 3611 3716 tunc

2029 3747 2268 3803 Verbum
2294 3764 2393 3802 ceu
2425 3747 2674 3817 quadam
2705 3747 2952 3811 emissio,
2983 3749 3231 3804 extensio
3264 3759 3318 3805 et
3357 3751 3615 3806 dilatatio

2028 3839 2249 3894 deitatis
2280 3840 2486 3910 prodit,
2517 3850 2569 3894 et
2604 3846 2725 3910 post
2758 3847 2971 3910 gestum
3021 3856 3160 3910 opus
3209 3842 3277 3896 ad
3310 3842 3481 3899 Deum
3531 3861 3616 3901 re-

2027 3932 2287 3993 vertitur,
2325 3939 2380 3985 et
2409 3931 2465 3985 in
2496 3932 2730 4001 pristina
2779 3930 3096 3986 conditione
3142 3941 3345 3988 manet.
3398 3933 3615 3991 Pariter

2027 4023 2288 4078 emissum
2313 4022 2416 4076 fuit
2446 4020 2708 4085 Verbum,
2739 4029 2800 4076 ut
2828 4037 3049 4076 carnem
3072 4033 3380 4079 assumeret
3407 4045 3422 4092 ;
3451 4039 3613 4083 tunc-

2026 4133 2134 4188 que
2157 4116 2328 4170 Filius
2357 4115 2450 4170 Dei
2493 4116 2746 4170 ell‘ectum
2800 4126 2929 4184 est,
2973 4133 3068 4173 rex
3120 4119 3271 4184 item,
3303 4119 3569 4179 Christus
3593 4165 3609 4188 .

2026 4210 2204 4280 imago
2240 4207 2335 4262 Dei
2366 4207 2662 4264 invisibilis
2684 4249 2698 4272 ,
2735 4215 2789 4262 et
2819 4209 3215 4278 primogenitus
3252 4213 3437 4269 omnis
3460 4230 3613 4269 crea-

2024 4312 2180 4369 turae,
2203 4317 2328 4356 cum
2360 4313 2518 4356 antea
2543 4301 2677 4355 nihil
2713 4316 2899 4356 eorum
2931 4300 3158 4357 luisset:
3196 4319 3262 4358 ac
3298 4315 3427 4375 post
3457 4307 3612 4379 judi-

2027 4379 2172 4448 cium
2203 4396 2321 4448 haec
2351 4393 2536 4448 omnia
2565 4393 2919 4457 amissurum,
2951 4403 3115 4463 atque
3147 4403 3206 4448 ut
3252 4398 3409 4466 prius
3434 4416 3610 4456 unum

343 4496 584 4565 scripsit,
622 4496 740 4547 loca
775 4493 1068 4548 aﬂ'eramus
1101 4493 1167 4547 ad
1199 4491 1600 4546 Marcellianam
1642 4493 1786 4546 illam
1812 4493 1922 4546 lue-
1951 4499 1998 4558 D
2025 4503 2149 4542 Cum
2183 4486 2342 4540 Ρῖητθ
2373 4486 2616 4539 {Ulmum
2652 4494 2757 4541 θεῖ·
2799 4485 2870 4540 Ui
2901 4497 3080 4542 autem
3110 4487 3354 4544 verbum
3387 4500 3476 4548 ⁸³³
3513 4510 3610 4549 εἷ’

343 4593 491 4645 resin
528 4589 934 4658 intelligendam
959 4595 1288 4656 opportuna.
1320 4585 1408 4639 Ait
1439 4588 1622 4656 itaque
1653 4587 1728 4656 (p.
1759 4585 1915 4655 4,5')

342 4676 633 4732 hancesse
664 4675 902 4729 Marcelli
934 4677 1270 4745 opinionem,
1295 4675 1533 4730 Verbum
1567 4677 1756 4736 silens,
1791 4684 1918 4730 ante

341 4770 694 4831 creationem,
732 4769 783 4822 in
817 4768 977 4823 Patre
1014 4767 1204 4834 fuisse,
1240 4784 1409 4822 unum
1437 4785 1560 4823 cum
1587 4767 1698 4822 Deo
1733 4767 1912 4833 Patre,

341 4863 769 4929 sempiternum,
834 4859 1037 4922 ἀΐδιον,
1093 4874 1200 4912 non
1232 4860 1498 4929 genitum,
1543 4860 1613 4912 ita
1647 4866 1707 4912 ut
1755 4856 1917 4913 Pater

339 4952 557 5021 quidem
595 4960 647 5005 et
683 4949 854 5006 Filius
907 4949 1143 5005 diversis
1203 4950 1520 5005 nominibus
1573 4949 1912 5016 elTerantur;

340 5046 435 5098 sed
473 5060 638 5097 unum
667 5052 849 5096 tamen
881 5042 992 5097 sint
1020 5043 1259 5097 essentia
1301 5050 1354 5096 et
1383 5042 1663 5112 hypostasi
1688 5081 1703 5107 ,
1756 5042 1915 5114 οὐσίᾳ

337 5137 395 5189 δὲ
429 5138 522 5190 καὶ
559 5137 853 5190 ὑποστάσει
909 5135 967 5188 ἒν
1026 5135 1188 5198 ὄντα,
1244 5135 1323 5188 uti
1361 5132 1632 5188 Sabellius
1685 5133 1912 5188 docuit:

341 5227 577 5284 Verbum
613 5230 738 5282 item
790 5234 916 5281 ante
961 5228 1314 5283 emissionem
1363 5242 1483 5281 esse
1518 5226 1698 5280 simile
1749 5227 1916 5281 verbo

337 5332 531 5376 nostro
580 5321 792 5384 silenti,
850 5321 1034 5392 ὅμοιον
1053 5319 1131 5390 τῷ
1160 5322 1217 5374 ὲν
1267 5321 1397 5390 ἡμῖν
1448 5319 1756 5372 σιωπῶντι⁵
1789 5334 1914 5373 cum

337 5414 608 5468 emittitur
639 5429 766 5468 vero
796 5412 863 5467 ad
899 5414 1304 5483 operationem,
1353 5427 1475 5467 esse
1521 5412 1698 5467 simile
1746 5412 1914 5466 verbo

338 5513 552 5566 nostro,
587 5520 711 5558 cum
744 5505 1038 5574 loquimur.
1086 5503 1221 5558 Illud
1271 5504 1346 5573 (p.
1389 5503 1444 5572 6)
1474 5518 1636 5572 porro
1673 5501 1912 5558 Verbum

337 5609 461 5648 cum
494 5611 713 5650 carnem
759 5597 1078 5668 assumpsit,
1132 5604 1263 5652 tunc
1302 5594 1498 5650 Filium
1555 5595 1646 5650 Dei
1709 5594 1912 5649 factum

2023 4579 2200 4633 tensio
2227 4586 2280 4632 et
2320 4577 2572 4631 dilatatio
2634 4578 2768 4640 Dei,
2823 4579 2904 4633 sic
2957 4587 3013 4634 et
3067 4579 3306 4666 Spiritus
3375 4596 3608 4640 sanctus

2024 4671 2254 4725 ulterior
2280 4671 2529 4725 extensio
2577 4677 2632 4722 et
2677 4670 2925 4725 dilatatio
2955 4680 3078 4737 est,
3129 4674 3478 4744 παρέκτασις
3511 4680 3610 4749 τῆς

2022 4765 2329 4830 ἐκτάσεως;
2368 4765 2460 4834 qui
2497 4765 2700 4834 pariter
2740 4778 2768 4815 a
2806 4763 2913 4818 Deo
2942 4765 3212 4821 emittitur
3241 4775 3296 4823 et
3326 4769 3398 4823 ad
3433 4769 3607 4826 Deum

1995 4858 2316 4933 .revertitur
2363 4868 2422 4910 ut
2450 4855 2687 4910 Verbum
2719 4896 2732 4918 ,
2773 4871 3028 4925 unusque
3074 4865 3159 4912 est
3203 4873 3330 4913 cum
3383 4859 3499 4916 Deo
3554 4871 3608 4917 et

2022 4940 2202 5002 Verbo
2231 4948 2350 5002 sine
2379 4947 2488 5001 ulla
2519 4944 2891 4999 distinctione.
2934 4942 3062 4999 Haec
3111 4943 3350 5001 Marcelli
3380 4960 3610 5004 senten-

2019 5041 2096 5094 tia
2122 5049 2228 5104 est,
2263 5038 2562 5095 secundum
2598 5038 2818 5092 Eusebii
2852 5037 3273 5107 explicationem
3301 5077 3315 5102 ,
3357 5040 3473 5103 cui,
3509 5042 3608 5097 sed

2021 5150 2130 5188 non
2165 5135 2237 5187 ita
2269 5133 2434 5197 clare,
2473 5131 2841 5202 astipulantur
2866 5129 3100 5187 Basilius
3120 5139 3174 5186 et
3197 5127 3606 5189 Theodoretus.

2025 5227 2080 5280 Si
2113 5241 2278 5296 porro
2309 5226 2433 5279 talis
2460 5225 2581 5293 ejus
2611 5224 2860 5278 doctrina
2918 5222 3119 5288 fuerit,
3174 5224 3230 5278 in
3277 5227 3432 5282 nullo
3480 5244 3609 5284 vere

2023 5319 2238 5374 diﬂcrat
2265 5335 2292 5372 a
2323 5312 2563 5372 Sabellio
2583 5324 2636 5370 et
2659 5314 3121 5384 Patripassianis:
3156 5316 3366 5370 nullam
3401 5320 3610 5390 quippe

2020 5407 2428 5462 distinctionem
2484 5419 2845 5474 personarum
2907 5402 3180 5468 admittit,
3228 5414 3283 5460 et
3312 5407 3464 5461 illam
3507 5426 3606 5464 ex—

2023 5501 2325 5555 tensionem
2357 5507 2410 5552 et
2439 5498 2758 5553 ulteriorem
2803 5496 3204 5564 dilatationem,
3236 5501 3448 5555 nullam
3478 5517 3608 5572 pro-

2020 5594 2195 5664 priam
2228 5592 2456 5663 ὑπαρξιν
2483 5600 2536 5648 et
2565 5592 2896 5655 ὑπόστασιν,
2934 5591 3311 5646 cxsistentiam
3341 5601 3397 5649 et
3430 5593 3606 5666 hypo-

465 5742 700 5822 Pagina;
729 5749 978 5822 intelligo.
1014 5751 1270 5808 editionis
1304 5750 1632 5810 Parisiensis
1661 5765 1894 5822 quarum
1936 5749 2134 5808 seriem
2177 5749 2350 5808 textui
2374 5748 2686 5811 Eusebiano
2721 5752 3067 5810 inserendam
3103 5752 3440 5809 curavimus.
3465 5747 3612 5807 Vide

344 5823 475 5869 tom.
504 5813 669 5869 XXIV
729 5818 884 5872 Eon:
