3792 6150
153 343 296 398 1285

1415 333 1774 396 MARCELLI
1813 331 2188 391 ANCVRANI.

3279 339 3418 395 {286

152 459 331 515 stasin
354 497 370 523 ,
409 456 610 513 habere
647 456 828 512 docet.
867 456 1095 524 Verum,
1129 459 1175 515 si
1221 453 1468 513 Marcelli
1503 457 1624 513 loca
1675 435 1744 510 ab
1773 457 1818 515 A
1847 462 1957 509 tres
2009 453 2350 510 substantias
2382 459 2664 522 separatas
2697 459 2751 508 et
2797 451 3043 524 dispares
3090 453 3416 525 intelligere,

153 551 394 607 Eusebio
423 550 586 604 allata
607 551 752 606 serio
777 551 1179 620 expenduntur,
1209 566 1318 606 non
1352 551 1427 606 ita
1461 549 1622 608 facile
1649 558 1735 606 est

152 643 211 697 in
238 642 553 698 Marcellum
587 644 915 700 sententiam
945 644 1150 712 dicere,
1175 654 1236 700 ut
1281 660 1408 701 mox
1451 660 1736 702 common-

151 731 445 788 strabitur.

762 845 992 903 CAPUT
1037 846 1128 902 ΙΙΙ.

151 979 223 1019 ΑΝ
252 978 532 1019 κηαειιο
562 979 850 1019 Αεειιιρτυε
881 979 1060 1018 Ειιῐιοιι
1094 979 1147 1018 ΙΝ
1179 979 1304 1018 EJUS
1333 977 1546 1018 CONTRA
1575 977 1733 1017 ASTE-

439 1051 568 1090 BIUI
598 1051 757 1089 LIBRO
785 1050 1122 1090 DEPREHENDI
1156 1049 1448 1089 POTUERIT.

154 1152 203 1208 1.
247 1151 489 1205 Asterius
538 1166 633 1219 pro
677 1149 897 1203 Arionis
953 1148 1186 1219 scribit,
1228 1156 1415 1200 contra
1466 1147 1732 1219 Asterium

223 1217 548 1285 Marcellus,
593 1237 743 1292 quem
792 1218 1308 1292 refutatﬂEusebius.
1335 1219 1424 1292 ‘Il.
1474 1217 1736 1292 Αημᾳτ.

222 1293 387 1346 cellus
443 1287 859 1345 dicat'Patrem
897 1300 947 1344 et
990 1291 1216 1344 Verbum
1261 1289 1391 1343 solis
1437 1287 1734 1342 nominibus

222 1363 502 1430 distingui.
533 1361 616 1417 ΙΙΙ.
659 1361 742 1415 An
786 1362 979 1414 dixerit
1016 1361 1241 1414 Verbum
1268 1360 1561 1430 ἀγέννηςεον
1597 1375 1730 1421 esse,

220 1443 277 1487 et
308 1429 511 1486 Filium
544 1449 647 1486 non
673 1433 836 1501 fuisse
867 1441 988 1486 ante
1017 1430 1270 1485 Mariam.
1315 1431 1398 1485 IV.
1446 1429 1555 1484 Cur
1592 1430 1738 1482 dicat

233 1503 462 1558 Verbum
493 1514 609 1572 post
637 1505 1054 1558 incarnationem
1079 1513 1282 1556 tantum
1314 1517 1426 1555 esse
1455 1501 1736 1572 imaginem

221 1557 358 1638 Dei,
393 1585 442 1629 et
471 1557 876 1644 primogenitum
909 1575 1094 1628 omnis.
1127 1581 1405 1644 creaturae.
1459 1572 1522 1627 V.
1672 1571 1739 1622 li-

223 1645 320 1699 bro
347 1644 598 1699 Marcelli
624 1641 760 1699 nihil
787 1655 964 1714 aperte
991 1651 1268 1699 erroneun‘t
1303 1643 1470 1711 fuisse
1508 1641 1734 1694 videtur.

148 1756 193 1808 1.
211 1758 442 1810 Asterius
458 1772 548 1822 pro
563 1758 756 1808 Arianis
777 1759 964 1814 scribit.
989 1764 1158 1822 contra
1176 1758 1432 1822 Asterium
1454 1755 1736 1815 Marcellus,

631 1833 780 1883 quem
801 1822 982 1872 refutat
1004 1820 1264 1870 Eusebius.

216 1916 579 1974 Asteriusille
604 1917 850 1988 sophista
881 1917 1201 1980 circulator,
1232 1915 1345 1986 qui,
1382 1922 1441 1968 ut
1470 1913 1545 1969 ait
1570 1913 1733 1968 Atha-

145 2010 367 2073 nasius,
392 2021 676 2082 grassante
699 2011 753 2065 in
783 2011 1132 2066 Christianos
1175 2009 1494 2072 Maximino,
1524 2006 1730 2062 Christi

143 2102 367 2171 eiurata
414 2101 549 2170 ﬁde,
597 2102 762 2158 idolis
824 2103 1236 2168 immolaverat,
1293 2101 1538 2158 nascenti
1573 2100 1731 2154 Aria-

142 2196 337 2250 nismo
388 2211 588 2252 nomen
639 2196 826 2260 dedit,
886 2196 1200 2268 librumque
1250 2195 1564 2265 evulgavit,
1619 2209 1730 2264 quo

142 2286 479 2341 catholicam
559 2285 866 2342 doctrinam
945 2285 1230 2356 impeteret
1263 2325 1278 2350 ,
1361 2284 1730 2353 Arianamque

142 2378 473 2434 vindicaret.
505 2377 793 2434 Marcellus
828 2393 957 2434 vero
1005 2377 1227 2433 Arianis
1265 2393 1294 2432 a
1339 2377 1612 2448 principio
1644 2377 1729 2430 in-

142 2468 538 2536 fensissimus,
574 2470 848 2526 Asterium
907 2470 1055 2526 edito
1109 2471 1374 2540 opusculo
1426 2469 1726 2533 refutavit,

143 2563 594 2635 Arianorumque
651 2564 930 2634 principes
993 2562 1289 2618 Eusebium
1347 2561 1730 2618 Nicomedien-

143 2669 290 2717 sem,
317 2653 610 2709 Eusebium
645 2654 1061 2718 Caesariensem,
1093 2652 1385 2707 Paulinum
1416 2651 1566 2723 Tyri,
1589 2650 1730 2704 Nar-

142 2741 360 2797 cissum
407 2742 729 2799 Neroniadis
762 2753 816 2798 et
846 2745 982 2799 alios
1012 2744 1214 2813 passim
1263 2741 1452 2798 eodem
1486 2744 1540 2798 in
1584 2743 1727 2798 libro

145 2835 475 2889 lacessivit:
529 2850 637 2904 qua
680 2850 739 2890 re
785 2843 1066 2906 permotus
1116 2833 1384 2889 Eusebius
1422 2833 1714 2889 Caesarien-

143 2929 253 2991 sis,
281 2930 523 2999 quinque
553 2929 724 2983 libros
771 2929 943 2984 edidit
970 2947 983 2983 :
1015 2928 1104 2982 ubi
1139 2929 1465 2982 Arianorum
1500 2942 1724 2981 causam

145 3036 252 3092 pro
281 3022 490 3077 viribus
518 3021 835 3080 defendens,
869 3037 1058 3078 eorum
1091 3021 1481 3092 antesignanos
1515 3034 1547 3073 a
1582 3020 1726 3074 Mar-

145 3113 292 3169 cello
323 3114 623 3184 exagitatos
658 3114 913 3169 laudibus
942 3114 1007 3168 ad
1046 3114 1227 3168 sidera
1258 3113 1436 3177 tollit,
1485 3114 1540 3166 in
1581 3113 1724 3166 Mar-

144 3206 460 3276 cellumque
489 3204 897 3262 Sabellianismi
921 3207 1142 3262 nomine
1177 3206 1378 3260 acriter
1423 3205 1722 3261 invehitur.

148 3296 271 3351 Sub
303 3302 418 3353 haec
441 3309 622 3353 autem
654 3299 721 3354 de
749 3298 986 3354 Marcelli
1054 3300 1325 3355 sententia
1369 3298 1532 3354 etiam
1590 3300 1731 3354 inter

146 3392 466 3449 Cat-helices
525 3394 864 3462 disputatum
921 3400 1043 3447 est:
1081 3393 1203 3446 aliis
1252 3392 1378 3461 jure
1409 3399 1730 3447 accusatum

145 3482 470 3538 Marcellum
529 3486 934 3556 pugnantibus;
989 3485 1112 3539 aliis
1177 3501 1367 3540 sanam
1429 3485 1552 3554 ejus
1607 3498 1731 3538 esse

149 3574 317 3628 ﬁdem
371 3575 670 3630 tuentibus.
723 3577 832 3630 Nos
871 3577 1056 3646 igitur,
1110 3575 1426 3645 ponderatis
1466 3575 1631 3630 rebus
1677 3584 1732 3630 et

150 3669 410 3738 expensis
446 3668 666 3723 Eusebii
726 3668 1174 3724 accusationibus
1198 3709 1213 3734 ,
1264 3669 1394 3740 quid
1433 3669 1504 3722 sit
1539 3668 1630 3721 illa
1663 3668 1730 3722 de

152 3776 217 3814 re
246 3760 589 3815 sentiendum
622 3761 1026 3832 indagabimus.

151 3872 218 3925 ll.
232 3873 319 3926 .An
339 3874 598 3926 Marcellus
619 3876 749 3925 dicat
775 3876 972 3986 Psitrlem
999 3883 1052 3948 et
1072 3875 1291 3925 Verbum
1315 3874 1434 3925 solis
1456 3873 1731 3925 nominibus

861 3951 1062 3986 SinguL

861 3951 1062 4000 sungul.

224 4030 377 4085 Hanc
407 4031 583 4101 primo
629 4031 685 4085 in
737 4031 1052 4086 Marcellum
1101 4031 1542 4086 criminationem
1575 4028 1730 4084 aﬂert

152 4121 424 4178 Eusebius
458 4122 534 4193 (p.
587 4123 665 4194 5),
704 4121 851 4191 quod
885 4122 1108 4186 dixerit,
1159 4120 1397 4177 Verbum
1429 4122 1499 4176 ab
1527 4131 1729 4176 aeterno

152 4230 324 4269 unum
368 4231 490 4271 esse
523 4229 646 4269 cum
697 4213 859 4269 Patre
888 4215 1044 4285 οὐσίᾳ
1076 4214 1169 4267 καὶ
1201 4214 1514 4276 ὑποστάσει,
1543 4229 1731 4268 essen-

151 4308 232 4360 tia
259 4316 312 4361 et
337 4305 652 4377 bypostasi;
689 4307 761 4360 ita
793 4315 850 4360 ut
873 4309 1004 4362 solis
1030 4307 1344 4361 nominibus
1369 4314 1556 4360 mutuo
1585 4305 1730 4360 diﬁ‘e-

151 4407 327 4452 rant:
360 4414 593 4468 esseque
643 4397 883 4452 Verbum
945 4411 1205 4453 aeternum
1269 4407 1324 4455 et
1380 4398 1726 4468 ingenitum:

1841 559 2008 598 unam
2042 551 2253 599 tantum
2287 543 2629 616 hypostasin,
2658 543 2793 605 sive,
2837 550 2894 596 ut
2939 543 3015 597 illi
3047 544 3417 614 explicabant,

1841 637 2205 694 substantiam
2239 636 2293 690 in
2335 635 2445 691 Deo
2474 652 2596 692 esse
2643 636 3078 703 contendebant;
3131 637 3204 691 ita
3233 646 3416 692 tamen

1839 737 1899 785 ut
1928 729 2166 793 Patrem,
2200 728 2400 783 Filium
2443 737 2496 784 et
2546 727 2808 799 Spiritum
2842 736 3115 792 sanctum,
3165 729 3332 783 alium
3362 737 3418 782 et

1795 877 1810 892 ,
1839 820 2006 874 alium
2041 829 2094 876 et
2125 822 2292 875 alium
2319 835 2443 876 esse
2472 819 2888 889 proﬁterentur;
2923 820 3016 873 alii
3049 834 3176 874 vero
3208 819 3417 873 formu-

1838 911 1946 964 lam
1977 912 2140 966 triu‘m
2168 912 2544 983 hypostasium
2577 911 2643 966 ad
2673 911 2838 964 trium
2875 910 3284 966 distinctionem
3315 926 3415 982 op-

1839 1012 2127 1072 portunam
2175 1003 2466 1067 admisere,
2503 1002 2630 1056 dum
2684 1017 2844 1056 unam
2907 1004 3113 1073 pariter
3158 1003 3414 1058 substan-

1837 1095 1970 1147 tiam
2015 1095 2068 1148 in
2094 1093 2204 1149 Deo
2234 1109 2356 1150 esse
2383 1095 2646 1149 dicerent.
2679 1094 3012 1150 Athanasius
3040 1101 3220 1150 autem
3250 1095 3414 1150 modo

1840 1199 2027 1250 unam,
2083 1185 2245 1239 modo
2280 1194 2405 1240 tres
2442 1184 2498 1239 in
2552 1183 2664 1239 Deo
2703 1186 3025 1256 hypostases
3059 1185 3226 1252 dicit;
3272 1194 3326 1241 et
3355 1186 3414 1242 in

1840 1275 2050 1344 synodo
2081 1274 2451 1328 Alexandrina
2483 1276 2607 1328 anni
2639 1275 2763 1338 562,
2793 1276 2883 1328 cui
2916 1282 3146 1345 praeerat
3171 1273 3414 1329 Atbana-

1840 1367 1976 1431 sius,
2017 1368 2247 1422 liberum
2297 1383 2420 1423 esse
2455 1368 2712 1422 deﬁnitur
2741 1371 2822 1424 vel
2875 1385 3038 1424 unam
3089 1369 3412 1440 hypostasin

1839 1459 2042 1524 dicere,
2081 1461 2210 1515 dum
2243 1461 2408 1514 trium
2440 1459 2721 1516 distinctio
2753 1473 3019 1526 servetur,
3050 1463 3136 1518 vel
3167 1471 3279 1518 tres
3311 1463 3413 1534 hy-

1839 1560 2086 1622 postases
2139 1552 2423 1623 proﬁteri,
2481 1553 2611 1608 dum
2673 1569 2782 1608 una
2837 1564 3042 1610 tantum
3101 1555 3413 1612 substantia

1839 1642 2074 1697 dicatur.
2115 1643 2232 1698 Non
2272 1644 2576 1714 culpandus
2621 1659 2750 1716 ergo
2782 1645 3089 1710 Marcellus,
3127 1647 3272 1718 quod
3300 1645 3410 1701 Pa-

1841 1740 1980 1789 trem
2015 1742 2068 1790 et
2099 1733 2336 1790 Verbum
2369 1736 2652 1808 hypostasi
2679 1752 2850 1792 unum
2880 1753 3003 1794 esse
3029 1739 3244 1802 dixerit,
3277 1738 3410 1794 dum

1765 1813 1813 1873 B
1841 1825 2008 1879 alium
2057 1835 2110 1881 et
2141 1827 2308 1882 alium
2338 1843 2461 1883 esse
2494 1830 2778 1899 professus
2823 1830 2915 1894 sit,
2965 1847 3068 1885 nec
3099 1830 3412 1886 distinctio-

1832 1931 1957 1970 nem
1986 1917 2296 1973 abstulerit.
2335 1920 2393 1974 ld
2441 1935 2571 1974 vero
2598 1937 2663 1975 ex
2686 1922 2870 1976 allatis
2897 1921 2964 1977 ab
3005 1921 3240 1978 Eusebio
3265 1921 3409 1976 Mar-

1831 2007 1955 2062 celli
2005 2007 2142 2062 locis
2172 2009 2596 2064 examinandum
2627 2011 2795 2066 venit.
2845 2010 2935 2064 Ait
2977 2011 3142 2081 igitur
3179 2010 3408 2066 Marcel-

1832 2098 1918 2153 lus
1962 2099 2037 2170 (p.
2093 2101 2213 2170 55),
2266 2101 2541 2157 referente
2590 2101 2868 2158 Eusebio:
2901 2102 3109 2156 Οὐκοῦν
3150 2103 3259 2174 πρὸ
3306 2104 3407 2174 μὲν

1829 2193 1922 2247 τοῦ
1953 2196 2252 2268 κατελθεῖν,
2298 2198 2393 2249 καὶ
2424 2195 2512 2249 διὰ
2542 2195 2643 2265 τῆς
2671 2195 2946 2266 Παρθένου
2982 2194 3256 2266 τεχθῆναι,
3303 2196 3409 2250 Λό-

1829 2301 1925 2353 γος
1963 2283 2032 2357 ἦν
2087 2287 2266 2358 μόνον.
2313 2288 2463 2340 Ἐπεὶ
2487 2287 2540 2341 τι
2573 2286 2759 2358 ἓτερον
2797 2281 2888 2357 ἦν,
2929 2286 3034 2358 πρὸ
3060 2287 3153 2340 τοῦ
3180 2287 3280 2360 τὴν
3321 2289 3410 2342 ἁν-

1831 2376 2105 2450 θρωπίνην
2134 2379 2422 2433 ἀναλαϐεῖν
2459 2379 2657 2448 σάρκα,
2688 2379 2749 2431 τὸ
2777 2378 3034 2432 κατελθὸν
3063 2381 3148 2432 ἐπ’
3183 2379 3409 2450 ἔσχατον

1826 2470 1936 2522 τῶν
1969 2470 2210 2542 ἡμερῶν,
2239 2473 2314 2533 ὡς
2351 2472 2443 2524 καὶ
2470 2471 2629 2535 αὑτὸς
2651 2471 2911 2544 γέγραφε,
2941 2473 3031 2525 καὶ
3058 2473 3119 2525 τὸ
3150 2471 3408 2544 γεννηθὲν

1828 2564 1892 2616 ὲκ
1924 2563 2024 2635 τῆς
2056 2565 2364 2637 Παρθένου;
2399 2565 2564 2618 Οὐδὲν
2610 2565 2795 2634 ἕτερον
2825 2564 2856 2635 ἢ
2891 2565 3085 2633 Λόγος.
3133 2564 3246 2618 Hoc
3277 2574 3359 2620 est
3386 2584 3401 2622 :

1829 2653 2018 2725 Itaque
2066 2657 2372 2725 priusquam
2415 2655 2767 2722 descenderet,
2817 2665 2868 2710 et
2931 2671 2997 2710 ea:
3052 2655 3260 2725 Virgine
3307 2673 3408 2710 na-

1827 2755 2078 2807 sceretur,
2122 2744 2340 2798 Verbum
2388 2754 2503 2798 erat
2534 2744 2885 2800 solummodo.
2925 2743 3069 2798 Nam
3098 2744 3223 2814 quid
3255 2743 3406 2797 aliud

1826 2847 1964 2900 erat,
2014 2837 2324 2906 priusquam
2382 2837 2670 2890 humanam
2720 2853 2931 2890 carnem
2987 2844 3308 2899 assumeret,
3351 2834 3407 2889 id

1826 2928 1962 2999 quod
1991 2929 2043 2982 in
2077 2929 2372 2982 novissimis
2428 2929 2610 2982 diebus
2644 2927 2910 2984 descendit
2939 2926 3405 2998 (quemadmodum

1826 3020 1937 3088 ipse
1984 3020 2211 3084 scribit),
2243 3028 2293 3073 et
2333 3022 2469 3090 quod
2500 3025 2562 3074 de
2623 3019 2831 3091 Virgine
2879 3029 3062 3074 uatum
3091 3021 3215 3074 est?
3250 3017 3406 3073 Nihil

1829 3111 1976 3165 aliud
2024 3129 2184 3182 quam
2243 3111 2489 3167 Verbum.
2542 3112 2832 3168 Marcellus
2883 3127 3037 3180 sane,
3072 3113 3167 3184 qui
3213 3123 3407 3167 contra

1834 3201 2127 3256 Sabellium
2163 3217 2351 3272 agens,
2392 3201 2610 3257 Patrem
2665 3211 2828 3273 negat
2877 3205 3242 3268 incarnatum,
3291 3202 3408 3257 haec

1833 3295 2075 3350 scribere
2123 3310 2231 3349 non
2281 3296 2480 3364 potuit.
2513 3294 2647 3364 quin
2679 3293 2916 3348 Verbum
2951 3309 2983 3347 a
3011 3293 3171 3349 Patre
3209 3295 3406 3351 distin-

1831 3393 1981 3440 ctum
2016 3385 2281 3438 crederet.
2314 3384 2380 3438 Et
2419 3387 2608 3455 paucis
2638 3385 2976 3454 interpositis
3022 3385 3136 3439 haec
3166 3385 3406 3443 Marcelli

1829 3477 1993 3532 verba
2026 3476 2363 3530 alieruntur:
2396 3476 2582 3529 Discat
2609 3477 2791 3546 igitur,
2832 3475 3054 3529 Verbum
3081 3477 3198 3544 Dei,
3218 3493 3322 3530 non
3345 3487 3406 3532 ut

1830 3567 1912 3620 illi
1942 3568 2140 3631 volunt,
2181 3566 2404 3620 Verbum
2435 3567 2891 3638 καταχρηστικῶς
2921 3567 3279 3636 appellatum;
3305 3567 3398 3623 sed

1830 3656 1968 3728 quod
1991 3673 2188 3722 revera,
2211 3658 2286 3720 ὡς
2316 3656 2550 3726 ἀληθῶς,
2571 3657 2874 3721 exsistebat,
2911 3657 3153 3712 Verbum.
3181 3657 3304 3723 Ubi,
3337 3660 3406 3714 il-

1832 3746 1948 3814 lud,
1977 3766 2179 3813 revera,
2211 3747 2446 3803 Verbum
2490 3749 2771 3804 exstitisse
2815 3764 2938 3804 vere
2964 3758 3017 3804 et
3046 3764 3143 3818 per
3189 3764 3268 3816 se,
3302 3765 3405 3804 nec

1831 3858 2000 3896 unum
2047 3851 2100 3896 et
2153 3842 2294 3895 idem
2342 3857 2466 3896 cum
2513 3840 2676 3896 Patre
2727 3840 2919 3905 fuisse,
2968 3840 3213 3896 denotat.
3258 3841 3406 3895 Alibi

1829 3949 1960 3989 vero
1999 3933 2074 4004 (p.
2110 3932 2200 4003 59)
2233 3933 2310 3985 ait
2356 3932 2646 3988 Marcellus
2677 3932 2828 4003 :llpb
2868 3931 2978 4004 γὰρ
3008 3932 3110 4002 τῆς
3149 3932 3410 4004 δημιουρ-

1829 4024 1953 4091 γίας
1983 4024 2198 4094 ἁπάσης
2230 4023 2427 4092 ἡσυχία
2476 4040 2559 4085 τις
2587 4019 2676 4093 ἦν,
2724 4023 2800 4085 ὼς
2834 4022 3002 4085 εἰκὸς,
3051 4023 3109 4074 ἐν
3158 4021 3236 4092 τῷ
3287 4020 3408 4092 Θεῷ

1827 4115 1922 4168 τοῦ
1953 4115 2125 4182 Λόγου
2155 4114 2327 4178 ὄντος.
2353 4114 2464 4169 lloc
2497 4124 2580 4170 est
2605 4134 2618 4168 :
2651 4114 2787 4168 Ante
2812 4130 3016 4167 onmem
3046 4129 3222 4168 rerum
3260 4129 3410 4167 crea-

1832 4209 2024 4261 tionem
2074 4215 2212 4271 erat,
2248 4216 2306 4259 ut
2347 4222 2446 4275 par
2485 4217 2563 4260 est
2601 4207 2832 4270 credere,
2868 4209 3014 4279 quies
3061 4208 3116 4261 in
3154 4208 3286 4273 Deo,
3317 4223 3410 4262 ex-

1829 4300 2040 4353 sistente
2098 4299 2238 4368 apud
2290 4298 2460 4352 Deum
2519 4298 2707 4353 Verbo.
2779 4297 2882 4354 Ubi
2937 4300 3072 4354 nihil
3139 4315 3248 4354 non
3301 4299 3412 4353 Ca-

1831 4389 2094 4443 tholicam
2148 4388 2571 4458 deprehendas:
2607 4405 2732 4444 nam
2778 4389 2926 4460 quod
2975 4389 3110 4444 dicit
3165 4389 3406 4446 Verbum

150 4489 327 4558 quod,
364 4496 423 4543 ut
475 4491 552 4544 ait
615 4491 725 4553 ille,
774 4491 1050 4560 ipsissima
1105 4497 1188 4545 est
1237 4488 1457 4544 Sabellii
1518 4489 1724 4560 opinio.
1759 4506 1804 4561 ι)
1832 4481 2035 4537 essein
2057 4481 2164 4536 Deo
2196 4484 2277 4537 Vel
2308 4482 2450 4552 apud
2476 4481 2667 4548 Deum,
2691 4481 2920 4538 Joannis
2948 4492 3051 4538 est.
3080 4483 3290 4539 Etenim
3314 4485 3407 4537 alii

151 4581 314 4648 Quod
363 4590 542 4636 autem
588 4580 749 4635 Pater
778 4591 830 4637 et
862 4581 1099 4636 Verbum
1144 4583 1302 4652 οὑσὶςλι⁸
1349 4582 1462 4636 sive
1488 4582 1728 4636 essentia

153 4690 329 4728 unum
363 4682 566 4741 essent,
599 4675 651 4729 id
684 4675 948 4730 Catholici
993 4691 1184 4730 omnes
1214 4675 1468 4728 dicebant
1496 4693 1510 4741 ;
1538 4675 1730 4727 Ariani

151 4780 290 4820 vero
327 4766 573 4821 diversas
620 4767 674 4821 in
707 4766 868 4822 Patre
905 4777 959 4822 et
991 4766 1168 4822 Verbo
1207 4775 1261 4821 et
1293 4774 1574 4835 separatas
1611 4768 1730 4821 dis-

95 4890 98 4893 -
152 4871 427 4926 paresque
479 4859 752 4912 essentias
789 4873 910 4911 esse
944 4856 1350 4911 contendebant
1410 4874 1423 4909 :
1464 4857 1733 4925 idipsum-

152 4963 266 5014 que
292 4955 493 5019 pugnat
526 4947 796 5004 Eusebius
823 4958 881 5003 ut
907 4949 960 5002 in
990 4947 1444 5018 prmliminaribus
1480 4946 1546 5000 ad
1576 4961 1732 5000 com-

156 5041 426 5094 mentaria
453 5042 510 5093 in
542 5040 786 5094 Psalmos
831 5041 1241 5111 comprobatqu
1273 5048 1378 5094 est.
1433 5038 1506 5094 De
1554 5039 1734 5110 hypo-

155 5131 317 5196 stasi,
364 5133 679 5199 ὑποστάσει,
736 5121 865 5188 vero
913 5135 1142 5203 qumstio
1195 5141 1312 5188 erat
1375 5133 1537 5187 etiam
1586 5133 1727 5185 inter

153 5224 512 5279 Catholicos.
545 5241 776 5295 quorum
817 5227 908 5280 alii
958 5237 1069 5282 tres
1104 5227 1426 5297 hypostases
1457 5226 1510 5278 in
1542 5223 1729 5278 Trini-

157 5326 274 5371 tate
313 5317 727 5394 proﬁtebantur,
760 5318 850 5372 alii
889 5333 1072 5384 unam,
1119 5334 1227 5372 non
1271 5334 1349 5383 re,
1382 5316 1476 5372 sed
1508 5317 1728 5371 iteinine

155 5421 371 5466 tantum
416 5413 558 5467 inter
585 5427 644 5467 se
677 5411 1071 5482 discrepantes.
1113 5410 1247 5465 Nam
1279 5426 1404 5466 cum
1438 5410 1627 5463 Ariani
1667 5410 1734 5463 ab

154 5518 354 5561 exortu
387 5506 658 5560 haereseos
701 5512 815 5560 tres
855 5505 1176 5574 hypostases
1214 5504 1266 5557 in
1303 5504 1568 5557 Trinitate
1602 5517 1730 5572 pro-

156 5597 295 5651 fessi
337 5605 543 5659 essent,
591 5613 654 5651 ac
705 5597 1020 5660 ὑπόστασις,
1055 5605 1192 5650 teste
1235 5595 1558 5659 Athanasio,
1602 5594 1734 5649 sub-

156 5691 422 5745 stantiam
451 5705 517 5745 ex
552 5705 610 5745 se
649 5688 952 5760 signiﬁcet;
982 5688 1138 5742 multi
1178 5686 1589 5741 Catholicorutn
1619 5700 1729 5739 non

153 5783 332 5840 nescii
392 5783 647 5845 Arianos,
685 5783 811 5837 dum
865 5788 975 5837 tres
1027 5781 1346 5848 hypostases
1394 5777 1729 5845 proferrent,

1833 4591 1902 4632 ex
1945 4572 2046 4628 SS.
2077 4575 2351 4640 Patribus,
2399 4575 2451 4629 in
2482 4575 2682 4645 quibus
2710 4575 3046 4631 Athanasius
3088 4575 3313 4644 passim,
3353 4580 3410 4628 et

1832 4671 2194 4740 Augustinus,
2223 4669 2458 4738 idipsum
2488 4683 2633 4732 esse,
2668 4667 2805 4738 πρὸς
2835 4667 2929 4718 τὸν
2954 4666 3086 4720 Θεὸν
3105 4665 3208 4718 καὶ
3247 4665 3304 4717 ὲν
3329 4662 3410 4734 τῷ

1833 4761 1974 4832 Θεῷ,
2003 4758 2141 4828 apud
2171 4759 2342 4813 Deum
2373 4768 2421 4812 et
2452 4759 2504 4811 in
2542 4757 2652 4812 Deo
2682 4773 2806 4812 esse
2834 4756 3125 4822 dicebant;
3157 4755 3249 4810 alii
3280 4769 3410 4808 vero

1833 4868 1887 4912 et
1912 4856 2132 4927 quidem
2169 4868 2368 4924 magno
2395 4869 2643 4915 numero,
2679 4853 2813 4906 illud
2848 4852 2906 4903 ὲν
2929 4851 3005 4921 τῷ
3028 4849 3164 4921 Θεῷ,
3194 4850 3318 4920 quia
3354 4850 3409 4902 in

1835 4948 2127 5018 Evangelio
2147 4947 2218 5000 ita
2234 4962 2342 5000 non
2368 4945 2587 5016 legitur,
2612 4949 2928 5014 suspectum
2947 4940 3254 4996 habebant:
3285 4955 3409 4992 nam

1835 5041 1979 5114 quod
2002 5040 2268 5104 Pauliani,
2292 5039 2609 5104 Sabelliani,
2649 5034 3004 5098 Marcelliani,
3025 5039 3078 5088 et
3099 5029 3410 5086 Photiniani

1835 5135 2082 5204 forteque
2104 5134 2216 5197 alii,
2255 5132 2434 5187 omnis
2456 5132 2595 5184 inter
2616 5127 2836 5183 Patrem
2863 5136 2917 5182 et
2944 5124 3139 5179 Filium
3162 5122 3414 5178 tollendae

1835 5227 2209 5284 distinctionis
2238 5241 2430 5288 causa,
2460 5226 2562 5278 hac
2588 5222 2846 5292 loquendi
2881 5221 3093 5274 ratione
3121 5219 3416 5272 abuteren-

1836 5327 1947 5382 tur,
1998 5318 2132 5373 illud
2183 5320 2243 5371 ἐν
2287 5318 2365 5390 τῷ
2412 5316 2552 5388 Θεῷ,
2577 5316 2919 5386 rejiciebant.
2971 5309 3128 5377 Quod
3178 5323 3310 5364 vero
3339 5309 3415 5361 ait

1835 5411 2144 5476 Marcellus,
2187 5419 2313 5466 ante
2337 5411 2670 5465 creationem
2705 5407 2879 5462 fuisse
2921 5405 3159 5475 quietem
3195 5403 3250 5455 in
3283 5399 3417 5464 Deo,

1836 5504 1951 5559 sive
1990 5503 2285 5566 silentium,
2320 5511 2378 5555 ut
2406 5501 2546 5557 alias
2588 5501 2871 5569 loquitur;
2916 5496 2969 5550 id
3019 5508 3205 5550 sanam
3255 5489 3414 5546 ﬁdem

1836 5596 1974 5649 nihil
2002 5595 2164 5650 laedit.
2195 5592 2351 5649 Licet
2385 5595 2529 5649 enim
2558 5593 2613 5647 in
2644 5590 2756 5645 Deo
2791 5589 2938 5644 nulla
2972 5584 3304 5640 conditionis
3333 5582 3416 5640 vel

1837 5695 2015 5743 status
2067 5687 2297 5741 mutatio
2332 5701 2460 5741 vere
2508 5685 2763 5748 exsistat,
2811 5691 2865 5735 et
2905 5676 3148 5734 Verbum
3193 5672 3418 5746 perinde

1839 5788 1987 5838 ante.
2035 5794 2200 5837 uuam
2250 5785 2372 5836 005i
2421 5778 2755 5835 creationem
2786 5781 2839 5831 et
2880 5771 3316 5829 incarnationem
3361 5768 3417 5820 in
