3792 6150
418 267 556 325 1287

1596 276 1602 284 ’
1664 269 1752 326 DE
1791 268 1950 325 VITA
1982 265 2072 322 ET
2105 267 2417 330 SCRIPTIS

3513 274 3657 331 1288

418 383 529 438 Deo
563 383 722 440 Patre
761 387 1026 443 manserit
1053 393 1107 444 et
1133 398 1382 454 maneat;
1428 387 1668 442 humano
1689 396 1872 444 tamen
1906 386 1982 441 lo-
2010 389 2058 445 Α
2085 399 2139 444 et
2165 390 2558 456 extensionem,
2592 407 2755 460 quam
2787 393 3087 449 secundum
3135 391 3372 447 Marcelli
3424 402 3652 446 senten-

417 475 616 546 quendi
645 492 814 543 more,
859 476 1234 542 descendisse,
1260 479 1483 545 exiisse,
1507 493 1792 548 egressum
1837 493 1982 545 esse,

418 566 729 636 pariterque
748 568 1031 636 quiescere
1051 575 1106 622 et
1129 568 1286 623 silere
1311 568 1530 623 dicitur.
1547 567 1718 622 Paulo
1737 576 1860 639 post
1882 583 1982 623 au-

416 663 524 710 tem
562 661 638 725 (ρ.
669 657 760 726 40)
798 657 912 712 bzec
954 657 1196 714 Marcelli
1236 659 1405 714 verba
1435 660 1784 715 vehementer
1807 659 1984 731 carpit

415 750 726 808 Eusebius:
763 751 972 808 Sciebat
993 763 1170 807 autem
1209 753 1342 807 illud
1380 755 1684 818 conducere,
1718 764 1778 808 ut
1803 753 1984 809 crede-

415 854 529 898 rent
590 862 753 899 unum
819 844 982 900 Deum
1027 862 1162 902 esse.
1199 844 1328 901 Ideo
1377 847 1455 900 sic
1501 862 1621 900 eum
1646 846 1982 917 alloquitur:

421 956 441 989 ι
505 936 613 1008 Ego
665 954 784 993 sum
839 938 930 1007 qui
991 955 1110 993 sum
1150 939 1206 1004 ‘;
1268 957 1287 991 ι
1357 947 1416 992 ut
1461 949 1614 993 extra
1673 956 1729 994 se
1775 941 1982 996 nullum

415 1029 581 1084 alium
641 1046 756 1084 esse
811 1029 982 1085 Deum
1057 1029 1287 1087 doceret.
1350 1029 1592 1086 Proclioe
1643 1040 1721 1086 est
1780 1040 1980 1098 autem,

412 1132 473 1176 ut
517 1121 770 1186 arbitror,
822 1123 1006 1192 cuique
1049 1121 1315 1191 prudenti,
1359 1122 1414 1176 id
1460 1121 1526 1176 ab
1572 1122 1801 1178 humano
1849 1140 1982 1195 quo-

411 1215 559 1278 dam,
609 1216 798 1285 exiguo
836 1222 885 1269 et
927 1213 1116 1268 humili
1171 1215 1406 1283 exemplo
1460 1214 1748 1285 intelligere
1772 1231 1791 1270 :
1820 1231 1983 1286 neque

414 1306 551 1359 enim
597 1313 766 1375 potest
813 1305 1090 1375 quisquam
1139 1305 1351 1360 verbum
1382 1305 1609 1359 hominis
1649 1307 1883 1374 potentia
1929 1314 1982 1360 et

418 1397 714 1452 substantia
745 1413 1009 1462 separare.
1050 1396 1222 1452 Unum
1251 1407 1330 1453 est
1356 1400 1496 1452 enim
1524 1407 1679 1468 atque
1701 1397 1840 1452 idem
1861 1413 1979 1452 cum

416 1489 622 1545 homine
653 1489 878 1544 Verbum
899 1505 918 1544 :
950 1506 1070 1561 quae
1107 1491 1153 1546 si
1182 1490 1413 1546 seorsim
1455 1491 1523 1545 ab
1553 1491 1675 1546 aliis
1707 1491 1980 1561 accipian-

414 1589 524 1646 tur,
555 1597 585 1635 a
623 1593 774 1638 recta
815 1596 948 1638 sane
993 1581 1097 1637 ﬁde
1139 1582 1475 1637 desciscunt.
1516 1581 1717 1637 Verum
1749 1598 1815 1638 ex
1859 1582 1982 1640 aliis

416 1671 658 1728 Marcelli
703 1672 842 1728 locis
888 1673 1067 1743 palam
1121 1673 1337 1729 videtur
1390 1689 1515 1730 eum
1573 1675 1982 1746 comparatione

416 1762 654 1818 hominis
693 1770 749 1818 et
798 1764 946 1818 verbi
991 1765 1076 1820 sui
1109 1766 1220 1830 uti;
1270 1775 1330 1821 ut
1376 1767 1693 1838 comprobet
1744 1767 1982 1824 Verbum

421 1869 582 1909 unam
623 1863 678 1912 et
707 1857 974 1924 eamdem,
1005 1873 1167 1928 quam
1200 1857 1360 1914 Pater
1391 1859 1574 1923 habet,
1618 1861 1983 1916 substantiam

414 1943 622 2001 habere
648 1965 660 2000 :
689 1961 812 2000 nam
848 1948 1008 2018 paulo
1043 1948 1270 2004 inferius
1302 1949 1415 2004 haec
1449 1949 1688 2006 Marcelli
1713 1952 1875 2007 verba
1907 1952 1985 2006 le-

415 2045 618 2107 guntur
648 2056 669 2091 :-
698 2038 794 2101 Τίς
842 2038 952 2110 γὰρ
977 2038 1150 2103 οὕτως
1199 2041 1232 2112 ἢ
1279 2041 1391 2095 τῶν
1439 2042 1608 2111 ἁγίων
1651 2043 1898 2112 ἀγγέλων
1945 2043 1980 2116 ἢ

413 2127 522 2182 τῶν
553 2128 764 2200 ἀνδρῶν
791 2129 1016 2185 δικαίων
1045 2131 1357 2198 ἀξιόπιστος
1379 2128 1468 2204 ἦν,
1494 2135 1592 2206 τὴν
1632 2138 1696 2189 ἐκ
1722 2135 1816 2189 τοῦ
1846 2135 1980 2190 Θεοῦ

414 2216 706 2288 προσώπου
749 2217 1058 2288 ὁρισθεῖσαν
1089 2220 1239 2291 αὐτῷ
1270 2223 1539 2294 τιμωρίαν
1567 2222 1759 2277 λῦσαι·
1804 2225 1852 2278 εἰ
1907 2223 1982 2296 μὴ

414 2307 580 2371 αὐτὸς
610 2310 639 2362 ὁ
676 2309 845 2377 Λόγος
888 2312 918 2364 ὁ
961 2312 1266 2384 συμπαρὼν
1309 2315 1404 2368 καὶ
1435 2318 1816 2388 συμπλάττων.
1847 2320 1984 2390 πρὸς

411 2398 471 2451 ὃν
497 2401 526 2452 ὁ
555 2399 764 2471 Πατὴρ,
798 2399 1148 2471 Ποιήσωμεν
1187 2404 1519 2473 ἄνθρωπον,
1553 2406 1680 2478 ἔφη,
1705 2409 1806 2461 οὐκ
1831 2409 1983 2472 ὄντος

411 2489 601 2561 ἑτέρου
650 2489 783 2544 Θεοῦ
815 2489 908 2544 τοῦ
944 2493 1310 2562 συμπλάττειν
1356 2496 1506 2567 αὐτῷ
1548 2497 1882 2569 δυναμένου;
1923 2499 1982 2554 id

410 2588 496 2634 est
529 2596 544 2633 :
581 2578 714 2645 Quis
759 2585 898 2635 enim
944 2591 1094 2635 tanta
1122 2583 1384 2653 dignitate
1415 2587 1538 2654 fuit,
1569 2587 1649 2641 uel
1674 2597 1980 2642 sanctorum

411 2671 744 2741 angelorum,
774 2671 852 2725 vel
873 2672 1144 2740 justorum
1174 2675 1428 2739 virorum,
1449 2677 1540 2747 qui
1564 2678 1885 2732 destinatum
1916 2693 1983 2733 ea:

408 2775 634 2828 persona
663 2760 754 2816 Dei
780 2763 977 2815 homini
1002 2763 1315 2833 supplicium
1343 2767 1583 2832 solveret,
1616 2769 1720 2822 nisi
1757 2768 1982 2823 Verbum

410 2853 605 2916 solum,
629 2853 767 2923 quod
796 2870 902 2908 una
933 2853 1040 2909 Deo
1073 2855 1280 2922 aderat,
1313 2867 1364 2911 et
1389 2875 1497 2913 una
1541 2877 1659 2914 cum
1687 2861 1782 2915 illo
1820 2863 1980 2932 θίγον-

409 2942 591 2996 mabat
619 2943 921 2998 hominem:
952 2945 1022 2998 ad
1053 2962 1206 3016 quem
1250 2947 1414 3002 Pater
1445 2947 1689 3004 dicebat:
1725 2969 1744 3001 ι
1782 2949 1982 3007 Facia-

410 3049 527 3088 mus
575 3034 835 3089 hominem
889 3037 959 3089 ad
1005 3037 1286 3108 imaginem
1334 3049 1383 3093 et
1431 3040 1829 3095 similitudinem
1878 3060 1978 3097 no-

407 3133 576 3178 stram
603 3139 621 3176 :
653 3142 672 3176 ι
699 3139 817 3178 cum
846 3142 950 3180 non
977 3138 1111 3182 esset
1144 3128 1281 3183 alius
1308 3128 1569 3201 Deus,qui
1585 3133 1980 3203 camillae/for-

408 3233 553 3271 mare
582 3221 798 3286 posset?
826 3217 964 3274 Hinc
984 3220 1114 3273 mihi
1146 3221 1368 3291 planum
1398 3223 1634 3289 videtur,
1666 3224 1980 3281 Marcellum

406 3310 818 3367 distinctionem
871 3312 1012 3366 inter
1039 3311 1255 3368 Patrem
1300 3321 1354 3369 et
1381 3313 1622 3371 Verbum
1665 3316 1976 3385 admisisse,

406 3409 573 3473 atque
608 3403 774 3457 alium
824 3410 878 3457 et
915 3403 1080 3457 alium
1131 3403 1476 3461 existimasse
1507 3425 1522 3462 :
1557 3423 1836 3478 unumque
1883 3424 1976 3465 so-

405 3493 685 3549 lummodo
717 3509 985 3564 negasse;
1015 3494 1263 3551 videlicet
1287 3494 1524 3552 Verbum
1553 3499 1723 3554 alium
1747 3515 1778 3554 a
1813 3499 1978 3558 Patre

405 3583 575 3640 Deum
599 3601 742 3648 esse,
779 3585 1050 3656 aliamque
1077 3586 1442 3642 substantiam
1469 3589 1740 3647 obtinere.
1774 3591 1974 3648 Verum

405 3675 698 3743 Eusebius,
734 3678 849 3747 qui,
883 3678 963 3732 uti
998 3679 1135 3734 alias
1163 3688 1648 3737 commonstratum
1675 3691 1780 3750 est,
1809 3685 1974 3742 aliam

405 3783 436 3822 a
464 3775 692 3839 paterna
723 3769 997 3832 deitatem,
1030 3769 1300 3839 aliamque
1329 3771 1688 3828 substantiam
1713 3776 1770 3830 in
1790 3774 1976 3833 Verbo

403 3859 712 3923 constituit,
759 3875 825 3914 ex
867 3862 1224 3930 consequenti
1265 3861 1580 3918 Marcellum
1633 3866 1974 3924 damnaverit

404 3965 634 4006 necesse
657 3958 762 4012 est,
793 3952 884 4020 qui
918 3950 1207 4006 adversam
1253 3953 1381 4008 huic
1421 3956 1728 4024 opinionem
1768 3974 1973 4030 propu-

404 4048 535 4110 gnat
566 4058 578 4094 :
612 4039 759 4111 quod
792 4056 918 4095 vero
951 4042 1139 4110 adjicit
1162 4041 1476 4099 Marcellum
1505 4055 1717 4116 putare,
1753 4047 1968 4105 Patrem

403 4142 459 4188 ct
488 4132 725 4189 Verbum
757 4149 924 4188 unum
949 4142 1003 4189 et
1032 4135 1170 4190 idem
1206 4151 1350 4201 esse,
1390 4138 1632 4208 solisque
1659 4143 1970 4200 nominibus

403 4226 700 4295 distingui;
735 4225 787 4280 id
817 4225 905 4280 ille
938 4240 1045 4278 non
1085 4241 1150 4280 ex
1182 4229 1489 4298 perspicuis
1531 4230 1769 4288 Marcelli
1803 4233 1970 4290 dictis

402 4317 722 4388 comprobat
750 4335 764 4372 :
797 4316 891 4372 sed
942 4317 1069 4388 quia
1097 4320 1352 4382 aestimat,
1394 4319 1610 4377 Patrem
1640 4333 1696 4379 et
1726 4322 1966 4380 Verbum

401 4410 448 4464 si
479 4425 621 4464 unus
650 4417 705 4464 et
733 4408 872 4464 idem
897 4423 1124 4470 numero
1155 4409 1298 4466 Deus
1329 4411 1423 4477 sit,
1447 4428 1614 4466 unum
1648 4416 1812 4470 etiam
1845 4432 1967 4472 esse
1999 4401 2044 4457 D

401 4499 701 4556 secundum
749 4499 884 4552 alias
929 4513 1119 4554 omnes
1149 4500 1412 4564 rationes,
1461 4502 1535 4555 ita
1570 4513 1628 4557 ut
1669 4505 1818 4558 nulla
1853 4507 1968 4560 dis-

400 4594 595 4648 tinctio
637 4591 1107 4661 deprehendatur;
1160 4593 1283 4648 ideo
1327 4591 1664 4659 Marcellum,
1723 4598 1816 4666 qui
1859 4597 1964 4653 Pa-

398 4689 534 4737 trem
561 4690 614 4737 et
642 4679 878 4736 Verbum
903 4697 1070 4736 unum
1101 4680 1270 4737 Deum
1297 4699 1569 4755 unamque
1596 4687 1962 4744 substantiam

397 4789 520 4830 esse
551 4773 811 4838 defendit,
860 4775 1068 4828 nullam
1111 4776 1336 4831 omnino
1367 4777 1472 4833 nisi
1515 4779 1796 4834 nominum
1851 4781 1966 4836 dis-

397 4869 710 4923 tinctionem
745 4869 1030 4926 admittere
1061 4873 1360 4927 contendit.
1412 4872 1469 4927 Si
1503 4889 1629 4928 vero
1669 4875 1958 4934 Marcellus

394 4976 522 5015 vere
547 4960 952 5018 distinctionem
983 4964 1124 5018 inter
1152 4963 1366 5021 Patrem
1415 4978 1468 5022 et
1510 4967 1748 5024 Verbum
1785 4971 1964 5026 admi-

395 5053 546 5116 serit,
575 5053 701 5108 hiuc
729 5056 963 5125 explices
1009 5059 1156 5112 illam
1203 5057 1297 5114 Dei
1358 5058 1535 5118 Patris
1577 5063 1955 5121 dilatationem

392 5153 446 5200 et
489 5147 886 5212 extensionem,
931 5165 1096 5220 quam
1129 5149 1438 5207 Marcellum
1469 5154 1725 5213 docuisse
1761 5158 1958 5214 testilio

392 5243 617 5302 cantur;
643 5236 903 5308 dicasque
922 5241 967 5294 si
985 5257 1111 5296 vere
1133 5241 1419 5299 Marcellus
1442 5246 1514 5299 ita
1538 5247 1756 5313 dixerit,
1778 5250 1956 5320 ipsum

391 5325 478 5379 his
501 5328 727 5382 vocibus
768 5331 904 5383 nihil
935 5333 1080 5388 aliud
1125 5333 1479 5396 intellexisse.
1510 5353 1674 5406 quam
1699 5343 1957 5398 emissio-

392 5426 515 5464 nem
556 5411 677 5469 Filii
708 5416 776 5470 ad
821 5421 1149 5476 creationem
1194 5425 1553 5494 peragendam
1588 5447 1601 5482 :
1639 5445 1802 5499 quam
1851 5431 1955 5487 SS.

390 5497 581 5556 Patres
610 5507 810 5571 passim
840 5509 1172 5578 exprimunt.
1215 5512 1367 5567 llanc
1411 5530 1542 5571 vero
1572 5497 1948 5577 dilatationem

465 5655 481 5684 ³
517 5654 687 5712 Exod.
717 5677 796 5722 Ill,
825 5664 909 5716 Η.
987 5667 1006 5696 ²
1032 5665 1162 5721 Gen.
1193 5684 1231 5733 ι,
1261 5669 1352 5724 26.

2089 483 2219 538 tiam
2250 482 2488 540 Verbum
2521 484 2692 542 fuisse
2733 495 2960 540 narrant
2990 485 3224 540 Basilius
3253 491 3308 540 et
3339 481 3657 538 Theodore.

2083 585 2196 641 tus,
2249 593 2317 634 ne
2360 579 2528 633 semel
2568 579 2786 648 quidem
2843 590 3108 634 memorat
3155 578 3426 634 Eusebius
3471 574 3654 632 Caesa-

2082 668 2284 725 riensis
2313 688 2326 723 :
2359 671 2501 725 unde
2544 672 2722 741 palam
2768 671 2840 727 sit
2887 672 2944 724 in
2994 671 3132 726 libro
3175 669 3416 726 Marcelli
3467 679 3656 724 contra

2084 761 2352 816 Asterium
2382 761 2514 817 nihil
2539 763 2850 834 hujusmodi
2875 763 3270 835 deprehensum
3295 777 3439 819 esse.

2079 875 2168 928 Ill.
2192 877 2271 928 An
2288 875 2473 928 dixerit
2492 878 2706 929 Verbum
2736 891 3079 941 symmesse,
3102 884 3157 929 et
3174 876 3356 930 Filium
3375 892 3478 929 non
3500 877 3655 929 fuisse

2692 949 2807 991 ante
2827 939 3038 991 Mariam.

2150 1043 2232 1100 Ad
2252 1044 2366 1100 haec
2383 1044 2636 1102 Marcello
2657 1047 2871 1102 crimini
2894 1048 2986 1102 dat
3009 1045 3297 1110 Eusebius,
3324 1045 3475 1116 quod
3501 1044 3653 1100 dixe-

2080 1137 2174 1203 rit,
2205 1135 2442 1192 Verbum
2488 1136 2785 1208 ingenitum
2817 1153 2938 1195 esse
2970 1154 3036 1195 ac
3074 1146 3206 1194 tunc
3231 1139 3406 1194 solum
3452 1135 3655 1192 Filium

2080 1227 2177 1284 Dei
2211 1227 2412 1283 factum
2443 1228 2630 1294 fuisse,
2662 1245 2785 1284 cum
2805 1245 3022 1287 carnem
3041 1231 3336 1301 assumpsit
3355 1246 3422 1286 ex
3454 1229 3654 1285 Maria.

2082 1319 2283 1377 Verum
2307 1335 2412 1376 non
2438 1328 2523 1378 sat
2553 1321 2657 1377 sibi
2687 1331 2939 1379 constare
2961 1323 3176 1379 videtur
3197 1322 3501 1380 Eusebius:
3526 1337 3654 1377 nam

2081 1410 2137 1466 in
2167 1411 2439 1482 excerptis
2481 1412 2722 1470 Marcelli
2767 1431 2887 1485 quae
2919 1414 3092 1482 aﬂert,
3122 1431 3321 1470 nomen
3371 1413 3563 1470 Patris
3603 1422 3656 1469 et

2080 1501 2227 1568 Filii,
2285 1502 2466 1560 Patris
2522 1505 2650 1560 item
2696 1514 2750 1562 et
2803 1505 3006 1571 Verbi,
3055 1508 3218 1563 etiam
3253 1523 3350 1578 pro
3405 1515 3655 1578 tempore

2082 1594 2414 1650 creationem
2457 1579 2807 1653 antecedente
2834 1599 3038 1668 passim
3067 1607 3394 1669 usurpatum
3421 1598 3653 1664 videas;

2087 1685 2190 1740 sub
2219 1685 2433 1740 initium
2464 1701 2595 1757 ergo
2623 1687 2719 1742 lib.
2760 1701 2802 1755 ι,
2839 1703 2894 1758 p.
2929 1688 2964 1743 4
2993 1695 3047 1745 et
3071 1689 3126 1753 5,
3160 1689 3301 1745 hanc
3327 1689 3487 1746 effert
3512 1687 3656 1742 Mar-

2086 1777 2208 1832 celli
2233 1778 2556 1832 sententiam
2585 1796 2598 1832 :
2628 1779 2798 1849 Λόγον
2838 1781 2998 1835 αὐτδν
3030 1782 3189 1852 μόνον
3219 1783 3396 1846 διδοὺς
3434 1781 3655 1854 ἡνωμέ-

2085 1883 2176 1920 νον
2205 1864 2282 1937 τῷ
2307 1865 2424 1938 Θεῷ
2443 1885 2457 1897 ·
2489 1869 2584 1923 καὶ
2623 1870 2780 1924 τοῦτο
2821 1865 2961 1926 εῖναι
3004 1873 3170 1927 ἀΐδιον
3213 1873 3306 1927 καὶ
3333 1874 3654 1946 ἀγέννητον,

2083 1957 2142 2010 ἓν
2164 1975 2224 2012 τε
2253 1955 2390 2013 εἶναι
2419 1961 2512 2015 καὶ
2540 1963 2703 2016 αὐτὸν
2728 1963 2805 2035 τῷ
2836 1963 2973 2036 Θεῷ,
3005 1965 3230 2037 ὀνόμασι
3257 1966 3356 2037 μὲν
3375 1967 3656 2039 διαφόροις

2083 2053 2295 2122 Πατρὸς
2341 2054 2434 2108 καὶ
2482 2053 2613 2108 Υἱοῦ
2657 2056 3076 2128 χρηματίζοντα,
3109 2059 3266 2131 οὐσία
3304 2060 3362 2114 δὲ
3399 2061 3499 2114 καὶ
3537 2062 3652 2116 ὑπο-

2085 2145 2269 2199 στάσει
2298 2146 2356 2199 ἓν
2387 2146 2535 2201 ὄντα.
2572 2146 2625 2202 ld
2657 2156 2774 2205 est:
2811 2147 2992 2218 Ipsum
3023 2153 3386 2208 tantummodo
3428 2152 3655 2208 Verbum

2082 2251 2195 2291 esse
2223 2238 2525 2300 concedens,
2555 2239 2662 2294 Deo
2691 2241 2894 2295 unitum
2919 2258 2936 2296 :
2958 2242 3228 2312 ipsumque
3258 2253 3523 2299 teter-num
3549 2261 3655 2300 esse

2082 2337 2133 2382 et
2176 2329 2501 2398 ingenitum;
2553 2347 2814 2402 unumque
2863 2349 2974 2387 esse
2999 2349 3116 2386 cum
3169 2334 3300 2398 Deo,
3348 2337 3655 2390 nominibus

2081 2418 2288 2488 quidem
2319 2421 2540 2476 diversis
2595 2421 2777 2478 Patris
2829 2432 2879 2478 et
2931 2422 3063 2478 Filii
3107 2435 3372 2491 uocatum,
3423 2430 3654 2484 essentia

2081 2527 2201 2566 vero
2240 2512 2596 2583 et'hypostasi
2649 2532 2829 2570 unum.
2873 2519 2932 2571 In
2985 2517 3220 2574 Marcelli
3255 2522 3536 2592 excerptis
3590 2521 3656 2577 ab

2083 2599 2318 2657 Eusebio
2349 2603 2550 2669 allatis,
2584 2619 2798 2675 semper
2825 2607 2914 2662 ille
2953 2606 3130 2666 Patris
3150 2619 3205 2666 et
3230 2609 3397 2666 Verbi
3430 2613 3654 2668 nomine

2081 2692 2255 2746 utitur
2299 2711 2312 2747 :
2363 2693 2506 2749 unde
2562 2694 2776 2750 videtur
2836 2695 3103 2754 Eusebius
3157 2715 3224 2756 ex
3287 2703 3654 2773 consequenti

2082 2788 2292 2836 tantum
2321 2783 2463 2839 hanc
2492 2785 2721 2842 haeresin
2749 2785 3002 2844 Marcello
3032 2788 3306 2847 aﬂinxisse
3337 2810 3352 2846 :
3390 2793 3652 2848 nimirum

2082 2873 2164 2930 sic
2193 2875 2284 2930 ille
2316 2874 2633 2946 frequenter
2660 2879 2714 2932 in
2739 2879 2891 2936 libris
2921 2893 3109 2936 contra
3139 2883 3461 2939 Marcellum
3492 2901 3654 2956 argu-

2080 2974 2268 3023 tatur:
2311 2967 2366 3022 Si
2412 2967 2650 3025 Verbum
2695 2980 2780 3027 est
2815 2973 3004 3038 ἀῖδιον,
3051 2977 3484 3046 sempiternum,
3532 2978 3657 3034 inde

2005 3072 2053 3136 ο
2081 3058 2330 3128 sequitur
2368 3074 2479 3114 non
2513 3059 2684 3115 fuisse
2717 3063 2958 3132 genitum
2992 3083 3004 3120 :
3037 3081 3162 3120 nam
3192 3065 3337 3136 quod
3384 3067 3648 3138 gignitur,

2081 3149 2351 3217 posterius
2401 3157 2486 3205 est
2531 3149 2624 3204 illo
2672 3152 2766 3220 qui
2795 3153 2986 3224 gignit,
3033 3171 3264 3226 vereque
3302 3156 3516 3211 dicitur
3545 3171 3649 3210 non

2080 3239 2250 3295 fuisse
2275 3246 2566 3310 antequam
2601 3243 2931 3313 gigneretur,
2965 3256 3126 3317 atque
3168 3247 3304 3303 adeo
3331 3249 3510 3305 ἀΐδιον
3538 3252 3651 3309 sive

2080 3336 2470 3406 sempiternum
2498 3351 2621 3393 esse
2643 3339 2848 3409 nequit.
2875 3340 3167 3412 Cum.ergo
3188 3341 3484 3399 Marcellus
3506 3345 3651 3401 dicat

2080 3423 2316 3480 Verbum
2365 3441 2489 3483 esse
2537 3427 2708 3482 ἀΐδιον
2765 3430 2882 3486 sive
2933 3433 3343 3502 sempiternum,
3394 3450 3510 3490 non
3562 3452 3650 3508 ge-

2078 3515 2252 3571 nitum
2284 3515 2455 3573 fuisse
2486 3523 2676 3576 credat
2720 3529 2954 3593 oportet.
2999 3521 3090 3578 Sic
3138 3525 3227 3581 ille
3257 3541 3386 3582 cum
3427 3527 3647 3585 Arianis

2077 3606 2338 3676 loquitur,
2372 3624 2484 3664 non
2515 3611 2952 3670 animadvertetis
2987 3631 3094 3670 non
3131 3618 3303 3688 magis
3336 3634 3648 3692 repugnare

2075 3697 2296 3755 Patrem
2329 3701 2398 3756 ab
2424 3709 2629 3758 aeterno
2661 3705 3095 3778 gignere,'quam
3130 3711 3199 3764 ab
3229 3717 3438 3766 aeterno
3482 3729 3643 3769 esse:

2074 3805 2177 3846 nec
2221 3793 2684 3862 posterioritatem
2737 3798 2902 3851 ullam
2933 3800 3195 3868 temporis
3244 3801 3301 3855 in
3353 3800 3496 3857 Filio
3525 3804 3646 3858 inde

2074 3881 2284 3950 inferri,
2320 3885 2466 3955 quod
2495 3887 2748 3958 gignatur
2775 3907 2789 3942 :
2821 3903 2944 3943 nam
2967 3907 3088 3946 esse
3115 3901 3168 3946 et
3195 3895 3422 3963 gignere
3452 3895 3509 3949 in
3537 3895 3642 3949 Deo

2072 3972 2231 4030 Patre
2253 3976 2415 4033 simul
2445 3986 2571 4036 sunt
2598 3989 2652 4034 et
2673 3981 3064 4050 intelliguntur,
3084 3999 3184 4036 nec
3210 3984 3358 4038 aliud
3392 3986 3516 4042 sine
3537 3988 3640 4043 alio

2071 4080 2194 4122 esse
2223 4084 2461 4138 unquam
2505 4071 2716 4140 potuit;
2757 4080 2918 4142 atque
2956 4074 3092 4128 adeo
3139 4073 3338 4128 Filium
3373 4085 3637 4133 :eternum

2071 4158 2296 4226 perinde
2341 4170 2502 4230 atque
2543 4160 2756 4216 Patrem
2801 4179 2942 4226 esse,
2976 4175 3034 4218 ut
3075 4181 3289 4236 semper
3333 4167 3525 4224 docuit
3551 4184 3639 4223 ca-

2070 4249 2271 4304 tholica
2284 4247 2548 4308 Ecclesia.
2576 4251 2731 4320 Quod
2757 4263 2935 4310 autem
2963 4264 3171 4327 spectat
3188 4259 3252 4312 ad
3275 4274 3469 4314 vocem
3492 4262 3638 4330 ἀγένι

2070 4356 2249 4409 νητον,
2286 4357 2388 4396 non
2408 4344 2660 4413 genitum,
2693 4361 2854 4414 quam
2887 4344 3066 4402 Verbo
3094 4348 3292 4403 ascribi
3322 4365 3354 4404 a
3385 4348 3642 4407 Marcello

2075 4430 2396 4487 testiﬁcatur
2442 4433 2731 4500 Eusebius,
2779 4436 2889 4491 duo
2917 4438 3261 4507 potissimum
3300 4449 3434 4494 sunt
3465 4443 3638 4496 consi-

2075 4522 2315 4579 deranda
2350 4544 2362 4579 :
2395 4527 2572 4596 primo
2601 4528 2817 4598 quidem
2865 4546 2972 4584 non
3017 4531 3204 4586 haberi
3244 4533 3398 4588 illam
3442 4535 3500 4590 in
3544 4551 3634 4591 ex-

2073 4616 2276 4685 cerptis
2325 4616 2566 4674 Marcelli
2601 4635 2722 4690 quae
2747 4619 2906 4676 'ail'ert
2949 4620 3251 4690 Eusebius;
3299 4625 3534 4693 proinde
3561 4628 3634 4678 vi-

2072 4706 2189 4761 deri
2219 4723 2286 4763 ex
2328 4711 2645 4781 conjectura
2673 4723 2725 4768 et
2754 4717 3138 4785 consequentia
3173 4716 3433 4773 Marcello
3468 4720 3634 4774 ascri-

2071 4806 2220 4867 ptam
2269 4797 2462 4866 fuisse,
2500 4802 2624 4871 quia
2665 4805 2912 4860 videlicet
2963 4821 3032 4860 ex
3082 4805 3301 4862 Eusebii
3344 4811 3634 4865 ratiocinio

2071 4892 2322 4961 superius
2351 4895 2536 4959 allato,
2570 4895 2712 4964 quod
2740 4896 2908 4950 ἀΐδιον
2951 4898 3068 4952 sive
3097 4904 3360 4953 aeternum
3392 4909 3503 4962 est,
3533 4917 3633 4954 non

2069 4991 2247 5051 potest
2291 4999 2411 5040 esse
2455 4987 2718 5056 genitum.
2772 4985 3022 5043 Secundo
3067 4997 3247 5044 autem
3293 5000 3512 5045 certum
3558 4999 3636 5046 est

2067 5073 2298 5131 Arianos
2340 5076 2395 5131 in
2427 5079 2653 5134 vocibus
2695 5080 2974 5151 ἀγένητον,
3012 5098 3114 5135 non
3145 5081 3369 5151 factum,
3396 5092 3454 5138 et
3481 5085 3634 5153 ἀγέν-

2066 5183 2244 5237 νητον,
2293 5185 2393 5222 non
2415 5172 2667 5240 genitum,
2719 5188 2935 5242 semper
2960 5174 3179 5237 lusisse,
3223 5182 3285 5228 nt
3331 5177 3634 5232 sexcenties

2067 5258 2208 5325 apud
2238 5257 2594 5314 Athanasium
2627 5263 2904 5317 observes.
2939 5261 3098 5328 Nam,
3131 5264 3258 5333 quia
3293 5263 3460 5321 Pater
3491 5267 3633 5322 solus

2066 5347 2378 5420 ἀγέννητος,
2429 5353 2544 5406 sive
2580 5369 2682 5406 non
2716 5355 2941 5423 genitus,
2975 5364 3081 5422 est,
3133 5356 3434 5413 fatentibus
3473 5361 3632 5414 etiam

2065 5438 2393 5508 Calholicis;
2443 5443 2517 5497 illi
2559 5460 2690 5500 voce
2716 5449 3010 5520 ἀγέννητος
3046 5457 3102 5503 et
3143 5449 3410 5522 ἀγένητος
3440 5449 3634 5521 promi-

2066 5545 2197 5588 scue
2240 5542 2293 5588 et
2339 5533 2565 5591 subdole
2625 5543 2858 5602 utentes,
2890 5536 3087 5594 Filium
3129 5555 3236 5596 non
3277 5555 3404 5599 esse
3450 5542 3633 5611 ἀγένη-
