3792 6150
209 378 350 434 1289

1473 375 1819 432 MARCELLI
1857 375 2230 432 ANCYRANI.

3325 382 3461 440 1290

207 512 304 549 τον
348 493 464 550 sive
497 510 604 549 non
635 493 860 563 factum,
895 500 1059 564 atque
1100 492 1238 548 adeo
1279 489 1481 547 factum
1513 505 1566 549 et
1597 492 1788 548 condi-
1819 498 1866 554 Α
1892 493 1984 548 ille
2013 509 2044 548 a
2069 492 2340 548 catholica
2367 491 2617 548 doctrina
2649 490 2987 560 deﬂectebat,
3025 500 3083 546 ut
3109 492 3464 564 conspicuum

210 595 329 642 tum
370 587 542 644 fuisse
589 586 864 642 dicebant.
913 584 1115 640 Eadem
1149 587 1300 640 'vero
1349 586 1560 642 ratione
1610 587 1787 658 potuit

209 679 486 736 Eusebius
529 677 786 734 Marcello
820 677 889 734 de
938 675 1077 732 Filio
1132 677 1377 747 loquenti
1408 693 1596 733 vocem
1626 677 1789 747 ἀγέν-

209 789 395 844 νητον,
440 772 556 827 sive
604 773 969 843 non-genitum
1010 768 1302 840 aliingere;
1354 771 1448 841 qui
1503 771 1788 842 ἀγένητον,

211 867 331 922 sive
363 865 698 934 non-factum
741 865 990 920 dixisset.
1036 865 1102 920 Et
1131 880 1264 920 sane
1293 864 1386 934 qui
1417 879 1543 919 vere
1571 862 1790 919 Patrem

209 964 268 1012 et
310 957 507 1012 Filium
540 957 596 1010 in
625 955 896 1011 Trinitate
944 955 1204 1021 admittit,
1236 963 1298 1009 ut
1350 953 1662 1021 Marcellus,
1694 971 1790 1026 ge-

208 1051 551 1104 nerationem
583 1049 834 1103 admittat
860 1063 1084 1103 necesse
1123 1058 1238 1114 cst;
1286 1062 1459 1117 neque
1494 1055 1670 1118 potest
1704 1047 1789 1101 di-

210 1155 337 1196 cere
364 1140 560 1195 Filium
592 1157 714 1198 esse
743 1141 1036 1213 ἀγὲννητον
1072 1143 1183 1199 sive
1213 1142 1598 1212 non-genitum.

209 1249 296 1301 IV.
321 1251 417 1302 Cur
454 1253 584 1302 dicat
613 1252 828 1301 Verbum
871 1259 982 1315 post
1021 1256 1404 1304 incarnationem
1450 1259 1640 1302 tantum
1677 1267 1790 1304 esse

333 1315 598 1376 imaginem
625 1316 719 1364 Dei
744 1321 798 1363 et
827 1318 1206 1379 primogenitum
1230 1315 1389 1366 omnis
1411 1321 1666 1366 creaturae.

279 1415 485 1488 Adjicit
549 1417 820 1474 Eusebius
881 1420 1087 1476 dixisse
1139 1421 1488 1489 Marcellum,
1550 1421 1791 1478 Verbum

210 1516 346 1563 tunc
373 1511 549 1565 solum
587 1511 878 1582 imaginem
912 1511 1005 1567 Dei
1039 1514 1331 1572 invisibilis
1360 1525 1416 1572 et
1460 1515 1791 1586 primogeni-

208 1609 330 1657 tum
378 1604 557 1658 omnis
605 1617 871 1661 creaturae
908 1605 1115 1661 factum
1170 1608 1364 1674 fuisse,
1402 1624 1526 1664 cum
1570 1623 1792 1664 carnem

210 1697 533 1766 assumpsit.
552 1694 678 1751 Haec
709 1713 838 1752 vero
863 1698 1064 1752 diserte
1085 1698 1248 1754 habet
1269 1697 1556 1754 Marcellus
1574 1697 1649 1770 (p.
1666 1698 1790 1767 24):

211 1785 544 1858 Consequens
592 1804 705 1843 esse
752 1788 985 1844 arbitror
1025 1791 1207 1860 paucis
1242 1792 1305 1844 de
1358 1791 1585 1860 imagine
1634 1790 1797 1844 disse-

211 1895 361 1944 rere;
401 1881 613 1949 scripsit
647 1883 786 1935 enim
836 1880 1126 1954 [Asterius]
1156 1902 1168 1937 :
1193 1883 1348 1936 Alius
1397 1891 1574 1938 autem
1615 1892 1693 1936 est
1730 1897 1794 1936 ex

212 1973 328 2042 ipso
359 1974 586 2045 genitus,
618 1975 708 2044 qui
735 1983 812 2029 est
854 1976 1023 2047 imago
1059 1974 1156 2030 Dei
1184 1974 1483 2030 invisibilis.
1511 1974 1639 2029 Ideo
1667 1976 1797 2029 ima-

211 2065 352 2134 ginis
400 2065 500 2120 Dei
547 2067 826 2121 invisibilis
871 2068 1108 2121 meminit
1155 2067 1433 2136 Asterius,
1483 2077 1541 2122 ut
1584 2069 1790 2132 doceat,

212 2153 385 2208 Deum
436 2172 469 2209 a
520 2155 688 2211 Verbo
749 2168 955 2212 tantum
1003 2159 1254 2228 di/ferre,
1311 2169 1567 2230 quantum
1613 2161 1794 2230 di/fert

213 2248 369 2302 homo
394 2247 458 2302 ab
482 2249 837 2320 imaginesua.
864 2251 929 2304 Et
953 2253 1232 2308 nonnullis
1253 2253 1561 2324 interjectis
1597 2253 1748 2309 addit
1771 2275 1784 2310 :

212 2337 410 2394 Palam
437 2341 600 2411 igitur
627 2353 725 2406 est,
759 2342 1004 2410 Verbum,
1028 2353 1308 2414 antequam
1339 2361 1525 2415 corpus
1553 2356 1791 2401 nostrum

211 2432 604 2499 assumpsisset,
637 2447 727 2499 per
750 2449 804 2486 se
829 2450 929 2486 non
959 2435 1222 2488 exstitisse
1240 2436 1520 2505 imaginem
1552 2437 1792 2491 invisibi-

212 2524 284 2576 lis
313 2521 429 2575 Dei.
461 2521 599 2588 Quia
628 2523 793 2594 igitur
821 2523 1011 2580 Ariani
1049 2526 1152 2581 hoc
1181 2525 1482 2597 Scriptura:
1511 2529 1656 2597 loco,
1691 2528 1791 2584 Est

207 2615 386 2685 imago
427 2612 870 2682 Dei".invisibilis,
917 2617 985 2672 ad
1027 2633 1183 2672 suam
1231 2619 1516 2674 tutandam
1557 2621 1788 2678 hazresin

209 2705 606 2774 abutebantur;
655 2707 944 2765 Marcellus
971 2719 1124 2767 ratus
1149 2712 1439 2783 imaginem
1469 2713 1564 2769 Dei
1599 2715 1792 2770 invisi-

207 2796 356 2862 bilis,
407 2799 676 2856 visibilem
725 2817 868 2869 esse,
895 2817 998 2857 nec
1030 2819 1144 2859 rem
1185 2804 1509 2860 invisibilem
1541 2806 1793 2878 imaginis

207 2890 480 2946 rationem
518 2893 784 2956 obtinere,
819 2894 965 2949 hunc
998 2895 1178 2950 locum
1223 2896 1291 2951 de
1343 2895 1564 2954 Christo
1608 2900 1790 2955 incar-

207 2989 343 3036 nato
391 2990 445 3038 et
480 2983 681 3039 visibili
734 2984 966 3054 proferri
1013 2993 1237 3056 pugnat,
1271 2994 1333 3041 ut
1385 2987 1584 3044 Asterii
1629 3005 1792 3062 argu-

208 3082 397 3130 mento
431 3076 684 3132 obsistat.
715 3075 833 3132 Etsi
863 3090 992 3132 vero
1025 3077 1115 3132 hic
1143 3077 1442 3148 Scriptura:
1472 3081 1627 3137 locus
1650 3099 1784 3139 con-

208 3171 502 3241 gruentius
546 3171 718 3242 possit
747 3170 815 3224 ad
861 3171 1255 3241 argntationem
1290 3170 1620 3226 Arianorum
1654 3189 1786 3228 con-

205 3261 491 3317 futandam
545 3263 838 3333 explicari,
895 3278 961 3318 eo
1008 3270 1192 3318 tamen
1225 3265 1448 3320 nomine
1496 3264 1786 3323 Marcellus
1814 3257 1856 3278 “

208 3369 322 3409 non
352 3355 556 3410 erroris
585 3355 933 3410 accusandus
977 3362 1082 3418 est,
1113 3356 1242 3410 dum
1272 3373 1340 3412 ne
1370 3357 1786 3414 similitudinem

207 3460 338 3500 cum
383 3444 546 3502 Patre
598 3447 911 3513 sustulerit;
955 3447 1100 3517 quod
1149 3463 1218 3504 ne
1264 3449 1562 3505 credideris
1616 3451 1791 3505 admi-

209 3521 355 3594 uisse
389 3557 404 3592 :
439 3554 599 3594 nemo
643 3539 788 3594 enim
840 3555 1079 3609 unquam
1117 3537 1430 3595 Marcellum
1465 3543 1606 3597 inter
1637 3543 1789 3598 Ano-

208 3646 390 3687 moeos
423 3633 779 3702 computavit.
812 3631 945 3698 Quae
974 3647 1105 3687 Vero
1137 3631 1300 3688 fuerit
1331 3648 1394 3688 ea
1441 3633 1500 3688 in
1535 3650 1594 3689 re
1626 3635 1789 3705 plana

207 3733 266 3779 et
317 3725 605 3794 perspicua
662 3723 898 3778 Marcelli
946 3726 1253 3791 sententia,
1306 3741 1372 3782 ex
1427 3727 1620 3796 paucis
1667 3743 1790 3800 qua:

209 3825 508 3886 supersunt
534 3817 826 3886 ercet-ptis,
855 3817 1125 3887 expiscari
1157 3833 1266 3872 non
1304 3833 1600 3888 possumus
1626 3839 1638 3875 :
1662 3836 1790 3876 nam

207 3907 509 3963 verisimile
547 3917 632 3963 est
675 3906 968 3962 Eusebium
1001 3908 1172 3962 multa
1212 3910 1464 3964 consulto
1494 3912 1736 3967 tacuisse
1771 3931 1786 3967 :

208 4009 426 4056 certum
470 4002 596 4056 item
641 4001 1144 4066 est,.narrantibus
1178 4003 1403 4074 synodis
1449 4001 1699 4060 Romana
1735 4013 1790 4061 ct

209 4092 552 4156 Sardicensi,
584 4092 1038 4149 loca'Eusebium
1073 4094 1303 4149 subdole
1329 4094 1710 4161 detruncasse,
1738 4105 1794 4153 ct

211 4186 437 4240 mutilas
464 4188 766 4242 sententias
792 4186 1063 4249 attulisse,
1097 4195 1157 4241 ut
1191 4187 1402 4243 facilius
1442 4198 1630 4258 posset
1653 4189 1794 4244 Mar—

211 4278 356 4334 cello
389 4278 504 4333 haec
537 4291 590 4333 et
611 4279 702 4332 illa
733 4293 832 4348 pro
863 4277 1087 4333 libidine
1125 4279 1259 4335 vitio
1286 4287 1519 4335 vertere.
1557 4279 1794 4344 Pariter-

210 4385 323 4441 que
372 4370 426 4424 in
479 4370 934 4441 interpretatione
982 4369 1114 4424 dicti
1161 4371 1347 4438 illius,
1397 4371 1792 4443 Primogenitus

209 4464 386 4519 omnis
418 4471 674 4516 creatura:
698 4462 738 4526 ³,
773 4461 908 4515 nihil
928 4461 1198 4517 haereseos
1214 4462 1612 4532 deprehendas.
1647 4463 1794 4530 Quo-

1889 592 1992 638 est.

1889 708 1948 757 ν.
1972 708 2025 757 lu
2045 707 2170 759 libro
2194 709 2412 762 Marcelli
2435 711 2555 760 nihil
2580 716 2752 774 aperte
2777 723 3040 760 erroneum
3077 711 3226 762 fuisse
3249 711 3462 764 videtur.

1963 811 2041 866 Ex
2073 813 2160 868 his
2191 829 2357 884 porro
2378 813 2585 885 liqueat
2615 813 2671 868 in
2697 813 2933 868 Marcelli
2967 822 3160 868 contra
3189 816 3465 872 Asterium

1889 905 2032 960 libro
2057 906 2193 960 nihil
2229 909 2436 962 erroris
2491 917 2586 962 aut
2623 906 2894 962 haeretica:
2923 908 3229 971 sententias,
3280 916 3468 979 aperte

1890 997 2084 1052 saltem
2139 997 2539 1068 deprehensum
2577 996 2792 1054 fuisse:
2830 1013 2957 1052 nam
3019 1014 3142 1070 quae
3195 998 3466 1055 Eusebius

1891 1087 2070 1152 aﬂ‘ert,
2101 1090 2170 1144 ad
2213 1105 2400 1145 sanam
2436 1090 2740 1145 doctrinam
2788 1090 2976 1146 reduci
3014 1091 3171 1146 facile
3209 1099 3464 1162 possunt.

1890 1178 2099 1246 Quodsi
2149 1180 2282 1252 quid
2332 1182 2558 1237 ulterius
2620 1188 2812 1251 praeter
2891 1188 3094 1236 rectam
3152 1184 3467 1253 Opinionem

1890 1271 2123 1326 dixisset
2170 1272 2493 1339 Marcellus,
2547 1272 2603 1326 id
2651 1288 2784 1328 sane
2834 1289 2942 1328 non
2994 1278 3468 1345 praetermissurus

1891 1375 2011 1421 erat
2044 1365 2333 1433 Eusebius,
2369 1369 2462 1438 qui
2491 1370 2546 1422 in
2571 1368 2883 1423 Marcellum
2933 1377 3242 1427 commotus
3264 1380 3318 1427 et
3353 1374 3470 1428 nul-

1892 1457 2001 1512 lam
2031 1474 2142 1513 non
2176 1467 2417 1516 sectatus
2449 1459 2679 1515 laedendi
2711 1461 2875 1525 viam,
2901 1476 3012 1516 non
3049 1462 3226 1517 solum
3260 1478 3324 1518 ea
3347 1479 3470 1535 qure

1892 1564 2018 1603 cum
2053 1550 2238 1606 colore
2271 1551 2465 1606 saltem
2492 1551 2678 1622 aliquo
2717 1549 2865 1620 carpi
2894 1555 2948 1604 et
2975 1550 3301 1619 reprehendi
3335 1567 3468 1623 pos-

1896 1646 2046 1706 sunt,
2077 1638 2175 1695 sed
2219 1640 2384 1695 etiam
2419 1655 2482 1695 ea
2515 1655 2638 1711 quae
2687 1654 2821 1696 sana
2865 1647 2920 1695 et
2969 1643 3271 1699 orthodoxa
3313 1654 3466 1709 sunt,

1895 1733 2135 1804 exagitat
2166 1739 2221 1788 et
2253 1733 2548 1803 impietatis
2571 1742 2814 1789 accusat.
2843 1733 2978 1790 Cum
3007 1744 3188 1791 autem
3224 1737 3470 1808 synodus

1895 1825 2143 1880 Romana
2175 1827 2280 1881 sub
2319 1825 2462 1881 Julio
2501 1841 2647 1881 anno
2676 1827 2802 1892 542,
2846 1834 2902 1883 et
2937 1827 3283 1885 Sardicensis
3325 1845 3470 1885 anno

1896 1919 2023 1983 ⁸547,
2084 1918 2284 1973 librum
2338 1917 2611 1985 Marcelli,
2667 1920 2994 1976 examinatis
3055 1931 3108 1976 et
3152 1922 3471 1992 ponderatis

1896 2010 2208 2074 sententiis,
2234 2025 2420 2066 errore
2439 2026 2676 2066 vacuum
2705 2013 3126 2078 declaraverint,
3155 2030 3264 2069 non
3290 1997 3472 2086 potest

1897 2105 1953 2157 in
1988 2102 2230 2159 Marcelli
2282 2105 2480 2159 librum
2534 2107 2804 2161 sententia
2840 2108 2968 2163 dici.
3007 2108 3208 2163 Verum
3252 2109 3473 2164 aliunde

1895 2203 2046 2250 tanta
2069 2203 2153 2252 est
2177 2196 2420 2252 virorum
2444 2198 2764 2269 insignium,
2791 2200 2882 2269 qui
2910 2201 3198 2256 adversum
3225 2208 3471 2268 tuentur,

1894 2286 2216 2353 auctoritas,
2237 2295 2296 2342 ut
2316 2288 2409 2343 vix
2431 2303 2698 2345 excusare
2723 2289 3038 2347 Marcellum
3069 2293 3248 2347 liceat.
3274 2292 3475 2358 Quam-

1893 2376 2080 2432 obrem
2113 2378 2392 2445 existimo,
2423 2395 2538 2435 rem
2570 2383 2646 2435 ita
2679 2391 3012 2454 temperasse
3042 2383 3382 2450 Marcellum,
3411 2392 3474 2439 ut

1895 2467 1941 2523 si
1969 2467 2100 2539 quid
2138 2483 2320 2540 prava:
2352 2472 2626 2542 Opinionis
2657 2475 2711 2528 in
2752 2475 2891 2530 libro
2924 2491 3026 2530 suo
3061 2476 3380 2539 inseruerit,
3414 2477 3471 2532 id

1891 2560 2184 2616 verborum
2223 2562 2548 2634 ambagibus
2591 2571 2643 2619 et
2683 2566 3100 2624 circuitionibus
3137 2567 3470 2633 involutum,

1892 2651 2055 2707 facile
2101 2654 2343 2723 potuerit
2399 2655 2456 2709 in
2513 2656 2712 2711 bonam
2763 2669 2971 2728 partem
3030 2657 3279 2727 deﬂecti;
3345 2675 3472 2715 cum

1893 2750 2076 2797 autem
2127 2745 2220 2800 ille
2277 2745 2334 2799 in
2389 2744 2753 2803 familiaribus
2804 2749 3094 2820 colloquiis
3129 2750 3196 2804 ad
3248 2765 3472 2821 pravam

1895 2835 2230 2891 sententiam
2266 2836 2415 2891 dicta
2464 2852 2565 2893 sua
2599 2840 2883 2905 derivarit,
2919 2842 3048 2897 hinc
3076 2844 3135 2897 in
3173 2842 3470 2898 multorum

1891 2926 2252 2984 offensionem
2280 2928 2609 2995 incurrisse,
2639 2941 2702 2986 ut
2731 2931 2874 2986 infra
2912 2933 3130 2990 dicitur.

2509 3042 2740 3099 CAPUT
2782 3044 2872 3100 lV.

1889 3169 2000 3210 NUH
2039 3173 2355 3214 NARCELLUS
2392 3174 2646 3214 ERBOREM
2685 3177 2752 3215 DE
2794 3178 2966 3217 νΕΙιΒο
3003 3180 3074 3219 ΕΤ
3113 3181 3256 3221 FlLlO
3295 3181 3383 3219 DEI
3422 3180 3474 3219 IN

1981 3243 2222 3283 DECURSU
2256 3245 2400 3284 ΫΙΤᾸΞ
2439 3245 2575 3284 νοεε
2616 3247 2716 3285 νει.
2758 3247 2981 3288 SCRIPTO
3022 3251 3372 3291 TRADIDERIT.

1890 3339 1930 3393 Ι.
1968 3337 2300 3418 Marcellum
2317 3338 2533 3418 Pltotini
2551 3341 2801 3418 discipuli
2825 3343 3041 3418 ltwresis
3059 3349 3113 3401 in
3129 3352 3475 3418 suspicionem

1961 3408 2318 3490 adduxit.
2361 3411 2436 3490 Δ1η
2497 3408 2774 3490 colloquiis
2820 3415 2929 3482 ipse
2965 3433 3166 3472 errores
3219 3408 3477 3490 sparsisse

1959 3488 2198 3554 putatur.
2227 3480 2315 3554 lll.
2339 3480 2667 3554 Athanasius
2697 3500 2813 3554 eum
2837 3480 2932 3552 pro
2957 3501 3215 3554 suspecto,
3238 3480 3476 3550 Basilius

1959 3565 2055 3618 pro
2097 3550 2342 3620 ltwretico
2360 3552 2564 3606 habuit.
2596 3552 2685 3607 ιν.
2706 3550 2994 3610 Marcellus
3031 3550 3082 3612 et
3134 3550 3477 3620 Marcelliani

1960 3622 2014 3675 in
2041 3619 2165 3690 ﬁdei
2192 3622 2608 3690 professionibus
2654 3624 2908 3680 catholica
2956 3629 3262 3699 loquuntur.

1891 3731 1931 3782 Ι.
1978 3732 2262 3782 Marcellum
2305 3733 2506 3784 Photini
2544 3734 2774 3847 dgsicdipuil:
2812 3736 3016 3789 haeresis
3050 3740 3104 3788 in
3146 3744 3478 3804 suspicionem

2667 3812 2727 3846 ux
2777 3836 2791 3847 .

2667 3812 2791 3848 υΧιῐ.

1964 3897 2255 3954 Marcellus
2314 3900 2652 3971 synodorum
2712 3901 2974 3960 Romanae
3007 3917 3085 3977 “et
3135 3907 3480 3969 Sardicensis

1889 3989 2103 4059 judicio
2129 3990 2438 4056 absolutus,
2472 3999 2534 4046 ut
2563 3991 2773 4048 dictum
2807 4002 2912 4060 est,
2938 4004 3216 4070 utcunque
3251 4003 3477 4070 sarcito,

1895 4082 2043 4152 quod
2077 4082 2134 4136 in
2176 4081 2322 4136 fama
2367 4083 2589 4150 tulerat,
2619 4072 2969 4154 detrimento,
3000 4089 3113 4159 jam
3166 4095 3480 4164 suspicione

1896 4173 2036 4240 liber
2075 4181 2130 4228 et
2179 4188 2388 4230 vacuus
2423 4175 2725 4231 videbatur.
2777 4174 2979 4234 Verum
3008 4196 3109 4236 nec
3133 4184 3228 4238 diu
3266 4193 3478 4255 postea,

1897 4266 2055 4320 novis
2077 4265 2239 4320 etiam
2266 4265 2676 4322 Catholicorum
2727 4273 3174 4332 accusationibus
3201 4275 3481 4348 impetitus

1898 4366 2004 4412 est.
2035 4357 2266 4414 Occasio
2298 4357 2403 4414 fuit
2447 4368 2636 4416 exorta
2681 4359 2904 4419 Photini
2946 4364 3174 4422 haeresis
3202 4386 3214 4421 :
3248 4368 3298 4424 is
3333 4369 3478 4425 enim

1903 4449 2006 4504 sub
2061 4449 2304 4506 Marcelli
2357 4451 2647 4522 disciplina
2697 4453 3024 4524 institutus,
3076 4472 3141 4512 ac
3181 4459 3377 4515 deinde
3424 4462 3481 4516 in

212 4557 385 4619 circa,
413 4554 494 4609 sic
518 4554 630 4620 ille,
669 4555 1065 4608 sanctissimum
1112 4553 1256 4607 istud
1298 4553 1523 4608 Verbum
1562 4571 1668 4609 ηοκ
1706 4554 1794 4608 di-
1827 4562 1873 4618 ι)
1905 4543 2259 4601 Sirmiensem
2313 4546 2632 4616 episcopum
2687 4549 2955 4617 adlecluS.
3006 4567 3168 4621 quem
3218 4554 3482 4624 magistro

210 4647 432 4703 cebatur
494 4657 616 4702 ante
684 4648 1138 4713 incarnationem,
1184 4647 1563 4717 primogenitus
1625 4647 1794 4701 omnis

211 4751 496 4796 creaturae.
525 4738 667 4793 Nunt
686 4737 945 4810 quomodo
968 4739 1086 4808 ﬁeri
1105 4745 1330 4807 poterat,
1363 4749 1416 4790 ut
1449 4738 1516 4802 is,
1545 4738 1635 4807 qui
1659 4755 1794 4792 sem-

211 4846 308 4900 per
355 4844 501 4897 erat,
543 4831 771 4900 alicujus
814 4839 946 4884 esset
991 4830 1366 4898 primogenitus
1397 4831 1422 4883 ?
1458 4827 1550 4883 sed
1593 4831 1796 4898 primus

211 4924 309 4978 ille
334 4940 496 4976 novus
526 4923 701 4984 homo,
740 4923 794 4975 in
822 4938 975 4992 quem
1001 4923 1180 4975 omnia
1206 4919 1410 4974 volebat
1432 4919 1574 4975 Deus
1597 4922 1801 4976 instau-

215 5032 362 5079 rare,
393 5031 564 5070 sacra:
596 5013 890 5083 Scriptura!
916 5014 1320 5082 primogenitum
1348 5013 1518 5066 omnis
1542 5022 1801 5067 creatura:

218 5107 507 5176 appellant.
549 5105 816 5159 Nimirum
849 5105 1036 5158 Ariani
1072 5104 1175 5158 hoc
1222 5103 1451 5170 dictum,
1489 5105 1805 5174 primogeni-

218 5211 333 5253 tum
377 5199 546 5254 omnis
589 5207 867 5261 creaturw,
899 5196 968 5249 ad
1008 5211 1166 5250 suum
1197 5196 1264 5250 de
1299 5195 1478 5250 Verbo
1514 5195 1609 5250 Dei
1643 5204 1807 5252 tuen-

217 5292 352 5346 dum
407 5306 648 5346 errorem
697 5288 1034 5360 usurpabant
1071 5307 1084 5343 :
1118 5303 1184 5343 eo
1231 5289 1375 5343 enim
1423 5295 1805 5356 processerant

217 5373 518 5450 impietatis
552 5389 612 5434 ut
646 5379 913 5444 dicerent.
947 5374 1193 5432 Verbum
1226 5374 1322 5431 Dei
1354 5375 1500 5430 inter
1531 5390 1619 5431 res
1648 5391 1803 5431 crea-

217 5481 307 5530 tas
353 5475 588 5544 primum
635 5487 777 5528 esse.
833 5469 1016 5536 Quare
1075 5467 1366 5524 Marcellus
1416 5469 1472 5522 in
1525 5468 1801 5524 hominem

217 5568 506 5624 Christum
534 5565 667 5621 dicti
692 5565 858 5633 hujus
889 5560 1396 5630 interpretationem
1431 5561 1715 5616 derivabat
1745 5573 1804 5617 ut

215 5658 426 5717 Asterii
471 5663 852 5729 argumentum
905 5654 1242 5724 depelleret;
1284 5671 1393 5725 qua
1451 5655 1508 5710 in
1559 5671 1616 5711 re
1668 5656 1805 5711 nihil

297 5814 318 5846 ³
359 5812 575 5870 Coloss.
603 5829 642 5877 l,
672 5812 759 5865 15.

547 5906 821 5966 ΡΑτιιοι.
854 5902 972 5965 Gn.
1011 5905 1236 5967 XVIII.

1904 4651 2006 4690 suo
2083 4639 2418 4708 ascripserat
2465 4637 2738 4694 Eusebius
2790 4655 3030 4696 errorem
3069 4644 3177 4699 late
3225 4659 3484 4718 spargere

1905 4731 2091 4798 coepit,
2117 4729 2394 4785 Christum
2428 4746 2536 4786 non
2580 4738 2707 4786 ante
2739 4741 2918 4788 ortum
2963 4751 3030 4790 ex
3062 4734 3234 4791 Maria
3262 4735 3486 4811 Virgine

1907 4820 2114 4875 Filium
2141 4819 2238 4875 Dei
2281 4821 2455 4878 fuisse
2493 4823 2796 4880 dictitans:
2831 4840 3002 4896 quare
3054 4827 3146 4884 ille
3193 4829 3384 4885 multis
3428 4847 3484 4885 ιιι

1908 4911 2135 4982 synodis
2157 4911 2448 4967 damnatus
2474 4913 2874 4986 abdicatusque
2898 4925 2983 4972 est
3011 4937 3023 4972 :
3062 4916 3132 4972 Et
3161 4919 3258 4976 hoc
3288 4937 3482 4990 ipsum,

1909 5003 2085 5074 inquit
2116 5001 2391 5074 Sulpicius
2421 5003 2676 5073 Severus,
2713 5006 3030 5064 Marcellum
3056 5012 3332 5082 gravabat,
3358 5016 3486 5083 quia

1908 5096 2170 5152 Photinus
2201 5096 2415 5152 auditor
2447 5098 2561 5165 eius
2586 5099 2754 5169 fuisse
2781 5102 2836 5154 in
2873 5101 3228 5156 adolescentia
3276 5104 3487 5159 uideba-

1910 5199 2016 5242 tur.
2049 5187 2316 5245 Haustum
2349 5205 2379 5243 a
2412 5187 2648 5246 Photino
2677 5206 2744 5246 ex
2768 5191 3005 5248 Marcelli
3047 5193 3362 5265 magisterio
3384 5210 3488 5250 er-

1910 5295 2090 5337 rorem
2136 5280 2506 5351 Opinabantur
2554 5283 2758 5336 multi:
2798 5299 2922 5338 cum
2968 5285 3225 5347 maxime,
3259 5285 3386 5340 licet
3429 5285 3485 5341 in

1911 5388 2012 5428 suo
2043 5371 2307 5427 adversus
2339 5371 2617 5428 Asterium
2651 5374 2792 5428 libro
2819 5374 3090 5445 ejusmodi
3133 5375 3273 5431 nihil
3301 5384 3490 5447 aperte

1909 5466 2290 5538 profiteretur;
2322 5466 2504 5536 aliqua
2548 5473 2730 5520 tamen
2776 5475 2982 5530 essent,
3013 5481 3135 5537 quae
3167 5467 3490 5524 viderentur

1909 5575 2032 5616 eam
2072 5562 2129 5616 in
2163 5568 2372 5631 partem
2409 5558 2771 5629 propendere.
2807 5557 3123 5630 lmportune
3163 5559 3334 5632 igitur
3366 5575 3488 5614 ma-

1911 5656 2086 5729 gistro
2125 5652 2350 5720 accidit,
2399 5660 2459 5707 ut
2502 5667 2666 5722 quam
2717 5651 2806 5707 ille
2853 5651 3160 5709 doctrinam
3201 5653 3491 5710 tradidisse

3139 5900 3212 5960 ιι
