3792 6150
322 334 490 398 1⁸19Γ

1557 327 1647 382 DE
1677 322 1842 378 VITA
1879 319 1967 373 ET
2010 315 2329 375 SCRIPTIS

3434 304 3573 360 1292
3594 334 3597 337 <

319 465 613 517 accusatus
655 456 857 519 fuerat,
889 449 1135 508 eamdem
1168 442 1469 514 discipulus
1508 440 1693 510 .palam
1725 437 1899 492 disse-
1929 439 1976 494 Α
2003 429 2122 485 Νοη
2159 430 2328 483 alium
2364 442 2496 483 sane
2540 426 2741 481 librum
2787 422 3006 478 videtur
3038 434 3266 491 carpere
3296 416 3529 473 Basilius
3553 436 3570 471 :

319 553 576 608 minaret.
640 546 780 600 llinc
827 542 1015 599 multis
1074 544 1363 607 suspectus
1427 531 1717 586 Marcellus
1777 543 1901 583 esse

321 642 514 712 erepit,
545 638 690 710 quod
721 640 980 707 putarent
1009 629 1304 685 Pbotinum
1329 639 1517 681 eorum
1548 622 1900 690 interpretem

319 708 504 806 age—re,
554 708 676 803 qua:
724 726 1014 784 Marcellus
1063 723 1257 777 doctor
1304 716 1533 771 obscure
1578 718 1632 767 et
1676 708 1902 765 subdole

320 827 664 905 scripsisset.

559 937 622 988 ΙΙ.
648 935 703 985 In
723 930 980 994 colloquiis
1002 938 1198 977 errores
1216 922 1452 986 sparsisse
1473 922 1686 982 putatur.

394 1044 516 1098 Alia
550 1042 679 1096 item
702 1034 995 1093 intervenit
1013 1027 1330 1100 suspicandi
1347 1023 1595 1089 occasio;
1615 1016 1905 1073 Marcellus

329 1137 478 1194 enim
498 1152 630 1189 nova
650 1129 894 1203 qua'dam
918 1129 1154 1187 miscere,
1176 1131 1226 1177 et
1242 1118 1499 1189 ambiguis
1514 1109 1906 1184 prwdicationi-

329 1229 447 1292 bus,
493 1226 606 1296 ejus
645 1224 699 1278 in
731 1237 890 1293 quam
936 1217 1195 1273 Photinus
1230 1212 1426 1280 erupit,
1455 1206 1713 1261 doctrina:
1765 1204 1905 1257 viam

336 1293 569 1394 quaerere
589 1315 935 1388 deprehensus
980 1316 1059 1363 est
1087 1308 1187 1378 (l).
1221 1304 1396 1358 Homo
1420 1300 1622 1372 quippe
1651 1293 1907 1394 garrulus

332 1383 387 1468 et
417 1383 860 1480 loquacissimus,
911 1408 974 1455 ut
1031 1398 1193 1452 habet
1253 1392 1544 1454 Eusebius,
1579 1396 1634 1443 et
1684 1401 1749 1440 ex
1786 1383 1906 1453 ejus

330 1521 452 1576 qua:
481 1477 778 1571 supersunt
806 1490 1125 1564 fragmentis
1170 1485 1358 1540 videre
1385 1494 1490 1546 est,
1527 1479 1654 1534 dum
1687 1477 1742 1530 in
1778 1488 1909 1545 quo-

328 1566 568 1651 tidianis-
609 1584 1041 1644 fabulationibus
1087 1588 1143 1635 et
1183 1574 1496 1645 colloquiis,
1519 1569 1813 1627 obscurius
1850 1566 1908 1619 in

328 1688 513 1744 libello
542 1684 744 1739 tradita
776 1678 1119 1749 explanaret,
1146 1672 1214 1726 ad
1239 1685 1359 1725 eam
1391 1681 1555 1737 quam
1600 1665 1654 1718 in
1686 1658 1909 1734 synodis

329 1781 576 1836 Romana
605 1784 661 1830 et
695 1768 1021 1827 Sardicensi
1043 1762 1446 1835 repudiaverat,
1477 1756 1792 1826 Opinionem
1821 1767 1910 1806 re-

326 1872 515 1928 cidere
540 1868 680 1923 forte
695 1860 1152 1931 comperiebatur.
1189 1852 1327 1908 Hinc
1358 1851 1487 1914 late,
1516 1862 1611 1917 per
1629 1843 1909 1901 Orientem

329 1964 589 2028 maxime,
632 1972 861 2031 Sparsus
912 1965 1102 2007 rumor
1136 1945 1453 2002 Marcellum
1486 1940 1651 2023 impie
1680 1936 1748 1991 de
1772 1933 1910 1989 Filio

331 2058 426 2113 Dei
450 2054 674 2116 sentire,
700 2049 1000 2116 eademque
1033 2044 1152 2111 ipsa
1190 2037 1389 2093 docere
1425 2047 1548 2103 quae.
1584 2018 1642 2084 in
1680 2028 1912 2083 Ariano-

328 2163 456 2204 rum
507 2138 955 2199 accusationibus
1006 2131 1346 2187 ferebantur.
1404 2123 1522 2179 Non
1575 2134 1685 2175 una
1731 2127 1912 2173 tamen

329 2242 437 2297 fuit
468 2239 715 2295 omnium
752 2232 821 2287 de
852 2227 1110 2283 Marcello
1146 2218 1452 2282 sententia;
1490 2229 1640 2280 nam,
1676 2210 1912 2283 Epipha-

330 2335 424 2391 nio
462 2337 626 2393 teste,
674 2324 831 2381 multi
879 2336 977 2392 pro
1030 2315 1287 2372 Marcello
1321 2308 1666 2375 stabant,-,in
1710 2303 1915 2375 quibus

331 2427 599 2483 Paulinus
646 2417 1025 2474 Antiuchenus
1082 2409 1376 2480 episcopus
1422 2422 1435 2457 :
1484 2401 1649 2471 idque
1698 2397 1914 2467 signum

332 2529 416 2576 est
449 2515 828 2573 manifestum,
875 2522 987 2563 non
1032 2504 1209 2575 palam
1254 2506 1309 2553 et
1354 2502 1541 2566 aperte
1601 2488 1914 2545 Marcellum

332 2611 498 2681 impia
523 2604 821 2678 protulisse
846 2600 1098 2669 dogmata
1120 2591 1247 2661 ;sed
1272 2591 1347 2643 ita
1375 2586 1630 2658 perplexe
1650 2584 1916 2647 locutum,

332 2673 550 2761 uthinc
580 2697 900 2771 opinionum
948 2690 1093 2743 facta
1124 2686 1236 2740 sint
1272 2679 1539 2744 divortia;
1568 2675 1688 2731 aliis
1737 2673 1921 2728 catho-

333 2800 457 2861 lice,
487 2804 742 2866 perverse
779 2793 834 2841 et
879 2782 1044 2852 impie
1089 2779 1212 2834 aliis
1256 2773 1462 2832 sentire
1499 2771 1681 2826 virum
1728 2774 1921 2838 putan-

334 2890 504 2945 libus.

334 3022 421 3074 Ill.
446 3020 743 3073 Athanasius
783 3028 898 3065 eum
933 3012 1315 3121 ρωὴειὲςρῗοιο,
1338 3003 1550 3055 Basilius
1574 3014 1664 3065 pro
1685 2999 1921 3050 haaretico

1068 3088 1095 3121 3
1132 3085 1179 3119 υι
1208 3108 1219 3118 .

1068 3085 1219 3121 δυυιι.

409 3166 603 3222 Gravis
642 3165 770 3217 item
795 3158 1052 3213 Marcello
1083 3155 1215 3209 hinc
1256 3160 1411 3223 parta
1433 3146 1639 3204 invidia
1676 3144 1913 3207 videtur,

338 3276 464 3315 cum
500 3258 609 3312 duo
652 3252 909 3308 Ecclesia:
961 3248 1167 3303 lumina
1216 3241 1552 3298 Athanasius
1587 3246 1642 3294 et
1681 3235 1918 3291 Basilius

338 3368 524 3408 errore
555 3348 819 3403 infecmm
849 3343 1125 3398 hominem
1158 3334 1423 3407 suspicati
1457 3339 1604 3389 sunt.
1652 3328 1728 3383 De
1757 3328 1921 3381 Atha-

339 3445 500 3501 nasio
533 3444 733 3513 quippe
760 3440 876 3493 haec
913 3434 1237 3492 testificatur
1278 3426 1615 3500 Epiphanius
1642 3421 1919 3494 εἮρόμην

340 3541 397 3593 δὲ
424 3512 585 3601 abeo;
616 3534 725 3604 ἐγὼ
751 3532 926 3604 χρόνῳ
949 3529 1058 3583 τινὶ
1087 3527 1177 3579 τὸν
1206 3523 1515 3596 μακαρίτην
1540 3518 1726 3572 πάπαν
1765 3512 1921 3567 Ἀθα-

342 3633 525 3686 νάσιον
550 3630 679 3701 περὶ
699 3626 888 3679 τούτου
918 3620 1013 3675 τοῦ
1042 3615 1387 3690 Μαρκέλλου,
1412 3613 1529 3675 πῶς
1561 3610 1626 3664 ἂν
1653 3607 1764 3679 ἔχοι
1791 3604 1921 3676 περὶ

342 3721 530 3777 αὐτοῦ.
590 3720 649 3771 '0
690 3718 746 3769 δὲ
793 3713 915 3769 οὔτε
970 3707 1525 3782 ὑπεραπελογήσατο,
1583 3699 1706 3753 οὗτε
1758 3696 1920 3750 πάλιν

345 3813 482 3886 πρὸς
511 3810 672 3866 αὐτὸν
697 3805 951 3877 ἀπεχθῶς
978 3801 1183 3873 ἠνέχθη
1201 3817 1214 3829 ·
1242 3797 1400 3869 μόνον
1433 3794 1490 3847 δὲ
1513 3791 1601 3847 διὰ
1626 3789 1721 3843 τοῦ
1755 3804 1923 3859 προσ-

344 3878 492 3960 tit-7:00
543 3902 824 3975 μειδιάσας
888 3897 1155 3967 ὑπέφηνε,
1222 3887 1554 3975 μοχθηρίας-
1580 3883 1654 3956 μὴ
1708 3878 1922 3952 μακρὰν

346 3994 507 4050 αὐτὸν
543 3970 713 4054 -εῖναι,
745 3990 839 4042 καὶ⁴
872 3986 947 4049 ὡς
978 3980 1461 4052 ἀπολογησάμενον
1505 3971 1636 4045 εἶχε.
1693 3970 1749 4024 ld
1796 3977 1921 4023 est:

347 4085 483 4142 Cum
518 4080 805 4153 aiiquando
849 4078 1057 4131 beatum
1085 4089 1279 4145 papam
1318 4069 1666 4123 Athanasium
1698 4065 1926 4116 interro-

344 4192 550 4251 garem,
579 4171 702 4244 quid
731 4169 794 4224 de
824 4165 1079 4222 Marcello
1114 4165 1467 4223 existimaret,
1497 4157 1589 4212 ille
1614 4170 1772 4226 neque
1795 4168 1926 4222 pur-

349 4270 489 4339 gavit
522 4263 805 4328 hominem,
846 4274 1005 4330 neque
1039 4274 1156 4312 vero
1193 4255 1429 4326 asperius
1458 4251 1657 4306 notavit
1689 4264 1706 4302 :
1736 4247 1825 4302 sed
1854 4247 1928 4300 le-

350 4363 488 4418 niter
530 4356 793 4418 arridens,
843 4370 947 4407 non
993 4350 1218 4405 multant
1255 4347 1319 4401 ab
1360 4343 1695 4414 improbitate
1738 4340 1930 4394 abhor—

351 4457 524 4510 ruisse
566 4448 885 4522 signiﬁcavit
917 4463 933 4500 :
965 4454 1016 4499 et
1044 4446 1098 4498 in
1145 4457 1324 4497 eorum
1365 4439 1501 4505 loco,
1534 4437 1625 4507 qui
1662 4450 1773 4489 sese
1800 4447 1931 4501 pur-

352 4552 587 4618 gassent,
621 4541 827 4596 habuit.
873 4537 1059 4608 Longe
1090 4536 1273 4590 acrior
1301 4532 1562 4593 Basilius,
1610 4525 1927 4582 Marcellum

355 4656 456 4712 pro
504 4637 761 4693 hazretico
814 4633 998 4698 habet,
1056 4628 1176 4699 ejus
1218 4626 1550 4697 impietatem
1602 4621 1817 4674 Arianae
1861 4632 1931 4671 ex

355 4708 626 4788 diametro
674 4725 982 4797 oppositam
1028 4721 1285 4785 aestimat,
1334 4713 1706 4771 damnandum
1753 4708 1931 4765 homi-

358 4826 562 4880 minem
597 4825 807 4882 censet,
837 4816 964 4886 quia
994 4812 1319 4883 unigenitum
1351 4809 1560 4880 quidem
1589 4806 1695 4859 dici
1724 4803 1935 4857 verbum

359 4916 547 4978 tradit,
584 4920 839 4984 quatenus
871 4907 944 4962 ad
988 4921 1143 4958 usum
1190 4913 1240 4958 et
1288 4901 1356 4956 ad
1403 4910 1602 4969 tempus
1637 4895 1831 4968 prodit,
1875 4908 1937 4946 ac

358 5024 546 5064 rursus
579 5005 645 5058 ad
673 5019 791 5058 eum
812 5016 877 5055 ea:
908 5016 1008 5070 quo
1042 4997 1235 5066 prodiit
1266 4993 1585 5049 reuertitur:
1618 5005 1779 5059 neque
1819 4993 1939 5040 ante

359 5116 646 5175 egressum,
683 5112 817 5161 esse,
865 5109 956 5146 nec
984 5100 1101 5161 post
1150 5103 1467 5159 regressum,
1510 5084 1793 5138 subsistere
1839 5080 1937 5133 ait.

364 5172 530 5263 (iuius
554 5193 630 5246 rei
659 5193 1027 5260 argumentum
1064 5191 1186 5237 sunt
1218 5181 1413 5250 iniqua:
1443 5178 1589 5231 illius
1622 5172 1939 5245 syngrapha:

323 5324 331 5373 ;
366 5288 512 5345 libri.
543 5287 752 5341 Cretera
796 5277 1053 5349 superius
1095 5275 1256 5328 allata
1305 5279 1452 5354 sunt.
1481 5269 1600 5323 Jam
1631 5282 1759 5323 vero
1793 5280 1945 5336 quae—

318 5364 329 5391 "
367 5393 523 5438 ratur
556 5393 683 5432 num
718 5376 908 5444 iniqua
956 5370 1049 5423 illa
1101 5367 1412 5439 συγγραφή,
1462 5377 1626 5433 quam
1680 5364 1947 5413 memorat

370 5469 806 5532 Basilius,'idem
859 5469 976 5537 ipse
1007 5464 1147 5519 liber
1184 5462 1275 5525 sit,
1326 5457 1423 5528 qui
1469 5457 1522 5511 iu
1572 5453 1797 5526 synodis
1838 5451 1948 5504 Ro-

372 5578 534 5621 mana
575 5573 629 5617 et
668 5561 985 5616 Sardicensi
1025 5571 1214 5614 errore
1244 5544 1451 5610 vacuus
1484 5551 1794 5606 declaratus
1840 5553 1945 5602 est.

446 5761 524 5829 (1)
561 5760 732 5817 Hilar.
768 5761 984 5828 Fragm.

2004 536 2113 574 non
2160 521 2358 587 legitur
2418 518 2565 572 enim
2617 514 2935 569 Marcellum
2991 512 3159 566 alium
3212 507 3454 564 edidisse
3506 507 3570 559 li-

2002 612 2185 675 brum,
2238 624 2402 680 quam
2449 609 2601 662 illum
2638 615 2831 661 contra
2879 605 3176 667 Asterium,
3221 600 3311 655 cui
3359 599 3573 659 titulus,

2004 703 2081 758 De
2102 702 2431 773 subjectione
2464 700 2700 764 Domini,
2734 707 2875 754 teste
2920 696 3148 751 Hilario.
3194 694 3398 750 Verum
3435 691 3578 745 dicet

2004 797 2303 868 quispiam,
2348 810 2419 849 an
2464 794 2700 849 Basilius
2733 791 3051 847 hatreticum
3098 803 3162 842 ac
3205 784 3575 842 damnandum

2006 888 2208 941 librum
2252 891 2496 948 censeat,
2529 883 2622 952 qui
2662 883 2716 936 in
2759 879 2984 952 synodis
3016 877 3262 931 Romana
3295 884 3350 930 et
3390 873 3579 928 Sardi-

2006 977 2158 1033 censi
2215 984 2278 1030 ut
2339 973 2677 1029 orthodoxus
2720 972 2994 1028 admissus
3024 968 3206 1025 fuerit.
3241 967 3377 1022 lluic
3418 981 3581 1036 argu—

2007 1077 2193 1126 mento
2232 1077 2295 1124 ut
2351 1077 2718 1130 occurratur,
2766 1065 3060 1136 repetenda
3103 1064 3196 1116 illa
3245 1075 3366 1132 quae
3415 1073 3581 1129 supra

2007 1162 2270 1227 diximus,
2311 1160 2627 1215 Marcellum
2677 1158 2935 1213 videlicet
2980 1157 3057 1211 ita
3118 1171 3230 1210 rem
3276 1162 3585 1240 temperare

2008 1251 2275 1321 potuisse,
2315 1248 2701 1331 utdicta.ejus
2731 1256 2956 1318 possent
2985 1246 3040 1299 in
3076 1244 3273 1298 bonam
3314 1243 3585 1296 malamve

2009 1351 2218 1413 partem
2255 1339 2487 1396 deflecti.
2523 1330 2663 1395 Cum
2690 1345 2870 1394 autem
2893 1338 2983 1392 ille
3013 1331 3348 1407 synodorum
3376 1330 3584 1403 judicio

2008 1449 2251 1505 praascns
2281 1448 2504 1489 causam
2543 1432 2882 1495 defenderet,
2915 1438 2969 1485 et
3005 1443 3196 1484 sanam
3232 1425 3581 1481 catholicam-

2009 1542 2117 1597 que
2148 1526 2421 1581 dictorum
2450 1530 2687 1578 mentem
2716 1528 3001 1587 tueretur;
3048 1516 3152 1573 SS.
3187 1515 3404 1580 Patres,
3438 1512 3587 1585 quod

2010 1621 2216 1675 nullam
2251 1619 2391 1674 liber
2425 1618 2757 1687 impietatem
2785 1615 2962 1684 palam
2994 1619 3047 1667 et
3076 1626 3191 1682 pra:
3223 1624 3285 1666 se
3307 1608 3499 1672 ferret,
3534 1615 3592 1660 et

2011 1714 2173 1771 effata
2204 1712 2325 1782 ejus
2349 1710 2621 1765 catholico
2650 1712 2898 1778 possent,
2936 1711 2994 1759 ut
3037 1701 3331 1757 Marcellus
3356 1705 3591 1754 conten-

1941 1779 1985 1835 Β
2009 1808 2195 1871 debat,
2223 1805 2418 1874 accipi,
2452 1811 2512 1856 ut
2542 1802 2815 1855 insontem
2846 1812 2971 1852 cum
3001 1795 3142 1850 libro
3177 1792 3590 1848 suo'hominem

2013 1900 2328 1955 absolutum
2379 1895 2728 1949 dimiserunt.
2776 1890 2914 1944 Nam
2967 1888 3097 1959 quid
3129 1902 3257 1942 vere
3303 1887 3358 1940 in
3407 1885 3597 1940 animo

2012 1993 2258 2049 volveret
2289 1990 2603 2053 Marcellus,
2649 1986 2781 2057 quid
2822 1986 2933 2038 imo
2978 1992 3199 2053 pectore
3237 1979 3496 2043 sentiret,
3536 1977 3598 2035 il

2014 2084 2181 2140 unius
2212 2082 2309 2137 Dei
2331 2081 2544 2151 judicio
2573 2076 3013 2150 permittebatur.
3041 2071 3153 2127 Sub
3177 2074 3313 2137 hinc,
3343 2078 3403 2126 ut
3438 2070 3595 2127 arbi-

2014 2177 2303 2231 trabantur
2362 2174 2564 2239 multi,
2616 2186 2742 2225 cum
2799 2168 2855 2222 in
2889 2165 3250 2220 familiaribus
3302 2161 3599 2232 colloquiis

2016 2266 2308 2321 Marcellus
2339 2263 2488 2318 dicta
2528 2275 2628 2317 sua
2663 2255 2966 2315 secundum
3010 2254 3323 2309 haereticam
3355 2257 3598 2305 mentem

2017 2359 2307 2429 discipulis
2339 2357 2681 2426 explanaret,
2728 2351 2962 2422 ejusque
3004 2348 3083 2401 rei
3117 2346 3259 2399 fama
3293 2344 3404 2398 late
3440 2357 3598 2413 vaga-

2018 2460 2193 2517 retur,
2228 2459 2360 2505 tunc
2392 2448 2613 2501 demum
2648 2445 2875 2500 subdole
2905 2451 3087 2496 aetum
3129 2437 3386 2492 Marcello
3420 2435 3601 2490 credi-

2019 2553 2134 2599 tum
2163 2549 2269 2605 est,
2305 2541 2531 2610 ipseque
2563 2538 2647 2591 sui
2674 2536 2949 2603 interpres
2982 2532 3180 2585 librum
3210 2541 3380 2598 prava
3418 2535 3604 2581 mente

2020 2634 2396 2702 conscriptum
2429 2629 2742 2684 declarasse
2773 2626 3011 2680 videtur.
3058 2620 3173 2677 Etsi
3203 2633 3370 2690 porro
3405 2633 3499 2673 res
3544 2618 3599 2670 in

2020 2727 2188 2782 dubio
2213 2736 2484 2785 versetur,
2510 2737 2639 2775 num
2673 2735 2798 2775 vere
2826 2716 3113 2772 Marcellus
3142 2715 3197 2767 in
3219 2727 3363 2777 eam,
3401 2710 3471 2765 de
3494 2724 3604 2781 qua

2020 2820 2344 2891 plerumque
2383 2825 2674 2872 accusatus
2725 2812 2850 2875 fuit,
2910 2808 3246 2881 impietatem
3274 2804 3600 2875 deciderit:

2022 2928 2149 2969 nam
2178 2927 2302 2967 cum
2334 2909 2675 2982 Epiphanius
2703 2904 2959 2959 Marcello
2990 2900 3237 2972 aequalis,
3272 2898 3462 2953 varias
3504 2897 3605 2950 hac

2023 3006 2092 3060 de
2128 3020 2189 3060 re
2218 3002 2650 3059 orthodoxorum
2686 2995 2990 3053 sententias
3036 3001 3167 3047 tunc
3199 2990 3373 3046 fuisse
3408 2987 3604 3045 testiﬁ-

1946 3122 1990 3179 ο
2025 3105 2202 3161 cetur,
2244 3110 2349 3151 nec
2376 3094 2575 3148 audeat
2605 3095 2720 3161 ipse
2749 3090 3070 3143 alterutram
3118 3085 3172 3139 in
3206 3092 3416 3154 partem
3475 3096 3611 3135 con-

2027 3191 2241 3253 cedere,
2280 3187 2413 3257 quid
2440 3200 2735 3256 possumus
2766 3197 2869 3236 nos
2901 3188 2980 3234 tot
3009 3178 3078 3232 ab
3108 3177 3233 3231 inde
3261 3173 3472 3244 elapsis
3510 3188 3610 3228 ste-

2026 3284 2166 3338 culis
2200 3279 2519 3337 aestimare?
2561 3291 2725 3347 grave
2756 3282 2939 3328 tamen
2991 3279 3379 3341 argumentum
3410 3275 3609 3321 contra

2027 3374 2343 3429 Marcellum
2373 3370 2501 3424 hinc
2531 3370 2765 3430 eruitur,
2814 3363 2963 3434 quod
2996 3363 3133 3417 tanti
3166 3360 3423 3415 doctores
3455 3359 3611 3414 Basi-

2027 3467 2136 3521 lius
2187 3473 2242 3520 et
2294 3461 2652 3525 Athanasius,
2691 3458 2895 3529 quibus
2926 3470 3033 3509 non
3084 3453 3243 3507 facile
3288 3459 3408 3506 erat
3441 3450 3611 3505 verba

2028 3559 2181 3623 dare,
2213 3572 2336 3612 eum
2392 3555 2479 3609 vel
2513 3567 2743 3623 prorsus
2792 3549 3135 3609 haereticum,
3188 3544 3269 3600 vel
3312 3540 3612 3598 admodum

2030 3657 2345 3721 suspectum
2385 3646 2696 3701 habuerint.

2028 3784 2110 3835 IV.
2137 3782 2401 3833 Marcellus
2431 3784 2484 3829 et
2514 3779 2815 3829 Marcelliani
2858 3779 2907 3825 in
2938 3775 3052 3823 fidei
3085 3771 3481 3837 professionibus
3524 3783 3607 3820 ea-

2575 3842 2758 3890 tbolice
2782 3842 3071 3900 loquuntur.

2102 3974 2176 4030 Ut
2242 3982 2305 4029 ut
2365 3974 2438 4028 sit
2483 3974 2551 4028 de
2619 3970 2861 4026 Marcelli
2909 3969 3207 4035 opinione,
3264 3965 3612 4036 exploratum

2034 4084 2168 4123 sane
2210 4077 2294 4123 est
2340 4083 2465 4123 cum
2510 4067 2689 4128 illum,
2740 4073 2855 4118 tum
2901 4062 3204 4132 discipulos
3244 4060 3367 4128 ejus
3403 4059 3461 4112 in
3492 4055 3612 4111 fidei

2035 4150 2286 4215 formulis
2334 4174 2472 4229 quas
2516 4158 2786 4222 obtulere,
2827 4156 2920 4209 ubi
2967 4155 3073 4210 sibi
3108 4152 3413 4222 ascriptum
3459 4160 3615 4204 erro~

2035 4268 2150 4307 rem
2176 4253 2440 4307 damnant
2471 4258 2525 4306 et
2555 4250 2867 4321 repudiant,
2898 4265 3007 4303 non
3042 4245 3429 4317 poenitentium
3462 4253 3517 4297 et
3542 4258 3616 4296 re-

2037 4344 2416 4414 sipiscentium
2458 4359 2613 4398 more
2676 4343 2731 4397 id
2778 4358 2973 4413 agere;
3031 4339 3127 4395 sed
3168 4338 3353 4393 addita
3399 4350 3616 4406 semper

2038 4443 2295 4496 cautione
2336 4442 2779 4497 adversariorum
2826 4438 3133 4494 calumnias
3181 4434 3483 4505 depellere,
3517 4445 3614 4486 nec

2035 4551 2094 4591 se
2117 4535 2192 4588 ita
2222 4535 2456 4590 sentisse
2512 4533 2783 4588 confiteri.
2804 4531 2860 4585 Id
2894 4532 3151 4585 observes
3186 4527 3333 4597 apud
3378 4525 3615 4597 Epipha-

2031 4625 2183 4680 nium
2235 4626 2289 4679 in
2338 4623 2595 4678 Formula
2628 4623 2748 4678 fidei
2796 4621 3060 4686 Marcelli,
3089 4618 3234 4672 Julio
3277 4617 3487 4678 oblata,
3530 4615 3617 4668 ubi

2035 4721 2083 4774 is
2115 4735 2174 4773 se
2199 4719 2273 4771 ita
2304 4718 2547 4772 sensisse
2581 4725 2745 4786 negat
2774 4721 2833 4767 ut
2857 4713 3048 4767 Ariani
3078 4710 3407 4766 dictitabant
3439 4727 3453 4761 :
3488 4717 3543 4761 et
3568 4709 3619 4758 in

2036 4811 2318 4866 luculenta
2351 4809 2475 4865 fidei
2511 4808 2742 4863 formula
2785 4808 2842 4861 in
2872 4805 3143 4876 legatione
3175 4801 3428 4872 Eugenii,
3458 4814 3620 4869 quam

2039 4920 2188 4959 nune
2216 4904 2455 4974 primum
2486 4919 2517 4957 e
2551 4901 2790 4958 tenebris
2822 4901 3092 4961 eruimus,
3124 4896 3206 4951 sic
3235 4894 3478 4964 legitur:
3517 4888 3623 4943 Ne-

2040 5013 2137 5067 que
2178 4997 2317 5050 enim
2367 5010 2633 5049 censemus
2673 4993 2842 5046 alium
2890 5006 3003 5044 esse
3034 4987 3256 5049 Filium,
3305 4984 3480 5038 alium
3520 4997 3627 5036 esse

2055 5087 2303 5151 Verbum,
2340 5101 2398 5139 ut
2430 5085 2646 5157 quidam
2691 5101 2785 5138 nos
2829 5083 3026 5137 sentire
3060 5078 3266 5133 mentiti
3296 5085 3421 5130 sunt
3454 5090 3473 5127 :
3502 5076 3626 5128 item

2046 5183 2101 5236 in
2139 5181 2499 5252 Expositione
2540 5179 2665 5233 fidei
2716 5177 2785 5231 ad
2837 5175 3297 5231 Diocmsarienses
3338 5174 3629 5243 episcopos

2046 5276 2252 5337 oblata,
2290 5274 2445 5327 aiunt
2493 5270 2832 5325 Marcelliani
2884 5284 2944 5324 se
2987 5268 3221 5322 libenter
3246 5265 3511 5319 Patribus
3548 5278 3632 5317 re-

2049 5368 2325 5439 spondere
2366 5362 2802 5425 sciscitantibus,
2841 5369 2900 5415 ut
2935 5360 3075 5414 falso
3113 5359 3298 5414 oblata
3330 5357 3433 5411 sibi
3466 5365 3634 5411 teme.

2051 5470 2185 5516 ratae
2232 5457 2517 5531 religionis
2552 5455 2786 5511 erimina
2817 5453 3229 5525 propulsarent,
3272 5450 3365 5504 διὰ
3399 5447 3632 5519 μάλιστα

2050 5553 2177 5617 τοὺς
2202 5549 2560 5623 βουλομένους
2601 5545 2849 5619 ματαίως
2879 5542 3128 5615 Θρυλλεῖν
3162 5542 3294 5613 περὶ
3322 5537 3485 5612 ἡμῶν
3514 5551 3633 5591 τινα
