3792 6150
264 377 289 428 1
301 377 405 430 2-93

262 589 629 643 orthodoxam
667 591 995 645 sententiam
1023 589 1148 644 fidei
1177 589 1444 646 formulas
1475 607 1604 646 suas
1630 609 1846 664 semper

263 681 676 744 concinnarint,
724 693 776 736 et
823 682 1046 738 aliunde
1080 698 1110 736 a
1154 684 1345 738 multis
1381 693 1698 740 sanctorum
1742 686 1846 742 Pa-

263 789 413 830 trum
450 775 706 830 Marcello
755 775 1048 846 aqualium
1087 791 1186 846 pro
1218 776 1494 832 hareticis
1525 779 1609 833 vel
1653 795 1846 849 suspe-

264 871 374 926 ctis
403 871 574 924 habiti
607 869 833 932 fuerint,
865 885 976 924 non
1012 869 1211 923 mirum
1242 870 1289 925 si
1325 877 1482 924 tanta
1508 871 1671 924 fuerit
1697 871 1845 925 circa

265 960 512 1015 Marcelli
565 961 724 1015 fidem
785 961 1180 1014 sententiarum
1235 959 1518 1025 varietas,
1585 967 1843 1030 quantam

263 1054 488 1110 exhibet
519 1053 882 1126 Epiphanius.

883 1189 1115 1246 CAPUT
1165 1189 1228 1245 V.

263 1295 378 1360 NUAI
419 1321 751 1361 ATHANASIUS
801 1321 1124 1360 MARCELLUM
1163 1321 1378 1368 UNQUAM
1433 1322 1467 1360 Α
1504 1322 1843 1362 COMMUNIONE

823 1393 921 1431 SUA
961 1393 1292 1431 BEHOVEBIT.

265 1511 312 1565 I.
353 1511 676 1566 Athanasius
726 1509 1044 1564 Marcellum
1093 1530 1125 1564 a
1172 1515 1536 1567 communione
1592 1531 1690 1567 sua
1742 1531 1845 1568 non

339 1580 647 1655 removergt'
677 1593 804 1655 ante
835 1600 1042 1655 _annum
1097 1583 1221 1638 558.
1275 1584 1339 1638 Il.
1394 1582 1508 1638 Nec
1559 1585 1846 1655 instigante

335 1663 517 1721 postea
549 1653 757 1707 Basilio
789 1651 844 1704 id
876 1655 997 1722 egit.

264 1765 311 1816 Ῑ.
335 1766 627 1815 Athanasius
650 1766 932 1814 Marcellum
957 1781 981 1814 a
1007 1768 1349 1815 communione
1377 1781 1462 1817 sua
1483 1782 1579 1816 non
1617 1781 1843 1818 remove-

515 1836 589 1877 rat
612 1835 726 1877 ante
749 1841 928 1876 annum
951 1829 1058 1876 558.
1090 1829 1282 1891 Fragm.
1313 1830 1359 1888 2,
1386 1844 1434 1891 p.
1465 1830 1595 1878 1500.

338 1947 694 2010 Athanasius,
741 1949 833 2018 qui
879 1948 1069 2003 multis
1116 1948 1276 2002 annis
1321 1947 1577 2004 Marcello
1609 1948 1847 2003 fortuna-

265 2057 392 2097 rum
418 2057 646 2096 consors
676 2051 728 2096 et
769 2041 977 2096 amicus
1009 2041 1208 2107 fuerat,
1253 2041 1472 2097 demum
1507 2042 1714 2112 sparsis
1753 2057 1847 2096 ru-

265 2134 538 2195 moribus,
575 2141 629 2188 et
680 2134 954 2187 clarorum
990 2132 1273 2187 hominum
1315 2133 1648 2188 testimoniis
1678 2131 1848 2186 abdu-

267 2233 415 2290 ctus,
446 2238 608 2293 quem
640 2223 796 2292 prius
824 2238 933 2291 pro-
957 2221 1221 2278 facultate
1265 2223 1607 2286 defenderat,
1653 2237 1848 2292 suspe—

266 2323 418 2369 ctum
450 2314 653 2369 habere
683 2314 869 2383 capit.
895 2313 953 2367 ld
991 2313 1296 2384 Epiphanio
1330 2322 1469 2370 teste
1506 2313 1844 2370 ediscimus:

219 2407 225 2417 '
267 2406 382 2467 cui,
413 2414 602 2474 utpote
649 2403 718 2458 ab
782 2404 1090 2459 Athanasio
1141 2405 1262 2474 ipso
1324 2405 1510 2459 audita
1572 2406 1844 2469 narranti,

266 2494 432 2550 fidem
488 2496 754 2565 derogare
799 2512 909 2548 non
945 2497 1090 2551 licet.
1143 2496 1344 2551 Verum
1384 2496 1656 2562 llilarius,
1715 2499 1847 2553 item

264 2585 518 2655 aqualis,
571 2600 637 2640 eo
697 2595 921 2640 ventum
981 2602 1106 2642 esse
1154 2587 1504 2654 testificatur,
1564 2601 1624 2642 ut
1681 2589 1845 2644 etiam

266 2676 528 2732 Marcello
569 2681 1013 2734 communionem
1065 2681 1396 2739 Athanasius
1452 2691 1696 2754 negaret.
1744 2683 1846 2738 Sed

266 2788 365 2826 cur
418 2773 692 2843 abnegatw
751 2774 1162 2836 communionis,
1223 2775 1303 2830 sic
1356 2775 1471 2838 ille,
1519 2777 1846 2830 Athanasius

265 2880 390 2917 reus
421 2864 920 2925 esserescribitur?
952 2864 1206 2934 Nunquid
1245 2875 1456 2936 propter
1499 2867 1623 2920 libri
1663 2867 1847 2921 vitiant

266 2957 558 3012 Marcellus
588 2958 858 3012 abstentus
882 2961 1003 3014 est?
1031 2957 1208 3012 Testes
1234 2960 1333 3027 ipsi
1359 2968 1502 3024 sunt,
1533 2977 1598 3014 ex
1628 2961 1848 3014 institu-

269 3053 339 3106 tis
362 3052 476 3121 ejus
497 3052 783 3106 Photinum
807 3052 1167 3120 perversitatis
1191 3053 1348 3106 istius
1363 3053 1516 3106 initia
1539 3054 1842 3122 sumpsisse.

269 3143 417 3198 Nam
478 3155 668 3215 negata
716 3145 820 3197 sibi
870 3143 934 3196 ab
991 3145 1284 3198 Athanasio
1330 3147 1713 3209 communione,
1763 3145 1846 3198 in-

269 3253 455 3309 gressu
499 3254 612 3290 sese
654 3236 889 3290 ecclesia:
936 3235 1222 3292 Marcellus
1269 3238 1540 3290 abstinuit.
1577 3235 1666 3290 Ita
1706 3254 1850 3290 com-
1875 3212 1918 3270 (ἶ

267 3329 454 3381 munia
487 3344 608 3380 cum
653 3344 714 3381 eo
752 3328 808 3380 in
859 3328 964 3381 ista
999 3327 1102 3396 ﬁde
1140 3328 1203 3382 de
1233 3327 1552 3396 subiectione
1585 3339 1634 3382 et
1679 3328 1853 3383 tradi-

268 3421 410 3476 tione
464 3422 609 3490 regni
671 3420 819 3474 docet
870 3436 886 3473 :

267 3515 458 3568 ctrinte
503 3514 726 3568 alterius
777 3513 1028 3567 ostendit.
1079 3512 1158 3578 Ex
1211 3512 1442 3578 Hilario,
1501 3520 1561 3567 ut
1611 3515 1848 3577 videtur,

270 3613 553 3662 mutuatus
595 3605 875 3677 Sulpicius
928 3606 1186 3668 Severus,
1244 3605 1480 3675 idipsum
1534 3613 1722 3659 narrat
1768 3606 1852 3660 his

269 3698 449 3752 verbis
479 3717 491 3751 :
522 3696 806 3766 Interjecto
851 3696 1036 3750 deinde
1087 3707 1334 3766 tempore,
1359 3697 1684 3751 Athanasius
1733 3715 1853 3752 cum

271 3787 587 3844 Marcellum
637 3805 826 3858 parum
867 3805 1014 3842 same
1061 3789 1187 3857 ﬁdei
1228 3807 1339 3844 esse
1397 3791 1766 3858 comperisset,
1820 3808 1854 3844 a

271 3883 636 3934 communione
665 3878 958 3948 suspendit.
991 3878 1295 3950 Habuitque
1317 3879 1410 3933 ille
1436 3881 1572 3934 hanc
1609 3898 1853 3936 verecun-

271 3971 438 4035 diam,
465 3982 522 4024 ut
555 3974 692 4024 tanti
723 3974 823 4025 viri
839 3971 1046 4041 judicio
1072 3981 1287 4026 notatus
1317 3982 1498 4040 sponte
1527 3974 1849 4030 concederet.

272 4061 538 4116 Craterum
587 4073 744 4116 antea
786 4063 1060 4126 innocens,
1092 4072 1276 4130 postea
1307 4063 1650 4132 deprauatus,
1689 4065 1854 4118 videri

271 4165 480 4226 poterat
516 4156 636 4225 jam
679 4166 791 4208 tum
845 4173 1032 4209 nocens
1067 4154 1253 4224 fuisse,
1302 4172 1420 4209 cum
1476 4156 1539 4210 de
1587 4175 1646 4210 eo
1678 4157 1854 4224 fuerat

271 4247 592 4314 iudicatum.
631 4248 735 4303 Sed
768 4248 884 4302 hac
919 4247 1182 4310 Hilarius,
1219 4263 1380 4317 quem
1426 4246 1704 4318 Sulpicius
1747 4266 1853 4303 au~

274 4348 484 4394 ctorem
513 4341 693 4403 habet,
729 4356 796 4394 ex
831 4339 1025 4410 synodi
1067 4337 1408 4403 Sirmiensis,
1441 4340 1497 4393 in
1529 4356 1637 4410 qua
1667 4340 1854 4395 Photi-

275 4447 382 4486 nus
416 4447 558 4486 anno
589 4432 692 4487 549
750 4431 1044 4484 damnatus
1082 4441 1186 4495 est,
1230 4433 1499 4501 rescripto
1546 4441 1850 4488 mutuatur.

273 4523 412 4578 Cum
441 4535 620 4578 autem
657 4525 798 4577 hanc
829 4522 1097 4593 synodum
1130 4523 1319 4578 Ariani
1345 4525 1688 4581 solummodo
1715 4542 1855 4596 pra-

274 4617 424 4670 sules
476 4615 898 4680 celebraverint,
941 4616 1092 4669 nulla
1132 4615 1199 4670 iis
1251 4616 1386 4672 fides
1442 4617 1714 4682 habenda,
1757 4610 1849 4688 qui

273 4717 535 4763 sexcenta
568 4708 768 4763 similia
809 4715 1001 4763 contra
1031 4707 1391 4762 Athanasium
1423 4718 1476 4764 et
1512 4711 1848 4778 Marcellum,

272 4812 392 4856 tum
427 4803 594 4856 verbo
630 4812 743 4856 tum
776 4804 1000 4872 scripto,
1036 4816 1293 4872 spargere
1325 4803 1595 4858 solebant.
1628 4804 1709 4858 Ad
1739 4806 1852 4860 hac

271 4896 610 4951 Athanasius
659 4897 851 4951 saltem
902 4896 969 4950 ad
1002 4911 1206 4949 annum
1260 4911 1434 4965 usque
1465 4897 1590 4960 558,
1627 4897 1854 4954 Marcel-

271 4989 390 5043 lum
425 4997 484 5042 ut
513 4991 784 5044 insontem
829 4997 883 5042 et
926 4989 1213 5044 fraudibus
1244 4989 1574 5044 Arianorum
1615 4991 1852 5046 circum-

274 5091 496 5137 ventum
529 5083 795 5146 defendit,
828 5092 889 5136 ut
918 5083 1105 5138 videre
1155 5091 1241 5138 est
1271 5085 1326 5138 in
1359 5084 1620 5154 Apologia
1668 5095 1852 5138 contra

276 5177 532 5239 Arianos,
566 5177 620 5230 in
654 5175 918 5246 Apologia
963 5177 1026 5231 de
1056 5177 1203 5247 fuga,
1236 5187 1289 5232 et
1319 5177 1371 5231 in
1404 5176 1647 5231 Historia
1688 5179 1851 5232 Aria-

275 5283 466 5320 norum
505 5269 573 5319 ad
604 5269 885 5322 monachos
913 5285 929 5321 :
955 5269 1100 5322 unde
1126 5269 1407 5338 propalam
1442 5270 1512 5323 sit
1551 5285 1658 5322 non
1692 5271 1853 5325 modo

277 5359 686 5414 communionis
741 5360 1057 5414 societatem
1122 5375 1246 5413 cum
1311 5359 1403 5412 illo
1464 5360 1697 5426 fovisse;
1757 5361 1853 5415 sed

277 5449 444 5502 etiam
486 5450 730 5504 nondum
776 5451 829 5504 in
865 5451 1011 5504 illam
1051 5451 1275 5505 venisse
1308 5458 1496 5504 contra
1542 5451 1852 5506 Marcellum

278 5541 678 5610 suspicionem,
720 5557 883 5612 quam
927 5552 1193 5598 memorat
1225 5542 1584 5613 Epiphanius.
1621 5545 1687 5596 Et
1725 5559 1855 5598 sane

277 5648 518 5688 concors
560 5644 646 5689 est
679 5652 817 5704 pene
866 5637 1112 5690 omnium
1148 5637 1444 5699 sententia,
1490 5636 1617 5690 huic
1662 5635 1852 5690 llilarii

279 5727 620 5788 testimonio,
659 5736 848 5796 utpote
876 5729 944 5784 ab
970 5727 1190 5784 Arianis
1223 5737 1470 5800 accepto,
1502 5730 1706 5784 nullam
1733 5745 1856 5786 esse

277 5817 438 5873 Iidem
474 5818 800 5876 habendam.

1570 378 1918 435 MARCELLI
1957 381 2283 438 ANCYRAN
2294 387 2331 438 Ι.

260 497 455 567 ψευδῆ.
487 495 622 552 Cum
652 503 832 550 autem
865 495 1155 552 Marcellus
1179 504 1234 552 et
1257 494 1515 564 discipuli
1541 500 1840 555 secundum
1871 508 1919 562 Α

933 3430 1123 3490 negata
1183 3437 1394 3473 rursum
1447 3423 1709 3488 pravitate
1757 3420 1862 3476 do?

3385 388 3520 449 1294

2287 502 2347 551 ll.
2377 500 2480 552 Nec
2499 501 2765 564 instigante
2789 504 2970 554 Basilio
2995 505 3044 554 id
3063 507 3180 569 egit.

2020 615 2138 671 Non
2189 617 2390 673 desunt
2435 619 2528 688 qui
2567 617 2883 674 Marcellum
2937 620 3158 690 quidem
3195 622 3249 675 in
3276 632 3522 694 tempore

1948 721 2044 775 per
2109 706 2372 762 Hilarium
2440 716 2732 772 annotato,
2803 709 3048 764 nondum
3107 712 3175 763 ab
3224 711 3521 766 Athanasio

1948 799 2266 853 damnatum
2303 802 2472 856 fuisse
2503 801 2823 856 existiment
2857 819 2872 868 ;
2917 803 3009 855 sed
3052 801 3250 856 deinde
3279 818 3521 858 commo-

1947 899 2108 945 vente
2143 890 2370 955 Basilio,
2411 893 2479 947 ab
2524 893 2824 948 Athanasio
2864 892 3180 947 Marcellum
3208 901 3262 947 et
3292 887 3521 946 Marcel-

1948 983 2129 1038 lianos
2170 998 2199 1036 a
2247 984 2634 1039 communione
2673 994 2912 1040 remotos
2962 984 3133 1041 fuisse
3163 985 3518 1038 arbitrentur.

1947 1073 2014 1128 Et
2043 1075 2159 1129 hac
2191 1068 2320 1130 item
2358 1083 2442 1131 est
2471 1074 2802 1132 Tillemontii
2831 1077 3037 1147 opinio.
3067 1075 3266 1131 Verum
3297 1076 3520 1147 ignora-

1947 1165 2080 1218 bant
2109 1165 2186 1218 illi
2216 1165 2536 1222 Marcellum
2566 1177 2619 1223 et
2652 1170 2892 1224 asseclas
2924 1167 3152 1240 Eugenii
3187 1177 3242 1223 et
3282 1169 3519 1224 aliorum

1947 1259 2298 1330 deputatione
2334 1261 2617 1317 Athanasii
2661 1261 2933 1332 judicium
2979 1261 3344 1330 praevertisse.
3384 1260 3519 1315 Cum

1947 1350 2093 1402 enim
2130 1350 2360 1405 instaret
2384 1350 2637 1413 Basilius,
2672 1362 2930 1422 urgerent
2965 1352 3054 1406 alii
3095 1353 3339 1423 episcopi
3368 1352 3523 1407 dam-

1947 1440 2298 1512 nandumque
2363 1441 2672 1496 Marcellum
2714 1444 3010 1499 Athanasio
3065 1446 3404 1510 dictitarent,
3461 1460 3523 1499 re

1947 1543 2247 1604 comperta,
2287 1533 2600 1599 Marcellus,
2653 1545 2712 1588 ut
2765 1551 2956 1590 eorum
2993 1545 3224 1592 conatus
3267 1546 3322 1592 et
3364 1537 3522 1590 maliv

1948 1626 2097 1679 mina
2164 1626 2564 1696 interpellaret,
2624 1635 2874 1682 oratores
2938 1630 3031 1698 qui
3093 1645 3315 1683 causam
3377 1630 3522 1700 apud

1947 1718 2308 1774 Athanasium
2361 1736 2516 1776 suam
2570 1732 2815 1792 agerent,
2866 1738 2929 1777 ac
2977 1724 3061 1778 sui
3107 1725 3523 1793 Ancyranaque

1951 1809 2210 1866 Ecclesia
2264 1813 2489 1868 nomine
2545 1812 2671 1870 ﬁdei
2727 1815 3128 1884 professionem
3179 1816 3519 1878 emitterent,

1947 1905 2230 1976 delegavit.
2266 1907 2514 1978 Cumque
2547 1909 2847 1978 legatorum
2882 1909 3114 1965 formula
3139 1923 3326 1964 sanam
3360 1923 3522 1987 pror-

1949 2014 2045 2053 sus
2075 2006 2129 2054 et
2173 2000 2537 2078 orthodoxam
2571 2001 2732 2057 fidem
2771 2001 3074 2073 praeferret,
3116 2003 3246 2056 huic
3281 2002 3524 2057 Athana-

1949 2094 2066 2149 sius
2105 2109 2230 2149 cum
2276 2097 2400 2152 aliis
2446 2097 2540 2168 qui
2589 2097 2814 2151 aderant
2852 2098 3128 2168 episcopis
3170 2097 3521 2167 astipulatus,

1947 2187 2163 2243 litteras
2186 2189 2668 2245 commendatitias
2695 2189 3014 2260 rogantibus
3044 2190 3340 2246 concessit.
3367 2188 3524 2256 Quod

1944 2280 2056 2350 jam
2097 2281 2369 2336 neminem
2405 2279 2621 2334 inficias
2650 2281 2854 2335 iturum
2894 2280 3150 2336 arbitror.

2574 2417 2803 2473 CAPUT
2842 2417 2928 2473 VI.

1947 2539 2012 2578 DE
2063 2539 2328 2579 MARCELLI
2381 2542 2450 2579 ET
2501 2541 2774 2580 ECCLESIJE
2832 2541 3118 2580 ANCYRANA“.
3172 2541 3240 2577 AD
3285 2539 3526 2578 ATHANA-

2053 2611 2178 2652 ειυιι
2220 2611 2547 2662 ιΕϐΑτιοΝε,
2581 2612 2724 2659 QUAM
2773 2612 2909 2651 NUNC
2954 2612 3156 2650 PRIMUM
3199 2611 3415 2650 Ευηιυε.

1947 2709 1988 2763 I.
2023 2709 2200 2778 Hujus
2234 2710 2510 2781 legationis
2550 2711 2821 2781 exemplar
2862 2708 2998 2781 unde
3032 2707 3270 2781 prodeat.
3308 2708 3369 2781 II.
3404 2708 3526 2781 Qua

2018 2779 2295 2835 occasione
2350 2792 2400 2834 et
2452 2798 2553 2850 quo
2591 2798 2733 2835 anno
2779 2780 2924 2849 facta
2975 2779 3166 2848 legatio
3210 2779 3391 2846 fuerit.
3436 2779 3522 2832 III.

2018 2851 2095 2904 De
2123 2851 2247 2920 ﬁdei
2271 2853 2594 2920 professione
2629 2851 2872 2905 Marcelli
2920 2852 3129 2901 nomine
3161 2851 3406 2903 recitata.
3433 2850 3525 2904 IV.

2019 2919 2628 2991 De'subscriptionibus
2670 2921 3044 2991 zEgyptiorum
3096 2919 3406 2987 prtesulum.
3460 2919 3523 2975 ν.

2020 2992 2126 3059 Qui
2156 2993 2318 3061 fuerit
2347 2993 2542 3063 negotii
2569 2994 2759 3046 exitus.

2133 3105 2170 3154 Ι.
2197 3105 2354 3167 Hujus
2379 3106 2642 3167 legationis
2667 3105 2922 3166 exemplar
2946 3103 3075 3152 unde
3099 3102 3319 3165 prodeat.

2021 3206 2231 3263 Prodiit
2277 3225 2341 3262 ex
2391 3209 2720 3263 bibliotheca
2761 3207 3096 3262 Scorialensi
3139 3206 3338 3277 legatio
3385 3204 3527 3258 Mar-

1953 3301 2078 3356 celli
2125 3308 2179 3355 et
2235 3300 2382 3355 Eccl.
2439 3300 2742 3371 Ancyrana
2801 3297 2870 3352 ad
2913 3299 3298 3354 Athanasium.
3352 3295 3528 3366 Hujus

1953 3402 2134 3447 autem
2174 3394 2450 3462 exemplar
2477 3391 2764 3446 Mediolani
2794 3393 2852 3446 in
2877 3391 3128 3449 biblioth.
3163 3389 3531 3444 Ambrosiana

1955 3484 2100 3540 inter
2149 3485 2369 3540 codices
2397 3483 2614 3540 Gracos
2652 3484 2856 3540 recenti
2911 3498 3078 3538 manu
3125 3482 3391 3552 scriptum
3432 3480 3524 3535 de-

1953 3577 2370 3647 prehendimus.
2402 3576 2606 3648 Estque
2649 3592 2876 3631 aureum
2910 3576 3013 3629 hoc
3045 3574 3371 3644 apusculum
3408 3587 3530 3626 om-

1953 3670 2116 3724 nibus
2166 3670 2281 3725 suis
2329 3671 2572 3726 numeris
2609 3678 2664 3726 et
2703 3670 2952 3741 partibus
2996 3667 3305 3722 absolutum
3343 3684 3356 3719 :
3395 3667 3532 3720 sub-

1953 3761 2284 3832 scriptiones
2333 3770 2515 3816 tamen
2548 3762 2927 3833 {Egyptiorum
2983 3760 3277 3831 prasulum
3325 3760 3379 3812 in
3419 3760 3529 3814 line

1955 3853 2235 3917 subnexa,
2285 3862 2574 3917 truncata,
2637 3862 2696 3907 ut
2736 3855 3005 3924 liquidum
3059 3861 3164 3916 est,
3209 3867 3272 3905 ac
3322 3851 3528 3904 mutila

1955 3953 2122 4010 sunt;
2175 3945 2249 3998 ita
2292 3954 2351 3999 ut
2393 3945 2569 4014 ipsius
2617 3945 2905 4000 Athanasii
2949 3961 3171 4010 nomen,
3207 3941 3354 4012 quod
3403 3943 3527 3995 aliis

1956 4036 2099 4089 haud
2125 4035 2292 4091 dubie
2321 4040 2665 4106 pramissum
2696 4044 2834 4100 erat,
2875 4036 3163 4093 exciderit.
3206 4033 3333 4089 Hac
3361 4050 3527 4105 porro

1956 4128 2420 4198 subscriptionum
2463 4145 2585 4184 sors
2615 4128 2735 4194 fuit,
2772 4137 2832 4183 ut
2865 4129 3279 4184 amanuensium
3314 4126 3527 4180 incuria

1955 4221 2199 4288 perirent
2246 4239 2260 4274 :
2311 4222 2440 4290 quia
2497 4223 2576 4275 illi
2624 4237 2775 4276 mera
2829 4221 3050 4276 nomina
3110 4220 3178 4276 ad
3232 4237 3345 4276 rem
3391 4221 3530 4276 nihil

1955 4313 2230 4381 pertinere
2277 4313 2690 4367 arbitrabantur
2748 4333 2760 4367 :
2802 4315 2930 4368 inde
2985 4319 3090 4376 est,
3142 4313 3288 4382 quod
3347 4313 3538 4367 Sardi-

1957 4419 2151 4459 censes
2228 4405 2663 4475 subscriptiones
2724 4406 2930 4459 mutila
3002 4405 3146 4467 sint,
3213 4404 3539 4475 pariterque

1958 4497 2344 4553 Alexandrina
2375 4499 2503 4552 anni
2535 4497 2661 4551 52L
2697 4499 2754 4552 In
2778 4497 3177 4552 contestatione
3212 4504 3397 4552 autem
3431 4513 3532 4567 po-

1961 4590 2073 4658 puli
2118 4589 2473 4644 Alexandrini
2517 4604 2659 4642 anno
2703 4587 2807 4642 556
2848 4588 3012 4653 facta,
3069 4587 3538 4657 subscriptiones,

1955 4696 2075 4749 qua
2151 4696 2349 4750 magno
2405 4695 2634 4735 numero
2689 4687 2881 4743 erant,
2940 4694 2971 4732 a
3023 4677 3263 4734 librariis
3313 4681 3532 4752 penitus

1954 4772 2170 4825 omissa
2215 4779 2362 4825 sunt.
2420 4771 2507 4824 Nil
2549 4786 2679 4840 ergo
2718 4771 2918 4825 mirum
2967 4770 3057 4824 hic
3098 4770 3532 4842 subscriptiones

1955 4879 2180 4918 maneas
2203 4872 2254 4919 et
2284 4866 2508 4918 mutilas
2541 4864 2747 4918 haberi.

2068 4977 2124 5028 II.
2155 4980 2256 5038 Qua
2281 4980 2535 5026 occasione
2557 4982 2726 5038 etquo
2747 4990 2874 5026 anno
2895 4976 3018 5026 facta
3043 4976 3228 5040 legatio
3251 4977 3416 5026 fuerit.

2027 5085 2160 5151 Qua
2204 5099 2393 5148 causa,
2439 5099 2628 5153 quave
2660 5085 2881 5138 occasio
2917 5083 3085 5152 hujus
3137 5083 3420 5138 mittenda
3454 5083 3528 5138 le-

1957 5178 2195 5250 gationis
2241 5175 2498 5230 Marcello
2551 5173 2736 5234 fuerit.
2788 5173 2932 5228 haud
2973 5173 3188 5228 dillicile
3235 5182 3319 5228 est
3355 5190 3530 5244 augu-

1958 5273 2089 5326 rari.
2136 5270 2274 5324 Cum
2325 5269 2469 5323 enim
2517 5283 2659 5322 anno
2713 5267 2933 5322 circiter
2961 5267 3057 5320 57l
3090 5265 3327 5321 Basilius
3353 5275 3406 5321 et
3439 5266 3531 5319 alii

1958 5361 2199 5431 episcopi
2260 5359 2402 5428 apud
2443 5359 2802 5411 Athanasium
2837 5357 2887 5409 id
2926 5357 3269 5422 molirentur,
3299 5364 3359 5410 ut
3389 5355 3526 5411 Mar-

1958 5455 2156 5509 cellum
2177 5461 2437 5521 tanquam
2463 5464 2615 5504 nova
2637 5449 2908 5503 hareseos
2927 5448 3146 5502 Arianis
3172 5463 3238 5502 ex
3262 5447 3541 5502 diametro

1958 5546 2223 5616 opposita
2291 5551 2607 5604 auctorem,
2678 5541 2747 5594 ab
2812 5539 3076 5594 Ecclesia
3144 5541 3540 5595 communione

1961 5639 2348 5693 submoverent
2406 5653 2417 5688 :
2461 5651 2566 5687 non
2610 5633 2836 5688 nescius
2893 5632 3183 5687 Marcellus
3222 5632 3275 5685 id
3324 5649 3419 5688 eos
3476 5633 3537 5688 in

1962 5729 2260 5799 perniciem
2306 5742 2461 5781 suam
2529 5727 2862 5788 machinari,
2906 5733 2967 5779 ut
3013 5725 3321 5795 proximum
3391 5727 3536 5795 peri-

1962 5837 2027 5876 cu
2058 5836 2146 5875 um
2200 5821 2538 5888 declinaret,
2610 5819 3092 5877 commendatitias
3147 5819 3537 5890 episcoporum
