3792 6150
351 386 492 443 1295

1580 375 1667 429 DE
1708 375 1867 431 VITA
1901 373 1985 428 ET
2027 373 2336 429 SCRIPTIS

3449 367 3585 424 12ῦὸ

350 501 571 556 Achaiae
629 505 684 553 et
736 495 1066 553 Macedonia
1141 495 1209 548 ad
1278 492 1639 548 Athanasium
1706 493 1919 547 litteras
1947 490 2089 555 Aiis
2133 491 2541 546 communionis
2602 489 2863 560 expetiit,
2916 496 2971 543 et
3020 486 3366 557 impetravit,
3430 488 3585 558 queis

350 589 667 661 efllagitavit
706 604 722 642 :
753 603 879 642 nam
916 602 1040 642 cum
1071 587 1158 641 his
1209 585 1445 640 maxime
1475 585 1777 640 Athanasio
1819 583 1923 638 do-

353 684 548 737 ctrinae
575 681 916 736 consortium
942 689 997 735 et
1025 679 1337 749 epistolaris
1386 677 1730 732 familiaritas
1754 679 1923 731 inter-

351 774 577 829 cedebat
617 793 632 829 :
666 773 775 827 Kal.
800 770 990 824 τούτου
1050 770 1146 824 τοῦ
1202 769 1489 840 δόγματος,
1544 769 1721 838 inquit
1774 768 1924 822 Basi-

351 867 461 922 lius
505 865 586 938 (2)
615 867 683 921 de
724 866 1043 927 Athanasio,
1075 863 1365 926 κοινωνούς
1399 880 1488 933 μοι
1522 862 1919 933 παρεχομένου,

350 958 477 1021 τούς
503 975 562 1011 τε
583 958 682 1029 τῆς
704 954 1064 1019 Μακεδονίας,
1090 956 1183 1008 καὶ
1215 955 1315 1024 τῆς
1349 954 1567 1024 Ἀχαΐας
1590 952 1920 1015 ἐπισκόπους

352 1050 621 1116 ἅπαντας.
684 1050 781 1107 His
840 1049 1146 1120 impetratis
1196 1049 1391 1103 litteris
1449 1046 1742 1103 Marcellus
1801 1055 1919 1099 tum

351 1159 475 1207 suo,
521 1153 633 1199 tum
681 1143 852 1199 totius
900 1142 1178 1213 Ancyrani
1217 1141 1353 1196 cleri
1400 1141 1642 1205 nomine,
1671 1146 1919 1194 oratores

350 1235 517 1290 mittit
562 1236 628 1290 ad
678 1235 1034 1289 Athanasium
1068 1252 1083 1301 ;
1138 1233 1443 1304 Eugenium
1479 1232 1690 1287 scilicet
1730 1232 1920 1286 diaco-

350 1342 503 1392 num,
533 1327 799 1397 aliosque,
827 1327 920 1397 qui
949 1327 1130 1382 oblata
1169 1326 1273 1381 sibi
1301 1326 1531 1379 crimina
1563 1324 1915 1395 depellerent,

347 1427 404 1473 et
459 1420 581 1475 ﬁdei
640 1420 1036 1490 professionem
1086 1434 1271 1473 coram
1310 1417 1612 1473 Athanasio
1653 1425 1706 1471 et
1749 1414 1918 1487 Egy—

347 1511 478 1580 ptiis
516 1511 841 1581 praesulibus
903 1513 1215 1567 recitarent.
1258 1509 1383 1566 Haec
1408 1525 1574 1582 porro
1617 1510 1815 1581 legatio
1859 1509 1915 1562 in

348 1615 551 1656 annum
600 1602 705 1657 572
758 1604 1044 1658 commode
1108 1602 1400 1667 referatur,
1452 1602 1611 1672 cujus
1669 1601 1914 1671 computi

347 1694 488 1750 ratio
528 1696 631 1750 hoc
681 1698 843 1751 modo
892 1698 1174 1751 statuitur.
1234 1695 1472 1752 Basilius
1514 1709 1659 1749 anno
1702 1694 1807 1747 570
1854 1693 1913 1747 in

345 1784 743 1842 Caesariensem
792 1789 1113 1859 episcopum
1167 1796 1457 1859 cooptatus
1494 1794 1580 1843 est
1623 1806 1635 1841 :
1673 1786 1765 1841 cui
1804 1785 1913 1840 fre-

345 1895 521 1950 quens
550 1895 675 1934 cum
700 1882 996 1938 Athanasio
1028 1883 1384 1952 epistolarum
1410 1897 1544 1938 usus
1575 1879 1701 1946 fuit,
1738 1880 1794 1933 in
1821 1893 1915 1934 ea.

343 1985 465 2025 rum
503 1987 627 2042 qua:
665 1982 959 2042 supersunt
996 1982 1271 2044 postrema
1306 1973 1373 2029 de
1412 1971 1725 2028 damnando
1768 1970 1912 2025 Mar-

342 2063 485 2118 cello
514 2065 714 2136 agitur,
761 2080 990 2135 eamque
1015 2081 1117 2121 nos
1145 2067 1202 2120 in
1245 2080 1447 2120 annum
1485 2065 1584 2119 571
1622 2062 1912 2119 conferen-

343 2155 468 2210 dam
492 2165 770 2226 putamus.
815 2156 988 2227 Hujus
1029 2167 1212 2213 autem
1259 2158 1551 2212 occasione
1595 2161 1911 2225 susceptam

342 2247 668 2319 legationem
703 2258 757 2305 et
797 2250 1086 2305 adventum
1135 2249 1363 2322 Eugenii
1405 2248 1795 2305 Alexandriam
1854 2246 1910 2300 in

343 2352 659 2413 sequentem
725 2358 930 2398 annum
990 2344 1341 2415 conjicimus,
1393 2344 1520 2415 quia
1586 2350 1667 2397 tot
1721 2339 1910 2397 missis

341 2435 487 2488 ultro
541 2435 793 2505 citroque
831 2434 1020 2489 Basilii
1078 2435 1147 2489 ad
1188 2435 1570 2499 Athanasium,
1622 2430 1908 2487 Athanasii

341 2524 410 2579 ad
449 2524 711 2583 Basilium
761 2528 981 2593 litteris,
1024 2528 1154 2581 anni
1193 2527 1297 2582 570
1332 2527 1515 2592 ﬁnem,
1546 2532 1600 2581 et
1626 2525 1907 2596 sequentis

341 2618 634 2672 maximam
686 2628 894 2689 partem
922 2621 1164 2690 elapsam
1206 2629 1483 2690 putamus.
1528 2618 1587 2673 ld
1622 2626 1804 2673 autem
1839 2632 1906 2672 ex

340 2711 655 2782 conjectura
692 2721 900 2767 tantum
926 2712 1183 2776 dicimus,
1220 2715 1344 2781 quia
1372 2713 1711 2782 exploratum
1754 2710 1905 2764 vide-

339 2808 432 2854 tur
477 2800 530 2856 id
574 2804 835 2859 extremis
874 2804 1158 2859 Athanasii
1201 2804 1327 2858 vita;
1361 2804 1541 2867 annis,
1582 2812 1637 2858 et
1671 2801 1907 2858 fortasse

340 2893 619 2948 mensibus
655 2902 837 2949 actum
866 2910 1007 2951 esse.
1040 2896 1292 2953 Attamen
1312 2898 1532 2953 nonnisi
1557 2896 1902 2966 augurando,

339 2982 646 3038 litterarum
691 2986 833 3040 ultro
882 2988 1129 3058 citroque
1167 2989 1458 3044 missarum
1516 2990 1691 3059 spatia
1747 2988 1904 3043 meti-

339 3089 482 3128 mur.
508 3073 730 3130 Certum
774 3077 1136 3133 nihilominus
1174 3078 1390 3134 vitletur
1416 3078 1485 3132 ab
1517 3093 1661 3133 anno
1692 3078 1792 3131 571
1835 3077 1899 3131 ad

1944 1843 1989 1903 B

2028 581 2273 635 munitos
2328 581 2533 652 legatos
2605 594 2735 635 suos
2790 577 2859 631 ad
2897 577 3259 632 Athanasium
3303 575 3474 631 misit.
3523 575 3580 630 ln

2022 671 2128 727 hac
2174 679 2354 727 autem
2413 671 2680 742 legatione
2724 670 2908 725 omnia
2960 668 3189 724 miriﬁce
3241 667 3514 737 quadrant
3565 688 3579 723 :

2028 777 2155 816 nam
2208 769 2406 831 praeter
2439 762 2562 817 illas
2600 777 2631 814 a
2664 758 2995 814 Macedoniae
3026 766 3080 813 et
3116 757 3339 811 Achaia:
3374 757 3585 827 episco-

2021 854 2127 923 pis,
2182 869 2290 923 quo
2341 862 2586 924 tempore
2629 853 2707 906 illi
2774 866 2899 905 cum
2958 850 3255 904 Athanasio
3303 848 3373 903 de
3420 849 3584 903 rebus

2023 940 2151 995 ﬁdei
2197 942 2508 1011 conjunctis
2554 941 2757 996 animis
2816 940 3148 1002 tractabant,
3193 940 3460 1010 expetitas
3496 939 3585 993 lit--

2021 1041 2216 1099 teras;
2268 1033 2322 1086 in
2383 1032 2507 1086 fidei
2556 1031 2901 1102 professione
2966 1031 3223 1102 legationi
3264 1033 3580 1102 subjuncta,

2021 1127 2217 1173 contra
2262 1120 2562 1175 Anommos
2608 1121 2865 1181 maxime,
2899 1121 3057 1190 quasi
3093 1130 3223 1176 tunc
3251 1123 3584 1176 tumultuan-

2021 1219 2107 1267 tes
2152 1214 2366 1282 agitcr,
2419 1213 2566 1282 quod
2610 1214 2852 1282 apprime
2897 1213 3075 1268 eidem
3121 1217 3353 1286 tempori
3383 1232 3580 1273 conveo

2018 1301 2172 1367 niat;
2228 1309 2284 1357 et
2342 1315 2465 1372 post
2520 1302 2644 1359 ﬁdei
2727 1302 3019 1358 formulam
3072 1322 3101 1359 a
3153 1307 3343 1378 legatis
3396 1294 3580 1363 coram

2016 1390 2318 1447 Athanasio
2389 1396 2715 1461 recitatam,
2794 1397 3274 1453 commendatitias
3345 1398 3450 1469 ipsi
3513 1402 3586 1453 ab

2014 1483 2319 1539 Athanasio
2355 1483 2568 1541 litteras
2604 1487 2906 1555 postulant,
2948 1503 3086 1558 quas
3127 1488 3466 1558 impetratas,
3496 1507 3585 1561 sy-

2015 1574 2160 1630 nodo
2197 1574 2619 1632 Diocaasariensi
2656 1579 3026 1647 protulerunt,
3056 1589 3115 1632 ut
3145 1578 3288 1632 infra
3324 1579 3581 1635 dicimus.

2121 1686 2209 1737 III.
2231 1688 2307 1738 De
2331 1689 2445 1738 ﬁdei
2465 1689 2770 1751 professione
2795 1690 3014 1740 Marcelli
3033 1691 3229 1740 nomine
3246 1693 3469 1742 recitata.

2086 1793 2441 1860 Athanasius,
2480 1802 2539 1849 ut
2563 1796 2657 1866 qui
2698 1796 2995 1850 multorum
3037 1804 3092 1851 et
3130 1794 3315 1852 Basilii
3350 1796 3586 1850 maxime

2017 1894 2243 1941 narratu
2279 1887 2574 1952 abductus,
2609 1897 2921 1958 suspectam
2947 1887 3188 1942 Marcelli
3222 1887 3382 1942 fidem
3414 1887 3585 1942 habe-

2016 1982 2131 2041 ret,
2192 1987 2442 2033 oratores
2485 1976 2552 2032 de
2594 1977 2846 2032 doctrina
2894 1986 3267 2048 percontatur.
3323 1976 3407 2031 llli
3464 1975 3584 2031 ﬁdei

2014 2066 2309 2122 formulam
2376 2069 2584 2134 edunt,
2659 2070 2947 2140 primoque
3018 2068 3251 2124 haeresin
3323 2071 3584 2123 Arianam

2011 2158 2276 2214 damnant
2313 2161 2658 2215 anathemate
2679 2201 2693 2223 ,
2727 2175 2791 2215 ac
2823 2161 2884 2213 τὸ
2919 2160 3200 2231 ὁμοούσιον
3236 2161 3583 2231 proﬁtentur.

2012 2247 2153 2305 Hinc
2205 2251 2312 2306 sibi
2354 2253 2653 2322 ascriptam
2692 2250 2813 2307 Filii
2858 2262 2908 2307 et
2953 2252 3118 2309 Verbi
3172 2253 3586 2309 distinctionem

2010 2341 2333 2412 repudiant,
2386 2342 2772 2413 afﬁrmantque
2812 2345 3178 2415 sycophantas
3218 2359 3363 2409 esse,
3400 2345 3497 2415 qui
3532 2360 3589 2398 se

2008 2449 2073 2489 ea
2099 2434 2167 2489 de
2196 2450 2254 2490 re
2287 2436 2343 2489 in
2383 2436 2592 2490 crimen
2635 2443 2900 2490 vocarent
2938 2455 2951 2490 :
2995 2434 3294 2491 Sabellium
3342 2436 3586 2505 proscri-

2009 2528 2169 2589 bunt,
2203 2537 2429 2598 tresque
2456 2530 2509 2583 in
2545 2528 2814 2586 Trinitate
2838 2530 3200 2586 subsistentes
3231 2528 3581 2584 conﬁtentur.

2008 2618 2083 2670 Οὐ
2107 2616 2236 2688 γὰρ,
2268 2617 2543 2687 inquiunt,
2576 2618 2942 2671 ἀνυπόστατον
2969 2618 3067 2689 τὴν
3087 2617 3293 2689 Τριάδα
3315 2617 3549 2687 λέγομεν
3569 2634 3585 2645 -

2006 2709 2119 2762 ἀλλ’
2150 2712 2209 2762 ὲν
2247 2710 2539 2764 ὑποστάσει
2582 2710 2751 2780 αὐτὴν
2806 2710 3178 2781 γινώσκομεν·
3210 2710 3284 2771 .id
3309 2720 3415 2773 est,
3462 2710 3584 2763 Non

2004 2800 2146 2853 enim
2172 2798 2491 2853 Trinitatem
2519 2801 2634 2855 sine
2666 2799 2967 2855 substantia
3002 2800 3109 2854 sive
3149 2800 3425 2872 hypastasi
3452 2799 3584 2853 dici-

2006 2910 2120 2948 mus
2162 2911 2274 2949 esse
2301 2939 2314 2962 ,
2351 2911 2527 2949 verum
2568 2894 2621 2948 in
2667 2895 2939 2966 [typostasi
2981 2895 3151 2963 ipsam
3194 2895 3580 2965 cognoscimus.

2005 2985 2108 3041 Ubi
2134 2987 2578 3043 animadvertere
2605 2994 2689 3042 est
2725 2986 3038 3041 Marcellum
3084 3001 3185 3057 pro
3229 2994 3453 3041 assueto
3481 2984 3583 3040 sibi

2003 3095 2158 3136 more
2179 3096 2344 3136 unam
2376 3087 2590 3135 tantum
2625 3080 2952 3151 hypostasin
2992 3080 3048 3134 in
3090 3078 3359 3134 Trinitate
3386 3077 3583 3134 admit-

337 3168 444 3222 575
479 3183 589 3238 quo
634 3169 968 3226 Athanasius
1008 3187 1039 3227 e
1072 3172 1208 3228 vivis
1259 3173 1518 3236 excessit,
1574 3172 1900 3242 legationem
1930 3187 1971 3243 ς
2006 3178 2143 3236 tere,
2202 3171 2333 3241 quia
2386 3170 2684 3223 ὑπόστασιν
2734 3184 2834 3239 pro
2888 3169 3199 3226 substantia
3261 3167 3583 3241 accipiebat.

335 3275 462 3317 esse
495 3261 712 3317 factam.

406 3350 478 3406 Ut
536 3361 716 3408 autem
777 3369 899 3408 cum
964 3354 1166 3424 negotii
1206 3354 1398 3419 series,
1442 3364 1558 3410 tum
1614 3355 1901 3425 legationis

333 3444 625 3518 γνησιότης
659 3449 899 3516 apertior
936 3448 1153 3511 evadat,
1186 3448 1451 3502 nonnulla
1485 3446 1575 3501 hic
1607 3448 1903 3503 observare

335 3550 517 3606 operm
589 3539 826 3606 pretium
895 3538 1081 3595 fuerit.
1153 3539 1423 3594 Nimirum
1491 3554 1600 3609 quo
1657 3547 1903 3610 tempore

335 3628 673 3687 Athanasius
724 3641 778 3688 et
808 3632 1067 3699 Basilius,
1103 3634 1288 3689 missis
1329 3635 1588 3704 utrinque
1629 3634 1900 3703 epistolis,

335 3720 404 3775 de
442 3722 605 3778 rebus
649 3723 1044 3780 ecclesiasticis
1097 3725 1352 3795 agebant,
1402 3725 1614 3780 scilicet
1647 3725 1716 3779 ab
1759 3739 1904 3779 anno

335 3809 441 3864 570
479 3810 548 3865 ad
582 3813 688 3867 575
734 3825 979 3868 mutuam
1033 3815 1162 3869 item
1216 3815 1518 3872 Athanasio
1558 3815 1729 3871 fuisse
1779 3830 1903 3870 cum

334 3893 582 3965 Epicteto
633 3897 881 3955 Corinthi
928 3910 982 3958 et
1040 3903 1163 3958 aliis
1209 3904 1426 3959 Achaiae
1467 3913 1521 3959 et
1572 3904 1906 3961 Macedonia:

331 3987 606 4059 episcopis
644 3990 946 4048 litterarum
998 3993 1067 4050 de
1114 3994 1278 4050 rebus
1318 3996 1476 4051 ﬁdem
1532 3998 1906 4067 spectantibus

336 4079 809 4143 consuetudinem,
857 4091 916 4137 ut
959 4085 1013 4140 in
1056 4086 1286 4155 epistola
1329 4087 1615 4143 Athanasii
1666 4090 1733 4143 ad
1779 4089 1905 4159 Epi-

337 4167 539 4225 ctetum
569 4170 820 4226 Corinthi
855 4189 998 4229 anno
1035 4177 1134 4230 571
1186 4179 1353 4234 missa
1392 4179 1580 4234 videre
1608 4188 1713 4245 est,
1749 4181 1897 4235 item.

336 4277 442 4331 que
478 4279 543 4317 ex
568 4264 734 4318 allato
761 4282 925 4336 supra
963 4266 1150 4323 Basilii
1180 4270 1301 4326 loco
1327 4274 1737 4341 comprobatur.
1767 4271 1902 4327 Cum

338 4370 468 4426 ergo
495 4358 620 4411 novi
667 4357 947 4427 quidpiam
991 4358 1060 4414 de
1109 4361 1382 4417 catholica
1416 4363 1518 4419 ﬁde
1553 4364 1609 4418 in
1644 4365 1906 4420 Ecclesiis

336 4447 553 4504 Achaia:
604 4460 658 4505 et
706 4449 1035 4506 Macedoniae
1083 4453 1404 4523 agitaretur,
1462 4472 1551 4510 res
1611 4458 1793 4512 statim
1839 4458 1905 4511 ad

2006 3260 2125 3326 Qua
2152 3259 2220 3315 de
2252 3275 2314 3315 re
2351 3266 2533 3314 actum
2569 3268 2653 3315 est
2687 3260 2742 3313 in
2789 3258 3000 3330 synodo
3018 3257 3398 3325 Alexandrina
3437 3271 3585 3311 anno

2005 3351 2132 3416 562,
2164 3351 2257 3406 ubi
2284 3351 2469 3405 allatis
2504 3350 2650 3405 ultro
2694 3351 2949 3420 citroque
2985 3348 3312 3416 rationibus,
3362 3357 3476 3402 tam
3518 3347 3588 3402 iis

2005 3446 2098 3513 qui
2136 3458 2302 3498 unam
2337 3451 2571 3511 tantum,
2611 3460 2642 3499 e
2671 3458 2905 3514 quorum
2943 3457 3170 3498 numero
3203 3440 3585 3505 Marcelliani;

2004 3552 2168 3607 quam
2200 3537 2267 3594 iis
2296 3538 2388 3608 qui
2418 3545 2531 3592 tres
2553 3538 2877 3608 hypostases
2912 3534 3331 3607 proﬁtebantur,
3363 3539 3424 3589 ut
3457 3548 3586 3588 suas

2006 3629 2109 3683 sibi
2142 3628 2408 3683 formulas
2437 3630 2739 3684 retinerent
2772 3611 3100 3683 concessum
3131 3636 3250 3692 est;
3278 3626 3410 3682 dum
3433 3626 3472 3680 ii
3491 3625 3585 3696 qui

2007 3736 2195 3785 unam,
2229 3722 2395 3776 trium
2447 3721 2900 3787 distinctionem;
2944 3721 2981 3777 ii
3013 3736 3144 3777 vero
3193 3719 3287 3791 qui
3338 3727 3455 3774 tres
3489 3719 3575 3789 hy-

2004 3818 2253 3879 postases
2319 3810 2601 3874 dit-ebant,
2664 3810 2927 3865 unitatem
2976 3808 3293 3864 substantia:
3365 3806 3584 3877 proﬁte-

2006 3912 2217 3957 rentur.
2257 3901 2370 3958 Sub
2416 3903 2531 3957 heec
2578 3911 2757 3958 autem
2801 3909 2993 3959 contra
3034 3904 3335 3957 Anommos
3381 3900 3585 3971 agitur.

2005 3997 2099 4067 qui
2138 3993 2335 4050 Filium
2370 3995 2520 4049 Patri
2568 3994 2910 4057 dissimilem,
2960 3992 3230 4062 Spiritum
3291 4006 3428 4047 vero
3457 4007 3583 4046 san-

2007 4093 2156 4140 ctum
2185 4094 2493 4141 creaturam
2521 4101 2644 4141 esse
2671 4085 2944 4140 dicebant.
2987 4083 3128 4139 ﬂinc
3164 4084 3492 4154 proceditur
3518 4082 3585 4135 ad

2007 4190 2203 4231 eorum
2246 4175 2642 4247 repudiandam
2688 4176 3033 4240 sententiam,
3076 4175 3169 4244 qui
3210 4173 3464 4228 dicerent
3494 4171 3583 4226 Fi-

2009 4267 2143 4320 lium
2193 4264 2290 4322 Dei
2337 4267 2393 4321 in
2438 4274 2686 4322 sanctum
2732 4266 3006 4321 hominem
3059 4281 3125 4320 ex
3176 4263 3349 4317 Maria
3398 4274 3583 4317 natum

2016 4355 2244 4424 perinde
2281 4364 2445 4425 atque
2476 4357 2529 4410 in
2561 4356 2797 4427 aliquem
2837 4372 2900 4411 ex
2937 4356 3214 4427 prophetis
3245 4354 3537 4410 advenisse
3569 4374 3582 4406 :

2011 4463 2173 4518 quam
2203 4447 2435 4501 hmresin
2467 4462 2496 4501 a
2535 4446 2706 4503 Paulo
2751 4447 3131 4512 Samosateno,
3172 4453 3234 4500 ut
3264 4447 3582 4517 putabatur.

334 4538 697 4597 Athanasium
721 4542 1087 4612 deferebatur,
1121 4553 1179 4600 ut
1212 4548 1350 4600 tanti
1393 4548 1633 4605 doctoris
1660 4551 1905 4606 auctori-
1937 4526 1981 4580 Ῑ)
2010 4549 2218 4607 ortam,
2262 4554 2452 4611 postea
2495 4541 2886 4613 redintegravit
2931 4540 3236 4603 Nestorius,
3269 4556 3380 4612 qua
3420 4540 3493 4594 de
3528 4554 3582 4592 re

338 4640 466 4696 tate,
490 4634 535 4688 si
564 4635 697 4704 quid
728 4638 853 4692 novi
885 4652 915 4691 a
939 4639 1252 4694 temerariis
1283 4639 1609 4707 hominibus,
1641 4643 1735 4713 qui
1767 4643 1907 4698 bene

335 4725 496 4779 multi
533 4726 625 4780 illa
674 4737 995 4799 tempestate
1030 4740 1210 4797 erant,
1256 4732 1405 4787 circa
1439 4733 1642 4790 Christi
1697 4735 1906 4791 doctri-

336 4829 462 4869 nam
500 4815 839 4886 proferretur
877 4821 931 4874 in
970 4821 1209 4878 medium
1243 4839 1259 4890 ;
1314 4823 1500 4878 statim
1535 4825 1616 4879 vel
1662 4828 1904 4896 compri-

336 4914 600 4969 meretur,
657 4908 736 4962 vel
786 4910 1184 4977 confutaretur,
1238 4930 1307 4969 ne
1360 4914 1639 4985 vulgatum
1698 4919 1903 4970 malum

335 4994 501 5051 latius
536 5007 799 5068 serperet.
831 4998 909 5057 Ne
951 5004 1140 5070 multa,
1179 5007 1323 5060 inter
1370 5007 1654 5078 episcopos
1682 5009 1905 5064 Achaia;

332 5092 387 5140 et
427 5086 789 5145 Athanasium
838 5094 976 5146 mira
1026 5103 1147 5150 erat
1204 5097 1470 5153 doctrinm
1520 5108 1574 5154 et
1621 5101 1903 5171 religionis

334 5180 716 5235 consonantia.
741 5180 878 5237 Cum
907 5200 1036 5256 ergo
1064 5187 1352 5246 Marcellus
1392 5208 1451 5246 se
1483 5206 1512 5245 a
1550 5190 1774 5258 Basilio,
1809 5196 1901 5263 qui

332 5270 464 5325 item
519 5289 715 5345 magna
770 5284 890 5330 erat
935 5278 1081 5348 apud
1138 5280 1498 5338 Athanasium
1551 5287 1898 5349 auctoritate,

333 5364 532 5419 acriter
582 5366 888 5438 impetitum
923 5380 1199 5436 cerneret,
1247 5388 1311 5428 ac
1358 5375 1657 5447 instigante
1693 5377 1899 5433 Basilio

334 5470 393 5510 se
426 5457 495 5510 ab
533 5457 833 5516 Athanasio
864 5461 1234 5518 damnandum
1271 5466 1385 5522 fore
1423 5471 1803 5538 prospiceret;
1842 5478 1902 5525 ut

335 5545 473 5597 tanti
521 5549 749 5617 periculi
792 5552 1014 5616 molem,
1048 5554 1430 5624 episcoporum
1458 5557 1675 5614 Achaia:
1704 5568 1758 5614 et
1792 5560 1903 5613 Ma-

2013 4632 2198 4702 gravia
2244 4632 2296 4684 in
2340 4630 2562 4687 Oriente
2602 4630 2829 4687 dissidia
2867 4632 3101 4686 excitata
3145 4639 3321 4685 sunt:
3363 4630 3581 4686 demum

2012 4722 2267 4777 damnata
2326 4722 2477 4776 Pauli
2527 4721 2864 4778 Samosateni
2912 4729 2967 4777 et
3016 4721 3236 4777 Photinl
3279 4722 3578 4792 impietate.

2011 4814 2286 4869 clauditur
2323 4814 2446 4871 ﬁdei
2481 4814 2734 4878 formula,
2763 4830 2872 4885 qua
2909 4815 3111 4869 nullam
3152 4822 3353 4884 quarto
3381 4815 3582 4869 saeculo

2012 4904 2427 4959 luculentiorem
2451 4945 2466 4969 ,
2502 4905 2735 4975 ﬁdeique
2771 4894 3069 4961 Catholica:
3097 4905 3579 4976 congruentiorem

2009 4997 2273 5066 reperias.

2145 5086 2222 5137 ιν.
2247 5088 2322 5138 De
2345 5088 2784 5150 subscriptionihus
2805 5088 3143 5152 .Egyptiorum
3166 5090 3454 5151 praescium.

2079 5189 2193 5245 Hae
2233 5190 2377 5246 edita
2413 5190 2793 5253 confessione,
2823 5200 3071 5247 oratores
3109 5190 3584 5245 commendatitias

2009 5282 2221 5337 litteras
2252 5282 2320 5335 ab
2349 5280 2651 5338 Athanasio
2673 5284 2953 5353 postulant
2980 5285 3404 5354 impetrantque.
3444 5284 3582 5337 Tum

2007 5375 2340 5430 Athanasius
2382 5376 2697 5445 eteterique,
2725 5376 2818 5445 qui
2857 5374 3149 5429 conventui
3191 5375 3610 5437 interfueram;

2011 5465 2135 5522 ﬁdei
2182 5466 2580 5536 professionem
2630 5466 2905 5536 suﬁragiis
2936 5475 2990 5522 et
3029 5466 3441 5537 subscriptione
3486 5482 3580 5522 sua

2010 5559 2285 5613 muniunt.
2324 5557 2416 5611 Hae
2443 5573 2608 5628 porro
2651 5559 3082 5628 subscriptiones
3128 5558 3338 5612 mutilte
3373 5557 3443 5612 ad
3483 5571 3579 5610 nos

334 5636 578 5689 cedoniae
631 5641 1127 5707 commendatione,
1183 5644 1512 5711 declinaret,
1562 5647 1777 5702 litteras
1835 5648 1904 5703 ab
2013 5650 2382 5717 devenerunt;
2425 5652 2500 5705 ita
2541 5659 2600 5706 ut
2629 5651 2915 5706 Athanasii
2950 5664 3173 5718 nomen,
3203 5651 3354 5722 quod
3380 5648 3577 5705 sull’ra-

392 5787 471 5855 (2)
502 5788 673 5857 Epist.
711 5794 795 5848 75.
838 5794 972 5850 Vide
1008 5796 1135 5850 item
1158 5799 1319 5866 epist.
1356 5801 1637 5856 Athanasii
1673 5803 1739 5857 ad
1770 5803 2075 5871 Epictetum
2108 5806 2375 5863 Corinthi.
