3792 6150
228 279 254 332 i
266 277 366 335 9.97

1473 285 1817 341 MARCELLI
1848 286 1982 342 ANC
1996 286 2201 341 YRANI

3335 292 3471 347 1298

224 396 335 466 giis
372 393 515 449 haud
540 394 704 450 duhie
724 399 1061 467 praemissum
1094 400 1298 464 fuerat,
1322 415 1432 457 non
1469 415 1800 474 compareat,
1832 412 1879 465 Α
1906 422 2009 460 non
2044 416 2218 461 tamen
2265 408 2478 465 licuisse
2526 412 2666 466 vobis
2709 412 2839 480 ipsis
2876 428 2984 466 rem
3035 412 3172 465 tanti
3223 422 3470 466 momenti

228 496 577 559 quatuorque
627 498 836 545 tantum
880 494 1173 562 praesulum
1233 494 1459 550 nomina
1498 499 1798 567 supersint.

229 579 449 635 Primus
496 587 583 636 est
622 579 938 638 Theoiiulus
988 585 1310 658 Oxyrinchi,
1347 589 1508 658 cujus
1548 590 1803 660 nuspiam

232 674 505 729 memoria
564 678 825 731 occurrit.
889 679 1037 734 Alter
1082 688 1199 745 est,
1257 680 1452 739 Pleues
1511 683 1805 753 episcopus

232 765 553 833 Hermothi,
600 768 715 825 sive
749 770 1049 838 Hcrmethi,
1092 774 1140 829 is
1176 775 1313 845 ipse,
1354 782 1413 829 ιιι
1446 776 1682 840 videtur,
1712 775 1805 846 qui

234 862 309 916 ab
348 860 660 919 Alexandro
704 864 1013 929 ordinatus,
1051 868 1120 922 ab
1146 868 1367 922 Arianis
1400 868 1456 922 in
1488 867 1807 924 Ammonia-

233 969 359 1009 cam
405 955 680 1025 relegatus
733 956 908 1012 fuerat
966 975 1110 1014 anno
1150 961 1275 1025 556,
1320 962 1525 1033 quique
1575 962 1689 1033 jam
1752 963 1806 1016 in

233 1046 562 1116 episcopatu
627 1060 1013 1107 consenuerat.
1082 1052 1299 1108 Tertius
1374 1063 1460 1109 est
1527 1053 1808 1126 lschyrion

235 1138 531 1207 episcopus
562 1136 794 1204 Leonto,
829 1142 945 1196 sive
966 1140 1317 1215 Leontopolis
1352 1164 1363 1198 :
1405 1144 1546 1200 idem
1576 1147 1810 1201 fortasse

237 1228 335 1297 qui
377 1228 431 1281 in
463 1230 676 1299 synodo
709 1230 872 1302 Tyria
919 1247 1142 1288 causam
1181 1234 1470 1290 Athanasii
1514 1252 1639 1290 cum
1687 1238 1810 1292 aliis

240 1314 516 1391 1E'gyptiis
552 1323 877 1391 praesulibus
907 1334 1128 1380 strenue
1156 1328 1345 1397 gessit.
1376 1328 1692 1384 Postremus
1728 1337 1811 1385 est

238 1410 396 1465 Isaac
436 1412 752 1483 episcopus.
793 1410 963 1477 Cujus
1002 1416 1242 1472 nominis
1281 1419 1502 1489 quidam
1544 1420 1813 1490 reperitur

240 1504 389 1558 inter
414 1501 696 1574 Egyptios
734 1509 1023 1576 episcopos
1065 1506 1124 1564 in
1163 1508 1659 1580 subseriptionibus
1684 1508 1813 1564 Sar—

240 1591 585 1648 dicensibus.
613 1594 720 1649 Alii
746 1594 1165 1652 interciderunt.

658 1748 715 1798 V.
742 1748 834 1808 Qui
855 1748 1000 1800 fuerit
1022 1754 1208 1816 negotii
1233 1754 1412 1807 exitus.

316 1888 436 1943 Jam
465 1905 595 1947 vero
627 1899 817 1958 restat,
849 1902 909 1949 ut
944 1896 1037 1966 qui
1068 1897 1205 1951 tanti
1249 1900 1455 1969 negotii
1492 1904 1671 1960 exitus
1698 1903 1816 1961 fue-

248 1985 316 2036 rit
354 1984 683 2053 aperiamus.
718 1987 1051 2044 Athanasius
1073 2005 1219 2045 anno
1249 1991 1354 2046 575
1374 1992 1664 2051 defunctus
1696 2008 1811 2052 est:

248 2075 542 2131 Marcellus
591 2093 721 2132 vero
770 2080 1017 2149 sequenti
1048 2081 1153 2145 574
1193 2089 1253 2136 ut
1285 2083 1489 2138 dictum
1541 2095 1644 2140 est.
1690 2086 1819 2142 Post

247 2164 370 2232 ejus
400 2164 631 2231 obitum,
682 2167 848 2236 paulo
894 2175 1187 2240 antequam
1217 2170 1285 2226 de
1329 2170 1580 2228 Marcello
1610 2177 1817 2231 scribe-

250 2265 333 2308 ret
363 2254 719 2326 Epiphanius,
758 2273 883 2313 nam
925 2275 1041 2315 rem
1105 2262 1196 2317 ille
1225 2263 1515 2319 admodum
1552 2282 1818 2336 nuperam

250 2365 376 2406 esse
424 2350 769 2416 testificatur,
797 2353 1020 2423 quidam
1051 2353 1325 2427 Aneyrani
1357 2373 1422 2413 ex
1454 2358 1691 2414 Marcelli
1737 2362 1821 2416 di-

251 2442 498 2511 scipulis,
550 2441 741 2498 Patres
789 2444 1141 2501 Diocaesareaa
1190 2463 1291 2518 pro
1350 2448 1453 2503 [ide
1512 2451 1821 2508 exsulantes

254 2534 544 2602 adierunt;
601 2535 858 2592 videlicet
912 2536 1209 2603 Photinus,
1272 2539 1627 2609 Eustathius,
1685 2545 1823 2599 alter

255 2628 555 2693 Photinus,
612 2627 877 2697 Sigerius,
931 2630 1272 2701 presbyteri;
1332 2631 1577 2703 Hyginus
1644 2635 1826 2691 diaco-

252 2736 393 2784 nus,
446 2720 760 2776 Heraclides
814 2720 1217 2788 subdiaconus,
1269 2724 1533 2795 Cyriacus
1590 2728 1824 2799 προστά-

254 2829 375 2882 της,
398 2813 452 2866 id
478 2820 580 2877 est,
615 2821 880 2884 patronus
910 2815 996 2870 vel
1017 2813 1292 2880 defensor,
1321 2818 1657 2889 prolatisque
1683 2834 1826 2872 com-

254 2903 593 2959 mendatitiis
641 2913 695 2959 et
735 2906 1241 2962 communicatoriis
1294 2907 1577 2962 Athanasii
1629 2909 1824 2964 litteris

255 3009 396 3064 quas
441 3010 471 3049 a
506 2995 700 3066 legatis
734 2996 1031 3065 postulatas
1065 2996 1492 3068 impetratasque
1524 3014 1688 3069 supra
1720 3015 1826 3055 me-

1902 500 2235 566 permittere;
2280 500 2372 555 sed
2415 505 2708 569 oportuisse
2736 520 2919 558 eorum
2952 505 3040 573 qui
3078 514 3185 557 tam
3228 504 3283 558 in
3323 502 3454 559 Occi

1905 587 2076 651 dente,
2125 606 2281 658 quam
2315 593 2369 645 in
2412 592 2625 647 Oriente
2655 605 2838 648 vestra:
2876 594 3256 648 cnnmunionis
3296 602 3470 648 erant.

1905 680 2138 736 calculos
2185 691 2238 738 st
2282 686 2596 738 sententiam
2644 687 2786 741 circa
2834 687 3214 742 restitutionem
3262 684 3468 739 illorum

1905 784 2226 842 exspectare.
2270 773 2394 831 Haec
2446 775 2724 844 Basilius;
2780 779 2865 833 vel
2915 778 3172 849 ignorans
3219 791 3304 838 ea,
3354 789 3470 845 qua;

1904 862 2249 919 Alexandriae
2297 862 2351 917 in
2399 865 2629 933 gratiam
2666 865 2904 921 Marcelli
2946 876 3000 922 et
3043 866 3373 921 asseclarum
3407 863 3471 917 ab

1906 955 2205 1010 Athanasio
2239 964 2390 1025 gesta
2432 954 2680 1022 fuerant;
2712 958 2818 1021 vel,
2854 966 2914 1012 ut
2941 973 3070 1013 vero
3099 957 3352 1019 similius,
3394 969 3453 1008 ra

1908 1057 1998 1102 tus
2033 1046 2346 1102 Marcellum
2398 1054 2450 1102 et
2506 1046 2886 1105 Marcellianos
2936 1049 2990 1103 in
3040 1048 3163 1103 ﬁdei
3204 1047 3473 1111 formulis,

1909 1154 2047 1209 quas
2096 1137 2396 1193 Athanasio
2448 1144 2502 1193 et
2560 1138 3079 1197 Dioczesaricnsibus
3130 1139 3491 1203 obtulerant,_

1910 1229 2140 1284 subdole
2167 1237 2221 1284 et
2253 1229 2628 1287 fraudulenter
2657 1233 2853 1303 egisse.
2899 1232 3013 1288 Etsi
3043 1246 3171 1286 vero
3209 1230 3470 1286 Diocles»

1909 1319 2173 1373 rieusium
2207 1318 2276 1372 ad
2304 1318 2565 1374 Basilium
2599 1336 2921 1390 responsum
2958 1336 3227 1392 nusquam
3259 1334 3466 1390 compa-

1910 1418 2063 1479 reat,
2111 1426 2234 1466 cum
2278 1412 2441 1467 rebus
2475 1413 2629 1483 ipsis,
2675 1423 2786 1468 tum
2822 1414 3282 1485 subsequentibus
3312 1412 3481 1482 gestis

1910 1506 2296 1572 suadentibus,
2351 1507 2695 1578 exploratum
2757 1508 2987 1571 videtur,
3030 1503 3477 1560 Dioeesarienses

1916 1597 2125 1653 Basilio
2149 1600 2459 1670 reposuisse
2491 1618 2504 1653 :
2533 1615 2644 1654 non
2680 1599 2900 1655 licuisse
2929 1599 3030 1655 sibi
3066 1597 3151 1660 iis,
3179 1594 3272 1665 qui
3291 1606 3478 1648 omnes

1917 1690 2174 1745 Marcello
2212 1690 2505 1745 attributes
2532 1704 2752 1744 errores
2808 1689 3243 1760 proscripserant
3265 1682 3473 1739 anathe

1916 1797 2167 1852 maleque
2189 1782 2537 1844 damnarant,
2571 1783 2777 1852 quique
2812 1780 3044 1852 symboli
3077 1778 3283 1833 Nieaeni
3321 1775 3479 1831 ﬁdem

1912 1874 2168 1945 professi,
2216 1877 2442 1944 insuper
2471 1888 2502 1927 a
2539 1887 2735 1943 magno
2769 1873 2861 1927 illo
2901 1870 3202 1925 Athanasio
3235 1868 3468 1937 aliisque

1916 1961 2187 2036 Aigyptiis
2220 1965 2490 2035 episcopis
2537 1966 2741 2035 redepti
2789 1963 3123 2031 admissique
3161 1960 3394 2023 fuerant.
3425 1965 3483 2012 ut

1914 2056 2156 2126 ejusdem
2191 2055 2474 2110 Athanasii
2498 2056 2691 2110 litterae
2728 2054 2885 2110 fidem
2924 2052 3215 2116 faciebant,
3243 2066 3483 2107 commu-

1916 2147 2135 2201 nionem
2192 2147 2622 2203 eeclesiasticam
2669 2146 2958 2216 denegare.
3009 2144 3105 2202 His
3145 2144 3385 2202 demum.
3424 2151 3485 2197 ut

1916 2237 2139 2294 credere
2189 2246 2293 2303 est,
2344 2238 2624 2309 mitigatus
2690 2237 2966 2303 Basilius,
3017 2238 3147 2293 licet
3193 2252 3369 2308 aegre,
3417 2235 3485 2289 ad

1918 2328 2295 2384 Marcellianos
2322 2329 2662 2399 recipiendos
2690 2331 2933 2384 animum
2964 2329 3192 2400 appulit,
3217 2343 3281 2383 ea
3304 2335 3487 2383 tamen

1918 2422 2172 2476 cautione
2194 2429 2332 2475 utne
2348 2421 2623 2476 videretur
2635 2436 2694 2477 se
2720 2421 2786 2476 ad
2802 2421 3180 2476 Marcellianos
3191 2419 3489 2475 accessisse

1920 2511 2016 2567 sed
2050 2510 2431 2567 Marcellianos
2456 2511 2510 2565 in
2540 2510 2842 2567 Ecclesiam
2874 2510 2968 2565 Dei
3011 2511 3265 2565 reductos
3297 2508 3484 2564 fuisse.

1922 2601 2047 2657 Haec
2073 2602 2275 2674 quippe
2310 2601 2505 2659 scribit
2536 2602 2721 2672 (epist.
2746 2604 2872 2669 5:21)
2907 2603 2973 2657 ad
3007 2602 3222 2656 Petrum
3255 2600 3489 2655 Alexan-

1922 2694 2141 2749 drinum
2171 2696 2460 2765 praesulem
2483 2713 2496 2750 :
2521 2694 2788 2759 Πολλάκις
2812 2691 2903 2750 οὖν
2929 2692 3174 2764 ὀχληθεὶς
3208 2691 3357 2763 παρὰ
3384 2692 3491 2745 τῶν

1923 2785 2197 2849 Γαλατῶν,
2247 2787 2501 2840 οὐδέποτε
2546 2787 2815 2858 ἠδυνήθην
2862 2787 3046 2848 αὐτοῖς
3098 2782 3491 2854 ἀποκρίνασθαι

1924 2878 2207 2947 ἀναμένων
2262 2879 2362 2942 τὰς
2417 2879 2689 2951 ὑμετέρας
2745 2878 3045 2950 ἐπικρίσεις
3100 2872 3489 2948 Ῐάποκρίσειςῖ.

1925 2967 2037 3020 Καὶ
2065 2965 2177 3029 νῦν,
2203 2966 2298 3020 ἐὰν
2329 2969 2357 3019 ὁ
2383 2968 2585 3038 Κύριος
2609 2968 2703 3038 δῷ,
2729 2969 2822 3020 καὶ
2850 2966 3144 3038 θελήσωσιν
3167 2963 3494 3037 ἀναθέσθαι

256 3089 543 3154 minimus,
588 3088 713 3143 ﬁdei
762 3088 1162 3144 confessionem
1212 3091 1379 3144 edunt
1415 3090 1513 3161 (ti,
1554 3094 1640 3146 eui
1677 3107 1822 3163 sym—

1928 3058 2103 3129 ήμῶν,
2140 3057 2432 3128 ἐλπίζομεν
2462 3058 2552 3111 τὸν
2579 3059 2706 3113 λαὸν
2737 3058 3026 3131 προσάξειν
3052 3061 3119 3130 τῇ
3162 3056 3457 3127 Ἐκκλησία
3476 3073 3490 3087 ο

256 3181 441 3235 bolum
481 3179 758 3234 Nicasnum
806 3180 1159 3235 subnectunt.
1197 3180 1291 3234 Est
1338 3188 1519 3235 autem
1551 3181 1825 3237 confessio

257 3285 369 3324 non
404 3270 669 3326 absimilis
722 3271 771 3325 ei
811 3286 974 3340 quam
1015 3270 1314 3326 Athanasio
1344 3271 1655 3325 obtulerant
1686 3290 1698 3324 :
1731 3288 1824 3326 ve-

258 3378 385 3416 rum
414 3363 470 3417 in
498 3363 601 3417 hac
627 3363 851 3430 diserte,
880 3364 1007 3435 τρία
1033 3363 1319 3435 πρόσωπα,
1363 3363 1479 3417 sive
1505 3370 1617 3417 tres
1648 3377 1828 3431 perso-

258 3470 362 3509 nas
409 3454 465 3508 in
518 3453 784 3509 Trinitate
825 3454 1173 3520 confitentur,
1215 3453 1355 3524 quod
1394 3468 1527 3509 sane
1581 3453 1827 3523 magistri

259 3544 347 3598 sui
389 3543 630 3598 Marcelli
677 3543 918 3613 opinioni
948 3544 1193 3611 apprime
1226 3548 1493 3596 consonat
1524 3559 1536 3594 :
1568 3555 1695 3593 nam
1739 3539 1829 3593 ille

260 3636 434 3691 Deum
482 3636 885 3707 τριπρόσωπον,
921 3634 1035 3689 sive
1069 3632 1479 3703 tripersonalem
1512 3646 1635 3687 esse
1674 3629 1826 3694 dicit,

260 3743 371 3799 qua
402 3728 469 3782 de
519 3743 577 3783 re
625 3736 913 3781 accusatus
962 3725 1031 3779 ab
1077 3724 1309 3779 Eusebio
1345 3723 1521 3779 fuerat
1557 3743 1569 3777 :
1612 3737 1829 3777 errores

260 3833 393 3873 vero
439 3817 800 3873 Marcellianis
834 3817 1101 3887 ascriptos
1135 3817 1482 3872 anathemate
1543 3816 1825 3871 damnant.

265 3909 362 3963 liis
386 3909 695 3979 conspectis
722 3907 1174 3962 Diocsesarienses
1204 3908 1566 3975 confessores,
1596 3908 1687 3978 qui
1719 3908 1832 3977 ple-

263 4003 420 4071 rique
454 4017 644 4058 omnes
672 4002 971 4056 Athanasio
1004 4000 1299 4056 familiares
1326 4000 1560 4064 fuerant,
1590 4002 1738 4070 ipsos
1762 4001 1831 4055 ad

262 4094 703 4148 communionem
752 4094 1043 4161 recipiunt.
1093 4093 1163 4147 At
1216 4092 1448 4149 Basilius
1484 4093 1667 4165 (epist.
1705 4091 1829 4163 295)

261 4186 543 4241 ardentior
584 4182 971 4240 ecciesiastica:
999 4184 1120 4238 fidei
1167 4166 1508 4240 vindicandae
1554 4182 1829 4254 cupidine,

262 4279 392 4347 quia
425 4277 592 4332 semel
619 4285 939 4346 conceptam
987 4275 1055 4329 de
1104 4274 1340 4329 Marcelli
1389 4276 1670 4346 impietate
1713 4275 1835 4344 opi-

264 4374 482 4425 nionem
523 4369 611 4425 vix
648 4370 868 4422 missam
915 4367 1095 4423 facere
1128 4375 1361 4439 poterat,
1395 4383 1518 4422 cum
1561 4366 1833 4421 Dioczesa-
1862 4409 1907 4463 Β

262 4463 542 4517 riensibus
600 4461 850 4530 patribus
895 4476 1005 4515 non
1058 4460 1248 4514 leviter
1303 4459 1632 4527 expostulat,
1684 4455 1828 4526 quod

263 4552 644 4607 Mareellianos
702 4552 771 4606 ad
826 4553 1265 4607 communionem
1326 4549 1651 4605 inconsultis
1714 4548 1834 4602 aliis

268 4644 544 4713 episcopis
574 4642 893 4697 admiserint
925 4661 936 4696 :
972 4642 1049 4697 ait
1080 4657 1207 4697 vero
1235 4662 1247 4696 :
1278 4641 1428 4704 Τέως
1484 4639 1540 4693 δὲ
1574 4640 1669 4693 νῦν
1700 4655 1834 4692 κατ-

265 4734 534 4800 αξιώσατε
586 4737 717 4805 ἡμῖν
759 4735 1076 4789 ἀποστεῖλαι
1109 4734 1207 4797 τὰς
1237 4732 1561 4802 προτάσεις,
1612 4731 1698 4799 ἐφ’
1748 4724 1837 4792 αἷς

266 4825 521 4891 ἐδέξασθε
561 4827 688 4887 τοὺς
737 4824 1093 4896 Μαρκέλλου·
1131 4827 1304 4877 ἐκεῖνο
1336 4824 1554 4887 εἰδότες,
1596 4824 1700 4887 ὅτι,
1733 4823 1837 4876 κᾶν

267 4917 409 4968 πάνυ
451 4915 514 4968 τὸ
545 4913 668 4967 καθ’
698 4914 925 4976 ἑαυτοὺς
968 4913 1359 4985 ἁσφαλίσησθε,
1399 4913 1581 4983 μόνοις
1624 4914 1837 4972 ἑαυτοῖς

267 5006 556 5077 ἐπιτρέψαι
587 5008 818 5077 πρᾶγμα
855 5005 1105 5059 τοσοῦτον
1137 5008 1238 5059 οὐκ
1267 5005 1534 5073 ὀφείλετε·
1572 5004 1705 5057 ἀλλὰ
1732 5004 1837 5074 χρὴ

268 5100 368 5151 καὶ
393 5099 521 5161 τοὺς
566 5099 624 5150 ἐν
658 5102 723 5168 τῇ
772 5097 941 5163 δύσει,
982 5098 1075 5151 καὶ.
1107 5099 1231 5160 τοὺς
1276 5097 1417 5152 κατὰ
1448 5096 1547 5166 τὴν
1578 5094 1839 5165 ἀνατολὴν

270 5190 623 5253 κοινωνικοὺς
676 5188 1000 5260 συμψήφους
1046 5189 1223 5243 αὐτῶν
1275 5192 1339 5260 τῇ
1399 5188 1838 5241 ἀποκαταστάσει

269 5282 555 5350 γενέσθαι·
614 5280 669 5335 id
717 5291 800 5337 est
832 5300 845 5335 :
882 5281 972 5335 Vel
1015 5298 1151 5335 nunc
1197 5282 1383 5335 saltent
1435 5280 1583 5335 nobis
1635 5281 1841 5333 mittere

269 5373 558 5443 dignemini
588 5373 821 5426 rationes
855 5382 909 5425 et
935 5389 1146 5436 causas,
1178 5372 1363 5443 quibus
1406 5370 1475 5425 ad
1520 5369 1838 5440 recipiendos

276 5464 520 5518 Marcelli
554 5465 788 5534 gregales
830 5462 1029 5517 inducti
1054 5465 1177 5518 estis
1210 5480 1228 5517 :
1261 5481 1363 5518 non
1411 5464 1593 5524 nescii,
1628 5462 1840 5515 etiamsi

275 5574 356 5612 res
395 5565 593 5612 vestras
642 5566 754 5610 tuto
790 5565 840 5610 et
877 5555 1203 5611 considerate
1244 5557 1490 5611 statuisse
1537 5553 1838 5620 videamini,

349 5692 426 5755 (ll
466 5690 732 5753 Eoiohan.
769 5706 821 5754 υ.
857 5688 978 5744 845.

1927 3150 2002 3213 ὼς
2023 3150 2094 3221 μὴ
2112 3151 2305 3214 αὐτοὺς
2333 3153 2479 3221 ἡμᾶς
2505 3150 2852 3216 ὀνειδίζεσθαι
2867 3150 3292 3223 Μαρκελλιανοῖς
3324 3166 3494 3221 προσ-

1928 3243 2321 3314 κεχωρηκέναι,
2355 3242 2469 3296 ἀλλ’
2514 3244 2754 3305 ἐκείνους
2789 3243 2923 3314 μέλη
2966 3242 3216 3310 γενέσθαι
3248 3241 3340 3296 τοῦ
3393 3240 3497 3295 σώ-

1932 3350 2099 3402 ματος
2132 3334 2233 3403 τῆς
2293 3333 2619 3403 Ἐκπλησίας
2648 3332 2742 3386 τοῦ
2774 3333 3010 3404 Χριστοῦ
3032 3350 3045 3363 ο
3093 3332 3234 3386 ὥστε
3270 3333 3361 3386 τὸν
3393 3349 3494 3385 πο-

1927 3426 2086 3497 νηρὸν
2121 3426 2286 3495 ψόγον
2325 3426 2417 3479 τὸν
2458 3425 2960 3480 κατασκεδασθέντα
3002 3428 3067 3480 ὲκ
3115 3427 3207 3497 τῆς
3238 3427 3498 3497 αἱρέσεως

1927 3517 2349 3586 ἐναῳνισοῆναι
2370 3519 2436 3587 τῇ
2468 3517 2710 3588 ἡμετέρᾳ
2736 3516 3055 3588 προσλήψει,
3102 3518 3195 3572 καὶ
3241 3518 3315 3590 μὴ
3347 3519 3497 3589 ἡμᾶς

1929 3611 2388 3681 καταισχυνθῖψαι
2414 3610 2489 3674 ὼς
2529 3611 2948 3682 προσθεμένους.
2978 3608 3169 3666 Graeca
3197 3609 3389 3665 aﬂ‘erre
3414 3610 3498 3665 vi-

1930 3718 2048 3758 sum
2076 3713 2178 3766 est,
2224 3703 2350 3773 quia
2396 3703 2624 3773 insignis
2673 3701 2760 3755 hic
2800 3702 2952 3756 locus
3000 3717 3031 3756 a
3065 3700 3280 3756 Micrazo
3325 3700 3497 3755 inter-

1929 3802 2082 3862 prete
2106 3801 2433 3863 praepostere
2455 3809 2645 3848 versus
2669 3791 2845 3848 fuerat
2874 3812 2887 3847 :
2926 3792 3008 3847 sic
3046 3807 3148 3848 nos
3178 3791 3494 3847 reddimus:

1933 3882 2138 3938 Calatis
2171 3884 2467 3954 frequenter
2502 3893 2551 3937 et
2590 3883 2801 3939 moleste
2832 3883 3160 3953 urgentibus,
3197 3882 3368 3937 adhuc
3394 3899 3497 3936 non

1929 3976 2076 4044 potui
2102 3975 2386 4047 quidquam
2430 3975 2756 4044 respondere,
2798 3974 2937 4047 quod
2980 3984 3204 4031 vestram
3237 3981 3500 4043 exspecta-

1932 4084 2040 4123 rem
2070 4070 2478 4138 responsionem.
2513 4066 2668 4121 Nunc
2694 4076 2887 4132 autem,
2920 4070 2968 4122 si
3003 4069 3192 4139 faverit
3219 4068 3498 4133 Dominus,

1933 4161 2181 4231 nobisque
2217 4162 2318 4227 ipsi
2353 4160 2596 4230 morigeri
2634 4175 2746 4214 esse
2780 4160 2958 4225 velint,
2987 4177 3256 4228 speramus
3285 4176 3377 4214 nos
3401 4174 3499 4228 po-

1931 4254 2114 4322 pulum
2146 4254 2200 4305 in
2238 4251 2529 4305 Ecclesiam
2574 4249 2882 4305 reducturos
2926 4267 3072 4315 esse;
3116 4260 3174 4304 ut
3208 4268 3271 4305 ne
3297 4251 3501 4320 possint

1934 4347 2070 4401 illud
2104 4349 2254 4402 nobis
2287 4345 2625 4416 exprobrare,
2658 4362 2750 4400 nos
2786 4345 2854 4398 ad
2889 4344 3357 4400 Marcellianorum
3384 4360 3503 4412 pcr-

1937 4447 2012 4491 tes
2046 4438 2361 4502 accessisse;
2381 4436 2469 4491 sed
2491 4453 2604 4491 vere
2624 4433 2835 4489 dicatur
2852 4435 2973 4489 illos
3001 4435 3234 4490 membra
3264 4436 3519 4503 corporis-

1934 4528 2183 4582 Ecclesia:
2196 4527 2395 4581 Christi
2410 4527 2577 4596 factos
2589 4543 2727 4589 esse;
2746 4527 2821 4580 ita
2834 4534 2891 4578 ut
2906 4530 3304 4596 circumquaque
3318 4541 3506 4594 sparsa

1935 4622 2188 4675 lia’reseos
2208 4621 2354 4673 illius
2373 4620 2615 4687 infamia,
2632 4635 2721 4687 per
2748 4634 2929 4671 eorum
2944 4616 3013 4671 ad
3031 4635 3123 4671 nos
3156 4619 3503 4673 accessionem

1936 4712 2405 4781 admissionemque
2423 4709 2485 4764 de
2505 4709 2670 4764 medio
2694 4711 2933 4773 tollatur,
2954 4726 3114 4779 neque
3132 4727 3225 4765 nos
3256 4720 3504 4782 tanquam

1938 4802 2005 4856 ad
2030 4812 2206 4873 partes
2234 4819 2412 4857 eorum
2442 4801 2762 4866 accedentes,
2795 4801 2993 4869 pudore
3019 4819 3081 4856 ac
3110 4802 3359 4857 dedecore
3390 4803 3505 4873 σθε-

1938 4895 2163 4947 ciamur.
2195 4891 2319 4947 HIBC
2336 4892 2599 4955 conditio,
2616 4892 2704 4946 hic
2736 4892 2929 4948 modus
2964 4908 2994 4946 a
3029 4892 3228 4947 Basilio
3254 4908 3355 4963 pro
3372 4891 3509 4946 Mar-

1939 4984 2187 5039 cellianis
2222 4982 2555 5054 recipiendis
2602 4982 2931 5053 propositus,
2980 4990 3034 5038 et
3068 4981 3228 5037 Petro
3273 4981 3510 5037 Alexan-

1938 5073 2099 5128 drino
2144 5073 2427 5128 Athanasii
2461 5073 2788 5139 successori,
2848 5082 2906 5127 ut
2962 5073 3255 5128 verisimile
3297 5081 3401 5137 est,
3456 5080 3511 5128 et

1941 5162 2325 5229 Marcellianis,
2366 5163 2458 5233 qui
2510 5178 2699 5231 pacem
2743 5171 2792 5217 et
2842 5163 3280 5217 communionem
3328 5172 3510 5217 tanto-

1940 5269 2071 5324 pere
2115 5252 2451 5322 ﬂagitabant,
2489 5260 2776 5321 pergratus
2812 5267 3013 5323 perque
3052 5252 3330 5322 jucundus
3389 5252 3507 5307 fuit.

1941 5344 2077 5399 Nam
2111 5346 2212 5399 sub
2234 5347 2348 5400 hsce
2380 5346 2527 5400 nulla
2549 5346 2616 5400 de
2645 5345 2898 5400 Marcello
2916 5346 2999 5399 vel
3030 5345 3254 5400 asseclis
3283 5346 3512 5415 quaestio

1943 5440 2202 5493 occurrit.
2237 5438 2393 5494 Hune
2430 5438 2701 5502 ordinem,
2735 5446 2789 5493 et
2819 5440 3026 5501 exitum
3059 5438 3394 5494 Marcelliani
3423 5446 3512 5494 tu-

1943 5533 2149 5588 multus
2179 5530 2349 5587 fuisse
2380 5545 2589 5586 mecum
2626 5544 2787 5600 spero
2818 5529 3135 5586 fatebuntur
3161 5530 3380 5586 eruditi.
