  <div class='ocr_page' id='page_1' title='image "/cluster/home/n/w/nwhite01/storage/ocr_20150623/18/nnc1.0046978550/679.png"; bbox 0 0 3792 6150; ppageno 0'>
   <div class='ocr_carea' id='block_1_1' title="bbox 303 267 440 324">
    <p class='ocr_par' dir='ltr' id='par_1_1' title="bbox 303 267 440 324">
     <span class='ocr_line' id='line_1_1' title="bbox 303 267 440 324; baseline -0.007 0"><span class='ocrx_word' id='word_1_1' title='bbox 303 267 440 324; x_wconf 70' lang='grc'><strong>1503</strong></span> 
     </span>
    </p>
   </div>
   <div class='ocr_carea' id='block_1_2' title="bbox 1510 199 2318 323">
    <p class='ocr_par' dir='ltr' id='par_1_2' title="bbox 1510 199 2318 323">
     <span class='ocr_line' id='line_1_2' title="bbox 1510 199 2318 323; baseline -0.016 -19"><span class='ocrx_word' id='word_1_2' title='bbox 1510 243 1870 323; x_wconf 70' lang='lat' dir='ltr'><strong>MARCELLI</strong></span> <span class='ocrx_word' id='word_1_3' title='bbox 1907 238 2260 299; x_wconf 68' lang='lat' dir='ltr'><strong>meram</strong></span> <span class='ocrx_word' id='word_1_4' title='bbox 2311 199 2318 209; x_wconf 40' lang='grc' dir='ltr'><strong>ί</strong></span> 
     </span>
    </p>
   </div>
   <div class='ocr_carea' id='block_1_3' title="bbox 3398 209 3536 266">
    <p class='ocr_par' dir='ltr' id='par_1_3' title="bbox 3398 209 3536 266">
     <span class='ocr_line' id='line_1_3' title="bbox 3398 209 3536 266; baseline 0.014 -2"><span class='ocrx_word' id='word_1_5' title='bbox 3398 209 3536 266; x_wconf 63' lang='grc' dir='ltr'><strong>ιτα</strong></span> 
     </span>
    </p>
   </div>
   <div class='ocr_carea' id='block_1_4' title="bbox 300 328 1896 450">
    <p class='ocr_par' dir='ltr' id='par_1_4' title="bbox 300 362 1896 450">
     <span class='ocr_line' id='line_1_4' title="bbox 300 362 1896 450; baseline -0.009 -17"><span class='ocrx_word' id='word_1_6' title='bbox 300 393 465 450; x_wconf 91' lang='lat' dir='ltr'><strong>porro</strong></span> <span class='ocrx_word' id='word_1_7' title='bbox 495 375 560 431; x_wconf 92' lang='lat' dir='ltr'><strong>de</strong></span> <span class='ocrx_word' id='word_1_8' title='bbox 592 374 750 430; x_wconf 91' lang='lat' dir='ltr'><strong>nobis</strong></span> <span class='ocrx_word' id='word_1_9' title='bbox 793 374 1087 446; x_wconf 81' lang='lat' dir='ltr'><strong>loquimur,</strong></span> <span class='ocrx_word' id='word_1_10' title='bbox 1128 370 1415 426; x_wconf 86' lang='lat' dir='ltr'><strong>universos</strong></span> <span class='ocrx_word' id='word_1_11' title='bbox 1459 367 1588 421; x_wconf 90' lang='lat' dir='ltr'><strong>item</strong></span> <span class='ocrx_word' id='word_1_12' title='bbox 1631 362 1896 436; x_wconf 53' lang='lat' dir='ltr'><strong>p0pulos.</strong></span> 
     </span>
    </p>
   </div>
   <div class='ocr_carea' id='block_1_5' title="bbox 2010 328 3537 450">
    <p class='ocr_par' dir='ltr' id='par_1_5' title="bbox 2010 328 3537 426">
     <span class='ocr_line' id='line_1_5' title="bbox 2010 328 3537 426; baseline -0.02 -16"><span class='ocrx_word' id='word_1_13' title='bbox 2010 373 2161 419; x_wconf 77' lang='grc' dir='ltr'>ιντας</span> <span class='ocrx_word' id='word_1_14' title='bbox 2198 355 2344 426; x_wconf 74' lang='grc' dir='ltr'>ἡμᾶς</span> <span class='ocrx_word' id='word_1_15' title='bbox 2389 351 2594 411; x_wconf 82' lang='grc' dir='ltr'>πάντας</span> <span class='ocrx_word' id='word_1_16' title='bbox 2625 344 2804 409; x_wconf 59' lang='grc' dir='ltr'>λαούς</span> <span class='ocrx_word' id='word_1_17' title='bbox 2842 341 2902 397; x_wconf 81' lang='grc' dir='ltr'><strong>ού</strong></span> <span class='ocrx_word' id='word_1_18' title='bbox 2942 339 3052 411; x_wconf 69' lang='grc' dir='ltr'><strong>γὰρ</strong></span> <span class='ocrx_word' id='word_1_19' title='bbox 3085 334 3276 404; x_wconf 82' lang='grc' dir='ltr'>ὀλίγοι,</span> <span class='ocrx_word' id='word_1_20' title='bbox 3307 328 3426 385; x_wconf 81' lang='grc' dir='ltr'>ἀλλ’</span> <span class='ocrx_word' id='word_1_21' title='bbox 3448 328 3537 382; x_wconf 81' lang='grc' dir='ltr'>ἀν-</span> 
     </span>
    </p>
   </div>
   <div class='ocr_carea' id='block_1_6' title="bbox 303 452 1872 540">
    <p class='ocr_par' dir='ltr' id='par_1_6' title="bbox 303 452 1872 540">
     <span class='ocr_line' id='line_1_6' title="bbox 303 452 1872 540; baseline -0.012 -16"><span class='ocrx_word' id='word_1_22' title='bbox 303 470 395 540; x_wconf 92' lang='lat' dir='ltr'><strong>qui</strong></span> <span class='ocrx_word' id='word_1_23' title='bbox 428 483 528 524; x_wconf 87' lang='lat' dir='ltr'><strong>nos</strong></span> <span class='ocrx_word' id='word_1_24' title='bbox 563 469 852 531; x_wconf 91' lang='lat' dir='ltr'><strong>miserunt,</strong></span> <span class='ocrx_word' id='word_1_25' title='bbox 894 467 987 537; x_wconf 88' lang='lat' dir='ltr'><strong>qui</strong></span> <span class='ocrx_word' id='word_1_26' title='bbox 1020 480 1129 520; x_wconf 90' lang='lat' dir='ltr'><strong>non</strong></span> <span class='ocrx_word' id='word_1_27' title='bbox 1160 461 1320 532; x_wconf 81' lang='lat' dir='ltr'><strong>pauci</strong></span> <span class='ocrx_word' id='word_1_28' title='bbox 1353 474 1506 520; x_wconf 86' lang='lat' dir='ltr'><strong>sane,</strong></span> <span class='ocrx_word' id='word_1_29' title='bbox 1540 456 1636 512; x_wconf 88' lang='lat' dir='ltr'><strong>sed</strong></span> <span class='ocrx_word' id='word_1_30' title='bbox 1669 452 1872 526; x_wconf 76' lang='lat' dir='ltr'><strong>ingenti</strong></span> 
     </span>
    </p>
   </div>
   <div class='ocr_carea' id='block_1_7' title="bbox 305 557 1624 621">
    <p class='ocr_par' dir='ltr' id='par_1_7' title="bbox 305 557 1624 621">
     <span class='ocr_line' id='line_1_7' title="bbox 305 557 1624 621; baseline -0.01 -7"><span class='ocrx_word' id='word_1_31' title='bbox 305 559 650 615; x_wconf 73' lang='lat' dir='ltr'><strong>multitudine</strong></span> <span class='ocrx_word' id='word_1_32' title='bbox 677 569 828 621; x_wconf 90' lang='lat' dir='ltr'><strong>sunt,</strong></span> <span class='ocrx_word' id='word_1_33' title='bbox 860 557 1145 612; x_wconf 85' lang='lat' dir='ltr'><strong>nobiscum</strong></span> <span class='ocrx_word' id='word_1_34' title='bbox 1177 564 1624 608; x_wconf 85' lang='lat' dir='ltr'><strong>annumeramus.</strong></span> 
     </span>
    </p>
   </div>
   <div class='ocr_carea' id='block_1_8' title="bbox 373 639 1875 720">
    <p class='ocr_par' dir='ltr' id='par_1_8' title="bbox 373 639 1875 720">
     <span class='ocr_line' id='line_1_8' title="bbox 373 639 1875 720; baseline -0.01 -15"><span class='ocrx_word' id='word_1_35' title='bbox 373 651 429 705; x_wconf 77' lang='lat'><strong>2.</strong></span> <span class='ocrx_word' id='word_1_36' title='bbox 471 649 583 704; x_wconf 85' lang='lat' dir='ltr'><strong>Nos</strong></span> <span class='ocrx_word' id='word_1_37' title='bbox 626 650 791 720; x_wconf 81' lang='lat' dir='ltr'><strong>igitur</strong></span> <span class='ocrx_word' id='word_1_38' title='bbox 838 649 891 702; x_wconf 91' lang='lat' dir='ltr'><strong>in</strong></span> <span class='ocrx_word' id='word_1_39' title='bbox 937 647 1129 716; x_wconf 85' lang='lat' dir='ltr'><strong>primis</strong></span> <span class='ocrx_word' id='word_1_40' title='bbox 1162 643 1514 698; x_wconf 81' lang='lat' dir='ltr'><strong>anathemate</strong></span> <span class='ocrx_word' id='word_1_41' title='bbox 1547 639 1875 693; x_wconf 85' lang='lat' dir='ltr'><strong>damnamus</strong></span> 
     </span>
    </p>
   </div>
   <div class='ocr_carea' id='block_1_9' title="bbox 306 731 1878 808">
    <p class='ocr_par' dir='ltr' id='par_1_9' title="bbox 306 731 1878 808">
     <span class='ocr_line' id='line_1_9' title="bbox 306 731 1878 808; baseline -0.011 -8"><span class='ocrx_word' id='word_1_42' title='bbox 306 745 562 800; x_wconf 79' lang='lat' dir='ltr'><strong>Arianam</strong></span> <span class='ocrx_word' id='word_1_43' title='bbox 591 743 874 808; x_wconf 72' lang='lat' dir='ltr'><strong>haeresim;</strong></span> <span class='ocrx_word' id='word_1_44' title='bbox 905 739 1310 807; x_wconf 86' lang='lat' dir='ltr'><strong>credimusque,</strong></span> <span class='ocrx_word' id='word_1_45' title='bbox 1347 731 1802 806; x_wconf 85' lang='lat' dir='ltr'><strong>quemadmodum</strong></span> <span class='ocrx_word' id='word_1_46' title='bbox 1823 737 1878 782; x_wconf 93' lang='lat' dir='ltr'><strong>et</strong></span> 
     </span>
    </p>
   </div>
   <div class='ocr_carea' id='block_1_10' title="bbox 307 824 1874 900">
    <p class='ocr_par' dir='ltr' id='par_1_10' title="bbox 307 824 1874 900">
     <span class='ocr_line' id='line_1_10' title="bbox 307 824 1874 900; baseline -0.012 -7"><span class='ocrx_word' id='word_1_47' title='bbox 307 837 497 893; x_wconf 82' lang='lat' dir='ltr'><strong>Patres</strong></span> <span class='ocrx_word' id='word_1_48' title='bbox 544 837 720 892; x_wconf 86' lang='lat' dir='ltr'><strong>nostri</strong></span> <span class='ocrx_word' id='word_1_49' title='bbox 774 836 830 889; x_wconf 90' lang='lat' dir='ltr'><strong>in</strong></span> <span class='ocrx_word' id='word_1_50' title='bbox 877 832 1092 887; x_wconf 72' lang='lat' dir='ltr'><strong>Nicazna</strong></span> <span class='ocrx_word' id='word_1_51' title='bbox 1151 828 1364 900; x_wconf 84' lang='lat' dir='ltr'><strong>synodo</strong></span> <span class='ocrx_word' id='word_1_52' title='bbox 1428 824 1667 880; x_wconf 79' lang='lat' dir='ltr'><strong>confessi</strong></span> <span class='ocrx_word' id='word_1_53' title='bbox 1723 827 1874 888; x_wconf 89' lang='lat' dir='ltr'><strong>sunt,</strong></span> 
     </span>
    </p>
   </div>
   <div class='ocr_carea' id='block_1_11' title="bbox 307 915 1881 987">
    <p class='ocr_par' dir='ltr' id='par_1_11' title="bbox 307 915 1881 987">
     <span class='ocr_line' id='line_1_11' title="bbox 307 915 1881 987; baseline -0.014 1"><span class='ocrx_word' id='word_1_54' title='bbox 307 949 374 987; x_wconf 77' lang='lat' dir='ltr'><strong>ex</strong></span> <span class='ocrx_word' id='word_1_55' title='bbox 405 929 711 987; x_wconf 83' lang='lat' dir='ltr'><strong>substantia</strong></span> <span class='ocrx_word' id='word_1_56' title='bbox 742 926 926 982; x_wconf 87' lang='lat' dir='ltr'><strong>Patris</strong></span> <span class='ocrx_word' id='word_1_57' title='bbox 959 940 1082 980; x_wconf 88' lang='lat' dir='ltr'><strong>esse</strong></span> <span class='ocrx_word' id='word_1_58' title='bbox 1114 923 1313 977; x_wconf 82' lang='lat' dir='ltr'><strong>Filium</strong></span> <span class='ocrx_word' id='word_1_59' title='bbox 1347 928 1402 975; x_wconf 91' lang='lat' dir='ltr'><strong>et</strong></span> <span class='ocrx_word' id='word_1_60' title='bbox 1429 915 1881 974; x_wconf 82' lang='lat' dir='ltr'><strong>consubstantia-</strong></span> 
     </span>
    </p>
   </div>
   <div class='ocr_carea' id='block_1_12' title="bbox 308 1019 1877 1091">
    <p class='ocr_par' dir='ltr' id='par_1_12' title="bbox 308 1019 1877 1091">
     <span class='ocr_line' id='line_1_12' title="bbox 308 1019 1877 1091; baseline -0.01 -15"><span class='ocrx_word' id='word_1_61' title='bbox 308 1025 413 1078; x_wconf 89' lang='lat' dir='ltr'><strong>lem</strong></span> <span class='ocrx_word' id='word_1_62' title='bbox 440 1021 612 1083; x_wconf 88' lang='lat' dir='ltr'><strong>Patri,</strong></span> <span class='ocrx_word' id='word_1_63' title='bbox 645 1021 930 1091; x_wconf 88' lang='lat' dir='ltr'><strong>ipsumque</strong></span> <span class='ocrx_word' id='word_1_64' title='bbox 958 1031 1132 1086; x_wconf 88' lang='lat' dir='ltr'><strong>neque</strong></span> <span class='ocrx_word' id='word_1_65' title='bbox 1161 1029 1276 1070; x_wconf 88' lang='lat' dir='ltr'><strong>rem</strong></span> <span class='ocrx_word' id='word_1_66' title='bbox 1297 1019 1535 1067; x_wconf 86' lang='lat' dir='ltr'><strong>creatam</strong></span> <span class='ocrx_word' id='word_1_67' title='bbox 1561 1024 1736 1078; x_wconf 91' lang='lat' dir='ltr'><strong>neque</strong></span> <span class='ocrx_word' id='word_1_68' title='bbox 1763 1023 1877 1062; x_wconf 91' lang='lat' dir='ltr'><strong>rem</strong></span> 
     </span>
    </p>
   </div>
   <div class='ocr_carea' id='block_1_13' title="bbox 311 1097 1881 1174">
    <p class='ocr_par' dir='ltr' id='par_1_13' title="bbox 311 1097 1881 1174">
     <span class='ocr_line' id='line_1_13' title="bbox 311 1097 1881 1174; baseline -0.011 -9"><span class='ocrx_word' id='word_1_69' title='bbox 311 1114 507 1166; x_wconf 79' lang='lat' dir='ltr'><strong>factam</strong></span> <span class='ocrx_word' id='word_1_70' title='bbox 536 1124 659 1165; x_wconf 85' lang='lat' dir='ltr'><strong>esse</strong></span> <span class='ocrx_word' id='word_1_71' title='bbox 686 1127 698 1162; x_wconf 88' lang='lat'><strong>:</strong></span> <span class='ocrx_word' id='word_1_72' title='bbox 733 1121 919 1162; x_wconf 89' lang='lat' dir='ltr'><strong>verum</strong></span> <span class='ocrx_word' id='word_1_73' title='bbox 943 1105 1125 1160; x_wconf 83' lang='lat' dir='ltr'><strong>omnia</strong></span> <span class='ocrx_word' id='word_1_74' title='bbox 1154 1101 1370 1174; x_wconf 80' lang='lat' dir='ltr'><strong>opiﬁcia</strong></span> <span class='ocrx_word' id='word_1_75' title='bbox 1403 1114 1499 1169; x_wconf 91' lang='lat' dir='ltr'><strong>per</strong></span> <span class='ocrx_word' id='word_1_76' title='bbox 1527 1099 1704 1169; x_wconf 91' lang='lat' dir='ltr'><strong>ipsum</strong></span> <span class='ocrx_word' id='word_1_77' title='bbox 1737 1097 1881 1150; x_wconf 80' lang='lat' dir='ltr'><strong>facta</strong></span> 
     </span>
    </p>
   </div>
   <div class='ocr_carea' id='block_1_14' title="bbox 312 1187 1880 1271">
    <p class='ocr_par' dir='ltr' id='par_1_14' title="bbox 312 1187 1880 1271">
     <span class='ocr_line' id='line_1_14' title="bbox 312 1187 1880 1271; baseline -0.011 -13"><span class='ocrx_word' id='word_1_78' title='bbox 312 1205 499 1259; x_wconf 78' lang='lat' dir='ltr'><strong>fuisse.</strong></span> <span class='ocrx_word' id='word_1_79' title='bbox 548 1201 734 1271; x_wconf 87' lang='lat' dir='ltr'><strong>Neque</strong></span> <span class='ocrx_word' id='word_1_80' title='bbox 780 1199 926 1254; x_wconf 89' lang='lat' dir='ltr'><strong>enim</strong></span> <span class='ocrx_word' id='word_1_81' title='bbox 965 1211 1256 1252; x_wconf 88' lang='lat' dir='ltr'><strong>censemus</strong></span> <span class='ocrx_word' id='word_1_82' title='bbox 1295 1194 1460 1247; x_wconf 91' lang='lat' dir='ltr'><strong>alium</strong></span> <span class='ocrx_word' id='word_1_83' title='bbox 1500 1207 1626 1248; x_wconf 90' lang='lat' dir='ltr'><strong>esse</strong></span> <span class='ocrx_word' id='word_1_84' title='bbox 1659 1187 1880 1252; x_wconf 85' lang='lat' dir='ltr'><strong>Filium,</strong></span> 
     </span>
    </p>
   </div>
   <div class='ocr_carea' id='block_1_15' title="bbox 312 1280 1883 1359">
    <p class='ocr_par' dir='ltr' id='par_1_15' title="bbox 312 1280 1883 1359">
     <span class='ocr_line' id='line_1_15' title="bbox 312 1280 1883 1359; baseline -0.01 -11"><span class='ocrx_word' id='word_1_85' title='bbox 312 1297 479 1350; x_wconf 86' lang='lat' dir='ltr'><strong>alium</strong></span> <span class='ocrx_word' id='word_1_86' title='bbox 505 1309 626 1350; x_wconf 90' lang='lat' dir='ltr'><strong>esse</strong></span> <span class='ocrx_word' id='word_1_87' title='bbox 650 1291 910 1357; x_wconf 83' lang='lat' dir='ltr'><strong>Verbum,</strong></span> <span class='ocrx_word' id='word_1_88' title='bbox 945 1297 1005 1345; x_wconf 95' lang='lat' dir='ltr'><strong>ut</strong></span> <span class='ocrx_word' id='word_1_89' title='bbox 1037 1285 1258 1359; x_wconf 85' lang='lat' dir='ltr'><strong>quidam</strong></span> <span class='ocrx_word' id='word_1_90' title='bbox 1293 1301 1396 1340; x_wconf 90' lang='lat' dir='ltr'><strong>nos</strong></span> <span class='ocrx_word' id='word_1_91' title='bbox 1425 1283 1633 1338; x_wconf 86' lang='lat' dir='ltr'><strong>sentire</strong></span> <span class='ocrx_word' id='word_1_92' title='bbox 1665 1280 1883 1336; x_wconf 90' lang='lat' dir='ltr'><strong>mentiti</strong></span> 
     </span>
    </p>
   </div>
   <div class='ocr_carea' id='block_1_16' title="bbox 313 1372 1881 1452">
    <p class='ocr_par' dir='ltr' id='par_1_16' title="bbox 313 1372 1881 1452">
     <span class='ocr_line' id='line_1_16' title="bbox 313 1372 1881 1452; baseline -0.011 -12"><span class='ocrx_word' id='word_1_93' title='bbox 313 1394 476 1449; x_wconf 88' lang='lat' dir='ltr'><strong>sunt;</strong></span> <span class='ocrx_word' id='word_1_94' title='bbox 512 1383 606 1439; x_wconf 88' lang='lat' dir='ltr'><strong>sed</strong></span> <span class='ocrx_word' id='word_1_95' title='bbox 642 1383 821 1452; x_wconf 90' lang='lat' dir='ltr'><strong>ipsum</strong></span> <span class='ocrx_word' id='word_1_96' title='bbox 863 1379 1102 1434; x_wconf 75' lang='lat' dir='ltr'><strong>Verbum</strong></span> <span class='ocrx_word' id='word_1_97' title='bbox 1135 1393 1256 1433; x_wconf 88' lang='lat' dir='ltr'><strong>esse</strong></span> <span class='ocrx_word' id='word_1_98' title='bbox 1289 1373 1507 1438; x_wconf 86' lang='lat' dir='ltr'><strong>Filium,</strong></span> <span class='ocrx_word' id='word_1_99' title='bbox 1534 1372 1881 1444; x_wconf 86' lang='lat' dir='ltr'><strong>sapientiam,</strong></span> 
     </span>
    </p>
   </div>
   <div class='ocr_carea' id='block_1_17' title="bbox 312 1464 1887 1542">
    <p class='ocr_par' dir='ltr' id='par_1_17' title="bbox 312 1464 1887 1542">
     <span class='ocr_line' id='line_1_17' title="bbox 312 1464 1887 1542; baseline -0.007 -15"><span class='ocrx_word' id='word_1_100' title='bbox 312 1479 569 1530; x_wconf 83' lang='lat' dir='ltr'><strong>virtutem</strong></span> <span class='ocrx_word' id='word_1_101' title='bbox 599 1473 800 1538; x_wconf 89' lang='lat' dir='ltr'><strong>Patris,</strong></span> <span class='ocrx_word' id='word_1_102' title='bbox 838 1473 894 1527; x_wconf 88' lang='lat' dir='ltr'><strong>in</strong></span> <span class='ocrx_word' id='word_1_103' title='bbox 934 1486 1041 1542; x_wconf 90' lang='lat' dir='ltr'><strong>qua</strong></span> <span class='ocrx_word' id='word_1_104' title='bbox 1074 1470 1277 1536; x_wconf 87' lang='lat' dir='ltr'><strong>omnia,</strong></span> <span class='ocrx_word' id='word_1_105' title='bbox 1308 1475 1368 1521; x_wconf 94' lang='lat' dir='ltr'><strong>ut</strong></span> <span class='ocrx_word' id='word_1_106' title='bbox 1399 1481 1501 1521; x_wconf 93' lang='lat' dir='ltr'><strong>nos</strong></span> <span class='ocrx_word' id='word_1_107' title='bbox 1525 1464 1713 1520; x_wconf 89' lang='lat' dir='ltr'><strong>docuit</strong></span> <span class='ocrx_word' id='word_1_108' title='bbox 1739 1465 1887 1533; x_wconf 83' lang='lat' dir='ltr'><strong>Apo-</strong></span> 
     </span>
    </p>
   </div>
   <div class='ocr_carea' id='block_1_18' title="bbox 315 1555 1884 1629">
    <p class='ocr_par' dir='ltr' id='par_1_18' title="bbox 315 1555 1884 1629">
     <span class='ocr_line' id='line_1_18' title="bbox 315 1555 1884 1629; baseline -0.01 -5"><span class='ocrx_word' id='word_1_109' title='bbox 315 1570 489 1624; x_wconf 86' lang='lat' dir='ltr'><strong>stolus</strong></span> <span class='ocrx_word' id='word_1_110' title='bbox 513 1570 529 1600; x_wconf 75' lang='grc'>⁸</span> <span class='ocrx_word' id='word_1_111' title='bbox 577 1583 704 1622; x_wconf 89' lang='lat' dir='ltr'><strong>cum</strong></span> <span class='ocrx_word' id='word_1_112' title='bbox 735 1565 997 1629; x_wconf 89' lang='lat' dir='ltr'><strong>visibilia,</strong></span> <span class='ocrx_word' id='word_1_113' title='bbox 1031 1572 1145 1626; x_wconf 87' lang='lat' dir='ltr'><strong>tum</strong></span> <span class='ocrx_word' id='word_1_114' title='bbox 1185 1558 1502 1624; x_wconf 88' lang='lat' dir='ltr'><strong>invisibilia,</strong></span> <span class='ocrx_word' id='word_1_115' title='bbox 1533 1557 1648 1613; x_wconf 82' lang='lat' dir='ltr'><strong>sive</strong></span> <span class='ocrx_word' id='word_1_116' title='bbox 1678 1555 1884 1620; x_wconf 90' lang='lat' dir='ltr'><strong>throni,</strong></span> 
     </span>
    </p>
   </div>
   <div class='ocr_carea' id='block_1_19' title="bbox 317 1650 1884 1725">
    <p class='ocr_par' dir='ltr' id='par_1_19' title="bbox 317 1650 1884 1725">
     <span class='ocr_line' id='line_1_19' title="bbox 317 1650 1884 1725; baseline -0.008 -10"><span class='ocrx_word' id='word_1_117' title='bbox 317 1662 431 1715; x_wconf 85' lang='lat' dir='ltr'><strong>sive</strong></span> <span class='ocrx_word' id='word_1_118' title='bbox 449 1657 876 1721; x_wconf 83' lang='lat' dir='ltr'><strong>dominationes,</strong></span> <span class='ocrx_word' id='word_1_119' title='bbox 894 1657 1010 1710; x_wconf 85' lang='lat' dir='ltr'><strong>sive</strong></span> <span class='ocrx_word' id='word_1_120' title='bbox 1027 1653 1386 1725; x_wconf 89' lang='lat' dir='ltr'><strong>principatus,</strong></span> <span class='ocrx_word' id='word_1_121' title='bbox 1409 1650 1526 1705; x_wconf 90' lang='lat' dir='ltr'><strong>sive</strong></span> <span class='ocrx_word' id='word_1_122' title='bbox 1552 1655 1884 1719; x_wconf 90' lang='lat' dir='ltr'><strong>potestates;</strong></span> 
     </span>
    </p>
   </div>
   <div class='ocr_carea' id='block_1_20' title="bbox 317 1723 1961 1820">
    <p class='ocr_par' dir='ltr' id='par_1_20' title="bbox 317 1723 1961 1820">
     <span class='ocr_line' id='line_1_20' title="bbox 317 1723 1961 1820; baseline -0.009 -13"><span class='ocrx_word' id='word_1_123' title='bbox 317 1755 501 1806; x_wconf 85' lang='lat' dir='ltr'><strong>omnia</strong></span> <span class='ocrx_word' id='word_1_124' title='bbox 541 1751 758 1805; x_wconf 87' lang='lat' dir='ltr'><strong>demum</strong></span> <span class='ocrx_word' id='word_1_125' title='bbox 793 1764 887 1820; x_wconf 88' lang='lat' dir='ltr'><strong>per</strong></span> <span class='ocrx_word' id='word_1_126' title='bbox 917 1723 1096 1819; x_wconf 77' lang='lat' dir='ltr'><strong>ipsum</strong></span> <span class='ocrx_word' id='word_1_127' title='bbox 1127 1753 1182 1801; x_wconf 88' lang='lat' dir='ltr'><strong>et</strong></span> <span class='ocrx_word' id='word_1_128' title='bbox 1210 1745 1264 1798; x_wconf 90' lang='lat' dir='ltr'><strong>in</strong></span> <span class='ocrx_word' id='word_1_129' title='bbox 1297 1736 1475 1814; x_wconf 79' lang='lat' dir='ltr'><strong>ipsum</strong></span> <span class='ocrx_word' id='word_1_130' title='bbox 1514 1749 1706 1796; x_wconf 86' lang='lat' dir='ltr'><strong>creata.</strong></span> <span class='ocrx_word' id='word_1_131' title='bbox 1737 1747 1886 1794; x_wconf 90' lang='lat' dir='ltr'><strong>sunt.</strong></span> <span class='ocrx_word' id='word_1_132' title='bbox 1920 1723 1961 1778; x_wconf 76' lang='grc' dir='ltr'><strong>Β</strong></span> 
     </span>
    </p>
   </div>
   <div class='ocr_carea' id='block_1_21' title="bbox 318 1833 1890 1914">
    <p class='ocr_par' dir='ltr' id='par_1_21' title="bbox 318 1833 1890 1914">
     <span class='ocr_line' id='line_1_21' title="bbox 318 1833 1890 1914; baseline -0.008 -18"><span class='ocrx_word' id='word_1_133' title='bbox 318 1846 454 1900; x_wconf 71' lang='lat' dir='ltr'><strong>(lum</strong></span> <span class='ocrx_word' id='word_1_134' title='bbox 488 1845 559 1900; x_wconf 86' lang='lat' dir='ltr'><strong>ita</strong></span> <span class='ocrx_word' id='word_1_135' title='bbox 595 1859 759 1914; x_wconf 88' lang='lat' dir='ltr'><strong>porro</strong></span> <span class='ocrx_word' id='word_1_136' title='bbox 794 1841 1115 1902; x_wconf 88' lang='lat' dir='ltr'><strong>sentiamus,</strong></span> <span class='ocrx_word' id='word_1_137' title='bbox 1151 1835 1501 1892; x_wconf 84' lang='lat' dir='ltr'><strong>anathemate</strong></span> <span class='ocrx_word' id='word_1_138' title='bbox 1535 1833 1760 1887; x_wconf 83' lang='lat' dir='ltr'><strong>ferimus</strong></span> <span class='ocrx_word' id='word_1_139' title='bbox 1790 1847 1890 1885; x_wconf 91' lang='lat' dir='ltr'><strong>no-</strong></span> 
     </span>
    </p>
   </div>
   <div class='ocr_carea' id='block_1_22' title="bbox 319 1925 1895 2004">
    <p class='ocr_par' dir='ltr' id='par_1_22' title="bbox 319 1925 1895 2004">
     <span class='ocr_line' id='line_1_22' title="bbox 319 1925 1895 2004; baseline -0.008 -14"><span class='ocrx_word' id='word_1_140' title='bbox 319 1937 567 1990; x_wconf 89' lang='lat' dir='ltr'><strong>minatim</strong></span> <span class='ocrx_word' id='word_1_141' title='bbox 591 1935 979 2004; x_wconf 88' lang='lat' dir='ltr'><strong>impiissimum</strong></span> <span class='ocrx_word' id='word_1_142' title='bbox 1004 1930 1327 1992; x_wconf 87' lang='lat' dir='ltr'><strong>Sabellium,</strong></span> <span class='ocrx_word' id='word_1_143' title='bbox 1358 1937 1412 1982; x_wconf 91' lang='lat' dir='ltr'><strong>ct</strong></span> <span class='ocrx_word' id='word_1_144' title='bbox 1437 1941 1562 1981; x_wconf 89' lang='lat' dir='ltr'><strong>cum</strong></span> <span class='ocrx_word' id='word_1_145' title='bbox 1593 1925 1713 1994; x_wconf 89' lang='lat' dir='ltr'><strong>ipso</strong></span> <span class='ocrx_word' id='word_1_146' title='bbox 1735 1931 1895 1994; x_wconf 89' lang='lat' dir='ltr'><strong>quot-</strong></span> 
     </span>
    </p>
   </div>
   <div class='ocr_carea' id='block_1_23' title="bbox 321 2014 1895 2097">
    <p class='ocr_par' dir='ltr' id='par_1_23' title="bbox 321 2014 1895 2097">
     <span class='ocr_line' id='line_1_23' title="bbox 321 2014 1895 2097; baseline -0.009 -17"><span class='ocrx_word' id='word_1_147' title='bbox 321 2034 456 2097; x_wconf 92' lang='lat' dir='ltr'><strong>quot</strong></span> <span class='ocrx_word' id='word_1_148' title='bbox 493 2025 613 2095; x_wconf 86' lang='lat' dir='ltr'><strong>ejus</strong></span> <span class='ocrx_word' id='word_1_149' title='bbox 641 2023 906 2078; x_wconf 75' lang='lat' dir='ltr'><strong>doctrina:</strong></span> <span class='ocrx_word' id='word_1_150' title='bbox 937 2020 1328 2090; x_wconf 82' lang='lat' dir='ltr'><strong>astipulantur,</strong></span> <span class='ocrx_word' id='word_1_151' title='bbox 1358 2025 1412 2072; x_wconf 90' lang='lat' dir='ltr'><strong>et</strong></span> <span class='ocrx_word' id='word_1_152' title='bbox 1451 2015 1663 2076; x_wconf 88' lang='lat' dir='ltr'><strong>dicunt,</strong></span> <span class='ocrx_word' id='word_1_153' title='bbox 1717 2014 1895 2083; x_wconf 90' lang='lat' dir='ltr'><strong>ipsum</strong></span> 
     </span>
    </p>
   </div>
   <div class='ocr_carea' id='block_1_24' title="bbox 322 2104 1896 2181">
    <p class='ocr_par' dir='ltr' id='par_1_24' title="bbox 322 2104 1896 2181">
     <span class='ocr_line' id='line_1_24' title="bbox 322 2104 1896 2181; baseline -0.006 -12"><span class='ocrx_word' id='word_1_154' title='bbox 322 2115 535 2171; x_wconf 82' lang='lat' dir='ltr'><strong>Patrem</strong></span> <span class='ocrx_word' id='word_1_155' title='bbox 563 2129 684 2170; x_wconf 90' lang='lat' dir='ltr'><strong>esse</strong></span> <span class='ocrx_word' id='word_1_156' title='bbox 713 2112 940 2180; x_wconf 88' lang='lat' dir='ltr'><strong>Filium;</strong></span> <span class='ocrx_word' id='word_1_157' title='bbox 977 2112 1264 2181; x_wconf 79' lang='lat' dir='ltr'><strong>ipsumque</strong></span> <span class='ocrx_word' id='word_1_158' title='bbox 1315 2107 1536 2179; x_wconf 89' lang='lat' dir='ltr'><strong>quando</strong></span> <span class='ocrx_word' id='word_1_159' title='bbox 1582 2104 1752 2161; x_wconf 85' lang='lat' dir='ltr'><strong>Filius</strong></span> <span class='ocrx_word' id='word_1_160' title='bbox 1783 2104 1896 2160; x_wconf 74' lang='lat' dir='ltr'><strong>elli-</strong></span> 
     </span>
    </p>
   </div>
   <div class='ocr_carea' id='block_1_25' title="bbox 323 2198 1900 2276">
    <p class='ocr_par' dir='ltr' id='par_1_25' title="bbox 323 2198 1900 2276">
     <span class='ocr_line' id='line_1_25' title="bbox 323 2198 1900 2276; baseline -0.007 -13"><span class='ocrx_word' id='word_1_161' title='bbox 323 2213 488 2276; x_wconf 88' lang='lat' dir='ltr'><strong>citur,</strong></span> <span class='ocrx_word' id='word_1_162' title='bbox 525 2224 632 2263; x_wconf 91' lang='lat' dir='ltr'><strong>non</strong></span> <span class='ocrx_word' id='word_1_163' title='bbox 667 2207 898 2261; x_wconf 87' lang='lat' dir='ltr'><strong>ulterius</strong></span> <span class='ocrx_word' id='word_1_164' title='bbox 927 2219 1051 2260; x_wconf 91' lang='lat' dir='ltr'><strong>esse</strong></span> <span class='ocrx_word' id='word_1_165' title='bbox 1089 2202 1342 2267; x_wconf 85' lang='lat' dir='ltr'><strong>Patrem;</strong></span> <span class='ocrx_word' id='word_1_166' title='bbox 1377 2211 1431 2256; x_wconf 89' lang='lat' dir='ltr'><strong>et</strong></span> <span class='ocrx_word' id='word_1_167' title='bbox 1459 2199 1680 2272; x_wconf 85' lang='lat' dir='ltr'><strong>quando</strong></span> <span class='ocrx_word' id='word_1_168' title='bbox 1721 2198 1900 2254; x_wconf 88' lang='lat' dir='ltr'><strong>ﬁtPa-</strong></span> 
     </span>
    </p>
   </div>
   <div class='ocr_carea' id='block_1_26' title="bbox 323 2291 1902 2365">
    <p class='ocr_par' dir='ltr' id='par_1_26' title="bbox 323 2291 1902 2365">
     <span class='ocr_line' id='line_1_26' title="bbox 323 2291 1902 2365; baseline -0.007 -10"><span class='ocrx_word' id='word_1_169' title='bbox 323 2310 428 2365; x_wconf 88' lang='lat' dir='ltr'><strong>ter,</strong></span> <span class='ocrx_word' id='word_1_170' title='bbox 462 2315 569 2355; x_wconf 90' lang='lat' dir='ltr'><strong>non</strong></span> <span class='ocrx_word' id='word_1_171' title='bbox 597 2315 720 2354; x_wconf 91' lang='lat' dir='ltr'><strong>esse</strong></span> <span class='ocrx_word' id='word_1_172' title='bbox 756 2307 886 2352; x_wconf 91' lang='lat' dir='ltr'><strong>tunc</strong></span> <span class='ocrx_word' id='word_1_173' title='bbox 917 2293 1134 2350; x_wconf 82' lang='lat' dir='ltr'><strong>Filium.</strong></span> <span class='ocrx_word' id='word_1_174' title='bbox 1180 2292 1294 2348; x_wconf 91' lang='lat' dir='ltr'><strong>Nos</strong></span> <span class='ocrx_word' id='word_1_175' title='bbox 1335 2294 1536 2364; x_wconf 85' lang='lat' dir='ltr'><strong>quippe</strong></span> <span class='ocrx_word' id='word_1_176' title='bbox 1579 2291 1902 2347; x_wconf 89' lang='lat' dir='ltr'><strong>conﬁtemur</strong></span> 
     </span>
    </p>
   </div>
   <div class='ocr_carea' id='block_1_27' title="bbox 323 2383 1904 2454">
    <p class='ocr_par' dir='ltr' id='par_1_27' title="bbox 323 2383 1904 2454">
     <span class='ocr_line' id='line_1_27' title="bbox 323 2383 1904 2454; baseline -0.008 -6"><span class='ocrx_word' id='word_1_177' title='bbox 323 2392 540 2448; x_wconf 88' lang='lat' dir='ltr'><strong>Patrem</strong></span> <span class='ocrx_word' id='word_1_178' title='bbox 570 2398 856 2454; x_wconf 61' lang='grc' dir='ltr'>σείει-ηοω,</span> <span class='ocrx_word' id='word_1_179' title='bbox 891 2388 1030 2442; x_wconf 88' lang='lat' dir='ltr'><strong>Filio</strong></span> <span class='ocrx_word' id='word_1_180' title='bbox 1065 2394 1273 2442; x_wconf 59' lang='lat' dir='ltr'><strong>aeterno</strong></span> <span class='ocrx_word' id='word_1_181' title='bbox 1310 2394 1564 2441; x_wconf 78' lang='lat' dir='ltr'><strong>exstante</strong></span> <span class='ocrx_word' id='word_1_182' title='bbox 1611 2399 1675 2439; x_wconf 91' lang='lat' dir='ltr'><strong>ac</strong></span> <span class='ocrx_word' id='word_1_183' title='bbox 1721 2383 1904 2440; x_wconf 87' lang='lat' dir='ltr'><strong>subsi-</strong></span> 
     </span>
    </p>
   </div>
   <div class='ocr_carea' id='block_1_28' title="bbox 329 2477 1905 2554">
    <p class='ocr_par' dir='ltr' id='par_1_28' title="bbox 329 2477 1905 2554">
     <span class='ocr_line' id='line_1_28' title="bbox 329 2477 1905 2554; baseline -0.007 -13"><span class='ocrx_word' id='word_1_184' title='bbox 329 2493 540 2550; x_wconf 89' lang='lat' dir='ltr'><strong>stente;</strong></span> <span class='ocrx_word' id='word_1_185' title='bbox 578 2483 841 2554; x_wconf 88' lang='lat' dir='ltr'><strong>Spiritum</strong></span> <span class='ocrx_word' id='word_1_186' title='bbox 889 2497 1109 2553; x_wconf 91' lang='lat' dir='ltr'><strong>quoque</strong></span> <span class='ocrx_word' id='word_1_187' title='bbox 1155 2487 1406 2536; x_wconf 89' lang='lat' dir='ltr'><strong>sanctum</strong></span> <span class='ocrx_word' id='word_1_188' title='bbox 1450 2477 1780 2547; x_wconf 83' lang='lat' dir='ltr'><strong>sempiterne</strong></span> <span class='ocrx_word' id='word_1_189' title='bbox 1809 2492 1905 2532; x_wconf 82' lang='lat' dir='ltr'><strong>ex-</strong></span> 
     </span>
    </p>
   </div>
   <div class='ocr_carea' id='block_1_29' title="bbox 328 2567 1904 2645">
    <p class='ocr_par' dir='ltr' id='par_1_29' title="bbox 328 2567 1904 2645">
     <span class='ocr_line' id='line_1_29' title="bbox 328 2567 1904 2645; baseline -0.008 -13"><span class='ocrx_word' id='word_1_190' title='bbox 328 2585 562 2632; x_wconf 90' lang='lat' dir='ltr'><strong>stantem</strong></span> <span class='ocrx_word' id='word_1_191' title='bbox 591 2584 753 2645; x_wconf 90' lang='lat' dir='ltr'><strong>atque</strong></span> <span class='ocrx_word' id='word_1_192' title='bbox 781 2573 1192 2629; x_wconf 89' lang='lat' dir='ltr'><strong>subsistentem.</strong></span> <span class='ocrx_word' id='word_1_193' title='bbox 1224 2569 1341 2625; x_wconf 89' lang='lat' dir='ltr'><strong>Non</strong></span> <span class='ocrx_word' id='word_1_194' title='bbox 1390 2569 1537 2624; x_wconf 90' lang='lat' dir='ltr'><strong>enim</strong></span> <span class='ocrx_word' id='word_1_195' title='bbox 1579 2567 1904 2622; x_wconf 88' lang='lat' dir='ltr'><strong>Trinitatem</strong></span> 
     </span>
    </p>
   </div>
   <div class='ocr_carea' id='block_1_30' title="bbox 329 2662 1908 2736">
    <p class='ocr_par' dir='ltr' id='par_1_30' title="bbox 329 2662 1908 2736">
     <span class='ocr_line' id='line_1_30' title="bbox 329 2662 1908 2736; baseline -0.006 -12"><span class='ocrx_word' id='word_1_196' title='bbox 329 2670 450 2724; x_wconf 85' lang='lat' dir='ltr'><strong>sine</strong></span> <span class='ocrx_word' id='word_1_197' title='bbox 464 2665 820 2724; x_wconf 87' lang='lat' dir='ltr'><strong>subsistentia</strong></span> <span class='ocrx_word' id='word_1_198' title='bbox 835 2665 950 2720; x_wconf 89' lang='lat' dir='ltr'><strong>sive</strong></span> <span class='ocrx_word' id='word_1_199' title='bbox 974 2664 1256 2736; x_wconf 78' lang='lat' dir='ltr'><strong>hypostasi</strong></span> <span class='ocrx_word' id='word_1_200' title='bbox 1285 2662 1521 2717; x_wconf 86' lang='lat' dir='ltr'><strong>dicimus</strong></span> <span class='ocrx_word' id='word_1_201' title='bbox 1536 2676 1658 2716; x_wconf 74' lang='lat' dir='ltr'><strong>esse</strong></span> <span class='ocrx_word' id='word_1_202' title='bbox 1677 2701 1692 2724; x_wconf 94' lang='lat'><strong>,</strong></span> <span class='ocrx_word' id='word_1_203' title='bbox 1716 2676 1908 2716; x_wconf 84' lang='lat' dir='ltr'><strong>verum</strong></span> 
     </span>
    </p>
   </div>
   <div class='ocr_carea' id='block_1_31' title="bbox 331 2753 1346 2828">
    <p class='ocr_par' dir='ltr' id='par_1_31' title="bbox 331 2753 1346 2828">
     <span class='ocr_line' id='line_1_31' title="bbox 331 2753 1346 2828; baseline -0.004 -16"><span class='ocrx_word' id='word_1_204' title='bbox 331 2761 384 2812; x_wconf 88' lang='lat' dir='ltr'><strong>in</strong></span> <span class='ocrx_word' id='word_1_205' title='bbox 421 2755 699 2828; x_wconf 88' lang='lat' dir='ltr'><strong>hypostasi</strong></span> <span class='ocrx_word' id='word_1_206' title='bbox 730 2755 905 2824; x_wconf 87' lang='lat' dir='ltr'><strong>ipsam</strong></span> <span class='ocrx_word' id='word_1_207' title='bbox 934 2753 1346 2824; x_wconf 79' lang='lat' dir='ltr'><strong>cognoscimus.</strong></span> 
     </span>
    </p>
   </div>
   <div class='ocr_carea' id='block_1_32' title="bbox 401 2835 1910 2911">
    <p class='ocr_par' dir='ltr' id='par_1_32' title="bbox 401 2835 1910 2911">
     <span class='ocr_line' id='line_1_32' title="bbox 401 2835 1910 2911; baseline -0.007 -8"><span class='ocrx_word' id='word_1_208' title='bbox 401 2849 454 2903; x_wconf 80' lang='grc'><strong>5.</strong></span> <span class='ocrx_word' id='word_1_209' title='bbox 497 2835 626 2911; x_wconf 88' lang='lat' dir='ltr'><strong>Sed,</strong></span> <span class='ocrx_word' id='word_1_210' title='bbox 651 2845 868 2901; x_wconf 90' lang='lat' dir='ltr'><strong>etiamsi</strong></span> <span class='ocrx_word' id='word_1_211' title='bbox 914 2844 1030 2898; x_wconf 61' lang='lat' dir='ltr'><strong>haec</strong></span> <span class='ocrx_word' id='word_1_212' title='bbox 1065 2843 1202 2899; x_wconf 85' lang='lat' dir='ltr'><strong>satis</strong></span> <span class='ocrx_word' id='word_1_213' title='bbox 1239 2842 1346 2899; x_wconf 86' lang='lat' dir='ltr'><strong>sint</strong></span> <span class='ocrx_word' id='word_1_214' title='bbox 1369 2841 1437 2896; x_wconf 87' lang='lat' dir='ltr'><strong>ad</strong></span> <span class='ocrx_word' id='word_1_215' title='bbox 1468 2848 1910 2896; x_wconf 78' lang='lat' dir='ltr'><strong>commonstran-</strong></span> 
     </span>
    </p>
   </div>
   <div class='ocr_carea' id='block_1_33' title="bbox 330 2932 1906 3005">
    <p class='ocr_par' dir='ltr' id='par_1_33' title="bbox 330 2932 1906 3005">
     <span class='ocr_line' id='line_1_33' title="bbox 330 2932 1906 3005; baseline -0.008 -9"><span class='ocrx_word' id='word_1_216' title='bbox 330 2941 460 2997; x_wconf 90' lang='lat' dir='ltr'><strong>dum</strong></span> <span class='ocrx_word' id='word_1_217' title='bbox 483 2939 670 2995; x_wconf 83' lang='lat' dir='ltr'><strong>eadem</strong></span> <span class='ocrx_word' id='word_1_218' title='bbox 707 2952 808 2992; x_wconf 94' lang='lat' dir='ltr'><strong>nos</strong></span> <span class='ocrx_word' id='word_1_219' title='bbox 839 2944 1004 3005; x_wconf 83' lang='lat' dir='ltr'><strong>atque</strong></span> <span class='ocrx_word' id='word_1_220' title='bbox 1030 2934 1217 2991; x_wconf 87' lang='lat' dir='ltr'><strong>Patres</strong></span> <span class='ocrx_word' id='word_1_221' title='bbox 1246 2935 1419 2990; x_wconf 86' lang='lat' dir='ltr'><strong>nostri</strong></span> <span class='ocrx_word' id='word_1_222' title='bbox 1447 2932 1716 2990; x_wconf 82' lang='lat' dir='ltr'><strong>sententia</strong></span> <span class='ocrx_word' id='word_1_223' title='bbox 1751 2948 1906 2995; x_wconf 89' lang='lat' dir='ltr'><strong>esse,</strong></span> 
     </span>
    </p>
   </div>
   <div class='ocr_carea' id='block_1_34' title="bbox 333 3025 1978 3106">
    <p class='ocr_par' dir='ltr' id='par_1_34' title="bbox 333 3025 1978 3106">
     <span class='ocr_line' id='line_1_34' title="bbox 333 3025 1978 3106; baseline -0.007 -19"><span class='ocrx_word' id='word_1_224' title='bbox 333 3041 574 3087; x_wconf 88' lang='lat' dir='ltr'><strong>attamen</strong></span> <span class='ocrx_word' id='word_1_225' title='bbox 597 3030 724 3101; x_wconf 90' lang='lat' dir='ltr'><strong>quia</strong></span> <span class='ocrx_word' id='word_1_226' title='bbox 753 3029 1003 3084; x_wconf 90' lang='lat' dir='ltr'><strong>nonnulli</strong></span> <span class='ocrx_word' id='word_1_227' title='bbox 1037 3036 1187 3091; x_wconf 86' lang='lat' dir='ltr'><strong>sunt,</strong></span> <span class='ocrx_word' id='word_1_228' title='bbox 1219 3029 1311 3098; x_wconf 92' lang='lat' dir='ltr'><strong>qui</strong></span> <span class='ocrx_word' id='word_1_229' title='bbox 1345 3042 1469 3083; x_wconf 92' lang='lat' dir='ltr'><strong>cum</strong></span> <span class='ocrx_word' id='word_1_230' title='bbox 1500 3025 1911 3082; x_wconf 90' lang='lat' dir='ltr'><strong>dissimulanter</strong></span> <span class='ocrx_word' id='word_1_231' title='bbox 1937 3067 1978 3106; x_wconf 59' lang='grc' dir='ltr'>η</span> 
     </span>
    </p>
   </div>
   <div class='ocr_carea' id='block_1_35' title="bbox 336 3100 1982 3198">
    <p class='ocr_par' dir='ltr' id='par_1_35' title="bbox 336 3100 1982 3198">
     <span class='ocr_line' id='line_1_35' title="bbox 336 3100 1982 3198; baseline -0.006 -19"><span class='ocrx_word' id='word_1_232' title='bbox 336 3126 694 3198; x_wconf 89' lang='lat' dir='ltr'><strong>proﬁteantur</strong></span> <span class='ocrx_word' id='word_1_233' title='bbox 726 3138 785 3179; x_wconf 91' lang='lat' dir='ltr'><strong>se</strong></span> <span class='ocrx_word' id='word_1_234' title='bbox 823 3121 1047 3176; x_wconf 90' lang='lat' dir='ltr'><strong>minime</strong></span> <span class='ocrx_word' id='word_1_235' title='bbox 1077 3137 1201 3177; x_wconf 93' lang='lat' dir='ltr'><strong>cum</strong></span> <span class='ocrx_word' id='word_1_236' title='bbox 1241 3121 1370 3174; x_wconf 84' lang='lat' dir='ltr'><strong>Ario</strong></span> <span class='ocrx_word' id='word_1_237' title='bbox 1401 3119 1626 3183; x_wconf 87' lang='lat' dir='ltr'><strong>sentire,</strong></span> <span class='ocrx_word' id='word_1_238' title='bbox 1660 3118 1800 3173; x_wconf 90' lang='lat' dir='ltr'><strong>idem</strong></span> <span class='ocrx_word' id='word_1_239' title='bbox 1830 3126 1908 3170; x_wconf 90' lang='lat' dir='ltr'><strong>ta-</strong></span> <span class='ocrx_word' id='word_1_240' title='bbox 1938 3100 1982 3124; x_wconf 58' lang='grc'>³</span> 
     </span>
    </p>
   </div>
   <div class='ocr_carea' id='block_1_36' title="bbox 335 3209 1910 3289">
    <p class='ocr_par' dir='ltr' id='par_1_36' title="bbox 335 3209 1910 3289">
     <span class='ocr_line' id='line_1_36' title="bbox 335 3209 1910 3289; baseline -0.008 -15"><span class='ocrx_word' id='word_1_241' title='bbox 335 3235 458 3274; x_wconf 88' lang='lat' dir='ltr'><strong>men</strong></span> <span class='ocrx_word' id='word_1_242' title='bbox 481 3219 624 3289; x_wconf 89' lang='lat' dir='ltr'><strong>quod</strong></span> <span class='ocrx_word' id='word_1_243' title='bbox 652 3217 742 3272; x_wconf 91' lang='lat' dir='ltr'><strong>ille</strong></span> <span class='ocrx_word' id='word_1_244' title='bbox 774 3216 1058 3282; x_wconf 89' lang='lat' dir='ltr'><strong>sentiunt;</strong></span> <span class='ocrx_word' id='word_1_245' title='bbox 1101 3222 1264 3284; x_wconf 90' lang='lat' dir='ltr'><strong>atque</strong></span> <span class='ocrx_word' id='word_1_246' title='bbox 1301 3213 1516 3277; x_wconf 91' lang='lat' dir='ltr'><strong>dicunt,</strong></span> <span class='ocrx_word' id='word_1_247' title='bbox 1550 3209 1747 3265; x_wconf 84' lang='lat' dir='ltr'><strong>Filium</strong></span> <span class='ocrx_word' id='word_1_248' title='bbox 1784 3209 1910 3279; x_wconf 89' lang='lat' dir='ltr'><strong>qui-</strong></span> 
     </span>
    </p>
   </div>
   <div class='ocr_carea' id='block_1_37' title="bbox 335 3304 1912 3375">
    <p class='ocr_par' dir='ltr' id='par_1_37' title="bbox 335 3304 1912 3375">
     <span class='ocr_line' id='line_1_37' title="bbox 335 3304 1912 3375; baseline -0.006 -11"><span class='ocrx_word' id='word_1_249' title='bbox 335 3309 458 3364; x_wconf 87' lang='lat' dir='ltr'><strong>dem</strong></span> <span class='ocrx_word' id='word_1_250' title='bbox 481 3307 799 3364; x_wconf 90' lang='lat' dir='ltr'><strong>dissimilem</strong></span> <span class='ocrx_word' id='word_1_251' title='bbox 826 3321 948 3361; x_wconf 89' lang='lat' dir='ltr'><strong>esse</strong></span> <span class='ocrx_word' id='word_1_252' title='bbox 969 3304 1144 3370; x_wconf 85' lang='lat' dir='ltr'><strong>Patri,</strong></span> <span class='ocrx_word' id='word_1_253' title='bbox 1167 3304 1430 3375; x_wconf 85' lang='lat' dir='ltr'><strong>Spiritum</strong></span> <span class='ocrx_word' id='word_1_254' title='bbox 1451 3312 1634 3359; x_wconf 81' lang='lat' dir='ltr'><strong>autem</strong></span> <span class='ocrx_word' id='word_1_255' title='bbox 1659 3312 1912 3357; x_wconf 89' lang='lat' dir='ltr'><strong>sanetum</strong></span> 
     </span>
    </p>
   </div>
   <div class='ocr_carea' id='block_1_38' title="bbox 337 3396 1912 3467">
    <p class='ocr_par' dir='ltr' id='par_1_38' title="bbox 337 3396 1912 3467">
     <span class='ocr_line' id='line_1_38' title="bbox 337 3396 1912 3467; baseline -0.008 -9"><span class='ocrx_word' id='word_1_256' title='bbox 337 3418 460 3458; x_wconf 89' lang='lat' dir='ltr'><strong>esse</strong></span> <span class='ocrx_word' id='word_1_257' title='bbox 497 3417 608 3456; x_wconf 90' lang='lat' dir='ltr'><strong>rem</strong></span> <span class='ocrx_word' id='word_1_258' title='bbox 643 3407 903 3465; x_wconf 89' lang='lat' dir='ltr'><strong>creatam,</strong></span> <span class='ocrx_word' id='word_1_259' title='bbox 937 3412 1212 3467; x_wconf 90' lang='lat' dir='ltr'><strong>unamque</strong></span> <span class='ocrx_word' id='word_1_260' title='bbox 1255 3412 1322 3452; x_wconf 83' lang='lat' dir='ltr'><strong>ex</strong></span> <span class='ocrx_word' id='word_1_261' title='bbox 1368 3397 1533 3452; x_wconf 89' lang='lat' dir='ltr'><strong>rebus</strong></span> <span class='ocrx_word' id='word_1_262' title='bbox 1563 3396 1756 3462; x_wconf 85' lang='lat' dir='ltr'><strong>factis;</strong></span> <span class='ocrx_word' id='word_1_263' title='bbox 1787 3407 1912 3448; x_wconf 91' lang='lat' dir='ltr'><strong>cum</strong></span> 
     </span>
    </p>
   </div>
   <div class='ocr_carea' id='block_1_39' title="bbox 335 3486 1917 3562">
    <p class='ocr_par' dir='ltr' id='par_1_39' title="bbox 335 3486 1917 3562">
     <span class='ocr_line' id='line_1_39' title="bbox 335 3486 1917 3562; baseline -0.006 -12"><span class='ocrx_word' id='word_1_264' title='bbox 335 3512 461 3558; x_wconf 89' lang='lat' dir='ltr'><strong>nos,</strong></span> <span class='ocrx_word' id='word_1_265' title='bbox 490 3504 603 3549; x_wconf 87' lang='lat' dir='ltr'><strong>tum</strong></span> <span class='ocrx_word' id='word_1_266' title='bbox 631 3492 792 3562; x_wconf 91' lang='lat' dir='ltr'><strong>ii.qui</strong></span> <span class='ocrx_word' id='word_1_267' title='bbox 829 3505 930 3546; x_wconf 92' lang='lat' dir='ltr'><strong>nos</strong></span> <span class='ocrx_word' id='word_1_268' title='bbox 962 3490 1070 3544; x_wconf 79' lang='lat' dir='ltr'><strong>huc</strong></span> <span class='ocrx_word' id='word_1_269' title='bbox 1093 3490 1437 3560; x_wconf 84' lang='lat' dir='ltr'><strong>delegarunt,</strong></span> <span class='ocrx_word' id='word_1_270' title='bbox 1466 3486 1777 3557; x_wconf 84' lang='lat' dir='ltr'><strong>hujusmodi</strong></span> <span class='ocrx_word' id='word_1_271' title='bbox 1806 3487 1917 3540; x_wconf 77' lang='lat' dir='ltr'><strong>ha:-</strong></span> 
     </span>
    </p>
   </div>
   <div class='ocr_carea' id='block_1_40' title="bbox 339 3577 1916 3652">
    <p class='ocr_par' dir='ltr' id='par_1_40' title="bbox 339 3577 1916 3652">
     <span class='ocr_line' id='line_1_40' title="bbox 339 3577 1916 3652; baseline -0.004 -12"><span class='ocrx_word' id='word_1_272' title='bbox 339 3602 491 3641; x_wconf 88' lang='lat' dir='ltr'><strong>reses</strong></span> <span class='ocrx_word' id='word_1_273' title='bbox 525 3585 871 3639; x_wconf 86' lang='lat' dir='ltr'><strong>anathemate</strong></span> <span class='ocrx_word' id='word_1_274' title='bbox 906 3582 1152 3639; x_wconf 78' lang='lat' dir='ltr'><strong>ferimus.</strong></span> <span class='ocrx_word' id='word_1_275' title='bbox 1193 3580 1381 3652; x_wconf 82' lang='lat' dir='ltr'><strong>Neque</strong></span> <span class='ocrx_word' id='word_1_276' title='bbox 1411 3580 1556 3635; x_wconf 89' lang='lat' dir='ltr'><strong>enim</strong></span> <span class='ocrx_word' id='word_1_277' title='bbox 1593 3577 1766 3635; x_wconf 87' lang='lat' dir='ltr'><strong>Filius</strong></span> <span class='ocrx_word' id='word_1_278' title='bbox 1797 3579 1916 3634; x_wconf 77' lang='lat' dir='ltr'><strong>dis~</strong></span> 
     </span>
    </p>
   </div>
   <div class='ocr_carea' id='block_1_41' title="bbox 341 3669 1915 3742">
    <p class='ocr_par' dir='ltr' id='par_1_41' title="bbox 341 3669 1915 3742">
     <span class='ocr_line' id='line_1_41' title="bbox 341 3669 1915 3742; baseline -0.005 -10"><span class='ocrx_word' id='word_1_279' title='bbox 341 3678 540 3732; x_wconf 86' lang='lat' dir='ltr'><strong>similis</strong></span> <span class='ocrx_word' id='word_1_280' title='bbox 564 3684 646 3731; x_wconf 90' lang='lat' dir='ltr'><strong>est</strong></span> <span class='ocrx_word' id='word_1_281' title='bbox 668 3675 838 3741; x_wconf 88' lang='lat' dir='ltr'><strong>Patri,</strong></span> <span class='ocrx_word' id='word_1_282' title='bbox 863 3675 957 3730; x_wconf 92' lang='lat' dir='ltr'><strong>sed</strong></span> <span class='ocrx_word' id='word_1_283' title='bbox 989 3671 1478 3729; x_wconf 89' lang='lat' dir='ltr'><strong>consubstantialis</strong></span> <span class='ocrx_word' id='word_1_284' title='bbox 1504 3671 1610 3742; x_wconf 89' lang='lat' dir='ltr'><strong>ipsi</strong></span> <span class='ocrx_word' id='word_1_285' title='bbox 1633 3669 1784 3724; x_wconf 87' lang='lat' dir='ltr'><strong>Patri</strong></span> <span class='ocrx_word' id='word_1_286' title='bbox 1809 3677 1915 3736; x_wconf 83' lang='lat' dir='ltr'><strong>est;</strong></span> 
     </span>
    </p>
   </div>
   <div class='ocr_carea' id='block_1_42' title="bbox 340 3765 1918 3838">
    <p class='ocr_par' dir='ltr' id='par_1_42' title="bbox 340 3765 1918 3838">
     <span class='ocr_line' id='line_1_42' title="bbox 340 3765 1918 3838; baseline -0.005 -16"><span class='ocrx_word' id='word_1_287' title='bbox 340 3783 519 3838; x_wconf 88' lang='lat' dir='ltr'><strong>neque</strong></span> <span class='ocrx_word' id='word_1_288' title='bbox 545 3765 783 3837; x_wconf 88' lang='lat' dir='ltr'><strong>Spiritus</strong></span> <span class='ocrx_word' id='word_1_289' title='bbox 813 3772 1038 3821; x_wconf 90' lang='lat' dir='ltr'><strong>sanctus</strong></span> <span class='ocrx_word' id='word_1_290' title='bbox 1069 3780 1154 3820; x_wconf 91' lang='lat' dir='ltr'><strong>res</strong></span> <span class='ocrx_word' id='word_1_291' title='bbox 1197 3771 1282 3819; x_wconf 90' lang='lat' dir='ltr'><strong>est</strong></span> <span class='ocrx_word' id='word_1_292' title='bbox 1322 3769 1528 3826; x_wconf 87' lang='lat' dir='ltr'><strong>creata,</strong></span> <span class='ocrx_word' id='word_1_293' title='bbox 1573 3773 1667 3815; x_wconf 92' lang='lat' dir='ltr'><strong>aut</strong></span> <span class='ocrx_word' id='word_1_294' title='bbox 1699 3775 1809 3814; x_wconf 92' lang='lat' dir='ltr'><strong>una</strong></span> <span class='ocrx_word' id='word_1_295' title='bbox 1850 3775 1918 3815; x_wconf 73' lang='lat' dir='ltr'><strong>ex</strong></span> 
     </span>
    </p>
   </div>
   <div class='ocr_carea' id='block_1_43' title="bbox 343 3853 1920 3922">
    <p class='ocr_par' dir='ltr' id='par_1_43' title="bbox 343 3853 1920 3922">
     <span class='ocr_line' id='line_1_43' title="bbox 343 3853 1920 3922; baseline -0.005 -7"><span class='ocrx_word' id='word_1_296' title='bbox 343 3860 507 3915; x_wconf 86' lang='lat' dir='ltr'><strong>rebus</strong></span> <span class='ocrx_word' id='word_1_297' title='bbox 540 3857 794 3922; x_wconf 87' lang='lat' dir='ltr'><strong>conditis,</strong></span> <span class='ocrx_word' id='word_1_298' title='bbox 852 3856 949 3912; x_wconf 83' lang='lat' dir='ltr'><strong>sed</strong></span> <span class='ocrx_word' id='word_1_299' title='bbox 993 3861 1197 3912; x_wconf 72' lang='lat' dir='ltr'><strong>sanctae</strong></span> <span class='ocrx_word' id='word_1_300' title='bbox 1239 3853 1530 3909; x_wconf 91' lang='lat' dir='ltr'><strong>Trinitatis</strong></span> <span class='ocrx_word' id='word_1_301' title='bbox 1561 3859 1646 3908; x_wconf 91' lang='lat' dir='ltr'><strong>est</strong></span> <span class='ocrx_word' id='word_1_302' title='bbox 1694 3873 1708 3908; x_wconf 90' lang='lat'><strong>:</strong></span> <span class='ocrx_word' id='word_1_303' title='bbox 1757 3863 1920 3922; x_wconf 90' lang='lat' dir='ltr'><strong>atque</strong></span> 
     </span>
    </p>
   </div>
   <div class='ocr_carea' id='block_1_44' title="bbox 345 3944 1922 4018">
    <p class='ocr_par' dir='ltr' id='par_1_44' title="bbox 345 3944 1922 4018">
     <span class='ocr_line' id='line_1_44' title="bbox 345 3944 1922 4018; baseline -0.004 -14"><span class='ocrx_word' id='word_1_304' title='bbox 345 3951 682 4006; x_wconf 87' lang='lat' dir='ltr'><strong>conﬁdenter</strong></span> <span class='ocrx_word' id='word_1_305' title='bbox 711 3946 1050 4018; x_wconf 89' lang='lat' dir='ltr'><strong>proﬁtemur,</strong></span> <span class='ocrx_word' id='word_1_306' title='bbox 1085 3946 1224 4001; x_wconf 92' lang='lat' dir='ltr'><strong>nihil</strong></span> <span class='ocrx_word' id='word_1_307' title='bbox 1258 3945 1478 4000; x_wconf 90' lang='lat' dir='ltr'><strong>aliunde</strong></span> <span class='ocrx_word' id='word_1_308' title='bbox 1512 3944 1798 4000; x_wconf 91' lang='lat' dir='ltr'><strong>inductum</strong></span> <span class='ocrx_word' id='word_1_309' title='bbox 1825 3952 1922 3998; x_wconf 90' lang='lat' dir='ltr'><strong>aut</strong></span> 
     </span>
    </p>
   </div>
   <div class='ocr_carea' id='block_1_45' title="bbox 346 4033 1922 4107">
    <p class='ocr_par' dir='ltr' id='par_1_45' title="bbox 346 4033 1922 4107">
     <span class='ocr_line' id='line_1_45' title="bbox 346 4033 1922 4107; baseline -0.003 -11"><span class='ocrx_word' id='word_1_310' title='bbox 346 4053 590 4097; x_wconf 88' lang='lat' dir='ltr'><strong>creatum</strong></span> <span class='ocrx_word' id='word_1_311' title='bbox 639 4043 694 4094; x_wconf 91' lang='lat' dir='ltr'><strong>in</strong></span> <span class='ocrx_word' id='word_1_312' title='bbox 737 4049 927 4096; x_wconf 90' lang='lat' dir='ltr'><strong>sancta</strong></span> <span class='ocrx_word' id='word_1_313' title='bbox 973 4037 1240 4093; x_wconf 84' lang='lat' dir='ltr'><strong>Trinitate</strong></span> <span class='ocrx_word' id='word_1_314' title='bbox 1291 4052 1433 4093; x_wconf 89' lang='lat' dir='ltr'><strong>esse.</strong></span> <span class='ocrx_word' id='word_1_315' title='bbox 1485 4034 1621 4090; x_wconf 92' lang='lat' dir='ltr'><strong>Nam</strong></span> <span class='ocrx_word' id='word_1_316' title='bbox 1681 4033 1922 4107; x_wconf 88' lang='lat' dir='ltr'><strong>Spiritus</strong></span> 
     </span>
    </p>
   </div>
   <div class='ocr_carea' id='block_1_46' title="bbox 349 4127 1922 4200">
    <p class='ocr_par' dir='ltr' id='par_1_46' title="bbox 349 4127 1922 4200">
     <span class='ocr_line' id='line_1_46' title="bbox 349 4127 1922 4200; baseline -0.006 -11"><span class='ocrx_word' id='word_1_317' title='bbox 349 4133 658 4189; x_wconf 87' lang='lat' dir='ltr'><strong>sanctitatis</strong></span> <span class='ocrx_word' id='word_1_318' title='bbox 709 4139 814 4195; x_wconf 89' lang='lat' dir='ltr'><strong>est,</strong></span> <span class='ocrx_word' id='word_1_319' title='bbox 871 4145 982 4185; x_wconf 88' lang='lat' dir='ltr'><strong>non</strong></span> <span class='ocrx_word' id='word_1_320' title='bbox 1044 4130 1140 4200; x_wconf 91' lang='lat' dir='ltr'><strong>qui</strong></span> <span class='ocrx_word' id='word_1_321' title='bbox 1200 4127 1596 4192; x_wconf 89' lang='lat' dir='ltr'><strong>sanctiﬁcetur,</strong></span> <span class='ocrx_word' id='word_1_322' title='bbox 1631 4143 1819 4183; x_wconf 86' lang='lat' dir='ltr'><strong>verum</strong></span> <span class='ocrx_word' id='word_1_323' title='bbox 1866 4128 1922 4182; x_wconf 89' lang='lat' dir='ltr'><strong>in</strong></span> 
     </span>
    </p>
   </div>
   <div class='ocr_carea' id='block_1_47' title="bbox 348 4219 1918 4297">
    <p class='ocr_par' dir='ltr' id='par_1_47' title="bbox 348 4219 1918 4297">
     <span class='ocr_line' id='line_1_47' title="bbox 348 4219 1918 4297; baseline -0.004 -15"><span class='ocrx_word' id='word_1_324' title='bbox 348 4242 460 4297; x_wconf 92' lang='lat' dir='ltr'><strong>quo</strong></span> <span class='ocrx_word' id='word_1_325' title='bbox 498 4239 688 4282; x_wconf 90' lang='lat' dir='ltr'><strong>omnes</strong></span> <span class='ocrx_word' id='word_1_326' title='bbox 723 4225 899 4280; x_wconf 88' lang='lat' dir='ltr'><strong>sancti</strong></span> <span class='ocrx_word' id='word_1_327' title='bbox 929 4222 1360 4278; x_wconf 86' lang='lat' dir='ltr'><strong>sanctiﬁcautur.</strong></span> <span class='ocrx_word' id='word_1_328' title='bbox 1391 4219 1661 4276; x_wconf 86' lang='lat' dir='ltr'><strong>Perfectio</strong></span> <span class='ocrx_word' id='word_1_329' title='bbox 1714 4221 1918 4292; x_wconf 91' lang='lat' dir='ltr'><strong>quippe</strong></span> 
     </span>
    </p>
   </div>
   <div class='ocr_carea' id='block_1_48' title="bbox 351 4310 1926 4384">
    <p class='ocr_par' dir='ltr' id='par_1_48' title="bbox 351 4310 1926 4384">
     <span class='ocr_line' id='line_1_48' title="bbox 351 4310 1926 4384; baseline -0.004 -10"><span class='ocrx_word' id='word_1_330' title='bbox 351 4329 538 4374; x_wconf 83' lang='lat' dir='ltr'><strong>nostra</strong></span> <span class='ocrx_word' id='word_1_331' title='bbox 584 4321 638 4372; x_wconf 92' lang='lat' dir='ltr'><strong>in</strong></span> <span class='ocrx_word' id='word_1_332' title='bbox 681 4315 842 4371; x_wconf 89' lang='lat' dir='ltr'><strong>Patre</strong></span> <span class='ocrx_word' id='word_1_333' title='bbox 878 4323 933 4371; x_wconf 85' lang='lat' dir='ltr'><strong>et</strong></span> <span class='ocrx_word' id='word_1_334' title='bbox 983 4311 1122 4368; x_wconf 82' lang='lat' dir='ltr'><strong>Filio</strong></span> <span class='ocrx_word' id='word_1_335' title='bbox 1165 4322 1221 4370; x_wconf 91' lang='lat' dir='ltr'><strong>et</strong></span> <span class='ocrx_word' id='word_1_336' title='bbox 1266 4310 1476 4384; x_wconf 91' lang='lat' dir='ltr'><strong>Spiritu</strong></span> <span class='ocrx_word' id='word_1_337' title='bbox 1524 4320 1717 4367; x_wconf 89' lang='lat' dir='ltr'><strong>sancto</strong></span> <span class='ocrx_word' id='word_1_338' title='bbox 1761 4312 1926 4368; x_wconf 90' lang='lat' dir='ltr'><strong>datur</strong></span> 
     </span>
    </p>
   </div>
   <div class='ocr_carea' id='block_1_49' title="bbox 1974 440 2698 518">
    <p class='ocr_par' dir='ltr' id='par_1_49' title="bbox 1974 440 2698 518">
     <span class='ocr_line' id='line_1_49' title="bbox 1974 440 2698 518; baseline -0.014 -19"><span class='ocrx_word' id='word_1_339' title='bbox 1974 447 2272 518; x_wconf 86' lang='grc' dir='ltr'>αρίθμητον</span> <span class='ocrx_word' id='word_1_340' title='bbox 2312 440 2513 513; x_wconf 80' lang='grc' dir='ltr'>πλῆθός</span> <span class='ocrx_word' id='word_1_341' title='bbox 2542 441 2698 492; x_wconf 79' lang='grc' dir='ltr'>εἰσιν.</span> 
     </span>
    </p>
   </div>
   <div class='ocr_carea' id='block_1_50' title="bbox 2045 617 3541 717">
    <p class='ocr_par' dir='ltr' id='par_1_50' title="bbox 2045 617 3541 717">
     <span class='ocr_line' id='line_1_50' title="bbox 2045 617 3541 717; baseline -0.021 -15"><span class='ocrx_word' id='word_1_342' title='bbox 2045 649 2098 702; x_wconf 73' lang='grc'><strong>2.</strong></span> <span class='ocrx_word' id='word_1_343' title='bbox 2153 648 2346 717; x_wconf 84' lang='grc' dir='ltr'><strong>Ἡμεῖς</strong></span> <span class='ocrx_word' id='word_1_344' title='bbox 2387 659 2564 697; x_wconf 86' lang='grc' dir='ltr'>τοινυν</span> <span class='ocrx_word' id='word_1_345' title='bbox 2607 634 3029 711; x_wconf 80' lang='grc' dir='ltr'><strong>προηγουμένως</strong></span> <span class='ocrx_word' id='word_1_346' title='bbox 3075 629 3172 700; x_wconf 81' lang='grc' dir='ltr'>μὲν</span> <span class='ocrx_word' id='word_1_347' title='bbox 3215 617 3541 717; x_wconf 71' lang='grc' dir='ltr'>ἀναθεματίῖ</span> 
     </span>
    </p>
   </div>
   <div class='ocr_carea' id='block_1_51' title="bbox 1977 710 3543 812">
    <p class='ocr_par' dir='ltr' id='par_1_51' title="bbox 1977 710 3543 812">
     <span class='ocr_line' id='line_1_51' title="bbox 1977 710 3543 812; baseline -0.022 -16"><span class='ocrx_word' id='word_1_348' title='bbox 1977 741 2142 812; x_wconf 76' lang='grc' dir='ltr'>ζομεν</span> <span class='ocrx_word' id='word_1_349' title='bbox 2178 710 2278 811; x_wconf 66' lang='grc' dir='ltr'><strong>την</strong></span> <span class='ocrx_word' id='word_1_350' title='bbox 2323 735 2601 806; x_wconf 81' lang='grc' dir='ltr'>Ἀρειανὴν</span> <span class='ocrx_word' id='word_1_351' title='bbox 2640 733 2867 806; x_wconf 74' lang='grc' dir='ltr'>αἵρεσιν·</span> <span class='ocrx_word' id='word_1_352' title='bbox 2901 721 3225 790; x_wconf 79' lang='grc' dir='ltr'>πιστεύομεν</span> <span class='ocrx_word' id='word_1_353' title='bbox 3263 716 3344 777; x_wconf 83' lang='grc' dir='ltr'><strong>δὲ,</strong></span> <span class='ocrx_word' id='word_1_354' title='bbox 3389 713 3466 774; x_wconf 84' lang='grc' dir='ltr'>ὡς</span> <span class='ocrx_word' id='word_1_355' title='bbox 3497 710 3543 762; x_wconf 82' lang='grc' dir='ltr'>οι</span> 
     </span>
    </p>
   </div>
   <div class='ocr_carea' id='block_1_52' title="bbox 1979 809 3547 904">
    <p class='ocr_par' dir='ltr' id='par_1_52' title="bbox 1979 809 3547 904">
     <span class='ocr_line' id='line_1_52' title="bbox 1979 809 3547 904; baseline -0.022 -16"><span class='ocrx_word' id='word_1_356' title='bbox 1979 809 2408 904; x_wconf 15' lang='grc' dir='ltr'>Πατέρεςῖὴμῶν</span> <span class='ocrx_word' id='word_1_357' title='bbox 2443 827 2796 899; x_wconf 79' lang='grc' dir='ltr'><strong>ὡμολόγησαν</strong></span> <span class='ocrx_word' id='word_1_358' title='bbox 2826 823 2883 874; x_wconf 81' lang='grc' dir='ltr'><strong>ὲν</strong></span> <span class='ocrx_word' id='word_1_359' title='bbox 2917 820 2981 888; x_wconf 82' lang='grc' dir='ltr'>τῇ</span> <span class='ocrx_word' id='word_1_360' title='bbox 3008 813 3148 869; x_wconf 86' lang='grc' dir='ltr'><strong>κατά</strong></span> <span class='ocrx_word' id='word_1_361' title='bbox 3183 809 3420 904; x_wconf 57' lang='grc' dir='ltr'>Νίκαιαν</span> <span class='ocrx_word' id='word_1_362' title='bbox 3456 819 3547 904; x_wconf 72' lang='grc' dir='ltr'>γε·</span> 
     </span>
    </p>
   </div>
   <div class='ocr_carea' id='block_1_53' title="bbox 1978 893 3548 996">
    <p class='ocr_par' dir='ltr' id='par_1_53' title="bbox 1978 893 3548 996">
     <span class='ocr_line' id='line_1_53' title="bbox 1978 893 3548 996; baseline -0.022 -17"><span class='ocrx_word' id='word_1_363' title='bbox 1978 893 2179 996; x_wconf 78' lang='grc' dir='ltr'>νομένῃ</span> <span class='ocrx_word' id='word_1_364' title='bbox 2477 893 2542 972; x_wconf 66' lang='grc' dir='ltr'><strong>εκ</strong></span> <span class='ocrx_word' id='word_1_365' title='bbox 2578 893 2691 988; x_wconf 66' lang='grc' dir='ltr'><strong>’τῆς⁷</strong></span> <span class='ocrx_word' id='word_1_366' title='bbox 2705 914 2892 974; x_wconf 82' lang='grc' dir='ltr'>οὐσίας</span> <span class='ocrx_word' id='word_1_367' title='bbox 2920 908 3014 962; x_wconf 86' lang='grc' dir='ltr'><strong>τοῦ</strong></span> <span class='ocrx_word' id='word_1_368' title='bbox 3043 902 3255 974; x_wconf 85' lang='grc' dir='ltr'>Πατρὸς</span> <span class='ocrx_word' id='word_1_369' title='bbox 3286 895 3428 952; x_wconf 71' lang='grc' dir='ltr'>εἶναι</span> <span class='ocrx_word' id='word_1_370' title='bbox 3458 893 3548 996; x_wconf 75' lang='grc' dir='ltr'><strong>τὸν</strong></span> 
     </span>
    </p>
   </div>
   <div class='ocr_carea' id='block_1_54' title="bbox 1983 989 3550 1084">
    <p class='ocr_par' dir='ltr' id='par_1_54' title="bbox 1983 989 3550 1084">
     <span class='ocr_line' id='line_1_54' title="bbox 1983 989 3550 1084; baseline -0.023 -11"><span class='ocrx_word' id='word_1_371' title='bbox 1983 989 2108 1073; x_wconf 73' lang='grc' dir='ltr'>Υίὺν</span> <span class='ocrx_word' id='word_1_372' title='bbox 2135 989 2227 1072; x_wconf 76' lang='grc' dir='ltr'>καὶ</span> <span class='ocrx_word' id='word_1_373' title='bbox 2249 989 2530 1084; x_wconf 85' lang='grc' dir='ltr'>ὁμοούσιον</span> <span class='ocrx_word' id='word_1_374' title='bbox 2553 1009 2630 1080; x_wconf 84' lang='grc' dir='ltr'>τῷ</span> <span class='ocrx_word' id='word_1_375' title='bbox 2662 1006 2858 1077; x_wconf 67' lang='grc' dir='ltr'>Πατρὶ,</span> <span class='ocrx_word' id='word_1_376' title='bbox 2890 1002 2983 1057; x_wconf 73' lang='grc' dir='ltr'><strong>καὶ</strong></span> <span class='ocrx_word' id='word_1_377' title='bbox 3007 1001 3143 1071; x_wconf 83' lang='grc' dir='ltr'>μήτε</span> <span class='ocrx_word' id='word_1_378' title='bbox 3175 994 3381 1062; x_wconf 78' lang='grc' dir='ltr'><strong>κτίσμα</strong></span> <span class='ocrx_word' id='word_1_379' title='bbox 3413 989 3550 1084; x_wconf 74' lang='grc' dir='ltr'>μήτε</span> 
     </span>
    </p>
   </div>
   <div class='ocr_carea' id='block_1_55' title="bbox 1981 1076 3550 1181">
    <p class='ocr_par' dir='ltr' id='par_1_55' title="bbox 1981 1076 3550 1181">
     <span class='ocr_line' id='line_1_55' title="bbox 1981 1076 3550 1181; baseline -0.023 -17"><span class='ocrx_word' id='word_1_380' title='bbox 1981 1111 2191 1181; x_wconf 90' lang='grc' dir='ltr'>ποίημα</span> <span class='ocrx_word' id='word_1_381' title='bbox 2215 1076 2350 1161; x_wconf 73' lang='grc' dir='ltr'>εἶναι</span> <span class='ocrx_word' id='word_1_382' title='bbox 2387 1104 2566 1158; x_wconf 79' lang='grc' dir='ltr'>αὐτόν’</span> <span class='ocrx_word' id='word_1_383' title='bbox 2594 1076 2728 1155; x_wconf 84' lang='grc' dir='ltr'><strong>ἀλλά</strong></span> <span class='ocrx_word' id='word_1_384' title='bbox 2758 1076 2823 1151; x_wconf 80' lang='grc' dir='ltr'><strong>δι’</strong></span> <span class='ocrx_word' id='word_1_385' title='bbox 2852 1093 3016 1149; x_wconf 78' lang='grc' dir='ltr'>αὑτοῦ</span> <span class='ocrx_word' id='word_1_386' title='bbox 3045 1091 3221 1144; x_wconf 83' lang='grc' dir='ltr'>πάντα</span> <span class='ocrx_word' id='word_1_387' title='bbox 3252 1086 3330 1181; x_wconf 37' lang='grc' dir='ltr'>τά.</span> <span class='ocrx_word' id='word_1_388' title='bbox 3347 1076 3550 1181; x_wconf 72' lang='grc' dir='ltr'>γενητὰ</span> 
     </span>
    </p>
   </div>
   <div class='ocr_carea' id='block_1_56' title="bbox 1982 1168 3553 1272">
    <p class='ocr_par' dir='ltr' id='par_1_56' title="bbox 1982 1168 3553 1272">
     <span class='ocr_line' id='line_1_56' title="bbox 1982 1168 3553 1272; baseline -0.032 -2"><span class='ocrx_word' id='word_1_389' title='bbox 1982 1168 2326 1272; x_wconf 63' lang='grc' dir='ltr'>γεγὲνῆσοαι.</span> <span class='ocrx_word' id='word_1_390' title='bbox 2362 1199 2438 1269; x_wconf 79' lang='grc'><strong>(5)</strong></span> <span class='ocrx_word' id='word_1_391' title='bbox 2471 1195 2543 1250; x_wconf 82' lang='grc' dir='ltr'><strong>Οὐ</strong></span> <span class='ocrx_word' id='word_1_392' title='bbox 2572 1193 2680 1264; x_wconf 83' lang='grc' dir='ltr'>γὰρ</span> <span class='ocrx_word' id='word_1_393' title='bbox 2703 1189 2858 1246; x_wconf 82' lang='grc' dir='ltr'>ἄλλον</span> <span class='ocrx_word' id='word_1_394' title='bbox 2886 1186 2976 1239; x_wconf 83' lang='grc' dir='ltr'><strong>τὸν</strong></span> <span class='ocrx_word' id='word_1_395' title='bbox 3009 1183 3135 1236; x_wconf 82' lang='grc' dir='ltr'>Υίὸν</span> <span class='ocrx_word' id='word_1_396' title='bbox 3154 1178 3258 1272; x_wconf 74' lang='grc' dir='ltr'><strong>καὶ</strong></span> <span class='ocrx_word' id='word_1_397' title='bbox 3461 1168 3553 1272; x_wconf 57' lang='grc' dir='ltr'><strong>τον</strong></span> 
     </span>
    </p>
   </div>
   <div class='ocr_carea' id='block_1_57' title="bbox 1983 1260 3555 1362">
    <p class='ocr_par' dir='ltr' id='par_1_57' title="bbox 1983 1260 3555 1362">
     <span class='ocr_line' id='line_1_57' title="bbox 1983 1260 3555 1362; baseline -0.024 -13"><span class='ocrx_word' id='word_1_398' title='bbox 1983 1260 2506 1362; x_wconf 48' lang='grc' dir='ltr'>λόγον’φρονοῦμεν,</span> <span class='ocrx_word' id='word_1_399' title='bbox 2549 1260 2625 1347; x_wconf 71' lang='grc' dir='ltr'><strong>ὥς</strong></span> <span class='ocrx_word' id='word_1_400' title='bbox 2649 1260 2807 1345; x_wconf 38' lang='grc' dir='ltr'>’τινες</span> <span class='ocrx_word' id='word_1_401' title='bbox 2832 1279 2977 1351; x_wconf 80' lang='grc' dir='ltr'>ἡμᾶς</span> <span class='ocrx_word' id='word_1_402' title='bbox 2999 1271 3261 1333; x_wconf 79' lang='grc' dir='ltr'>διέϐαλον,</span> <span class='ocrx_word' id='word_1_403' title='bbox 3292 1260 3555 1362; x_wconf 37' lang='grc' dir='ltr'>ἀλλά-τὸν</span> 
     </span>
    </p>
   </div>
   <div class='ocr_carea' id='block_1_58' title="bbox 1986 1345 3557 1456">
    <p class='ocr_par' dir='ltr' id='par_1_58' title="bbox 1986 1345 3557 1456">
     <span class='ocr_line' id='line_1_58' title="bbox 1986 1345 3557 1456; baseline -0.024 -14"><span class='ocrx_word' id='word_1_404' title='bbox 1986 1345 2156 1456; x_wconf 54' lang='grc' dir='ltr'>λόγον</span> <span class='ocrx_word' id='word_1_405' title='bbox 2183 1345 2318 1438; x_wconf 56' lang='grc' dir='ltr'>εἶναι</span> <span class='ocrx_word' id='word_1_406' title='bbox 2350 1345 2503 1445; x_wconf 46' lang='grc' dir='ltr'>ἴεὶὸν,</span> <span class='ocrx_word' id='word_1_407' title='bbox 2538 1345 2746 1447; x_wconf 58' lang='grc' dir='ltr'>σοξρίαν,</span> <span class='ocrx_word' id='word_1_408' title='bbox 2779 1345 3004 1441; x_wconf 74' lang='grc' dir='ltr'>δύναμιν</span> <span class='ocrx_word' id='word_1_409' title='bbox 3035 1365 3126 1419; x_wconf 90' lang='grc' dir='ltr'><strong>τοῦ</strong></span> <span class='ocrx_word' id='word_1_410' title='bbox 3165 1359 3404 1456; x_wconf 69' lang='grc' dir='ltr'>Πατρδς,</span> <span class='ocrx_word' id='word_1_411' title='bbox 3431 1357 3491 1407; x_wconf 83' lang='grc' dir='ltr'>ὲν</span> 
     </span>
    </p>
   </div>
   <div class='ocr_carea' id='block_1_59' title="bbox 1985 1444 3557 1541">
    <p class='ocr_par' dir='ltr' id='par_1_59' title="bbox 1985 1444 3557 1541">
     <span class='ocr_line' id='line_1_59' title="bbox 1985 1444 3557 1541; baseline -0.024 -7"><span class='ocrx_word' id='word_1_412' title='bbox 1985 1444 2286 1541; x_wconf 49' lang='grc' dir='ltr'>τά’πάντα,</span> <span class='ocrx_word' id='word_1_413' title='bbox 2331 1475 2405 1538; x_wconf 81' lang='grc' dir='ltr'><strong>ὡς</strong></span> <span class='ocrx_word' id='word_1_414' title='bbox 2447 1444 2684 1535; x_wconf 72' lang='grc' dir='ltr'>ἐδίδαξεν</span> <span class='ocrx_word' id='word_1_415' title='bbox 2719 1469 2748 1521; x_wconf 91' lang='grc' dir='ltr'>ὁ</span> <span class='ocrx_word' id='word_1_416' title='bbox 2797 1460 3134 1522; x_wconf 81' lang='grc' dir='ltr'>Ἀπόστολος,</span> <span class='ocrx_word' id='word_1_417' title='bbox 3175 1455 3245 1508; x_wconf 89' lang='grc' dir='ltr'><strong>τά</strong></span> <span class='ocrx_word' id='word_1_418' title='bbox 3283 1468 3342 1504; x_wconf 89' lang='grc' dir='ltr'><strong>τε</strong></span> <span class='ocrx_word' id='word_1_419' title='bbox 3382 1444 3557 1518; x_wconf 86' lang='grc' dir='ltr'>ὁρατά</span> 
     </span>
    </p>
   </div>
   <div class='ocr_carea' id='block_1_60' title="bbox 1987 1540 3560 1640">
    <p class='ocr_par' dir='ltr' id='par_1_60' title="bbox 1987 1540 3560 1640">
     <span class='ocr_line' id='line_1_60' title="bbox 1987 1540 3560 1640; baseline -0.024 -14"><span class='ocrx_word' id='word_1_420' title='bbox 1987 1572 2081 1626; x_wconf 63' lang='lat' dir='ltr'><strong>atat</strong></span> <span class='ocrx_word' id='word_1_421' title='bbox 2120 1570 2189 1623; x_wconf 71' lang='grc' dir='ltr'>τὰ</span> <span class='ocrx_word' id='word_1_422' title='bbox 2223 1569 2447 1640; x_wconf 73' lang='grc' dir='ltr'>ἀόρατα,</span> <span class='ocrx_word' id='word_1_423' title='bbox 2495 1565 2606 1618; x_wconf 78' lang='grc' dir='ltr'>εἴτε</span> <span class='ocrx_word' id='word_1_424' title='bbox 2656 1562 2851 1631; x_wconf 80' lang='grc' dir='ltr'>Θρόνοι,</span> <span class='ocrx_word' id='word_1_425' title='bbox 2901 1558 3009 1609; x_wconf 74' lang='grc' dir='ltr'>εἴτε</span> <span class='ocrx_word' id='word_1_426' title='bbox 3053 1549 3398 1620; x_wconf 80' lang='grc' dir='ltr'><strong>κυριότητες,</strong></span> <span class='ocrx_word' id='word_1_427' title='bbox 3446 1540 3560 1592; x_wconf 79' lang='grc' dir='ltr'>εἴτε</span> 
     </span>
    </p>
   </div>
   <div class='ocr_carea' id='block_1_61' title="bbox 1988 1632 3561 1735">
    <p class='ocr_par' dir='ltr' id='par_1_61' title="bbox 1988 1632 3561 1735">
     <span class='ocr_line' id='line_1_61' title="bbox 1988 1632 3561 1735; baseline -0.025 -14"><span class='ocrx_word' id='word_1_428' title='bbox 1988 1664 2172 1735; x_wconf 69' lang='grc' dir='ltr'>ἀρχαὶ,</span> <span class='ocrx_word' id='word_1_429' title='bbox 2213 1661 2321 1714; x_wconf 79' lang='grc' dir='ltr'>εἴτε</span> <span class='ocrx_word' id='word_1_430' title='bbox 2356 1651 2613 1726; x_wconf 73' lang='grc' dir='ltr'><strong>ἐξουσίαι,</strong></span> <span class='ocrx_word' id='word_1_431' title='bbox 2648 1654 2715 1708; x_wconf 87' lang='grc' dir='ltr'><strong>τά</strong></span> <span class='ocrx_word' id='word_1_432' title='bbox 2743 1651 2920 1705; x_wconf 84' lang='grc' dir='ltr'>πάντα</span> <span class='ocrx_word' id='word_1_433' title='bbox 2946 1649 3013 1702; x_wconf 82' lang='grc' dir='ltr'><strong>δι’</strong></span> <span class='ocrx_word' id='word_1_434' title='bbox 3046 1642 3209 1700; x_wconf 80' lang='grc' dir='ltr'>αὑτοῦ</span> <span class='ocrx_word' id='word_1_435' title='bbox 3238 1639 3334 1693; x_wconf 66' lang='grc' dir='ltr'><strong>καὶ</strong></span> <span class='ocrx_word' id='word_1_436' title='bbox 3358 1637 3438 1698; x_wconf 88' lang='grc' dir='ltr'>εἰς</span> <span class='ocrx_word' id='word_1_437' title='bbox 3459 1632 3561 1686; x_wconf 84' lang='grc' dir='ltr'>αῦ-</span> 
     </span>
    </p>
   </div>
   <div class='ocr_carea' id='block_1_62' title="bbox 1989 1728 3562 1817">
    <p class='ocr_par' dir='ltr' id='par_1_62' title="bbox 1989 1728 3562 1817">
     <span class='ocr_line' id='line_1_62' title="bbox 1989 1728 3562 1817; baseline -0.021 -7"><span class='ocrx_word' id='word_1_438' title='bbox 1989 1728 2383 1810; x_wconf 78' lang='grc' dir='ltr'>ἐκτίσθαι.</span> <span class='ocrx_word' id='word_1_439' title='bbox 2433 1751 2589 1804; x_wconf 79' lang='grc' dir='ltr'>Οὖτω</span> <span class='ocrx_word' id='word_1_440' title='bbox 2625 1748 2681 1801; x_wconf 79' lang='grc' dir='ltr'>δὲ</span> <span class='ocrx_word' id='word_1_441' title='bbox 2730 1743 3046 1817; x_wconf 76' lang='grc' dir='ltr'>φρονοῦντες</span> <span class='ocrx_word' id='word_1_442' title='bbox 3091 1728 3562 1803; x_wconf 77' lang='grc' dir='ltr'>ἀναθεματίζομεν</span> 
     </span>
    </p>
   </div>
   <div class='ocr_carea' id='block_1_63' title="bbox 1991 1817 3563 1918">
    <p class='ocr_par' dir='ltr' id='par_1_63' title="bbox 1991 1817 3563 1918">
     <span class='ocr_line' id='line_1_63' title="bbox 1991 1817 3563 1918; baseline -0.022 -13"><span class='ocrx_word' id='word_1_443' title='bbox 1991 1852 2084 1905; x_wconf 77' lang='grc' dir='ltr'>καὶ</span> <span class='ocrx_word' id='word_1_444' title='bbox 2116 1848 2173 1914; x_wconf 78' lang='grc' dir='ltr'>ἐξ</span> <span class='ocrx_word' id='word_1_445' title='bbox 2197 1848 2456 1918; x_wconf 78' lang='grc' dir='ltr'>ὀνόματος</span> <span class='ocrx_word' id='word_1_446' title='bbox 2482 1844 2571 1896; x_wconf 81' lang='grc' dir='ltr'><strong>τὸν</strong></span> <span class='ocrx_word' id='word_1_447' title='bbox 2597 1840 2952 1894; x_wconf 78' lang='grc' dir='ltr'>ἀσεϐέστατον</span> <span class='ocrx_word' id='word_1_448' title='bbox 2974 1829 3285 1889; x_wconf 80' lang='grc' dir='ltr'>Σαὸέλλιον,</span> <span class='ocrx_word' id='word_1_449' title='bbox 3316 1824 3413 1877; x_wconf 72' lang='grc' dir='ltr'><strong>καὶ</strong></span> <span class='ocrx_word' id='word_1_450' title='bbox 3444 1817 3563 1918; x_wconf 71' lang='grc' dir='ltr'>μετ’</span> 
     </span>
    </p>
   </div>
   <div class='ocr_carea' id='block_1_64' title="bbox 1993 1912 3563 2005">
    <p class='ocr_par' dir='ltr' id='par_1_64' title="bbox 1993 1912 3563 2005">
     <span class='ocr_line' id='line_1_64' title="bbox 1993 1912 3563 2005; baseline -0.018 -10"><span class='ocrx_word' id='word_1_451' title='bbox 1993 1934 2155 1995; x_wconf 63' lang='grc' dir='ltr'>αὑτοῦ</span> <span class='ocrx_word' id='word_1_452' title='bbox 2187 1941 2311 2001; x_wconf 79' lang='grc' dir='ltr'>τοὺς</span> <span class='ocrx_word' id='word_1_453' title='bbox 2340 1938 2407 1992; x_wconf 89' lang='grc' dir='ltr'><strong>τά</strong></span> <span class='ocrx_word' id='word_1_454' title='bbox 2438 1937 2644 1990; x_wconf 79' lang='grc' dir='ltr'>ἐκείνου</span> <span class='ocrx_word' id='word_1_455' title='bbox 2679 1931 3025 2005; x_wconf 74' lang='grc' dir='ltr'>φρονοῦντας,</span> <span class='ocrx_word' id='word_1_456' title='bbox 3054 1924 3148 1980; x_wconf 68' lang='grc' dir='ltr'><strong>καὶ</strong></span> <span class='ocrx_word' id='word_1_457' title='bbox 3172 1921 3431 1988; x_wconf 83' lang='grc' dir='ltr'>λέγοντας</span> <span class='ocrx_word' id='word_1_458' title='bbox 3465 1912 3563 1964; x_wconf 80' lang='grc' dir='ltr'>αὺ-</span> 
     </span>
    </p>
   </div>
   <div class='ocr_carea' id='block_1_65' title="bbox 1993 2008 3565 2104">
    <p class='ocr_par' dir='ltr' id='par_1_65' title="bbox 1993 2008 3565 2104">
     <span class='ocr_line' id='line_1_65' title="bbox 1993 2008 3565 2104; baseline -0.013 -16"><span class='ocrx_word' id='word_1_459' title='bbox 1993 2035 2084 2088; x_wconf 81' lang='grc' dir='ltr'><strong>τὸν</strong></span> <span class='ocrx_word' id='word_1_460' title='bbox 2112 2034 2202 2087; x_wconf 82' lang='grc' dir='ltr'><strong>τὸν</strong></span> <span class='ocrx_word' id='word_1_461' title='bbox 2239 2033 2457 2104; x_wconf 86' lang='grc' dir='ltr'>Πατέρα</span> <span class='ocrx_word' id='word_1_462' title='bbox 2485 2027 2623 2083; x_wconf 80' lang='grc' dir='ltr'>εἶναι</span> <span class='ocrx_word' id='word_1_463' title='bbox 2641 2029 2785 2080; x_wconf 74' lang='grc' dir='ltr'>Υίόνο</span> <span class='ocrx_word' id='word_1_464' title='bbox 2821 2026 2913 2079; x_wconf 70' lang='grc' dir='ltr'><strong>καὶ</strong></span> <span class='ocrx_word' id='word_1_465' title='bbox 2943 2024 3031 2076; x_wconf 80' lang='grc' dir='ltr'><strong>ὅτε</strong></span> <span class='ocrx_word' id='word_1_466' title='bbox 3061 2021 3156 2092; x_wconf 83' lang='grc' dir='ltr'>μὲν</span> <span class='ocrx_word' id='word_1_467' title='bbox 3182 2016 3390 2086; x_wconf 83' lang='grc' dir='ltr'>γίνεται</span> <span class='ocrx_word' id='word_1_468' title='bbox 3415 2008 3565 2071; x_wconf 75' lang='grc' dir='ltr'>Υἱὸς,</span> 
     </span>
    </p>
   </div>
   <div class='ocr_carea' id='block_1_66' title="bbox 2001 2106 3566 2198">
    <p class='ocr_par' dir='ltr' id='par_1_66' title="bbox 2001 2106 3566 2198">
     <span class='ocr_line' id='line_1_66' title="bbox 2001 2106 3566 2198; baseline -0.018 -16"><span class='ocrx_word' id='word_1_469' title='bbox 2001 2127 2074 2198; x_wconf 82' lang='grc' dir='ltr'><strong>μὴ</strong></span> <span class='ocrx_word' id='word_1_470' title='bbox 2109 2123 2247 2180; x_wconf 80' lang='grc' dir='ltr'>εἶναι</span> <span class='ocrx_word' id='word_1_471' title='bbox 2278 2126 2396 2178; x_wconf 87' lang='grc' dir='ltr'>τότε</span> <span class='ocrx_word' id='word_1_472' title='bbox 2432 2124 2593 2178; x_wconf 80' lang='grc' dir='ltr'>αὑτὸν</span> <span class='ocrx_word' id='word_1_473' title='bbox 2623 2121 2861 2192; x_wconf 85' lang='grc' dir='ltr'>Πατέρα·</span> <span class='ocrx_word' id='word_1_474' title='bbox 2897 2119 2982 2172; x_wconf 80' lang='grc' dir='ltr'>ὅτε</span> <span class='ocrx_word' id='word_1_475' title='bbox 3013 2115 3069 2168; x_wconf 79' lang='grc' dir='ltr'><strong>δὲ</strong></span> <span class='ocrx_word' id='word_1_476' title='bbox 3103 2113 3312 2182; x_wconf 88' lang='grc' dir='ltr'>γίνεται</span> <span class='ocrx_word' id='word_1_477' title='bbox 3350 2106 3566 2198; x_wconf 59' lang='grc' dir='ltr'>Πατὴρ,</span> 
     </span>
    </p>
   </div>
   <div class='ocr_carea' id='block_1_67' title="bbox 2003 2197 3567 2291">
    <p class='ocr_par' dir='ltr' id='par_1_67' title="bbox 2003 2197 3567 2291">
     <span class='ocr_line' id='line_1_67' title="bbox 2003 2197 3567 2291; baseline -0.003 -19"><span class='ocrx_word' id='word_1_478' title='bbox 2111 2214 2250 2274; x_wconf 74' lang='grc' dir='ltr'>εἶναι</span> <span class='ocrx_word' id='word_1_479' title='bbox 2270 2219 2391 2272; x_wconf 87' lang='grc' dir='ltr'>τότε</span> <span class='ocrx_word' id='word_1_480' title='bbox 2418 2217 2563 2270; x_wconf 80' lang='grc' dir='ltr'>Υξόν.</span> <span class='ocrx_word' id='word_1_481' title='bbox 2595 2216 2786 2286; x_wconf 85' lang='grc' dir='ltr'><strong>Ἡμεῖς</strong></span> <span class='ocrx_word' id='word_1_482' title='bbox 2813 2211 2918 2285; x_wconf 83' lang='grc' dir='ltr'>γὰρ</span> <span class='ocrx_word' id='word_1_483' title='bbox 2951 2203 3316 2279; x_wconf 78' lang='grc' dir='ltr'>ὁμολογοῦμεν</span> <span class='ocrx_word' id='word_1_484' title='bbox 3349 2197 3567 2291; x_wconf 56' lang='grc' dir='ltr'>Πατέρα</span> 
     </span>
    </p>
   </div>
   <div class='ocr_carea' id='block_1_68' title="bbox 2001 2288 3567 2374">
    <p class='ocr_par' dir='ltr' id='par_1_68' title="bbox 2001 2288 3567 2374">
     <span class='ocr_line' id='line_1_68' title="bbox 2001 2288 3567 2374; baseline -0.016 -11"><span class='ocrx_word' id='word_1_485' title='bbox 2001 2288 2192 2374; x_wconf 71' lang='grc' dir='ltr'>ἀΐδιον,</span> <span class='ocrx_word' id='word_1_486' title='bbox 2220 2307 2350 2361; x_wconf 84' lang='grc' dir='ltr'>Υἱοῦ</span> <span class='ocrx_word' id='word_1_487' title='bbox 2378 2307 2548 2361; x_wconf 82' lang='grc' dir='ltr'>ἀϊδίου</span> <span class='ocrx_word' id='word_1_488' title='bbox 2575 2306 2728 2368; x_wconf 77' lang='grc' dir='ltr'>ὄντος</span> <span class='ocrx_word' id='word_1_489' title='bbox 2763 2304 2854 2356; x_wconf 73' lang='grc' dir='ltr'>καὶ</span> <span class='ocrx_word' id='word_1_490' title='bbox 2884 2298 3208 2370; x_wconf 66' lang='grc' dir='ltr'>ὑφεστῶτος</span> <span class='ocrx_word' id='word_1_491' title='bbox 3227 2293 3322 2348; x_wconf 76' lang='grc' dir='ltr'><strong>καὶ</strong></span> <span class='ocrx_word' id='word_1_492' title='bbox 3344 2288 3567 2357; x_wconf 81' lang='grc' dir='ltr'>Πνεῦμα</span> 
     </span>
    </p>
   </div>
   <div class='ocr_carea' id='block_1_69' title="bbox 2002 2379 3568 2468">
    <p class='ocr_par' dir='ltr' id='par_1_69' title="bbox 2002 2379 3568 2468">
     <span class='ocr_line' id='line_1_69' title="bbox 2002 2379 3568 2468; baseline -0.019 -13"><span class='ocrx_word' id='word_1_493' title='bbox 2002 2400 2154 2468; x_wconf 72' lang='grc' dir='ltr'>ἅγιον</span> <span class='ocrx_word' id='word_1_494' title='bbox 2192 2399 2376 2461; x_wconf 85' lang='grc' dir='ltr'>ἀῐδίως</span> <span class='ocrx_word' id='word_1_495' title='bbox 2411 2397 2471 2450; x_wconf 80' lang='grc' dir='ltr'>ὃν</span> <span class='ocrx_word' id='word_1_496' title='bbox 2516 2396 2609 2450; x_wconf 74' lang='grc' dir='ltr'><strong>καὶ</strong></span> <span class='ocrx_word' id='word_1_497' title='bbox 2643 2392 2890 2464; x_wconf 79' lang='grc' dir='ltr'>ὑφεστός.</span> <span class='ocrx_word' id='word_1_498' title='bbox 2929 2391 3004 2443; x_wconf 85' lang='grc' dir='ltr'><strong>Οὐ</strong></span> <span class='ocrx_word' id='word_1_499' title='bbox 3045 2385 3154 2456; x_wconf 85' lang='grc' dir='ltr'><strong>γὰρ</strong></span> <span class='ocrx_word' id='word_1_500' title='bbox 3199 2379 3568 2468; x_wconf 79' lang='grc' dir='ltr'>ἀνυπόστατον</span> 
     </span>
    </p>
   </div>
   <div class='ocr_carea' id='block_1_70' title="bbox 2002 2467 3570 2564">
    <p class='ocr_par' dir='ltr' id='par_1_70' title="bbox 2002 2467 3570 2564">
     <span class='ocr_line' id='line_1_70' title="bbox 2002 2467 3570 2564; baseline -0.016 -18"><span class='ocrx_word' id='word_1_501' title='bbox 2002 2493 2100 2564; x_wconf 84' lang='grc' dir='ltr'><strong>τὴν</strong></span> <span class='ocrx_word' id='word_1_502' title='bbox 2145 2492 2350 2564; x_wconf 84' lang='grc' dir='ltr'>Τριάδα</span> <span class='ocrx_word' id='word_1_503' title='bbox 2391 2491 2654 2560; x_wconf 87' lang='grc' dir='ltr'>λέγομεν·</span> <span class='ocrx_word' id='word_1_504' title='bbox 2700 2487 2777 2557; x_wconf 71' lang='grc'><strong>(4)</strong></span> <span class='ocrx_word' id='word_1_505' title='bbox 2827 2483 2937 2538; x_wconf 86' lang='grc' dir='ltr'>ἀλλ’</span> <span class='ocrx_word' id='word_1_506' title='bbox 2974 2482 3031 2533; x_wconf 80' lang='grc' dir='ltr'>ὲν</span> <span class='ocrx_word' id='word_1_507' title='bbox 3073 2475 3371 2531; x_wconf 82' lang='grc' dir='ltr'>ὑποστάσει</span> <span class='ocrx_word' id='word_1_508' title='bbox 3407 2467 3570 2539; x_wconf 76' lang='grc' dir='ltr'>αὐτὴν</span> 
     </span>
    </p>
   </div>
   <div class='ocr_carea' id='block_1_71' title="bbox 2005 2583 2364 2654">
    <p class='ocr_par' dir='ltr' id='par_1_71' title="bbox 2005 2583 2364 2654">
     <span class='ocr_line' id='line_1_71' title="bbox 2005 2583 2364 2654; baseline 0 -18"><span class='ocrx_word' id='word_1_509' title='bbox 2005 2583 2364 2654; x_wconf 79' lang='grc' dir='ltr'>γινώσκομεν.</span> 
     </span>
    </p>
   </div>
   <div class='ocr_carea' id='block_1_72' title="bbox 2178 2689 2206 2720">
    <p class='ocr_par' dir='ltr' id='par_1_72' title="bbox 2178 2689 2206 2720">
     <span class='ocr_line' id='line_1_72' title="bbox 2178 2689 2206 2720; baseline 0 0"><span class='ocrx_word' id='word_1_510' title='bbox 2178 2689 2206 2720; x_wconf 64' lang='grc' dir='ltr'><strong><em>ὀ</em></strong></span> 
     </span>
    </p>
   </div>
   <div class='ocr_carea' id='block_1_73' title="bbox 2080 2843 3572 2918">
    <p class='ocr_par' dir='ltr' id='par_1_73' title="bbox 2080 2843 3572 2918">
     <span class='ocr_line' id='line_1_73' title="bbox 2080 2843 3572 2918; baseline -0.007 -13"><span class='ocrx_word' id='word_1_511' title='bbox 2080 2852 2133 2905; x_wconf 78' lang='grc' dir='ltr'><strong>ὅ.</strong></span> <span class='ocrx_word' id='word_1_512' title='bbox 2174 2851 2282 2903; x_wconf 73' lang='grc' dir='ltr'><strong>Καὶ</strong></span> <span class='ocrx_word' id='word_1_513' title='bbox 2305 2853 2353 2902; x_wconf 84' lang='grc' dir='ltr'>εἰ</span> <span class='ocrx_word' id='word_1_514' title='bbox 2379 2848 2628 2918; x_wconf 79' lang='grc' dir='ltr'>αὐτάρκη</span> <span class='ocrx_word' id='word_1_515' title='bbox 2648 2847 2823 2900; x_wconf 88' lang='grc' dir='ltr'>ταῦτα</span> <span class='ocrx_word' id='word_1_516' title='bbox 2839 2845 3006 2912; x_wconf 82' lang='grc' dir='ltr'>δεῖξαι</span> <span class='ocrx_word' id='word_1_517' title='bbox 3032 2843 3129 2916; x_wconf 82' lang='grc' dir='ltr'>τὴν</span> <span class='ocrx_word' id='word_1_518' title='bbox 3153 2843 3289 2915; x_wconf 86' lang='grc' dir='ltr'>πρὸς</span> <span class='ocrx_word' id='word_1_519' title='bbox 3308 2843 3439 2906; x_wconf 79' lang='grc' dir='ltr'>τοὺς</span> <span class='ocrx_word' id='word_1_520' title='bbox 3465 2843 3572 2896; x_wconf 87' lang='grc' dir='ltr'>Πα-</span> 
     </span>
    </p>
   </div>
   <div class='ocr_carea' id='block_1_74' title="bbox 2010 2937 3574 3016">
    <p class='ocr_par' dir='ltr' id='par_1_74' title="bbox 2010 2937 3574 3016">
     <span class='ocr_line' id='line_1_74' title="bbox 2010 2937 3574 3016; baseline -0.006 -18"><span class='ocrx_word' id='word_1_521' title='bbox 2010 2946 2174 3016; x_wconf 84' lang='grc' dir='ltr'>τέρας</span> <span class='ocrx_word' id='word_1_522' title='bbox 2211 2942 2369 3015; x_wconf 81' lang='grc' dir='ltr'>ἡμῶν</span> <span class='ocrx_word' id='word_1_523' title='bbox 2413 2941 2806 3014; x_wconf 66' lang='grc' dir='ltr'>ὁμοφροσύνην·</span> <span class='ocrx_word' id='word_1_524' title='bbox 2848 2941 3014 3011; x_wconf 84' lang='grc' dir='ltr'>ὅμως,</span> <span class='ocrx_word' id='word_1_525' title='bbox 3054 2939 3239 3010; x_wconf 76' lang='grc' dir='ltr'>ἐπειδή</span> <span class='ocrx_word' id='word_1_526' title='bbox 3286 2954 3432 3000; x_wconf 87' lang='grc' dir='ltr'>τινες</span> <span class='ocrx_word' id='word_1_527' title='bbox 3474 2937 3574 2989; x_wconf 65' lang='grc' dir='ltr'><strong>τῶν</strong></span> 
     </span>
    </p>
   </div>
   <div class='ocr_carea' id='block_1_75' title="bbox 2013 3027 3575 3107">
    <p class='ocr_par' dir='ltr' id='par_1_75' title="bbox 2013 3027 3575 3107">
     <span class='ocr_line' id='line_1_75' title="bbox 2013 3027 3575 3107; baseline -0.004 -21"><span class='ocrx_word' id='word_1_528' title='bbox 2013 3034 2497 3107; x_wconf 79' lang='grc' dir='ltr'>ἐπαγγελλομένων</span> <span class='ocrx_word' id='word_1_529' title='bbox 2539 3034 2612 3104; x_wconf 79' lang='grc' dir='ltr'><strong>μὴ</strong></span> <span class='ocrx_word' id='word_1_530' title='bbox 2659 3034 2872 3103; x_wconf 83' lang='grc' dir='ltr'>φρονεῖν</span> <span class='ocrx_word' id='word_1_531' title='bbox 2904 3031 2971 3084; x_wconf 80' lang='grc' dir='ltr'>τὰ</span> <span class='ocrx_word' id='word_1_532' title='bbox 3019 3029 3249 3099; x_wconf 79' lang='grc' dir='ltr'>Ἀρείου,</span> <span class='ocrx_word' id='word_1_533' title='bbox 3291 3027 3575 3098; x_wconf 66' lang='grc' dir='ltr'>ὑποκρινὸι</span> 
     </span>
    </p>
   </div>
   <div class='ocr_carea' id='block_1_76' title="bbox 2017 3118 3583 3202">
    <p class='ocr_par' dir='ltr' id='par_1_76' title="bbox 2017 3118 3583 3202">
     <span class='ocr_line' id='line_1_76' title="bbox 2017 3118 3583 3202; baseline -0.008 -17"><span class='ocrx_word' id='word_1_534' title='bbox 2017 3148 2167 3202; x_wconf 86' lang='grc' dir='ltr'>μενοι</span> <span class='ocrx_word' id='word_1_535' title='bbox 2201 3129 2477 3202; x_wconf 79' lang='grc' dir='ltr'>φρονοῦσι,</span> <span class='ocrx_word' id='word_1_536' title='bbox 2501 3127 2749 3196; x_wconf 86' lang='grc' dir='ltr'>λέγοντες</span> <span class='ocrx_word' id='word_1_537' title='bbox 2776 3126 2865 3180; x_wconf 84' lang='grc' dir='ltr'><strong>τὸν</strong></span> <span class='ocrx_word' id='word_1_538' title='bbox 2896 3125 2996 3196; x_wconf 85' lang='grc' dir='ltr'>μὲν</span> <span class='ocrx_word' id='word_1_539' title='bbox 3023 3124 3148 3177; x_wconf 86' lang='grc' dir='ltr'><strong>Υἱὸν</strong></span> <span class='ocrx_word' id='word_1_540' title='bbox 3173 3124 3424 3194; x_wconf 82' lang='grc' dir='ltr'>ἀνόμοιον</span> <span class='ocrx_word' id='word_1_541' title='bbox 3448 3118 3583 3176; x_wconf 85' lang='grc' dir='ltr'>εἶναι</span> 
     </span>
    </p>
   </div>
   <div class='ocr_carea' id='block_1_77' title="bbox 2012 3214 3584 3294">
    <p class='ocr_par' dir='ltr' id='par_1_77' title="bbox 2012 3214 3584 3294">
     <span class='ocr_line' id='line_1_77' title="bbox 2012 3214 3584 3294; baseline -0.004 -20"><span class='ocrx_word' id='word_1_542' title='bbox 2012 3222 2107 3276; x_wconf 89' lang='grc' dir='ltr'><strong>τοῦ</strong></span> <span class='ocrx_word' id='word_1_543' title='bbox 2147 3221 2376 3294; x_wconf 76' lang='grc' dir='ltr'>Πατρὺς,</span> <span class='ocrx_word' id='word_1_544' title='bbox 2412 3221 2473 3274; x_wconf 83' lang='grc' dir='ltr'><strong>τὸ</strong></span> <span class='ocrx_word' id='word_1_545' title='bbox 2513 3220 2570 3274; x_wconf 80' lang='grc' dir='ltr'><strong>δὲ</strong></span> <span class='ocrx_word' id='word_1_546' title='bbox 2604 3217 2828 3288; x_wconf 85' lang='grc' dir='ltr'>Πνεῦμα</span> <span class='ocrx_word' id='word_1_547' title='bbox 2864 3217 2925 3269; x_wconf 78' lang='grc' dir='ltr'>τὸ</span> <span class='ocrx_word' id='word_1_548' title='bbox 2958 3218 3111 3284; x_wconf 85' lang='grc' dir='ltr'>ἆγιον</span> <span class='ocrx_word' id='word_1_549' title='bbox 3150 3216 3354 3285; x_wconf 83' lang='grc' dir='ltr'>κτίσμα</span> <span class='ocrx_word' id='word_1_550' title='bbox 3395 3215 3491 3268; x_wconf 71' lang='grc' dir='ltr'><strong>καὶ</strong></span> <span class='ocrx_word' id='word_1_551' title='bbox 3529 3214 3584 3267; x_wconf 82' lang='grc' dir='ltr'>ἓν</span> 
     </span>
    </p>
   </div>
   <div class='ocr_carea' id='block_1_78' title="bbox 2013 3305 3583 3382">
    <p class='ocr_par' dir='ltr' id='par_1_78' title="bbox 2013 3305 3583 3382">
     <span class='ocr_line' id='line_1_78' title="bbox 2013 3305 3583 3382; baseline -0.006 -16"><span class='ocrx_word' id='word_1_552' title='bbox 2013 3313 2122 3366; x_wconf 84' lang='grc' dir='ltr'><strong>τῶν</strong></span> <span class='ocrx_word' id='word_1_553' title='bbox 2156 3312 2474 3382; x_wconf 84' lang='grc' dir='ltr'>ποιημάτων</span> <span class='ocrx_word' id='word_1_554' title='bbox 2503 3311 2648 3363; x_wconf 77' lang='grc' dir='ltr'>ἐστίν</span> <span class='ocrx_word' id='word_1_555' title='bbox 2665 3312 2700 3338; x_wconf 78' lang='grc'><strong>⁸·</strong></span> <span class='ocrx_word' id='word_1_556' title='bbox 2725 3305 3210 3378; x_wconf 81' lang='grc' dir='ltr'>ἀναθεματίζομεν,</span> <span class='ocrx_word' id='word_1_557' title='bbox 3231 3305 3392 3374; x_wconf 86' lang='grc' dir='ltr'>ἡμεῖς</span> <span class='ocrx_word' id='word_1_558' title='bbox 3418 3321 3477 3356; x_wconf 91' lang='grc' dir='ltr'><strong>τε</strong></span> <span class='ocrx_word' id='word_1_559' title='bbox 3495 3306 3583 3357; x_wconf 72' lang='grc' dir='ltr'>καὶ</span> 
     </span>
    </p>
   </div>
   <div class='ocr_carea' id='block_1_79' title="bbox 2015 3396 3583 3472">
    <p class='ocr_par' dir='ltr' id='par_1_79' title="bbox 2015 3396 3583 3472">
     <span class='ocr_line' id='line_1_79' title="bbox 2015 3396 3583 3472; baseline -0.006 -14"><span class='ocrx_word' id='word_1_560' title='bbox 2015 3407 2065 3458; x_wconf 80' lang='grc' dir='ltr'><strong>οἱ</strong></span> <span class='ocrx_word' id='word_1_561' title='bbox 2108 3403 2524 3465; x_wconf 85' lang='grc' dir='ltr'>ἀποστείλαντες</span> <span class='ocrx_word' id='word_1_562' title='bbox 2563 3403 2730 3472; x_wconf 84' lang='grc' dir='ltr'>ἡμᾶς,</span> <span class='ocrx_word' id='word_1_563' title='bbox 2773 3401 2870 3463; x_wconf 89' lang='grc' dir='ltr'><strong>τάς</strong></span> <span class='ocrx_word' id='word_1_564' title='bbox 2901 3398 3140 3472; x_wconf 78' lang='grc' dir='ltr'>αἱρέσεις</span> <span class='ocrx_word' id='word_1_565' title='bbox 3177 3397 3404 3460; x_wconf 86' lang='grc' dir='ltr'>ταύτας.</span> <span class='ocrx_word' id='word_1_566' title='bbox 3453 3396 3583 3449; x_wconf 77' lang='grc' dir='ltr'>Οὔτε</span> 
     </span>
    </p>
   </div>
   <div class='ocr_carea' id='block_1_80' title="bbox 2017 3489 3584 3569">
    <p class='ocr_par' dir='ltr' id='par_1_80' title="bbox 2017 3489 3584 3569">
     <span class='ocr_line' id='line_1_80' title="bbox 2017 3489 3584 3569; baseline -0.007 -18"><span class='ocrx_word' id='word_1_567' title='bbox 2017 3500 2126 3569; x_wconf 86' lang='grc' dir='ltr'><strong>γάρ</strong></span> <span class='ocrx_word' id='word_1_568' title='bbox 2162 3497 2413 3567; x_wconf 88' lang='grc' dir='ltr'>ἀνόμοιος</span> <span class='ocrx_word' id='word_1_569' title='bbox 2443 3497 2472 3548; x_wconf 84' lang='grc' dir='ltr'>ὁ</span> <span class='ocrx_word' id='word_1_570' title='bbox 2505 3495 2636 3558; x_wconf 84' lang='grc' dir='ltr'>Υἱὸς</span> <span class='ocrx_word' id='word_1_571' title='bbox 2668 3492 2746 3564; x_wconf 82' lang='grc' dir='ltr'>τῷ</span> <span class='ocrx_word' id='word_1_572' title='bbox 2784 3495 2981 3564; x_wconf 70' lang='grc' dir='ltr'>Πατρὶ,</span> <span class='ocrx_word' id='word_1_573' title='bbox 3023 3490 3137 3544; x_wconf 85' lang='grc' dir='ltr'>ἀλλ’</span> <span class='ocrx_word' id='word_1_574' title='bbox 3164 3489 3451 3561; x_wconf 76' lang='grc' dir='ltr'>ὁμοούσιός</span> <span class='ocrx_word' id='word_1_575' title='bbox 3478 3490 3584 3540; x_wconf 75' lang='grc' dir='ltr'>ἐστι</span> 
     </span>
    </p>
   </div>
   <div class='ocr_carea' id='block_1_81' title="bbox 2017 3579 3587 3659">
    <p class='ocr_par' dir='ltr' id='par_1_81' title="bbox 2017 3579 3587 3659">
     <span class='ocr_line' id='line_1_81' title="bbox 2017 3579 3587 3659; baseline -0.006 -18"><span class='ocrx_word' id='word_1_576' title='bbox 2017 3587 2094 3658; x_wconf 85' lang='grc' dir='ltr'>τῷ</span> <span class='ocrx_word' id='word_1_577' title='bbox 2138 3587 2332 3659; x_wconf 72' lang='grc' dir='ltr'>Πατρὶ·</span> <span class='ocrx_word' id='word_1_578' title='bbox 2370 3585 2494 3639; x_wconf 78' lang='grc' dir='ltr'>οὔτε</span> <span class='ocrx_word' id='word_1_579' title='bbox 2527 3585 2589 3638; x_wconf 87' lang='grc' dir='ltr'>τὺ</span> <span class='ocrx_word' id='word_1_580' title='bbox 2630 3583 2854 3654; x_wconf 83' lang='grc' dir='ltr'>Πνεῦμα</span> <span class='ocrx_word' id='word_1_581' title='bbox 2888 3583 2949 3637; x_wconf 82' lang='grc' dir='ltr'>τὸ</span> <span class='ocrx_word' id='word_1_582' title='bbox 2985 3584 3138 3652; x_wconf 74' lang='grc' dir='ltr'>ἅγιον</span> <span class='ocrx_word' id='word_1_583' title='bbox 3177 3582 3418 3645; x_wconf 78' lang='grc' dir='ltr'>κτιστὺν,</span> <span class='ocrx_word' id='word_1_584' title='bbox 3467 3582 3500 3651; x_wconf 80' lang='grc' dir='ltr'><strong>ἢ</strong></span> <span class='ocrx_word' id='word_1_585' title='bbox 3536 3579 3587 3632; x_wconf 80' lang='grc' dir='ltr'>ἓν</span> 
     </span>
    </p>
   </div>
   <div class='ocr_carea' id='block_1_82' title="bbox 2018 3673 3587 3750">
    <p class='ocr_par' dir='ltr' id='par_1_82' title="bbox 2018 3673 3587 3750">
     <span class='ocr_line' id='line_1_82' title="bbox 2018 3673 3587 3750; baseline -0.004 -18"><span class='ocrx_word' id='word_1_586' title='bbox 2018 3680 2128 3734; x_wconf 83' lang='grc' dir='ltr'><strong>τῶν</strong></span> <span class='ocrx_word' id='word_1_587' title='bbox 2151 3680 2467 3750; x_wconf 85' lang='grc' dir='ltr'>ποιημάτων</span> <span class='ocrx_word' id='word_1_588' title='bbox 2505 3680 2672 3744; x_wconf 73' lang='grc' dir='ltr'>ἐστὶν,</span> <span class='ocrx_word' id='word_1_589' title='bbox 2708 3678 2844 3732; x_wconf 86' lang='grc' dir='ltr'><strong>ἀλλά</strong></span> <span class='ocrx_word' id='word_1_590' title='bbox 2875 3677 2974 3748; x_wconf 84' lang='grc' dir='ltr'><strong>τῆς</strong></span> <span class='ocrx_word' id='word_1_591' title='bbox 2998 3677 3160 3746; x_wconf 85' lang='grc' dir='ltr'>ἁγίας</span> <span class='ocrx_word' id='word_1_592' title='bbox 3187 3675 3420 3746; x_wconf 84' lang='grc' dir='ltr'>Τριάδος</span> <span class='ocrx_word' id='word_1_593' title='bbox 3453 3673 3587 3726; x_wconf 84' lang='grc' dir='ltr'>ὲστί·</span> 
     </span>
    </p>
   </div>
   <div class='ocr_carea' id='block_1_83' title="bbox 2021 3765 3588 3842">
    <p class='ocr_par' dir='ltr' id='par_1_83' title="bbox 2021 3765 3588 3842">
     <span class='ocr_line' id='line_1_83' title="bbox 2021 3765 3588 3842; baseline -0.006 -18"><span class='ocrx_word' id='word_1_594' title='bbox 2021 3771 2113 3825; x_wconf 80' lang='grc' dir='ltr'><strong>καὶ</strong></span> <span class='ocrx_word' id='word_1_595' title='bbox 2136 3770 2578 3842; x_wconf 79' lang='grc' dir='ltr'>τεθαρῤήκαμεν,</span> <span class='ocrx_word' id='word_1_596' title='bbox 2604 3770 2685 3822; x_wconf 84' lang='grc' dir='ltr'>ὅτι</span> <span class='ocrx_word' id='word_1_597' title='bbox 2716 3769 2868 3822; x_wconf 82' lang='grc' dir='ltr'>οὐδὲν</span> <span class='ocrx_word' id='word_1_598' title='bbox 2895 3767 3217 3820; x_wconf 80' lang='grc' dir='ltr'>ἐπείσακτον</span> <span class='ocrx_word' id='word_1_599' title='bbox 3246 3765 3367 3819; x_wconf 80' lang='grc' dir='ltr'>οὐδὲ</span> <span class='ocrx_word' id='word_1_600' title='bbox 3389 3765 3588 3833; x_wconf 80' lang='grc' dir='ltr'>κτίσμα</span> 
     </span>
    </p>
   </div>
   <div class='ocr_carea' id='block_1_84' title="bbox 2022 3856 3588 3934">
    <p class='ocr_par' dir='ltr' id='par_1_84' title="bbox 2022 3856 3588 3934">
     <span class='ocr_line' id='line_1_84' title="bbox 2022 3856 3588 3934; baseline -0.004 -20"><span class='ocrx_word' id='word_1_601' title='bbox 2022 3863 2168 3915; x_wconf 74' lang='grc' dir='ltr'>ἐστὶν</span> <span class='ocrx_word' id='word_1_602' title='bbox 2199 3863 2255 3916; x_wconf 84' lang='grc' dir='ltr'>ἐν</span> <span class='ocrx_word' id='word_1_603' title='bbox 2295 3864 2360 3934; x_wconf 82' lang='grc' dir='ltr'>τῇ</span> <span class='ocrx_word' id='word_1_604' title='bbox 2403 3862 2609 3933; x_wconf 85' lang='grc' dir='ltr'>Τριάδι.</span> <span class='ocrx_word' id='word_1_605' title='bbox 2652 3859 2877 3931; x_wconf 87' lang='grc' dir='ltr'>Πνεῦμα</span> <span class='ocrx_word' id='word_1_606' title='bbox 2914 3859 3022 3932; x_wconf 76' lang='grc' dir='ltr'>γὰρ</span> <span class='ocrx_word' id='word_1_607' title='bbox 3071 3857 3379 3928; x_wconf 77' lang='grc' dir='ltr'>ἁγιωσύνης</span> <span class='ocrx_word' id='word_1_608' title='bbox 3425 3856 3588 3910; x_wconf 77' lang='grc' dir='ltr'>ἐστίν·</span> 
     </span>
    </p>
   </div>
   <div class='ocr_carea' id='block_1_85' title="bbox 2021 3949 3593 4025">
    <p class='ocr_par' dir='ltr' id='par_1_85' title="bbox 2021 3949 3593 4025">
     <span class='ocr_line' id='line_1_85' title="bbox 2021 3949 3593 4025; baseline -0.004 -17"><span class='ocrx_word' id='word_1_609' title='bbox 2021 3955 2121 4025; x_wconf 81' lang='grc' dir='ltr'>οὐχ</span> <span class='ocrx_word' id='word_1_610' title='bbox 2160 3954 2540 4025; x_wconf 79' lang='grc' dir='ltr'>ἀγιαζόμενον,</span> <span class='ocrx_word' id='word_1_611' title='bbox 2579 3953 2691 4007; x_wconf 88' lang='grc' dir='ltr'>ἀλλ’</span> <span class='ocrx_word' id='word_1_612' title='bbox 2732 3955 2790 4006; x_wconf 85' lang='grc' dir='ltr'>ὲν</span> <span class='ocrx_word' id='word_1_613' title='bbox 2829 3951 2979 4023; x_wconf 85' lang='grc' dir='ltr'>αύτῷ</span> <span class='ocrx_word' id='word_1_614' title='bbox 3025 3952 3244 4005; x_wconf 77' lang='grc' dir='ltr'>πάντων</span> <span class='ocrx_word' id='word_1_615' title='bbox 3282 3950 3390 4004; x_wconf 84' lang='grc' dir='ltr'>τῶν</span> <span class='ocrx_word' id='word_1_616' title='bbox 3428 3949 3593 4018; x_wconf 82' lang='grc' dir='ltr'>ἁγίων</span> 
     </span>
    </p>
   </div>
   <div class='ocr_carea' id='block_1_86' title="bbox 2023 4040 3594 4116">
    <p class='ocr_par' dir='ltr' id='par_1_86' title="bbox 2023 4040 3594 4116">
     <span class='ocr_line' id='line_1_86' title="bbox 2023 4040 3594 4116; baseline -0.004 -17"><span class='ocrx_word' id='word_1_617' title='bbox 2023 4046 2418 4115; x_wconf 78' lang='grc' dir='ltr'>ἀγιαζομένων.</span> <span class='ocrx_word' id='word_1_618' title='bbox 2453 4046 2563 4099; x_wconf 77' lang='grc' dir='ltr'>Καὶ</span> <span class='ocrx_word' id='word_1_619' title='bbox 2591 4045 2699 4116; x_wconf 82' lang='grc' dir='ltr'>γὰρ</span> <span class='ocrx_word' id='word_1_620' title='bbox 2742 4047 2776 4115; x_wconf 77' lang='grc' dir='ltr'>ἡ</span> <span class='ocrx_word' id='word_1_621' title='bbox 2815 4044 3089 4115; x_wconf 82' lang='grc' dir='ltr'>τελειότης</span> <span class='ocrx_word' id='word_1_622' title='bbox 3125 4041 3280 4114; x_wconf 79' lang='grc' dir='ltr'>ἡμῶν</span> <span class='ocrx_word' id='word_1_623' title='bbox 3321 4043 3379 4094; x_wconf 79' lang='grc' dir='ltr'>ἐν</span> <span class='ocrx_word' id='word_1_624' title='bbox 3421 4040 3594 4111; x_wconf 73' lang='grc' dir='ltr'>Πατρὶ</span> 
     </span>
    </p>
   </div>
   <div class='ocr_carea' id='block_1_87' title="bbox 2025 4133 3593 4208">
    <p class='ocr_par' dir='ltr' id='par_1_87' title="bbox 2025 4133 3593 4208">
     <span class='ocr_line' id='line_1_87' title="bbox 2025 4133 3593 4208; baseline -0.007 -17"><span class='ocrx_word' id='word_1_625' title='bbox 2025 4139 2118 4191; x_wconf 70' lang='grc' dir='ltr'><strong>καὶ</strong></span> <span class='ocrx_word' id='word_1_626' title='bbox 2145 4137 2261 4207; x_wconf 81' lang='grc' dir='ltr'>Υίῷ</span> <span class='ocrx_word' id='word_1_627' title='bbox 2286 4137 2379 4190; x_wconf 71' lang='grc' dir='ltr'><strong>καὶ</strong></span> <span class='ocrx_word' id='word_1_628' title='bbox 2399 4137 2540 4208; x_wconf 81' lang='grc' dir='ltr'>ἁγίῳ</span> <span class='ocrx_word' id='word_1_629' title='bbox 2566 4136 2842 4207; x_wconf 81' lang='grc' dir='ltr'>Πνεύματι</span> <span class='ocrx_word' id='word_1_630' title='bbox 2863 4135 3085 4198; x_wconf 82' lang='grc' dir='ltr'>δίδοται,</span> <span class='ocrx_word' id='word_1_631' title='bbox 3117 4134 3210 4187; x_wconf 73' lang='grc' dir='ltr'><strong>καὶ</strong></span> <span class='ocrx_word' id='word_1_632' title='bbox 3235 4134 3466 4202; x_wconf 85' lang='grc' dir='ltr'>γίνεται.</span> <span class='ocrx_word' id='word_1_633' title='bbox 3492 4133 3593 4186; x_wconf 74' lang='lat' dir='ltr'><strong>Kal</strong></span> 
     </span>
    </p>
   </div>
   <div class='ocr_carea' id='block_1_88' title="bbox 2029 4224 3594 4301">
    <p class='ocr_par' dir='ltr' id='par_1_88' title="bbox 2029 4224 3594 4301">
     <span class='ocr_line' id='line_1_88' title="bbox 2029 4224 3594 4301; baseline -0.005 -21"><span class='ocrx_word' id='word_1_634' title='bbox 2029 4229 2125 4301; x_wconf 88' lang='grc' dir='ltr'><strong>μία</strong></span> <span class='ocrx_word' id='word_1_635' title='bbox 2161 4230 2342 4294; x_wconf 86' lang='grc' dir='ltr'>πίστις</span> <span class='ocrx_word' id='word_1_636' title='bbox 2382 4231 2530 4282; x_wconf 73' lang='grc' dir='ltr'>ἐστὶν</span> <span class='ocrx_word' id='word_1_637' title='bbox 2565 4231 2643 4293; x_wconf 81' lang='grc' dir='ltr'>εἰς</span> <span class='ocrx_word' id='word_1_638' title='bbox 2672 4228 2768 4281; x_wconf 73' lang='grc' dir='ltr'>ἕνα</span> <span class='ocrx_word' id='word_1_639' title='bbox 2799 4227 2932 4280; x_wconf 80' lang='grc' dir='ltr'>Θεὸν</span> <span class='ocrx_word' id='word_1_640' title='bbox 2963 4227 3030 4280; x_wconf 86' lang='grc' dir='ltr'><strong>δι’</strong></span> <span class='ocrx_word' id='word_1_641' title='bbox 3057 4225 3185 4279; x_wconf 81' lang='grc' dir='ltr'>Υίοῦ</span> <span class='ocrx_word' id='word_1_642' title='bbox 3223 4227 3278 4278; x_wconf 81' lang='grc' dir='ltr'>ἐν</span> <span class='ocrx_word' id='word_1_643' title='bbox 3319 4224 3594 4292; x_wconf 74' lang='grc' dir='ltr'>Πνεύματπ</span> 
     </span>
    </p>
   </div>
   <div class='ocr_carea' id='block_1_89' title="bbox 2025 4315 3594 4392">
    <p class='ocr_par' dir='ltr' id='par_1_89' title="bbox 2025 4315 3594 4392">
     <span class='ocr_line' id='line_1_89' title="bbox 2025 4315 3594 4392; baseline -0.004 -18"><span class='ocrx_word' id='word_1_644' title='bbox 2025 4320 2184 4391; x_wconf 81' lang='grc' dir='ltr'>ἁγίῳ.</span> <span class='ocrx_word' id='word_1_645' title='bbox 2220 4321 2392 4392; x_wconf 77' lang='grc' dir='ltr'>’Υπὲρ</span> <span class='ocrx_word' id='word_1_646' title='bbox 2427 4320 2669 4384; x_wconf 82' lang='grc' dir='ltr'>πλείονος</span> <span class='ocrx_word' id='word_1_647' title='bbox 2692 4319 2821 4388; x_wconf 84' lang='grc' dir='ltr'>γοῦν</span> <span class='ocrx_word' id='word_1_648' title='bbox 2855 4317 3177 4391; x_wconf 83' lang='grc' dir='ltr'>μαρτυρίας,</span> <span class='ocrx_word' id='word_1_649' title='bbox 3202 4315 3594 4386; x_wconf 78' lang='grc' dir='ltr'>ἀναθεματίζο-</span> 
     </span>
    </p>
   </div>
   <div class='ocr_carea' id='block_1_90' title="bbox 353 4401 1896 4484">
    <p class='ocr_par' dir='ltr' id='par_1_90' title="bbox 353 4402 1896 4482">
     <span class='ocr_line' id='line_1_90' title="bbox 353 4402 1896 4482; baseline -0.005 -17"><span class='ocrx_word' id='word_1_650' title='bbox 353 4421 516 4482; x_wconf 87' lang='lat' dir='ltr'><strong>atque</strong></span> <span class='ocrx_word' id='word_1_651' title='bbox 555 4409 806 4465; x_wconf 75' lang='lat' dir='ltr'><strong>efﬁcitur.</strong></span> <span class='ocrx_word' id='word_1_652' title='bbox 856 4407 1087 4477; x_wconf 86' lang='lat' dir='ltr'><strong>Unaque</strong></span> <span class='ocrx_word' id='word_1_653' title='bbox 1132 4405 1266 4460; x_wconf 83' lang='lat' dir='ltr'><strong>ﬁdes</strong></span> <span class='ocrx_word' id='word_1_654' title='bbox 1303 4410 1388 4460; x_wconf 93' lang='lat' dir='ltr'><strong>est</strong></span> <span class='ocrx_word' id='word_1_655' title='bbox 1429 4405 1486 4458; x_wconf 91' lang='lat' dir='ltr'><strong>in</strong></span> <span class='ocrx_word' id='word_1_656' title='bbox 1522 4419 1690 4458; x_wconf 91' lang='lat' dir='ltr'><strong>unum</strong></span> <span class='ocrx_word' id='word_1_657' title='bbox 1749 4402 1896 4459; x_wconf 90' lang='lat' dir='ltr'><strong>Deun</strong></span> 
     </span>
    </p>
   </div>
   <div class='ocr_carea' id='block_1_91' title="bbox 2010 4401 3597 4484">
    <p class='ocr_par' dir='ltr' id='par_1_91' title="bbox 2033 4405 3597 4484">
     <span class='ocr_line' id='line_1_91' title="bbox 2033 4405 3597 4484; baseline -0.002 -19"><span class='ocrx_word' id='word_1_658' title='bbox 2033 4429 2132 4484; x_wconf 92' lang='grc' dir='ltr'><strong>μεν</strong></span> <span class='ocrx_word' id='word_1_659' title='bbox 2154 4413 2280 4475; x_wconf 86' lang='grc' dir='ltr'>τοὺς</span> <span class='ocrx_word' id='word_1_660' title='bbox 2309 4411 2636 4482; x_wconf 80' lang='grc' dir='ltr'>φρονοῦντας</span> <span class='ocrx_word' id='word_1_661' title='bbox 2667 4411 2761 4464; x_wconf 72' lang='grc' dir='ltr'>καὶ</span> <span class='ocrx_word' id='word_1_662' title='bbox 2791 4411 3065 4480; x_wconf 73' lang='grc' dir='ltr'>λέγονταςο</span> <span class='ocrx_word' id='word_1_663' title='bbox 3095 4405 3201 4461; x_wconf 87' lang='grc' dir='ltr'>Ἦν</span> <span class='ocrx_word' id='word_1_664' title='bbox 3233 4424 3364 4461; x_wconf 80' lang='grc' dir='ltr'>ποτε</span> <span class='ocrx_word' id='word_1_665' title='bbox 3384 4408 3597 4477; x_wconf 76' lang='grc' dir='ltr'><strong>μονὰς.</strong></span> 
     </span>
    </p>
   </div>
   <div class='ocr_carea' id='block_1_92' title="bbox 353 4495 1926 4574">
    <p class='ocr_par' dir='ltr' id='par_1_92' title="bbox 353 4495 1926 4574">
     <span class='ocr_line' id='line_1_92' title="bbox 353 4495 1926 4574; baseline -0.004 -16"><span class='ocrx_word' id='word_1_666' title='bbox 353 4520 450 4574; x_wconf 90' lang='lat' dir='ltr'><strong>per</strong></span> <span class='ocrx_word' id='word_1_667' title='bbox 509 4502 709 4558; x_wconf 91' lang='lat' dir='ltr'><strong>Filium</strong></span> <span class='ocrx_word' id='word_1_668' title='bbox 769 4503 826 4555; x_wconf 87' lang='lat' dir='ltr'><strong>in</strong></span> <span class='ocrx_word' id='word_1_669' title='bbox 883 4499 1088 4571; x_wconf 88' lang='lat' dir='ltr'><strong>Spiritu</strong></span> <span class='ocrx_word' id='word_1_670' title='bbox 1145 4503 1356 4554; x_wconf 85' lang='lat' dir='ltr'><strong>sancto.</strong></span> <span class='ocrx_word' id='word_1_671' title='bbox 1417 4495 1691 4552; x_wconf 89' lang='lat' dir='ltr'><strong>Plenioris</strong></span> <span class='ocrx_word' id='word_1_672' title='bbox 1739 4497 1926 4567; x_wconf 89' lang='lat' dir='ltr'><strong>itaque</strong></span> 
     </span>
    </p>
   </div>
   <div class='ocr_carea' id='block_1_93' title="bbox 355 4590 1929 4669">
    <p class='ocr_par' dir='ltr' id='par_1_93' title="bbox 355 4590 1929 4669">
     <span class='ocr_line' id='line_1_93' title="bbox 355 4590 1929 4669; baseline -0.006 -16"><span class='ocrx_word' id='word_1_673' title='bbox 355 4597 690 4669; x_wconf 87' lang='lat' dir='ltr'><strong>majorisque</strong></span> <span class='ocrx_word' id='word_1_674' title='bbox 757 4593 1052 4649; x_wconf 89' lang='lat' dir='ltr'><strong>testimonii</strong></span> <span class='ocrx_word' id='word_1_675' title='bbox 1127 4605 1330 4655; x_wconf 90' lang='lat' dir='ltr'><strong>causa,</strong></span> <span class='ocrx_word' id='word_1_676' title='bbox 1388 4590 1735 4644; x_wconf 83' lang='lat' dir='ltr'><strong>anathemate</strong></span> <span class='ocrx_word' id='word_1_677' title='bbox 1798 4590 1929 4644; x_wconf 85' lang='lat' dir='ltr'><strong>feri-</strong></span> 
     </span>
    </p>
   </div>
   <div class='ocr_carea' id='block_1_94' title="bbox 355 4669 1926 4756">
    <p class='ocr_par' dir='ltr' id='par_1_94' title="bbox 355 4669 1926 4756">
     <span class='ocr_line' id='line_1_94' title="bbox 355 4669 1926 4756; baseline -0.003 -16"><span class='ocrx_word' id='word_1_678' title='bbox 355 4704 478 4743; x_wconf 88' lang='lat' dir='ltr'><strong>mus</strong></span> <span class='ocrx_word' id='word_1_679' title='bbox 515 4702 611 4742; x_wconf 91' lang='lat' dir='ltr'><strong>eos</strong></span> <span class='ocrx_word' id='word_1_680' title='bbox 643 4685 736 4756; x_wconf 92' lang='lat' dir='ltr'><strong>qui</strong></span> <span class='ocrx_word' id='word_1_681' title='bbox 781 4669 1022 4738; x_wconf 76' lang='lat' dir='ltr'><strong>sentiunt</strong></span> <span class='ocrx_word' id='word_1_682' title='bbox 1057 4697 1122 4736; x_wconf 92' lang='lat' dir='ltr'><strong>ac</strong></span> <span class='ocrx_word' id='word_1_683' title='bbox 1157 4679 1350 4736; x_wconf 88' lang='lat' dir='ltr'><strong>dicunt</strong></span> <span class='ocrx_word' id='word_1_684' title='bbox 1395 4697 1409 4734; x_wconf 87' lang='lat'><strong>:</strong></span> <span class='ocrx_word' id='word_1_685' title='bbox 1458 4677 1584 4734; x_wconf 87' lang='lat' dir='ltr'><strong>Fuit</strong></span> <span class='ocrx_word' id='word_1_686' title='bbox 1624 4680 1926 4750; x_wconf 87' lang='lat' dir='ltr'><strong>aliquando</strong></span> 
     </span>
    </p>
   </div>
   <div class='ocr_carea' id='block_1_95' title="bbox 356 4770 1930 4842">
    <p class='ocr_par' dir='ltr' id='par_1_95' title="bbox 356 4770 1930 4842">
     <span class='ocr_line' id='line_1_95' title="bbox 356 4770 1930 4842; baseline -0.002 -11"><span class='ocrx_word' id='word_1_687' title='bbox 356 4795 562 4842; x_wconf 76' lang='lat' dir='ltr'><strong>manas,</strong></span> <span class='ocrx_word' id='word_1_688' title='bbox 605 4779 722 4833; x_wconf 81' lang='lat' dir='ltr'><strong>sive</strong></span> <span class='ocrx_word' id='word_1_689' title='bbox 750 4776 952 4840; x_wconf 88' lang='lat' dir='ltr'><strong>unitas,</strong></span> <span class='ocrx_word' id='word_1_690' title='bbox 1001 4788 1126 4830; x_wconf 90' lang='lat' dir='ltr'><strong>cum</strong></span> <span class='ocrx_word' id='word_1_691' title='bbox 1168 4773 1409 4828; x_wconf 89' lang='lat' dir='ltr'><strong>nondum</strong></span> <span class='ocrx_word' id='word_1_692' title='bbox 1451 4782 1598 4826; x_wconf 90' lang='lat' dir='ltr'><strong>esset</strong></span> <span class='ocrx_word' id='word_1_693' title='bbox 1629 4770 1838 4838; x_wconf 87' lang='lat' dir='ltr'><strong>Filius;</strong></span> <span class='ocrx_word' id='word_1_694' title='bbox 1874 4780 1930 4828; x_wconf 82' lang='lat' dir='ltr'><strong>et</strong></span> 
     </span>
    </p>
   </div>
   <div class='ocr_carea' id='block_1_96' title="bbox 359 4861 1923 4940">
    <p class='ocr_par' dir='ltr' id='par_1_96' title="bbox 359 4861 1923 4940">
     <span class='ocr_line' id='line_1_96' title="bbox 359 4861 1923 4940; baseline -0.001 -18"><span class='ocrx_word' id='word_1_695' title='bbox 359 4869 461 4923; x_wconf 76' lang='lat' dir='ltr'><strong>fuit</strong></span> <span class='ocrx_word' id='word_1_696' title='bbox 485 4866 776 4940; x_wconf 87' lang='lat' dir='ltr'><strong>aliquando</strong></span> <span class='ocrx_word' id='word_1_697' title='bbox 801 4868 954 4937; x_wconf 77' lang='lat' dir='ltr'><strong>dyas,</strong></span> <span class='ocrx_word' id='word_1_698' title='bbox 982 4865 1139 4936; x_wconf 88' lang='lat' dir='ltr'><strong>quasi</strong></span> <span class='ocrx_word' id='word_1_699' title='bbox 1163 4864 1376 4918; x_wconf 90' lang='lat' dir='ltr'><strong>dicatur</strong></span> <span class='ocrx_word' id='word_1_700' title='bbox 1403 4861 1606 4928; x_wconf 85' lang='lat' dir='ltr'><strong>duitas,</strong></span> <span class='ocrx_word' id='word_1_701' title='bbox 1632 4879 1756 4918; x_wconf 91' lang='lat' dir='ltr'><strong>cum</strong></span> <span class='ocrx_word' id='word_1_702' title='bbox 1783 4881 1923 4920; x_wconf 79' lang='lat' dir='ltr'><strong>non-</strong></span> 
     </span>
    </p>
   </div>
   <div class='ocr_carea' id='block_1_97' title="bbox 359 4953 1920 5029">
    <p class='ocr_par' dir='ltr' id='par_1_97' title="bbox 359 4953 1920 5029">
     <span class='ocr_line' id='line_1_97' title="bbox 359 4953 1920 5029; baseline 0 -17"><span class='ocrx_word' id='word_1_703' title='bbox 359 4959 487 5014; x_wconf 85' lang='lat' dir='ltr'><strong>dum</strong></span> <span class='ocrx_word' id='word_1_704' title='bbox 520 4968 664 5017; x_wconf 84' lang='lat' dir='ltr'><strong>esset</strong></span> <span class='ocrx_word' id='word_1_705' title='bbox 691 4959 927 5029; x_wconf 87' lang='lat' dir='ltr'><strong>Spiritus</strong></span> <span class='ocrx_word' id='word_1_706' title='bbox 959 4965 1205 5013; x_wconf 88' lang='lat' dir='ltr'><strong>sanctus.</strong></span> <span class='ocrx_word' id='word_1_707' title='bbox 1241 4953 1458 5010; x_wconf 90' lang='lat' dir='ltr'><strong>Scimus</strong></span> <span class='ocrx_word' id='word_1_708' title='bbox 1491 4956 1637 5009; x_wconf 92' lang='lat' dir='ltr'><strong>enim</strong></span> <span class='ocrx_word' id='word_1_709' title='bbox 1667 4967 1920 5012; x_wconf 89' lang='lat' dir='ltr'><strong>sanctam</strong></span> 
     </span>
    </p>
   </div>
   <div class='ocr_carea' id='block_1_98' title="bbox 2033 4500 3598 4576">
    <p class='ocr_par' dir='ltr' id='par_1_98' title="bbox 2033 4500 3598 4576">
     <span class='ocr_line' id='line_1_98' title="bbox 2033 4500 3598 4576; baseline -0.004 -18"><span class='ocrx_word' id='word_1_710' title='bbox 2033 4504 2108 4576; x_wconf 81' lang='grc' dir='ltr'><strong>μὴ</strong></span> <span class='ocrx_word' id='word_1_711' title='bbox 2139 4504 2290 4568; x_wconf 81' lang='grc' dir='ltr'>ὄντος</span> <span class='ocrx_word' id='word_1_712' title='bbox 2320 4503 2469 4556; x_wconf 85' lang='grc' dir='ltr'>Υίοῦ·</span> <span class='ocrx_word' id='word_1_713' title='bbox 2512 4505 2607 4558; x_wconf 78' lang='grc' dir='ltr'><strong>καὶ</strong></span> <span class='ocrx_word' id='word_1_714' title='bbox 2643 4500 2710 4575; x_wconf 78' lang='grc' dir='ltr'>ἦν</span> <span class='ocrx_word' id='word_1_715' title='bbox 2751 4521 2878 4557; x_wconf 86' lang='grc' dir='ltr'>ποτε</span> <span class='ocrx_word' id='word_1_716' title='bbox 2915 4502 3085 4569; x_wconf 78' lang='grc' dir='ltr'>δυὰς,</span> <span class='ocrx_word' id='word_1_717' title='bbox 3131 4502 3204 4574; x_wconf 83' lang='grc' dir='ltr'><strong>μὴ</strong></span> <span class='ocrx_word' id='word_1_718' title='bbox 3248 4502 3402 4564; x_wconf 71' lang='grc' dir='ltr'>ὄντος</span> <span class='ocrx_word' id='word_1_719' title='bbox 3448 4501 3598 4569; x_wconf 84' lang='grc' dir='ltr'>ἁγίου</span> 
     </span>
    </p>
   </div>
   <div class='ocr_carea' id='block_1_99' title="bbox 2031 4593 3598 4668">
    <p class='ocr_par' dir='ltr' id='par_1_99' title="bbox 2031 4593 3598 4668">
     <span class='ocr_line' id='line_1_99' title="bbox 2031 4593 3598 4668; baseline -0.003 -19"><span class='ocrx_word' id='word_1_720' title='bbox 2031 4596 2362 4668; x_wconf 88' lang='grc' dir='ltr'>Πνεύματος·</span> <span class='ocrx_word' id='word_1_721' title='bbox 2404 4595 2572 4650; x_wconf 79' lang='grc' dir='ltr'>ἀΐδιον</span> <span class='ocrx_word' id='word_1_722' title='bbox 2612 4597 2720 4668; x_wconf 80' lang='grc' dir='ltr'><strong>γὰρ</strong></span> <span class='ocrx_word' id='word_1_723' title='bbox 2754 4596 2849 4650; x_wconf 82' lang='grc' dir='ltr'>καὶ</span> <span class='ocrx_word' id='word_1_724' title='bbox 2883 4595 3178 4649; x_wconf 85' lang='grc' dir='ltr'>ἀειτελείαν</span> <span class='ocrx_word' id='word_1_725' title='bbox 3222 4594 3469 4664; x_wconf 77' lang='grc' dir='ltr'>οἴδαμεν,</span> <span class='ocrx_word' id='word_1_726' title='bbox 3513 4593 3598 4646; x_wconf 74' lang='grc' dir='ltr'>καὶ</span> 
     </span>
    </p>
   </div>
   <div class='ocr_carea' id='block_1_100' title="bbox 2031 4685 3580 4761">
    <p class='ocr_par' dir='ltr' id='par_1_100' title="bbox 2031 4685 3580 4761">
     <span class='ocr_line' id='line_1_100' title="bbox 2031 4685 3580 4761; baseline -0.002 -20"><span class='ocrx_word' id='word_1_727' title='bbox 2031 4688 2291 4752; x_wconf 82' lang='grc' dir='ltr'>ὡσαύτως</span> <span class='ocrx_word' id='word_1_728' title='bbox 2323 4687 2551 4758; x_wconf 77' lang='grc' dir='ltr'>ἔχουσαν</span> <span class='ocrx_word' id='word_1_729' title='bbox 2582 4689 2680 4760; x_wconf 85' lang='grc' dir='ltr'>τὴν</span> <span class='ocrx_word' id='word_1_730' title='bbox 2715 4689 2874 4757; x_wconf 86' lang='grc' dir='ltr'>ἁγίαν</span> <span class='ocrx_word' id='word_1_731' title='bbox 2914 4687 3139 4761; x_wconf 83' lang='grc' dir='ltr'>Τριάδα.</span> <span class='ocrx_word' id='word_1_732' title='bbox 3181 4687 3272 4740; x_wconf 85' lang='grc' dir='ltr'>Διὸ</span> <span class='ocrx_word' id='word_1_733' title='bbox 3313 4685 3580 4740; x_wconf 78' lang='grc' dir='ltr'>καὶ·ἀλλο</span> 
     </span>
    </p>
   </div>
   <div class='ocr_carea' id='block_1_101' title="bbox 2032 4776 3601 4850">
    <p class='ocr_par' dir='ltr' id='par_1_101' title="bbox 2032 4776 3601 4850">
     <span class='ocr_line' id='line_1_101' title="bbox 2032 4776 3601 4850; baseline -0.001 -19"><span class='ocrx_word' id='word_1_734' title='bbox 2032 4777 2214 4848; x_wconf 91' lang='grc' dir='ltr'>τρίους</span> <span class='ocrx_word' id='word_1_735' title='bbox 2242 4779 2339 4849; x_wconf 82' lang='grc' dir='ltr'><strong>τῆς</strong></span> <span class='ocrx_word' id='word_1_736' title='bbox 2381 4778 2708 4849; x_wconf 86' lang='grc' dir='ltr'>Ἐκκλησίας</span> <span class='ocrx_word' id='word_1_737' title='bbox 2745 4779 2940 4850; x_wconf 79' lang='grc' dir='ltr'>ἔχομεν</span> <span class='ocrx_word' id='word_1_738' title='bbox 2983 4779 3108 4842; x_wconf 85' lang='grc' dir='ltr'>τοὺς</span> <span class='ocrx_word' id='word_1_739' title='bbox 3143 4776 3476 4850; x_wconf 84' lang='grc' dir='ltr'>φρονοῦντας</span> <span class='ocrx_word' id='word_1_740' title='bbox 3515 4777 3601 4829; x_wconf 79' lang='grc' dir='ltr'>καὶ</span> 
     </span>
    </p>
   </div>
   <div class='ocr_carea' id='block_1_102' title="bbox 2033 4867 3604 4943">
    <p class='ocr_par' dir='ltr' id='par_1_102' title="bbox 2033 4867 3604 4943">
     <span class='ocr_line' id='line_1_102' title="bbox 2033 4867 3604 4943; baseline -0.001 -21"><span class='ocrx_word' id='word_1_741' title='bbox 2033 4870 2308 4939; x_wconf 65' lang='grc' dir='ltr'>λέγοντας</span> <span class='ocrx_word' id='word_1_742' title='bbox 2341 4868 2448 4925; x_wconf 87' lang='grc' dir='ltr'>Ἦν</span> <span class='ocrx_word' id='word_1_743' title='bbox 2474 4889 2604 4926; x_wconf 85' lang='grc' dir='ltr'>ποτε</span> <span class='ocrx_word' id='word_1_744' title='bbox 2630 4873 2720 4926; x_wconf 83' lang='grc' dir='ltr'>ὅτε</span> <span class='ocrx_word' id='word_1_745' title='bbox 2747 4872 2847 4926; x_wconf 80' lang='grc' dir='ltr'><strong>οὐκ</strong></span> <span class='ocrx_word' id='word_1_746' title='bbox 2874 4867 2943 4943; x_wconf 81' lang='grc' dir='ltr'>ἦν</span> <span class='ocrx_word' id='word_1_747' title='bbox 2973 4873 3003 4925; x_wconf 84' lang='grc' dir='ltr'>ὁ</span> <span class='ocrx_word' id='word_1_748' title='bbox 3029 4871 3176 4936; x_wconf 80' lang='grc' dir='ltr'>Υἱὸς,</span> <span class='ocrx_word' id='word_1_749' title='bbox 3198 4871 3290 4924; x_wconf 74' lang='grc' dir='ltr'>καὶ</span> <span class='ocrx_word' id='word_1_750' title='bbox 3314 4871 3396 4924; x_wconf 87' lang='grc' dir='ltr'>ὅτι</span> <span class='ocrx_word' id='word_1_751' title='bbox 3419 4869 3482 4935; x_wconf 73' lang='grc' dir='ltr'>ἐξ</span> <span class='ocrx_word' id='word_1_752' title='bbox 3510 4869 3604 4922; x_wconf 65' lang='grc' dir='ltr'>οὐκ</span> 
     </span>
    </p>
   </div>
   <div class='ocr_carea' id='block_1_103' title="bbox 2033 4963 3079 5035">
    <p class='ocr_par' dir='ltr' id='par_1_103' title="bbox 2033 4963 3079 5035">
     <span class='ocr_line' id='line_1_103' title="bbox 2033 4963 3079 5035; baseline 0 -19"><span class='ocrx_word' id='word_1_753' title='bbox 2033 4963 2200 5016; x_wconf 74' lang='grc' dir='ltr'>ὅντων</span> <span class='ocrx_word' id='word_1_754' title='bbox 2227 4964 2443 5032; x_wconf 76' lang='grc' dir='ltr'>ἐγένετο</span> <span class='ocrx_word' id='word_1_755' title='bbox 2470 4964 2532 5018; x_wconf 86' lang='grc' dir='ltr'>τδ</span> <span class='ocrx_word' id='word_1_756' title='bbox 2559 4964 2780 5035; x_wconf 84' lang='grc' dir='ltr'>Πνεῦμα</span> <span class='ocrx_word' id='word_1_757' title='bbox 2811 4963 2872 5016; x_wconf 76' lang='grc' dir='ltr'>τὸ</span> <span class='ocrx_word' id='word_1_758' title='bbox 2903 4964 3079 5032; x_wconf 82' lang='grc' dir='ltr'>ἆγιον,</span> 
     </span>
    </p>
   </div>
   <div class='ocr_carea' id='block_1_104' title="bbox 361 5050 3606 5126">
    <p class='ocr_par' dir='ltr' id='par_1_104' title="bbox 361 5050 3606 5126">
     <span class='ocr_line' id='line_1_104' title="bbox 361 5050 3606 5126; baseline 0 -19"><span class='ocrx_word' id='word_1_759' title='bbox 361 5053 679 5112; x_wconf 89' lang='lat' dir='ltr'><strong>Trinitatem</strong></span> <span class='ocrx_word' id='word_1_760' title='bbox 706 5056 1112 5125; x_wconf 89' lang='lat' dir='ltr'><strong>sempiternam,</strong></span> <span class='ocrx_word' id='word_1_761' title='bbox 1143 5067 1357 5122; x_wconf 88' lang='lat' dir='ltr'><strong>semper</strong></span> <span class='ocrx_word' id='word_1_762' title='bbox 1382 5050 1678 5122; x_wconf 82' lang='lat' dir='ltr'><strong>perfectam</strong></span> <span class='ocrx_word' id='word_1_763' title='bbox 1709 5051 1900 5120; x_wconf 82' lang='lat' dir='ltr'><strong>fuisse,</strong></span> <span class='ocrx_word' id='word_1_764' title='bbox 1937 5071 2001 5113; x_wconf 90' lang='lat' dir='ltr'><strong>ac</strong></span> <span class='ocrx_word' id='word_1_765' title='bbox 2024 5059 2213 5114; x_wconf 92' lang='lat' dir='ltr'><strong>eodem</strong></span> <span class='ocrx_word' id='word_1_766' title='bbox 2266 5060 2426 5116; x_wconf 90' lang='lat' dir='ltr'><strong>modo</strong></span> <span class='ocrx_word' id='word_1_767' title='bbox 2465 5076 2525 5115; x_wconf 91' lang='lat' dir='ltr'><strong>se</strong></span> <span class='ocrx_word' id='word_1_768' title='bbox 2559 5061 2836 5115; x_wconf 90' lang='lat' dir='ltr'><strong>habuisse.</strong></span> <span class='ocrx_word' id='word_1_769' title='bbox 2905 5057 3274 5126; x_wconf 85' lang='lat' dir='ltr'><strong>Quamobrem</strong></span> <span class='ocrx_word' id='word_1_770' title='bbox 3313 5055 3384 5111; x_wconf 90' lang='lat' dir='ltr'><strong>ab</strong></span> <span class='ocrx_word' id='word_1_771' title='bbox 3425 5054 3606 5109; x_wconf 77' lang='lat' dir='ltr'><strong>Eccle-</strong></span> 
     </span>
    </p>
   </div>
   <div class='ocr_carea' id='block_1_105' title="bbox 361 5147 3605 5223">
    <p class='ocr_par' dir='ltr' id='par_1_105' title="bbox 361 5147 3605 5223">
     <span class='ocr_line' id='line_1_105' title="bbox 361 5147 3605 5223; baseline -0.002 -23"><span class='ocrx_word' id='word_1_772' title='bbox 361 5147 443 5200; x_wconf 85' lang='lat' dir='ltr'><strong>sia</strong></span> <span class='ocrx_word' id='word_1_773' title='bbox 489 5149 760 5203; x_wconf 87' lang='lat' dir='ltr'><strong>catholica</strong></span> <span class='ocrx_word' id='word_1_774' title='bbox 805 5148 1010 5203; x_wconf 91' lang='lat' dir='ltr'><strong>alienos</strong></span> <span class='ocrx_word' id='word_1_775' title='bbox 1053 5157 1367 5218; x_wconf 88' lang='lat' dir='ltr'><strong>reputamus</strong></span> <span class='ocrx_word' id='word_1_776' title='bbox 1414 5161 1510 5204; x_wconf 88' lang='lat' dir='ltr'><strong>eos</strong></span> <span class='ocrx_word' id='word_1_777' title='bbox 1547 5149 1641 5218; x_wconf 89' lang='lat' dir='ltr'><strong>qui</strong></span> <span class='ocrx_word' id='word_1_778' title='bbox 1707 5151 1954 5206; x_wconf 92' lang='lat' dir='ltr'><strong>sentiunt</strong></span> <span class='ocrx_word' id='word_1_779' title='bbox 1992 5160 2153 5223; x_wconf 85' lang='lat' dir='ltr'><strong>atque</strong></span> <span class='ocrx_word' id='word_1_780' title='bbox 2182 5155 2406 5211; x_wconf 66' lang='lat' dir='ltr'><strong>dicunt;</strong></span> <span class='ocrx_word' id='word_1_781' title='bbox 2459 5155 2587 5211; x_wconf 58' lang='lat' dir='ltr'><strong>Fui;</strong></span> <span class='ocrx_word' id='word_1_782' title='bbox 2622 5173 2745 5211; x_wconf 75' lang='lat' dir='ltr'><strong>cum</strong></span> <span class='ocrx_word' id='word_1_783' title='bbox 2796 5172 2905 5211; x_wconf 76' lang='lat' dir='ltr'><strong>non</strong></span> <span class='ocrx_word' id='word_1_784' title='bbox 2940 5164 3087 5212; x_wconf 57' lang='lat' dir='ltr'><strong>esse;</strong></span> <span class='ocrx_word' id='word_1_785' title='bbox 3118 5153 3312 5219; x_wconf 63' lang='lat' dir='ltr'><strong>Filius,</strong></span> <span class='ocrx_word' id='word_1_786' title='bbox 3346 5161 3514 5223; x_wconf 56' lang='lat' dir='ltr'><strong>atque</strong></span> <span class='ocrx_word' id='word_1_787' title='bbox 3544 5168 3605 5207; x_wconf 70' lang='grc' dir='ltr'>ει</span> 
     </span>
    </p>
   </div>
   <div class='ocr_carea' id='block_1_106' title="bbox 361 5242 1699 5313">
    <p class='ocr_par' dir='ltr' id='par_1_106' title="bbox 361 5242 1699 5313">
     <span class='ocr_line' id='line_1_106' title="bbox 361 5242 1699 5313; baseline -0.004 -13"><span class='ocrx_word' id='word_1_788' title='bbox 361 5257 471 5300; x_wconf 83' lang='lat' dir='ltr'><strong>non</strong></span> <span class='ocrx_word' id='word_1_789' title='bbox 499 5245 840 5300; x_wconf 79' lang='lat' dir='ltr'><strong>exstantibus</strong></span> <span class='ocrx_word' id='word_1_790' title='bbox 872 5242 1046 5297; x_wconf 77' lang='lat' dir='ltr'><strong>lactus</strong></span> <span class='ocrx_word' id='word_1_791' title='bbox 1078 5251 1161 5297; x_wconf 87' lang='lat' dir='ltr'><strong>est</strong></span> <span class='ocrx_word' id='word_1_792' title='bbox 1195 5242 1430 5313; x_wconf 90' lang='lat' dir='ltr'><strong>Spiritus</strong></span> <span class='ocrx_word' id='word_1_793' title='bbox 1453 5251 1699 5298; x_wconf 90' lang='lat' dir='ltr'><strong>sanctus.</strong></span> 
     </span>
    </p>
   </div>
   <div class='ocr_carea' id='block_1_107' title="bbox 437 5336 893 5406">
    <p class='ocr_par' dir='ltr' id='par_1_107' title="bbox 437 5336 893 5406">
     <span class='ocr_line' id='line_1_107' title="bbox 437 5336 893 5406; baseline -0.002 -14"><span class='ocrx_word' id='word_1_794' title='bbox 437 5338 453 5369; x_wconf 79' lang='lat'><strong>’</strong></span> <span class='ocrx_word' id='word_1_795' title='bbox 482 5336 696 5396; x_wconf 88' lang='lat' dir='ltr'><strong>Coloss.</strong></span> <span class='ocrx_word' id='word_1_796' title='bbox 731 5355 771 5406; x_wconf 84' lang='grc' dir='ltr'><strong>ι,</strong></span> <span class='ocrx_word' id='word_1_797' title='bbox 808 5337 893 5392; x_wconf 77' lang='lat' dir='ltr'><strong>i6.</strong></span> 
     </span>
    </p>
   </div>
   <div class='ocr_carea' id='block_1_108' title="bbox 540 5457 1677 5514">
    <p class='ocr_par' dir='ltr' id='par_1_108' title="bbox 540 5457 1677 5514">
     <span class='ocr_line' id='line_1_108' title="bbox 540 5457 1677 5514; baseline 0 -2"><span class='ocrx_word' id='word_1_798' title='bbox 540 5457 678 5514; x_wconf 77' lang='lat' dir='ltr'><strong>Vide</strong></span> <span class='ocrx_word' id='word_1_799' title='bbox 704 5459 1000 5514; x_wconf 88' lang='lat' dir='ltr'><strong>Diatribam</strong></span> <span class='ocrx_word' id='word_1_800' title='bbox 1033 5467 1275 5513; x_wconf 90' lang='lat' dir='ltr'><strong>nostram</strong></span> <span class='ocrx_word' id='word_1_801' title='bbox 1307 5458 1374 5513; x_wconf 92' lang='lat' dir='ltr'><strong>de</strong></span> <span class='ocrx_word' id='word_1_802' title='bbox 1404 5457 1677 5513; x_wconf 77' lang='lat' dir='ltr'><strong>Marcello.</strong></span> 
     </span>
    </p>
   </div>
   <div class='ocr_carea' id='block_1_109' title="bbox 433 5459 1923 5649">
    <p class='ocr_par' dir='ltr' id='par_1_109' title="bbox 433 5459 1923 5649">
     <span class='ocr_line' id='line_1_109' title="bbox 457 5459 1677 5514; baseline -0.002 0"><span class='ocrx_word' id='word_1_803' title='bbox 457 5459 492 5514; x_wconf 76' lang='lat'><strong>5</strong></span> <span class='ocrx_word' id='word_1_804' title='bbox 540 5459 678 5514; x_wconf 78' lang='lat' dir='ltr'><strong>Vide</strong></span> <span class='ocrx_word' id='word_1_805' title='bbox 704 5459 1000 5514; x_wconf 88' lang='lat' dir='ltr'><strong>Diatribam</strong></span> <span class='ocrx_word' id='word_1_806' title='bbox 1033 5467 1275 5513; x_wconf 90' lang='lat' dir='ltr'><strong>nostram</strong></span> <span class='ocrx_word' id='word_1_807' title='bbox 1307 5459 1374 5513; x_wconf 92' lang='lat' dir='ltr'><strong>de</strong></span> <span class='ocrx_word' id='word_1_808' title='bbox 1404 5459 1677 5513; x_wconf 79' lang='lat' dir='ltr'><strong>Marcello.</strong></span> 
     </span>
     <span class='ocr_line' id='line_1_110' title="bbox 433 5459 1923 5649; baseline 0 -68"><span class='ocrx_word' id='word_1_809' title='bbox 433 5459 774 5649; x_wconf 41' lang='grc' dir='ltr'>ξζμξοὶιυιιι</span> <span class='ocrx_word' id='word_1_810' title='bbox 806 5539 924 5583; x_wconf 89' lang='lat' dir='ltr'><strong>erat</strong></span> <span class='ocrx_word' id='word_1_811' title='bbox 955 5531 1056 5584; x_wconf 92' lang='lat' dir='ltr'><strong>hoc</strong></span> <span class='ocrx_word' id='word_1_812' title='bbox 1090 5538 1331 5598; x_wconf 90' lang='lat' dir='ltr'><strong>tempore</strong></span> <span class='ocrx_word' id='word_1_813' title='bbox 1379 5529 1711 5600; x_wconf 85' lang='lat' dir='ltr'><strong>bypostasim</strong></span> <span class='ocrx_word' id='word_1_814' title='bbox 1757 5542 1923 5581; x_wconf 90' lang='lat' dir='ltr'><strong>unam</strong></span> 
     </span>
     <span class='ocr_line' id='line_1_111' title="bbox 501 5597 1922 5649; baseline 0 0"><span class='ocrx_word' id='word_1_815' title='bbox 501 5606 717 5649; x_wconf 87' lang='lat' dir='ltr'><strong>rtnttate</strong></span> <span class='ocrx_word' id='word_1_816' title='bbox 740 5599 1004 5649; x_wconf 80' lang='lat' dir='ltr'><strong>conﬁteri.</strong></span> <span class='ocrx_word' id='word_1_817' title='bbox 1037 5599 1164 5649; x_wconf 89' lang='lat' dir='ltr'><strong>dum</strong></span> <span class='ocrx_word' id='word_1_818' title='bbox 1203 5600 1510 5649; x_wconf 75' lang='lat' dir='ltr'><strong>livoostasis</strong></span> <span class='ocrx_word' id='word_1_819' title='bbox 1538 5614 1637 5649; x_wconf 84' lang='lat' dir='ltr'><strong>pro</strong></span> <span class='ocrx_word' id='word_1_820' title='bbox 1659 5597 1922 5649; x_wconf 89' lang='lat' dir='ltr'><strong>substan-</strong></span> 
     </span>
    </p>
   </div>
   <div class='ocr_carea' id='block_1_110' title="bbox 367 5597 1922 5668">
    <p class='ocr_par' dir='ltr' id='par_1_110' title="bbox 367 5597 1922 5668">
     <span class='ocr_line' id='line_1_112' title="bbox 367 5597 1922 5668; baseline 0.001 -20"><span class='ocrx_word' id='word_1_821' title='bbox 367 5611 422 5668; x_wconf 66' lang='grc' dir='ltr'><strong>ιιι</strong></span> <span class='ocrx_word' id='word_1_822' title='bbox 452 5597 717 5668; x_wconf 84' lang='lat' dir='ltr'><strong>Trinitate</strong></span> <span class='ocrx_word' id='word_1_823' title='bbox 740 5599 1004 5661; x_wconf 85' lang='lat' dir='ltr'><strong>conﬁteri,</strong></span> <span class='ocrx_word' id='word_1_824' title='bbox 1037 5599 1164 5653; x_wconf 88' lang='lat' dir='ltr'><strong>dum</strong></span> <span class='ocrx_word' id='word_1_825' title='bbox 1203 5597 1510 5668; x_wconf 60' lang='lat' dir='ltr'><strong>liyposta&#39;sis</strong></span> <span class='ocrx_word' id='word_1_826' title='bbox 1538 5614 1637 5666; x_wconf 92' lang='lat' dir='ltr'><strong>pro</strong></span> <span class='ocrx_word' id='word_1_827' title='bbox 1659 5597 1922 5668; x_wconf 71' lang='lat' dir='ltr'><strong>substan-</strong></span> 
     </span>
    </p>
   </div>
   <div class='ocr_carea' id='block_1_111' title="bbox 369 5664 1936 5738">
    <p class='ocr_par' dir='ltr' id='par_1_111' title="bbox 369 5664 1936 5738">
     <span class='ocr_line' id='line_1_113' title="bbox 369 5664 1936 5738; baseline 0.01 -32"><span class='ocrx_word' id='word_1_828' title='bbox 369 5664 440 5708; x_wconf 74' lang='lat' dir='ltr'><strong>tia</strong></span> <span class='ocrx_word' id='word_1_829' title='bbox 491 5666 818 5726; x_wconf 78' lang='lat' dir='ltr'><strong>haberetur:</strong></span> <span class='ocrx_word' id='word_1_830' title='bbox 850 5670 1209 5736; x_wconf 88' lang='lat' dir='ltr'><strong>similiterque</strong></span> <span class='ocrx_word' id='word_1_831' title='bbox 1241 5664 1361 5722; x_wconf 56' lang='lat' dir='ltr'><strong>&#39;trcs</strong></span> <span class='ocrx_word' id='word_1_832' title='bbox 1407 5664 1725 5738; x_wconf 80' lang='lat' dir='ltr'><strong>hypostascs</strong></span> <span class='ocrx_word' id='word_1_833' title='bbox 1767 5666 1936 5723; x_wconf 84' lang='lat' dir='ltr'><strong>conﬁ-</strong></span> 
     </span>
    </p>
   </div>
   <div class='ocr_carea' id='block_1_112' title="bbox 2030 5451 3613 5531">
    <p class='ocr_par' dir='ltr' id='par_1_112' title="bbox 2030 5451 3613 5531">
     <span class='ocr_line' id='line_1_114' title="bbox 2030 5451 3613 5531; baseline -0.008 -16"><span class='ocrx_word' id='word_1_834' title='bbox 2030 5463 2157 5528; x_wconf 90' lang='lat' dir='ltr'><strong>teri,</strong></span> <span class='ocrx_word' id='word_1_835' title='bbox 2189 5461 2317 5518; x_wconf 92' lang='lat' dir='ltr'><strong>dum</strong></span> <span class='ocrx_word' id='word_1_836' title='bbox 2346 5469 2456 5517; x_wconf 91' lang='lat' dir='ltr'><strong>tres</strong></span> <span class='ocrx_word' id='word_1_837' title='bbox 2506 5475 2754 5531; x_wconf 65' lang='lat' dir='ltr'><strong>persona:</strong></span> <span class='ocrx_word' id='word_1_838' title='bbox 2784 5458 3113 5531; x_wconf 78' lang='lat' dir='ltr'><strong>exsistentes</strong></span> <span class='ocrx_word' id='word_1_839' title='bbox 3147 5461 3202 5531; x_wconf 75' lang='lat' dir='ltr'><strong>et</strong></span> <span class='ocrx_word' id='word_1_840' title='bbox 3233 5451 3613 5531; x_wconf 72' lang='lat' dir='ltr'><strong>subsistentes</strong></span> 
     </span>
    </p>
   </div>
   <div class='ocr_carea' id='block_1_113' title="bbox 2031 5523 3613 5604">
    <p class='ocr_par' dir='ltr' id='par_1_113' title="bbox 2031 5523 3613 5604">
     <span class='ocr_line' id='line_1_115' title="bbox 2031 5523 3613 5604; baseline -0.002 -20"><span class='ocrx_word' id='word_1_841' title='bbox 2031 5523 2679 5604; x_wconf 30' lang='lat' dir='ltr'><strong>intelligerenturf‘V‘ide</strong></span> <span class='ocrx_word' id='word_1_842' title='bbox 2733 5531 2788 5604; x_wconf 75' lang='lat' dir='ltr'><strong>in</strong></span> <span class='ocrx_word' id='word_1_843' title='bbox 2846 5529 3078 5601; x_wconf 85' lang='lat' dir='ltr'><strong>epistola</strong></span> <span class='ocrx_word' id='word_1_844' title='bbox 3107 5525 3175 5582; x_wconf 83' lang='lat' dir='ltr'><strong>ad</strong></span> <span class='ocrx_word' id='word_1_845' title='bbox 3218 5523 3613 5581; x_wconf 61' lang='lat' dir='ltr'><strong>Antiochenos,</strong></span> 
     </span>
    </p>
   </div>
   <div class='ocr_carea' id='block_1_114' title="bbox 2031 5599 2812 5674">
    <p class='ocr_par' dir='ltr' id='par_1_114' title="bbox 2031 5599 2812 5674">
     <span class='ocr_line' id='line_1_116' title="bbox 2031 5599 2812 5674; baseline -0.003 -18"><span class='ocrx_word' id='word_1_846' title='bbox 2031 5608 2164 5660; x_wconf 89' lang='lat' dir='ltr'><strong>tom.</strong></span> <span class='ocrx_word' id='word_1_847' title='bbox 2189 5599 2478 5674; x_wconf 61' lang='lat' dir='ltr'><strong>l&#39;Operum</strong></span> <span class='ocrx_word' id='word_1_848' title='bbox 2503 5599 2812 5656; x_wconf 85' lang='lat' dir='ltr'><strong>Athanasii.</strong></span> 
     </span>
    </p>
   </div>
  </div>
