3792 6150
139 303 268 362 I305

1105 271 1493 348 EXPOSITIO
1525 283 1712 340 FIDEI
1741 281 1834 336 AD
1863 275 2338 336 ATHANASIUM.

3221 271 3356 330 1306

202 424 258 478 4.
285 423 400 475 Ἵνα
423 419 479 473 δὲ
505 418 577 490 μή
601 417 686 481 τίς
717 433 844 470 ποτε
869 415 1014 485 ἡμᾶς
1034 412 1125 465 καῖι
1151 401 1286 480 περὶ
1311 403 1408 486 τῆς
1438 406 1701 479 ἐνσά⁸ρκου
1731 448 1734 458 .

1871 399 1925 453 4.
1963 397 2043 454 Ne
2075 399 2198 469 quis
2229 411 2357 452 vero
2389 394 2525 450 falsa
2558 391 2819 464 jactitans
2849 408 2948 449 nos
2981 391 3183 447 frustra
3206 391 3360 446 incu-

140 513 433 588 παρουσίας
461 510 554 565 τοῦ
582 509 828 579 Σωτῆρος
853 505 1006 577 ἡμῶν
1034 501 1263 571 διαϐάλῃ
1291 499 1660 570 ματαιολογῶν
1679 512 1695 529 ⁶

141 601 447 672 ἀναγκαίως
487 598 579 652 καί⁸
613 599 739 668 περὶ
765 595 951 649 τούτου
982 592 1283 664 γράφομεν,
1314 591 1394 643 ὅτι
1426 593 1455 644 ό
1493 588 1701 660 Κύριος

141 694 232 746 καὶ
256 689 443 760 Σωτὴρ
464 688 616 760 ἡμῶν
635 688 663 740 ὁ
687 685 937 757 Χριστὸς,
966 685 1064 754 οὐχ
1087 683 1274 752 ὥσπερ
1306 683 1385 744 είς
1412 681 1538 744 τοὺς
1565 697 1700 751 προ-

143 785 316 855 φήτας
350 783 597 852 ἐγίνετο,
621 779 791 841 οὕτως
821 777 913 831 καὶ
942 777 1034 830 ἐπὶ
1056 774 1328 844 συντελείᾳ
1356 773 1464 826 τῶν
1492 772 1701 828 αἰώνων

143 872 301 946 ἦλθεν
322 876 400 938 εἰς
423 875 574 942 ἅγιον
599 871 900 940 ἄνθρωπον.
927 866 1086 924 ’Δλλὰ
1101 865 1446 935 πιστεύομεν,
1465 865 1545 918 ὅτι
1561 864 1704 918 κατὰ

143 966 233 1018 τὸν
276 964 524 1034 Ἰωάννην
553 949 587 1016 ’ὁ
617 960 784 1030 Λόγος
814 959 948 1031 σὰρξ
991 958 1225 1027 ἐγένετο,
1271 957 1366 1010 καὶ
1421 956 1562 1010 κατὰ
1612 956 1705 1010 τὸν

158 1055 472 1110 ’Λπόστολον
519 1056 576 1108 ἐν
613 1054 790 1125 μορφῇ
828 1051 963 1105 Θεοῦ
1015 1050 1273 1120 ὑπάρχων
1319 1048 1476 1102 ἔλαϐε
1524 1047 1706 1101 δούλου

149 1146 379 1220 μορφὴν,
409 1145 468 1198 τὸ
494 1143 634 1198 κατὰ
659 1145 835 1214 σάρκα
863 1140 1138 1211 γεννηθεὶς
1161 1141 1224 1192 ἐκ
1252 1139 1469 1209 Μαρίας
1498 1137 1708 1208 ἄνθρω-

146 1258 248 1303 πος
271 1239 338 1292 δι’
370 1239 516 1308 ἡμᾶς
533 1253 544 1265 ·
571 1237 674 1294 ἵνα,
699 1235 773 1299 ὡς
804 1230 954 1288 εἶπεν
976 1233 1156 1297 αὐτὸς,
1183 1230 1441 1303 τελειώσῃ
1465 1231 1524 1283 τὸ
1553 1230 1710 1300 ἔργον

145 1329 236 1382 τοῦ
264 1329 503 1399 Πατρός·
529 1328 620 1380 καὶ
655 1325 828 1390 οὓτως
858 1326 918 1378 τὸ
947 1323 1280 1395 ἀνθρώπινον
1303 1322 1454 1391 γένος
1488 1323 1544 1374 ἐν
1567 1320 1712 1390 αὐτῷ

147 1417 438 1481 τελειώσας
464 1416 557 1470 καὶ
587 1414 825 1484 συνάψας
847 1416 910 1484 τῇ
938 1412 1170 1484 θεότητι,
1201 1410 1469 1482 εἰσαγάγῃ
1504 1412 1581 1471 εἰς
1615 1409 1713 1478 τὴν

1802 502 1884 548 set
1925 492 2071 546 circa
2112 489 2385 544 carnalem
2439 484 2745 542 Servatoris
2793 485 3102 548 adventum,
3137 497 3363 538 necesse

1801 598 2017 654 quoque
2052 580 2215 635 fuerit
2248 587 2308 633 ut
2345 593 2407 633 ea
2446 578 2512 632 de
2544 591 2604 630 re
2641 575 2886 646 quaedam
2935 575 3130 629 litteris
3176 575 3360 629 consi-

1803 690 2063 745 gnemus;
2094 673 2240 743 quod
2269 671 2486 727 scilicet
2523 669 2786 722 Dominus
2815 675 2868 721 et
2901 665 3150 719 Salvator
3179 672 3364 720 noster

1804 766 2076 826 Christus,
2112 779 2222 818 non
2253 759 2706 832 quemadmodum
2747 759 2812 812 ad
2858 757 3148 828 prophetas
3191 755 3363 824 factus

1806 866 1902 920 est,
1935 854 2009 908 ita
2044 855 2098 909 in
2133 853 2601 908 consummatione
2635 849 2956 904 szeculorum
3007 848 3285 902 advenerit
3311 848 3364 900 in

1807 953 2057 1001 sanctum
2096 946 2388 998 hominem.
2427 941 2530 998 Sed
2549 941 2844 1004 credimus,
2869 939 3036 1009 quod,
3067 937 3368 994 secundum

1805 1036 2068 1092 Joannem
2095 1034 2391 1101 ’,νει-θύω
2425 1049 2554 1089 caro
2587 1033 2787 1088 factum
2829 1032 2922 1094 sit,
2972 1038 3025 1084 et
3070 1027 3370 1083 secundum

1809 1128 2132 1199 Apostolum
2151 1126 2190 1192 ³,
2219 1124 2364 1196 quod
2397 1141 2518 1178 cum
2549 1125 2602 1178 in
2634 1123 2804 1179 forma
2839 1122 2929 1176 Dei
2957 1127 3122 1182 esset,
3152 1123 3371 1188 propter

1810 1237 1912 1284 nos
1941 1219 2212 1288 acceperit
2235 1217 2379 1271 servi
2412 1215 2664 1277 formam,
2695 1211 2994 1268 secundum
3032 1224 3252 1264 carnem
3279 1223 3374 1277 ge—

1811 1313 1962 1368 nitus
1992 1311 2153 1363 homo
2198 1324 2264 1363 ex
2296 1307 2463 1360 Maria
2509 1305 2762 1375 Virgine;
2803 1310 2883 1366 ut,
2918 1298 3372 1371 quemadmodum

1812 1407 1930 1476 ipse
1978 1404 2052 1456 ait
2073 1401 2116 1466 ’⁵,
2168 1401 2449 1471 perﬁceret
2497 1412 2635 1466 opus
2681 1394 2894 1459 Patris;
2944 1399 3106 1459 atque
3139 1391 3211 1443 ita
3250 1403 3374 1442 cum

153 1508 426 1578 βασιλείαν
455 1507 560 1561 τῶν
580 1507 639 1560 οὐ
651 1505 845 1578 ρανῶν.
870 1505 978 1558 Καὶ
1010 1507 1058 1558 εί
1079 1504 1252 1557 ταῦτα
1285 1503 1442 1556 πάλιν
1469 1500 1715 1572 αὐτάρκη

1833 1516 1982 1571 genus
2042 1499 2337 1552 humanum
2396 1493 2451 1547 in
2513 1492 2692 1561 seipso
2747 1486 3070 1560 perfecerit,
3137 1499 3200 1538 ac
3252 1497 3376 1538 cum

148 1575 318 1668 δεῖξαι
343 1600 440 1670 τὴν
471 1599 604 1670 πρὸς
649 1575 738 1650 τὸν
786 1595 986 1668 Κύριον
1031 1595 1186 1666 ἡμῶν
1241 1593 1444 1664 Ἰησοῦν
1482 1591 1716 1663 Χριστὸν

1833 1592 2098 1646 liviuitate
2147 1585 2514 1655 conjunxerit,
2570 1583 2746 1650 ipsum
2807 1576 3118 1632 introducat
3180 1575 3234 1627 in
3291 1586 3380 1626 re-

152 1663 364 1744 πίστινο
393 1663 539 1760 δμως
561 1689 704 1758 ὑπὲρ
729 1663 969 1749 πλείονος
1001 1663 1718 1754 ἀσφαλείαςνάναλαμϐάνον-

1833 1699 1983 1755 gnum
2033 1682 2320 1736 malorum.
2368 1679 2441 1731 Ac
2491 1673 2706 1730 etiamsi
2757 1673 2945 1726 isthazc
2983 1668 3118 1722 satis
3155 1666 3263 1720 sint
3311 1663 3378 1718 ad

149 1801 242 1847 τες
273 1747 443 1836 ταῦτα
466 1747 714 1852 λέγομεν,
754 1779 848 1834 καὶ
884 1747 1350 1849 ἀναθεματίζομεν
1383 1747 1509 1838 τοὺς
1533 1773 1718 1841 λέγον-

1833 1773 2206 1830 leclaraudam
2255 1769 2415 1824 ﬁdem
2453 1769 2508 1823 in
2555 1766 2848 1819 Dominum
2901 1766 3149 1816 nostrum
3195 1755 3380 1812 Jesum

151 1891 251 1936 τας
280 1875 374 1926 καὶ
401 1843 746 1944 φρονοῦντας,
772 1871 901 1925 ποτὲ
929 1871 1016 1923 τὸν
1035 1843 1409 1938 Πατέρα-εἷναι
1437 1866 1604 1937 χωρὶς
1623 1863 1716 1917 τοῦ

1833 1864 2098 1920 Christum
2127 1901 2142 1927 ,
2207 1867 2446 1913 attamen
2481 1855 2707 1924 majoris
2754 1849 3064 1907 securitatis
3098 1859 3225 1916 ergo
3269 1843 3383 1896 haec

153 1965 308 2029 Υίοῦ,
499 1963 626 2018 ποτέ
656 1963 746 2017 τὸν
791 1962 1006 2035 Πατέρα
1031 1961 1123 2014 καὶ
1147 1960 1236 2013 τὸν
1284 1959 1411 2011 Υἱὸν
1436 1957 1600 2029 χωρὶς
1624 1955 1718 2008 τοῦ

1833 1957 2116 2028 repetimus
2137 1967 2198 2006 ac
2219 1951 2474 2014 dicimus,
2505 1957 2668 2018 atque
2689 1945 3031 1999 anathemate
3062 1939 3384 1993 damnamus

154 2057 312 2124 ἁγίου
345 2056 676 2127 Πνεύματος.
708 2031 1065 2126 Πνεῦμα-γὰρ
1088 2051 1220 2105 Θεοῦ
1257 2054 1392 2114 ἐστι,
1421 2050 1512 2103 καὶ
1543 2047 1721 2102 τελεία

1833 2065 1916 2105 eos
1949 2048 2042 2119 qui
2078 2047 2268 2102 dicunt
2301 2051 2355 2098 et
2388 2041 2639 2103 credunt,
2683 2038 2900 2092 Patrem
2949 2031 3241 2103 aliquando
3271 2031 3388 2084 sine

156 2149 248 2202 καὶ
287 2148 457 2211 άῖδιός
498 2149 710 2219 ἐστινὴ
757 2148 944 2218 Τριάς.
995 2141 1480 2216 Ἀναθεματίζο-μὲν
1527 2158 1586 2194 τε
1631 2141 1724 2195 καὶ

155 2243 282 2305 τοὺς
312 2239 404 2293 νῦν
436 2239 765 2304 ἐξελθόντας,
784 2239 877 2292 κοιλ⁹
905 2237 1230 2308 λεγομένους
1265 2235 1575 2305 Ἀνομοίους
1595 2247 1607 2261 '
1629 2235 1724 2287 καὶ

161 2335 260 2387 σὺν
287 2332 470 2395 αὐτοῖς
503 2330 598 2401 τὴν
623 2329 718 2384 τοῦ
755 2328 1110 2400 Σαμοσατέως
1135 2327 1224 2380 καὶ
1246 2325 1510 2378 Φωτείνου
1545 2341 1725 2396 παρα-

160 2422 455 2496 φροσύνην,
479 2421 572 2475 καὶ
600 2420 728 2484 τοὺς
757 2419 826 2472 τὰ
852 2419 989 2474 αὐτὰ
1023 2417 1348 2489 φρονοῦντας
1379 2416 1576 2479 αὐτοῖς.
1606 2416 1727 2468 Ὂτι

1823 2142 1962 2198 Filio
1991 2141 2201 2207 fuisse;
2234 2138 2563 2205 Patremque
2588 2148 2650 2186 ac
2675 2130 2871 2184 Filium
2902 2124 3195 2196 aliquando
3224 2121 3390 2176 fuisse

1827 2239 1944 2294 sine
1979 2233 2186 2304 Spiritu
2219 2237 2431 2286 sancto.
2465 2225 2702 2296 Spiritus
2733 2223 2875 2277 enim
2906 2219 2996 2274 Dei
3037 2223 3143 2278 est,
3175 2228 3240 2268 ac
3268 2227 3392 2282 per-

1826 2331 1966 2387 fecta
2016 2339 2180 2396 atque
2219 2321 2552 2390 sempiterna
2600 2324 2685 2370 est
2725 2312 2983 2366 Trinitas.
3036 2307 3392 2362 Anathemate

1828 2436 2046 2493 quoque
2088 2419 2411 2474 damnamus
2447 2426 2543 2466 eos
2593 2407 2687 2477 qui
2733 2418 2907 2472 nuper
2945 2399 3119 2456 exorti
3159 2405 3308 2460 sunt,
3339 2400 3394 2448 et

262 2490 480 2580 λέγουσι
504 2511 594 2564 τὸν
616 2508 709 2563 τοῦ
733 2507 867 2561 Θεοῦ
890 2509 1060 2575 Λόγον
1084 2506 1258 2570 ζῶντα
1281 2505 1450 2574 Λόγον
1476 2501 1611 2558 εἶναι
1636 2506 1730 2558 καὶ

1833 2510 2078 2568 Αηοιιιωί
2137 2509 2411 2570 dicuntur,
2472 2519 2537 2558 ac
2589 2514 2712 2556 cum
2759 2495 2892 2567 ipsis
2953 2490 3290 2546 Samosateni
3340 2496 3396 2543 et

163 2581 384 2676 ἐνεργῆ,
418 2601 484 2655 δι’
512 2596 571 2656 οῦ
596 2601 666 2654 τὰ
701 2601 876 2655 πάντα
905 2599 1138 2668 ἐγένετο,
1173 2595 1307 2650 ἀλλὰ
1331 2597 1406 2660 ώς
1443 2595 1729 2667 ἀνθρώπου

1833 2606 2048 2662 Photini
2077 2602 2341 2658 insaniam
2363 2638 2379 2664 ,
2423 2610 2634 2652 necnon
2670 2606 2765 2648 eos
2795 2589 2886 2659 qui
2930 2587 3082 2656 paria
3110 2581 3395 2651 cumipsis

162 2673 320 2762 λόγον
351 2673 686 2764 προφορικὸν
739 2691 895 2762 μόνον
915 2707 928 2721 °
961 2692 1056 2744 καὶ
1095 2690 1175 2743 ὅτι
1229 2689 1303 2760 μὴ
1354 2688 1605 2760 φρονοῦσι
1642 2687 1732 2741 τὸν

1834 2696 2096 2753 sentiunt.
2145 2690 2282 2758 Quia
2327 2703 2436 2742 non
2484 2686 2691 2748 dicunt,
2741 2680 2976 2736 Verbum
3028 2675 3144 2738 Dei,
3171 2673 3397 2728 verbum

165 2786 297 2839 Υίὸν
319 2783 413 2836 τοῦ
441 2783 574 2836 Θεοῦ
593 2782 752 2836 αὐτὸν
778 2777 917 2835 εἶναι
939 2780 1028 2835 τὸν
1050 2781 1218 2849 Λόγον
1235 2795 1248 2809 ⁸
1278 2779 1411 2833 ἀλλὰ
1436 2779 1734 2852 διαιροῦσιν

1834 2802 1958 2843 esse
1985 2787 2174 2840 vivens
2207 2788 2260 2836 et
2285 2778 2494 2841 eiIicax,
2533 2790 2631 2846 per
2659 2772 2804 2844 quod
2837 2769 3019 2825 omnia
3048 2767 3190 2820 facta
3228 2769 3396 2819 sunt:

166 2875 397 2944 ἀλόγως,
433 2873 525 2926 καὶ
566 2872 738 2944 ἀρχὴν
766 2870 842 2942 τῷ
862 2869 976 2941 Υἱῴ
1010 2869 1240 2922 διδοῦσιν
1272 2868 1379 2922 ἀπὸ
1405 2869 1502 2939 τῆς
1528 2869 1591 2920 ἐκ
1618 2869 1734 2921 Μα-

1836 2877 1934 2935 sed
1957 2875 2115 2948 quasi
2150 2871 2387 2928 hominis
2412 2868 2638 2923 verbum
2671 2862 3004 2935 prolatitium
3031 2859 3318 2917 duntaxat,
3346 2859 3404 2906 et

172 2964 288 3035 ρίας
317 2961 458 3017 κατὰ
483 2962 659 3031 σάρκα
680 2961 965 3030 γενέσεως,
991 2957 1433 3030 βλασφημοῦντες
1451 2976 1464 2990 ·
1490 2958 1570 3011 ὅτι
1602 2956 1734 3030 μηδὲ

1839 2971 1968 3041 quia
2002 2983 2112 3023 non
2148 2965 2486 3019 arbitrantur
2535 2957 2734 3011 Filium
2777 2953 2872 3008 Dei
2911 2953 3088 3022 ipsum
3132 2962 3254 3001 esse
3281 2958 3404 2998 ver—

168 3064 299 3117 Θεὸν
324 3064 573 3136 ἀληθινὸν
606 3063 766 3118 αὐτὸν
802 3059 941 3118 εἶναι
969 3063 1330 3118 πιστεύουσιν.

1845 3039 2007 3120 bum;
2063 3070 2251 3112 verum
2295 3063 2498 3107 temere
2538 3056 2592 3104 et
2633 3049 2750 3104 sine
2783 3044 2995 3099 ratione
3036 3039 3304 3100 dividunt,
3353 3040 3407 3087 et

171 3174 498 3244 principium
529 3172 668 3227 Filio
701 3187 732 3226 a
794 3173 1075 3228 nativitate
1137 3172 1433 3228 secundum
1465 3185 1682 3226 carnem
1713 3187 1781 3226 ex
1821 3169 1989 3224 Maria
2019 3166 2335 3237 blaspheme
2374 3175 2468 3214 ore
2498 3157 2766 3217 tribuunt,
2813 3152 2938 3222 quia
2979 3149 3104 3202 item
3138 3162 3246 3200 non
3286 3157 3408 3198 cre-

172 3266 307 3320 dunt
330 3267 506 3335 ipsum
547 3279 730 3320 verum
766 3279 887 3320 esse
918 3265 1108 3319 Deum.

243 3360 296 3414 5.
335 3360 517 3412 Ταῦτα
568 3357 855 3428 τοιγαροῦν
910 3355 1250 3428 φρονοῦντες,
1306 3355 1401 3408 καὶ
1451 3353 1734 3426 ἐγγράφως

1919 3347 1969 3400 5.
2013 3342 2134 3398 Haec
2163 3341 2343 3406 itaque
2365 3349 2486 3389 cum

177 3448 582 3521 ὁμολογοῦντες,
609 3447 1072 3518 διαϐεϐαιούμενοί
1107 3465 1166 3500 τε
1195 3445 1367 3500 ταῦτα
1410 3448 1623 3518 φρονεῖν
1650 3445 1745 3498 καὶ

177 3543 303 3606 τοὺς
349 3539 766 3602 ἀποστείλαντας
800 3539 974 3609 ἡμᾶς,
1018 3535 1271 3605 ἀξιοῦμεν
1304 3533 1402 3606 τὴν
1438 3535 1535 3606 σὴν
1561 3531 1744 3586 θεοσέ-

181 3633 332 3686 ϐειαν
356 3631 550 3703 μηκέτι
570 3629 846 3682 πιστεύειν
865 3631 976 3691 τοῖς
996 3626 1116 3681 καθ’
1137 3625 1290 3696 ἡμῶν
1311 3624 1558 3694 λέγουσιν
1577 3641 1589 3654 ·
1615 3623 1750 3678 ἀλλὰ

185 3722 384 3795 μᾶλλον
416 3725 524 3785 τοῖς
563 3719 942 3775 ἀποστείλασιν
969 3719 1115 3789 ἡμᾶς
1145 3716 1316 3770 ταῦτα
1339 3715 1622 3786 γνωρίσαι,
1657 3715 1751 3768 καὶ

183 3815 393 3887 γράψαι
436 3814 528 3866 καὶ
559 3809 637 3877 οἷς
671 3812 735 3866 ἂν
767 3810 1039 3882 γινώσκῃς
1071 3808 1367 3880 ὀρθοδόξοις
1404 3808 1749 3869 ἐπισκόποιςο

185 3905 290 3969 ἵνα,
330 3905 377 3955 εί
405 3903 498 3956 καὶ
517 3902 652 3973 πρὸς
676 3901 871 3963 αὐτοὺς
893 3901 927 3970 ἡ
950 3898 1072 3952 καθ’
1094 3895 1251 3969 ἡμῶν
1277 3894 1496 3966 διαϐολὴ
1517 3895 1749 3964 ἐγένετο,

190 3993 449 4066 μαθόντες
494 3993 591 4064 τὴν
637 3991 922 4063 ὁμολογίαν
971 3989 1126 4062 ἡμῶν
1174 3988 1394 4059 ταύτην,
1443 3984 1753 4053 καταγνῶσι

185 4087 293 4139 τῶν
321 4084 657 4155 θελησάντων
684 4084 812 4154 ἡμῖν
837 4080 1020 4144 ἁπλῶς
1055 4079 1244 4149 φθόνον
1269 4078 1509 4148 κινῆσαι.
1536 4075 1756 4129 Θεόδου-

141 4183 146 4188 ’
187 4177 277 4242 λος
306 4176 599 4238 ἐπίσκοπος
634 4173 982 4245 Ὀξυρύγχου,
1003 4171 1218 4242 Πλήνης
1240 4171 1535 4231 ἐπίσκοπος
1570 4166 1760 4237 Ἑρμο-

189 4269 296 4334 θιέ,
345 4268 617 4339 Ἰσχυρίων
643 4265 934 4328 ἐπίσκοπος
955 4263 1188 4330 Λεοντῶ,
1231 4260 1418 4316 Ἰσαὰκ
1441 4259 1756 4320 ἐπίσκοπος.

208 4359 262 4415 Ἀ
271 4360 401 4431 μήν.

266 4519 287 4546 ‘
317 4513 476 4569 Joan.
515 4531 553 4575 ι,
582 4512 665 4567 14.
742 4512 762 4544 ³
801 4511 993 4580 Philip.
1032 4525 1090 4574 ιι,
1119 4508 1174 4574 6,
1211 4507 1260 4563 7.
1339 4506 1359 4538 ⁸
1391 4507 1547 4560 Joan.
1587 4519 1660 4569 tv,
1691 4502 1781 4556 5i.

269 4667 350 4736 (5)
386 4667 458 4722 De
498 4668 581 4723 his
615 4663 1108 4736 subscriptionihus
1148 4660 1269 4736 vide
1319 4660 1376 4712 in
1420 4655 1760 4736 Diatriha’de

200 4725 478 4793 Marcello.
529 4736 623 4791 Hae
666 4725 848 4808 porro'
881 4731 1307 4808 subscriptiones
1365 4730 1569 4782 mutilat:
1615 4725 1766 4808 haud

200 4811 365 4863 dubie
399 4814 544 4873 sunt,
581 4804 702 4861 cum
739 4805 1018 4858 Athanasii
1048 4814 1392 4873 nomen_non
1427 4804 1760 4873 compareat,

201 4882 294 4949 qui
330 4893 462 4949 sane
494 4866 769 4949 liuictidei
811 4872 1140 4949 confessioni
1174 4868 1487 4949 suffragium
1527 4866 1675 4948 dedit
1701 4879 1766 4918 ac

205 4937 562 5017 subscripsit;
595 4946 730 4999 alias
759 4960 914 5017 vero,
940 4941 1248 5017 refragante
1277 4937 1599 5017 Athanasio,
1642 4948 1765 4987 eam

206 5005 442 5072 minime.
467 5005 807 5087 probassent,
855 5005 1142 5081 additoque
1181 5009 1399 5066 nomine
1445 5005 1770 5061 conﬁrmas-

2525 3330 2824 3386 sentiamus
2858 3333 3020 3395 atque
3055 3324 3261 3394 scripto
3287 3339 3413 3394 pro-

1851 3432 2119 3490 ﬁteamur,
2144 3434 2562 3488 asseramusque
2591 3416 2823 3485 idipsum
2859 3415 3061 3494 sentire
3083 3429 3175 3467 eos
3200 3413 3289 3481 qui
3315 3429 3415 3467 nos

1852 3523 2030 3578 isthuc
2061 3519 2323 3573 miserunt
2351 3532 2362 3567 :
2403 3521 2547 3566 tuam
2581 3523 2832 3578 rogamus
2864 3505 3138 3573 pietatem,
3165 3520 3232 3557 ne
3257 3503 3412 3557 ﬁdem

1851 3616 1918 3669 iis
1949 3612 2150 3666 habeas
2185 3608 2276 3678 qui
2314 3620 2415 3658 nos
2449 3596 2803 3662 insimulant;
2841 3595 3003 3665 idque
3035 3596 3104 3650 iis
3144 3595 3416 3664 signiﬁces

1850 3704 1941 3774 qui
1977 3717 2078 3756 nos
2119 3701 2228 3753 huc
2278 3697 2628 3765 delegarunt;
2670 3688 2941 3744 rescribas
2992 3688 3119 3740 item
3175 3687 3240 3740 iis
3278 3699 3417 3755 quos

1851 3792 2182 3850 orthodoxos
2205 3789 2488 3858 episcopos
2519 3798 2640 3838 esse
2665 3781 2913 3845 noveris;
2946 3786 3005 3831 ut
3035 3777 3081 3832 si
3110 3776 3177 3830 ad
3210 3791 3304 3830 eos
3326 3790 3420 3830 ca-

1854 3886 2060 3942 lumnia
2086 3883 2373 3938 adversum
2396 3894 2496 3933 nos
2523 3874 2753 3930 conﬂata
2777 3871 3100 3942 pervenerit,
3127 3875 3416 3938 conspecta

1855 3978 1960 4032 hac
1986 3983 2175 4030 nostra
2203 3971 2324 4026 ﬁdei
2350 3967 2712 4029 confessione,
2736 3964 2996 4017 malitiam
3018 3975 3205 4016 eorum
3237 3959 3419 4029 depre-

1858 4066 2120 4129 hendant,
2150 4061 2244 4132 qui
2285 4067 2487 4114 temere
2532 4055 2791 4109 invidiam
2834 4053 2992 4106 nobis
3042 4063 3260 4103 movere
3310 4054 3426 4102 stu-

1857 4153 2210 4226 duerunt(5).
2254 4149 2570 4205 Theodulus
2604 4146 2892 4215 episcopus
2947 4139 3279 4213 Oxyrynchi,
3303 4137 3425 4192 Ple-

1859 4265 1959 4305 nes
1981 4247 2271 4317 episcopus
2299 4239 2604 4306 Hermothi,
2633 4236 2913 4308 lschyrion
2948 4229 3429 4305 episcopusLeon-

1862 4353 1942 4409 to,
1982 4341 2134 4396 lsaac
2158 4338 2462 4412 episcopus.
2494 4334 2686 4387 Amen.

1862 4660 1983 4709 sent
2027 4650 2265 4723 episcopi
2319 4649 2420 4723 hic
2457 4644 2762 4702 memorati.
2813 4638 3120 4723 Verisimile
3165 4635 3293 4689 item
3319 4639 3434 4713 .est

1864 4726 1998 4779 alios
2026 4709 2309 4792 A'L‘gypt'ios
2338 4719 2644 4792 episcopos,
2667 4727 2897 4792 qut)er
2917 4709 3161 4790 cecidere
3187 4709 3431 4784 nomina,

1865 4774 2265 4849 Eiiﬁdéhl’hhei
2293 4774 2698 4842 confessionem
2726 4781 2982 4850 suffragio
3011 4793 3112 4852 suo
3142 4774 3431 4852 muniisse.

1869 4846 2089 4918 Solebat
2122 4861 2265 4914 enim
2294 4858 2622 4910 Athanasius
2657 4853 2723 4907 ad
2762 4846 3189 4920 tanti'pouder'ts
3222 4846 3438 4914 negotia

1869 4949 1899 4988 e
1929 4930 2281 4987 viciniorihus
2312 4927 2516 4981 multos
2547 4938 2851 4980 accersere.
