3792 6150
85 321 214 378 1309

1558 290 1623 345 1N
1664 287 1937 360 ISAIAMJ

3204 278 3341 333 1510

81 451 274 494 εκτικα
313 435 454 509 μέρη
488 449 581 487 του
621 442 819 490 παντος
859 425 1081 495 κόσμου,
1128 411 1360 491 οὗρανὸν
1384 411 1544 466 αὐτόν
1571 423 1663 464 τον
1692 418 1708 467 Λ

1917 420 2199 462 sermones
2233 411 2499 460 convocat
2541 401 2841 474 propheta,
2895 400 3094 456 calum
3130 396 3341 455 scilicet

80 534 175 597 τάς
196 504 347 594 θείας
372 504 626 597 δυνάμεις
650 517 1007 591 ἀπειληφότα,
1028 515 1121 569 καὶ
1136 513 1241 584 γῆν
1251 508 1312 562 τὸ
1326 506 1435 561 τῶν
1450 504 1660 575 θνητῶν

83 595 418 695 οἰκητήριον·
462 595 558 672 καὶ
590 609 805 687 οὐρανῷ
849 609 946 682 μὲν
990 605 1230 668 ἀκούειν,
1269 602 1340 672 γῇ
1382 599 1440 653 δὲ
1477 595 1666 651 ἐνωτί-

86 685 297 781 ζεσθαί
315 685 777 781 παρακελεύεται,
811 701 877 754 δι’
903 696 1082 752 αὐτῶν
1111 693 1211 756 τάς
1250 690 1478 761 ἀφανεῖς
1506 685 1668 739 δυνά-

93 774 211 877 μεις
282 803 341 854 ἐν
397 774 584 860 αὐτοῖς
633 789 1087 858 ἀνακαλούμενος.
1142 781 1255 837 Καὶ
1322 779 1438 850 μετ’
1488 774 1664 843 ὀλίγα,

88 864 276 964 ἐπειδὴ
316 889 540 961 κέντρον
590 885 810 956 μνήμης
850 873 1227 949 παρασχέσθαι
1271 869 1472 931 αὐτοῖς’
1504 864 1668 936 ήϐού-

87 990 208 1042 λετο
224 957 339 1038 τῶν
360 957 666 1051 λεγομένων
688 978 717 1028 6
740 971 1045 1044 προφήτης,
1067 964 1364 1034 ἀναγκαῖον
1384 957 1476 1013 τοῦ
1501 958 1559 1010 οὐ
1569 973 1668 1027 ρα-

89 1081 180 1135 νοῦ
202 1079 302 1133 καὶ
328 1076 430 1147 γῆς
456 1050 758 1145 μαρτυρίαν
784 1059 1220 1137 παραλαμϐάνει·
1245 1057 1355 1121 ἴνα,
1378 1053 1480 1108 κᾶν
1498 1050 1670 1124 λήθην

92 1171 424 1241 ποιήσωνται
454 1161 566 1216 τῶν
594 1140 893 1230 λεχθέντων
925 1151 1075 1224 παρά
1113 1147 1209 1204 τοῦ
1249 1144 1548 1220 προφήτου,
1583 1140 1674 1193 ού-

97 1228 256 1335 ρανδς
278 1259 373 1313 καὶ
397 1258 470 1328 γῆ
503 1228 768 1326 ὁρώμενοι
797 1246 1256 1320 ὑπομιμνήσκωσι
1278 1238 1387 1293 τῶν
1410 1234 1505 1290 τοῦ
1538 1228 1671 1285 Θεοῦ

97 1359 162 1428 ρη
172 1354 360 1426 μάτων

164 1421 315 1498 Ῠὶῶν
336 1441 556 1515 μνήμην
578 1435 892 1508 πεποίηται,
915 1431 1010 1486 καὶ
1033 1424 1418 1499 γεγεννηκέναι
1453 1421 1674 1491 φάσκει,

96 1513 429 1600 δεικνὺς,ήὼς
456 1532 555 1586 ούκ
581 1526 890 1599 ἀλλοτρίους
913 1522 1313 1592 εἰσεποιήσατο,
1344 1515 1457 1570 ἀλλ’
1486 1514 1562 1577 ὡς
1583 1513 1678 1566 αύ-

98 1632 192 1687 τοῦ
233 1630 394 1692 ὄντας
432 1627 738 1697 ποιήματα,
776 1616 1046 1689 πατρικῆς
1092 1610 1414 1684 κηδεμονίας
1455 1605 1674 1677 ήξίωσε·

1766 501 1981 558 divinas
2008 501 2247 555 virtutes
2275 499 2666 568 complectens,
2715 504 2769 552 et
2803 503 3004 549 terram
3032 508 3061 545 a
3092 490 3342 546 mortali—

1766 596 1870 651 bus
1899 601 2242 661 occupatam.
2278 590 2415 645 Dum
2446 598 2624 644 autem
2652 587 2851 644 cmlum
2876 583 3066 638 audire
3086 582 3263 652 jubet,
3288 586 3344 635 et

1766 696 1972 741 terram
2005 684 2231 739 auribus
2260 684 2561 753 percipere,
2596 680 2829 734 latentes
2858 677 2915 729 in
2935 675 3070 745 ipsis
3099 681 3343 743 potesta-

1768 786 1852 834 tes
1881 777 2221 832 adhortatur.
2257 774 2323 829 Et
2353 774 2516 845 paulo
2556 780 2681 843 post
2710 789 2724 825 :
2759 769 3175 823 lncitamentum
3197 777 3347 833 qua:-

1768 872 1911 926 renti
1942 870 2221 940 prophetae
2242 883 2351 939 quo
2375 865 2593 921 Judreos
2632 863 2701 918 ad
2723 862 2995 916 dictorum
3026 855 3346 911 memoriam

1769 963 2108 1028 concitaret,
2145 956 2532 1031 proferendum
2566 964 2684 1010 erat
2724 951 2851 1007 coeli
2880 960 2934 1005 et
2976 955 3141 1003 terra:
3192 943 3349 1000 testi-

1772 1057 2055 1119 monium,
2097 1061 2190 1119 ut,
2234 1051 2452 1107 etiamsi
2487 1046 2690 1103 fuerint
2718 1040 3023 1114 prophetici
3076 1034 3349 1094 sermonis

1773 1145 1952 1212 obliti,
1990 1142 2302 1213 conspectis
2347 1139 2488 1195 ccelo
2549 1146 2603 1192 et
2653 1143 2824 1199 terra,
2856 1130 3019 1187 verba
3047 1125 3140 1183 Dei
3185 1124 3353 1181 remi-

1775 1238 2138 1294 niscerentur.

1853 1412 2020 1468 Vens.
2077 1409 2133 1464 θ.
2183 1407 2468 1479 [Filiorum
2525 1408 2854 1460 mentionem
2905 1396 3036 1450 facit
3087 1390 3353 1446 Dominus

1751 1517 1836 1566 'et
1869 1523 1965 1563 eos
1994 1503 2250 1577 genuisse
2294 1500 2529 1562 fatetur,
2564 1495 2813 1550 indicans
2860 1505 2968 1545 non
3013 1487 3219 1541 alienos
3256 1482 3356 1537 ad—

1781 1572 2139 1669 optivosuue,
2189 1591 2281 1647 sed
2333 1598 2616 1645 creaturas
2673 1599 2802 1643 suas
2838 1590 3062 1651 paterna
3103 1590 3235 1630 cura
3281 1572 3359 1627 fu-

102 1664 192 1687 ἰυυ
233 1664 394 1692 uva-un.
435 1664 738 1697 ‘CbUbl‘rvv-vw’
782 1664 1044 1689 ...αι----Ἰν
1093 1664 1181 1684 ,νγ
1227 1664 1239 1682 ι
1393 1664 1410 1672 _
1479 1664 1523 1677 μ

102 1726 195 1779 καὶ
233 1722 509 1793 ὑψωκέναι
548 1718 604 1771 δὲ
639 1715 788 1785 λέγει
832 1708 1263 1780 ὑπομιμνήσκων
1301 1702 1401 1773 τῆς
1432 1701 1525 1753 ἀπ’
1564 1699 1677 1749 Ἀἰ-

1877 1699 1950 1739 se.
2002 1680 2343 1734 Exaltavisse
2384 1692 2480 1731 eos
2515 1674 2650 1728 dicit
2702 1685 2960 1740 quoque,
3010 1664 3242 1749 reditum
3289 1676 3357 1715 ex

1877 1779 2016 1793 ..αλλ
2049 1770 2279 1793 humu..."
2344 1772 2392 1793 ηρ
2426 1762 2685 1793 ..ιτ-οηηιιιη
2724 1768 2853 1793 Innn
2900 1753 3162 1793 lornnnrie
3193 1750 3357 1793 odim-

104 1816 311 1885 τύπτου
346 1811 556 1876 ἐξόδου,
586 1803 809 1860 καὶτῶν
842 1803 898 1855 ἐν
929 1799 1078 1871 μέσῳ
1110 1793 1423 1865 θαυμάτων,
1451 1791 1543 1843 καὶ
1568 1787 1674 1841 τῶν

105 1881 305 1979 ἐφεξῆς
328 1905 509 1965 αὐτοῖς
542 1898 801 1953 δοθέντων
826 1894 955 1965 παρ’
984 1889 1169 1946 αὐτοῦ·
1209 1885 1465 1956 ἀθέτησιν
1504 1881 1559 1934 δὲ
1589 1898 1686 1933 κυ-

262 1972 438 2051 ⁷καλεῖ
467 1993 567 2063 τὴν
596 1989 774 2045 αὐτῶν
804 1983 1171 2046 ἀποστασίαν,
1207 1980 1300 2035 καὶ
1339 1977 1437 2049 τὴν
1464 1974 1592 2047 περὶ
1617 1972 1687 2026 τά

112 2092 303 2148 εἴδωλα
322 2089 605 2160 πλάνησιν.

180 2185 446 2256 Σημαίνει
472 2181 573 2253 τὴν
611 2173 847 2245 παντελῆ
895 2170 1075 2226 αὐτῶν
1110 2167 1404 2240 ἀκαρπίαν·
1446 2164 1551 2227 ἕως
1591 2162 1690 2233 μὲν

113 2280 218 2352 γὰρ
251 2255 505 2349 καρπῶν
560 2269 779 2342 ἀγαθῶν
828 2265 1182 2336 πεπλήρωται
1232 2256 1491 2331 ἀμπελὼν
1519 2293 1533 2319 ,
1598 2255 1691 2308 τὸν

112 2348 449 2446 φρουροῦντα
473 2367 565 2422 καί
589 2364 924 2435 φυλάττοντα
947 2357 1231 2427 κέκτηται,
1254 2353 1332 2418 ὃς,
1361 2348 1562 2421 σκηνὴν
1588 2364 1694 2418 πη-

115 2441 374 2537 ξάμενος,
414 2457 618 2516 ἀνωθεν
654 2457 745 2524 ἀφ’
776 2448 982 2522 ὑψηλοῦ
1012 2447 1213 2516 ἀφορᾷ,
1249 2444 1343 2498 καὶ
1370 2441 1694 2513 περισκοπεῖ

118 2534 207 2611 καί
226 2554 483 2627 φυλάττει
498 2552 589 2604 τὸν
608 2546 923 2620 ἀμπελῶνα·
955 2545 1003 2596 εἰ
1022 2540 1079 2596 δὲ
1098 2539 1285 2594 τούτου
1303 2535 1512 2607 καρπὸς
1532 2534 1697 2603 ἀφαι-

122 2625 324 2721 ρεθείη,
353 2643 655 2718 τηνικαῦτα
681 2643 709 2695 6
737 2637 942 2710 φύλαξ,
969 2636 1045 2699 ὡς
1079 2634 1152 2706 μὴ
1185 2633 1264 2694 εἰς
1292 2629 1516 2700 μάταιον
1549 2625 1696 2695 κάμ-

121 2759 216 2806 νοι,
242 2743 343 2814 τὴν
372 2738 577 2811 σκηνὴν
606 2737 810 2808 ἔρημον
839 2727 1141 2793 ἀπολιπὼν,
1176 2725 1448 2796 ἀναχωρεῖ
1473 2721 1570 2790 τῆς
1599 2735 1699 2788 φυ-

124 2833 314 2902 λακῆς.

201 2901 421 2994 Ἐπειδὴ
453 2921 562 2994 γὰρ
583 2922 611 2974 6
644 2919 740 2991 μὲν
769 2914 985 2989 Ἰσραὴλ
1018 2912 1180 2967 αὐτὸν
1209 2910 1311 2963 οὐκ
1344 2907 1516 2977 ἔγνω,
1551 2901 1643 2956 καὶ
1670 2902 1699 2955 6

125 3020 246 3084 λαὸς
292 3015 461 3073 αὑτὸν
499 3015 559 3068 οὐ
612 3010 842 3081 συνῆκε,
880 3008 941 3060 τὸ
982 3006 1040 3060 δὲ
1085 3003 1146 3068 ἐξ
1190 3000 1368 3055 αὐτῶν
1411 2996 1631 3067 σπέρμα
1674 2990 1702 3043 ό

128 3113 477 3176 ἀποστολικὸς
514 3110 672 3183 χορὸς
706 3104 906 3176 συνῆκέ
938 3121 997 3156 τε
1040 3101 1202 3155 αὑτὸν
1234 3099 1328 3152 καί
1361 3093 1593 3163 ἐπέγνω·
1625 3091 1699 3142 εἰ·
1734 3106 1779 3165 ο

132 3209 295 3272 κότως
330 3180 648 3276 ἀφορίζεται
684 3196 777 3251 τοῦ
807 3194 1063 3265 πλήθους·
1103 3190 1301 3245 ἄτοπον
1333 3184 1443 3255 γὰρ
1469 3184 1529 3237 τὸ
1554 3180 1705 3252 νομί-

134 3300 238 3363 ζειν
270 3272 400 3359 τοὺς
434 3272 764 3351 ἀποστόλους
794 3285 904 3339 τῶν
932 3279 1144 3338 ἀσεϐῶν
1175 3279 1397 3348 σπέρμα
1421 3272 1707 3344 λέγεσθαι,

135 3391 256 3462 περὶ
295 3381 375 3441 ὧν
418 3383 674 3454 ἀνωτέρω
705 3380 875 3446 έλεγε·
913 3395 932 3428 ι
962 3375 1035 3430 Τὸ
1074 3372 1293 3444 σπέρμα
1334 3367 1569 3440 πονηρὸν
1603 3363 1711 3417 υἰοὶ

134 3486 341 3553 ἐνομοι·
375 3498 393 3531 ι
427 3477 629 3549 πρέπει
669 3472 725 3525 δὲ
760 3469 868 3524 τῶν
912 3463 1209 3541 προφητῶν
1258 3462 1481 3532 σπέρμα
1517 3456 1715 3515 αὐτοὺς

137 3572 269 3629 εἶναι
296 3570 570 3647 ἡγεῖσθαι.

213 3670 287 3724 Ού
323 3638 576 3738 ’λουτροῖς
615 3664 727 3727 τοῖς
767 3656 1086 3726 καθαίρουσι
1123 3650 1220 3723 τήν
1263 3646 1584 3716 ἐπιφάνειαν
1622 3638 1716 3693 τοῦ

146 3761 408 3834 σώματος·
437 3757 559 3810 οὐδὲ
581 3755 689 3826 γὰρ
715 3750 873 3807 τοῦτο
896 3745 1221 3800 ἐϐέϐλαπτο·
1257 3739 1393 3794 ἀλλά
1422 3749 1720 3804 πνευματι-

147 3826 255 3919 κοῖς
278 3850 596 3923 δυναμένοις
625 3844 884 3915 ἀφανίσαι
914 3842 1010 3913 μὲν
1041 3837 1237 3908 γνόφον
1268 3826 1683 3904 ἁμαρτημάτων
1703 3863 1720 3889 ,

148 3949 384 4020 καθᾶραι
409 3922 465 3997 δὲ
491 3941 666 4013 ψυχῆς
706 3936 876 3993 κακὸν
917 3931 1170 3994 συνειδός·
1211 3923 1509 3981 καὶταῦτα
1548 3922 1723 3973 ποιεῖν

151 4040 238 4112 ἀφ’
266 4034 496 4111 ἑαυτῶν.

219 4106 621 4186 Καταλιπόντες
661 4121 770 4193 γάρ
801 4120 891 4173 τὸν
928 4114 1223 4188 εὐεργέτην
1257 4128 1317 4163 τε
1360 4108 1456 4165 καὶ
1487 4106 1725 4177 σωτῆρα,

153 4223 455 4296 ἐπήλπισαν
484 4221 595 4283 τοῖς
627 4214 856 4285 ἀψύχοις
889 4210 985 4265 καὶ
1021 4206 1381 4276 ἀναισθήτοις·
1423 4200 1502 4255 διὸ
1532 4197 1730 4269 γυμνοὶ

154 4290 332 4385 πᾴσης
358 4308 568 4379 ἀγαθῆς
589 4305 747 4375 δόξης
772 4302 1067 4371 ἐτύγχανον
1087 4338 1101 4362 ,
1135 4296 1291 4365 δίκην
1332 4290 1586 4351 στυπείου
1634 4305 1733 4342 κα-

1715 1761 1760 1817 Β
1784 1769 2021 1842 Ᾰῐεγριο
2049 1770 2311 1831 innuens,
2342 1772 2395 1819 et
2426 1762 2688 1817 miracula
2724 1768 2855 1812 tunc
2900 1744 3162 1823 temporis
3193 1750 3358 1811 edita,

1786 1862 1872 1917 vel
1902 1867 2091 1931 postea
2125 1856 2327 1915 Iudaeis
2354 1867 2637 1911 concessa.
2683 1850 3064 1916 Contemptum
3109 1845 3234 1913 jure
3264 1856 3364 1893 vo-

1789 1963 1878 2007 cat
1895 1950 2257 2007 defectionem
2281 1948 2500 2001 illorum
2528 1952 2582 1999 et
2608 1943 2754 1997 circa
2784 1939 3076 1995 simulacra
3099 1947 3362 1990 errorem.

1784 2162 1794 2175 .
1863 2125 2029 2181 Vens.
2085 2124 2138 2178 8.
2178 2103 2459 2191 Significat
2501 2129 2766 2170 summam
2818 2111 3128 2167 Judmorum
3167 2105 3369 2163 sterili-

1792 2230 1981 2276 tatem.
2020 2219 2202 2273 Donec
2233 2215 2380 2269 enim
2412 2211 2572 2267 bonis
2605 2207 2874 2264 fructibus
2911 2204 3171 2259 exuberat
3197 2201 3326 2254 vitis
3351 2240 3367 2264 ,

1794 2328 1896 2367 nec
1926 2326 1955 2363 a
1988 2308 2335 2382 vigilantibus
2388 2302 2739 2364 destituitur,
2790 2314 2893 2353 nec
2934 2313 2963 2350 a
3007 2293 3369 2351 custodienti-

1795 2404 1921 2468 bus,
1943 2403 2060 2473 qui,
2099 2397 2455 2454 tabernaculo
2485 2393 2807 2455 constituto,
2829 2389 3063 2458 desuper
3086 2402 3117 2441 e
3149 2383 3371 2441 sublimi

1797 2494 2184 2567 speculantur,
2232 2500 2287 2545 et
2335 2485 2817 2556 circumspiciunt,
2871 2489 2923 2536 et
2970 2479 3136 2534 vitem
3194 2484 3378 2530 custo-

1799 2587 1992 2652 diunt;
2028 2584 2296 2639 fructibus
2346 2589 2525 2635 autem
2560 2575 2823 2637 sublatis,
2873 2590 2940 2629 ne
2975 2573 3031 2627 in
3065 2586 3265 2625 vanum
3295 2570 3376 2621 la-

1798 2680 1953 2737 boret
1982 2685 2190 2740 custos,
2224 2675 2500 2729 desertum
2531 2669 2821 2739 dereliquit
2851 2663 3290 2726 tabernaculum,
3322 2667 3379 2714 et

1800 2770 1866 2826 de
1894 2771 2129 2825 statione
2151 2764 2386 2822 decedit.

1876 2861 2046 2921 Vens.
2074 2862 2127 2916 9.
2162 2860 2298 2916 Cum
2327 2858 2493 2915 Israel
2524 2856 2695 2911 Deum
2717 2869 2825 2908 non
2843 2848 3178 2921 cognoverit,
3204 2860 3383 2913 neque

1803 2971 1931 3011 eum
1960 2954 2195 3025 populus
2233 2950 2581 3017 intellexerit,
2614 2948 2707 3005 sed
2745 2963 2812 3001 ex
2863 2944 2996 3014 ipsis
3020 2956 3230 3005 semen,
3254 2953 3385 3008 apo-

1810 3050 2039 3105 stolicus
2068 3049 2295 3112 chorus,
2333 3061 2456 3102 eum
2502 3052 2557 3099 et
2589 3044 2902 3114 cognoverit
2939 3048 2995 3096 et
3032 3034 3385 3100 intellexerit,

1811 3142 2012 3197 merito
2045 3156 2075 3193 a
2098 3141 2257 3211 plebe
2290 3136 2664 3207 distinguitur.
2717 3133 2903 3204 Inepte
2941 3132 3142 3203 quippe
3174 3130 3388 3185 diceres

1812 3232 2094 3304 apostolos
2124 3245 2309 3286 semen
2342 3228 2514 3283 fuisse
2552 3226 2869 3295 impiorum,
2898 3224 2964 3278 de
2990 3224 3192 3293 quibus
3225 3222 3391 3278 modo

1810 3303 2019 3378 dictum
2051 3320 2241 3391 (Vens.
2267 3319 2323 3388 4)
2354 3337 2367 3371 :
2403 3336 2420 3368 ι
2472 3314 2668 3370 Semen
2694 3330 2924 3384 nequam
2951 3312 3044 3367 lilit
3067 3303 3326 3369 ‘scelesti-
3367 3332 3387 3364 ι

1817 3415 1996 3485 aptius
2024 3427 2120 3467 eos
2151 3425 2335 3466 semen
2372 3407 2760 3478 prophetarum
2805 3403 3105 3459 vocaveris.

1888 3591 2057 3648 Vens.
2095 3588 2183 3647 16.
2224 3587 2345 3642 Non
2400 3586 2469 3643 iis
2524 3582 2867 3654 (lavamini)
2911 3578 3229 3642 lotionibus,
3275 3593 3400 3646 qua:

1820 3683 2067 3754 corporis
2101 3688 2280 3735 cutem
2315 3676 2634 3742 emundant,
2672 3689 2783 3728 non
2812 3672 2956 3727 enim
2987 3670 3115 3723 huic
3167 3668 3401 3721 munda-

1821 3781 1973 3835 tione
1996 3795 2165 3849 opus;
2189 3775 2285 3831 sed
2311 3771 2710 3845 spiritualibus,
2734 3784 2855 3839 quae
2875 3777 3226 3838 peccatorum
3266 3763 3404 3818 cali-

1826 3873 2007 3944 ginem
2042 3870 2259 3924 auferre
2288 3865 2526 3937 possint,
2553 3870 2608 3917 et
2636 3862 2833 3917 sordes
2863 3857 3031 3913 animi
3061 3857 3321 3922 abluere;
3351 3863 3406 3909 et

1826 3965 1969 4020 mala
1998 3975 2228 4032 quaeque
2253 3957 2447 4029 procul
2475 3954 2763 4025 depellere.

1900 4056 2068 4111 Vens.
2115 4052 2206 4107 29.
2252 4049 2389 4105 Nam
2441 4046 2703 4103 derelicto
2739 4041 3091 4099 benefactore
3127 4049 3182 4095 et
3218 4038 3408 4092 Salva-

1831 4162 1968 4217 tore,
2002 4148 2162 4205 idolis
2196 4143 2390 4201 confisi
2442 4148 2572 4197 sunt
2615 4140 2794 4194 anima
2841 4144 2894 4192 et
2942 4140 3124 4189 mente
3172 4129 3411 4186 carenti-

1832 4250 1934 4303 bus
1958 4265 1973 4313 ;
2015 4243 2219 4298 idcirco
2236 4240 2385 4295 omni
2411 4238 2552 4293 bona
2573 4234 2718 4289 fama
2748 4229 3015 4293 destituti,
3043 4226 3122 4281 vel
3140 4234 3197 4280 ut
3214 4232 3412 4293 stuppa

1834 4339 2228 4395 comburentur
2251 4330 2456 4402 (Vens.
2495 4329 2605 4398 51)
2644 4346 2662 4378 ι
2700 4334 2755 4379 et
2804 4338 2913 4378 non
2946 4320 3050 4376 erit
3081 4318 3175 4389 qui
3203 4316 3414 4373 exstin-

155 4380 646 4477 τακαυθησόμενοι,
689 4398 783 4451 καὶ
816 4397 916 4449 οὐκ
947 4394 1098 4446 ἔσται
1140 4392 1168 4442 6
1209 4389 1450 4442 σόέσων·
1491 4384 1576 4446 τίς
1621 4380 1708 4452 γάι

245 4501 249 4502 ν
291 4501 298 4502 ί
348 4499 361 4502 -
456 4499 470 4502 -
616 4496 630 4502 -
783 4490 872 4502 ~n
936 4487 963 4498 -
1030 4485 1042 4502 ι
1264 4477 1708 4502 -,ο-μ.-.›.-ι.-,.-,,

1877 4380 2220 4393 ³⁵⁵⁸ν“¹¹¹ν“’“’“’
2253 4380 2272 4402 \
2308 4380 2453 4386 '—""
2501 4380 2522 4384 '
2544 4380 2559 4382 ἡ
2588 4380 2603 4398 1
3098 4380 3115 4389 ι

1877 4439 1985 4485 uat.
2034 4446 2054 4480 ι
2106 4424 2244 4491 Quis
2277 4423 2424 4479 enim
2456 4427 2640 4492 posset
2667 4431 2763 4472 eos
2796 4415 3039 4483 eripere,
3093 4408 3205 4463 Deo
3253 4407 3412 4464 incu-

158 4499 430 4568 ἐξελέσθαι
451 4496 694 4559 δυνατὸς,
720 4490 811 4546 τοῦ
834 4487 967 4543 Θεοῦ
992 4485 1088 4557 τὴν
1112 4484 1230 4537 κατ’
1258 4478 1436 4545 αὐτῶν
1461 4477 1731 4544 ἀπόφασιν

157 4565 559 4665 ἐξενηνοχότος-ς
583 4588 693 4657 Τὴν
724 4586 782 4639 ὲν
802 4586 870 4654 τῇ
897 4574 1241 4650 αἰχμαλωσίᾳ
1270 4572 1445 4625 τοίνυν
1474 4565 1734 4636 αἰσχύνην

160 4656 450 4747 αἰνίττεται
485 4684 514 4736 6
545 4656 721 4749 λόγος·
757 4676 974 4729 πάντων
1011 4666 1250 4724 ἐκποδὼν
1282 4661 1594 4735 γενομένων
1627 4656 1736 4711 τῶν

165 4876 310 4937 πίδος
346 4869 525 4926 αὐτῶν
551 4869 648 4937 τῆς
682 4867 775 4919 ἐπὶ
792 4866 903 4927 τοῖς
934 4858 1190 4919 εἰδώλοις.

233 4935 350 5019 Κάν
374 4962 554 5030 λόγος,
584 4935 689 5012 κᾶν
720 4957 904 5026 ὅρασις
932 4951 1192 5019 λέγηται,
1220 4943 1372 4997 οὐδὲν
1403 4939 1609 4995 διοίσει·
1647 4935 1741 4990 καὶ

167 5059 274 5131 γὰρ
307 5060 365 5111 ἐν
399 5028 552 5125 (dies!
580 5069 632 5104 τι
665 5047 948 5119 φαίνεται·
976 5042 1147 5104 οὓτως
1181 5035 1440 5109 ήγνῶσις
1478 5028 1743 5084 διαϐαίνει

171 5121 469 5220 εἰς-ψυχὴν,
501 5147 578 5200 ὅτ’
607 5143 673 5197 ἂν
716 5140 848 5203 Θεὸς
886 5133 1124 5207 δεικνύῃ,
1163 5131 1239 5194 ὼς
1277 5125 1574 5197 δεξαμένης
1604 5121 1745 5174 κατά

173 5214 414 5299 διξίηίοιᾶν’
435 5242 560 5304 τοὺς
592 5235 796 5290 τούτων
827 5231 1039 5299 λόγους·
1081 5225 1201 5279 κᾶνν
1222 5221 1312 5277 διά
1346 5220 1519 5289 λόγων
1552 5214 1745 5286 ἀκούῃ,

174 5336 342 5398 οὕτως
370 5327 682 5404 βεϐαιοῦται
701 5324 798 5396 τὴν
819 5321 1056 5375 διάνοιαν
1076 5357 1090 5382 ,
1118 5317 1194 5381 ὼς
1218 5313 1427 5386 ἀθρόως
1458 5307 1751 5379 δεχομένης

176 5427 274 5499 τήν
300 5396 516 5495 πάντων
548 5419 769 5490 γνῶσιν.
799 5447 865 5458 -—
894 5408 1157 5467 Ἐνταῦθα
1174 5408 1235 5461 ού
1256 5405 1403 5474 λέγει
1426 5400 1584 5464 κατὰ,
1617 5396 1753 5451 αλλά

182 5489 326 5591 περὶ,
360 5491 596 5585 δεικνὺς,
642 5510 717 5574 ὡς
752 5510 871 5561 ἐκεῖ
903 5504 1000 5579 μὲν
1039 5501 1227 5572 ἐδήλου
1270 5497 1367 5572 τὴν
1410 5495 1528 5550 κατ’
1576 5489 1753 5546 αὐτῶν

183 5610 447 5682 ἐσομένην
476 5607 572 5664 καὶΙ
598 5603 707 5659 τῶν
734 5600 913 5655 τόπων
945 5596 1242 5668 ἐρήμωσιν.

1837 4520 2034 4579 sante?
2065 4517 2246 4573 lnnuit
2269 4515 2436 4586 igitur
2464 4525 2647 4568 sermo
2678 4506 3062 4563 confusionem
3095 4502 3150 4555 in
3181 4498 3415 4569 captivis

1836 4621 1949 4666 tate
2008 4610 2288 4671 futuram,
2340 4619 2465 4659 cum
2525 4602 2668 4656 bono
2715 4611 2933 4668 quoque
2990 4591 3163 4647 Judaei
3216 4591 3417 4645 fuerint

1838 4704 2030 4767 exuti,
2075 4710 2130 4757 et
2174 4716 2271 4770 spe
2330 4695 2541 4767 depulsi
2570 4734 2584 4758 ,
2643 4707 2804 4763 quam
2859 4690 2914 4743 in
2979 4686 3140 4740 idolis
3180 4685 3421 4740 colloca-

1842 4805 2051 4855 verant.

1914 4893 2043 4948 CAP.
2073 4888 2140 4955 ll,
2166 4886 2335 4942 Vens.
2371 4885 2423 4937 1.
2465 4880 2573 4937 Seu
2598 4878 2857 4943 verbum,
2888 4889 2985 4931 seu
3015 4870 3153 4927 visio
3177 4870 3417 4932 dicatur,

1846 4987 1980 5043 nihil
2032 4986 2297 5045 interest;
2340 4992 2465 5032 nam
2515 4981 2568 5030 et
2606 4971 2909 5029 visionibus
2943 4965 3147 5037 aliquid
3182 4963 3425 5025 auditur.

1853 5076 2082 5147 Quando
2121 5073 2267 5128 Deus
2307 5067 2440 5142 quid
2487 5067 2663 5121 oculis
2692 5062 2945 5133 subiicit,
2983 5058 3301 5147 cognitione
3341 5055 3429 5108 ina

1857 5173 2088 5228 struitur
2119 5167 2358 5229 animus,
2392 5162 2538 5217 haud
2565 5174 2725 5214 secus
2767 5171 2831 5209 ac
2872 5154 2920 5209 si
2944 5138 3126 5207 mente
3149 5149 3425 5204 visionum

1855 5275 2161 5319 sermonem
2190 5258 2531 5330 perciperet;
2558 5264 2612 5308 et
2641 5250 2827 5304 audito
2848 5246 3015 5302 verbo
3041 5284 3055 5307 ,
3106 5243 3181 5297 ita
3221 5239 3425 5294 illumi-

1854 5364 2019 5411 natur
2063 5368 2255 5419 mens,
2304 5347 2460 5419 quasi
2509 5357 2619 5398 uno
2662 5340 2863 5395 intuitu
2895 5347 3219 5391 cunctorum
3254 5329 3432 5384 scien-

1860 5451 1992 5505 tiam
2025 5443 2499 5515 complecteretur.
2532 5467 2601 5476 —
2630 5433 2730 5489 Hic
2754 5432 2870 5501 jam
2899 5443 3008 5483 non
3039 5432 3229 5480 contra
3257 5422 3439 5491 loqui-.

1859 5555 1970 5605 tur.
2004 5541 2099 5598 sed
2130 5540 2198 5594 de
2228 5535 2610 5607 (Jerusalem),
2662 5529 2913 5584 indicans
2944 5540 3002 5581 se
3034 5523 3187 5594 prius
3211 5518 3439 5575 calami.

1865 5644 2012 5691 tates
2033 5630 2443 5690 denuntiavisse
2478 5631 2669 5682 contra
2708 5638 2803 5679 eos
2838 5621 3050 5677 futuras
3101 5622 3155 5673 et
3188 5615 3445 5677 locorum

1866 5725 2240 5784 vastationem.
