3824 6140
404 252 535 309 I3II
1601 230 1952 293 THEODORI
1990 222 2512 283 HERACLEENSIS
2985 282 2994 292 ο
3546 212 3700 270 1312

474 367 721 424 Vsus.3.
748 366 932 437 Ipsum
969 360 1272 421 Salvatoris
1325 354 1501 411 nostri
1547 366 1853 410 sermonem
1901 347 1980 400 le.-

2154 339 2337 409 Νόμον
2364 337 2423 391 δὲ
2449 337 2604 391 καλεῖ
2634 336 2731 390 καὶ
2761 334 2918 403 λόγον
2951 331 3046 387 τοῦ
3076 333 3329 401 Lanam;
3351 323 3698 437 ημῶν-’ξω

401 416 834 533 gem—vocavit:
849 416 1050 527 quippe
1103 452 1195 523 qui
1246 450 1316 505 de
1362 448 1665 503 Jerusalem
1695 442 1977 514 profectus

2122 442 2193 507 ἀρ
2243 432 2351 487 ἀπὸ
2386 426 2744 503 Ἰερουσαλὴμ
2780 426 2987 497 φανεὶς,
3036 422 3229 495 ἤλεγξε
3276 421 3376 492 μὲν
3424 418 3504 472 τὰ
3551 416 3697 533 2.0:?!

399 507 651 609 Errantes
679 558 872 623 gentes
924 549 1141 619 arguit,
1186 561 1295 600 non
1324 545 1581 616 judicans
1626 542 1855 609 dociles,
1882 540 1978 596 sed

2118 525 2442 596 Ἆανώμενα·
2499 522 2561 575 οὐ
2618 517 2966 589 κατακρίνων
3020 514 3501 587 ὁμολογήσαντας,
3564 507 3680 565 ἀλλ

399 659 631 701 munera
657 644 897 714 largiens
929 639 1356 711 agnoscentibus
1384 652 1526 692 eum.

2118 618 2462 689 πεγνωκότας
2482 616 2805 687 εὐεργετῶν.

471 735 642 791 Vsus.
672 734 768 805 v18.
816 732 1081 786 Malorum
1131 744 1297 784 causa
1352 727 1646 796 (idolorum
1691 724 1976 797 eversio):

2151 733 2234 787 Τὰ
2265 732 2374 787 τῶν
2417 730 2603 785 κακῶν
2640 729 2811 783 αἴτια·
2850 728 2932 790 είς
2969 722 3316 793 συναίσθησιν
3359 718 3691 791 ἐρχόμενοι,

401 840 535 883 tunc
575 827 882 896 intelligent
940 839 1000 879 se
1051 823 1257 878 frustra
1314 818 1484 874 Deum
1525 818 1876 883 deseruisse,
1925 825 1980 873 et

2118 844 2159 880 ιι
2194 825 2282 894 δὴ,
2317 826 2491 896 μάτην
2530 821 2917 883 καταλιπόντες
2956 817 3045 871 τὸν
3092 815 3224 869 Θεὸν
3242 855 3257 879 ,
3288 814 3477 874 αὐτοῖς
3508 826 3695 882 προα-

401 921 697 977 inservisse
744 917 1089 983 simulacris;
1141 931 1265 970 nam
1297 921 1598 984 agnoscent
1644 910 1982 982 vespertilio-

2118 918 2327 973 κύνουν·
2362 916 2773 985 ἀναλογίσονται
2804 912 2913 984 γὰρ
2934 951 2948 974 ,
2966 911 3049 963 ὅτι
3076 907 3141 978 δὴ
3162 905 3360 978 μᾶλλον
3387 903 3693 974 νυκτερίσι

401 1026 499 1067 nes
552 1012 655 1067 sibi
698 1010 880 1081 potius
935 1009 1193 1065 colendas
1248 1007 1419 1062 fuisse
1460 1021 1625 1061 sensu
1680 1003 1977 1075 praeditas,

2118 1007 2453 1081 προσεκύνουν
2477 1008 2597 1071 ταῖς
2618 1008 2675 1060 ἐν
2698 1003 2909 1067 τούτοις
2938 997 3386 1072 ἐμφωλευούσαις
3413 993 3693 1065 αἴσθησιν

400 1118 563 1173 quam
598 1103 867 1173 imagines
891 1117 1078 1156 eorum
1099 1116 1263 1156 sensu
1286 1106 1555 1153 carentes.
1582 1095 1754 1160 Tunc,
1780 1096 1978 1166 inquit,

2120 1099 2450 1171 εκτημέναις
2484 1097 2519 1169 ἢ
2552 1100 2664 1162 τοῖς
2692 1094 2897 1149 τούτων
2932 1090 3295 1161 καταγωγίοις
3319 1085 3696 1155 ἀναισθήτοις

402 1196 706 1252 imminenti
737 1196 970 1267 judicio,
1011 1210 1121 1250 non
1148 1201 1363 1250 astante
1389 1193 1483 1264 qui
1518 1192 1811 1256 liberaret,
1866 1206 1983 1245 me-

2118 1188 2222 1247 ὗσι.
2259 1193 2371 1262 Τῆς
2400 1190 2589 1260 δίκης,
2620 1187 2805 1259 φησιν,
2830 1186 2975 1257 ὑμᾶς
3013 1180 3450 1250 καταλαϐούσης,
3485 1177 3589 1231 καὶ
3612 1174 3694 1247 μὴ

401 1272 508 1343 rito
538 1307 598 1346 se
630 1291 684 1344 in
736 1300 919 1360 petras
950 1287 1314 1350 abscondent,
1347 1285 1415 1341 de
1448 1285 1673 1356 quibus,
1705 1285 1801 1349 ait,
1836 1283 1982 1339 idola

2118 1302 2236 1349 ντος
2257 1283 2350 1337 τοῦ
2377 1280 2764 1354 βοηθήσαντος,
2791 1277 3079 1333 ἀκόλουθον
3106 1278 3186 1339 εἰς
3209 1274 3308 1338 τὰς
3332 1273 3557 1344 πέτρας
3588 1286 3694 1323 κει⁴

403 1382 510 1437 sibi
536 1380 955 1437 fabricat-erant.
986 1377 1101 1435 Non
1128 1378 1381 1450 poteritis
1417 1377 1585 1439 enim,
1612 1375 1820 1445 adjicit,
1844 1375 1981 1429 iram

2118 1374 2513 1448 ακρύπτεσθαιο
2549 1371 2609 1438 ἐξ
2646 1365 2831 1443 ὧνπερ
2853 1412 2866 1434 ,
2895 1370 3048 1442 φησὶ,
3082 1369 3178 1423 καὶ
3205 1366 3274 1420 τὰ
3305 1364 3515 1419 εἴδωλα
3559 1362 3691 1415 ἐλα-

402 1473 497 1529 Dei
526 1474 581 1528 in
610 1488 709 1529 vos
739 1480 1069 1527 commotam
1094 1470 1346 1531 suﬁerre,
1380 1468 1476 1524 sed
1509 1466 1983 1523 demonstrabitur

2118 1468 2332 1522 εύσατε·
2358 1466 2479 1520 ούδέ
2505 1465 2614 1536 γὰρ
2641 1462 2863 1531 ἐνέγκαι
2892 1458 3208 1531 δυνήσεσθε,
3232 1455 3392 1526 φησὶ,
3423 1455 3533 1525 τὴν
3564 1450 3691 1506 καθ’

402 1565 669 1638 fragilitas
703 1571 905 1631 vestra,
939 1565 1034 1619 Dei
1064 1579 1193 1620 vero
1219 1563 1477 1635 maiestas
1501 1560 1803 1632 apparebit.

2124 1560 2238 1632 μῶν
2268 1558 2580 1629 κινηθεῖσαν
2614 1553 2767 1625 παρὰ
2795 1552 2889 1606 τοῦ
2922 1550 3057 1605 Θεοῦ
3087 1551 3274 1621 ὀργήνο
3317 1545 3472 1638 ἀλλὰ,
3491 1545 3560 1599 τὸ
3591 1543 3691 1616 μὲν

2087 1652 2351 1722 ὑμέτερον
2379 1646 2604 1711 ἀσθενὲς
2625 1642 3111 1716 όμολογηθήσεται·
3143 1640 3393 1710 φανεῖται
3429 1637 3495 1691 δὲ
3519 1637 3558 1707 ἡ
3594 1652 3689 1706 μι-

2012 1717 2055 1772 B
2080 1717 2360 1814 γαλειότης
2390 1740 2483 1795 τοῦ
2514 1738 2647 1793 Θεοῦ

2155 1836 2229 1888 Τὸ
2260 1833 2380 1888 καθ’
2412 1834 2559 1904 ἡμᾶς
2592 1831 2862 1902 σωτήριον
2902 1828 3187 1899 βάπτισμα
3232 1823 3574 1896 σημαίνεται
3598 1820 3688 1874 διὰ

2080 1926 2315 1980 τούτων·
2342 1925 2408 1978 δι’
2440 1915 2501 1977 οὗ
2530 1923 2768 1996 μάλιστα
2800 1919 3032 1990 καθαροὶ
3064 1917 3122 1984 ἐξ
3159 1916 3419 1987 ὑπαρχῆς
3467 1912 3685 1967 ἀναδει-

469 1827 599 1885 Car.
633 1828 724 1898 IV,
759 1828 929 1886 Vens.
958 1831 1012 1885 4.
1053 1830 1264 1897 Quibus
1292 1830 1471 1885 verbis
1505 1830 1762 1885 salutaris
1795 1836 1982 1884 noster

404 1922 709 1992 baptismus
744 1922 1089 1992 signiﬁcatur
1108 1963 1122 1989 ,
1156 1939 1253 1993 per
1281 1939 1445 1993 quem
1471 1922 1773 1994 praesertim
1802 1923 1982 1978 denuo

403 2015 592 2069 mundi
619 2015 1042 2085 conspiCiemur.

471 2104 602 2159 CAP.
634 2104 697 2170 V,
744 2105 910 2161 Vsus.
947 2107 998 2161 I.
1041 2104 1217 2161 Voces
1254 2106 1370 2162 ista:
1408 2125 1426 2158 ι
1464 2108 1519 2162 in
1549 2122 1743 2171 cornu,
1770 2107 1823 2162 in
1862 2108 1984 2163 loco

404 2199 612 2270 pingui,
645 2218 665 2252 ι
693 2200 952 2255 selectum
993 2199 1164 2256 fuisse
1203 2200 1383 2256 locum
1439 2201 1754 2265 declarant,
1786 2200 1983 2256 distin-

403 2301 678 2363 ctumque.
723 2292 900 2348 Vitem
954 2294 1195 2364 sepsisse
1241 2292 1396 2356 dicit,
1434 2303 1488 2348 et
1550 2294 1871 2359 vallavisse,
1930 2301 1984 2349 et

404 2384 771 2454 plantavisse,
828 2391 883 2438 et
922 2385 1281 2441 aediﬁcavisse
1330 2386 1566 2450 turrim,
1610 2393 1671 2439 ut
1719 2394 1985 2440 memoret

402 2477 591 2546 quanti
640 2474 860 2532 Judazos
912 2475 1136 2544 fecerit,
1173 2486 1380 2547 quanta
1433 2476 1757 2532 custodierit
1805 2492 1980 2541 cura,

402 2578 609 2638 quanto
635 2569 820 2625 studio
861 2585 960 2640 per
999 2569 1299 2640 prOpbetas
1332 2569 1604 2626 docuerit.
1642 2569 1720 2623 Ita
1749 2569 1986 2625 excultis

403 2675 513 2713 non
545 2660 715 2730 spina:
741 2659 980 2715 ferendae
1007 2669 1184 2725 erant,
1230 2659 1327 2715 sed
1360 2659 1664 2730 condignas
1698 2658 1908 2714 fructus
1930 2666 1986 2713 et

402 2752 684 2809 laboribus
710 2754 1062 2809 conveniens.
1099 2754 1288 2808 Talem
1318 2761 1501 2808 autem
1533 2753 1773 2807 fructum
1807 2752 1875 2807 ab
1901 2751 1984 2807 eis

407 2857 511 2897 non
543 2842 716 2900 fuisse
741 2844 945 2900 editum
978 2852 1210 2899 testatur
1255 2845 1427 2915 spinae
1463 2860 1667 2899 corona
1714 2842 1985 2899 Salvatori

407 2936 663 3006 imposita
686 2976 702 3003 ,
740 2936 910 3006 ﬁgura
949 2937 1232 3007 spinarum
1269 2938 1325 2991 in
1373 2937 1573 2994 animis
1604 2936 1911 2992 latentium.

470 3136 600 3192 Car.
635 3137 826 3202 XXIII,
860 3138 1025 3195 Vens.
1068 3139 1155 3194 I7.
1213 3138 1464 3211 (Tyrum)
1494 3139 1628 3195 dicit
1662 3155 1691 3194 a
1720 3138 1830 3195 Deo
1862 3148 1986 3211 post

406 3238 657 3302 acceptas
704 3245 899 3302 poenas
939 3231 1267 3286 visitandam
1302 3248 1426 3287 esse
1452 3273 1468 3299 ,
1519 3239 1575 3287 et
1606 3233 1662 3287 in
1703 3234 1984 3303 antiquam

406 3324 605 3379 famam
646 3324 1064 3391 restituendam,
1092 3335 1151 3379 ut
1186 3325 1295 3381 Deo
1326 3326 1523 3396 opibus
1576 3326 1864 3388 inserviat,
1891 3340 1987 3394 per

406 3420 831 3491 negotiationem
875 3421 1199 3491 requisitis:
1238 3436 1358 3490 quae
1385 3418 1689 3475 Jerusalem
1736 3420 1987 3474 babitan-

406 3511 553 3567 tibus
598 3511 885 3582 perutilia,
941 3520 1001 3565 ut
1033 3512 1088 3566 in
1125 3509 1428 3581 Scripturis
1463 3513 1639 3568 sacris
1665 3552 1680 3577 ,
1724 3524 1986 3584 regnante

406 3604 629 3669 Hiram,
670 3603 969 3675 contigisse
1002 3613 1259 3658 narratur
1291 3605 1329 3657 ¹.

473 3696 606 3753 CAP.
641 3695 833 3761 XXVI,
854 3695 1019 3752 Vens.
1057 3696 1110 3752 9.
1151 3697 1377 3753 Animas
1405 3698 1479 3752 ita
1507 3696 1804 3767 dispositas
1847 3697 1987 3755 dicit

407 3805 566 3845 mane
603 3805 936 3862 consurgere
968 3789 1038 3844 ad
1071 3790 1412 3846 exhibendas
1450 3790 1519 3846 de
1572 3794 1862 3862 prmteritis
1894 3808 1986 3848 re-

407 3880 509 3936 bus
554 3880 760 3951 gratias
789 3897 804 3934 :
840 3895 1017 3950 neque
1048 3879 1195 3935 enim
1226 3896 1356 3945 nox,
1391 3880 1598 3935 homini
1638 3880 1706 3935 ad
1732 3895 1988 3935 recrean~

406 3974 538 4030 dum
569 3990 772 4046 corpus
797 3974 947 4041 data,
979 3974 1319 4031 dormientes
1369 3974 1595 4031 reﬁcere
1638 3982 1845 4045 posset,
1878 3974 1987 4030 nisi

407 4065 600 4122 fuisset
630 4066 734 4120 hoc
763 4080 794 4119 a
824 4064 936 4120 Deo
960 4065 1354 4131 constitutum;
1378 4065 1581 4135 optime
1608 4064 1774 4135 igitur
1797 4071 1850 4118 et
1871 4078 1988 4117 ma-

407 4156 646 4210 tutinum
706 4164 923 4226 tempus
983 4162 1216 4226 occupat
1269 4155 1663 4219 talis-anima,
1707 4162 1764 4209 ut
1823 4161 1876 4208 et
1920 4153 1988 4208 de

408 4248 701 4319 praeteritis
743 4249 911 4304 rebus
959 4248 1165 4319 gratias
1216 4247 1460 4314 referat,
1494 4255 1549 4302 et
1588 4246 1655 4301 ad
1692 4247 1834 4302 diem
1871 4245 1989 4316 jam

407 4343 746 4398 exorientem
799 4358 957 4413 opem
1017 4341 1246 4413 ﬂagitet.
1286 4339 1583 4412 Prmceptis
1627 4339 1719 4396 Dei
1753 4349 1986 4395 mentem

2082 2016 2330 2088 κνύμεθα

2152 2132 2227 2185 Τὸ
2268 2131 2347 2197 δὲ,
2391 2149 2409 2182 ι
2434 2130 2493 2183 ἐν
2522 2129 2736 2201 κέρατι,
2768 2130 2825 2181 ἐν
2853 2127 3005 2197 τόπῳ
3043 2123 3210 2190 πίονι,
3252 2142 3273 2175 ι
3305 2122 3369 2176 τὸ
3400 2120 3686 2192 ἐξαίρετον

2085 2221 2178 2275 καὶ
2225 2219 2630 2293 κεχωρισμένον
2676 2216 2771 2272 τοῦ
2817 2217 2983 2270 τόπου
3012 2214 3179 2287 δηλοῖ.
3204 2211 3474 2285 Φραγμὸν
3501 2210 3565 2264 δὲ
3593 2209 3686 2264 καὶ

2088 2311 2336 2382 χάρακας
2362 2310 2457 2364 καὶ⁵
2483 2307 2736 2378 φύτευμα
2757 2307 2849 2361 καὶ
2864 2304 3154 2376 οἰκοδομὴν
3181 2304 3331 2372 λέγει
3362 2303 3472 2372 τήν
3503 2318 3566 2353 τε
3590 2297 3685 2353 τοῦ

2084 2403 2273 2471 γένους
2325 2401 2677 2472 περιποίησιν
2708 2400 2803 2453 καὶ
2843 2398 2943 2470 τὴν
2990 2394 3159 2451 αὑτοῦ
3196 2395 3448 2469 φρουρὰν
3474 2394 3575 2447 καὶ
3601 2391 3687 2445 διά

2090 2492 2385 2563 προφητῶν
2421 2491 2761 2562 ἐπιμέλειαν,
2796 2492 2863 2545 δι’
2896 2483 2972 2544 ὧν
3011 2489 3229 2542 πάντων
3262 2485 3684 2556 γεωργούμενοι

2087 2583 2187 2637 οὐκ
2210 2583 2453 2648 ἀκάνθας
2489 2584 2674 2655 φέρειν
2712 2583 2994 2652 ἠδύναντο,
3042 2579 3179 2634 ἀλλὰ
3209 2581 3302 2634 τὸν
3326 2579 3565 2644 ἐπάξιον
3592 2579 3685 2631 καὶ

2092 2666 2446 2748 πρὸ’σήκοντα
2480 2675 2590 2729 τῶν
2626 2675 2805 2729 πόνων
2848 2675 3080 2746 καρπόν.
3113 2674 3234 2727 Ὅτι
3264 2672 3320 2725 δὲ
3345 2672 3409 2725 οὐ
3431 2669 3685 2732 τοιοῦτος

2089 2770 2119 2820 ὁ
2143 2768 2426 2841 κομισθεὶς
2450 2768 2579 2842 παρ’
2616 2768 2796 2822 αὐτῶν
2826 2766 3064 2839 καρπὸς,
3091 2766 3361 2837 μαρτυρεῖ
3393 2765 3423 2816 ὁ
3448 2762 3535 2834 τῷ
3572 2763 3686 2815 Σω-

2089 2861 2218 2932 τῆρι
2255 2861 2413 2932 ἡμῶν
2464 2860 2736 2924 ἐπιτεθεὶς
2781 2858 3073 2921 ἀκάνθινος
3116 2857 3403 2926 στέφανος,
3436 2854 3685 2924 tyana-1:3.

2088 2968 2237 3006 πτων
2283 2952 2375 3006 τὸν
2401 2953 2582 3024 ἀφανῆ
2626 2955 2683 3007 ἐν
2732 2950 2934 3022 ψυχαῖς
2989 2948 3277 3018 ἀκανθώδη
3318 2944 3509 3001 αὐτῶν
3556 2946 3688 3017 τρὸ-

2010 3060 2054 3116 ρ
2090 3062 2189 3099 πον
2228 3044 2324 3117 (ε).

2170 3158 2284 3229 Τὴν
2346 3157 2634 3228 ἐπίσκεψιν
2688 3157 2782 3211 τοῦ
2825 3157 2961 3212 Θεοῦ
3006 3159 3104 3230 τὴν
3161 3154 3299 3227 μετὰ
3327 3155 3428 3226 τὴν
3464 3152 3689 3225 πληγὴν

2094 3251 2394 3323 γενομένην
2420 3252 2590 3320 λέγει,
2623 3251 2699 3316 ὡς
2728 3254 2806 3315 είς
2827 3252 2925 3323 τὴν
2953 3251 3189 3323 ἀρχαίαν
3220 3247 3491 3319 ἐπανήξει
3522 3245 3689 3312 δόξαν

2091 3342 2478 3414 δωροφοροῦσα
2524 3342 2601 3413 τῷ
2635 3342 2756 3413 Θεῷ
2804 3343 2869 3395 ἐκ
2900 3341 2992 3394 τοῦ
3036 3339 3508 3411 ἐπισυναγομένου
3544 3339 3685 3409 αὐτῇ

2094 3433 2298 3504 σπόρου
2324 3434 2390 3487 ἐκ
2434 3434 2532 3504 τῆς
2571 3434 2865 3505 ἐμπορίας,
2890 3433 2925 3487 ἂ
2956 3432 3109 3486 ἔσται
3135 3435 3248 3496 τοῖς
3269 3433 3327 3484 ἐν
3361 3433 3431 3503 τῇ
3483 3431 3687 3501 Ἰερου-

2094 3525 2278 3598 σαλὴμ
2336 3525 2651 3581 κατοικοῦσι
2702 3525 3001 3597 πρόσοδος·
3044 3523 3232 3596 ὥσπερ
3273 3519 3370 3577 οὗν
3429 3523 3537 3577 καὶ
3594 3524 3687 3576 ἐπὶ

2091 3616 2186 3671 τοῦ
2214 3617 2433 3689 Χειρὰμ
2455 3617 2737 3689 ἱστόρηται
2772 3615 2926 3688 παρὰ
2952 3617 3052 3687 τῆς
3084 3615 3233 3679 θείας
3274 3614 3529 3686 Γραφῆς.

2180 3709 2498 3763 Ἀκόλουθον
2526 3708 2624 3772 τὰς
2650 3706 2792 3761 οῦτω
2836 3707 3185 3779 διακειμένας
3209 3704 3394 3775 ψυχὰς
3427 3703 3684 3758 σπεύδειν

2093 3800 2151 3853 ἐν
2173 3801 2287 3863 τοῖς
2337 3798 2552 3872 όρθροις
2591 3798 2900 3853 ἀποδιδόναι
2942 3799 3040 3861 τὰς
3068 3797 3420 3869 εὐχαριστίας
3443 3796 3545 3849 ἐπὶ
3577 3795 3682 3849 τῶν

2095 3891 2579 3964 παρεληλυθότων
2620 3892 2741 3946 οὐδὲ
2769 3891 2878 3963 γὰρ
2910 3890 3009 3956 νὺξ
3037 3893 3070 3961 ἡ
3106 3892 3188 3953 είς
3217 3888 3550 3943 ἀνάπαυλαν
3582 3888 3682 3943 τῶν

2095 3981 2365 4054 σωμάτων
2405 3981 2620 4035 δοθεῖσα
2654 3980 2966 4037 ἀναπαῦσαι
3003 3980 3289 4051 δυνήσεται
3318 3978 3414 4032 τὸν
3458 3980 3524 4030 ὲν
3552 3978 3681 4048 αὐτῇ

2096 4073 2464 4140 ὑπνώττοντα,
2525 4076 2574 4127 εἰ
2625 4075 2699 4147 μή
2750 4073 2852 4128 πού
2897 4091 2961 4141 γε
3015 4072 3226 4125 ἐκείνου
3269 4069 3537 4142 σύνθημα
3580 4070 3680 4141 εῐη.

2108 4167 2447 4236 Ἀναγκαίως
2496 4162 2651 4237 οὖνὴ
2693 4165 2916 4238 τοιαύτη
2976 4163 3122 4236 ψυχὴ
3153 4164 3399 4226 καὶτοὺς
3454 4163 3682 4235 δρθρους

2092 4252 2490 4330 προλαμϐάνει,
2517 4258 2603 4312 ἵνα
2620 4257 2714 4311 καὶ⁵
2745 4257 3001 4330 περὶτῶν
3038 4253 3502 4327 παρεληλυθότων
3530 4255 3681 4325 εὐχα-

2102 4351 2353 4424 ριστήσῃ,
2388 4351 2484 4404 καὶ
2514 4351 2642 4420 περὶ
2671 4350 2769 4421 τῆς
2805 4349 3107 4420 μελλούσης
3132 4347 3298 4401 αὑτὸν
3333 4344 3681 4411 διαδέξασθαι

408 4437 625 4507 piorum
684 4436 1005 4501 illuminari,
1069 4432 1451 4501 manifestum;
1523 4448 1652 4487 nam
1717 4438 1778 4486 ut
1834 4432 1979 4488 omni

2118 4442 2202 4513 λμέ
2212 4460 2309 4513 ρας
2330 4442 2707 4515 παρακαλέσῃ.
2747 4441 2885 4495 Ὑπὸ
2915 4441 2971 4495 δὲ
2988 4440 3097 4495 τῶν
3114 4438 3569 4513 προσταγμάτων
3592 4435 3677 4491 τοῦ

408 4529 578 4584 verbo
603 4527 699 4584 Dei
730 4529 895 4583 alitur
933 4528 1115 4583 anima
1137 4529 1182 4595 ⁸,
1209 4527 1285 4582 ita
1313 4538 1368 4583 et
1392 4526 1540 4581 omni
1564 4533 1836 4597 praecepto
1864 4525 1989 4580 illu-

409 4627 616 4676 stratur
643 4628 698 4676 et
728 4621 1089 4675 illuminatur.

479 4883 649 4941 Vens.
688 4884 773 4940 I0.
809 4884 1002 4941 Studio
1034 4885 1200 4959 igitur
1220 4886 1418 4958 cuique
1460 4888 1532 4944 sit
1556 4896 1611 4944 et
1637 4891 1988 4962 cura},justi—

410 4979 543 5031 tiam
575 4976 809 5034 discere.
841 4977 962 5032 Non
991 4978 1138 5034 enim
1177 4979 1395 5050 justitia
1415 5021 1430 5047 ,
1480 4982 1636 5053 quasi
1671 4991 1860 5040 nostra
1891 5001 1991 5038 na-

412 5082 531 5124 tura
559 5069 869 5136 inhaereret,
891 5071 966 5125 ita
984 5071 1145 5128 nobis
1162 5072 1324 5129 insita
1352 5081 1458 5139 est,
1482 5082 1543 5130 ut
1569 5090 1688 5132 eam
1720 5078 1804 5132 vel
1833 5078 1988 5135 incu-

481 5222 583 5278 'lII
613 5224 741 5297 Reg.
779 5241 856 5294 xu,
896 5226 954 5281 II
987 5242 1113 5298 sqq.
1186 5229 1422 5287 ’Mattb.
1455 5245 1530 5295 iv,
1562 5230 1617 5289 4.

487 5383 566 5455 (2)
609 5384 929 5457 Sequuntur
966 5387 1215 5457 ingentes
1250 5388 1305 5442 in
1343 5385 1669 5444 Heracleota
1699 5398 1890 5446 nostro
1916 5391 1997 5445 la-

410 5470 567 5510 cuna:
595 5464 710 5529 tum
735 5457 793 5529 in
816 5456 920 5512 hoc
951 5456 1063 5511 tum
1098 5459 1153 5512 in
1183 5461 1381 5523 altero,
1408 5475 1570 5529 quem
1602 5463 1879 5526 consului,
1902 5478 1997 5517 ca-

412 5536 551 5602 longe
595 5525 661 5579 ad
696 5527 899 5602 Isaiam
930 5543 1034 5582 ms.
1056 5530 1387 5602 exemplari.
1423 5525 1487 5584 Et
1531 5532 1753 5600 quidem
1785 5547 1885 5602 par
1910 5541 1996 5587 est

413 5597 704 5665 utriusque
727 5598 934 5652 codicis
965 5599 1127 5664 ratio,
1159 5597 1314 5654 ita'ut
1341 5602 1480 5656 alter
1501 5597 1567 5655 ei
1598 5603 1771 5656 altero
1788 5597 1995 5656 exscri-

413 5675 540 5737 ptus
570 5666 837 5722 videatur.
861 5667 973 5723 Cur
1002 5677 1181 5724 autem
1210 5678 1359 5725 tanta
1386 5673 1652 5728 omissio?
1701 5671 1989 5728 Heracleo-

2091 4533 2226 4586 Θεοῦ
2257 4531 2589 4603 φωτίζεσθαι
2622 4533 2722 4604 τὴν
2758 4532 2996 4587 διάνοιαν
3022 4531 3131 4586 τῶν
3162 4529 3406 4584 εὐσεϐῶν
3434 4529 3676 4601 εὔδηλον*

2091 4623 2281 4694 ὥσπερ
2307 4622 2413 4697 γὰρ
2443 4625 2500 4677 ἐν
2540 4624 2706 4677 παντὶ⁸
2747 4624 2951 4695 ῥήματι
2981 4622 3118 4676 Θεοῦ
3155 4620 3421 4692 τρέφεται
3444 4623 3482 4692 ἡ
3514 4619 3676 4691 ψυχὴ,

2091 4715 2267 4779 οὕτως
2292 4717 2386 4769 καὶ
2426 4717 2484 4768 ἐν
2534 4716 2695 4770 παντὶ
2724 4715 3109 4788 προστάγματι
3149 4711 3569 4781 καταυγάζεται
3595 4711 3680 4766 καὶ

2093 4807 2405 4876 φωτίζεται.

2167 4901 2378 4972 Σπουδὴ
2404 4900 2581 4954 τοίνυν
2611 4899 2860 4954 ἑκάστων
2889 4899 3006 4952 ἐστὶ
3035 4898 3129 4953 καὶ
3160 4896 3359 4969 μελέτη
3388 4897 3452 4950 τὸ
3485 4897 3661 4951 δικαιο

2097 4992 2265 5062 σύνην
2324 4991 2516 5063 μαθεῖν
2541 5008 2556 5022 ο
2608 4991 2729 5045 οὐδὲ
2789 4992 2898 5063 γὰρ
2932 4991 3007 5053 ὡς
3035 4989 3094 5041 ἓν
3116 5006 3168 5041 τι
3201 4987 3311 5041 τῶν
3336 4989 3399 5040 ἐν
3427 4990 3503 5058 τῇ
3532 4987 3679 5057 φύσει

2096 5083 2367 5151 κειμένων
2432 5082 2525 5136 καὶ
2564 5082 2721 5135 τοῦτο
2768 5083 2899 5153 ἡμῖν
2940 5081 3314 5152 συμπέφυκεν,
3357 5078 3452 5132 ῖνα
3497 5078 3682 5151 ἀμελε-

2106 5401 2218 5446 tam
2268 5391 2489 5461 quidem
2540 5389 2815 5461 integrum
2872 5386 3339 5461 commentarium
3378 5383 3680 5442 confecisse

2104 5478 2216 5517 non
2245 5456 2474 5526 dubito;
2497 5460 2598 5533 sed
2622 5456 2830 5515 catena:
2851 5456 3252 5533 auctor‘codice
3271 5456 3464 5526 aliquo
3491 5471 3679 5533 maneo

2106 5534 2343 5587 fortasse
2401 5532 2693 5595 utebatur;
2749 5545 2926 5599 neque
2974 5529 3121 5599 enim
3174 5537 3256 5582 tot
3300 5527 3682 5584 commentarii
3788 5568 3789 5599 ι

2105 5612 2290 5673 partes
2321 5609 2516 5673 sponte
2556 5592 2972 5672 praetermisisse
3009 5598 3250 5655 videtur.
3788 5592 3789 5661 1
