3824 6140
143 326 287 382 1315

1626 331 1688 387 ΙΝ
1732 330 1986 391 ιεΑιΑΜ.

3260 336 3396 391 15η

136 443 324 513 τήτως
379 439 511 493 αὐτὸ
543 439 777 512 ἐχωμεν,
817 442 1005 515 ὥσπερ
1051 439 1143 498 οὖν
1171 446 1232 499 τὸ
1264 446 1480 517 βλέπειν
1509 448 1542 519 ἢ
1573 448 1718 519 βαδί-

1829 449 1961 505 riosi
1992 465 2418 521 consequamur,
2443 448 2899 520 quemadmodum
2930 448 3105 504 oculis
3120 449 3397 504 intuemur

140 531 265 598 ζειν
284 548 296 561 ·
326 530 442 585 ἀλλ’
460 532 673 603 ἑκάστῳ
697 534 856 605 χρεία
886 536 1138 608 σπουδῆς,
1173 537 1310 609 πρὸς
1336 539 1398 592 τὸ
1417 541 1718 612 ἀποστῆσαι

142 624 248 695 μὲν
268 623 365 696 τὴν
397 623 634 680 διάνοιαν
655 626 889 692 ἀδικίας,
912 630 1239 701 προσλαϐεῖν
1264 632 1321 686 δὲ
1352 633 1716 705 δικαιοσύνην·

144 715 261 770 ίδοὺ
290 716 398 789 γάρ
425 717 474 770 οί
500 718 557 771 ἐν
584 718 809 790 ἀσεϐείᾳ
837 720 1103 791 ζήσαντες
1141 722 1385 778 ἐκποδὼν
1410 727 1715 796 γεγόνασιν·

139 807 267 861 οὐδὲ
286 809 395 881 γὰρ
432 805 542 865 οἷόν
569 811 629 865 τέ
668 812 816 865 ἐστιν
842 813 1099 884 ἀληθείας
1149 819 1388 891 ἐργάτην
1433 819 1719 891 εὑρεθῆναι

140 901 240 954 τὸν
281 901 356 974 μή
383 901 729 974 δικαιοσύνην
754 903 1144 977 μελετήσαντα.
1181 941 1250 950 --
1289 910 1720 982 Ἐκλαμϐἀνεται

140 992 320 1046 ταῦτα
347 993 441 1046 καὶ
462 994 542 1057 είς
570 993 661 1047 τὸν
690 994 956 1060 διάϐολον,
1003 998 1097 1051 καὶ
1128 1001 1209 1064 είς
1240 1002 1365 1066 τοὺς
1398 1003 1720 1074 ἀγνώμονας

153 1083 473 1151 Ἰουδαίους,
530 1085 626 1151 ὡς,
680 1087 890 1141 πολλῶν
944 1089 1269 1162 εὐεργεσιῶν
1312 1095 1585 1164 τυχόντες,
1640 1095 1719 1148 ἔτι

141 1173 409 1245 ἐπέμενον
450 1175 510 1227 τὸ
542 1176 696 1246 ὄμμα
726 1178 824 1249 τῆς
866 1179 1107 1244 διανοίας
1142 1185 1562 1254 κεκαμμυκότες
1585 1202 1598 1215 ⁸
1622 1186 1719 1239 τοῦ

141 1265 258 1337 γὰρ
300 1267 504 1339 Κυρίου
541 1269 695 1340 ήμῶν
739 1272 911 1344 Ἰησοῦ
961 1274 1197 1345 Χριστοῦ
1258 1275 1715 1348 ἐπιδημήσαντος,

142 1355 244 1407 καὶ
296 1356 402 1410 τῶν
449 1355 619 1411 ἐθνῶν
651 1361 1078 1424 πιστευσάντων,
1123 1356 1266 1417 οὗτοι
1302 1364 1362 1417 οὐ
1397 1366 1554 1435 μόνον
1592 1367 1720 1437 περὶ

139 1444 237 1497 τὸν
262 1445 555 1518 εὐεργέτην
598 1446 909 1520 ἀγνώμονες
941 1452 1249 1520 γεγόνασιν,
1290 1452 1423 1506 ἀλλά
1459 1454 1555 1507 καλ⁵
1575 1454 1720 1526 ζήλῳ

140 1535 367 1607 πονηρῷ
380 1537 745 1609 ἐκκαιόμενοι,
765 1541 1116 1613 περίκαυστοι
1136 1543 1389 1613 γενέσθαι
1407 1545 1716 1615 ἠϐούλοντο,

142 1625 294 1697 ἥπερ
315 1627 446 1699 όρᾷν
475 1627 548 1680 τὰ
572 1627 698 1699 ἔθνη
724 1629 1025 1701 σωζόμενα.

230 1715 490 1771 Ἐνταῦθα
540 1718 638 1790 τήν
690 1721 1043 1775 ἀνταπόδοσιν
1077 1723 1247 1792 λέγει,
1285 1725 1383 1797 τὴν
1402 1729 1525 1780 κατ’
1563 1726 1720 1794 ἀξίαν

141 1805 258 1859 τῶν
316 1809 729 1882 ἁμαρτημάτων
754 1814 1086 1885 ἐπαχθεῖσαν
1123 1816 1279 1888 δίκην
1302 1834 1316 1847 ·
1358 1819 1580 1873 ἐκείνων
1610 1822 1718 1894 γάρ

141 1899 386 1965 πάντων,
441 1905 623 1974 φησιν,
677 1907 808 1977 ἡμῖν
862 1908 1088 1971 δικαίως
1122 1909 1590 1965 ἀνταποδοθέντων
1625 1903 1720 1966 καὶ

140 1987 336 2061 ῶσπερ
368 1991 528 2062 χρέος
557 1993 909 2060 ἐκτισάντων,
940 1995 1136 2058 ἀπόδος
1162 1997 1296 2066 ἡμῖν
1329 1997 1420 2050 τὸν
1454 1999 1718 2068 μονογενῆ

140 2081 277 2136 Υίόν
330 2099 423 2135 σου
443 2100 456 2112 ο
492 2083 614 2137 οὐδὲ
640 2085 748 2158 γὰρ
805 2086 962 2150 ἄλλος
984 2089 1068 2151 τίς
1092 2090 1240 2142 ἐστιν
1277 2087 1415 2160 ἴαμα
1447 2087 1603 2160 ήμῶν
1628 2090 1660 2162 ἢ
1691 2092 1720 2144 ό

144 2175 443 2244 μονογενής
469 2191 561 2227 σου
587 2175 715 2239 Υἱὸς
740 2179 1184 2250 παραγενόμενος
1233 2180 1325 2233 ἐπὶ
1352 2181 1476 2251 γῆς.

217 2266 339 2320 Ὅτι
402 2267 500 2337 μὲν
532 2271 564 2341 ή
610 2270 825 2323 πάντων
862 2271 1147 2326 δεσποτεία
1186 2275 1431 2345 προσῆκε
1472 2275 1551 2347 τῷ
1578 2276 1713 2347 Θεῷ,

138 2356 310 2410 παντὶ
352 2356 529 2428 δῆλον,
585 2359 679 2412 καὶ
712 2359 812 2413 οὐκ
842 2360 906 2415 ἀν
936 2379 1021 2425 τις
1048 2362 1398 2434 ὑπονοήσειεν
1438 2366 1595 2429 ἐκτὸς
1621 2367 1718 2437 τῆς

138 2450 458 2514 δεσποτείας
482 2450 576 2504 τοῦ
593 2451 729 2505 Θεοῦ
755 2449 894 2507 εἶναί
913 2471 1054 2509 τινα.
1080 2456 1153 2509 Τὸ
1168 2451 1281 2521 οὖν,
1311 2456 1525 2528 Κτῆσαι
1547 2459 1580 2530 ή
1589 2460 1715 2528 μᾶς,

140 2539 373 2593 ἐνταῦθα
424 2539 696 2608 λέλεκται,
729 2542 809 2596 ὅτι
845 2542 933 2598 διά
965 2545 1065 2617 τῆς
1094 2545 1187 2599 τοῦ
1236 2548 1555 2618 μονογενοῦς
1587 2549 1718 2602 Υίοῦ

144 2647 244 2684 σου
298 2632 599 2704 παρουσίας
644 2633 1062 2708 λυτρωσάμενος
1103 2641 1279 2710 ἡμᾶς,
1332 2641 1574 2711 ᾠκείωσε
1624 2643 1718 2717 καὶ

142 2724 499 2797 περιεποίησε
529 2726 902 2797 νεκρωθέντας
932 2733 1052 2793 ταῖς
1085 2732 1398 2802 ἁμαρτίαις.

216 2816 281 2868 Οἱ
324 2814 435 2887 γὰρ
468 2818 861 2889 νενεκρωμένοι
914 2823 1033 2884 ταῖς
1082 2822 1379 2894 ἁμαρτίαις
1409 2824 1469 2876 ού
1510 2824 1718 2896 μήποτε

144 2907 431 2963 θεάσονταί
481 2926 576 2963 σε·
602 2910 812 2982 νεκρῶν
852 2910 961 2984 γάρ
1022 2912 1193 2967 όντων
1237 2913 1345 2966 τῶν
1378 2914 1518 2968 κατὰ
1558 2915 1719 2985 φύσιν

144 3000 454 3073 γενομένων
510 3001 740 3073 νεκρῶν,
798 3004 894 3057 καὶ
937 3003 1148 3075 νεκρῶν
1178 3003 1286 3056 τῶν
1331 3004 1718 3075 νεκρωσάντων

1823 554 1917 595 aut
1970 543 2201 613 pedibus
2251 542 2590 608 incedimus;
2637 540 2734 597 sed
2789 541 2974 595 studio
3006 540 3204 610 cuique
3257 555 3397 613 opus

1821 639 1946 698 est,
1987 643 2048 687 ut
2094 631 2380 702 iniustitia:
2419 645 2643 686 sensum
2675 629 2829 700 prius
2856 636 3038 694 exuat,
3074 638 3129 683 et
3155 628 3282 684 dein
3311 628 3397 682 in-

1821 721 1958 778 duat
1983 723 2279 793 justitiam.
2322 723 2460 779 Ecce
2493 732 2678 779 autem
2709 723 2875 778 ablati
2907 730 3038 779 sunt
3063 723 3251 794 impii;
3283 739 3395 779 non

1822 815 1968 870 enim
2025 821 2201 885 potest
2239 815 2377 881 ﬁeri,
2407 824 2467 869 ut
2524 816 2805 871 veritatem
2845 814 3050 881 faciat,
3087 816 3183 886 qui
3231 815 3397 884 justi-

1822 906 1951 959 tiam
1980 920 2088 960 non
2113 905 2388 961 didicerit.
2420 905 2752 962 Referuntur
2794 907 2910 963 haec
2941 922 3159 977 quoque
3188 907 3246 960 in
3275 905 3396 960 dia-

1820 993 2026 1059 bolum,
2061 1001 2116 1049 et
2146 993 2203 1049 in
2240 996 2486 1066 ingratas
2531 994 2769 1061 Iudaeos,
2800 996 2894 1067 qui
2927 997 3057 1052 licet
3089 996 3393 1051 innumeris

1821 1084 2027 1141 fuerint
2055 1086 2335 1142 beneﬁciis
2362 1088 2530 1152 aucti,
2558 1102 2785 1144 aversos
2814 1096 2999 1143 tamen
3026 1087 3227 1143 mentis
3255 1103 3382 1142 ocu-

1820 1177 1903 1232 los
1952 1176 2317 1247 rellexerunt;
2368 1194 2498 1233 nam
2552 1179 2877 1236 adveniente
2926 1180 3157 1236 Domino
3200 1187 3393 1236 nostro

1819 1268 1950 1326 Jesu
1978 1269 2219 1336 Christo,
2252 1272 2506 1343 gentibus
2535 1273 2603 1328 ad
2635 1273 2795 1329 ﬁdem
2825 1276 3127 1338 conversis,
3159 1274 3252 1329 isti
3282 1289 3393 1329 non

1819 1363 1983 1417 modo
2005 1364 2251 1435 ingratos
2283 1380 2342 1420 se
2371 1365 2720 1435 praebuerunt
2767 1365 2824 1420 in
2872 1364 3207 1421 Salvatorem
3230 1405 3247 1432 ,
3295 1366 3392 1421 sed

1820 1470 1988 1525 pravo
2010 1456 2127 1510 zelo
2147 1454 2439 1527 ﬂagrantes
2467 1457 2571 1526 ipsi
2605 1457 2856 1511 comburi
2887 1458 3200 1513 maluerunt
3226 1471 3391 1527 quam

1821 1555 2013 1616 gentes
2044 1548 2363 1618 conspicere
2394 1548 2570 1603 salute
2593 1548 2844 1604 donatas.

1895 1724 2061 1781 Vsus.
2118 1725 2205 1780 12.
2264 1724 2363 1780 Hic
2424 1724 2594 1781 Deum
2652 1726 2959 1782 reddidisse
3002 1726 3162 1792 dicit,
3200 1739 3391 1796 poenas

1752 1795 1792 1849 Β
1822 1817 2034 1873 scilicet
2058 1817 2283 1871 meritas
2306 1831 2404 1886 pro
2433 1817 2672 1886 peccatis
2696 1836 2712 1885 ;
2744 1832 2868 1871 cum
2897 1816 3044 1873 enim
3076 1795 3258 1873 omnia
3279 1831 3393 1871 no—

1820 1911 1907 1966 bis
1931 1951 1945 1974 ,
1981 1910 2190 1981 inquit,
2243 1909 2368 1980 jure
2398 1909 2722 1975 reddidisti,
2769 1917 2825 1964 et
2853 1914 3010 1979 quasi
3035 1910 3277 1965 debitum
3305 1924 3393 1965 re-

1818 1999 2053 2065 misisti,
2113 1997 2182 2052 da
2231 2000 2394 2055 nobis
2424 2001 2767 2070 unigenitum
2797 1998 2998 2054 Filium
3054 2009 3241 2067 tuum;
3282 2015 3392 2054 non

1818 2092 1965 2147 enim
1991 2098 2077 2148 est
2105 2092 2245 2148 alius
2288 2092 2449 2147 nobis
2499 2092 2685 2161 saluti,
2717 2093 2824 2149 nisi
2853 2092 3173 2165 unigenitus
3219 2090 3393 2147 Filius

1821 2194 1947 2241 tuus
1974 2186 2030 2240 in
2064 2194 2264 2240 terram
2302 2183 2578 2253 delapsus.

1888 2278 2057 2334 Vsus.
2092 2279 2179 2333 15.
2210 2275 2405 2332 Omnia
2461 2274 2516 2330 in
2564 2275 2820 2331 manibus
2855 2273 2949 2329 Dei
2982 2289 3138 2338 esse,
3192 2287 3391 2342 cuique

1818 2371 2206 2439 perspicuum,
2240 2382 2343 2423 nec
2380 2365 2750 2437 suspicaberis
2803 2380 3131 2435 quemquam
3180 2378 3244 2418 ex
3295 2362 3391 2417 Dei

1819 2462 2048 2531 imperio
2078 2475 2188 2514 non
2240 2459 2495 2528 pendere.
2546 2456 2647 2512 llic
2690 2457 2856 2527 igitur
2892 2472 2953 2511 ea
2983 2457 3051 2512 de
3081 2470 3248 2510 causa
3290 2469 3392 2510 nos

1818 2551 2084 2621 possidere
2112 2549 2331 2612 dicitur,
2370 2547 2516 2618 quod
2546 2547 2811 2617 unigeniti
2858 2545 2982 2600 Filii
3006 2545 3126 2615 ejus
3154 2546 3391 2601 adventu

1820 2643 2156 2714 puriﬁcatos,
2181 2648 2238 2698 et
2274 2641 2342 2696 de
2371 2648 2549 2695 morte
2580 2646 2932 2710 peccatorum
2975 2637 3256 2703 liberatos,
3285 2636 3391 2693 sibi

1819 2734 2157 2805 comparavit
2185 2740 2240 2788 et
2268 2732 2530 2786 devinxit.

1888 2825 2054 2881 Vsus.
2094 2825 2180 2879 14.
2221 2822 2511 2892 Nunquam
2561 2821 2703 2876 enim
2762 2821 3024 2877 videbunt
3070 2829 3126 2876 te
3166 2826 3392 2893 peccato

1818 2916 2054 2983 mortui;
2087 2930 2213 2969 nam
2241 2912 2445 2968 mortui
2477 2919 2630 2978 sunt,
2662 2911 2864 2982 quibus
2911 2926 3112 2981 corpus
3145 2909 3389 2976 interiit;

1818 3008 2023 3064 mortui
2047 3015 2175 3063 sunt
2202 3014 2256 3061 et
2289 3005 2381 3059 alii
2415 3004 2510 3075 qui
2541 3004 2783 3060 membra
2803 3019 2900 3057 sua
2926 3001 3121 3058 mediis
3149 3001 3206 3055 in
3231 3000 3387 3056 volu-

143 3091 216 3144 τά
242 3090 449 3143 ἑαυτῶν
482 3090 616 3163 μέλη
639 3093 695 3146 ἐν
720 3094 841 3156 ταῖς
874 3093 1115 3164 ἡδοναῖς,
1154 3095 1246 3147 καὶ
1276 3093 1346 3147 τὰ
1398 3094 1544 3148 κακὰ
1596 3095 1717 3149 δια-

1829 3100 2065 3170 ptatibus
2095 3104 2372 3162 coercent,
2406 3102 2463 3151 et
2489 3094 2716 3150 aﬂ'ectus
2748 3110 2945 3165 pravos
2980 3094 3146 3148 animi
3168 3092 3392 3164 impios-

142 3184 391 3254 νοήματα
435 3183 504 3238 τὰ
526 3183 669 3238 κατά
701 3184 833 3237 Θεὸν
862 3186 1276 3257 νεκρωσάντων.
1318 3187 1585 3243 Ἐνταῦθα
1610 3187 1719 3243 τῶν

144 3276 406 3331 ἐναντίων
454 3278 746 3349 μέμνηται,
806 3278 916 3331 τῶν
955 3278 1366 3334 ἀποϐαλλόντων
1393 3282 1491 3353 μὲν
1541 3283 1719 3336 πᾶσαν

144 3370 383 3440 ζωτικῆς
423 3371 839 3443 δικαιοπραγίας
881 3371 1046 3445 ζωὴν,
1071 3375 1463 3446 νεκρωσάντων
1492 3375 1547 3429 δὲ
1591 3378 1720 3430 ἐαυ-

144 3464 273 3526 τοὺς
286 3462 503 3534 τῷΘεῷ
523 3464 627 3518 ὑπὸ
655 3463 750 3517 τοῦ
780 3464 1019 3536 πλήθους
1041 3466 1151 3519 τῶν
1185 3466 1470 3538 ἁμαρτιῶν
1503 3468 1598 3521 καὶ
1620 3486 1719 3522 κα-

144 3554 452 3628 κοπραγίας
476 3555 922 3627 ἀποϐεϐληκότας
942 3558 1040 3629 τὴν
1067 3558 1328 3623 ξωοποιὸν
1352 3560 1716 3632 δικαιοσύνηνο

145 3647 230 3700 διὸ
266 3648 358 3700 καὶ
391 3648 723 3719 φειδόμενος,
756 3651 785 3703 ό
819 3650 971 3715 Θεὸς,
1008 3652 1100 3705 καὶ
1126 3652 1423 3724 ἀγαθότητι
1464 3654 1719 3725 κινούμε-

145 3758 256 3805 νος,
276 3740 536 3811 ἐνέκοψας
560 3741 951 3813 ἁμαρτάνουσι.

218 3833 501 3903 Σημαίνει,
551 3834 632 3887 ὄτι
677 3834 989 3905 φειδόμενος
1029 3836 1058 3888 ὁ
1083 3834 1215 3899 Θεὸς
1242 3836 1337 3889 τοῦ
1357 3836 1592 3907 Χριστοῦ
1621 3838 1720 3908 τῆς

146 3922 294 3994 ζωῆς
319 3924 499 3978 αὐτῶν
549 3925 872 3996 ὑπετέμετο,
926 3926 1014 3981 ἵνα
1061 3927 1136 3998 μὴ
1179 3928 1259 3991 είς
1292 3927 1484 3999 χρόνον
1514 3928 1720 4000 μακρὸν

145 4012 556 4084 παραμένοντες
591 4014 1166 4086 συμπαρεκτείνωνται
1196 4019 1261 4089 τῇ
1292 4017 1479 4089 κακία,
1511 4019 1605 4071 καὶ
1632 4016 1721 4071 αὖ·

146 4105 312 4170 ξωσιν
344 4106 522 4161 αὐτῶν
545 4107 645 4179 τὴν
671 4108 934 4179 πονηρίαν
952 4125 966 4138 ’
994 4109 1082 4163 διὰ
1117 4109 1226 4182 γὰρ
1256 4109 1564 4180 ἀγαθότητα
1590 4112 1720 4175 Θεὸς

144 4201 243 4254 καὶ
281 4202 505 4272 χρόνους
548 4202 721 4274 ὁρίζει
766 4204 846 4265 είς
885 4198 1154 4274 τιμωρίαν
1184 4221 1197 4234 ·
1241 4204 1399 4259 τοῦτο
1447 4206 1545 4277 μὲν
1579 4205 1721 4278 μετὰ

146 4290 343 4343 ἑκατὸν
368 4290 571 4343 εἴκοσιν
627 4290 744 4361 ἐτη,
801 4292 989 4363 ὥσπερ
1051 4288 1144 4346 οῦν
1185 4296 1278 4348 καὶ
1311 4296 1407 4348 ἐπὶ
1437 4296 1529 4350 τοῦ
1553 4314 1722 4353 κατα-

146 4381 416 4454 κλυσμοῦ,
467 4382 623 4437 τοῦτο
669 4383 726 4437 δὲ
762 4383 1045 4456 ἐξήκοντα.
1090 4387 1201 4439 Καὶ
1232 4387 1301 4440 δι’
1327 4388 1490 4443 αὐτοῦ
1531 4388 1719 4443 τούτου

1820 3209 1926 3263 que
1961 3198 2337 3261 compescunt.
2375 3189 2476 3245 llic
2529 3198 2718 3245 contra
2765 3190 2833 3243 de
2874 3188 2983 3243 illis
3026 3186 3244 3258 agitur,
3298 3185 3391 3255 qui

1820 3300 2012 3343 omnes
2041 3289 2311 3338 exuerunt
2346 3281 2530 3335 vitalis
2584 3279 2816 3349 iustitia:
2854 3292 3071 3342 mores,
3128 3276 3224 3347 qui
3286 3274 3394 3329 Deo

1819 3378 2022 3434 mortui
2049 3386 2195 3441 sunt,
2244 3379 2468 3446 propter
2512 3368 2915 3425 multitudinem
2960 3374 3308 3437 peccatorum
3337 3372 3392 3419 et

1820 3469 2220 3541 nequitiarum,
2261 3466 2410 3520 vitali
2445 3462 2660 3535 iustitia
2696 3459 2919 3531 spoliati
2954 3456 3198 3513 :idcirco
3227 3454 3392 3510 mise-

1819 3561 2058 3618 ricordia
2089 3559 2255 3624 Deus,
2287 3566 2339 3612 et
2364 3554 2699 3626 benignitate
2732 3555 3003 3613 movetur,
3024 3545 3242 3618 quando
3265 3556 3391 3614 pec-

1820 3652 2099 3708 catoribus
2128 3649 2329 3703 obstat.

1890 3834 2058 3889 Vsus.
2092 3832 2178 3887 M.
2219 3829 2430 3884 lndicat
2451 3822 2658 3881 Christi
2692 3821 2840 3876 Deus
2864 3834 2923 3875 se
2956 3832 3053 3889 per
3081 3812 3388 3884 benignita-

1818 3934 1928 3983 tem
1963 3926 2127 3980 vitam
2163 3936 2350 3978 eorum
2395 3916 2718 3978 rescidisse,
2752 3928 2819 3967 ne
2849 3908 3056 3964 diutius
3097 3907 3387 3967 durantes,

1820 4019 2026 4074 malitia
2073 4031 2171 4070 sua
2220 4019 2445 4067 caeteros
2489 4007 2763 4067 inﬁciant,
2839 4012 3102 4069 suamque
3159 4003 3390 4066 augeant

1820 4108 2146 4179 nequitiam;
2180 4118 2304 4158 nam
2329 4116 2424 4173 per
2455 4096 2848 4167 benignitatem
2885 4088 3028 4144 Deus
3057 4094 3112 4143 et
3143 4096 3389 4179 tempora

1820 4176 2009 4258 definit
2040 4198 2095 4252 in
2130 4209 2342 4267 pcenam
2385 4211 2397 4246 :
2461 4203 2609 4244 nunc
2661 4191 2788 4257 post
2840 4191 3058 4238 centum
3090 4185 3145 4235 et
3197 4176 3390 4247 viginti

1822 4307 1995 4347 annos
2027 4298 2079 4343 ut
2115 4283 2450 4356 temporibus
2478 4278 2667 4335 diluvii
2693 4276 2752 4343 ³;
2787 4287 2934 4328 nunc
2966 4276 3091 4342 post
3110 4267 3393 4337 sexaginta

1823 4386 1938 4457 (aut
1971 4380 2151 4452 potius
2168 4374 2507 4448 septuaginta
2526 4371 2547 4403 ⁸
2563 4370 2604 4441 ).
2621 4367 2709 4423 Fit
2729 4368 2913 4429 etiam,
2942 4361 3132 4419 eodem
3156 4364 3393 4414 testante

144 4474 243 4528 τοῦ
269 4475 545 4546 προφήτου
574 4476 671 4529 καί¹
702 4476 809 4548 πρὸ
830 4478 930 4547 τῆς
952 4477 1285 4549 προθεσμίας
1313 4480 1507 4549 ἐπάγει
1524 4481 1624 4552 τὴν
1651 4480 1718 4535 δί·

1829 4456 2087 4549 propheta
2116 4511 2133 4537 ,
2207 4479 2267 4525 ut
2327 4467 2412 4521 vel
2482 4470 2609 4520 ante
2666 4468 2880 4529 tempus
2944 4468 3137 4526 pinnas
3184 4456 3393 4552 repetat

146 4581 276 4636 κην,
303 4565 584 4633 ἐγκόπτων
618 4565 797 4620 αὐτῶν
842 4569 956 4630 τοῖς
984 4566 1365 4639 ἁμαρτήμασι,
1403 4569 1497 4624 καὶ
1530 4570 1719 4624 παύων

146 4655 348 4720 αὐτοὺς
373 4656 472 4728 τῆς
501 4657 866 4729 παρανομίας,
911 4659 1258 4731 ἀμετανόητα
1291 4659 1580 4725 νοσοῦντας
1597 4679 1611 4692 ·
1640 4660 1720 4717 διό

146 4766 314 4821 φησιν
369 4752 399 4804 ό
455 4750 821 4820 πεντηκοστὸς
846 4751 1107 4823 τέταρτος
1148 4750 1360 4823 ψαλμός
1383 4769 1397 4783 ’
1435 4770 1455 4804 ‹
1495 4752 1719 4825 ¹Ἄνδρες

146 4842 398 4913 αἱμάτων
418 4841 514 4895 καὶ
544 4840 850 4913 δολιότητος
890 4842 949 4895 οὐ
978 4841 1054 4912 μὴ
1084 4841 1421 4913 ήμισεύσωσι
1452 4844 1551 4907 τὰς
1581 4845 1719 4916 ήμέ-

150 4950 283 5005 ρας·
329 4952 349 4986 ι
392 4935 487 4988 καὶ
533 4932 726 4987 πάλιν
770 4952 789 4985 ι
818 4933 909 5005 Μὴ
952 4933 1234 5008 ἀναγάγῃς
1281 4951 1350 5007 με
1417 4936 1476 4990 ἐν
1535 4936 1722 5002 ήαίσει

148 5024 395 5097 ἡμερῶν-
432 5044 452 5078 ι

234 5115 502 5170 Ἐνταῦθα
565 5114 712 5170 κακά
740 5114 888 5184 λέγει
939 5115 1062 5186 οὐχὶ
1094 5114 1163 5169 τά
1201 5117 1260 5170 ἐν
1291 5116 1521 5189 πράξεσι
1555 5118 1721 5186 κακὰ,

148 5207 288 5262 ἀλλά
338 5207 412 5262 τά
462 5208 746 5263 κακωτικά
766 5225 780 5239 ο
821 5207 963 5263 οὕτω
992 5208 1102 5280 γὰρ
1143 5210 1237 5263 καὶ
1262 5210 1338 5263 ὅτ’
1365 5209 1431 5264 ἃν
1462 5210 1719 5284 ἀκούσῃς,

156 5315 175 5348 ι
198 5297 260 5349 '0
273 5292 471 5359 κτίζων
499 5295 664 5360 κακά,
694 5315 711 5347 ι
740 5294 1071 5367 ἐκλάμϐανε.
1099 5296 1209 5369 Τὴν
1227 5297 1409 5351 τοίνυν
1438 5298 1724 5370 ὑπερηφα-

148 5385 269 5438 νίαν
324 5384 432 5437 τῶν
484 5383 792 5455 λεγομένων
850 5383 1074 5451 ἐνδόξων
1111 5384 1198 5439 διά
1252 5384 1359 5439 τῶν
1400 5386 1723 5441 κακωτικῶν

149 5476 644 5549 καθαιρεθήσεσθαι
692 5476 967 5548 σημαίνει.

1829 4539 1990 4633 Θου-ε,
2021 4563 2239 4620 modum
2267 4558 2506 4630 peceatis
2530 4568 2721 4610 eorum
2759 4556 3025 4612 statuens,
3056 4557 3245 4599 eorum
3286 4539 3393 4633 ini-

1824 4659 2056 4730 quitates
2095 4652 2346 4708 inhibens
2378 4646 2592 4703 insania
2624 4640 3010 4697 laborantium.
3046 4635 3168 4730 Ideo
3197 4632 3394 4730 legitur

1824 4726 1880 4807 in
1920 4750 2130 4821 psalmo
2160 4762 2268 4813 LIV,
2298 4743 2369 4797 24
2400 4760 2412 4795 :
2453 4759 2472 4792 ι
2514 4736 2633 4792 Viri
2666 4735 2994 4807 sanguinum
3041 4736 3095 4784 et
3130 4726 3394 4821 dolosita-

1824 4815 2051 4906 tis,-non
2083 4836 2449 4894 dimidiabunt
2481 4832 2597 4887 dies
2637 4843 2803 4893 suos;
2844 4844 2864 4878 ι
2897 4830 2951 4879 et
2984 4822 3179 4876 iterum
3207 4836 3220 4873 :
3261 4836 3281 4869 ι
3315 4815 3394 4870 Ne

1829 4947 2053 4991 revoces
2076 4946 2163 4985 me
2196 4929 2252 4984 in
2278 4925 2506 4982 dimidio
2533 4923 2743 4978 dierum
2767 4928 3011 4973 meorum
3045 4911 3146 4967 ⁸..»

1898 5110 2066 5165 Vsus.
2097 5108 2184 5163 15.
2245 5103 2346 5159 Hic
2384 5116 2480 5174 per
2522 5099 2665 5154 mala
2695 5110 2806 5151 non
2833 5104 3003 5164 Opera
3033 5089 3176 5144 mala
3211 5087 3394 5142 inten—

1828 5201 1931 5266 dit,
1981 5198 2076 5257 sed
2121 5196 2425 5268 supplicia;
2475 5205 2600 5246 nam
2648 5195 2703 5244 et
2755 5186 2814 5240 in
2858 5184 3023 5239 istam
3070 5175 3394 5268 sententiam

1826 5265 2069 5350 eamdem
2089 5265 2273 5345 vocem
2302 5291 2552 5355 usurpat,
2570 5295 2694 5336 cum
2719 5277 2879 5333 dicit:
2905 5293 2923 5325 ι
2948 5271 3155 5328 Crcans
3169 5265 3390 5323 'mala‘.»

1836 5383 2086 5439 Declarat
2132 5380 2300 5451 igitur
2340 5393 2400 5434 se
2442 5392 2538 5449 per
2570 5372 2841 5444 supplicia
2868 5368 3175 5440 superbiam
3202 5372 3392 5421 eorum

1829 5477 1925 5549 qui
1958 5471 2193 5545 gloriosi
2223 5472 2492 5527 habentur
2521 5467 2927 5537 depressurum.

223 5762 244 5793 ⁸
266 5760 401 5817 Gen.
433 5758 507 5824 vi,
533 5762 586 5816 5.
663 5758 684 5794 ⁸
705 5760 850 5818 Psal.
892 5775 1114 5828 untx,
1146 5760 1231 5816 l0.
1300 5761 1320 5793 ⁸
1346 5759 1491 5815 Psal.
1526 5775 1598 5826 (ει,
1629 5759 1718 5816 25.

1841 5757 1944 5812 Isa.
1979 5771 2099 5821 xu,
2141 5753 2189 5806 7.
