3824 6140
487 353 627 413 1515

561 471 726 529 Vens.
774 473 859 528 16.
921 472 1121 527 Iratum
1161 473 1328 528 Deum
1368 472 1437 527 ad
1478 472 1876 528 convertendos
1935 471 2056 525 ani--
2088 476 2135 531 Α

489 581 611 622 mos
654 574 875 621 nostros
904 566 1204 636 ,‘minaciter
1245 567 1431 635 loqui;
1482 581 1592 619 non
1643 580 1772 619 vero
1809 574 2056 617 acturum

487 663 952 725 Operaturumque
1000 656 1240 723 indicat;
1290 671 1416 709 nam
1465 664 1687 725 propter
1748 655 2063 724 benignita-

493 754 599 799 tem
622 746 799 801 minas
830 746 1083 813 intendit,
1103 754 1162 799 ut
1186 754 1504 815 peccatores
1536 745 1833 809 deterreat,
1866 754 1921 800 et
1950 760 2062 816 pm-

490 838 776 891 nitentiam
810 848 1032 908 agentes
1071 838 1410 893 imminentia
1441 840 1584 892 mala
1618 844 1897 903 avertant;
1948 853 2059 892 non

487 929 631 981 enim
684 937 860 983 morte
918 936 1103 984 nostra
1150 928 1370 999 gaudet,
1431 945 1542 984 non
1600 937 1883 985 creaturas
1931 943 2060 984 suas

488 1019 767 1081 abhorret,
797 1034 904 1074 non
934 1028 1081 1075 creat
1105 1029 1164 1074 ut
1189 1021 1385 1076 habeat
1425 1036 1565 1091 quos
1588 1021 1811 1091 puniat,
1860 1022 2061 1091 quippe

493 1111 607 1174 cui,
649 1112 695 1164 si
726 1112 850 1166 talis
881 1121 1047 1178 esset,
1081 1112 1264 1167 silenti
1306 1113 1641 1183 puniendum
1680 1122 1817 1169 erat.
1863 1112 2059 1168 Omnia

464 1219 618 1257 ‘vero
652 1205 1005 1273 praenuntiat,
1042 1216 1096 1260 et
1120 1206 1281 1261 minis
1307 1206 1639 1262 omnimodis
1671 1207 1899 1263 affectus
1929 1223 2059 1263 suos

486 1294 746 1358 declarat,
786 1304 844 1349 ut
876 1295 1161 1352 audientes
1184 1312 1305 1366 quae
1327 1296 1684 1353 reformidare
1711 1298 1974 1363 solemus,
2005 1305 2060 1353 et

487 1384 751 1454 supplicia
788 1392 1172 1455 prtevcrtentes
1203 1387 1500 1442 salvemur.

561 1670 723 1729 Vens.
754 1674 836 1726 l7.
883 1672 981 1727 llic
1037 1673 1297 1728 dilectum
1350 1680 1509 1727 vocat
1565 1672 1905 1727 Salvatorem
1958 1689 2058 1728 no-

487 1775 681 1819 strum.
720 1764 797 1818 Ex
833 1781 942 1834 quo
968 1765 1114 1819 enim
1145 1765 1304 1834 juxta
1335 1766 1654 1835 prophetam
1690 1762 1859 1834 Virgo
1888 1780 2055 1834 pepe-

490 1858 628 1911 risse
678 1858 904 1919 dicitur,
952 1859 1153 1927 ubique
1189 1869 1496 1927 opportune
1532 1858 1816 1927 parvulum
1847 1873 2056 1912 memo-

486 1956 612 2013 rat;
646 1950 866 2018 quando
897 1949 1066 2018 igitur
1089 1964 1154 2003 ea
1194 1950 1267 2005 sit
1313 1950 1595 2003 hominum
1627 1950 1889 2019 nequitia,
1936 1965 2057 2019 quae

486 2056 593 2093 non
630 2040 736 2095 nisi
770 2041 1116 2111 gravissimis
1148 2040 1327 2110 pmnis
1368 2043 1575 2112 expiari
1616 2045 1808 2114 possit,
1858 2044 2056 2099 dilecto

483 2140 576 2185 tuo
619 2133 778 2187 nobis
804 2148 942 2203 opus
971 2141 1110 2199 erat,
1152 2134 1328 2206 gratia
1360 2150 1458 2192 sua
1492 2150 1592 2190 nos
1631 2136 1698 2191 de
1723 2137 2050 2191 calamitati-

481 2225 584 2279 bus
608 2225 926 2280 liheraturo.
1004 2294 1019 2307 .

2088 1813 2130 1870 Β

548 2332 717 2391 Vsus.
750 2336 837 2390 IS.
878 2335 1155 2402 Quantum
1181 2337 1344 2392 nobis
1386 2340 1599 2407 prosint
1645 2339 1826 2404 minae,
1869 2346 2055 2395 osten-

479 2422 596 2487 dit;
629 2438 755 2476 nam
786 2430 1049 2478 terrorem
1081 2435 1233 2478 tuum
1264 2426 1414 2481 velut
1457 2426 1661 2481 bonum
1693 2443 1878 2483 semen
1906 2430 2053 2483 acci-

477 2514 690 2583 pientes
743 2522 797 2569 et
845 2515 1253 2584 parturientes,
1310 2525 1555 2587 tempore
1608 2519 1758 2585 dato,
1821 2520 2051 2574 salutem

476 2607 1223 2677 consequemur;'~quandiu
1272 2608 1418 2662 enim
1466 2616 1669 2664 terram
1727 2612 2049 2677 incolimus,

479 2704 696 2765 tempus
726 2698 1066 2765 pcenitentize
1093 2700 1330 2770 largiris,
1359 2715 1468 2755 non
1492 2702 1685 2754 merita
1716 2716 1817 2757 nos
1836 2701 2052 2772 justitia

477 2787 682 2848 aufers.
707 2790 803 2844 sed
833 2791 1089 2847 concedis
1121 2799 1182 2846 ut
1216 2795 1465 2849 conversi
1484 2793 2050 2850 salvemur.—Vitale

476 2881 646 2951 igitur
678 2897 802 2934 cum
831 2898 1015 2938 semen
1059 2888 1456 2954 acceperimus,
1512 2895 1720 2942 terrore
1766 2887 2048 2954 commoti,

476 2987 672 3042 poenas
724 2988 913 3029 omnes
959 2975 1320 3046 effugiemus;
1374 2993 1501 3034 nam
1536 2979 1630 3049 qui
1662 2978 1817 3049 prius
1847 2978 2050 3033 mortui

474 3064 754 3120 fueramus
780 3073 1005 3134 peccato
1056 3075 1111 3122 et
1146 3069 1569 3139 cupiditatibus,
1602 3086 1749 3125 nunc
1786 3072 1945 3139 quasi
1979 3071 2048 3125 de

473 3158 883 3220 monumentis,
953 3165 1010 3212 te
1064 3159 1518 3230 reprehendente,
1569 3160 2045 3232 expergiscemur;
2075 3187 2118 3246 α

473 3260 583 3316 qua
639 3247 1063 3316 reprehensione
1114 3251 1497 3317 immutamur,
1535 3267 1565 3305 a
1595 3253 1757 3309 malis
1789 3252 2047 3323 operibus

473 3337 848 3407 abstinentes;
893 3356 1107 3411 semper
1146 3344 1291 3398 enim
1326 3344 1761 3400 misericordiam
1788 3354 1844 3400 tu
1863 3362 1949 3401 am
1975 3347 2044 3401 ad

472 3444 595 3496 nos,
626 3431 784 3501 quasi
814 3447 993 3488 rorem
1017 3435 1313 3491 salutarem
1337 3436 1599 3492 demittis.

543 3624 697 3683 CAP.
728 3628 968 3694 XXVIII,
1015 3630 1180 3687 Vens.
1214 3634 1262 3687 I.
1304 3633 1483 3689 Casus
1512 3631 1768 3705 Ephraim
1801 3642 1856 3690 et
1883 3636 2046 3690 ruina

473 3720 730 3775 omnibus
773 3721 1080 3790 apparebit,
1137 3724 1286 3778 velut
1344 3741 1509 3796 super
1554 3732 1793 3780 montem
1837 3727 2047 3781 altissi-

471 3826 619 3865 mum
651 3851 667 3876 ,
728 3814 985 3870 erunibus
1041 3816 1254 3871 scilicet
1300 3825 1353 3872 et
1405 3819 1767 3889 undequaque
1819 3821 2044 3891 conspi-

469 3918 655 3958 cuum.

541 3993 707 4051 Vsus.
764 3997 819 4051 2.
885 3997 1055 4054 Poena
1107 4015 1203 4056 eos
1249 4000 1384 4056 dicit
1441 4003 1637 4056 merito
1700 4002 2038 4070 afficiendos,

468 4101 633 4155 quam
688 4088 793 4157 ipsi
839 4089 952 4158 jam
1014 4091 1242 4148 sufferre
1285 4109 1393 4148 non
1423 4103 1685 4163 possunt;
1732 4111 1842 4165 quo
1893 4097 2042 4151 enim

468 4178 632 4233 modo
656 4181 875 4249 apricus
900 4197 1053 4253 ager,
1082 4186 1234 4239 nullo
1260 4186 1501 4255 tegmine
1523 4186 1806 4252 defensus,
1832 4188 2042 4244 irruen-

468 4272 540 4326 tis
589 4274 873 4342 grandinis
912 4276 1141 4330 verbera
1171 4277 1347 4332 vitare
1385 4280 1595 4348 nequit,
1652 4279 1727 4333 ita
1771 4295 1874 4334 nec
1902 4281 2037 4351 ipsi;

467 4378 598 4418 nam
648 4364 759 4420 Deo
809 4381 1003 4436 poenas
1057 4376 1360 4439 repetente,
1414 4371 1564 4425 omni
1610 4386 1714 4442 ope
1745 4371 2039 4430 destitutos

469 4471 631 4512 nemo
659 4467 747 4513 est
769 4462 862 4529 qui
886 4475 989 4517 nos
1018 4465 1233 4534 eripere
1260 4466 1455 4533 possit.

2069 4550 2113 4604 D

530 4638 703 4695 Vnus.
749 4641 804 4705 3,
848 4642 904 4697 4.
947 4642 1157 4710 Quibus
1210 4660 1306 4700 eos
1346 4646 1588 4702 hostium
1634 4647 1867 4718 imperio
1908 4664 2035 4719 pre-

461 4733 693 4788 mendos
741 4735 1052 4801 denuntiat,
1097 4747 1152 4793 et
1200 4739 1423 4810 indigna
1466 4755 1696 4811 quaeque
1724 4742 1780 4796 in
1803 4744 2034 4811 captivi-

461 4825 574 4872 tate
628 4835 924 4891 passuros;
982 4840 1093 4879 non
1134 4836 1394 4896 poterunt
1418 4829 1562 4883 enim
1596 4830 1785 4895 latere,
1820 4832 2032 4902 inquit,

460 4910 548 4963 vel
572 4912 730 4980 pauci
755 4928 818 4968 ex
844 4917 1164 4985 captivitate
1187 4920 1411 4990 reliqui,
1449 4921 1546 4978 sed
1575 4924 1652 4978 ita
1681 4924 1751 4980 ab
1773 4926 2030 4982 omnibus

459 5002 656 5058 vicinis
707 5005 1203 5077 deprchendemur,
1251 5014 1325 5069 ita
1372 5012 1701 5072 videbuntur
1742 5020 2029 5089 suppliciis

458 5094 662 5163 amicti,
729 5106 788 5152 ut
840 5098 1058 5158 facilius
1107 5104 1299 5161 lateret
1362 5106 1420 5161 in
1471 5109 1782 5165 summitate
1824 5112 2028 5168 montis

460 5199 787 5256 praematura
849 5191 1006 5258 ficus,
1066 5212 1187 5265 quae
1228 5214 1337 5254 una
1392 5216 1457 5255 ex
1510 5196 1767 5258 omnibus
1813 5211 2028 5259 matura

459 5282 861 5338 transeuntium
884 5287 1073 5344 oculos
1107 5289 1163 5343 in
1194 5306 1253 5346 se
1281 5295 1569 5348 convertit.

526 5543 693 5601 Vens.
737 5548 791 5603 5.
840 5547 1021 5605 Verba
1070 5550 1186 5608 baac
1237 5552 1304 5609 ad
1348 5569 1444 5610 eos
1494 5563 1764 5625 spectant,
1819 5557 1913 5629 qui
1959 5572 2025 5615 eo

456 5640 657 5694 mentis
679 5649 939 5698 venerant
972 5651 1032 5697 ut
1070 5652 1324 5714 putarent
1370 5664 1517 5702 mum
1549 5664 1720 5717 genus
1749 5651 1898 5706 omni
1922 5666 2023 5720 ope

458 5727 780 5786 destitutum
836 5732 1101 5791 radicitus
1157 5749 1278 5793 esse
1340 5740 1686 5807 tollendum;
1747 5757 1814 5798 ne
1872 5742 2017 5798 enim

1686 351 2032 407 THEODORI
2073 348 2599 407 IIERACLEENSIS

3624 346 3743 399 13w

2231 471 2343 542 Τὴν
2374 470 2479 534 ἕως
2512 467 2743 538 ἀπειλῆς
2780 464 2949 538 ὀργὴν
2979 464 3129 537 παρὰ
3159 463 3253 518 τοῦ
3277 462 3413 517 Θεοῦ
3451 463 3741 532 ἐκφερομέ-

2165 579 2263 632 νην
2314 561 2450 631 πρὸς
2499 557 2835 630 ἐπιστροφὴν
2908 554 3018 608 τῶν
3061 555 3346 626 ἡμετέρων
3400 552 3621 623 ψυχῶν,
3676 552 3738 623 μὴ

2168 647 2351 717 μέντοι
2376 649 2454 710 εἰς
2486 645 2683 718 πρᾶξιν
2707 644 2839 716 μηδέ
2858 646 2938 708 είς
2963 643 3124 716 ἔργον
3154 643 3441 716 χωροῦσαν
3460 640 3737 712 σημαίνει·

2164 738 2545 809 φιλάνθρωπος
2581 739 2689 810 γὰρ
2718 737 2794 791 ὣν
2823 737 3054 801 ἀπειλεῖ,
3085 737 3192 799 ἵνα,
3240 734 3319 807 τῷ
3348 730 3507 805 φόϐῳ
3531 734 3739 805 χαλινα-

2162 832 2442 902 γωγήσας,
2484 832 2847 902 μετανοήσασι
2884 829 2959 901 μὴ
3009 829 3277 897 ἐπαγάγοι
3309 828 3411 899 τὴν
3443 827 3738 898 τιμωρίαν·

2162 924 2283 977 οὐδέ
2325 923 2434 995 γὰρ
2460 922 2640 994 χαίρει
2672 923 2766 975 ἐπὶ
2795 920 2874 992 τῷ
2899 921 3152 993 ἡμετέρῳ
3183 920 3424 991 θανάτῳ,
3454 920 3586 972 οὐδὲ
3621 920 3742 971 ἁπο-

2161 1015 2421 1070 διάκειται
2474 1016 2611 1088 πρὸς
2634 1015 2702 1069 τὰ
2750 1012 2942 1067 ἐαυτοῦ
2987 1012 3289 1082 ποιήματα,
3321 1011 3446 1064 οὐδὲ
3486 1013 3640 1063 ποιεῖ
3668 1010 3742 1062 ἵνα

2161 1105 2258 1178 ἔχῃ
2310 1106 2437 1171 τοὺς
2484 1104 2949 1179 τιμωρουμένους.
2999 1103 3175 1174 Εἴπερ
3219 1103 3328 1175 γὰρ
3370 1100 3442 1175 ἦν
3482 1102 3739 1166 τοιοῦτος,

2162 1196 2289 1266 ἐνῆν
2313 1197 2474 1249 αὐτὸν
2494 1198 2673 1267 σιωπῇ
2706 1196 2799 1248 καὶ
2826 1194 2926 1265 τὴν
2948 1190 3220 1265 τιμωρίαν
3244 1194 3559 1262 ἐπαγαγεῖν
3578 1210 3593 1222 ·
3619 1192 3743 1245 ἀλλὰ

2162 1291 2342 1343 πάντα
2373 1288 2547 1358 λέγει,
2608 1289 2704 1342 καὶ
2746 1285 2854 1341 ἀπὺ
2890 1287 3107 1340 πάντων
3136 1282 3244 1339 τῶν
3278 1286 3532 1356 φοϐερῶν
3562 1285 3742 1338 ἑαυτὸν

2160 1378 2528 1449 γνωρίζεσθαι
2548 1378 2786 1438 σπεύδει,
2810 1376 2878 1430 ἵν’
2893 1374 3073 1447 ἡμεῖς,
3092 1368 3374 1439 ἀκούοντες
3398 1374 3436 1428 ἃ
3457 1373 3743 1445 εἰθίσμεθα

2160 1468 2461 1537 φοϐεῖσθαι,
2494 1469 2601 1540 πρὸ
2644 1469 2739 1540 τῆς
2768 1467 2921 1538 δίκης
2962 1467 3388 1538 ἐπιστρέψαντες
3430 1466 3601 1537 (Cod.
3632 1468 3742 1518 ἐπι-

2160 1560 2484 1631 γράψαντες)
2520 1560 2800 1632 σωθῶμεν.

2242 1671 2548 1742 ’Δγαπητὸν
2589 1671 2823 1725 ἐνταῦθα
2856 1670 3006 1741 λέγει
3029 1672 3120 1725 τὸν
3150 1670 3379 1740 Σωτῆρα
3429 1668 3630 1739 ήμῶνο
3656 1670 3740 1721 καὶ

2160 1763 2268 1835 γὰρ
2293 1764 2384 1832 ἀφ’
2410 1759 2472 1818 οὗ
2489 1764 2629 1817 κατὰ
2657 1763 2756 1834 τὴν
2798 1763 3134 1835 προφητείαν
3162 1763 3195 1833 ἡ
3218 1760 3505 1832 Παρθένος
3535 1760 3740 1829 λέγεται

2158 1854 2474 1918 τετοκέναι,
2517 1852 2835 1923 ἁπανταχοῦ
2895 1851 3221 1922 εὐαφόρμως
3270 1849 3618 1921 μνημονεύει
3656 1851 3737 1903 τοῦ

2158 1944 2392 1999 παιδίου.
2439 1945 2656 2015 Ἐπειδὴ
2694 1943 2875 1998 τοίνυν
2912 1944 2979 1997 τὰ
3010 1944 3252 2014 ἡμέτερα
3290 1940 3553 2005 τοιαῦτα,
3591 1943 3735 2012 φησὶ,

2154 2036 2380 2105 γέγονεν
2428 2036 2505 2099 ὡς
2543 2035 2629 2089 διὰ
2671 2036 2921 2106 μεγάλων
2957 2033 3233 2106 τιμωριῶν
3274 2033 3334 2086 τὸ
3376 2033 3549 2103 χρέος
3574 2037 3738 2087 ἐκτιν-

2152 2128 2327 2194 νύναι,
2382 2126 2541 2198 χρεία
2595 2127 2656 2180 τὸ
2713 2126 2899 2180 λοιπὸν
2944 2127 3037 2180 τοῦ
3075 2122 3359 2195 ἀγαπητοῦ
3391 2140 3518 2191 σου,
3563 2126 3735 2198 χάριτι

2152 2221 2285 2290 ἡμῖν
2318 2219 2535 2283 λύοντος
2561 2217 2660 2282 τὰς
2692 2218 2999 2289 συμφοράς.

2222 2328 2332 2401 Τὴν
2370 2329 2435 2382 ἐκ
2483 2328 2581 2400 τῆς
2631 2328 2861 2399 ἀπειλῆς
2901 2328 3168 2397 ὠφέλειαν
3204 2332 3503 2402 ἐμφαίνειο
3558 2333 3738 2403 ὥσπερ

2151 2419 2262 2490 γάρ
2292 2420 2515 2491 σπέρμα
2545 2419 2838 2489 δεξάμενος
2884 2418 3089 2487 ἀγαθὸν
3141 2418 3233 2473 τὸν
3278 2422 3445 2489 φόϐον
3492 2439 3614 2485 σου,
3650 2422 3737 2474 καὶ

2152 2510 2338 2564 τοῦτον
2367 2512 2827 2581 κυοφορήσαντες,
2855 2510 2914 2561 ἐν
2943 2509 3120 2581 καιρῷ
3153 2510 3229 2582 τῷ
3248 2511 3425 2565 δέοντι
3458 2514 3736 2584 σωτηρίαν

2151 2600 2615 2673 ἐκαρπωσάμεθα.
2656 2602 2777 2655 Ἔτι
2806 2601 2915 2671 γὰρ
2956 2602 3124 2655 ὄντων
3155 2602 3312 2672 ἡμῶν
3334 2604 3430 2656 ἐπὶ
3454 2605 3589 2675 γῆς,
3626 2622 3738 2658 και-

2155 2692 2245 2764 ρὸν
2311 2693 2598 2765 μετανοίας
2646 2692 2910 2764 ἐχαρίσω,
2975 2693 3051 2764 μὴ
3112 2694 3430 2766 προανελὼν
3497 2700 3569 2767 τῇ
3620 2694 3733 2751 κατ’

2150 2784 2306 2848 ἀξίαν
2332 2783 2476 2856 δίκῃ,
2516 2783 2629 2838 ἀλλ’
2664 2784 2971 2849 ἐνδεδωκὼς
3001 2786 3443 2857 ἐπιστρέψαντας
3471 2788 3733 2858 σωθῆναι.

2151 2905 2220 2915 —
2248 2874 2543 2945 Δεξάμενοι
2590 2876 2771 2928 τοίνυν
2802 2875 2873 2929 τὰ
2918 2877 3208 2947 σπέρματα
3237 2877 3309 2931 τὰ
3338 2878 3615 2943 ζωοποιὰ,
3648 2879 3739 2933 καὶ

2149 2967 2240 3021 τὸν
2268 2967 2431 3035 φόϐον
2452 2967 2811 3038 κτησάμενοι,
2829 2967 3224 3039 διαφευξόμεθα
3242 2970 3425 3023 πᾶσαν
3436 2988 3494 3024 τι
3501 2972 3734 3043 μωρίανο

2149 3060 2199 3113 οἱ
2261 3060 2372 3130 γάρ
2427 3077 2557 3113 ποτε
2608 3060 2793 3132 νεκροὶ
2841 3060 2994 3124 ὅντες
3046 3064 3156 3119 τοῖς
3190 3061 3617 3132 παραπτώμασι
3650 3062 3739 3115 καὶ

2150 3153 2270 3215 ταῖς
2291 3149 2605 3221 ἐπιθυμίαις
2635 3149 2730 3204 νῦν
2757 3150 3168 3222 ἐγερθησόμεθα
3197 3151 3271 3214 ὡς
3284 3151 3395 3204 ἀπὸ
3427 3153 3739 3223 μνημείων,

2150 3244 2247 3314 τῆς
2277 3242 2427 3313 παρά
2460 3238 2554 3294 σοῦ
2583 3241 2921 3312 ἀντιλήψεως
2959 3243 3209 3314 τυχόντες
3231 3259 3245 3272 ·
3272 3243 3362 3312 ὑφ’
3392 3237 3739 3315 ᾖάντιλήιξει

2147 3330 2607 3404 ἀγαλλιασόμεθα,
2647 3333 2984 3405 ἠρεμοῦντες
3022 3335 3130 3388 ἀπὸ
3156 3335 3263 3388 τῶν
3299 3335 3496 3388 κακῶν
3522 3335 3736 3405 ἔργων·

2147 3422 2235 3475 ἀεὶ
2266 3422 2374 3496 γὰρ
2408 3424 2469 3477 τὸ
2500 3422 2649 3488 ἔλεός
2694 3440 2786 3477 σου
2813 3423 2986 3489 οὕτως
3022 3426 3329 3496 ἐκπέμπις
3352 3426 3440 3495 ἐφ’
3481 3429 3636 3498 ἡμᾶς
3669 3429 3741 3490 ὡς

2146 3516 2333 3589 δρόσον
2370 3520 2638 3591 ἰατρικήν.

2216 3627 2322 3682 Τοῦ
2346 3630 2637 3702 πτώματος
2669 3632 2833 3685 αὑτοῦ
2852 3632 2943 3686 τοῦ
2981 3633 3239 3705 Ἐφραῗμ,
3264 3634 3360 3688 καὶ
3385 3635 3495 3706 τῆς
3519 3636 3735 3690 ἐκπτώ-

2148 3737 2285 3785 σεως
2308 3725 2545 3794 φανερᾶς
2566 3725 2699 3777 πᾶσι
2729 3724 3050 3794 γενομένης,
3079 3724 3265 3797 ὥσπερ
3293 3727 3389 3780 ἐπὶ
3416 3726 3587 3798 ὅρους
3611 3729 3737 3797 ὰξνηο

2144 3809 2391 3877 λοτάτου,
2423 3814 2595 3866 ταῦτα
2624 3813 2728 3867 ὑπὸ
2774 3815 2975 3878 παντὸς
2997 3815 3091 3868 καὶ
3121 3818 3236 3879 τοῖς
3256 3818 3394 3870 πᾶσι
3423 3820 3733 3891 καταδήλου

2145 3906 2440 3977 γενομένου
2452 3945 2467 3960 .

2215 3996 2326 4068 Τὴν
2353 3999 2701 4069 ἐπαγομένην
2729 3998 2952 4063 δικαίως
2997 3999 3181 4063 αὐτοῖς
3208 4002 3517 4072 τιμωρίαν,
3542 4005 3611 4074 ῆν
3638 4020 3728 4072 aq

2141 4084 2244 4142 οἶοί
2286 4107 2347 4143 τε
2382 4093 2639 4161 γεγόνασι
2683 4091 2980 4163 διαδρᾶναι,
3025 4091 3320 4163 σημαίνει·
3346 4092 3550 4164 ὥσπερ
3577 4096 3728 4166 γᾶρὸ

2142 4177 2352 4253 χαλάζῃ
2398 4178 2685 4233 ὑποπεσὼν
2741 4179 3007 4252 ὕπαιθρος
3057 4182 3116 4233 ού
3165 4180 3457 4250 διαφεύγει
3521 4185 3625 4247 τὰς
3666 4188 3723 4236 ἐκ

2140 4271 2343 4343 ταύτης
2374 4271 2551 4342 βολὰς,
2575 4272 2800 4343 μηδενὸς
2831 4272 2983 4335 ὄντος
3007 4271 3102 4325 τοῦ
3134 4273 3520 4340 σκεπάζοντος
3544 4277 3722 4331 αὐτόν·

2141 4362 2313 4428 οὕτως
2367 4364 2459 4417 καὶ
2505 4356 2680 4417 οὗτοι·
2729 4363 2864 4417 Θεοῦ
2918 4363 3217 4431 ἐπάγοντος
3274 4364 3377 4436 τὴν
3432 4367 3724 4438 τιμωρίαν,

2141 4453 2431 4525 ἁδοήθητοί
2465 4457 2651 4525 ἐσμεν,
2681 4454 2905 4525 μηδενὸς
2922 4454 3082 4518 ὄντος
3112 4454 3206 4508 τοῦ
3231 4457 3545 4525 ἐπαμύνειν
3574 4459 3725 4512 δυνα-

2144 4548 2326 4618 μένου.

2215 4640 2325 4711 Τὴν
2374 4642 2439 4693 ἐκ
2478 4638 2587 4693 τῶν
2634 4639 2907 4711 πολεμίων
2955 4640 3309 4711 ἐπικράτειαν
3353 4642 3601 4697 ἐνταῦθα
3628 4661 3721 4713 ar,-

2146 4732 2324 4803 μαίνει
2344 4749 2359 4763 ο
2395 4733 2487 4785 καὶ
2533 4733 2615 4785 ὅτι
2649 4731 2829 4802 πάσης
2861 4731 3084 4801 ἀτιμίας
3120 4732 3347 4802 ἔμπλεοι
3379 4734 3635 4801 γένοιντο
3658 4738 3720 4803 τῇ

2140 4820 2487 4893 αἰχμαλωσίᾳ
2548 4820 2935 4884 ὑποπεσόντες,
2988 4821 3157 4893 δηλοῖ.
3203 4824 3313 4876 Καὶ
3356 4824 3497 4897 γὰρ,
3536 4826 3720 4897 φησιν,

2140 4912 2260 4967 οὑδέ
2307 4914 2356 4966 οί
2407 4915 2470 4968 ἐκ
2505 4915 2604 4986 τῆς
2634 4915 3008 4986 αἰχμαλωσίας
3052 4916 3219 4985 ὀλίγοι
3249 4918 3721 4990 παραλειφθέντες

2139 5004 2320 5059 λαθεῖν
2379 5004 2715 5078 δυνήσονται,
2760 5006 2875 5060 ἀλλ’
2927 5007 3100 5073 οὕτως
3148 5008 3298 5081 παρά
3341 5011 3574 5066 πάντων
3621 5010 3722 5066 τῶν

2137 5096 2429 5168 περιοίκων
2452 5095 2887 5167 φωραθήσονται,
2911 5098 3003 5150 καὶ
3030 5099 3320 5171 κατάδηλοι
3347 5100 3575 5157 ἔσονται
3596 5106 3721 5157 ὑπο-

2136 5186 2453 5259 ϐαλλόμενοι
2500 5191 2565 5259 τῇ
2627 5190 2882 5262 τιμωρίᾳ,
2929 5192 3006 5255 ὡς
3051 5192 3151 5245 οὐκ
3190 5192 3369 5246 ἔνεστι
3404 5194 3601 5250 λαθεῖν
3638 5198 3721 5250 τὸν

2133 5278 2221 5332 ἐπ’
2253 5279 2421 5349 ἄκρου
2454 5280 2615 5352 ὅρους
2637 5280 2763 5335 ὅντα
2801 5281 2835 5353 ἢ
2864 5282 3166 5354 πρόδρομον
3196 5281 3385 5349 σύκου,
3420 5286 3453 5338 δ
3493 5290 3561 5341 ἐκ

2134 5387 2241 5423 των
2269 5371 2378 5423 τῶν
2410 5371 2584 5425 ἄλλων
2625 5372 2784 5442 μόνον
2811 5373 3072 5445 πέπειρον
3102 5376 3407 5429 ἐπισπᾶται
3440 5379 3547 5442 τὰς
3574 5379 3717 5450 ﬁdet;

2132 5460 2241 5512 τῶν
2272 5460 2544 5532 ὁρώντων.

2202 5553 2345 5623 Πρὸς
2388 5555 2514 5618 τοὺς
2570 5555 2710 5609 κατὰ
2753 5555 2994 5610 διάνοιαν
3041 5555 3339 5630 λογισμοὺς
3389 5560 3721 5632 κινηθέντες

2130 5649 2333 5713 αὐτοῖς,
2367 5650 2448 5703 ὅτι
2494 5649 2557 5720 δὴ
2600 5651 2680 5715 είς
2720 5649 2992 5722 ἐξάλειψιν
3037 5652 3215 5707 αὐτῶν
3264 5652 3385 5707 ἐστι
3430 5656 3493 5708 τὸ
3540 5656 3722 5724 γένος,

2132 5740 2357 5811 μηδενὸς
2386 5742 2828 5814 ἀντιποιουμένου
2876 5744 3077 5814 αὐτῶν,
3111 5745 3204 5800 καὶ
3248 5746 3318 5800 τὰ
3360 5748 3623 5817 παρόντα
3649 5746 3723 5799 λέ·
