3824 6140
162 322 307 379 1517

1639 321 1707 375 ΙΝ
1746 319 2001 380 ISAIAM.

3276 336 3413 393 1518

159 438 383 492 λεκται·
422 437 511 492 ἵνα
539 436 647 508 γὰρ
677 438 752 510 μὴ
788 438 868 501 εἰς
904 437 1253 492 ἀνελπιστίαν
1305 436 1538 509 παντελῆ
1587 452 1726 491 κατα

1852 455 2001 509 spem
2052 455 2274 498 omnem
2327 444 2604 513 abjiciant,
2657 446 3005 502 liberatorem
3056 455 3411 520 praenuntiat,

168 530 395 594 πέσωσι,
416 529 772 601 προαγορεύει
801 529 892 582 τὸν
927 528 1187 600 μέλλοντα
1236 530 1327 582 ἐπὶ
1362 529 1605 599 σωτηρία
1643 527 1736 581 τοῦ

169 622 355 691 γένους
385 619 919 692 παραγενησόμενον,
952 620 1198 672 τουτέστι
1236 620 1326 672 τὸν
1355 618 1548 689 Κύριον
1583 618 1737 690 ἡμῶν

176 712 385 783 Ἰησοῦν
418 713 508 766 τὸν
537 711 769 782 Χριστὸν
818 711 907 765 τὸν
936 712 1203 783 ἡμέτερον
1248 712 1495 784 Σωτῆρα,
1529 711 1587 775 ὃς
1621 711 1738 764 στέ-

165 824 334 877 φανος
353 808 451 878 τῆς
485 804 643 877 δόξης
678 805 830 859 ἔσται
872 806 1030 871 πᾶσι,
1074 803 1263 875 φανεὶς
1302 805 1359 858 ἐν
1409 805 1598 876 κόσμῳ
1645 804 1737 859 καὶ

165 898 449 955 ἀναλαϐὼν
478 898 578 970 τὴν
611 898 887 970 ἡμετέραν
926 898 1125 970 σάρκα.

239 990 348 1062 Τὴν
396 990 491 1043 τοῦ
550 989 684 1043 Θεοῦ
744 990 1060 1053 ἐποπτείαν,
1110 991 1202 1043 καὶ
1254 990 1354 1060 τὴν
1387 991 1599 1045 δικαίαν
1642 994 1739 1046 αύ-

165 1080 263 1133 τοῦ
290 1080 470 1152 κρίσιν
501 1079 670 1151 δηλοῖ,
706 1080 782 1143 ὡς
828 1080 927 1133 οὐκ
970 1080 1208 1151 ἀκρίτως
1252 1081 1452 1145 πάντες
1480 1082 1529 1134 οἱ
1559 1100 1738 1153 παρα-

165 1171 413 1235 δοθέντες
447 1174 510 1243 τῇ
545 1169 888 1241 αἰχμαλωσίᾳ
925 1170 1340 1236 ἀποθανοῦνται,
1390 1172 1504 1225 ἀλλ’
1540 1173 1736 1228 ἐκεῖνοι

165 1261 711 1334 περιποιηθήσονται,
738 1259 832 1324 οὒς
856 1259 935 1330 τῷ
962 1260 1080 1332 Θεῷ
1107 1261 1234 1333 δόξῃ
1267 1262 1554 1329 σώζεσθαι,
1580 1264 1735 1334 ἡμῶν

169 1354 250 1426 μὴ
276 1353 583 1423 δυναμένων
621 1352 918 1424 ἀνιχνεύειν
963 1352 1086 1416 τοὺς
1122 1352 1311 1421 λόγους
1346 1354 1413 1408 δι’
1441 1354 1535 1419 οὒς
1577 1373 1735 1427 περι-

166 1445 576 1517 ποιηθήσονται.

241 1536 435 1607 Φάσμα
465 1535 569 1607 γὰρ
608 1535 702 1588 καὶ
732 1533 993 1605 ἔκπληξις
1019 1534 1164 1587 τοῦτ’
1191 1534 1257 1589 ἂν
1290 1535 1374 1606 εἴη
1416 1536 1640 1608 κυρίως,
1674 1538 1736 1591 τὸ

165 1627 409 1691 τούτους,
462 1627 632 1691 οὓτως
681 1626 1191 1697 παιδαγωγηθέντας
1247 1626 1397 1698 παρά
1441 1628 1534 1682 τοῦ
1576 1628 1731 1695 Θεοῦ,

167 1716 265 1769 καὶ
285 1716 551 1770 τοσούτων
582 1716 997 1780 ἀπολαύσαντας
1027 1715 1133 1769 τῶν
1165 1717 1404 1786 ἀγαθῶν,
1440 1720 1521 1782 εἰς
1549 1718 1735 1772 τοσαύ-

162 1826 269 1878 την
299 1807 640 1879 παρανομίαν
672 1808 941 1879 χωρῆσαι.

240 1899 428 1970 Θλίψιν
457 1898 687 1953 ἐνταῦθα
715 1899 860 1967 λέγει
909 1898 976 1951 τά
1007 1901 1062 1952 ἐν
1085 1902 1149 1971 τῇ
1174 1899 1520 1972 αἰχμαλωσίᾳ
1558 1901 1734 1955 δεινά’

165 1990 485 2062 προσθήκην
517 1991 573 2043 δὲ
604 1989 835 2059 θλίψεως
875 1990 972 2061 τὴν
1008 1990 1356 2060 συναίσθησιν
1386 1990 1494 2044 τῶν
1528 1991 1737 2055 αἰτίων,

163 2083 235 2137 δι’
267 2082 331 2146 ἃς
357 2083 450 2136 καὶ
510 2081 574 2134 τὰ
612 2082 757 2135 κακά
805 2083 986 2145 αὐτοῖς
1041 2083 1429 2152 ἐπενήνεκταιο
1473 2083 1594 2153 ἦτις
1640 2085 1739 2136 ἐπ-

164 2174 383 2245 ωφελὴς
412 2175 504 2228 καλ⁹
529 2175 788 2245 όνήσιμος
822 2174 1002 2236 αὐτοῖς
1023 2160 1247 2242 ἐγίνετο.

239 2356 351 2427 Τὴν
400 2356 609 2410 δικαίαν
665 2357 815 2428 παρὰ
881 2375 976 2411 του
1049 2357 1183 2410 Θεοῦ
1238 2356 1591 2411 ἀνταπόδοσιν
1641 2359 1737 2411 ἐπ-

164 2446 552 2516 ενεχθήσεσθαι
589 2448 773 2511 αὐτοῖς
798 2448 1068 2517 προλέγει·
1086 2446 1299 2519 γλώττῃ
1326 2448 1424 2519 μὲν
1444 2447 1737 2516 φαυλισάν-

164 2554 277 2590 των
301 2537 361 2590 τὸ
388 2537 561 2603 Θεῖον,
586 2540 643 2592 ἐν
675 2540 733 2593 δὲ
765 2543 830 2610 τῇ
860 2538 1073 2612 γλώττῃ
1108 2540 1411 2610 δεχομένων
1432 2539 1528 2611 τὴν
1560 2557 1734 2609 τιμω-

168 2629 293 2701 ρίαν
317 2644 330 2659 ·
365 2631 469 2683 ὑπὸ
502 2630 609 2700 γὰρ
647 2630 1022 2700 αἰχμαλωσίαν
1058 2631 1419 2700 πράττοντες,
1459 2630 1643 2684 οὐκέτι
1670 2632 1733 2701 τῇ

169 2720 387 2792 συνήθει
416 2721 675 2791 διαλέκτῳ
718 2722 1033 2793 ἐκέχρηντο,
1064 2721 1199 2775 ἀλλά
1227 2724 1293 2792 τῇ
1332 2720 1440 2775 τῶν
1476 2719 1736 2794 κρατούν-

164 2825 275 2900 Et»)
297 2812 444 2880 φωνῇ
481 2810 658 2863 λαλεῖν
681 2811 1068 2883 ἠναγκάζοντο.

237 2918 341 2971 Τὸν
377 2918 441 2971 ἐκ
469 2916 577 2970 τῶν
607 2917 783 2970 πόνων
828 2918 1011 2979 αὐτοῖς
1059 2915 1453 2987 ἐπιγενηθέντα
1501 2916 1730 2990 καρπὸν,

164 3008 225 3063 ὃν
254 3007 541 3081 ἐριστικῶς
590 3008 771 3072 αὐτοῖς
804 3008 1161 3061 ἐπιδείκνυσιν
1193 3010 1221 3061 ὁ
1262 3009 1567 3079 προφήτης,
1602 3009 1735 3061 ἀνά-

1847 532 1914 585 ad
1957 532 2278 587 salvandum
2326 550 2497 604 genus
2518 545 2827 601 venturum,
2867 538 2968 593 hoc
2987 551 3091 607 est,
3120 539 3410 597 Dominum

1846 630 2093 677 nostrum
2113 623 2302 679 Jesum
2337 625 2613 681 Christum
2644 627 2983 684 Salvatorem
3012 640 3284 697 nostrum,
3315 634 3410 703 qui

1845 717 2098 771 omnibus
2144 732 2344 772 corona
2389 719 2503 789 spei
2543 721 2666 785 erit,
2702 721 2816 786 ubi,
2847 737 3012 777 carne
3052 731 3239 779 nostra
3284 739 3410 780 sus-

1844 817 2019 878 cepta,
2045 808 2187 864 inter
2207 809 2455 867 homines
2485 812 2819 881 apparuerit.

1914 981 2078 1038 Vens.
2120 983 2175 1038 6.
2217 984 2310 1040 Dei
2356 987 2754 1057 providentiam
2785 997 2839 1044 et
2868 990 3077 1059 justum
3113 992 3234 1062 ejus
3261 992 3408 1063 judin

1844 1073 1988 1127 cium
2038 1073 2304 1144 declarat,
2359 1092 2484 1131 cum
2529 1094 2640 1132 non
2692 1096 2889 1135 omnes
2927 1080 3027 1146 illi,
3064 1084 3157 1153 qui
3193 1083 3411 1140 fuerant

1843 1163 1898 1218 in
1952 1167 2325 1235 captivitatem
2376 1168 2626 1233 redacti,
2676 1170 2994 1226 indistincte
3065 1174 3409 1240 moriantur;

1843 1257 2145 1313 liberentur
2190 1275 2320 1315 vero
2353 1276 2494 1331 quos
2540 1261 2649 1316 Deo
2697 1278 2917 1318 servare
2959 1265 3246 1334 placuerit,
3283 1267 3409 1322 licet

1842 1349 1945 1420 ipsi
1996 1365 2097 1405 nos
2157 1352 2467 1422 perspicere
2509 1368 2627 1410 non
2650 1355 2964 1424 possimus,
3000 1370 3106 1425 qua
3147 1355 3216 1411 de
3243 1370 3407 1411 causa

1840 1440 2160 1496 liberantur.

1910 1531 2079 1588 Vsus.
2117 1534 2171 1588 7.
2210 1532 2446 1590 Phasma
2499 1550 2632 1591 sane
2681 1545 2828 1591 esset
2880 1544 2934 1592 et
2981 1546 3311 1603 monstrum,
3359 1541 3407 1595 si

1840 1625 1917 1679 ita
1950 1640 1979 1678 a
2028 1625 2138 1680 Deo
2181 1626 2420 1691 educati,
2467 1629 2635 1684 tantis
2677 1630 2824 1685 aucti
2869 1630 3168 1695 beneﬁciis,
3201 1631 3257 1685 in
3281 1639 3407 1686 tan-

1842 1722 1950 1769 tam
1979 1716 2305 1785 impietatem
2339 1717 2740 1773 delaberentur.

1912 1891 2079 1948 Vsus.
2146 1895 2233 1950 10.
2290 1896 2725 1953 'l'ribulationem
2758 1897 2847 1953 hic
2876 1907 3037 1954 vocat
3067 1900 3407 1956 calamitates

1840 1985 2087 2054 captivos
2134 1987 2444 2053 invasuras,
2487 1990 2892 2044 tribulationem
2931 2005 3063 2045 vero
3092 2007 3256 2061 super
3302 1994 3405 2047 tri-

1839 2076 2206 2142 bulationem,
2263 2080 2654 2135 conscientiam
2697 2082 3011 2146 criminum,
3056 2083 3257 2153 quibus
3299 2085 3404 2138 sibi

1838 2168 1945 2222 ista
1994 2170 2140 2223 mala
2169 2181 2627 2241 promeruerunt;
2660 2188 2782 2242 quae
2811 2181 2866 2227 et
2895 2173 3047 2228 utilis
3077 2174 3187 2229 illis
3219 2172 3321 2228 fuit
3351 2181 3407 2229 et

1838 2262 2117 2317 salutaris.

1909 2351 2075 2409 Vsus.
2102 2354 2189 2408 11.
2228 2354 2386 2410 Justa
2429 2371 2524 2411 eos
2571 2371 2600 2410 a
2642 2354 2752 2411 Deo
2798 2356 3038 2410 vindicta
3086 2355 3430 2427 plectendos

1838 2450 2219 2516 praenuntiat:
2256 2448 2440 2518 lingua
2479 2448 2607 2518 quia
2654 2448 2823 2503 Deum
2865 2448 3181 2515 irriserunt,
3219 2449 3403 2520 lingua

1836 2552 2026 2607 pmnas
2059 2539 2304 2606 dabunt;
2353 2540 2554 2593 etenim
2598 2540 2655 2594 in
2702 2541 3074 2610 captivitatem
3120 2540 3401 2605 abductis,

1831 2628 1942 2698 jam
1978 2644 2088 2683 non
2126 2631 2304 2700 patrio
2335 2647 2588 2686 sermone
2633 2632 2788 2686 licuit
2834 2634 2933 2696 uti,
2984 2632 3079 2688 sed
3124 2632 3242 2703 ipsa
3286 2632 3404 2687 edi-

1836 2720 2036 2775 scenda
2069 2720 2173 2774 fuit
2199 2720 2596 2776 dominantium
2626 2720 2830 2792 lingua.

1918 2914 2087 2973 Vens.
2131 2917 2219 2975 12.
2276 2917 2539 2975 Fructum
2591 2921 2725 2992 ipsis
2776 2936 2843 2976 ex
2886 2921 3169 2976 laboribus
3220 2930 3399 2977 ortum

1844 3009 2050 3066 indicat
2078 3011 2343 3081 propheta
2391 3012 2617 3078 ironice,
2654 3014 2781 3067 dum
2814 3014 3053 3083 requiem
3085 3028 3273 3083 poenas
3303 3029 3400 3083 ap—

166 3115 366 3150 παυσιν
387 3098 483 3171 τὴν
508 3098 775 3169 τιμωρίαν
793 3098 973 3152 καλῶν
993 3115 1006 3128 ·
1032 3092 1135 3150 ’Ὧν
1156 3098 1283 3168 γάρ,
1309 3101 1491 3170 φησὶν,
1518 3102 1726 3163 ἑαυτοῖς

1845 3101 2000 3169 pellat
2035 3101 2204 3167 τρυε
2254 3102 2425 3167 enim,
2461 3103 2656 3172 inquit,
2702 3104 2859 3159 vobis
2902 3104 3397 3169 thesaurizavistis,

165 3188 595 3261 ἐθησαυρίσατε,
660 3190 862 3243 τούτων
927 3190 1002 3253 ὠς
1063 3191 1121 3242 ἐν
1176 3190 1333 3261 ἡδονῇ
1397 3190 1729 3255 ἀπολαύετε,

167 3282 573 3353 συντριϐομένοι
599 3282 655 3334 ἐν
683 3284 803 3345 ταῖς
834 3283 1146 3354 τιμωρίαις.

236 3395 345 3467 Τὴν
394 3398 458 3449 ἐκ
508 3396 606 3466 τῆς
653 3396 898 3458 παιδείας
944 3396 1210 3464 ὠφέλειαν
1271 3396 1566 3467 γενομένην
1612 3399 1733 3460 ταῖς

162 3486 360 3557 ψυχαῖς
396 3487 574 3540 αὐτῶν
603 3486 773 3556 λέγει·
810 3487 1096 3558 λαϐόμενοι
1131 3487 1239 3559 γὰρ
1276 3488 1504 3553 ἑαυτῶν,
1537 3489 1620 3557 ἐφ’
1649 3484 1732 3552 οἷς

161 3578 539 3649 διεπράξαντο,
567 3579 665 3648 τὴν
696 3579 953 3650 ἐπικερδῆ
997 3582 1118 3643 ταῖς
1150 3579 1347 3649 ψυχαῖς
1390 3579 1573 3634 αὐτῶν
1606 3580 1729 3633 ὀδύ-

164 3686 262 3740 νην
291 3687 351 3723 τε
383 3670 475 3723 καὶ
523 3670 698 3741 θλίψιν
742 3670 915 3741 ἔσχον,
975 3671 1359 3743 συνεργοῦντος
1406 3673 1589 3737 αὐτοῖς
1633 3672 1727 3725 τοῦ

162 3758 296 3813 Θεοῦ
340 3762 433 3813 καὶ
466 3760 859 3824 ἀνακόπτοντος
901 3761 1079 3815 αὐτῶν
1120 3761 1216 3826 τὰς
1260 3762 1485 3831 ἀλόγους
1512 3763 1689 3833 ὁρμάς
1710 3779 1724 3793 ’

160 3849 251 3903 ἵνα
281 3851 346 3920 τῇ
383 3848 473 3921 βίᾳ
499 3850 596 3920 τῆς
624 3850 1071 3915 ἀντανακλάσεως
1104 3851 1592 3922 παιδαγωγηθῶσιν
1630 3852 1728 3922 ὀψέ

160 3958 314 4004 ποτε,
348 3942 428 4003 είς
467 3940 598 4009 ὕψος
639 3939 868 4010 ἄραντες
905 3940 1033 4003 τοὺς
1065 3940 1394 4012 ὀφθαλμοὺς,
1432 3941 1726 4010 ἐπιγνῶναι

159 4033 252 4087 τὸν
279 4030 485 4086 ἑαυτῶν
506 4030 830 4103 δημιουργόν
850 4048 908 4084 τε
942 4031 1036 4085 καὶ
1071 4033 1318 4104 ποιητήν.

230 4143 383 4198 Μετά
410 4144 508 4216 τὴν
540 4144 645 4199 τῶν
679 4144 923 4215 φοϐερῶν
965 4144 1192 4215 ἀπειλὴν
1224 4138 1298 4198 ὧν
1330 4144 1467 4209 ἄξιοι
1500 4144 1725 4215 ἐτύγχα-

156 4253 268 4307 νον,
310 4235 469 4290 πάλιν
532 4234 963 4306 ἀνακαλούμενος
1008 4235 1203 4299 αὐτοὺς
1258 4237 1286 4288 ό
1329 4236 1459 4299 Θεὸς
1512 4236 1586 4307 μὴ
1646 4237 1725 4300 εἰς

156 4325 503 4379 ἀνελπιστίαν
552 4328 898 4389 καταπεσεῖν,
942 4328 1007 4396 τῇ
1048 4325 1104 4378 δὲ
1143 4324 1307 4379 αὐτοῦ
1348 4327 1724 4398 φιλανθρωπίᾳ

1838 3191 1958 3246 istis
1990 3190 2250 3246 fruamini
2284 3200 2341 3247 ut
2376 3194 2431 3247 in
2469 3194 2690 3265 gaudio,
2717 3195 3005 3265 suppliciis
3034 3195 3240 3250 amicti.

1915 3388 2083 3444 Vens.
2118 3391 2204 3444 15.
2258 3390 2376 3457 Qua
2409 3392 2622 3445 ratione
2662 3390 2951 3461 disciplina
2990 3392 3164 3461 prosit
3198 3392 3397 3448 animis

1832 3496 2042 3547 eorum,
2077 3482 2289 3549 innuit;
2335 3498 2461 3536 nam
2495 3481 2824 3552 cupiditates
2860 3481 3073 3537 refrena
3088 3491 3242 3549 ntes,
3274 3486 3397 3554 qui-

1830 3572 1935 3627 bus
1965 3573 2356 3639 inserviebant,
2388 3573 2681 3627 salutarem
2714 3573 2899 3627 animo
2928 3574 3173 3629 dolorem
3201 3577 3395 3630 conci-

1830 3664 1988 3733 piunt
2024 3672 2078 3719 et
2121 3664 2563 3731 tribulationem;
2599 3663 2709 3719 Deo
2742 3665 3059 3733 adjuvante,
3089 3676 3142 3721 et
3170 3666 3394 3723 insanos

1830 3762 2014 3810 motus
2052 3755 2410 3825 reprimente,
2440 3761 2501 3808 ut
2530 3763 2752 3825 propter
2781 3755 2887 3808 vim
2922 3770 3194 3825 pressurae
3230 3756 3393 3826 quasi

1829 3844 2161 3912 repercussi,
2192 3843 2405 3899 discant
2430 3842 2647 3897 tandem
2676 3843 2866 3897 oculos
2898 3843 2965 3897 ad
2996 3844 3252 3898 sublimia
3278 3845 3386 3900 eri-

1827 3951 1973 4006 gere,
2002 3934 2291 3990 Dominum
2316 3949 2474 3991 suum
2498 3949 2802 4005 agnoscere
2829 3941 2883 3989 et
2908 3932 3249 3990 Creatorem.

1896 4133 2066 4191 Vens.
2099 4133 2185 4189 16.
2242 4133 2589 4189 Denuntiatis
2639 4134 3050 4191 calamitatibus
3074 4134 3229 4207 'quas
3285 4139 3388 4195 sibi
3467 4169 3471 4173 ~

1824 4237 2262 4300 promeruerant,
2286 4228 2534 4294 hortans,
2566 4242 2660 4282 eos
2688 4226 2834 4283 Dens
2863 4243 2933 4282 ne
2962 4228 3016 4282 in
3048 4229 3388 4299 desperatio-

1823 4336 1948 4375 nem
1981 4317 2245 4383 ferantur,
2281 4318 2457 4388 ipsius
2484 4333 2614 4372 vero
2640 4317 3068 4373 misericorditer
3088 4318 3385 4385 conﬁdant,

156 4416 543 4488 προσδραμεῖν,
583 4417 836 4488 προλέγει
873 4416 934 4468 τὸ
979 4416 1167 4487 μέλλον
1204 4419 1722 4489 οίκονομηθήσεσθαι

1845 4411 2057 4480 :xplicat
2095 4409 2224 4480 quid
2260 4408 2314 4463 in
2348 4424 2539 4464 eorum
2569 4410 2799 4463 salutem
2834 4410 3119 4465 statuerit:
3154 4410 3385 4479 Mittam,

155 4510 239 4572 είς
278 4509 549 4579 σωτηρίαν
591 4507 802 4561 αὐτῶνθ
859 4507 1167 4561 Ἀποστελῶ
1208 4508 1317 4579 γὰρ
1343 4554 1355 4571 ,
1415 4512 1579 4581 φησὶ,
1628 4510 1720 4563 τὸν

158 4602 422 4674 μονογενῆ
482 4601 597 4655 Υίόκ
671 4619 769 4673 μου
825 4603 883 4654 ἐν
940 4602 1102 4672 σαρκὶ
1153 4602 1522 4673 φανησόμενον
1552 4620 1565 4633 ο
1630 4604 1720 4655 ού-

153 4694 243 4747 δὲν
274 4693 456 4765 ἓτερον
488 4694 863 4763 ἀπαιτήσαντα
896 4693 1040 4763 ὑμᾶς
1070 4693 1103 4763 ἣ
1144 4693 1326 4746 πίστιν
1366 4693 1465 4764 τὴν
1502 4696 1581 4757 εἰς
1620 4696 1718 4748 αύ-

151 4784 266 4848 τὸν,
306 4784 398 4838 καὶ
424 4784 791 4855 ἀντιδέχεσθαι
830 4786 973 4855 ὑμᾶς
1000 4784 1270 4855 σωτηρίαν
1294 4800 1305 4811 ·
1340 4785 1400 4837 τὸ
1437 4786 1544 4857 γὰρ
1574 4785 1717 4840 λίθον

152 4875 438 4947 πολυτελῆ,
492 4875 763 4940 ἐκλεκτὸν,
816 4878 1226 4946 ἀκρογωνιαῖον,
1282 4874 1517 4946 ἔντιμον,
1565 4878 1714 4930 οὐδὲν

150 4965 335 5037 ἕτερόν
364 4967 509 5019 ἐστιν
546 4965 579 5038 ἢ
613 4965 831 5029 ἔπαινος
866 4966 1018 5036 παρά
1061 4966 1274 5037 Πατρὸς
1316 4967 1395 5028 εἰς
1420 4966 1545 5019 Υίὸν
1572 4968 1715 5035 γινό-

152 5074 340 5129 μενος·
394 5058 498 5112 τίνι
548 5059 657 5130 γὰρ
706 5057 910 5128 ἔπρεπε
960 5061 1257 5130 μαρτυρεῖν
1309 5059 1384 5129 τῷ
1435 5064 1715 5128 μονογενεῖ

150 5149 265 5220 Υἱῷ
303 5149 337 5221 ἢ
387 5151 563 5221 Πατρὶ
618 5149 696 5220 τῷ
746 5151 945 5217 αύτοῦ;
984 5181 1051 5191 ——
1096 5151 1168 5203 Τὸ
1214 5151 1441 5222 ἀκριϐὲς
1481 5152 1579 5223 τῆς
1615 5153 1708 5205 τοῦ

146 5241 281 5295 Θεοῦ
311 5241 633 5313 κηδεμονίας
668 5240 902 5294 ἐνταῦθα
946 5241 1126 5312 δηλοῖ’
1175 5242 1256 5294 ὅτι
1301 5243 1365 5313 δὴ
1404 5243 1463 5294 ού
1509 5243 1708 5307 πάντες

144 5332 531 5405 ἀξιωθήσονται
556 5332 650 5386 τοῦ
677 5332 858 5396 ἐλέους
887 5333 980 5387 τοῦ
1012 5334 1166 5397 Θεοῦ,
1197 5335 1322 5389 ἀλλ’
1350 5336 1396 5388 oi
1441 5339 1520 5399 είς
1545 5338 1706 5391 αὑτὸν

140 5427 207 5495 τῇ
236 5424 407 5477 ἐλπίδι
433 5424 791 5495 ἀνακείμενοι.

138 5556 141 5561 ·
220 5538 435 5610 Ἐπειδὴ
455 5538 583 5609 γὰρ,
622 5539 804 5610 φησὶν,
831 5540 1042 5606 ἐδόξατε
1070 5540 1327 5611 δαίμονας
1368 5542 1700 5612 τεθεραπευ-

137 5629 291 5684 κέναι
321 5630 454 5703 πρὸς
479 5632 919 5700 ἀποτροπιασμὸν
952 5630 1059 5685 τῶν
1082 5631 1263 5685 κακῶν
1282 5631 1456 5702 ὑμῶν,
1482 5633 1577 5686 καὶ
1608 5635 1699 5686 ἐπὶ

137 5725 200 5793 τῇ
240 5722 441 5794 ματαίᾳ
471 5721 640 5792 ταύτῃ
680 5721 852 5775 ἐλπίδι
884 5722 1241 5786 ἐπεποίθειτε,
1274 5722 1590 5792 γινώσκετε,
1618 5723 1693 5787 ώς

1824 4503 2023 4573 inquit,
2049 4502 2386 4572 unigenitum
2428 4499 2624 4555 Filium
2667 4517 2845 4555 meum
2895 4500 2948 4555 in
2994 4517 3160 4557 carne
3189 4515 3376 4559 ventu-

1822 4609 1942 4647 rum
1968 4611 1983 4658 ;
2036 4593 2172 4647 nihil
2204 4592 2351 4646 aliud
2379 4608 2409 4645 a
2438 4591 2600 4646 vobis
2628 4592 2909 4662 deposcet,
2934 4593 3040 4649 nisi
3081 4602 3140 4647 ut
3171 4595 3224 4649 in
3253 4611 3379 4650 eum

1820 4681 2077 4749 credatis,
2114 4691 2168 4737 et
2218 4682 2451 4737 salutem
2504 4683 2580 4735 ita
2631 4683 2937 4752 excipiatis,
2978 4682 3135 4749 Quod
3168 4686 3215 4739 si
3254 4686 3384 4741 hinc

1822 4771 2061 4841 lapidem
2093 4770 2393 4842 pretiosum
2422 4778 2597 4833 vocet,
2627 4772 2884 4835 electum,
2906 4773 3259 4843 singularem,
3278 4774 3381 4828 ho-

1817 4864 2141 4926 norabilem,
2197 4863 2313 4917 haec
2359 4863 2497 4917 nihil
2547 4863 2694 4918 aliud
2725 4871 2854 4919 sunt
2882 4871 3080 4933 praeter
3126 4864 3319 4920 laudes
3349 4879 3382 4919 a

1817 4955 1981 5010 Patre
2031 4954 2173 5009 Filio
2218 4956 2473 5009 tributas.
2507 4954 2677 5021 Quem
2712 4956 2856 5010 enim
2887 4956 3115 5010 decebat
3144 4957 3212 5012 de
3240 4955 3379 5010 Filio

1815 5048 2034 5111 testari,
2065 5048 2170 5101 nisi
2197 5047 2373 5117 ipsius
2404 5045 2659 5101 Patrem?
2685 5078 2755 5086 ——
2778 5048 3018 5117 Apparet
3043 5063 3262 5117 quoque
3290 5049 3380 5102 hic

1822 5153 1985 5207 quam
2043 5145 2359 5191 accuratum
2415 5136 2485 5191 sit
2530 5135 2622 5190 Dei
2659 5136 2967 5205 judicium;
3023 5154 3131 5191 non
3181 5153 3378 5193 omnes

1810 5229 1954 5283 enim
1987 5228 2422 5282 misericordiam
2461 5226 2554 5282 Dei
2585 5236 3013 5299 consequentur,
3047 5229 3142 5284 sed
3176 5228 3215 5284 ii
3242 5236 3368 5285 tan-

1811 5329 1946 5381 tum,
1978 5320 2071 5390 qui
2102 5335 2250 5388 spem
2277 5335 2432 5373 suam
2470 5318 2526 5372 in
2553 5334 2676 5373 eum
2711 5320 3013 5389 posuerint.

1874 5537 2040 5593 Vens.
2082 5539 2163 5593 Π.
2219 5539 2450 5604 Quando
2497 5540 2665 5601 enim,
2714 5538 2910 5608 inquit,
2956 5538 3231 5593 tlzemones
3277 5552 3371 5594 co-

1804 5630 1990 5687 luistis
2021 5631 2085 5684 ad
2115 5632 2465 5700 depellendas
2507 5632 2847 5686 calamitates
2875 5638 3109 5696 vestras,
3139 5638 3373 5688 etvanaa

1810 5726 1938 5781 huic
1988 5726 2101 5796 spei
2151 5725 2476 5791 conﬁdistis,
2514 5727 2703 5783 sciatis
2729 5742 2827 5783 vos
2860 5727 2995 5782 nihil
3032 5741 3220 5782 eorum
3248 5738 3370 5795 qua:
