3824 6140
451 345 590 401 1319

1632 327 1984 387 THEODORI
2025 325 2551 386 HERACLEENSIS

448 463 605 522 vobis
686 460 972 517 imminent
1022 454 1348 526 vitaturos,|
1394 461 1715 524 tempestate
1774 465 1903 506 vero
1969 455 2012 504 ei

2131 447 2278 501 οὐδὲν
2303 448 2412 502 τῶν
2449 447 2803 518 ἐπαγομένων
2838 443 3212 517 διαφεύξεσθε,
3238 447 3307 517 τῇ
3342 461 3403 499 τε
3431 442 3719 514 καταιγίᾶ

449 565 625 613 morte
658 551 1045 625 opprimendos
1069 565 1213 606 esse.

517 643 689 700 Vnus.
718 643 803 698 19.
850 641 949 696 llic
994 637 1368 695 misericordia
1397 642 1678 707 permotus
1716 640 1982 704 propheta
2009 671 2026 695 ,

450 742 505 791 et
531 733 871 789 calamitates
913 729 1234 785 recordatus
1262 728 1371 783 illis
1402 727 1770 788 imminentes,
1796 738 2027 778 monen-

449 826 549 880 dos
578 840 674 879 eos
713 823 973 892 suscipit,
1006 828 1065 875 ut
1100 834 1247 874 nunc
1287 818 1582 889 prudenter
1624 816 1883 883 audiant;
1914 830 2024 871 non

450 918 596 973 enim
629 916 741 971 ﬁeri
776 924 975 987 potest,
1008 921 1068 968 ut
1100 914 1267 968 tantis
1311 912 1665 984 voraginibus
1712 910 1984 966 submersi
2007 949 2022 974 ,

451 1013 619 1066 tantis
641 1008 886 1081 oppressi
913 1007 1340 1070 calamitatibus,
1365 1005 1475 1060 Deo
1500 1004 1854 1070 resistamus;
1892 1009 2023 1058 tunc

449 1105 593 1158 enim
628 1118 726 1157 nec
748 1108 964 1157 nosmet
1000 1099 1151 1170 ipsos
1177 1114 1397 1154 movere
1430 1097 1755 1162 valebimus,
1784 1097 1890 1151 nisi
1922 1096 2026 1150 im-

446 1196 680 1267 pellente
709 1192 839 1248 Deo.

512 1374 678 1431 Vsus.
711 1374 803 1428 2|.
850 1376 991 1428 Iram
1032 1372 1127 1429 Dei
1178 1388 1303 1428 cum
1346 1380 1530 1428 monte
1559 1386 1854 1442 impiorum
1888 1386 2023 1427 con-

448 1465 552 1521 l'ert
575 1507 593 1532 ,
627 1467 682 1520 in
711 1481 771 1522 se
795 1466 1024 1521 invicem
1063 1466 1530 1534 consurgentium.
1573 1464 1729 1530 Quod
1757 1464 1806 1519 si
1840 1463 2023 1519 furere

446 1556 667 1635 dicitur,
690 1567 743 1612 et
780 1554 1161 1611 amaritudinis
1183 1570 1324 1625 opus
1360 1554 1559 1618 facere,
1584 1569 1654 1610 ne
1678 1554 1885 1610 idcirco
1916 1552 2023 1609 Do-

447 1650 651 1704 minum
678 1650 935 1704 incuses:
966 1662 1082 1702 non
1141 1648 1287 1703 enim
1333 1647 1519 1703 furore
1562 1646 1800 1717 agitatur
1838 1647 2020 1713 Deus,

444 1756 568 1797 cum
602 1750 799 1795 natura
834 1741 1093 1796 immotus
1126 1747 1409 1795 remaneat
1448 1748 1504 1795 et
1546 1740 1762 1796 all'ectu.
1795 1738 2016 1794 Amari-

2129 539 2222 594 καὶ
2245 539 2323 611 τῷ
2349 539 2562 611 θανάτῳ
2592 539 3043 611 ὑποϐαλλόμενοι.

2196 633 2294 697 Είς
2349 632 2690 704 συμπάθειαν
2740 631 3114 702 ἑπικαμφθεὶς
3167 631 3197 684 6
3250 631 3575 701 προφήτης,
3624 629 3718 684 καὶ

2128 720 2269 775 κατὰ
2288 722 2410 776 νοῦν
2433 721 2613 776 λαϐὼν
2636 722 2707 777 τὰ
2751 722 3013 794 μέλλοντα
3045 723 3242 785 αὐτοὺς
3269 720 3713 792 καταλήψεσθαι,

2130 813 2515 885 συμϐουλεύειν
2559 813 2828 887 προήχθη,
2887 816 2969 868 ὅτι
3008 814 3127 868 Κᾶν
3170 812 3266 868 νῦν
3318 813 3456 883 γοῦν
3497 813 3714 867 συνέσει

2125 907 2427 960 ἀκούσατε·
2478 907 2599 960 οὐδὲ
2659 907 2771 979 γὰρ
2820 902 2931 960 οἷόν
2979 907 3041 961 τέ
3089 910 3261 971 ἑστιν,
3314 909 3397 970 είς
3458 904 3715 959 τοσοῦτον

2127 996 2285 1068 βυθὸν
2329 998 2474 1069 ὑμᾶς
2513 997 2699 1052 κακῶν
2738 999 3097 1070 ἐμπεσόντας,
3136 999 3229 1052 καὶ
3264 996 3713 1067 στενοχωρουμέ-

2125 1106 2249 1152 νους
2293 1091 2414 1152 ταῖς
2446 1091 2773 1159 συμφοραῖς,
2818 1088 3171 1143 ἀνθίστασθαι
3207 1088 3346 1159 θεῷ·
3389 1087 3563 1141 ὁπότε
3599 1086 3713 1139 οὐτὲ

2128 1180 2419 1252 ίσχύσομεν
2482 1181 2713 1245 ἑαυτοὺς
2776 1180 3000 1249 συνάξαι
3057 1180 3185 1234 ἄνευ
3239 1183 3341 1252 τῆς
3411 1179 3517 1233 τοῦ
3580 1177 3712 1233 θεοῦ

2126 1273 2318 1345 ῥοπῆς.

2197 1365 2311 1437 Τὴν
2342 1365 2492 1437 παρὰ
2517 1364 2614 1419 τοῦ
2645 1364 2780 1419 θεοῦ
2829 1365 3020 1437 ὀργὴν,
3074 1365 3151 1429 ὡς
3201 1367 3281 1430 είς
3316 1363 3448 1437 ὄρος
3497 1364 3712 1418 ἀσεϐῶν

2124 1458 2243 1511 κατ’
2287 1457 2467 1510 αὐτῶν
2511 1456 2864 1528 ἐπαγομένων
2908 1456 3092 1527 δηλοῖ·
3146 1455 3316 1528 θυμοῦ
3348 1457 3407 1510 δὲ
3470 1457 3711 1519 ἀκούων,

2124 1550 2217 1603 καὶ
2266 1549 2492 1620 πικρίαν
2546 1549 2714 1622 ὀργὴν
2773 1548 2880 1620 (5),
2922 1549 2996 1620 μή
3055 1548 3195 1602 κατὰ
3267 1547 3363 1602 τοῦ
3426 1548 3711 1602 Δεσπότου

2122 1645 2407 1718 γυμνάσῃς
2442 1642 2676 1715 μέμψιν·
2714 1642 2835 1696 οὐδὲ
2884 1641 2991 1713 γὰρ
3024 1641 3099 1705 ὡς
3131 1643 3188 1694 ἑν
3221 1640 3381 1712 θυμῷ
3420 1642 3712 1713 τραπήσε-

2122 1754 2210 1790 ται
2251 1736 2407 1799 Θεὸς,
2469 1734 2719 1806 μένοντος
2764 1731 2929 1786 αὐτοῦ
2981 1731 3248 1804 ἁτρέπτου
3300 1731 3473 1801 φύσει
3515 1750 3579 1786 τε
3622 1734 3712 1785 καὶ

443 1833 687 1888 tudinem
716 1832 934 1903 quidem
990 1833 1083 1888 isti
1132 1834 1399 1898 sentient,
1450 1848 1575 1887 cum
1631 1833 2012 1903 corrigentur;

2131 1825 2350 1897 γνώμῃ·
2398 1824 2516 1879 ἀλλ’
2574 1825 2658 1877 ὃτι
2704 1824 2926 1894 πικρίας
2965 1816 3111 1876 οὗτοι
3170 1821 3539 1893 αἰσθήσονται
3591 1840 3712 1876 παι-

444 1924 562 1996 ipse
612 1933 794 1980 autem
836 1923 981 1980 Deus
1014 1924 1392 1980 misericordia
1441 1940 1536 1981 eos
1583 1933 1638 1980 et
1685 1925 2019 1996 benignitate

445 2017 706 2086 corrigit,
749 2023 809 2069 ut
846 2017 1023 2087 poenis
1061 2014 1333 2083 deterriti,
1369 2031 1468 2086 per
1504 2015 1882 2086 paenitentiam
1912 2016 2019 2071 sibi

444 2108 676 2164 salutem
699 2115 1016 2178 operentur.

515 2199 681 2255 Vens.
724 2200 816 2254 2‘2.
851 2200 1043 2255 Sermo
1093 2199 1185 2254 hic
1231 2199 1298 2254 ad
1334 2198 1608 2255 lsraelitas
1642 2213 1863 2271 quoque
1894 2214 2019 2271 spe-

443 2298 572 2352 ctat,
598 2289 834 2344 maxime
864 2303 994 2343 vero
1026 2288 1090 2342 ad
1124 2296 1335 2359 gentes.
1375 2286 1652 2343 lsraelitas
1673 2289 1891 2358 quidem
1920 2287 2018 2342 ad—

444 2391 670 2445 monet,
716 2396 784 2435 ue
830 2388 1179 2450 peccatorum
1206 2383 1488 2451 voluptate
1520 2380 1906 2445 detineantur,
1950 2397 2018 2436 ne

443 2475 657 2531 delictis
683 2475 1063 2544 opprimantur
1084 2513 1099 2538 ,
1129 2481 1223 2527 aut
1252 2474 1665 2539 devinciantur,
1703 2475 1800 2530 sed
1830 2474 1895 2530 ad
1927 2473 2017 2544 ju-

443 2568 647 2623 dicium
690 2582 850 2622 aures
899 2565 1280 2631 intendentes,
1338 2567 1502 2621 saluti
1551 2582 1666 2623 sua:
1706 2567 2013 2623 consulant.

442 2658 712 2716 Gentibus
741 2674 868 2714 vero
896 2657 1159 2724 declarat,
1196 2660 1304 2715 illis
1330 2675 1440 2715 non
1480 2674 1603 2716 esse
1636 2659 1705 2716 de
1735 2659 2012 2715 Israelita-

443 2768 565 2808 rum
599 2753 881 2825 suppliciis
928 2753 1218 2810 laetandum
1238 2794 1255 2821 ,
1289 2770 1413 2809 cum
1441 2760 1496 2810 et
1528 2753 1664 2825 ipsis
1693 2754 2015 2809 immineant

443 2862 615 2918 pinna:
644 2862 740 2917 pro
766 2848 1006 2917 peccatis
1023 2847 1238 2903 debitae.

509 3028 640 3084 Cn.
670 3028 861 3092 XXIX,
893 3027 1057 3082 Vsus.
1101 3028 1189 3082 lt.
1228 3027 1313 3083 Ab
1343 3010 1585 3098 Assyriis
1621 3040 1718 3083 eos
1761 3027 1818 3081 in
1842 3026 2016 3096 capti-

438 3124 659 3178 vitatem
711 3122 1058 3178 deducendos
1107 3136 1231 3177 esse
1282 3121 1518 3187 nuntiat,
1545 3119 1692 3191 quod
1749 3119 1808 3175 in
1862 3120 2013 3175 cultu

440 3214 534 3270 Dei
564 3231 879 3286 permanere
907 3216 1230 3279 noluerunt,
1287 3213 1355 3268 ad
1411 3213 1559 3268 idola
1606 3228 1736 3268 vero
1790 3211 2016 3268 deﬂexe-

439 3314 568 3361 runt
617 3304 976 3371 Quamobrem
1009 3305 1124 3374 ipse
1169 3319 1264 3360 eos
1294 3303 1594 3359 transferre
1618 3319 1729 3358 non
1762 3303 2014 3368 dubitat,

440 3396 595 3467 quasi
623 3396 691 3452 de
724 3397 842 3452 loco
877 3398 932 3452 in
975 3398 1142 3451 alium
1190 3397 1394 3461 locum,
1425 3411 1489 3451 ac
1520 3411 1585 3451 eo
1615 3395 1834 3469 quidem
1866 3410 2017 3451 sum-

439 3504 582 3543 mam
612 3488 896 3558 prolitetur
926 3488 1364 3544 misericordiam
1390 3505 1404 3555 ;
1430 3488 1631 3558 quippe
1661 3502 1802 3558 quos
1838 3486 2017 3557 patria

439 3595 636 3651 pravos
667 3579 968 3650 praebuerat
1016 3578 1067 3632 in
1125 3579 1355 3633 alienam
1411 3585 1615 3632 terram
1649 3576 2015 3632 transferendi

438 3677 615 3737 erant,
646 3678 705 3724 ut
728 3669 887 3735 forte,
912 3670 1134 3726 mutatis
1153 3668 1309 3735 locis,
1345 3676 1695 3724 mutarentur
1723 3676 1777 3723 et
1801 3682 2003 3723 mores.

512 3847 676 3903 Vens.
728 3848 814 3900 l7.
867 3846 1120 3903 Chermel
1171 3861 1330 3902 mons
1383 3852 1506 3910 est,
1560 3845 1651 3900 cui
1707 3843 2010 3900 Jerusalem

440 3955 608 4010 prope
636 3940 953 4011 subjacebat
972 3978 988 4003 ,
1037 3954 1198 4010 quem
1229 3938 1489 3994 Israelita:
1521 3939 1773 4009 colebant
1800 3956 1816 4007 ;
1844 3917 2017 4010 “Liba:

439 4047 571 4087 num
606 4048 736 4086 vero
769 4042 1010 4086 montem
1060 4031 1320 4086 tenebant
1351 4038 1560 4102 gentes.
1594 4029 1854 4085 Testatur
1880 4046 2015 4102 ergo

440 4122 530 4177 hic
562 4122 703 4178 Deus
729 4122 896 4177 Israel
926 4122 1283 4192 rejiciendum
1310 4139 1434 4179 esse
1468 4132 1691 4194 propter
1723 4123 2009 4178 innumera

437 4221 659 4284 peccata
707 4221 760 4269 et
802 4215 1131 4284 impietatem
1174 4230 1351 4280 suam,
1387 4230 1452 4269 ac
1497 4216 1660 4270 unius
1690 4216 1810 4270 loco
1835 4215 2013 4285 gentis

438 4304 667 4361 cunctas
724 4314 915 4376 gentes
958 4305 1234 4377 eligendas
1291 4320 1415 4362 esse
1462 4317 1517 4361 et
1573 4321 1605 4360 a
1660 4306 1773 4389 Deo
1833 4307 2010 4362 susci-

436 4396 684 4468 piendas.

506 4487 671 4582 Vens.
703 4489 756 4544 8.
798 4487 1066 4582 Loquitur
1093 4495 1147 4544 et
1175 4489 1369 4582 iterum
1401 4488 1476 4582 (4)
1504 4489 1813 4582 designato
1845 4491 2007 4560 libro,
2036 4520 2090 4582 υ

436 4594 545 4649 quo
579 4577 878 4635 Salvatoris
910 4579 1221 4639 adventum
1272 4579 1469 4633 innuit.
1524 4599 1543 4632 ι
1576 4580 1809 4637 Audierit
1851 4584 2004 4638 surdi

435 4673 603 4727 verba
633 4672 792 4737 libri,
827 4690 846 4723 ι
882 4672 985 4727 hoc
1015 4680 1136 4736 est,
1179 4672 1270 4741 qui
1302 4688 1409 4727 non
1443 4681 1804 4729 occurrerunt
1833 4676 2000 4747 lapidi

437 4762 678 4819 scandali
698 4765 743 4828 ",
769 4764 861 4833 qui
893 4779 1000 4817 non
1036 4763 1425 4819 dubitaverunt
1452 4767 1655 4820 astanti
1685 4767 1966 4836 signaculo
1986 4809 2002 4834 ,

433 4855 653 4910 Christo
705 4854 935 4920 scilicet,
985 4856 1227 4911 credere.
1268 4853 1406 4910 Nam
1458 4855 1516 4910 in
1551 4857 1790 4913 tenebris
1839 4866 1894 4913 et
1944 4858 2001 4914 in

433 4949 634 5004 nebulo
667 4948 946 5019 degentes,
987 4947 1043 5001 in
1070 4948 1449 5017 excipiendum
1480 4949 1781 5004 Salvatoris
1800 4951 2006 5006 adven-

431 5051 546 5096 tum
569 5040 935 5111 prospicient;
965 5049 1019 5095 et
1039 5040 1132 5110 qui
1162 5038 1351 5109 (Vens.
1378 5041 1466 5103 l9)
1497 5041 1688 5113 inopes
1710 5042 1991 5107 dicuntur,

430 5132 894 5204 perlapparentem
927 5130 1206 5187 Christum
1233 5133 1556 5189 ditabuntur
1590 5152 1603 5188 :
1649 5150 1841 5190 omnes
1896 5136 2000 5189 im-

428 5226 720 5297 plebantur
746 5226 929 5281 laetitia
961 5226 1276 5298 quicunque
1304 5225 1362 5280 in
1391 5240 1516 5281 eum
1549 5228 1905 5283 crediderint.

500 5498 645 5571 "lsa.
675 5530 797 5580 vui,
827 5515 925 5583 it;
956 5516 977 5571 ἰ
1015 5515 1158 5572 Petr.
1200 5534 1233 5581 ι,
1263 5518 1314 5578 8.

502 5667 577 5741 (ὅ)
609 5667 770 5752 Forte
808 5671 1281 5752 legend-uapulawa
1306 5674 1361 5729 δὲ
1391 5674 1604 5732 ἁκούων
1629 5679 1723 5733 καὶ
1753 5679 1982 5750 πικρίας

430 5739 610 5809 ῑργον,
652 5750 710 5796 ιιι
732 5739 962 5797 inuuuut
986 5740 1152 5801 LXX.

2120 1914 2428 1985 δευόμενοι·
2460 1912 2547 1967 διὰ
2589 1911 2754 1983 φειδὼ
2791 1912 2849 1966 δὲ
2882 1913 2974 1966 καὶ
2999 1912 3406 1984 φιλανθρωπίαν
3444 1913 3551 1966 τοῦ
3578 1912 3710 1967 θεοῦ

2119 1998 2464 2070 παιδεύοντος
2508 2004 2705 2071 αὐτούς
2729 2023 2744 2038 ·
2785 2005 2894 2072 ἴνα,
2943 2006 3294 2077 συσχεθέντες
3336 2009 3458 2071 τοῖς
3493 2006 3707 2071 δεινοῖς,

2117 2099 2206 2155 διὰ
2251 2100 2536 2172 μετανοίας
2580 2101 2790 2164 ἑαυτοῖς
2828 2099 3099 2172 σωτηρίαν
3142 2099 3705 2171 πραγματεύσωνται.

2204 2195 2456 2267 Ἃρμόζει
2483 2196 2512 2248 6
2543 2193 2699 2265 λόγος
2733 2194 2827 2248 καὶ
2866 2192 3004 2264 πρὸς
3033 2193 3157 2256 τοὺς
3183 2194 3250 2246 ἐκ
3291 2192 3391 2246 τοῦ
3419 2220 3425 2225 -
3449 2193 3705 2265 Ἰσραήλ·

2117 2288 2177 2342 οὐ
2211 2288 2317 2359 μὴν
2348 2287 2484 2341 ἀλλὰ
2529 2286 2626 2341 καὶ
2668 2287 2804 2357 πρὸς
2839 2285 2908 2340 τὰ
2947 2285 3074 2357 ἔθνη
3095 2302 3109 2316 ·
3165 2287 3258 2339 καὶ
3295 2285 3393 2338 ἐπὶ
3449 2286 3557 2357 μὲν
3604 2286 3706 2338 τῶν
3792 2334 3793 2343 η

2129 2379 2477 2451 Ἰσραηλιτῶν
2506 2380 2580 2452 μὴ
2600 2380 2882 2450 ἐπιμένειν
2915 2380 3110 2444 αὐτοὺς
3148 2378 3518 2450 συμϐουλεύει
3544 2383 3613 2451 τῇ
3644 2383 3703 2432 ὲκ

2116 2472 2224 2525 τῶν
2253 2473 2666 2544 ἁμαρτημάτων
2696 2472 2880 2543 ἡδονῇ,
2916 2472 3050 2543 μηδὲ
3086 2473 3435 2541 ἑπισφίγγειν
3476 2472 3700 2535 ἑαυτοὺς

2117 2566 2235 2628 ταῖς
2271 2565 2585 2635 ἁμαρτίαις,
2639 2563 2771 2635 μηδὲ
2815 2562 3211 2635 ἑπιδεσμεύειν,
3258 2563 3395 2618 ἀλλὰ
3438 2564 3589 2636 πρὸς
3610 2565 3703 2635 τὴν

2118 2656 2287 2726 ἀκοὴν
2314 2658 2413 2727 τῆς
2454 2658 2690 2730 κρίσεως
2723 2656 3108 2723 συσταλέντας,
3138 2657 3466 2729 ἐπιμέλειαν
3494 2658 3700 2712 ἑαυτῶν

2118 2748 2491 2819 ποιήσασθαι·
2543 2750 2657 2813 τοῖς
2699 2747 2757 2801 δὲ
2799 2747 3029 2814 ἔθνεσιν,
3084 2748 3165 2801 ὅτι
3210 2748 3269 2800 οὐ
3324 2748 3434 2819 χρὴ
3492 2748 3701 2821 χαίρειν

2119 2843 2264 2913 ὑμᾶς
2297 2842 2390 2894 ἐπὶ
2433 2843 2498 2912 τῇ
2526 2839 2636 2894 τῶν
2678 2840 3027 2913 Ἰσραηλιτῶν
3068 2840 3340 2912 τιμωρίᾳ·
3381 2839 3703 2911 διαϐήσεται

2117 2936 2226 3006 γὰρ
2258 2938 2352 2990 καὶ
2381 2937 2459 3000 είς
2493 2936 2637 3006 ὑμᾶς
2662 2934 2732 2989 τὰ
2758 2936 2856 3008 τῆς
2884 2936 3077 2999 τίσεως
3107 2935 3548 3006 ἁμαρτάνοντας.

2191 3027 2301 3099 Τὴν
2329 3028 2410 3091 είς
2454 3027 2771 3099 Ἀσσυρίους
2799 3027 3175 3099 αἰχμαλωσίαν
3208 3025 3390 3081 αὐτῶν
3413 3025 3595 3097 δηλοῖ,
3632 3025 3705 3097 μὴ

2118 3116 2460 3189 θελησάντων
2520 3118 2700 3172 αὐτῶν
2765 3119 2863 3190 μὲν
2921 3120 3177 3191 ἐμμεῖναι
3233 3121 3347 3183 τοῖς
3402 3117 3507 3173 τοῦ
3569 3117 3705 3171 θεοῦ

2119 3212 2525 3283 προστάγμασι,
2574 3210 2959 3282 μεταθεμένων
2999 3211 3056 3264 δὲ
3095 3213 3173 3274 είς
3217 3209 3703 3281 είδωλολατρείαν·

2116 3298 2237 3352 ὅθεν
2258 3300 2351 3353 καὶ
2382 3299 2709 3372 μεταθήσειν
2736 3301 2936 3364 αὐτοὺς
2960 3302 2990 3354 6
3014 3299 3146 3363 θεὸς
3167 3299 3328 3366 ἀξιοῖ,
3353 3298 3431 3363 ὡς
3469 3299 3585 3353 ἀπὸ
3614 3299 3706 3351 τό-

2118 3407 2217 3443 που
2278 3393 2359 3456 είς
2409 3392 2604 3446 τόπον·
2653 3391 2748 3446 καὶ
2803 3391 2963 3445 τοῦτο
3034 3391 3369 3462 ἀγαθότητος
3416 3389 3705 3461 ὑπερϐολῇ

2117 3481 2320 3535 ποιῶν·
2369 3481 2463 3546 οὒς
2514 3482 2622 3554 γὰρ
2662 3483 2970 3555 μοχθηροὺς
3013 3482 3209 3549 ἔδειξεν
3248 3484 3283 3552 ή
3319 3482 3430 3553 γῆ,
3471 3482 3707 3534 ἀκόλου-

2117 3573 2208 3628 θον
2235 3573 2457 3640 τούτους
2486 3577 2566 3638 εἰς
2600 3577 2796 3648 ἑτέραν
2840 3576 3175 3648 μεταχθῆναι
3200 3576 3324 3646 γῆν,
3363 3574 3419 3627 εῖ
3456 3591 3566 3627 που
3598 3575 3705 3644 ἄρα.

2116 3669 2180 3738 τῇ
2232 3666 2516 3737 μεταθέσει
2558 3667 2667 3722 τῶν
2717 3668 2897 3722 τόπων
2942 3667 3234 3740 ἀμείψουσι
3269 3668 3365 3721 καὶ
3402 3668 3538 3731 τοὺς
3580 3667 3701 3739 τρό-

2115 3775 2269 3823 πους.

2186 3855 2259 3908 Τὸ
2287 3855 2504 3927 Χερμὲλ
2532 3856 2656 3928 ὅρος
2684 3851 2752 3929 ἦν
2777 3858 3171 3929 προσκείμενον
3200 3859 3267 3929 τῇ
3310 3857 3697 3929 Ἰερουσαλὴμ,

2114 3948 2143 4002 ὃ
2168 3954 2416 4022 κατεῖχον
2439 3954 2487 4006 οἱ
2510 3954 2617 4006 υἱοὶ
2660 3951 2874 4024 Ἰσραήλ
2895 3970 2908 3983 ·
2944 3954 2973 4006 6
3009 3953 3067 4006 δὲ
3101 3953 3332 4017 Λίϐανος
3370 3953 3508 4025 ὅρος
3544 3950 3636 4026 ἦν,
3673 3955 3698 4007 δ

2113 4045 2360 4112 κατεῖχον
2387 4043 2455 4098 τὰ
2498 4044 2655 4114 ἔθνη·
2706 4045 2855 4116 δηλοῖ
2901 4043 3082 4099 τοίνυν
3128 4045 3219 4099 διὰ
3277 4045 3516 4111 τούτων,
3558 4048 3637 4113 ὡς
3671 4048 3697 4099 6

2127 4134 2340 4207 Ἰσραὴλ
2366 4136 2669 4208 ἀπόϐλητος
2692 4139 2933 4208 ἑγεγόνει
2954 4138 3042 4193 διὰ
3072 4137 3173 4202 τὰς
3200 4139 3307 4210 πλη
3318 4140 3695 4213 μμεληθεὲσας

2113 4225 2290 4279 αὐτῶν
2325 4229 2667 4300 παρανομίας
2703 4230 2796 4284 καὶ
2825 4230 3077 4284 ἀσέϐειαν
3109 4232 3205 4302 τὴν
3244 4233 3326 4295 εἰς
3356 4231 3530 4285 θεόν·
3563 4235 3691 4286 ἀντ-

2112 4316 2548 4389 εισενεχθήσεται
2581 4319 2639 4372 δὲ
2688 4321 2810 4375 ἀντὶ
2836 4321 3028 4375 τούτου
3072 4320 3165 4375 τοῦ
3197 4320 3389 4386 ἔθνους
3416 4323 3605 4378 πάντα
3633 4326 3693 4376 τΞι

2111 4406 2261 4479 ἔθνη,
2289 4410 2381 4463 καὶ
2409 4409 2851 4482 ἀντιδεχθήσεται
2876 4413 3026 4484 παρὰ
3056 4411 3149 4465 τοῦ
3173 4412 3333 4469 Θεοῦ.

2198 4499 2410 4569 Ἀνάγει
2448 4501 2540 4556 τὸν
2577 4502 2735 4571 λόγον
2768 4503 2864 4558 καὶ
2895 4500 3053 4567 αὖθις
3084 4505 3178 4556 ἑπὶ
3213 4505 3274 4557 τὸ
3312 4506 3690 4577 ἐσφραγισμέ-

2111 4606 2201 4643 νον
2237 4590 2459 4661 βιϐλίον,
2509 4593 2575 4646 δι’
2603 4587 2664 4647 οῦ
2689 4595 2943 4667 σημαίνει
2974 4596 3075 4668 τὴν
3118 4595 3210 4651 τοῦ
3243 4597 3505 4669 Σωτῆρος
3551 4614 3689 4669 παρ-

2111 4681 2329 4735 ουσίαν·
2360 4701 2379 4734 (
2420 4683 2769 4740 Ἀκούσονται
2801 4686 2910 4759 γὰρ
2943 4688 3118 4757 κωφοὶ
3155 4688 3353 4757 λόγους
3388 4687 3625 4759 βιϐλίου,
3668 4708 3684 4738 ι

2109 4772 2383 4826 τουτέστιν
2413 4775 2462 4826 οί
2496 4774 2571 4845 μὴ
2605 4775 2974 4846 προκόψαντες
3008 4776 3086 4848 τῷ
3114 4775 3248 4848 λίθῳ
3285 4776 3384 4829 τοῦ
3412 4778 3687 4848 προσκόμ-

2114 4878 2277 4932 ματος
2297 4881 2312 4895 ·
2332 4865 2382 4918 οί
2407 4868 2473 4936 τῇ
2508 4867 2837 4941 ἐπικειμένῃ
2865 4868 3141 4938 σφραγῖδι,
3174 4869 3235 4931 ὃς
3264 4869 3383 4922 ἑστι
3429 4870 3686 4940 Χριστὸς,

2113 4953 2189 5026 μὴ
2220 4959 2687 5028 προφασισάμενοι
2722 4957 3043 5012 πιστεῦσαι·
3067 4960 3118 5012 οἱ
3150 4959 3258 5030 γὰρ
3277 4961 3337 5012 ἑν
3379 4961 3566 5031 σκότῳ
3596 4961 3686 5014 καὶ

2108 5045 2301 5116 ἀγνοίᾳ
2339 5046 2614 5119 διάγοντες
2653 5048 3066 5119 άναϐλέψουσιν,
3116 5050 3280 5123 ήνίκα
3313 5049 3383 5104 ἂν
3438 5051 3544 5123 τὴν
3597 5051 3685 5105 τοῦ

2107 5136 2358 5209 Σωτῆρος
2425 5140 2835 5211 παραδέξωνται
2889 5142 3217 5215 παρουσίαν·
3274 5142 3373 5197 καὶ
3428 5145 3486 5197 οἱ
3548 5160 3685 5197 πτω-

2104 5228 2357 5299 ,χεύοντες
2403 5233 2461 5284 ἑν
2499 5230 2577 5301 τῷ
2613 5231 2754 5303 λόγῳ
2795 5232 3155 5303 πλουτήσουσι
3193 5232 3282 5287 διὰ
3319 5234 3413 5288 τὸν
3458 5235 3683 5306 φανέντα

2108 5321 2371 5391 Χριστόν·
2406 5322 2502 5376 καὶ
2532 5325 2734 5387 πάντες
2768 5325 3105 5398 εὐφροσύνης
3136 5325 3599 5399 πληρωθήσονται
3639 5326 3684 5377 oi

2108 5413 2188 5475 εἰς
2215 5413 2377 5468 αὐτὸν
2410 5416 2813 5481 πιστεύσαντες.

2168 5679 2244 5765 (4)
2284 5677 2408 5738 Vid.
2436 5696 2634 5765 supra,
2667 5696 2815 5741 vers.
2846 5679 2936 5738 11.

3584 326 3721 384 1320
3792 316 3793 323 “
