3792 6150
158 315 284 370 133ἰί

1595 313 1661 369 ΙΝ
1699 312 1958 404 ῙξΑΙΑΜ.

3279 319 3422 374 15η

215 435 401 505 Θλίψιν
426 435 659 491 ἐνταῦθα
685 435 834 506 λέγει
876 436 975 509 τὴν
1018 435 1204 506 ἔφοδον
1237 430 1346 487 τῶν
1406 437 1699 509 Ἀσσυρίων

1907 433 2035 488 Cn.
2069 433 2236 497 XXX,
2272 433 2436 490 Vens.
2469 434 2524 489 6.
2553 434 2658 489 Per
2688 433 3096 491 tribulationem
3128 433 3218 489 hic
3246 433 3418 507 Assy-

152 522 268 601 ἑνῇ
299 528 642 600 συνεχόμενοι
692 529 793 594 τὰς
833 529 1166 600 ἀνηκέστους
1205 527 1480 598 ὑπέμενον
1523 545 1734 599 συμφο-

153 622 280 693 ράς·
315 620 540 685 τούτους
566 621 746 675 τοίνυν
788 620 875 675 διὰ
896 621 995 692 τὴν
1029 622 1322 675 κακόνοιαν
1366 620 1474 674 τῶν
1515 621 1735 692 τρόπων

151 711 245 764 καὶ
285 710 503 775 λέοντας
541 712 636 764 καὶ
684 711 958 781 σκύμνους
1004 710 1233 764 λεόντων
1273 710 1460 764 ἐκάλει
1509 711 1605 765 καὶ
1644 709 1734 762 έκ-

149 820 282 871 γονα
325 803 585 856 ἀσπίδων.
633 805 844 875 Ὥσπερ
889 801 984 858 οὖν
1037 803 1131 857 καὶ
1157 805 1186 856 6
1221 803 1491 874 μακάριος
1553 803 1735 856 Ἰωάν-

148 912 264 966 νης,
297 896 326 947 ὁ
363 895 669 967 πρόδρομος
699 895 793 948 τοῦ
824 894 1097 966 ἡμετέρου
1133 894 1407 966 Σωτῆρος,
1440 894 1595 963 ὄφεις
1637 893 1732 946 καὶ

146 989 462 1058 γεννήματα
488 987 712 1058 ἐχιδνῶν
746 987 964 1056 ἐλεγενο
1000 988 1061 1041 ού
1109 987 1216 1059 μὴν
1259 986 1395 1040 ἀλλά
1446 989 1538 1040 καὶ
1575 987 1731 1039 ἵπποι

145 1075 474 1148 θηλυμανεῖς
528 1077 890 1148 ἐγενήθησαν,
940 1077 1034 1130 καὶ
1089 1078 1202 1139 τοῖς
1245 1076 1425 1139 ἄλλοις
1473 1075 1732 1145 ὀνόμασιν

143 1172 350 1238 ἐκάλει,
391 1171 608 1235 δεικνὺς
636 1171 734 1242 τὴν
757 1170 982 1224 ἐκείνων
1027 1170 1228 1224 κακίαν
1252 1187 1264 1200 ο
1311 1169 1458 1224 οὕτω
1503 1168 1597 1222 καὶ
1635 1166 1730 1222 νῦν

143 1261 558 1334 χαρακτηρίζων
602 1261 782 1314 αὐτῶν
823 1263 952 1323 τοὺς
994 1261 1254 1332 τρόπους,
1300 1260 1468 1333 θηρία
1510 1261 1725 1329 ἔλεγεν

142 1353 352 1416 οἵτινες
409 1352 516 1406 ὑπὸ
560 1352 670 1406 τῶν
722 1351 913 1406 δεινῶν
966 1353 1333 1422 συνεχόμενοι,
1367 1351 1468 1404 οὐκ
1510 1352 1602 1404 ἐπὶ
1637 1350 1728 1404 τὸν

141 1441 275 1496 Θεὸν
299 1442 634 1511 κατέφευγον
658 1441 752 1495 τὸν
775 1441 883 1494 τῶν
912 1441 1092 1497 καλῶν
1122 1443 1312 1506 αἴτιον,
1343 1441 1442 1512 τὴν
1469 1440 1578 1495 τῶν
1601 1442 1728 1510 ἀγα-

141 1531 250 1586 θῶν
279 1534 492 1604 πηγήν·
531 1532 644 1586 ἀλλ’
680 1533 959 1597 ἐπιθέντες
1004 1534 1094 1586 ἐπὶ
1125 1533 1278 1596 ὄνους
1316 1534 1411 1587 καὶ
1448 1533 1728 1604 καμήλους

139 1626 232 1679 τὸν
278 1625 487 1678 ἑαυτῶν
552 1625 812 1690 πλοῦτον,
860 1625 1154 1697 πρεσϐείαν
1211 1626 1349 1697 πρὸς
1395 1625 1726 1694 Αἰγυπτίους

138 1717 586 1774 ἀποστέλλουσιν.

210 1853 406 1908 Φθάνει
439 1851 572 1915 Θεὸς
596 1850 690 1904 καὶ
719 1849 826 1920 πρὸ
854 1850 953 1919 τῆς
989 1847 1097 1901 τῶν
1138 1863 1480 1920 πραγματων
1525 1850 1722 1922 πείρας

137 1945 605 2018 διαμαρτύρεσθαι
634 1944 724 1998 τὸν
763 1943 1070 2014 προφήτην,
1119 1941 1194 2006 ῶς
1221 1943 1372 1996 οὐδὲν
1416 1944 1600 2014 ὀνήσει
1627 1944 1726 1996 αύ-

138 2041 264 2103 τοὺς
302 2040 334 2109 ἡ
376 2036 692 2091 ἐλπισθεῖσα
731 2034 860 2106 παρ’
913 2033 1092 2087 αὐτῶν
1131 2033 1446 2105 ἀνθρωπίνη
1483 2033 1723 2105 βοήθεια,

136 2131 213 2185 ὅτ’
247 2131 315 2186 ἂν
363 2130 575 2203 ἀπείπῃ
623 2129 656 2198 ή
703 2126 798 2180 τοῦ
841 2124 975 2179 Θεοῦ
1029 2125 1190 2196 ῥοπή.
1231 2157 1300 2166 --
1333 2126 1443 2178 Καὶ
1492 2125 1724 2179 ἐνταῦθα

136 2224 310 2295 πολλὴ
338 2225 372 2295 ή
400 2221 495 2276 τοῦ
527 2221 662 2274 Θεοῦ
688 2218 959 2290 ἀγαθότης
995 2217 1256 2289 μηνύεται
1280 2235 1293 2247 ·
1352 2219 1571 2290 Ἐπειδὴ
1593 2217 1722 2289 γὰρ,

137 2317 291 2388 φησὶ,
331 2315 488 2384 λόγος
523 2315 584 2367 ού
623 2312 876 2366 τοσοῦτον
910 2311 1247 2364 καθικνεῖται
1289 2310 1397 2363 τῶν
1441 2311 1724 2364 νουθετου-

139 2410 317 2481 μένων
365 2409 441 2473 ὡς
487 2405 763 2478 ἔγγραφος
815 2404 987 2476 φωνὴ,
1037 2403 1328 2475 ἐγγράφως
1373 2405 1570 2469 αὐτοὺς
1610 2405 1726 2458 δια-

140 2501 477 2572 μαρτύρεται
512 2500 742 2572 γράφων
782 2497 851 2551 τά
889 2497 1148 2568 μέλλοντα
1188 2497 1383 2560 αὐτοὺς
1426 2495 1727 2568 καταλήψε-

137 2592 368 2655 σθαι-,είς
392 2590 582 2658 πυξίον
617 2589 709 2644 καὶ
741 2589 820 2650 είς
852 2586 1074 2658 βιϐλίον.

221 2725 443 2796 ’Ᾰπειδὴ
473 2725 582 2796 γὰρ
627 2725 724 2779 καὶ
773 2721 910 2795 μετά
937 2723 1036 2794 τὴν
1078 2725 1282 2777 τούτων
1327 2723 1722 2794 προαγόρευσιν

139 2821 249 2884 τοῖς
307 2821 490 2884 αὐτοῖς
547 2821 895 2891 ἑπεμείνατε,
949 2819 1086 2890 μήτε
1137 2819 1230 2887 ἀφ’
1288 2817 1496 2872 ἑαυτῶν
1553 2837 1722 2873 κατα-

139 2913 432 2983 νοήσαντες
458 2911 526 2965 τά
570 2912 940 2983 συμφέροντα,
983 2912 1119 2982 μήτε
1167 2910 1320 2982 παρὰ
1358 2909 1470 2964 τῶν
1505 2928 1717 2982 προφηο

134 3001 246 3053 τῶν
306 3001 631 3072 θελήσαντες
689 3000 1086 3073 ὀμματωθῆναι
1135 3003 1216 3064 εἰς
1261 3000 1516 3073 θεωρίαν,
1587 3020 1717 3054 κατ-

136 3092 399 3163 εδράμετε
438 3093 494 3146 δὲ
531 3096 610 3156 εἰς
643 3092 915 3162 Αἴγυπτον
947 3093 1022 3157 ὼς
1055 3094 1133 3156 εἰς
1178 3093 1402 3164 ἰσχυρὰν
1443 3091 1716 3163 βοήθειαν’

135 3184 222 3238 διὰ
252 3185 413 3238 τοῦτο
444 3186 538 3240 καὶ
592 3185 660 3238 τὰ
711 3188 830 3240 κατ’
880 3186 1153 3253 Αἴγυπτον
1188 3185 1459 3238 ἀκούσατε
1485 3202 1497 3214 ·
1535 3187 1569 3255 ή
1609 3184 1717 3254 γὰρ

135 3277 450 3331 ἐλπισθεῖσα
499 3279 630 3350 παρ’
659 3279 812 3350 ὑμῶν
854 3278 1036 3350 ἄμυνά
1083 3295 1141 3331 τε
1191 3279 1286 3332 καὶ
1315 3277 1534 3349 βοήθεια
1559 3279 1719 3348 γενή-

139 3369 328 3424 σεσθαι
389 3371 517 3442 ὑμῖν
578 3370 750 3434 οὕτως
792 3371 942 3425 ἔσται
995 3370 1247 3439 ἀσθενὴς,
1308 3369 1497 3442 ὥσπερ
1523 3369 1718 3438 τεῖχος

137 3462 369 3525 πόλεως
395 3463 618 3515 πίπτων
643 3461 1023 3532 παραχρῆμα.

207 3597 320 3667 Οὐχ
350 3596 378 3648 ὁ
416 3596 732 3661 ἐπιπόλαιος
762 3599 1065 3669 στεναγμὸς
1100 3599 1194 3650 καὶ
1227 3599 1260 3668 ή
1296 3596 1388 3651 τοῦ
1423 3595 1716 3670 προσώπου

135 3686 455 3757 ἀποστροφὴ
502 3687 762 3758 ὀνίνησιν,
801 3687 915 3740 ἀλλ’
961 3691 994 3758 ή
1035 3688 1143 3741 τῶν
1185 3688 1403 3759 τρόπων
1447 3686 1716 3759 μεταϐολὴ

137 3778 230 3829 καὶ
282 3779 322 3848 ἡ
375 3777 484 3831 τῶν
539 3778 956 3849 ἁμαρτημάτων
1027 3777 1373 3849 ἀναχώρησις
1443 3779 1718 3851 σωτηρίαν

135 3870 609 3941 πραγματεύεται.
652 3899 698 3909 -
734 3869 845 3940 Τὴν
893 3869 1031 3941 μετὰ
1077 3871 1178 3940 τὴν
1222 3869 1569 3941 ἀναχώρησιν
1608 3869 1718 3922 τῶν

136 3962 553 4034 ἁμαρτημάτων
615 3961 863 4034 καθαρὰν
907 3961 1260 4033 συναίσθησιν
1308 3961 1540 4031 φάσκει·
1595 3961 1716 4014 τότε

133 4055 242 4124 γάρ
292 4071 379 4118 τις
423 4053 754 4124 ἐπιγνώμων
802 4053 995 4108 ἑαυτοῦ
1051 4054 1285 4124 ἀκριϐὴς
1312 4052 1484 4117 ἔσται,
1523 4054 1599 4105 ὅτ’
1626 4051 1713 4119 ἂν,

133 4144 326 4216 ὥσπερ
355 4144 510 4199 νόσου
539 4144 685 4208 τινὸς
714 4143 816 4214 τῆς
848 4145 1042 4216 ἡδονῆς
1067 4161 1127 4198 τε
1157 4144 1252 4198 καὶ
1273 4144 1714 4216 είδωλολατρείας

132 4237 492 4305 ἀπαλλαγεὶς,
547 4234 929 4307 καθαρώτερον
962 4236 1031 4291 τά
1063 4236 1168 4307 πρὸ
1212 4237 1400 4290 τούτου
1433 4237 1584 4306 αὐτῷ
1623 4253 1716 4289 πε-

132 4325 432 4398 πλημμελη
441 4326 578 4397 μένα
595 4327 690 4381 καὶ
714 4326 1031 4398 ἠσεϐημένα
1059 4326 1282 4379 κατίδοι.

200 4440 318 4512 Τὴν
345 4441 426 4504 εἰς
469 4441 620 4496 οὐδὲν
671 4441 863 4512 ὄφελος
895 4441 1080 4504 αὐτοῖς
1130 4439 1421 4511 κληθεῖσαν
1466 4440 1714 4512 βοήθειαν

127 4533 496 4604 προαγορεύει
520 4551 534 4564 ο
569 4534 684 4588 ἀλλ’
729 4535 795 4588 ἐκ
838 4533 933 4587 τοῦ
979 4533 1220 4588 ἐναντίου
1271 4533 1482 4603 ἑφόδιον
1533 4534 1699 4596 αὐτοῖς

1859 4538 2184 4608 nplorabant
2220 4551 2379 4607 opem
2422 4555 2438 4591 :

127 4624 324 4680 κακῶν
356 4626 674 4697 γενομένην,
715 4625 903 4698 ὥσπερ
937 4626 1025 4680 ἐπ’
1057 4626 1269 4680 ἐκείνου
1303 4625 1717 4697 καταφευξόμε-

126 4735 232 4783 νοι,
268 4721 384 4782 τοῖς
433 4735 493 4772 τε
548 4719 736 4783 ἵπποις
777 4719 985 4774 ἑαυτῶν
1026 4721 1352 4792 χρησόμενοι
1383 4721 1465 4784 εἰς
1515 4719 1716 4789 φυγὴν,

127 4810 328 4883 ἔμενον
371 4809 639 4864 ἀνένδοτοι
692 4811 786 4863 καὶ⁹
841 4812 1060 4884 ἀνήκοοι
1109 4814 1246 4884 πρὸς
1290 4813 1362 4866 τὰ
1412 4813 1566 4884 παρά
1609 4814 1718 4869 τῶν

127 4901 432 4975 προφητῶν
459 4901 753 4973 λεγόμεναο
794 4902 916 4957 ὅθεν
948 4903 1242 4972 γνώσεσθε,
1281 4903 1356 4966 ὼς
1389 4905 1587 4959 ἐκείνοι
1616 4908 1715 4959 αὐ-

124 4994 214 5048 τοὶ
234 4994 290 5046 oi.
335 4993 420 5062 ἐφ’
455 4993 600 5063 ὑμᾶς
655 4990 888 5058 ἐξιόντες
931 4993 1218 5064 ταχύτεροι
1263 4995 1354 5046 καὶ
1398 4997 1715 5068 κουφότεροι

126 5085 369 5149 ἔσονται,
403 5083 568 5156 σύνθη
578 5102 654 5156 μα
693 5087 1092 5159 συγχωρήσεως
1129 5085 1282 5158 παρά
1311 5086 1406 5140 τοῦ
1441 5088 1550 5142 τῶν
1580 5090 1714 5142 ὅλων

126 5178 264 5232 Θεοῦ
303 5177 620 5248 δεξάμενοι·
667 5179 824 5249 ὑμεῖς
873 5179 931 5232 δὲ
980 5179 1152 5249 δειλίᾳ
1204 5179 1710 5250 κατασχεθήσεσθε·

122 5269 304 5339 τόλμα
337 5269 445 5339 γὰρ
474 5271 567 5324 καὶ
593 5269 766 5324 δειλία
789 5272 918 5340 παρ’
958 5271 1124 5324 αὐτοῦ
1148 5271 1605 5342 χορηγηθήσεται.

197 5382 359 5437 Μετά
383 5384 584 5449 τοίνυν,
613 5385 764 5454 φησὶ,
791 5383 859 5436 τὰ
882 5384 1250 5456 ἀπειλούμενα
1274 5383 1548 5449 ἐκδέξεται
1572 5386 1715 5456 ὑμᾶς

124 5477 154 5530 6
187 5476 347 5540 Θεὸς,
382 5476 477 5529 καὶ
522 5478 783 5548 ἀναμενεῖ
819 5478 897 5540 εἰς
920 5474 1122 5538 οἶκτον,
1156 5478 1249 5532 ἐάν
1292 5495 1399 5551 περ
1452 5481 1713 5550 μετανοή-

124 5583 261 5640 σητε
285 5583 300 5597 ο
330 5567 379 5619 εἰ
406 5566 462 5621 δὲ
508 5569 812 5638 ἑπιμενεῖτε
849 5571 916 5640 τῇ
961 5568 1170 5622 ἑαυτῶν
1199 5569 1385 5643 κακίᾳ,
1432 5571 1712 5642 ἀσυγγνώ-

200 5725 440 5781 'Mattlt.
486 5745 572 5791 ιιι,
609 5730 672 5796 ’7;
699 5746 804 5792 xu,
835 5731 922 5796 31;
955 5747 1114 5794 χχιιι,
1153 5732 1239 5785 '55.

416 5825 685 5883 ΡΑτιιοι..
719 5826 836 5885 Gn.
865 5825 1097 5890 XVIII,
1188 5855 1196 5864 -

1837 527 2044 581 riorum
2084 526 2344 582 incursus
2379 527 2644 593 intendit,
2687 527 2890 597 quibus
2917 527 3169 597 oppressi
3193 527 3416 598 gravis-

1837 618 2006 673 simas
2033 618 2374 673 calamitates
2397 619 2765 688 pertulerunt.
2796 619 2952 689 Ipsos
2975 618 3162 690 igitur,
3194 627 3418 692 propter

1834 725 2048 764 morum
2096 711 2455 780 pravitatem,
2513 719 2567 766 et
2616 711 2806 769 leones
2852 721 3046 776 vocat,
3093 719 3149 767 et
3192 713 3408 768 catulos

1834 802 2052 857 leonum
2076 841 2090 866 ,
2129 810 2183 857 et
2216 803 2492 874 genimina
2522 805 2796 876 aSpidum.
2832 806 2907 861 Ita
2939 815 2992 862 et
3022 807 3215 863 beatus
3247 806 3416 863 Joan-

1833 911 1954 960 nes,
1987 893 2288 951 Salvatoris
2321 897 2495 952 nostri
2527 913 2857 968 praeeursor,
2889 899 3110 955 Judaeos
3135 913 3413 971 serpentes

1831 985 1986 1051 dicit,
2018 996 2073 1042 et
2104 987 2379 1057 genimina
2407 988 2715 1060 viperarum
2736 989 2779 1042 ⁸.
2814 988 2950 1061 (Ubi
2977 991 3130 1045 verba
3165 991 3276 1046 haec
3311 1007 3413 1046 non

1832 1098 1865 1135 a
1908 1081 2119 1136 Joanne
2151 1081 2240 1137 sed
2295 1083 2360 1136 ab
2412 1083 2527 1152 ipso
2582 1083 2797 1139 Christo
2849 1085 3224 1156 usurpantur.)
3266 1084 3414 1141 Prae—

1831 1175 2018 1229 sertim
2049 1189 2180 1230 vero
2221 1175 2497 1231 libidinosi
2541 1177 2667 1247 equi
2700 1176 3055 1242 exstiterant,
3090 1187 3145 1233 et
3180 1179 3286 1231 alia
3312 1193 3412 1232 no-

1831 1268 1977 1321 mina
2007 1268 2440 1338 usurpabantur,
2483 1269 2684 1340 quibus
2728 1269 3040 1326 declaretur
3071 1285 3260 1326 eorum
3292 1285 3412 1324 ma-

1830 1358 1970 1414 litia.
2021 1357 2114 1413 Sic
2165 1367 2219 1414 et
2252 1375 2402 1414 nunc
2451 1374 2634 1416 mores
2680 1375 2870 1415 eorum
2920 1359 3222 1424 deﬁniens,
3263 1358 3410 1416 feras

1827 1466 1922 1505 eos
1946 1459 2108 1506 vocat
2136 1452 2230 1521 qui
2261 1450 2672 1506 calamitatibus
2703 1451 2974 1521 oppressi,
3009 1465 3118 1505 non
3143 1450 3213 1506 ad
3236 1448 3406 1505 Deum

1828 1542 2220 1614 confugerunt,
2245 1544 2376 1598 doni
2404 1543 2675 1614 cujusque
2703 1551 3004 1610 auctorem,
3029 1543 3409 1614 bonorumque

1829 1631 2070 1701 fontem;
2119 1635 2214 1691 sed
2265 1635 2322 1689 in
2375 1635 2564 1690 asinos
2613 1643 2669 1692 et
2719 1635 2960 1690 camelos
3008 1634 3230 1690 divitias
3278 1649 3407 1690 suas

1827 1729 2189 1800 imponentes,
2209 1730 2532 1801 legationem
2560 1730 2631 1785 ad
2664 1730 2948 1804 :Egyptios
2979 1733 3262 1788 miserunt.

1900 1841 2066 1898 Vens.
2097 1842 2149 1898 8.
2179 1841 2486 1900 Confestim
2513 1851 2567 1901 et
2595 1853 2889 1916 antequam
2917 1862 3009 1903 res
3037 1855 3234 1904 eventu
3256 1861 3408 1904 com-

1828 1937 2110 2008 probetur,
2141 1937 2295 2007 jubet
2339 1938 2501 2004 Deus,
2550 1946 2786 1995 testante
2827 1940 3127 2010 prepheta,
3159 1941 3294 1995 nihil
3323 1941 3405 1996 eis

1828 2030 2200 2101 profecturum
2228 2032 2512 2099 auxilium,
2531 2033 2674 2103 quod
2706 2033 2776 2088 ab
2805 2032 3116 2089 hominibus
3148 2033 3250 2090 sibi
3279 2049 3406 2104 spe-

1829 2132 2106 2189 raverunt,
2137 2123 2228 2178 ubi
2258 2123 2398 2180 Deus
2428 2139 2586 2194 Opem
2621 2125 2992 2197 denegaverit.
3021 2124 3403 2182 —Commen-

1827 2215 1991 2270 datur
2037 2232 2256 2288 quoque
2297 2217 2388 2271 hic
2441 2231 2636 2289 magna
2679 2216 2775 2273 Dei
2827 2218 3244 2287 misericordia;
3279 2234 3404 2274 cum

1827 2308 1970 2363 enim
1994 2349 2008 2373 ,
2047 2309 2260 2380 inquit,
2297 2326 2402 2365 vox
2440 2305 2552 2365 non
2593 2317 2808 2365 tantum
2846 2311 3026 2366 valeat
3063 2311 3130 2366 ad
3157 2326 3402 2367 commo~

1827 2399 2035 2455 vendos
2068 2401 2283 2457 animos
2304 2442 2320 2466 ,
2367 2411 2636 2473 quantum
2667 2402 3017 2473 conscriptus
3050 2416 3264 2470 sermo,
3305 2419 3403 2474 per

1826 2491 2031 2561 scripta
2072 2505 2168 2546 eos
2212 2501 2522 2547 commonet
2553 2500 2609 2546 et
2638 2491 2988 2548 imminentes
3017 2491 3154 2564 ipsis
3179 2493 3403 2549 calami-

1826 2592 1967 2639 tates
2000 2599 2167 2654 super
2198 2584 2403 2639 huxum
2429 2591 2484 2640 et
2515 2585 2573 2640 in
2597 2585 2739 2642 libro
2765 2585 3048 2642 describit.

1897 2719 2065 2778 Vens.
2100 2721 2188 2776 12.
2219 2720 2471 2790 Quando,
2505 2723 2591 2778 his
2619 2723 2918 2794 praedictis,
2950 2722 3316 2779 nihilominus
3345 2722 3400 2779 in

1825 2812 2018 2870 iisdem
2048 2815 2478 2885 perseverastis,
2509 2831 2612 2873 nec
2647 2823 2844 2888 sponte
2877 2816 3034 2871 utilia
3068 2818 3400 2881 sentientes,

1825 2923 1926 2963 nec
1959 2909 2107 2978 passi
2156 2924 2256 2965 vos
2294 2925 2393 2981 per
2438 2910 2828 2981 prophetarum
2868 2909 3107 2965 visiones
3149 2909 3397 2974 edoceri;

1825 2999 1893 3055 ad
1941 3000 2227 3072 Egyptios
2280 3018 2408 3058 vero
2461 3001 2826 3074 confugistis,
2872 3002 3021 3056 velut
3066 3001 3132 3056 ad
3184 3001 3399 3060 ﬁrmum

1825 3093 2122 3160 auxilium;
2157 3093 2362 3149 idcirco
2388 3101 2442 3150 et
2466 3092 2846 3167 Egyptiorum
2885 3095 2994 3149 fata
3026 3095 3230 3151 audite.
3261 3093 3402 3152 Ecce

1825 3184 2114 3254 imperium
2158 3185 2292 3240 illud
2323 3200 2355 3239 a
2380 3201 2489 3256 quo
2519 3187 2846 3243 muniendos
2880 3203 2977 3243 vos
3017 3188 3402 3260 juvandosque

1825 3275 2145 3346 speravistis
2171 3317 2185 3341 ,
2221 3286 2332 3331 tam
2366 3276 2531 3332 inane
2553 3279 2696 3341 erit,
2731 3293 2895 3347 quam
2947 3294 3130 3332 murus
3156 3277 3399 3333 decidens

1823 3369 1998 3422 subito
2033 3368 2262 3422 civitatis
2300 3366 2491 3438 (Vens.
2523 3369 2632 3440 15).

1893 3589 2062 3646 Vens.
2100 3589 2188 3645 15.
2235 3589 2356 3645 Non
2389 3592 2658 3646 clamores
2674 3592 2774 3647 tibi
2808 3593 3130 3663 proderunt,
3163 3610 3266 3651 nec
3301 3613 3396 3667 ge-

1820 3687 2011 3750 mitus,
2042 3699 2144 3740 nec
2173 3689 2288 3739 oris
2317 3685 2628 3740 immutatio
2651 3727 2665 3753 ,
2695 3685 2790 3741 sed
2821 3687 3105 3743 conversis
3127 3688 3394 3756 moribus,

1820 3779 2079 3834 derelicta
2115 3785 2466 3849 peccatorum
2497 3779 2582 3833 via
2603 3819 2619 3846 ,
2652 3779 2887 3834 salutem
2929 3783 3303 3853 consequeris.
3327 3814 3396 3828 -

1821 3871 2143 3943 Repudiatis
2169 3872 2434 3942 peccatis,
2461 3881 2606 3928 recte
2631 3872 2763 3927 dicit
2785 3881 3022 3928 mentem
3055 3874 3353 3931 illuminari
3378 3895 3392 3944 ;

1819 3980 1944 4019 nam
1990 3973 2122 4022 tunc
2150 3974 2445 4022 accuratus
2473 3965 2584 4021 eris
2620 3965 2698 4019 tui
2733 3966 2909 4036 ipsius
2947 3967 3150 4036 judex,
3200 3985 3324 4024 cum
3365 3985 3396 4023 a

1819 4058 2186 4128 cupiditatum
2235 4057 2468 4129 imperio
2507 4064 2562 4112 et
2610 4057 2880 4112 idolorum
2937 4059 3119 4124 cultu,
3164 4062 3314 4117 velut
3365 4080 3395 4117 a

1816 4149 2010 4204 morbo
2062 4150 2358 4214 liberatus,
2414 4149 2611 4205 melius
2639 4164 2702 4204 ea
2729 4149 3026 4221 perspicies
3068 4167 3192 4222 qua:
3245 4155 3394 4224 prius

1818 4242 1937 4312 ipse
1969 4241 2273 4313 neglexeris
2302 4250 2357 4297 et
2383 4242 2702 4314 deliqueris.

1893 4444 2058 4499 Vens.
2093 4443 2181 4498 16.
2230 4443 2486 4499 Praedicit
2532 4445 2673 4501 nihil
2703 4445 2786 4502 eis
2833 4446 3200 4516 proiecturam
3229 4463 3395 4520 quam

2490 4537 2740 4608 quinimo
2772 4539 3040 4592 malorum
3072 4540 3278 4595 fontem
3312 4542 3396 4596 fu-

1814 4639 1997 4685 turam
2021 4671 2034 4695 ,
2075 4628 2221 4700 quod
2254 4629 2310 4682 in
2341 4644 2460 4684 eam
2494 4629 2687 4684 conﬁsi
2723 4637 2778 4685 et
2801 4631 2962 4701 quasi
2991 4632 3150 4703 equis
3177 4635 3294 4690 suis
3325 4636 3394 4689 ad

1817 4723 2002 4796 fugam
2026 4723 2213 4785 usuri,
2252 4722 2489 4776 indocile
2517 4730 2572 4776 et
2600 4723 2909 4777 contumaci
2945 4725 3130 4779 animo
3157 4727 3396 4797 prophe-

1818 4826 1998 4872 tarum
2049 4817 2212 4872 verba
2257 4814 2629 4869 fastidierunt.
2682 4813 2812 4869 ldeo
2859 4817 3207 4887 cognoscetis
3254 4820 3396 4875 cele-

1817 4912 1994 4964 riores
2041 4907 2255 4962 futuros
2289 4915 2344 4962 et
2386 4907 2652 4971 leviores,
2695 4908 2791 4977 qui
2821 4924 2920 4964 vos
2954 4922 3394 4982 persequentur;
3474 4915 3480 4921 ’

1818 5001 1936 5070 ipse
1981 4999 2129 5053 enim
2172 5013 2268 5053 eos
2312 4999 2524 5068 juvabit
2571 5014 2862 5069 supremus
2911 5017 3093 5057 rerum
3150 5005 3394 5059 omnium

1820 5091 2119 5155 Dominus,
2170 5105 2269 5145 vos
2312 5099 2494 5145 autem
2530 5091 2748 5146 invadet
2795 5101 3010 5160 metus;
3078 5110 3205 5151 nam
3252 5095 3394 5152 Deus

1820 5184 2050 5246 animos,
2077 5188 2237 5250 prout
2269 5181 2505 5247 libuerit,
2534 5182 2705 5253 eriget
2734 5190 2828 5236 aut
2860 5184 3146 5253 deprimet.

1891 5385 2058 5443 Vens.
2093 5387 2182 5443 18.
2235 5388 2523 5445 intentatis
2567 5391 2732 5461 igitur
2764 5392 2969 5457 minis,
3016 5394 3249 5465 excipiet
3297 5411 3392 5450 vos

1823 5480 1966 5535 Deus
1989 5520 2004 5544 ,
2044 5481 2256 5552 inquit,
2293 5490 2345 5536 et
2378 5485 2756 5540 misericordia
2806 5486 3013 5542 fovebit
3057 5487 3185 5543 dum
3216 5491 3366 5560 ρωπί

1822 5574 2046 5632 tentiam
2082 5575 2341 5648 egeritis;
2376 5577 2522 5646 quod
2569 5577 2614 5634 si
2662 5587 2840 5634 autem
2876 5581 2930 5635 in
2963 5581 3168 5637 malitia
3209 5599 3385 5654 perse-

3078 5833 3151 5890 142
