3824 6140
430 281 448 332 Ι
461 277 566 332 525

1625 268 1715 323 ΤΗ
1725 269 1977 329 EODORI
2018 267 2537 327 HERACLEENSIS

3549 279 3690 334 152*

425 391 744 450 veraveritis
788 396 1001 455 vestra,
1057 385 1562 443 Immisericorditer
1627 387 1836 444 meritis
1894 403 1991 441 vos

2115 404 2235 449 ςτως
2268 386 2324 437 ὲν
2350 387 2414 454 τῇ
2448 383 2625 454 κρίσει
2646 383 2751 437 τῶν
2775 385 2901 455 ὑμῖν
2933 386 3361 455 ἑτοιμασθέντων
3392 389 3692 461 ἐκδέξησθε

405 485 605 558 penis
632 481 826 538 aﬂiciet
855 500 867 536 :
897 479 1068 561 Judex
1096 478 1242 534 enim
1273 477 1514 532 omnium
1549 476 1711 532 Deus.

499 665 666 722 Vens.
701 665 790 723 l9.
842 662 1075 718 Sanctos
1109 667 1270 715 vocat
1311 657 1434 713 illos
1474 657 1566 726 qui
1603 671 1697 725 per
1731 654 1999 724 pmniten-

427 762 562 815 tiam
613 757 958 815 sanctitatem
1007 753 1111 808 sibi
1150 756 1629 820 comparaverunt.
1690 745 1998 800 Plorantem

424 853 727 910 Jerusalem
755 849 907 919 ﬁngit
931 845 1216 917 propheta,
1249 841 1394 915 quod
1422 854 1540 894 eam
1572 839 1752 909 reipsa
1784 837 2000 906 plorare

428 944 742 1000 misericors
775 941 991 996 animus
1021 942 1256 995 ontaret.

498 1058 665 1114 Vsus.
691 1055 782 1110 20.
816 1055 1141 1113 Jerusalem,
1173 1047 1259 1103 vel
1287 1045 1354 1100 ad
1387 1054 1600 1115 tempus
1626 1043 1792 1098 breve
1816 1039 1998 1094 tribu-

427 1150 726 1208 lationibus
766 1145 996 1208 alllicta,
1043 1151 1098 1196 te
1129 1139 1420 1210 gintelligas
1461 1136 1570 1192 Deo
1617 1135 1850 1190 alienam
1877 1145 2001 1186 esse

429 1244 664 1307 factam;
699 1238 766 1293 de
795 1251 905 1307 quo
932 1235 1025 1288 ubi
1059 1231 1240 1303 egeris
1269 1227 1650 1301 paenitentiam
1678 1263 1693 1290 ,
1723 1223 1793 1278 ab
1821 1222 1999 1277 homi-

394 1335 592 1390 lnibus
622 1328 946 1386 liberaberis
981 1325 1076 1400 qui
1109 1333 1164 1382 te
1188 1323 1488 1394 decipiunt.

498 1449 664 1504 Vens.
695 1431 808 1501 2i."-
839 1443 1115 1498 illuminat
1156 1438 1455 1496 Jerusalem
1505 1433 1572 1488 ad
1621 1427 2000 1504 agnoscendos

427 1553 678 1604 errores;
725 1533 1000 1592 vaticiniis
1058 1533 1208 1586 enim
1269 1527 1469 1585 ﬁdebat
1521 1539 1620 1596 per
1679 1523 2000 1591 deceptores

414 1630 678 1704 'prolatis.
711 1628 847 1684 Cum
881 1627 965 1682 via
1009 1624 1074 1679 ad
1101 1623 1379 1680 dexteram
1413 1619 1511 1673 tibi
1549 1624 1730 1680 esset,
1762 1615 1829 1669 ad
1861 1613 1999 1668 sini-
2026 1623 2033 1630 '

2031 1732 2072 1788 Β
2101 1701 2221 1755 ὁδοῦ
2251 1719 2331 1755 σοι
2371 1704 2737 1776 προκειμένης
2760 1705 2853 1758 ἐπὶ
2885 1705 2952 1759 τὰ
2984 1705 3156 1773 δεξιὰ,
3183 1708 3574 1778 ἀνεκάμπτετε
3601 1713 3692 1764 ἐπὶ

429 1731 598 1779 stram
658 1720 963 1784 deﬂexisti,
1015 1719 1098 1789 ab}
1142 1716 1265 1772 istis
1319 1713 1572 1776 seducta',
1625 1709 1758 1764 mihi
1818 1716 1998 1761 autem

430 1827 708 1899 nunquam
763 1808 1085 1874 credidisti,
1135 1817 1417 1876 nunquam
1462 1817 1547 1857 me
1599 1801 1654 1856 in
1705 1798 1995 1854 consilium

421 1905 526 1960 tibi
557 1902 870 1960 adhibuisti.

501 2085 768 2141 “3:15.22.
797 2079 1155 2137 lllustrandos
1182 2078 1386 2133 indicat
1422 2090 1510 2130 res
1545 2070 1742 2127 animis
1767 2081 1996 2123 conver—

425 2179 535 2245 sis;
556 2179 666 2248 jam
700 2193 832 2240 non,
858 2175 1054 2244 inquit,
1076 2173 1315 2226 vanitate
1340 2169 1608 2223 idolorum
1626 2158 1993 2232 decipiemini,

427 2270 522 2324 sed
555 2268 820 2336 dejicietis
859 2281 945 2330 ea,
983 2271 1037 2318 et
1061 2259 1458 2318 conculcabitis
1489 2272 1552 2312 ea
1574 2295 1588 2320 ,
1638 2263 1691 2310 et
1719 2250 1998 2323 apparebit

426 2375 614 2415 eorum
659 2358 1020 2423 imbecillitas,
1049 2366 1103 2409 et
1130 2361 1376 2408 stercore
1403 2351 1594 2404 viliora
1625 2345 1992 2400 habebuntur.

497 2473 660 2529 Vens.
695 2473 783 2528 25.
819 2472 1098 2527 Converso
1129 2469 1330 2538 populo
1361 2474 1414 2520 et
1452 2464 1722 2535 justitiam
1765 2467 1992 2530 agente,

427 2567 708 2621 solventur
769 2578 1109 2633 quaecunque
1186 2569 1508 2631 peccantem
1588 2553 1993 2625 opprimebant.

426 2659 676 2725 Quandiu
716 2659 859 2712 enim
891 2665 1113 2725 peccato
1145 2660 1200 2708 et
1232 2652 1392 2706 idolis
1435 2648 1774 2712 indulsislis,
1823 2644 1998 2698 fames

425 2766 522 2806 vos
564 2760 616 2805 et
660 2749 1099 2804 necessariorum
1151 2745 1334 2814 inopia
1366 2742 1678 2813 premebat;
1728 2740 1802 2792 ita
1850 2750 1998 2790 nunc

424 2857 548 2896 cum
579 2839 722 2896 idola
782 2838 1022 2908 fregistis
1043 2878 1057 2902 ,
1095 2843 1148 2891 et
1182 2836 1237 2890 in
1269 2835 1420 2888 nullo
1455 2832 1629 2903 pretio
1687 2827 1995 2889 habuistis,

426 2931 788 2988 servientibus
820 2929 924 2982 sibi
956 2927 1108 2981 dabit
1138 2924 1281 2979 Deus
1322 2922 1478 2977 vobis
1521 2919 1756 2990 pluviam
1795 2917 1996 2971 bonam

425 3034 477 3078 et
510 3023 693 3094 fruges
721 3036 912 3077 omnes
939 3029 1096 3074 terra:
1123 3017 1175 3071 in
1203 3031 1362 3070 usum
1391 3021 1664 3076 vestrum;
1699 3025 1820 3081 qua:
1840 3007 1998 3063 vobis

2101 477 2169 529 τὰ
2220 474 2511 546 ἀμοιϐαῖαο
2553 473 2744 545 κριτὴς
2790 473 2900 545 γὰρ
2934 475 3042 527 τῶν
3091 477 3306 530 πάντων
3357 479 3636 534 καθιεῖται
3667 484 3695 534 ὁ

2102 566 2327 638 Κύριος.

2184 659 2398 725 Ἀγίους
2423 658 2579 711 καλεῖ
2593 657 2720 721 τοῦς
2743 657 2830 711 διὰ
2859 658 2958 728 τῆς
2989 660 3277 729 μετανοίας
3302 659 3396 713 τὸν
3414 661 3692 732 ἀγιασμὸν

2102 747 2598 818 ἐφελκυσαμένους·
2629 747 2920 800 κλαίουσαν
2957 748 3013 801 δὲ
3047 753 3147 822 τὴν
3186 751 3550 822 Ἰερουσαλὴμ
3590 753 3693 804 εἰσ·

2101 839 2224 906 άγει
2255 840 2282 890 ὁ
2313 841 2616 909 προφήτης,
2650 837 3047 909 προανατυπῶν
3077 839 3243 911 αὐτὴν
3266 841 3531 912 τοιαύτην
3552 843 3691 895 κατα

2101 927 2226 982 νοῦν
2255 927 2448 981 ἐαυτοῦ
2483 932 2593 992 τοῖς
2619 929 2718 999 τῆς
2753 930 3096 1001 συμπαθείας
3121 932 3472 1003 σπλάγχνοις.

2174 1044 2311 1108 Ἵνα,
2344 1043 2446 1096 κᾶν
2470 1042 2601 1112 γοῦν
2647 1043 2784 1115 πρὸς
2817 1044 2995 1114 ὀλίγον
3038 1045 3303 1111 θλιϐεῖσα,
3335 1048 3526 1120 εὕροις
3565 1049 3692 1102 ἐαυ-

2101 1133 2198 1206 τὴν
2231 1135 2514 1206 ἀλλοτρίαν
2570 1134 2705 1188 Θεοῦ
2753 1139 3148 1207 πεποιηκυῖαν’
3185 1139 3269 1206 ἐφ’
3309 1133 3390 1202 οἷς
3421 1155 3692 1210 μετανοη-

2103 1227 2276 1298 σάσης
2304 1243 2418 1294 σου,
2443 1226 2802 1300 ἀπαλλαγήσῃ
2827 1227 2935 1282 τῶν
2965 1228 3290 1283 πλανώντων
3317 1247 3398 1284 σε.

2185 1426 2451 1495 Ὀμματοῖ
2483 1424 2580 1496 τὴν
2631 1425 2987 1499 Ἰερουσαλὴμ
3024 1428 3162 1500 πρὸς
3211 1431 3546 1500 κατανόησιν
3592 1433 3690 1504 τῆς

2107 1516 2241 1580 ἰδίας
2271 1517 2445 1587 αὐτῆς
2494 1517 2700 1590 πλάνης
2726 1537 2738 1550 ο
2773 1520 2963 1590 ὑπεῖχε
2995 1522 3104 1591 γὰρ
3148 1519 3345 1593 ἑαυτὴν
3395 1526 3513 1588 τοῖς
3553 1527 3681 1595 μάν-

2101 1626 2220 1662 τεσι
2258 1610 2587 1664 πιστεύουσα
2625 1613 2738 1676 τοῖς
2766 1616 2896 1686 παρ’
2935 1614 3161 1669 ἐκείνων
3209 1615 3567 1687 λεγομένοις·
3600 1620 3692 1672 καὶ

2099 1793 2169 1846 τά
2198 1793 2482 1866 ἀριστερὰ,
2523 1795 2748 1850 ἐκείνων
2795 1797 3274 1868 συμϐουλευόντων
3317 1817 3437 1854 σοι’
3477 1804 3608 1871 ἐμοὶ
3636 1803 3690 1855 δὲ

2103 1885 2307 1956 σαυτὴν
2350 1885 2606 1939 οὐδέποτε
2649 1885 2863 1950 ἀνέθου,
2902 1888 3022 1942 ούδὲ
3051 1887 3352 1960 σύμϐουλον
3383 1889 3497 1942 τῶν
3551 1906 3690 1962 πρα-

2099 1977 2270 2030 κτέων
2294 1975 2504 2041 ἔλαϐες.

2169 2066 2280 2138 Τὴν
2326 2068 2465 2138 μετά
2513 2067 2610 2140 τήν
2641 2068 2937 2139 ἐπίγνωσιν
2980 2071 3328 2142 συναίσθησιν
3386 2072 3683 2144 σημαίνει-

2098 2159 2193 2222 ὠς,
2217 2160 2432 2225 Οὐκέτι,
2457 2161 2640 2232 φησὶν,
2675 2161 2926 2226 ἀνέξεσθε
2956 2163 3056 2233 τῆς
3087 2164 3447 2236 ματαίοτητος
3477 2165 3592 2219 τῶν
3616 2170 3687 2220 εἰ-

2097 2252 2298 2306 δώλων·
2336 2253 2470 2307 ἀλλά
2499 2255 2860 2309 καταλάϐετε⁶
2888 2257 2980 2309 καὶ⁵
3001 2257 3338 2328 συντρίψετε,
3368 2258 3431 2311 τὸ
3458 2258 3686 2323 ἀσθενὲς

2099 2344 2275 2399 αὐτῶν
2297 2346 2622 2410 δεικνύντες,
2649 2349 2742 2402 καὶ
2763 2349 3004 2420 κοπρίων
3030 2349 3328 2421 ἀτιμότερα
3359 2351 3681 2422 ἡγούμενοι.

2168 2456 2250 2510 Τὰ
2282 2457 2350 2511 δι’
2384 2459 2657 2531 ἁμαρτίαν
2689 2461 3004 2531 ἐπαγόμενα
3037 2462 3105 2514 δι’
3132 2463 3474 2534 ἐπιστροφῆς
3503 2481 3565 2516 τε
3596 2464 3683 2516 καί

2098 2552 2440 2622 δικαιοσύνης
2467 2553 2669 2608 λύεται.
2699 2555 2908 2626 ’Ὠσπερ
2929 2555 3056 2627 γάρ,
3082 2557 3515 2628 ἁμαρτανόντων
3535 2556 3682 2626 ὑμῶν

2099 2643 2192 2696 καὶ
2217 2647 2329 2708 τοῖς
2354 2643 2590 2708 εἰδώλοις
2623 2645 3001 2712 δουλευόντων,
3043 2646 3196 2717 λιμὸς
3223 2649 3316 2700 καὶ
3349 2648 3551 2710 σπάνις
3575 2646 3682 2699 τῶν

2099 2732 2409 2801 ἀναγκαίων
2439 2735 2752 2805 ἐπεκράτειο
2779 2735 2970 2803 οὕτως,
3000 2738 3349 2807 ἐκκοψάντων
3371 2738 3444 2791 τὰ
3470 2737 3678 2802 είδωλα,

2099 2825 2194 2878 καὶ
2226 2825 2376 2878 οὐδὲν
2406 2827 2588 2879 ἐκεῖνα
2626 2827 2988 2898 ἡγησαμένων
3027 2825 3187 2891 εἷναι,
3223 2829 3360 2882 ἀλλά
3401 2829 3682 2882 δουλευόν-

2097 2933 2204 2969 των
2230 2917 2306 2988 τῷ
2352 2917 2492 2989 Θεῷ,
2528 2918 2687 2972 δώσει
2714 2920 2841 2990 ὑμῖν
2880 2921 2971 2974 καὶ
3013 2921 3164 2974 ὑετὸν
3205 2922 3430 2991 ἀγαθὸν,
3471 2924 3568 2976 καὶ
3617 2924 3681 2975 τὰ

2099 3007 2164 3060 ἐκ
2207 3007 2312 3078 γῆς
2347 3008 2524 3061 πάντα
2577 3010 2712 3082 πρὸς
2749 3010 3043 3064 ἀπόλαυσιν
3097 3012 3388 3084 ὑμετέραν,
3444 3014 3682 3084 Παρέξει

430 3074 688 3094 _-
730 3074 747 3077 -
863 3074 905 3076 η
1653 3074 1659 3076 ,
1718 3074 1732 3081 _

425 3114 802 3184 copiosissime
833 3111 1113 3181 largietur.
1151 3105 1382 3176 Pr0pter
1424 3118 1521 3158 vos
1561 3117 1686 3156 cum
1721 3102 1833 3156 sint
1881 3098 1996 3153 haec

2115 3074 2369 3172 rdtpvbvpi’v
2403 3102 2483 3164 είς
2511 3074 2670 3174 κόρον
2691 3119 2704 3134 ·
2735 3105 2796 3156 οὐ
2831 3104 2987 3174 μόνον
3016 3104 3073 3156 δὲ
3103 3074 3250 3176 ὑμῖν,
3269 3074 3417 3158 ’άλλά
3450 3074 3550 3159 καί
3571 3074 3684 3168 τοῖς

424 3207 642 3268 omnia,
703 3204 985 3258 vobiscum
1052 3215 1270 3270 quoque
1327 3199 1512 3267 vigent
1565 3203 1658 3247 aut
1715 3191 1996 3248 deﬁciunt.

423 3301 660 3369 Apparet
695 3298 858 3352 etiam
906 3311 971 3350 ex
1017 3295 1106 3349 his
1140 3292 1309 3346 Deum
1351 3305 1474 3346 esse
1521 3303 1706 3343 rerum
1751 3286 1996 3341 omnium

423 3390 774 3452 Creatorem,
803 3403 912 3442 non
961 3384 1242 3439 hominum
1294 3382 1488 3446 modo,
1523 3379 1618 3435 sed
1663 3376 1998 3433 omnimodo-

424 3497 546 3536 rum
575 3482 740 3538 etiam
773 3479 1114 3533 animalium.

507 3657 662 3712 Vens.
693 3655 783 3710 26.
839 3658 958 3710 Non
1005 3655 1212 3710 indicat
1259 3653 1351 3708 hic
1394 3653 1571 3706 lucem
1601 3655 1995 3706 eementorum

427 3749 728 3819 augendam
757 3765 902 3812 esse,
930 3747 1025 3804 sed
1055 3748 1322 3809 Iretitiam,
1351 3761 1471 3816 qua!
1491 3744 1685 3800 diebus
1714 3743 1822 3798 illis
1848 3745 1998 3813 ipsos

425 3843 630 3898 ederet.
674 3845 752 3897 ita
780 3843 927 3898 enim
969 3841 1322 3896 exsultabunt
1365 3838 1532 3892 animi
1563 3853 1788 3904 eorum;
1821 3845 1881 3891 ut
1916 3836 1998 3888 lu-

425 3951 550 3990 men
603 3934 711 3989 diei
757 3942 980 3989 auctum
1013 3933 1282 3997 credant,
1334 3938 1393 3984 ut
1436 3931 1723 3992 illustrior,
1756 3927 1998 3999 splendi-

426 4029 656 4098 diorque
702 4028 820 4082 dies
867 4027 1050 4080 lucere
1108 4024 1394 4089 videatur;
1457 4021 1803 4078 sanabuntur
1851 4018 1997 4074 enim

425 4122 590 4175 animi
619 4135 806 4176 eorum
832 4160 846 4183 ,
891 4119 1269 4188 spiritualibus
1297 4115 1573 4171 emendati
1615 4113 1999 4184 reprehensio-

427 4213 609 4275 nibus,
643 4227 673 4265 a
702 4208 907 4265 doloris
935 4210 1286 4264 tribulatione
1314 4205 1554 4262 liberati.

2102 3192 2354 3260 κτήνεσιν
2393 3193 2579 3264 ὑμῶν·
2616 3193 2682 3248 τὰ
2717 3194 2826 3267 γὰρ
2854 3195 2921 3248 δι’
2957 3196 3100 3267 ὑμᾶς
3129 3197 3394 3266 γενόμενα
3429 3199 3525 3250 καὶ
3560 3214 3686 3249 suv-

2098 3290 2419 3358 τιμωρεῖται
2450 3289 2546 3342 καὶ⁹
2584 3287 2940 3341 συναπολαύει
2974 3289 3080 3342 τῶν
3116 3289 3357 3357 ἀγαθῶν.
3391 3290 3686 3342 Δείκνυται

2097 3380 2153 3434 δὲ
2185 3381 2282 3434 καὶ
2331 3380 2418 3433 διὰ
2456 3380 2668 3443 τούτου,
2698 3381 2773 3443 ὡς
2802 3381 2830 3432 ὁ
2877 3379 3008 3443 Θεὸς
3050 3379 3159 3433 τῶν
3201 3380 3417 3432 πάντων
3451 3381 3688 3450 ποιητὴς

2099 3472 2458 3544 καθέστηκεν,
2488 3473 2547 3525 οὑ
2578 3473 2737 3544 μόνον
2762 3471 3061 3543 ἀνθρώπων
3083 3471 3218 3526 ἀλλά
3241 3471 3335 3525 καὶ
3361 3471 3522 3535 ζώων
3553 3489 3688 3525 παν-

2003 3571 2008 3575 ’
2097 3566 2362 3620 τοδαπῶν.

2181 3658 2442 3713 Ἐνταῦθα
2464 3659 2525 3712 ού
2561 3659 2876 3731 προσθήκην
2909 3657 3001 3712 τοῦ
3037 3658 3214 3727 φωτὸς
3247 3661 3356 3708 τῶν
3399 3655 3686 3724 στοιχείων

2098 3751 2264 3822 δηλοῖ,
2294 3751 2428 3805 ἀλλά
2458 3751 2557 3820 τῆς
2602 3751 3054 3822 καταληψομένης
3104 3749 3300 3811 αὐτοὺς
3338 3750 3398 3800 ἐν
3444 3748 3686 3808 ἐκείναις

2096 3846 2218 3906 ταῖς
2252 3843 2488 3913 ἡμέραις
2520 3841 2858 3913 εὐφροσύνης
2879 3857 2891 3869 ³
2922 3840 3064 3892 οὓτω
3104 3839 3212 3910 γάρ
3248 3841 3328 3902 είς
3358 3839 3684 3906 ἀγαλλίασιν

2097 3931 2452 3987 ἐπιδώσουσιν
2475 3933 2653 3986 αὐτῶν
2673 3934 2730 3985 αἱ
2760 3931 2951 4002 ψυχαὶ,
2976 3932 3051 3994 ὡς
3072 3931 3168 3984 καὶ
3191 3929 3519 4000 προσθήκην
3544 3931 3682 3994 ἕξειν

2097 4025 2292 4088 αὐτοὺς
2307 4023 2556 4095 ἡγεῖσθαι
2581 4023 2650 4076 τὰ
2664 4024 2818 4093 φῶτα
2849 4024 2946 4094 τῆς
2974 4022 3320 4094 ήμέρας,καὶ
3353 4021 3682 4094 λευκοτέρας

2100 4116 2282 4179 αὐτοῖς
2299 4117 2392 4169 καὶ
2409 4115 2767 4186 φαιδροτέρας
2781 4113 3116 4186 ὀφθήσεσθαι
3136 4113 3232 4177 τάς
3259 4115 3483 4185 ἡμέρας
3503 4132 3519 4146 ·
3541 4116 3681 4168 ῐασιν

2097 4208 2204 4280 γὰρ
2221 4207 2551 4272 ὲπιδέξονται
2574 4205 2714 4260 κατά
2725 4205 2922 4278 ψυχὴν,
2938 4206 3362 4278 θεραπευόμενοι
3379 4207 3514 4271 τοὺς
3528 4210 3681 4279 ﬁguli-

2099 4298 2229 4359 κοῦς
2244 4296 2328 4368 μώ
2335 4313 2486 4368 μους,
2505 4296 2600 4350 καὶ
2612 4296 3077 4368 ἀπαλλαττόμενοι
3091 4296 3186 4367 τῆς
3199 4296 3460 4360 θλιϐερᾶς
3472 4298 3678 4367 ὀδύνης.

498 4419 663 4476 Vsus.
691 4419 782 4476 28.
835 4419 1026 4474 Divina
1075 4416 1420 4487 provrdentia
1461 4419 1662 4469 cuncta
1700 4412 1812 4482 regi
1862 4424 1993 4464 con-

2169 4413 2282 4484 Τὴν
2308 4413 2449 4466 κατά
2475 4413 2694 4466 πάντων
2745 4411 3002 4466 θεοπτίαν
3030 4413 3133 4465 κάν
3172 4411 3349 4483 τούτῳ
3383 4413 3678 4476 δείκνυσιν,

428 4510 647 4564 ﬁrmant
684 4511 790 4564 ista
815 4549 830 4573 ,
866 4523 990 4562 cum
1025 4508 1108 4561 ira
1150 4505 1246 4561 Dei
1281 4519 1392 4559 non
1431 4501 1499 4557 ad
1529 4501 1750 4556 Judzeos
1781 4507 1994 4552 tantum

427 4610 674 4675 spectet,
717 4601 812 4657 sed
840 4609 893 4656 et
940 4599 1224 4670 suppliciis
1256 4597 1404 4668 ipsas
1437 4603 1628 4666 gentes
1673 4591 1892 4646 alliciat.
1929 4589 1996 4642 Ni

425 4697 566 4755 alios
599 4694 744 4749 enim
790 4692 1266 4762 reprehendisset,
1304 4689 1551 4744 licuisset
1596 4684 1863 4743 lsraelitis
1906 4683 1995 4738 di-

423 4802 556 4848 cere
579 4789 724 4843 solos
752 4795 971 4856 propter
998 4793 1217 4854 peccata
1247 4800 1277 4837 a
1300 4783 1411 4838 Deo
1446 4781 1652 4852 puniri.
1686 4779 1801 4833 Hoc
1834 4777 2000 4848 igitur

423 4889 489 4940 ut
515 4888 834 4951 praecaveat,
860 4885 1042 4932 monet
1063 4894 1121 4933 se
1146 4884 1335 4947 gentes
1360 4891 1578 4946 quoque
1599 4873 1996 4943 judicaturum,

425 4981 482 5028 et
514 4973 582 5027 ab
626 4974 706 5028 eis
760 4985 949 5042 poenas
996 4969 1353 5039 repetiturum
1401 4983 1496 5037 per
1541 4981 1782 5022 errorem
1832 4965 1996 5019 meri-

427 5073 531 5120 tas.

493 5243 660 5301 Vsus.
691 5241 784 5297 29.
814 5239 911 5294 His
937 5239 1204 5295 discimus
1237 5239 1398 5294 nobis
1428 5255 1538 5294 non
1568 5238 1719 5293 omni
1753 5245 1996 5307 tempore

423 5334 624 5388 laetitia;
671 5331 1064 5402 indulgendum
1113 5346 1271 5397 esse;
1337 5331 1450 5384 noli
1501 5330 1648 5385 enim
1697 5336 1892 5398 putare
1943 5335 1997 5380 te

423 5425 708 5495 splendida
758 5425 897 5480 festa
959 5425 1322 5490 celebrando,
1376 5433 1430 5479 et
1487 5425 1730 5478 animum
1779 5421 1995 5493 gaudiis

429 5517 794 5582 diliundendo,
813 5518 1114 5573 mercedem
1137 5519 1233 5572 tibi
1257 5519 1703 5586 promeriturum.
1719 5514 1836 5569 Non
1861 5529 1990 5584 pec-

427 5626 547 5666 care
576 5611 794 5681 quidem
825 5613 1039 5667 videtur
1060 5611 1151 5682 qui
1178 5611 1332 5666 festis
1352 5611 1691 5672 convivatur,
1723 5617 1778 5662 at
1799 5607 1996 5663 exinde

423 5702 728 5759 mercedem
778 5704 935 5759 nobis
985 5703 1226 5758 futuram
1286 5720 1355 5762 ne
1401 5719 1702 5774 speremus.
1737 5701 1994 5768 Quinimo

2100 4506 2302 4576 ὄτιοὺχ
2343 4504 2446 4568 ἕως
2487 4504 2691 4558 τούτων
2733 4506 2989 4575 στήσεται
3020 4505 3088 4558 τὰ
3137 4504 3238 4574 τῆς
3268 4505 3467 4577 ὀργῆς,
3501 4507 3683 4576 διαϐή-

2103 4615 2254 4651 σεται
2281 4598 2336 4651 δὲ
2371 4597 2466 4651 καὶ
2493 4599 2571 4661 είς
2602 4597 2669 4651 τὰ
2695 4597 2819 4668 ἔθνη
2855 4599 2888 4667 ἡ
2914 4597 3153 4668 τιμωρία
3173 4614 3184 4624 ⁸
3213 4598 3298 4650 ἵνα
3330 4597 3444 4670 γὰρ
3478 4599 3553 4669 μὴ
3593 4598 3680 4667 ἐξῇ

2100 4693 2212 4754 τοῖς
2250 4689 2613 4760 Ἰσραηλίταις
2657 4689 2836 4760 μόνοις
2863 4690 2968 4742 ὑπὸ
3001 4689 3096 4742 τοῦ
3129 4689 3264 4742 Θεοῦ
3301 4689 3682 4760 ἐλεγχομένοις

2101 4783 2278 4853 λέγειν
2311 4784 2508 4846 αὐτοὺς
2553 4783 2710 4854 μόνον
2752 4784 2842 4836 τὸν
2870 4783 3003 4836 Θεὸν
3033 4783 3124 4836 ἐπὶ
3167 4787 3279 4846 τοῖς
3317 4784 3680 4855 ἁμαρτήματι

2100 4877 2480 4949 τιμωρεῖσθαι.
2509 4877 2632 4946 οὐχὶ
2659 4876 2716 4929 δὲ
2742 4876 2837 4929 καί⁷
2863 4875 2930 4929 τὰ
2957 4875 3106 4947 ἔθνη,
3129 4877 3446 4942 ἀναγκαίως
3473 4880 3570 4930 καὶ
3590 4878 3679 4947 τὴν

2101 4970 2193 5022 ἐπὶ
2219 4969 2289 5022 τὰ
2317 4969 2443 5038 ἔθνη
2469 4967 2820 5039 διαϐήσεσθαι
2851 4968 3094 5022 ἐκδικίαν
3135 4969 3355 5038 φάσκει,
3392 4972 3493 5023 καὶ
3520 4989 3680 5024 κατα-

2101 5061 2368 5132 λήψεσθαι
2396 5061 2594 5123 αύτους
2618 5059 2716 5130 τὴν
2743 5062 2808 5112 ἐκ
2845 5059 2946 5130 τῆς
2994 5061 3311 5130 πλανήσεως
3346 5059 3510 5132 δίκην
3554 5079 3678 5130 προ-

2101 5153 2372 5224 ἀγορεύει.

2171 5244 2271 5297 Διά
2292 5242 2492 5296 τούτων
2531 5241 2913 5312 διδασκόμεθα,
2957 5243 3032 5305 ὡς
3061 5243 3122 5294 οὐ
3156 5242 3258 5314 χρὴ
3295 5243 3534 5296 πάντοτε
3565 5245 3676 5306 ui;

2100 5339 2315 5392 ἀνέσεσι
2340 5337 2550 5407 χαίρειν
2569 5354 2582 5366 ·
2611 5335 2731 5389 οὐδὲ
2761 5335 2869 5406 γὰρ
2896 5337 2952 5388 ἐν
2975 5339 3092 5398 ταῖς
3118 5337 3332 5406 ἑορταῖς
3359 5337 3679 5407 ἀμείϐοντες

2100 5430 2318 5500 ἐσθῆτα,
2355 5429 2448 5482 καὶ
2498 5426 2833 5496 διαχεόμενοι
2885 5425 2982 5496 τὴν
3026 5426 3202 5496 ψυχὴν
3252 5427 3309 5477 ἐν
3344 5427 3677 5498 εὐφροσύνῃ,

2097 5519 2172 5583 ὼς
2205 5518 2392 5590 μισθὸν
2425 5520 2555 5589 ἡμῖν
2587 5517 2877 5588 προξενοῦν
2907 5516 3304 5586 μεταδιώξομεν
3324 5533 3337 5544 ·
3371 5517 3493 5570 ἀλλ’
3517 5520 3566 5570 εἰ
3593 5519 3678 5570 καὶ

2099 5610 2478 5682 ἀναμάρτητον
2507 5609 2652 5662 δοκεῖ
2680 5605 2817 5662 εἶναι
2853 5609 2912 5662 τὸ
2946 5611 3003 5661 ὲν
3037 5612 3154 5672 ταῖς
3184 5612 3401 5680 ἑορταῖς
3458 5611 3682 5678 εὐωχεῖο

2102 5702 2242 5765 σθαι,
2280 5698 2392 5752 ἀλλ’
2427 5697 2543 5752 ούδέ
2569 5715 2672 5752 που
2701 5698 2774 5762 ὡς
2807 5698 2994 5769 μισθὸν
3028 5698 3189 5752 αὑτοῦ
3217 5699 3406 5752 τούτου
3431 5698 3681 5772 ληψόμε-
