3792 6150
148 345 286 403 1325

1591 336 1666 391 1N
1704 335 1958 391 ISAIAM.

3253 335 3386 389 {3‘26

145 479 227 514 νοι
252 457 578 530 ἐκδεξόμεοα
598 476 612 490 ·
641 457 801 512 ὁπότε
833 455 940 509 οἶδε
975 454 1237 515 πολλάκις
1270 451 1364 503 καὶ
1396 452 1554 524 ἑορτὴ
1585 453 1714 522 ἁμέ-

1841 450 2022 519 ίιερὶιιε
2059 449 2224 504 etiam
2273 463 2562 518 peccamus
2598 444 2728 503 cum
2775 449 2940 504 nimia
2987 449 3059 505 ibi
3109 451 3386 523 voluptate

143 569 290 622 τρως
309 553 389 614 είς
413 549 606 620 ἡδονὴν
633 548 921 620 ἐκχυθεῖσα
948 547 1042 600 καὶ¹
1066 543 1341 616 ἁμαρτίαν
1363 541 1710 614 προξενῆσαι.

144 646 238 696 Δεῖ
265 638 358 696 οῦν
406 642 658 712 ἀσμένως
707 640 906 712 μᾶλλον
933 639 1032 702 τὰς
1075 637 1280 706 θλίψεις
1312 635 1586 703 δέξασθαι,
1641 635 1716 696 ὡς

142 734 444 806 ἐμμίσθους
476 733 756 804 ἐσομένας.

216 829 291 882 Τὸ
341 827 666 892 ἐξάκουστον
692 825 790 895 τῆς
819 822 1119 895 μελλούσης
1162 820 1358 884 αὐτοὺς
1405 817 1718 889 καταλήιίιε⁸

146 922 270 976 σθαι
298 921 453 991 δίκης
473 920 623 992 δηλοῖ
644 919 672 970 ὁ
710 917 868 985 λόγος
889 934 902 947 ·
934 915 1053 968 ούδέ
1097 914 1206 985 γὰρ
1267 912 1342 976 ὡς
1385 912 1583 974 ἀδίκως
1628 912 1720 963 ἐπ-

143 1014 514 1085 αχθησόμενον
547 1010 728 1082 κρυφῆ
771 1007 864 1060 καὶ
899 1007 956 1059 ἐν
978 1004 1148 1075 γωνίᾳ
1176 1001 1571 1074 πραχθήσεται,
1602 999 1717 1056 ἀλλ’

145 1104 370 1175 ἔκδηλος
420 1101 569 1155 ἔσται
615 1102 726 1164 τοῖς
776 1099 906 1152 πᾶσι
938 1098 972 1168 ἡ
1015 1094 1156 1168 μετὰ
1206 1093 1412 1147 δικαίου
1455 1091 1719 1176 κρίματος

142 1196 282 1269 ὀργὴ
310 1193 642 1264 ἐπαγομένη.

214 1287 406 1355 Τοῦτο,
439 1285 581 1341 κατὰ
625 1285 734 1340 τῶν
773 1281 1073 1352 Ἀσσυρίων
1118 1279 1338 1350 ὀλέθρου
1386 1291 1722 1348 προαγορευ-

144 1382 351 1447 θέντος,
375 1380 472 1434 καὶ
498 1379 597 1448 τῆς
624 1379 744 1431 κατ’
772 1373 936 1429 αὐτοῦ
969 1374 1124 1445 δίκης
1146 1369 1498 1442 δηλωθείσης,
1526 1367 1721 1422 δικαιό-

142 1489 282 1525 τατα
312 1471 362 1524 οί
409 1468 736 1540 Ἰσραηλῖται
764 1462 1172 1528 ταλανίζονται·
1207 1461 1343 1533 πρὸς
1393 1460 1493 1532 μὲν
1531 1457 1721 1512 τοῦτον

146 1562 497 1634 ἐπτοημένοι,
536 1559 686 1632 παρὰ
736 1558 794 1610 δὲ
822 1555 1134 1625 Αἰγυπτίων
1163 1549 1518 1624 βοηθήσεσθαι
1563 1567 1726 1622 προσ-

141 1654 430 1718 δοκῶντες,
474 1654 569 1706 καί¹
621 1651 696 1723 μὴ
739 1647 1172 1717 καταφεύγοντες
1202 1645 1295 1698 ἐπὶ
1332 1643 1422 1697 τὸν
1449 1643 1557 1695 τῶν
1587 1642 1721 1695 ὅλων

142 1747 279 1801 Θεόν
313 1765 373 1801 τε
408 1745 502 1800 καὶ
531 1744 783 1815 Σωτῆρα,
811 1742 871 1795 ὃν
913 1742 1012 1811 οὑχ
1038 1737 1271 1810 ἡγοῦντο
1304 1735 1442 1808 πρὸς
1470 1734 1568 1806 τὴν
1597 1733 1722 1805 βοή-

144 1841 300 1895 θειαν
339 1837 519 1894 αὐτῶν
569 1836 944 1908 ἀνταρκέσειν,
981 1830 1117 1886 ἀλλὰ
1152 1833 1217 1902 τῇ
1266 1830 1375 1882 τῶν
1415 1829 1596 1881 ἵππων
1628 1825 1723 1879 καὶ

142 1933 410 2005 ἁρμάτων
436 1928 638 2001 πληθύῖ
680 1925 997 1989 πεποιθότες
1041 1923 1170 1995 παρ’
1209 1921 1432 1974 ἐκείνων
1482 1916 1723 1988 σωθήσε-

146 2026 272 2078 σθαι
308 2023 669 2097 προσεδόκων.

215 2117 328 2189 Τὴν
356 2117 534 2186 σοφῶς
562 2114 712 2186 παρὰ
744 2111 838 2167 τοῦ
879 2109 1014 2164 Θεοῦ
1052 2106 1398 2180 ἁρμόζουσαν
1430 2101 1723 2176 θεραπείαν

141 2207 264 2268 ταῖς
309 2204 509 2274 ψυχαῖς
553 2203 734 2258 αὐτῶν
783 2198 1258 2273 προσαχθήσεσθαι
1302 2195 1596 2266 σημαίνει·
1643 2193 1722 2246 ὅτι

144 2299 240 2353 καὶ
289 2297 432 2352 αὐτὰ
479 2296 650 2350 ταῦτα
701 2293 1004 2358 κακωτικὰ,
1059 2293 1248 2362 ὥσπερ
1286 2287 1491 2358 ἀγαθοῦ
1538 2285 1722 2358 ἰατροῦ

144 2391 509 2454 ἐκκόποντος
533 2389 686 2442 νόσον
714 2388 809 2441 καὶ
857 2387 1087 2456 ίωμένου
1127 2383 1524 2455 ἁμαρτήματα,
1555 2395 1726 2450 προσ·

147 2483 271 2552 ἀγει
293 2501 307 2514 ο
347 2481 525 2550 σοφῶς
553 2481 647 2534 τοῦ
678 2479 812 2534 Θεοῦ
840 2479 930 2533 διὰ
951 2478 1056 2532 τῶν
1077 2475 1374 2531 δοκούντων
1391 2470 1525 2526 εἶναι
1553 2471 1724 2541 λυπη-

148 2576 259 2647 ρῶν
310 2574 734 2644 σωφρονίζοντος
783 2573 906 2636 τοὺς
938 2569 1367 2642 ἁμαρτάνοντας,
1409 2566 1504 2620 καὶ
1537 2565 1723 2636 καιρὸν

149 2666 440 2739 μετανοίας
463 2663 844 2736 χαριζομένου.

231 2757 393 2812 Ἀλλὰ
440 2758 533 2810 καὶ
590 2753 992 2827 μετανοούντων
1039 2751 1369 2823 ὑπερασπιεῖ
1416 2749 1594 2823 ἡμῶν,
1631 2747 1725 2802 καὶ

146 2849 627 2921 ἀντιποιηθήσεται
679 2846 779 2916 τῆς
824 2843 1194 2917 Ἰερουσαλὴμ,
1241 2842 1331 2896 ἴσα
1361 2844 1475 2906 τοῖς
1519 2841 1726 2913 ὀρνέοις

147 2946 258 3006 τοῖς
291 2939 547 3012 βοηθοῦσι
569 2942 681 3003 τοῖς
706 2938 912 2993 ἐαυτῶν
944 2939 1176 2999 νεοττοῖς
1197 2953 1210 2966 ·
1241 2935 1334 2988 καὶ
1367 2933 1476 3004 γὰρ
1499 2934 1725 2986 κάκεῖνα

149 3035 278 3104 παρ’
305 3029 470 3086 αὑτοῦ
503 3030 745 3084 δέδεκται
774 3028 948 3083 ταῦτα
972 3028 1040 3081 τὰ
1069 3025 1271 3096 φυσικὰ
1301 3025 1633 3096 συνθήματα.

217 3126 358 3189 Τοὺς
384 3127 440 3178 ἐν
465 3125 577 3185 τοῖς
603 3126 790 3186 κακοῖς
819 3120 1222 3193 ἐμϐαθύνοντας
1248 3118 1344 3172 καὶ
1372 3119 1428 3171 ἐν
1450 3119 1562 3179 τοῖς
1587 3114 1725 3169 κατὰ

149 3214 279 3268 Θεὸν
327 3213 677 3276 ἐπιπολαίους
705 3211 1046 3281 ἐπιστρέφων
1071 3211 1100 3263 ὁ
1125 3209 1304 3277 λόγος,
1342 3207 1409 3260 τὰ
1439 3209 1560 3261 καθ’
1599 3207 1725 3259 ἐαυ-

148 3309 274 3372 τοὺς
306 3299 545 3379 συνορᾷν
582 3305 957 3377 συμϐουλεύει,
1005 3300 1242 3367 κακίζων
1293 3299 1471 3355 αὐτῶν
1504 3299 1596 3353 καὶ
1625 3299 1723 3370 τὴν

149 3399 496 3472 πεποίθησιν,
524 3399 590 3470 ἢν
624 3401 708 3452 ἐπ’
739 3396 1069 3467 Αίγυπτίους
1104 3395 1417 3465 ἐκέκτηντο.

230 3491 396 3545 Ἀλλὰ
419 3490 590 3545 ταῦτα
638 3492 755 3562 μέν,
786 3492 908 3544 ὅσον
935 3485 1067 3562 ἧκεν
1101 3490 1182 3552 είς
1222 3487 1319 3558 τὴν
1358 3486 1616 3558 ἱστορίαν,
1647 3485 1726 3547 εἰς

149 3584 238 3636 τὸν
275 3583 526 3649 Ἐζεκίαν
569 3583 922 3654 λεχθήσονται
943 3600 955 3612 ο
985 3581 1189 3652 κυρίως
1212 3581 1267 3632 δὲ
1306 3579 1624 3651 νοηθήσεται
1649 3580 1726 3640 εἰς

149 3676 316 3728 αὐτὸν
339 3675 432 3728 τὸν
459 3675 688 3746 Σωτῆρα
709 3692 722 3706 ι
751 3673 816 3727 ἵν’
859 3673 1076 3742 ἔχοιμεν
1105 3673 1265 3732 νοεῖν,
1293 3671 1376 3723 ὅτι
1414 3668 1475 3721 τὸ
1512 3666 1728 3738 ἀληθῶς

152 3765 427 3836 μακάριον
456 3764 608 3817 ἐσται
633 3765 746 3827 τοῖς
776 3761 1140 3834 προκεκοπόσι
1174 3761 1316 3814 κατὰ
1356 3759 1487 3812 Θεὸν
1515 3759 1609 3811 καὶ
1630 3757 1728 3828 τὴν

150 3857 262 3912 ἄνω
291 3855 448 3924 έΣιὼν
475 3857 703 3921 οἰκοῦσι,
738 3856 829 3910 καὶ
869 3854 1090 3925 βασιλέα
1138 3853 1600 3925 ἐπιγραφομένοις
1639 3851 1728 3906 τὸν

150 3948 359 4020 Κύριον
380 3946 538 4018 ἡμῶν
571 3944 779 4018 Ἰησοῦν
809 3945 1064 4017 Χριστὸν,
1102 3945 1182 4007 είς
1206 3943 1265 4007 όν
1296 3941 1440 3996 κατὰ
1463 3942 1564 4012 γῆν
1594 3943 1731 4012 ἡμε-

149 4039 316 4110 τέραν
339 4039 432 4092 καὶ
466 4041 499 4109 ἡ
528 4037 673 4108 ἄκρα
697 4035 1007 4105 δικαιοσύνη
1037 4034 1376 4105 νοηθήσεται.

219 4132 326 4184 Τὸν
351 4129 455 4193 τὰς
475 4128 694 4192 ἐντολὰς
721 4127 812 4181 τοῦ
837 4127 971 4180 Θεοῦ
993 4144 1058 4198 τη
1069 4127 1318 4197 ρήσοντα,
1348 4123 1440 4177 καὶ
1465 4122 1650 4192 ῶσπερ
1673 4123 1730 4174 ἐν

149 4222 332 4294 ἐαυτῷ
355 4222 483 4286 τοὺς
525 4221 718 4290 λόγους
740 4218 835 4274 τοῦ
882 4217 1017 4273 Θεοῦ
1062 4217 1485 4289 κατακρύψαντα
1530 4215 1621 4267 ἐπὶ
1648 4213 1728 4266 δι-

148 4315 435 4389 καιοσύνῃ,
463 4313 651 4368 τοῦτον
691 4313 784 4367 καὶ
810 4312 918 4366 ἀπὸ
946 4310 1116 4382 ὀργῆς
1153 4309 1498 4381 ἐπαγομένης
1529 4324 1730 4360 σκεπα-

152 4408 451 4480 σθήσεσθαι
471 4407 639 4479 δηλοῖ.

219 4503 364 4565 Τοὺς
409 4499 725 4572 Ἀσσυρίους
774 4495 1153 4567 ἐπικειμένους
1181 4495 1261 4556 εἰς
1300 4493 1554 4564 πόλεμον,
1601 4489 1730 4544 ἁκό-
1760 4509 1805 4564 D

147 4593 339 4646 λουθον
364 4587 432 4663 ἦν
459 4592 584 4654 τοὺς
617 4589 752 4660 πρὸς
779 4587 869 4640 τὸν
901 4586 1032 4639 Θεὸν
1061 4583 1330 4647 τείνοντας
1359 4583 1419 4636 τὸ
1447 4582 1600 4653 ὄμμα
1626 4597 1727 4634 κα-

146 4686 440 4756 ταφρονεῖν
467 4683 562 4754 μέν
583 4681 682 4752 τῆς
710 4678 1054 4749 ἀνθρωπίνης
1086 4675 1354 4746 βοηθείας,
1383 4673 1523 4742 λέγω
1547 4672 1609 4744 δὴ
1629 4672 1728 4743 τῆς

146 4777 256 4829 τῶν
281 4777 420 4844 Αἱγυ
431 4774 602 4826 πτίων
623 4788 636 4803 ο
665 4771 751 4825 ἐπ’
774 4770 933 4824 αὑτὸν
949 4769 1005 4822 δὲ
1029 4767 1126 4831 τὰς
1160 4766 1381 4828 ἐλπίδας
1407 4763 1725 4834 κεκτῆσθαι,

141 4871 242 4924 ,καὶ
267 4867 420 4938 αύτῷ
448 4865 733 4939 προσέχειν
767 4863 856 4915 τὸν
885 4860 1012 4914 νοῦν
1037 4877 1050 4890 ⁸
1079 4859 1205 4922 τοὺς
1228 4857 1337 4928 γὰρ
1363 4857 1626 4928 πρότερον
1649 4855 1726 4925 μὴ

145 4959 478 5029 δυναμένους
504 4956 595 5009 τὸν
616 4955 714 5024 τῆς
737 4952 1041 5014 θεοσεϐείας
1068 4947 1397 5020 διαρθρῶσαι
1428 4945 1581 5014 λόγον
1609 4946 1727 4998 τότε

146 5054 275 5125 ἐνῆν
315 5052 441 5104 ἰδεῖν
473 5047 732 5102 δύνασθαι
777 5047 947 5118 τρανῇ
977 5047 1042 5115 τῇ
1070 5042 1280 5112 γλώττῃ
1330 5039 1608 5110 ὁμολογεῖν
1638 5039 1729 5092 τὸν

142 5147 245 5216 τῆς
273 5146 498 5216 εἰρήνης
539 5139 863 5214 βραόευτὴν,
891 5138 984 5191 καὶ
1008 5135 1188 5189 οὐκέτι
1221 5132 1494 5204 αἱρεῖσθαι
1527 5131 1617 5184 τὸν
1637 5132 1731 5183 Αί-

143 5237 379 5303 γύπτιον
421 5231 600 5287 αὐτῶν
639 5231 847 5301 ἄρχειν,
894 5228 952 5280 ὃν
990 5225 1173 5297 μωρὸν
1219 5220 1442 5284 δικαίως
1474 5223 1506 5291 ἡ
1539 5221 1729 5291 Γραφὴ

149 5327 454 5396 ὠνόμασεν.

217 5416 328 5470 Τοῦ
363 5417 638 5487 τάγματος
684 5413 792 5466 τῶν
851 5411 1059 5483 ἀνδρῶν
1119 5409 1380 5476 ἀνηκοΐαν
1425 5405 1728 5466 νοσοῦντος,

152 5509 380 5577 μετάγει
414 5510 504 5559 τὸν
533 5506 690 5574 λόγον
713 5506 743 5556 ὁ
775 5505 1058 5576 προφήτης
1086 5505 1180 5556 ἐπὶ
1207 5503 1304 5564 τὰς
1327 5502 1613 5569 γυναῖκας,
1637 5497 1732 5549 καὶ

149 5598 462 5668 νομοθετεῖν
513 5595 654 5660 ἀξιοῖ
695 5595 896 5656 ταύτας
923 5611 935 5624 ο
991 5594 1083 5646 καὶ
1131 5592 1364 5662 μάλιστα
1411 5589 1508 5651 τὰς
1545 5584 1731 5656 κομώ-

151 5708 251 5753 σας
322 5689 556 5759 πλούτῳ,
589 5687 644 5740 αἶ
697 5685 790 5739 τοῦ
852 5685 948 5756 μέν
1009 5683 1216 5736 ἑαυτῶν
1279 5681 1484 5752 κόσμου
1533 5677 1732 5748 πολλὴν

149 5781 471 5852 ἐπιμέλειαν
535 5779 892 5850 ἐποιήσαντο,
958 5774 1139 5838 καθὼς
1204 5773 1299 5827 καὶ
1359 5776 1414 5826 ἐν
1465 5775 1577 5835 τοῖς
1634 5770 1732 5840 ἔμ-

1823 540 2179 595 detineamur.
2216 538 2619 596 Tribulationes
2671 541 2834 612 igitur
2869 542 3049 611 potius
3091 543 3383 613 suscipias,

1824 638 2007 700 utpote
2037 630 2224 700 plenas
2255 630 2521 686 mercede.

1891 805 2056 861 Vens.
2089 805 2180 861 50.
2209 804 2462 860 Auditam
2493 806 2702 861 scilicet
2724 806 2894 863 faciat
2918 808 3060 866 Deus
3090 809 3384 865 vindictam

1822 913 2012 960 suam;
2045 900 2246 971 quippe
2275 914 2396 970 quae
2423 914 2534 954 non
2583 912 2793 956 secreto
2834 910 2889 956 et
2933 903 2988 956 in
3033 904 3231 974 angulo
3262 903 3382 966 ﬁet,

1819 991 1976 1060 quasi
2015 999 2162 1047 esset
2195 1007 2333 1061 opus
2366 992 2616 1062 iniquum
2637 1033 2652 1057 ,
2684 992 2780 1048 sed
2808 995 3063 1049 omnibus
3098 996 3385 1066 perspicua

1817 1083 1924 1136 erit
1955 1082 2038 1136 ira
2071 1097 2195 1137 cum
2218 1083 2371 1153 justo
2399 1082 2608 1153 judicio
2631 1093 2879 1140 ventura.

1891 1261 2022 1318 CAP.
2059 1261 2260 1327 XXXI,
2296 1263 2462 1318 Vens.
2498 1264 2548 1317 l.
2583 1264 2720 1320 Cum
2751 1265 3100 1338 Assyriorum
3130 1268 3387 1326 incursus

1821 1354 2158 1425 praedixerit,
2189 1366 2242 1410 et
2273 1356 2571 1410 vindictam
2601 1357 2670 1411 ab
2701 1358 2821 1428 ipso
2855 1359 3212 1414 exercendam
3231 1401 3246 1427 ,
3271 1375 3387 1416 me-

1819 1448 1927 1502 rito
1969 1445 2112 1503 Deus
2142 1445 2416 1503 lsraelitas
2463 1446 2630 1502 dolet.
2677 1447 2811 1502 Nam
2853 1455 3076 1519 stupore
3105 1457 3386 1514 amentes,

1821 1546 1874 1594 et
1891 1538 2153 1593 auxilium
2171 1540 2239 1594 ab
2259 1537 2532 1610 Egyptiis
2566 1545 2970 1608 exspectantes,
2992 1539 3060 1593 ad
3088 1539 3257 1595 Deum
3277 1556 3388 1596 non

1821 1629 2184 1702 confugerunt
2251 1632 2493 1686 omnium
2552 1628 2842 1686 Dominum
2905 1639 2959 1687 et
3015 1632 3387 1698 Salvatorem,

1822 1724 1980 1794 quasi
2011 1722 2206 1778 fuisset
2247 1723 2411 1784 inane
2438 1723 2560 1794 ejus
2598 1724 2946 1794 praesidium;
2991 1725 3086 1780 sed
3124 1740 3390 1794 equorum

1753 1807 1796 1866 Β
1823 1822 1877 1871 et
1906 1830 2169 1870 curruum
2198 1815 2550 1871 multitudine
2577 1815 2789 1884 conﬁsi,
2814 1832 2872 1872 se
2893 1817 2962 1872 ab
2989 1817 3068 1872 eis
3098 1817 3391 1873 sal-vandos

1824 1919 1945 1960 esse
1975 1915 2348 1976 speraverunt.

1891 2082 2058 2140 Vens.
2089 2084 2147 2140 4.
2183 2084 2412 2142 Animos
2457 2101 2646 2141 eorum
2681 2085 2980 2156 prudenter
3014 2102 3046 2141 a
3075 2085 3188 2142 Deo
3221 2085 3392 2142 infor-

1823 2179 2052 2236 mandos
2099 2195 2224 2236 esse
2279 2179 2555 2248 declarat;
2608 2195 2737 2234 nam
2806 2180 3049 2235 vindicta
3093 2179 3188 2235 Dei
3246 2180 3393 2234 velut

1822 2272 2020 2328 medici
2055 2275 2341 2344 prudentia
2375 2275 2624 2329 morbum
2660 2273 2992 2338 recidentis,
3036 2281 3092 2329 et
3145 2273 3392 2330 sanantis

1822 2363 2078 2431 vulnera;
2128 2365 2404 2435 sapienter
2437 2371 2754 2435 peccatores
2801 2363 2869 2418 ad
2919 2364 3138 2420 saniora
3173 2375 3392 2420 revocat

1823 2453 1968 2510 Deus
1991 2495 2006 2520 ,
2041 2464 2094 2512 et
2124 2465 2340 2529 tempus
2368 2457 2701 2528 poenitentiae
2725 2466 3015 2527 praeparat,
3041 2456 3171 2511 dum
3199 2457 3393 2512 laedere

1823 2546 2058 2604 videtur.

1899 2724 2066 2782 Vsus.
2117 2725 2170 2780 5.
2215 2723 2600 2780 Paenitentiam
2657 2733 2878 2796 agentes
2928 2731 3174 2795 proteget
3222 2721 3390 2784 Deus.

1825 2827 1878 2875 et
1912 2817 2213 2875 Jerusalem
2250 2817 2526 2882 defendet,
2572 2817 2753 2872 avium
2807 2817 2875 2872 ad
2926 2830 3175 2871 normam
3219 2815 3396 2884 pullos

1826 2925 1956 2965 suos
2006 2910 2305 2966 foventium
2348 2928 2362 2976 ;
2421 2911 2596 2981 ipsam
2644 2909 2791 2966 enim
2832 2917 2987 2964 tanto
3046 2906 3226 2963 studio
3271 2919 3395 2976 pro-

1827 3002 2094 3072 sequitur.

1900 3091 2067 3147 Vsns.
2109 3092 2165 3146 .6.
2201 3092 2358 3148 Malis
2396 3092 2680 3148 demersos
2717 3099 2772 3147 et
2819 3091 3083 3161 impietati
3121 3092 3176 3147 in
3224 3093 3394 3148 Deum

1751 3159 1793 3216 (ἶ
1825 3182 2039 3238 deditos
2089 3186 2384 3248 allocutus,
2417 3193 2478 3238 ut
2529 3185 2634 3239 sibi
2683 3159 2974 3238 consulant
3024 3185 3215 3239 suadet
3264 3200 3391 3253 pro-

1826 3276 2008 3345 pheta,
2034 3283 2088 3331 et
2123 3275 2376 3331 ﬁduciam
2407 3278 2699 3346 exprobrat
2727 3292 2835 3346 qua
2871 3277 2925 3331 in
2958 3275 3228 3348 zEgyptiis
3255 3293 3391 3331 con-

1827 3367 2082 3421 ﬁdebant.

1897 3462 2028 3515 Car.
2065 3459 2278 3525 XXXII,
2326 3459 2489 3515 Vens.
2544 3461 2596 3514 l.
2641 3459 2916 3514 Historico
2963 3459 3183 3528 quidem
3227 3475 3391 3514 sensu

1827 3553 1942 3607 haec
1982 3551 2050 3606 ad
2089 3552 2378 3608 Ezechiam
2409 3560 2680 3623 speclant,
2712 3560 2858 3607 recte
2891 3560 3072 3607 tamen
3100 3553 3167 3608 ad
3213 3554 3388 3622 ipsum

1829 3644 2165 3700 Salvatorem
2206 3647 2532 3701 referentur.
2568 3646 2782 3702 Sentias
2817 3645 2985 3716 igitur
3031 3661 3157 3702 vere
3206 3646 3394 3702 beatos

1827 3758 1949 3797 esse
1975 3741 2068 3812 qui
2097 3741 2398 3796 secundum
2425 3739 2596 3795 Deum
2627 3741 2996 3811 profecerunt,
3022 3751 3075 3797 et
3097 3757 3394 3812 supernam

1831 3833 1962 3889 Sion
2016 3842 2309 3902 occupant,
2357 3841 2411 3886 et
2462 3848 2646 3903 regem
2698 3833 2900 3887 habent
2950 3831 3240 3887 Dominum
3297 3847 3396 3887 no-

1829 3939 2004 3983 strum
2079 3925 2266 3981 Jesum
2352 3925 2632 3979 Christum
2691 3926 2780 3979 cui
2850 3925 3013 3979 etiam
3107 3925 3163 3978 in
3236 3924 3396 3981 terris

1829 4032 2042 4072 summa
2066 4016 2278 4086 justitia
2309 4016 2586 4084 competit.

1900 4107 2063 4163 Vens.
2095 4107 2151 4160 2.
2184 4106 2444 4161 Homines
2481 4106 2574 4176 qui
2610 4115 2829 4161 servant
2868 4105 2962 4160 Dei
3003 4114 3297 4177 praecepta,
3341 4117 3397 4163 et

1827 4200 1922 4256 Dei
1964 4213 2243 4254 sermones
2282 4213 2394 4269 prae
2426 4197 2641 4267 justitia
2671 4197 2726 4252 in
2763 4200 3068 4270 semetipsis
3094 4202 3394 4265 occultant,

1830 4294 1898 4348 ab
1931 4294 2011 4347 ira
2037 4299 2263 4347 ventura
2290 4290 2661 4347 defendendos
2682 4291 2941 4346 declarat.

1908 4472 2067 4528 Vens.
2100 4471 2154 4537 ᾗ,
2184 4471 2235 4525 5.
2269 4469 2592 4524 lmminente
2616 4468 2960 4539 Assyriorum
2993 4466 3156 4532 bello,
3185 4483 3398 4537 aequum

1830 4571 1950 4620 erat
2016 4569 2077 4615 ut
2120 4560 2295 4615 oculis
2331 4561 2388 4614 in
2420 4559 2589 4612 Deum
2636 4557 2850 4621 intenti,
2901 4555 3195 4608 humanam
3240 4569 3399 4624 opem

1833 4666 2206 4725 spernerent;
2254 4669 2410 4722 opem
2465 4653 2589 4705 dico
2642 4648 3063 4719 Egyptiorum;
3113 4646 3168 4699 in
3220 4647 3400 4715 ipsum

1833 4764 1960 4803 vero
1995 4745 2356 4808 conﬁderent,
2399 4757 2567 4796 unum
2611 4756 2734 4795 eum
2779 4742 3143 4794 intuerentur.
3189 4737 3402 4808 Quippe

1831 4845 1923 4910 qui
1987 4841 2140 4909 prius
2183 4839 2279 4893 Dei
2330 4852 2526 4891 nomen
2589 4834 2680 4887 vix
2725 4831 2997 4888 haasitanti
3041 4832 3227 4902 lingua
3285 4831 3400 4886 bal—

1832 4934 2011 4989 butire
2052 4939 2365 5001 potuerant,
2405 4943 2554 4983 nunc
2602 4927 2823 4982 eosdem
2854 4925 3059 4978 videris
3099 4924 3399 4993 principem

1833 5028 1985 5098 pacis
2040 5025 2300 5080 distincta
2353 5037 2489 5077 voce
2542 5019 2858 5082 confessos,
2911 5028 2966 5072 et
3018 5015 3401 5088 Egyptiorum

1831 5119 2121 5189 imperium
2152 5117 2264 5187 jam
2299 5115 2658 5169 abhorrentes
2701 5127 2840 5182 quos
2875 5111 3070 5165 merito
3117 5109 3404 5179 Scriptura

1835 5211 2033 5266 stultos
2074 5215 2250 5263 vocat.

1783 5387 1792 5393 ’
1899 5391 2066 5446 Vsus.
2097 5389 2150 5444 9.
2197 5387 2332 5442 Cum
2377 5387 2620 5442 virorum
2664 5383 2800 5438 ordo
2847 5380 3218 5437 inobedientia
3246 5378 3403 5433 labo-

1835 5495 1938 5550 ret,
1975 5484 2232 5538 mulieres
2265 5481 2462 5534 aﬁatur
2503 5477 2790 5549 prepheta,
2836 5476 3066 5544 illasque
3104 5471 3408 5528 informan-

1835 5578 1934 5632 das
1967 5575 2197 5644 suscipit
2234 5593 2248 5641 ;
2287 5573 2588 5640 przescrtim
2623 5586 2754 5625 vero
2801 5567 3006 5622 divitiis
3040 5565 3405 5628 abundantes,

1836 5685 1955 5739 quae
1999 5683 2200 5739 corpus
2241 5681 2402 5720 suum
2444 5677 2659 5719 summo
2693 5660 2877 5717 studio
2918 5659 3293 5721 exornabant,
3329 5655 3409 5709 uti

1837 5773 1888 5819 et
1921 5777 2084 5836 supra
2124 5759 2386 5833 propheta
2422 5756 2765 5814 conﬁrmavit
2795 5773 2807 5786 ν
2840 5767 3029 5810 verum
3065 5758 3246 5806 autem
3287 5747 3409 5804 cul~
