3792 6150
407 276 543 328 9527

1618 267 1964 324 THEODORI
2004 266 2528 323 HERACLEENSIS

3512 272 3647 325 i328

398 405 538 459 tum,
595 393 935 464 spiritualem
993 392 1223 456 scilicet,
1287 390 1653 461 negligebant,
1694 405 1803 460 quo
1863 388 1965 442 sibi

2118 385 2304 456 ροσθεν
2338 386 2623 452 κατέλεξεν
2653 389 2682 438 ὁ
2719 387 3005 456 προφήτης
3025 403 3036 416 ’
3075 385 3168 440 τοῦ
3198 385 3255 439 δέ
3285 384 3523 456 ἀληθοῦς
3547 386 3646 454 ψυ-

395 488 628 545 salutem
668 485 901 541 fuissent
941 491 1269 540 consecuta.
1311 482 1460 548 Quas
1493 482 1658 553 igitur
1693 482 1841 536 velut
1883 497 1970 534 ex-

396 577 802 652 pergefaciens,
851 584 906 632 et
951 579 1202 653 excitans
1241 589 1492 630 sermone
1530 592 1542 627 :
1587 592 1604 623 ι
1637 573 1855 636 Audite,
1884 574 1968 625 in.

350 676 354 682 '
396 674 538 741 quit,
576 670 833 724 mulieres
866 669 1112 733 divites;
1160 685 1179 718 ι
1225 681 1334 720 non
1373 665 1522 734 ipsas
1571 680 1703 720 sane
1751 664 1970 718 divitias

400 767 738 832 insectatur,
782 771 971 833 utpote
1008 776 1131 831 quae
1166 760 1302 830 ipsis
1345 757 1564 812 fuerant
1617 772 1648 810 a
1688 756 1799 812 Deo
1847 771 1970 810 cre-

399 858 546 922 ditae,
584 855 679 912 sed
711 868 892 908 mores
921 853 1063 906 male
1092 851 1292 921 opibus
1318 848 1436 904 suis
1461 847 1754 902 utentium.

470 1034 636 1091 Vsus.
684 1035 767 1088 15.
790 1032 1001 1087 lndicat
1031 1031 1122 1086 hic
1153 1032 1308 1086 locos
1337 1044 1459 1096 esse
1494 1025 1966 1091 vastandos;nam

398 1126 644 1182 Cbermel
676 1139 832 1179 mons
864 1131 948 1178 est
981 1122 1262 1176 Samaria.

463 1240 592 1294 CAP.
631 1235 870 1300 XXXIII,
924 1223 1092 1290 Vens.
1136 1235 1189 1288 2.
1251 1234 1387 1289 Cum
1436 1234 1492 1288 in
1533 1232 1650 1286 dies
1691 1231 1863 1300 magis
1904 1244 1967 1284 ac

398 1331 568 1400 magis
615 1335 946 1399 angerentur
991 1325 1176 1396 populi
1230 1332 1474 1395 peccata,
1524 1337 1628 1377 nec
1683 1322 1847 1374 minis
1899 1320 1967 1373 ad

398 1421 769 1492 pmnitentiam
816 1420 1082 1482 deterriti,
1116 1433 1213 1474 nec
1261 1433 1356 1487 spe
1399 1417 1666 1471 bonorum
1729 1414 1795 1468 ad
1839 1414 1968 1484 pie-—

398 1522 558 1568 tatem
622 1514 872 1575 excitati,
917 1511 1296 1566 misericordia
1347 1518 1626 1579 permotus
1671 1508 1786 1576 ipse
1849 1521 1969 1575 pro-

398 1607 580 1678 pheta,
617 1606 760 1660 haud
803 1621 964 1660 secus
993 1618 1057 1658 ac
1089 1603 1134 1660 si
1169 1603 1282 1672 jam
1320 1617 1444 1656 eum
1480 1607 1729 1655 cerneret
1758 1599 1966 1653 meritis

399 1697 676 1768 suppliciis
703 1695 1028 1759 contritum,
1066 1693 1296 1748 salutem
1327 1692 1528 1745 civium
1563 1705 1591 1742 a
1626 1688 1735 1742 Deo
1772 1686 1962 1756 depre«
1995 1734 2037 1788 Β

397 1796 568 1843 catur.
602 1785 720 1853 Qua
771 1785 982 1840 ratione
1017 1784 1259 1838 declarat
1316 1783 1466 1853 ipsos
1514 1781 1590 1834 nil
1638 1781 1962 1834 intentatum

393 1875 885 1944 intemeratumque
939 1873 1262 1943 reliquisse,
1313 1887 1415 1926 nec
1462 1869 1610 1924 aliud
1672 1869 1777 1924 sibi
1835 1882 1965 1936 pro-

392 1969 679 2032 meruisse,
713 1967 818 2022 nisi
853 1981 1063 2037 pmnas.
1090 1964 1331 2035 Equum
1359 1972 1445 2018 est
1485 1971 1543 2017 ut
1579 1961 1739 2017 nobis
1770 1975 1965 2031 parcas

392 2068 444 2115 et
483 2059 798 2115 miserearis
826 2076 838 2088 ·
873 2059 930 2112 in
968 2066 1020 2112 te
1053 2059 1197 2112 enim
1229 2055 1576 2111 confidimus.

469 2233 630 2290 Vens.
677 2235 732 2290 5.
779 2233 905 2289 llaec
933 2232 1065 2288 dicit
1099 2233 1385 2304 propheta,
1417 2246 1527 2287 non
1574 2241 1633 2286 ut
1673 2229 1964 2299 .ndignan-

394 2333 500 2380 tem
534 2325 701 2380 Deum
725 2326 924 2396 placet,
958 2325 1052 2380 sed
1079 2334 1135 2379 ut
1162 2325 1420 2395 p0pulum
1453 2325 1667 2389 doceat,
1699 2321 1831 2392 quid
1861 2321 1966 2392 ipsi

394 2416 462 2470 ad
494 2417 938 2488 consequendam
967 2417 1199 2472 salutem
1231 2417 1500 2489 agendum
1535 2417 1626 2472 sit.
1658 2414 1789 2482 Qua:
1817 2415 1964 2468 enim

394 2509 478 2564 sui
527 2510 752 2564 conscio
794 2510 996 2580 populo
1038 2507 1105 2562 ad
1155 2507 1321 2563 Deum
1363 2508 1635 2562 fundenda
1679 2513 1858 2569 erant,
1897 2517 1964 2559 ea

395 2607 519 2655 vota
568 2598 700 2654 facit
750 2600 1016 2670 propheta
1066 2600 1211 2670 apud
1256 2615 1445 2655 eorum
1496 2599 1834 2664 Dominum;
1890 2595 1965 2650 ita

395 2695 595 2748 docens
646 2709 742 2749 eos
797 2693 926 2763 quid
972 2693 1078 2750 sibi
1125 2694 1212 2764 pia
1259 2703 1439 2748 mente
1489 2693 1754 2763 ﬂagitent,
1804 2698 1862 2744 ut
1912 2695 1967 2744 et

395 2787 495 2856 ipsi
542 2786 624 2841 vel
684 2786 1004 2856 prophetam
1054 2785 1286 2848 imitati,
1330 2799 1552 2839 causam
1606 2797 1760 2838 suam
1820 2778 1965 2850 apud

395 2875 560 2929 Deum
601 2883 785 2945 agant.

464 2986 628 3043 Vens.
669 2987 724 3043 5.
775 2987 1135 3058 Progressum
1179 2989 1402 3054 mentis,
1450 2995 1504 3043 et
1543 2987 1743 3043 bonam
1795 2978 1964 3037 animi

2072 477 2227 548 χικοῦ
2251 477 2547 547 κόσμου,δς
2571 478 2845 549 σωτηρίαν
2861 481 3051 541 αὐταῖς
3074 477 3369 548 προεξένει,
3385 477 3644 547 ἠμέλουν.

2072 567 2286 638 Ὥσπερ
2308 563 2402 620 οὖν
2431 567 2746 636 ἀφυπνίζων
2767 568 2934 631 αὑτὰς
2955 569 3048 622 καὶ
3069 567 3352 622 διανιστῶν
3378 568 3460 638 τῷ
3485 567 3646 638 λόγῳ,

2076 676 2094 709 ι
2145 659 2456 723 Ἀκούσατε,
2503 658 2730 728 ἔφασκε,
2766 661 3022 727 γυναῖκες
3061 659 3340 714 πλούσιαι’
3383 679 3404 712 ι
3439 660 3542 712 οὐκ
3573 662 3645 723 εἰς

2069 749 2297 803 πλοῦτον
2328 749 2495 814 αὑτὰς
2547 750 2945 814 ἀποσκώπτων,
2979 749 3036 814 ὃς
3061 751 3156 804 καὶ
3183 751 3344 814 αὐτὸς
3371 752 3532 822 παρά
3554 753 3642 805 τοῦ

2037 841 2204 895 ’Θεοῦ
2232 841 2456 907 ἐδέδοτο,
2480 840 2592 894 ἀλλ’
2627 843 2707 905 είς
2731 842 2928 913 τρόπον
2959 841 3068 896 τῶν
3100 843 3283 908 κακῶς
3319 843 3397 914 τῷ
3433 844 3644 914 πλούτῳ

2141 933 2388 986 ωμένων.

2141 950 2187 985 ω
2235 950 2388 986 ενων.

2068 950 2248 1094 χρΤήλν
2278 1023 2725 1095 καταληψομένην
2757 1026 2884 1088 τοὺς
2912 1027 3110 1090 τόπους
3141 1027 3377 1098 ἐρημίαν
3414 1027 3647 1081 ἐνταῦθα

2069 1116 2326 1186 σημαίνει
2347 1132 2360 1144 ·
2393 1115 2612 1187 Χερμέλ
2644 1121 2752 1188 γὰρ
2777 1117 2902 1188 ὅρος
2922 1119 3040 1170 ἐστὶ
3078 1118 3178 1188 τῆς
3203 1119 3544 1190 Σαμαρείας.

2138 1229 2234 1290 Είς
2259 1227 2539 1299 ἀπέραντα
2589 1230 3031 1301 παρανομοῦντος
3069 1231 3162 1285 τοῦ
3199 1231 3354 1295 λαοῦ,
3387 1232 3486 1285 καὶ
3515 1235 3645 1304 μήτε

2066 1322 2132 1391 τῇ
2160 1319 2269 1372 τῶν
2330 1319 2671 1393 σκυθρωπῶν
2711 1321 3015 1393 ἐπαγγελίᾳ
3055 1322 3463 1393 καμπτομένων
3514 1323 3646 1393 πρὸς

2070 1411 2378 1482 μετάνοιαν,
2415 1415 2553 1484 μήτε
2584 1415 2650 1484 τῇ
2689 1411 2797 1465 τῶν
2831 1413 3082 1485 χρηστῶν
3112 1413 3286 1466 ἐλπίδι
3309 1413 3648 1482 διεγειρομέ-

2067 1516 2172 1554 νων
2205 1500 2340 1572 πρὸς
2373 1499 2698 1567 θεοσέϐειαν,
2730 1503 2809 1564 είς
2853 1502 3196 1572 συμπάθειαν
3240 1502 3591 1572 κατενεχθεὶς
3620 1503 3648 1553 ὁ

2067 1593 2371 1663 προφήτης,
2394 1592 2470 1656 ὡς
2501 1593 2725 1664 μηδενὸς
2756 1595 2945 1666 ἑτέρου
2968 1594 3286 1665 λειπομένου
3310 1594 3343 1664 ἧ
3375 1595 3648 1665 τιμωρίας

2065 1685 2166 1754 τῆς
2197 1683 2603 1754 ἐπαχθήσεσθαι
2642 1686 2825 1753 αὐτοῖς
2858 1685 3156 1756 μελλούσης
3188 1687 3308 1741 κατ’
3345 1686 3531 1752 ἀξίαν,
3561 1687 3647 1738 εύ-

2065 1775 2165 1847 χὴν
2195 1777 2335 1848 ὑπὲρ
2356 1776 2535 1830 αὐτῶν
2563 1779 2878 1849 ἀναπέμπει
2908 1779 3046 1850 πρὸς
3067 1779 3158 1832 τὸν
3177 1778 3286 1832 τῶν
3313 1778 3458 1832 ὅλων
3484 1778 3644 1831 Θεόν⁸

2063 1868 2225 1923 τοῦτο
2249 1869 2448 1940 δηλῶν,
2487 1870 2570 1922 ὅτι
2598 1869 2669 1923 τὰ
2701 1871 2797 1941 μὲν
2838 1873 2968 1941 παρ’
2997 1871 3162 1925 αὐτοῦ
3199 1869 3309 1924 τῶν
3338 1873 3420 1934 είς
3450 1871 3647 1924 κακίαν

2067 1959 2557 2030 συμπεπλήρωται,
2604 1963 2699 2014 καὶ
2744 1962 2897 2016 οὐδὲν
2944 1964 3129 2035 ἕτερον
3173 1963 3647 2033 κεχρεωστήσεται

2064 2052 2246 2114 αὐτοῖς
2292 2052 2325 2121 ἢ
2355 2050 2478 2121 δίκη
2500 2067 2513 2081 ’
2555 2053 2714 2124 χρεία
2741 2053 2934 2107 δὲ’τῶν
2958 2053 3066 2108 σῶν
3099 2052 3396 2125 οἰκτιρμῶν
3427 2055 3526 2107 καὶ
3556 2051 3643 2106 τοῦ

2067 2142 2161 2195 σοῦ
2191 2141 2364 2205 ἐλέου,
2399 2143 2474 2206 ὡς
2501 2144 2595 2196 ἐπὶ
2618 2144 2700 2198 σοὶ
2728 2144 3063 2199 πεποιθότων

2137 2235 2322 2289 Ταῦτα
2341 2237 2398 2289 δὲ
2421 2239 2448 2290 ὁ
2474 2239 2758 2308 προφήτης
2784 2237 2991 2307 ἔλεγεν,
3017 2239 3112 2309 οὐχ
3137 2239 3213 2301 ὼς
3233 2236 3646 2306 ἀγανακτοῦντα

2064 2328 2155 2381 τὸν
2167 2328 2299 2383 Θεὸν
2314 2329 2604 2395 διδάσκων,
2634 2330 2746 2384 ἀλλ’
2773 2330 2849 2396 ὡς
2862 2331 2941 2402 τῷ
2950 2331 3063 2402 λαῷ
3080 2332 3379 2402 προφάσεις
3391 2328 3642 2400 παρέξων

2068 2420 2178 2474 τῶν
2197 2420 2511 2492 ἀρκούντων
2538 2424 2723 2487 αὐτοῖς
2741 2425 2820 2486 είς
2852 2426 3143 2495 σωτηρίαν.
3169 2423 3357 2492 Ἀγάρ
3375 2420 3646 2491 ὲχρῆντὸν

2066 2512 2191 2565 λαὸν
2218 2513 2356 2584 ὑπὲρ
2377 2515 2570 2568 ἐαυτοῦ
2588 2517 2668 2579 εἰς
2701 2515 3053 2585 συναίσθησιν
3079 2514 3368 2586 ἐρχόμενον
3395 2513 3536 2584 πρὸς
3555 2512 3643 2565 τὸν

2065 2604 2198 2657 Θεὸν
2244 2604 2442 2675 λέγειν,
2472 2606 2624 2659 ταῦθ’
2651 2610 2679 2661 ὁ
2719 2609 3005 2679 προφήτης
3048 2609 3127 2669 εἰς
3174 2607 3414 2676 ἐπήκοον
3468 2604 3641 2658 αὐτῶν

2067 2696 2357 2767 εὐχόμενος
2394 2698 2673 2752 ἐδίδασκεν
2704 2699 2902 2762 αὐτοὺς
2939 2697 3280 2770 ἐρανίζεσθαι
3314 2697 3407 2750 τὸν
3445 2696 3640 2766 εὐσεϐῆ

2067 2788 2190 2841 νοῦν
2211 2805 2223 2818 ⁸
2251 2789 2337 2842 ἵνα
2365 2790 2461 2844 καὶ
2489 2790 2664 2855 αὐτοὶ,
2691 2789 2792 2844 κᾶν
2824 2791 2953 2858 γοῦν
2987 2790 3359 2862 μιμησάμενοι
3385 2789 3482 2840 τὸν
3515 2804 3642 2857 προ-

2067 2885 2263 2956 φήτην,
2295 2885 2434 2955 ὑπὲρ
2465 2885 2671 2938 ἑαυτῶν
2710 2885 2846 2956 πρὸς
2875 2885 2965 2937 τὸν
2997 2884 3130 2937 Θεὸν
3159 2882 3520 2952 φθέγξωνται.

2138 2997 2426 3070 Προκοπὴν
2459 2998 2733 3064 διανοίας,
2780 2997 2874 3050 καὶ
2918 2997 3154 3069 δίδαγμα
3200 2995 3382 3067 ψυχῆς
3441 2995 3646 3065 ἀγαθὸν

395 3079 697 3134 doctrinam
752 3079 956 3133 indicat
1024 3094 1266 3150 praesens
1321 3079 1437 3135 haec
1502 3079 1766 3150 precatio.
1823 3074 1960 3130 Nam

2111 3092 2212 3164 ’γλοῖ
2263 3093 2297 3164 ή
2356 3093 2689 3164 προκειμένη
2752 3091 3041 3164 προσευχὴ.
3098 3091 3208 3160 Οὐχ
3258 3090 3335 3154 ὡς
3384 3090 3499 3162 γὰρ
3553 3091 3643 3144 τοῦ

395 3173 535 3227 Deus
559 3185 668 3226 non
703 3185 767 3226 eo
803 3173 949 3242 quod
992 3171 1251 3242 procedat
1295 3172 1350 3225 in
1399 3171 1712 3234 sanctitate,
1738 3180 1961 3226 sanctus

396 3271 639 3326 vocatur,
693 3266 787 3318 sed
824 3263 942 3334 ipse
974 3263 1067 3333 qui
1113 3269 1370 3334 precatur
1400 3261 1614 3332 proﬁcit
1657 3263 1714 3316 in
1759 3262 1964 3316 sancti-

394 3363 540 3422 tate,
594 3364 649 3412 et
687 3355 1030 3426 maiestatem
1073 3355 1574 3425 sublimitatemque
1616 3353 1713 3410 Dei
1760 3353 1964 3408 intelli-

393 3450 577 3522 gentia
618 3450 995 3519 consequitur.
1032 3447 1185 3502 Tunc
1213 3447 1360 3502 enim
1405 3446 1708 3516 praesertim
1738 3453 1963 3500 sanctus

392 3555 519 3595 vere
569 3548 624 3594 et
673 3540 924 3596 sublimis
971 3554 1094 3594 esse
1145 3537 1288 3594 Deus
1341 3547 1687 3609 agnoscetur,
1745 3535 1964 3605 quando

392 3632 685 3704 perfectior
716 3633 929 3687 animus
967 3630 1258 3701 perspiciet
1281 3629 1430 3699 justa
1459 3645 1582 3686 esse
1615 3635 1814 3683 cuncta
1851 3627 1965 3683 veri

393 3725 490 3780 Dei
518 3723 747 3793 judicia.
776 3723 906 3788 Quae
939 3723 1159 3794 quidem
1190 3739 1335 3778 nunc
1361 3723 1426 3778 ad
1457 3721 1782 3786 Jerusalem,
1817 3735 1966 3775 nunc

395 3814 463 3867 ad
503 3829 718 3869 omnem
757 3821 1064 3868 creaturam
1097 3821 1362 3884 spectant.
1393 3811 1594 3867 Poenas
1623 3812 1767 3867 enim
1801 3812 1967 3865 dabat

397 3905 548 3969 urbs,
576 3920 688 3959 non
727 3913 786 3960 ut
827 3904 1071 3961 funditus
1102 3916 1409 3971 erueretur,
1445 3906 1540 3961 sed
1581 3914 1640 3960 ut
1679 3903 1966 3960 erudiren-

398 4000 509 4058 tur,
552 4001 1107 4067 converterentnrqne
1139 3996 1329 4051 incola:
1358 3996 1498 4067 ejus.

467 4103 635 4161 Vens.
666 4107 720 4161 9.
752 4105 926 4164 Locos
955 4124 1053 4179 pro
1086 4110 1333 4166 locorum
1367 4109 1672 4166 cultoribus
1705 4117 1968 4181 usurpat;

397 4212 564 4253 sensu
596 4199 842 4252 carentia
885 4200 941 4253 in
972 4202 1211 4256 medium
1254 4200 1486 4274 profert,
1517 4210 1575 4257 ut
1625 4219 1792 4259 sensu
1832 4218 1970 4272 prae-

397 4289 546 4343 ditos
612 4288 825 4358 pudore
885 4289 1128 4358 alliciat;
1173 4307 1295 4362 quae
1348 4293 1496 4348 enim
1538 4293 1606 4348 de
1654 4294 1971 4349 hominibus

2063 3183 2199 3236 Θεοῦ
2230 3187 2308 3247 εἰς
2353 3184 2622 3255 ἀγιασμὸν
2657 3185 3084 3256 προκόπτοντος,
3107 3183 3169 3235 τὸ
3208 3182 3380 3251 ἅγιος
3402 3182 3644 3252 ἐλέγετο,

2064 3273 2176 3326 ἀλλ’
2227 3272 2390 3326 αὐτοῦ
2428 3272 2521 3325 τοῦ
2555 3272 2989 3344 προσευχομένου
3032 3273 3112 3335 είς
3139 3272 3414 3342 ἀγιασμὸν
3444 3289 3646 3344 προκε-

2065 3367 2293 3429 κοπότος
2320 3405 2333 3429 ,
2394 3367 2488 3419 καὶ
2551 3367 2611 3419 τὸ
2661 3366 2945 3437 μεγαλεῖον
2980 3366 3074 3418 τοῦ
3111 3365 3247 3419 Θεοῦ
3294 3367 3391 3419 καὶ
3436 3367 3646 3440 ὑψηλὸν

2066 3456 2482 3528 κατειληφότος·
2516 3457 2637 3510 τότε
2683 3457 2792 3528 γὰρ
2833 3458 3067 3529 μάλιστα
3102 3457 3322 3528 ἀληθῶς
3356 3460 3517 3527 ἅγιος
3556 3463 3649 3513 καὶ

2067 3548 2268 3620 ὑψηλὸς
2295 3548 2511 3621 νοηθείη
2563 3545 2699 3602 εἶναι
2741 3549 2890 3612 Θεὸς,
2920 3550 2996 3602 ὅτ’
3035 3548 3100 3603 ἂν
3143 3549 3474 3620 προκύψασα
3504 3551 3647 3622 ψυχή

2065 3638 2226 3691 ἐνίδοι
2265 3639 2356 3692 τὸν
2403 3637 2572 3703 ὅντως
2623 3639 2753 3692 ὄντα
2799 3639 2931 3693 Θεὸν
2984 3639 3208 3703 δικαίως
3257 3641 3522 3711 μετιόντα
3554 3644 3651 3704 τὰς

2065 3730 2304 3803 κρίσεις’
2362 3730 2521 3784 τοῦτο
2568 3732 2665 3802 μὲν
2716 3732 2802 3783 ἐπ’
2852 3731 3023 3800 αὐτῆς
3068 3731 3168 3802 τῆς
3246 3732 3648 3804 Ἰερουσαλήμ,

2064 3821 2224 3875 τοῦτο
2249 3822 2305 3876 δὲ
2354 3824 2446 3876 ἐπὶ
2477 3823 2584 3876 τῶν
2627 3823 2885 3876 καθόλου*
2919 3823 3234 3878 ἐπαιδεύετο
3261 3825 3374 3895 γὰρ
3422 3829 3457 3896 ἡ
3497 3827 3649 3889 πόλις

2065 3915 2166 3967 οὐκ
2207 3917 2287 3978 είς
2336 3915 2573 3986 παντελῆ
2618 3914 2991 3986 ἐξολόθρευσιν
3017 3955 3033 3981 ,
3087 3916 3200 3969 ἀλλ’
3235 3920 3316 3981 είς
3350 3918 3650 3990 θεραπείαν

2069 4004 2163 4057 καὶ
2192 4003 2527 4077 ἐπιστροφήν
2569 4004 2678 4058 τῶν
2709 4005 3060 4059 ἐνοικούντων
3093 4009 3283 4079 αὐτήν.

2137 4114 2276 4177 Τοὺς
2309 4115 2505 4177 τόπους
2541 4115 2662 4169 ἀντὶ
2711 4114 2818 4170 τῶν
2850 4118 3150 4189 οἰκητόρων
3189 4119 3649 4191 παραλαμϐάνει,

2069 4207 2164 4260 καὶ
2213 4206 2281 4260 τὰ
2314 4206 2615 4276 ἀναίσθητα
2663 4208 2924 4278 αίσχύνην
2949 4207 3059 4262 τῶν
3086 4210 3397 4282 αἰσθητῶν·
3434 4214 3508 4268 τὰ
3547 4213 3649 4284 γάρ

2068 4297 2376 4368 ἁρμόζοντα
2417 4301 2504 4351 ἐπ’
2543 4299 2845 4371 ἀνθρώπων
2895 4301 2996 4372 τὴν
3037 4302 3244 4357 ἑαυτῶν
3276 4303 3501 4378 πληγὴν
3530 4323 3650 4360 πεν-

397 4380 652 4434 valebant
703 4387 907 4436 sortem
973 4397 1130 4438 suam
1179 4384 1530 4450 dedentibus,
1578 4401 1641 4441 ea
1695 4385 1766 4440 ad
1815 4387 1965 4441 locos

2111 4388 2304 4443 ούντων
2325 4429 2340 4453 ,
2373 4390 2545 4444 ταῦτα
2583 4392 2890 4462 μετήγαγεν
2919 4393 2947 4444 ὁ
2977 4393 3132 4462 λόγος
3174 4397 3265 4448 ἐπ’
3291 4397 3498 4462 αὐτοὺς
3529 4401 3649 4461 τοὺς

398 4472 548 4542 ipsos
598 4472 766 4528 refert
815 4475 1256 4546 ingemiscentes,
1295 4476 1710 4548 propemodum,
1751 4485 1804 4534 et
1840 4493 1968 4548 par-

398 4562 687 4628 turientes,
719 4571 777 4618 ut
804 4569 878 4620 ait
918 4565 1252 4637 Apostolus9
1281 4587 1296 4636 ;
1348 4583 1582 4639 quorum
1605 4569 1768 4624 simul
1802 4568 1966 4623 deso-

398 4651 658 4710 lationem
704 4668 970 4712 memorat
1014 4659 1268 4715 omnibus
1317 4661 1670 4732 perspicuam
1734 4660 1965 4717 manife-

399 4752 648 4816 stamque
677 4747 934 4802 futuram.

470 4857 636 4915 Vsus.
684 4860 768 4914 15,
818 4859 1083 4928 Populum
1125 4864 1465 4934 opprimente
1513 4865 1620 4922 Deo
1668 4882 1767 4936 per
1798 4867 1968 4939 Assy-

398 4951 537 5017 rios,
575 4968 682 5008 non
720 4951 917 5007 vicinia
965 4961 1176 5010 tantum
1215 4959 1530 5028 stupebunt,
1564 4961 1657 5015 sed
1697 4968 1750 5014 et
1775 4962 1868 5030 qui
1901 4963 1968 5016 de

400 5041 559 5112 longe
609 5041 872 5110 audient;
943 5047 1352 5104 confundentnr
1413 5051 1565 5121 impii
1636 5051 1692 5105 in
1749 5050 1969 5108 Jerusa-

398 5132 524 5187 lem.
544 5151 546 5190 :

471 5313 598 5368 CAP.
630 5313 872 5380 XXXIV,
900 5315 1068 5373 Vens.
1104 5319 1192 5386 l2,
1223 5322 1307 5376 i5.
1334 5321 1647 5394 Rhapsaces
1673 5325 1876 5381 dicitur
1901 5343 1965 5381 ex

402 5405 716 5473 captivitate
758 5407 928 5463 fuisse
983 5411 1168 5466 decem
1225 5413 1490 5480 tribuum,
1539 5425 1594 5472 et
1637 5417 1741 5472 hoc
1790 5435 1855 5474 ex
1906 5436 1970 5474 eo

400 5497 804 5564 comprobatur,
845 5502 990 5569 quod
1027 5503 1261 5571 potuerit
1290 5503 1512 5564 Judaice
1538 5509 1706 5580 loqui.

475 5652 498 5684 ⁹
515 5651 670 5709 Rom.
709 5672 826 5720 vm,
867 5657 956 5710 ‘22.

2068 4481 2266 4545 τόπους
2290 4483 2570 4554 μονονουχὶ
2594 4483 2945 4548 στενάζοντας
2968 4488 3060 4539 καὶ
3091 4488 3490 4554 συνωδίνοντας
3515 4490 3650 4544 κατὰ

2069 4573 2159 4626 τὸν
2200 4574 2522 4628 Ἀποστόλου
2553 4575 2708 4643 λόγον
2727 4592 2740 4605 ’
2763 4569 2837 4627 ὧν
2861 4576 2958 4648 τὴν
2978 4578 3257 4648 ἐρήμωσιν
3287 4582 3535 4651 φανερὰν
3559 4582 3646 4636 καὶ

2069 4663 2292 4733 ἔκδηλον
2325 4667 2439 4729 τοῖς
2471 4667 2605 4719 πᾶσι
2642 4664 2858 4736 μηνύει.

2154 4867 2276 4922 Ἐπὶ
2326 4870 2391 4938 τῇ
2444 4866 2711 4940 μελλούσῃ
2748 4867 2898 4938 παρὰ
2952 4867 3045 4922 τοῦ
3101 4869 3238 4923 Θεοῦ
3269 4872 3457 4946 πληγῇ
3503 4875 3648 4946 περὶ·

2072 4959 2182 5013 τῶν
2237 4959 2536 5030 Ἀσσυρίων
2593 4959 2993 5031 ἐπαχθήσεσθαι
3071 4963 3130 5016 ού
3194 4964 3358 5033 μόνον
3407 4969 3458 5020 οἱ
3523 4970 3652 5038 7:11;-

2077 5052 2190 5106 σίον
2242 5051 2410 5123 χῶροι
2459 5053 2926 5126 ἐκπλαγήσονται,
2975 5057 3112 5110 ἀλλά
3141 5059 3234 5112 καὶ
3267 5061 3317 5110 oi
3369 5060 3649 5133 πόρρωθεν

2076 5141 2444 5205 ἀκούσαντες·
2501 5144 2551 5195 οἱ
2580 5143 2680 5214 τῆς
2718 5145 3071 5216 Ἰερουσαλὴμ
3103 5148 3323 5213 ἀσεϐεῖς
3359 5152 3649 5222 αἰσχυνθή-

2078 5251 2277 5287 σονται.

2160 5326 2216 5379 '0
2262 5325 2539 5396 Ῥαψάκης
2587 5325 2801 5394 λέγεται
2859 5329 2922 5381 ἐκ
2953 5329 3048 5400 τῆς
3092 5331 3478 5401 αἰχμαλωσίας
3521 5330 3649 5388 εἶναι

2077 5416 2187 5470 τῶν
2213 5416 2344 5470 δέκα
2394 5416 2597 5486 φυλῶν,
2651 5420 2746 5471 καὶ
2788 5417 2946 5474 τοῦτο
2988 5423 3287 5494 τεκμήριον
3320 5420 3553 5482 εἶναιτὸ
3579 5431 3650 5484 εἰ-

2078 5512 2225 5565 δέναι
2263 5509 2426 5565 αὐτὸν
2471 5510 2768 5566 Ἰουδαῖστί.
