3792 6150
137 418 277 473 1529

1605 414 1670 469 ΙΝ
1712 411 1962 470 15ᾹΙΑΜ.

3246 393 3379 446 1550

206 532 568 602 Σημειωτέον,
603 520 676 595 ὦς
707 534 765 586 ἐν
798 535 862 603 τῇ
918 531 1254 604 προκειμένῃ
1301 530 1509 601 ἱστορίᾳ
1532 529 1623 583 ’ἐν
1651 533 1717 600 τῇ

1887 526 2016 581 Car.
2051 518 2338 583 XXXVIII,
2375 517 2541 572 Vens.
2578 517 2630 578 1,
2669 513 2724 569 2.
2775 509 3076 566 Notandum
3112 516 3195 563 est
3239 518 3294 562 ut
3326 510 3383 562 in

139 623 307 694 βίϐλῳ
351 623 460 676 τῶν
524 624 1013 695 Παροιλειπομένων
1053 624 1353 695 ’δεδήλωται
1387 660 1402 676 .
1433 663 1446 675 .
1476 662 1488 675 .
1518 622 1710 694 ἀρθέν-

135 733 229 778 τος
257 715 351 768 καὶ
383 715 778 795 ιζψηλαυχενίαν
823 718 1148 787 νοσήσαντος
1176 731 1190 744 ο
1241 715 1547 788 γέγραπται
1570 716 1708 787 γάρ·

142 824 160 856 ι
215 804 583 876 Ἐταπεινώθη
625 807 872 870 Ἐζεκίας
933 807 1042 860 ἀπὸ
1099 806 1194 859 τοῦ
1223 806 1388 875 ὕψους
1428 807 1529 876 τῆς
1578 823 1715 875 καρ-

136 893 260 957 δίας
283 893 519 948 αὐτοῦ...
545 914 562 946 ι
585 895 708 949 νοῦν
723 895 995 959 λαϐόντος·
1028 897 1110 949 ὅτι
1136 895 1200 967 δὴ
1223 897 1425 960 ἐκεῖνός
1454 898 1589 949 ἐστι·
1622 897 1715 949 καὶ

138 989 220 1048 εἰς
263 987 452 1038 ἐαυτὸν
505 987 574 1039 τὰ
608 1029 657 1042 ..
685 1028 697 1040 .
757 987 1016 1055 ἀγγελίας
1054 987 1440 1058 περιστήσεται
1486 987 1586 1049 τὰς
1637 987 1715 1048 είς

138 1078 485 1149 τὸν¹Σωτῆρα
511 1077 669 1149 ἡμῶν
715 1078 916 1150 προλεχ
955 1076 1188 1149 [θείσας]
1212 1094 1225 1110 ο
1273 1077 1366 1130 τοῦ
1398 1077 1509 1148 γὰρ
1542 1077 1718 1147 Ἀχαζ

139 1167 348 1238 πατρὸς
374 1167 537 1221 αὑτοῦ
563 1167 939 1237 διαδεξαμένου
961 1166 1056 1238 τὴν
1078 1167 1525 1238 προφητείαν,τὸ,
1546 1187 1563 1218 ι
1587 1167 1716 1221 Ἰδοὺ

140 1262 173 1330 ἡ
201 1258 472 1329 παρθένος
504 1261 561 1312 ἐν
589 1259 786 1330 γαστρὶ
810 1257 1071 1329 λήψεται,
1124 1259 1219 1311 καὶ
1263 1257 1476 1324 τέξεται
1506 1259 1620 1311 υἱόν
1639 1275 1652 1289 ·
1693 1276 1713 1310 ι

138 1349 423 1420 τεχθέντος
462 1349 520 1402 δὲ
552 1350 740 1402 τούτου
780 1349 917 1420 μετὰ
971 1350 1070 1421 τὴν
1128 1350 1462 1422 προφητείαν
1486 1389 1501 1413 ,
1559 1349 1720 1421 ἔμενε

139 1439 287 1493 τοῦτ’
319 1439 456 1510 έχων
482 1441 621 1495 κατὰ
645 1440 880 1495 διάνοιαν
920 1444 1003 1510 ἐφ’
1033 1440 1224 1494 ἑαυτοῦ
1253 1481 1266 1504 ,
1328 1443 1465 1512 μήτε
1523 1440 1721 1512 γάμοις

142 1529 352 1600 ὁμιλῶν
401 1531 495 1582 καὶ
543 1531 842 1602 παρθενίαν
892 1530 1114 1585 ἀσκῶνο
1174 1532 1249 1595 ὡς
1287 1531 1350 1603 δὴ
1391 1533 1484 1584 καὶ
1530 1532 1590 1584 τὸ
1619 1537 1720 1602 ση-

149 1622 303 1690 μεῖον
331 1619 430 1690 τῆς
468 1620 863 1684 πτώσεωςιτῶν
895 1627 1008 1692 ρπε⁹
1042 1621 1294 1692 χιλιάδων
1321 1622 1584 1690 ἐγεγόνει,
1624 1623 1722 1693 τὴν

145 1711 345 1764 ἐαυτοῦ
377 1712 703 1782 κηδεμονίαν
744 1713 1188 1784 ἐπιδεικνυμένου
1218 1713 1312 1766 τοῦ
1357 1713 1491 1767 Θεοῦ
1513 1753 1528 1776 ,
1561 1712 1721 1784 ἔμενέ

145 1816 206 1852 τε
244 1799 606 1870 ἀπολέμητος,
651 1801 1023 1871 τροπουμένου
1074 1801 1168 1856 τοῦ
1223 1802 1356 1856 Θεοῦ
1389 1803 1517 1867 τοὺς
1564 1806 1722 1856 ἐναν·

1812 618 1913 672 bac
1953 617 2183 671 historia
2234 627 2354 684 quae
2403 609 2544 664 libro
2588 604 3038 674 Paralipomenon
3087 602 3130 631 ¹⁶
3184 615 3384 654 narra-

1815 718 1905 765 tur
1946 709 2090 781 (5)...
2133 703 2482 776 superbiente
2526 706 2581 754 et
2621 696 2950 752 insolentius
2997 707 3057 747 se
3103 690 3380 746 efferente.

1818 780 2093 870 Scriptum
2139 804 2224 851 est
2266 795 2410 849 enim
2440 810 2454 844 :
2487 809 2506 841 ι
2544 787 2876 842 Humiliatus
2923 790 3008 838 est
3057 780 3282 836 Ezecias
3317 780 3386 832 ab

1815 891 2103 946 altitudine
2144 887 2326 942 cordis
2370 884 2456 940 sui
2511 883 2622 936 “...
2671 899 2690 932 ι
2741 879 3016 948 cogitante
3069 893 3084 928 :
3129 889 3188 928 se
3229 872 3386 924 Chri-

1817 995 1960 1040 stum
1995 997 2137 1045 esse,
2180 977 2247 1033 ad
2287 978 2467 1046 ipsum
2502 979 2752 1044 spectare
2793 966 3053 1022 vaticinia
3083 963 3152 1020 de
3196 963 3388 1017 Salva-
3441 994 3445 998 ~

1817 1085 1942 1132 tore
1971 1073 2200 1143 prolata.
2239 1069 2375 1125 Cum
2416 1067 2560 1122 enim
2592 1072 2748 1134 pater
2775 1060 2894 1131 ejus
2938 1057 3121 1112 Acliaz
3155 1053 3387 1126 prophe-

1816 1164 1948 1220 tiam
1973 1163 2122 1217 illam
2153 1159 2418 1215 audiisset
2451 1176 2465 1211 :
2503 1172 2524 1209 ι
2569 1152 2710 1208 Ecce
2737 1151 2892 1221 virgo
2933 1150 2990 1203 in
3020 1155 3176 1202 utero
3203 1143 3390 1199 conci-

1820 1256 1933 1327 piet
1975 1265 2029 1310 et
2061 1253 2233 1323 pariet
2263 1250 2432 1304 ﬁlium
2451 1247 2516 1314 η,
2555 1265 2574 1300 ι
2624 1251 2786 1300 natus
2822 1240 3047 1296 Ezecias
3096 1244 3220 1307 post
3265 1249 3386 1289 eam

1819 1325 2162 1420 prophetiam
2208 1345 2474 1412 innuptus
2517 1335 2781 1394 remansit
2811 1341 2866 1390 et
2893 1329 3193 1403 virginitati
3238 1325 3392 1382 dedi-

1821 1453 1933 1509 tus,
1967 1440 2112 1513 quod
2144 1440 2302 1494 istam
2333 1436 2402 1491 de
2450 1433 2746 1502 semetipso
2771 1428 3128 1501 proﬁtebatur
3171 1431 3393 1479 senten-

1822 1537 1974 1590 tiam.
2014 1531 2117 1588 Ubi
2168 1539 2351 1586 autem
2388 1523 2610 1597 'signum
2650 1521 2884 1593 accepit,
2925 1519 3134 1574 cladem
3170 1523 3391 1570 centum

1823 1618 2098 1694 octoginta
2145 1621 2390 1693 quinque
2438 1617 2670 1672 millium
2697 1614 2764 1680 “,
2820 1612 2930 1667 Deo
2975 1609 3149 1680 ipsius
3203 1620 3391 1661 curam

1823 1721 2063 1788 gerente,
2090 1723 2145 1768 et
2172 1711 2366 1766 bellica
2399 1708 2644 1779 pericula
2677 1704 2936 1758 facillime
2964 1701 3174 1770 elIugit,
3207 1699 3392 1752 hostes

1829 1808 2049 1878 fugante
2104 1804 2237 1868 Deo,
2280 1799 2656 1858 confirmatior
2696 1796 2860 1853 etiam
2914 1795 2971 1849 in
3018 1807 3081 1848 ea
3127 1788 3393 1846 sententia

146 1891 321 1956 τίους,
364 1893 562 1964 μᾶλλον
587 1893 656 1948 τὰ
684 1892 786 1964 τῆς
821 1889 1072 1959 ὑπονοίας
1110 1896 1307 1968 ἐκύρου
1351 1896 1480 1967 παρ’
1508 1895 1720 1966 ἐαυτῷ,
1752 1881 1796 1936 Β

1839 1892 2004 1954 belus
2059 1903 2164 1960 εει,
2221 1911 2282 1950 εε
2334 1899 2710 1963 exspectatum
2781 1887 2934 1942 illum
2997 1900 3121 1940 esse
3199 1882 3387 1936 Deum.

147 1985 226 2045 ὡς
259 1985 325 2038 ἂν
362 1985 566 2050 ἐκεῖνος
594 1984 671 2038 ὣν
703 1987 732 2039 ὁ
763 1986 1210 2058 προσδοκώμενος
1235 1987 1368 2050 Θεός
1388 2003 1400 2016 ’
1449 1986 1626 2042 τοίνυν
1666 1987 1726 2053 ἐξ

147 2069 224 2128 ὧν
251 2075 360 2128 ἔδει
393 2077 644 2147 μάλιστα,
693 2080 1040 2150 ἐπανήγαγεν
1079 2079 1241 2132 αὑτὸν
1289 2082 1369 2142 είς
1395 2079 1576 2150 νῆψιν,
1631 2082 1726 2134 καὶ

151 2170 266 2230 τοῖς
292 2168 392 2238 τῆς
415 2168 629 2238 φύσεως
658 2170 1059 2242 συμπτώμασιν
1099 2172 1366 2242 ἐκέχρητο
1399 2173 1517 2226 κατ’
1561 2173 1725 2226 αὑτοῦ

153 2263 236 2323 εἰς
271 2262 646 2332 σωφρονισμόν
666 2281 678 2293 ·
714 2261 1117 2333 μαλακισθῆναι
1143 2263 1250 2334 γὰρ
1281 2264 1442 2316 αὑτὸν
1497 2263 1729 2334 συνεχώ-

155 2370 263 2423 ρει,
295 2354 389 2407 καὶ
433 2354 524 2408 τὸν
566 2354 699 2407 πόδα
727 2354 1018 2424 ὑπομένειν
1059 2355 1229 2424 σῆψιν
1273 2355 1367 2408 καὶ
1401 2353 1580 2426 λώϐην
1630 2357 1728 2408 αὺ-

153 2447 246 2501 τδν
283 2447 622 2519 ἐκδέχεσθαι.
663 2449 720 2501 '0
752 2449 927 2502 τοίνυν
981 2449 1270 2518 μακάριος,
1307 2451 1387 2511 είς
1434 2449 1588 2502 νόσον
1630 2449 1729 2519 τὴν

156 2540 546 2611 προλεχθεϊσαν
577 2540 959 2611 καταστρέψας
978 2581 992 2605 ,
1029 2539 1244 2611 ἐδέχετο
1266 2539 1354 2592 διὰ
1378 2538 1468 2593 τοῦ
1516 2543 1728 2612 προφή-

155 2645 250 2682 του
299 2629 522 2682 Ἡσαΐου
551 2629 856 2700 πρόρρησιν
908 2629 1036 2699 περὶ
1061 2626 1157 2680 τοῦ
1191 2626 1600 2696 καταλήψεσθαι
1629 2627 1730 2680 αὺ-

158 2723 247 2778 τὸν
296 2720 584 2792 μέλλοντος
607 2719 840 2775 θανάτου
866 2735 884 2752 ⁸
911 2721 1004 2774 καὶ
1034 2722 1114 2784 είς
1151 2720 1497 2790 συναίσθησιν
1539 2718 1729 2784 ἐλθὼν,

159 2813 253 2866 καὶ
295 2810 385 2864 διὰ
415 2809 523 2863 τῶν
560 2809 748 2864 παθῶν
780 2810 860 2872 εἰς
903 2808 1230 2878 κατανόησιν
1271 2807 1372 2877 τῆς
1400 2804 1594 2859 ἑαυτοῦ
1630 2805 1732 2875 φύ-

161 2921 301 2968 σεως
356 2902 618 2973 ἐναχθεὶς,
655 2921 674 2954 ‹
715 2899 972 2966 Διάταξαι
1022 2902 1151 2971 περὶ
1203 2898 1296 2952 τοῦ
1330 2897 1480 2952 οἴκου
1544 2915 1636 2951 σου
1662 2938 1676 2962 ,
1709 2916 1728 2949 ι

159 2985 414 3067 ἤκουσεν,
450 2995 525 3058 ὡς
569 2995 642 3065 μὴ
665 2993 878 3063 ἔχοντος
917 2992 1008 3045 τὸν
1045 2991 1415 3061 διαδεξόμενον
1450 2991 1547 3062 τὴν
1581 2988 1735 3060 βασι-

160 3088 348 3153 λείαν,
387 3086 478 3140 ἐπὶ
509 3085 569 3139 τὸ
615 3086 905 3157 φάρμακον
963 3085 1064 3155 τῆς
1124 3085 1410 3154 μετανοίας
1453 3083 1732 3154 ἐτρέπετο.

1824 1987 2126 2059 Aptissima
2175 1985 2342 2055 igitur
2379 1983 2593 2035 ratione
2648 1991 2914 2033 revocans
2960 1989 3084 2029 eum
3129 1971 3272 2026 Deus
3324 1967 3394 2021 ad

1824 2078 2062 2141 saniora,
2097 2076 2288 2130 morbo
2357 2088 2491 2128 usus
2553 2077 2658 2133 est,
2732 2083 2842 2138 quo
2895 2081 3021 2120 eum
3070 2060 3393 2133 sapientiam
3503 2091 3514 2105 .

1825 2168 2046 2223 doceret
2088 2184 2100 2219 :
2131 2171 2396 2235 aegrotare
2445 2177 2566 2216 eum
2604 2174 2801 2231 passus
2836 2166 2940 2220 est,
2971 2163 3025 2211 et
3074 2154 3240 2224 pedes
3297 2167 3397 2221 pu-

1826 2260 2036 2316 tredine
2059 2258 2266 2323 vitiari,
2302 2264 2356 2310 ει
2381 2254 2610 2311 summis
2638 2251 2784 2305 allici
2813 2247 3170 2304 cruciatibus.
3199 2245 3396 2298 Beatus

1827 2351 1991 2421 igitur
2035 2348 2256 2403 Ezecias
2298 2360 2422 2402 cum
2460 2342 2721 2414 praedicto
2767 2340 2959 2393 morbo
3005 2335 3312 2394 laboraret,
3364 2347 3396 2385 a

1830 2442 2093 2513 propheta
2125 2440 2262 2496 Isaia
2303 2437 2544 2493 monitus
2588 2442 2672 2488 est
2703 2431 2770 2487 de
2811 2428 3111 2484 imminenti
3149 2426 3258 2496 jam
3291 2424 3396 2478 sibi

1829 2541 2004 2587 morte
2028 2551 2043 2600 ;
2087 2540 2216 2586 tunc
2240 2530 2325 2585 sui
2357 2528 2614 2584 conscius
2643 2525 2845 2585 factus,
2881 2527 2936 2576 ει
2963 2535 3063 2590 per
3093 2519 3308 2573 dolores
3329 2515 3398 2569 de.

1830 2635 2022 2681 natura
2055 2638 2153 2679 sua
2197 2622 2445 2687 edoctus,
2495 2618 2681 2673 domui
2723 2629 2836 2672 sua:
2879 2611 3166 2668 consulere
3204 2609 3398 2678 jussus

1830 2720 1936 2780 est,
1967 2720 2020 2768 et
2051 2711 2336 2767 deﬁciente
2371 2709 2465 2780 qui
2493 2722 2720 2778 regnum
2764 2703 3088 2772 susciperet.
3116 2700 3182 2754 ad
3221 2712 3400 2752 reme-

1831 2805 1980 2860 dium
2016 2803 2345 2874 paanitentia:
2372 2800 2637 2870 confugit.
2659 2796 2793 2850 Nam
2817 2791 3114 2863 repudiatis
3146 2788 3400 2845 sensibus

1831 2896 1899 2952 de
1926 2895 2300 2966 praestantiore
2320 2901 2515 2949 natura
2541 2900 2593 2946 et
2614 2889 2761 2943 velut
2778 2886 2927 2940 aditu
2949 2884 3014 2938 ad
3037 2897 3094 2938 se
3115 2881 3398 2943 obstricto,

1833 3006 2097 3046 conversa
2140 2989 2277 3043 facie
2326 2986 2393 3041 ad
2443 2984 2736 3055 parietem,
2775 2980 2952 3034 locum
3017 2975 3164 3031 dedit
3219 2974 3404 3027 animo

1836 3083 2124 3138 Dominum
2195 3095 2353 3136 suum
2396 3075 2673 3148 rogandi,
2724 3080 2779 3129 et
2826 3068 3106 3128 obtinendi
3158 3065 3403 3136 corporis

162 3178 518 3273 Περιστείλας
559 3179 668 3248 γὰρ
701 3177 799 3240 τὰς
827 3175 1021 3228 ἐαυτοῦ
1076 3175 1358 3247 αίσθήσεις
1396 3174 1504 3227 τῶν
1549 3190 1737 3243 περιτ-
1760 3217 1804 3273 C

1839 3174 2144 3229 sanitatem.

163 3271 271 3323 τῶν
309 3269 638 3340 φαντασιῶν,
692 3269 788 3322 καὶ
813 3268 1002 3339 ὥσπερ
1036 3267 1371 3338 είσοικισμὸν
1414 3263 1606 3318 ἐαυτοῦ
1646 3282 1737 3318 κα-

163 3366 476 3429 τακλείσας,
511 3364 746 3436 στρέψας
768 3381 826 3417 τε
863 3364 923 3416 τὸ
969 3362 1257 3434 πρόσωπον
1289 3361 1382 3413 ἐπὶ
1416 3359 1506 3412 τὸν
1538 3361 1736 3428 τοῖχον,

165 3457 356 3529 καιρὸν
389 3456 556 3509 ἐδίδου
589 3458 653 3525 τῇ
690 3452 880 3508 ἑαυτοῦ
911 3453 1054 3524 ψυχῇ
1098 3451 1485 3522 ἐπανατρέχειν
1522 3451 1612 3503 ἐπὶ
1647 3449 1741 3502 τὸν

167 3549 367 3618 ἐαυτῆς
410 3546 717 3617 Δεσπότην,
771 3545 868 3598 καὶ
922 3544 1010 3597 διὰ
1049 3542 1358 3615 προσευχῆς
1401 3541 1740 3612 καρποῦσθαι

165 3641 264 3710 τὴν
321 3638 414 3692 τοῦ
455 3638 708 3710 σώματος
739 3639 881 3692 ἴασιν
915 3653 928 3666 ·
978 3634 1135 3688 τοῦτο
1177 3635 1297 3688 ἀντὶ
1343 3633 1742 3705 δυσωπήματος

167 3731 484 3802 προσάγων,
518 3731 599 3784 ὅτι
643 3727 990 3800 Ἐνιὰφελεία
1017 3727 1191 3799 ψυχῆς
1222 3727 1316 3780 καὶ
1357 3724 1582 3797 ἀληθινῇ
1611 3742 1743 3796 καρ-

167 3820 256 3892 δίᾳ
308 3822 651 3891 πεπόρευμαι
693 3817 922 3873 ἐνώπιόν
980 3835 1094 3872 σου.
1127 3817 1358 3886 Λέγεται
1405 3817 1498 3870 καὶ
1545 3817 1603 3869 ἐν
1633 3817 1743 3878 τοῖς

169 3913 357 3976 τόποις
379 3914 473 3966 καὶ
507 3913 694 3987 ἕτερόν
719 3929 790 3973 τι,
819 3913 900 3966 ὅτι
925 3953 940 3978 ,
981 3911 1075 3965 τοῦ
1108 3911 1448 3982 Σολομῶντος
1483 3907 1744 3979 βασιλέως

168 4005 227 4057 ἐν
286 4002 455 4077 στήλῃ
500 4004 870 4075 ἐγγράψαντος
921 4003 988 4057 τὰ
1039 4001 1242 4073 φυσικὰ
1300 3999 1408 4053 τῶν
1444 3997 1744 4070 θεραπειῶν

169 4094 262 4149 τοῦ
296 4095 566 4166 σώματος,
621 4096 716 4150 καλ⁴
767 4097 970 4168 ταύτην
1008 4095 1426 4167 ἀναστήσαντος,
1484 4093 1513 4145 ό
1568 4091 1745 4162 μακά-

177 4200 291 4252 ριος
329 4182 596 4248 Ἐζεκίας,
647 4183 922 4246 καθελὼν,
971 4185 1057 4237 ἵνα
1118 4183 1192 4255 μὴ
1239 4183 1267 4236 ὁ
1311 4182 1438 4246 λαὸς
1491 4180 1746 4251 ἀσχολίαν

171 4272 272 4347 ἔχῃ
323 4271 416 4326 τοῦ
455 4271 788 4343 ἀφίστασθαι
837 4272 928 4323 τοῦ
954 4271 1098 4324 -Θεοῦ
1125 4312 1138 4334 ,
1176 4273 1235 4325 ἐν
1279 4271 1358 4342 τῷ
1394 4268 1584 4324 ἐαυτοῦ
1615 4269 1747 4340 οἴκῳ

173 4368 254 4428 εἰς
316 4365 407 4424 τὸν
445 4370 621 4437 τοῖχον
663 4365 938 4436 ἐντίθησι·
997 4365 1212 4432 λέγεται
1245 4361 1359 4431 οὖν,
1407 4366 1463 4417 ἐν
1505 4362 1582 4434 τῷ
1614 4364 1747 4417 ἀπο-

177 4457 407 4529 στρέψαι
436 4459 598 4512 αὐτὸν
645 4457 781 4528 πρὸς
822 4457 912 4510 τὸν
937 4458 1137 4526 τοῖχον,
1187 4457 1306 4509 ἀντὶ
1351 4455 1747 4526 δυσωπήματος

1913 3263 2080 3316 Vens.
2109 3263 2162 3316 5.
2188 3260 2273 3313 Nil
2313 3260 2458 3312 aliud
2491 3257 2557 3311 ad
2599 3253 2921 3326 placandum
2957 3251 3122 3304 Deum
3154 3245 3404 3318 protulit,

1842 3354 1946 3408 nisi
1981 3369 1994 3405 :
2023 3351 2082 3405 In
2111 3350 2458 3420 simplicitate
2486 3348 2653 3400 animi
2685 3355 2738 3398 et
2769 3344 2824 3406 in
2857 3341 3020 3395 corde
3055 3353 3184 3392 vero
3207 3337 3406 3390 ambu-

1840 3444 1948 3499 lavi
1981 3456 2165 3497 coram
2201 3448 2275 3494 te.
2315 3436 2535 3507 Legitur
2561 3436 2725 3490 etiam
2765 3441 2819 3487 et
2847 3428 3015 3492 aliud,
3055 3426 3407 3494 iuscripsisse

1843 3536 2051 3595 scilicet
2115 3532 2462 3588 Salomonem
2513 3540 2696 3597 regem
2741 3524 2798 3579 in
2852 3521 3111 3577 columna
3164 3516 3407 3572 remedia

1842 3631 2042 3703 quibus
2085 3625 2290 3683 sanitas
2329 3623 2574 3692 corporis
2618 3617 3023 3676 restitueretur,
3062 3621 3114 3667 et
3144 3624 3264 3667 eam
3306 3623 3406 3663 ex-

1845 3723 2148 3787 struxisse;
2181 3716 2438 3776 eamdem
2496 3725 2626 3767 vero
2686 3715 2875 3779 postea
2918 3720 2950 3759 a
3002 3704 3161 3759 beato
3213 3698 3408 3754 Ezecia

1847 3814 2016 3868 fuisse
2063 3809 2318 3873 ablatam,
2365 3821 2432 3862 ne
2477 3803 2710 3876 populus
2753 3797 2947 3855 exinde
2997 3806 3218 3849 causam
3275 3789 3410 3844 deli-

1846 3902 2024 3960 ciendi
2052 3917 2082 3955 a
2108 3900 2218 3956 Deo
2243 3905 2481 3969 caperet,
2517 3904 2572 3950 et
2602 3895 2656 3948 in
2688 3893 2860 3962 ipsius
2878 3890 3039 3944 domo
3067 3887 3121 3940 in
3146 3881 3410 3954 parietem

1846 3996 2203 4052 constitutam
2230 4010 2245 4059 ;
2295 4004 2420 4044 cum
2460 3988 2628 4059 igitur
2657 3985 2850 4039 faciem
2887 3980 2955 4035 ad
2985 3978 3246 4050 parietem
3275 3987 3411 4028 con-

1845 4092 2104 4150 verteret,
2127 4082 2194 4136 ad
2220 4078 2544 4151 placandum
2575 4076 2742 4130 Deum
2773 4075 3065 4128 columnae.
3093 4065 3412 4122 memoriam

1846 4189 2105 4233 revocare
2153 4175 2304 4229 visus
2348 4180 2451 4228 est.
2493 4170 2644 4224 Hanc
2691 4180 2906 4224 summo
2933 4179 3057 4219 cum
3097 4160 3278 4216 studio
3308 4172 3410 4211 au-

1849 4265 2129 4322 ferendam
2159 4263 2347 4318 curavi
2375 4278 2444 4316 ne
2471 4267 2680 4332 pateret
2705 4257 2907 4328 popqu
2945 4256 3032 4308 via
3063 4253 3130 4306 ad
3166 4250 3414 4320 impieta-

1848 4371 1977 4415 tem.
2040 4355 2348 4412 Notandum
2407 4367 2624 4424 quoque
2670 4351 2760 4406 hic
2813 4362 2921 4403 una
2964 4359 3099 4400 voce
3145 4339 3416 4396 Hebraica

1852 4450 2116 4521 parietem
2165 4453 2220 4502 et
2269 4446 2584 4501 columnam
2645 4443 2774 4498 dici.
2828 4439 3037 4494 Idcirco
3071 4433 3287 4503 optime
3338 4431 3415 4482 ita

175 4519 394 4618 ἐκείνην
423 4519 818 4619 προϐάλλεσθαι
839 4546 937 4618 τὴν
979 4519 1181 4617 στηλην
1201 4561 1215 4576 ·
1249 4546 1370 4598 Ὅτι
1402 4545 1466 4615 δὴ
1517 4519 1752 4614 σπουδὴν
1785 4562 1819 4616 ι]

1855 4557 2050 4600 sonare
2086 4545 2266 4612 potest
2311 4539 2599 4593 conversio
2630 4533 2840 4590 Ezeciae
2878 4530 2945 4584 ad
2988 4527 3271 4598 parietem.
3304 4519 3416 4576 Nec

177 4617 381 4710 ἐθέμην
429 4617 633 4710 ταύτην
667 4617 983 4702 ἀνελέσθαι,
1036 4639 1173 4708 πρὸς
1216 4637 1276 4690 τὸ
1316 4637 1389 4708 μὴ
1447 4633 1584 4690 εἶναι
1654 4639 1754 4707 ἐμ-

1857 4635 2001 4690 facta
2024 4641 2109 4690 est
2145 4634 2263 4689 sine
2294 4630 2550 4702 lacrymis
2577 4624 2890 4697 deprecatio
2926 4620 3068 4691 ejus,
3093 4617 3187 4696 sed
3220 4625 3416 4683 magna

179 4732 362 4785 πόδιον
405 4731 485 4802 τῷ
541 4731 652 4801 λαῷ
690 4732 787 4785 τοῦ
818 4735 899 4796 είς
931 4731 1030 4802 τὴν
1075 4729 1382 4783 θεοσέϐειαν
1417 4730 1590 4782 τόνου.
1643 4729 1754 4782 Καὶ

1857 4730 2159 4798 ploratione
2187 4724 2438 4796 ploravit.

175 4822 340 4876 τοῦτο
397 4796 467 4876 δὲ-
485 4796 776 4892 ἀναγκαῖον
835 4796 1192 4895 μνημονεύειν
1217 4861 1232 4886 ,
1270 4820 1345 4883 ὡς
1385 4821 1561 4890 τοῖχος
1607 4821 1701 4872 καὶ
1739 4796 1902 4891 στήλη
1935 4821 2000 4889 τῇ
2056 4819 2192 4888 αὐτῇ
2229 4818 2379 4886 φωνῇ
2426 4814 2526 4883 τῆς
2564 4808 2839 4882 Ἑϐραῖδος
2873 4803 3163 4857 λέλεκται·
3229 4796 3417 4862 διόπερ

183 4915 419 4985 μάλιστα
446 4917 542 4970 καὶ¹
575 4885 655 4980 είς
715 4885 874 4968 τοῦτο
925 4885 1229 4984 ἔξελήφθη,
1269 4912 1302 4982 ἢ
1366 4912 1446 4974 εἰς
1470 4885 1596 4964 --τὸν
1630 4885 2014 4979 τοῖχον-αὗτοῦ
2053 4885 2409 4978 ἀποστροφή·
2448 4903 2546 4973 τὴν
2590 4899 2646 4952 δὲ
2697 4894 3002 4968 προσευχὴν
3052 4889 3282 4944 ἐποιεῖτο
3316 4885 3416 4937 οὐκ

181 5007 312 5061 ἄνευ
366 5008 636 5080 δακρύων,
684 5006 820 5060 ἀλλὰ
859 5005 953 5058 καὶ
983 5003 1194 5059 πολλῶν
1220 5002 1442 5056 τούτων.

255 5099 429 5170 ’Υψος
459 5100 680 5170 ἡμερῶν
733 5098 880 5166 λέγει
926 5097 1024 5167 τὴν
1051 5095 1412 5166 ἐγγενομένην
1455 5097 1524 5165 τῇ
1550 5093 1754 5163 διανοίᾳ

184 5191 351 5245 αὐτοῦ
385 5191 800 5263 ὕψηλαυχενίαν,
858 5192 947 5259 ὑφ’
998 5186 1067 5261 ἦς
1113 5189 1496 5258 συνεχόμενος,
1532 5185 1755 5256 ἔμελλον

1929 5087 2096 5141 Vens.
2130 5085 2321 5140 10-12.
2365 5081 2654 5136 Excelsum
2680 5076 2891 5132 dierum
2930 5078 3088 5126 vocat
3110 5067 3420 5140 superbiam

1859 5196 1966 5254 qua
2017 5195 2174 5234 mens
2219 5178 2342 5248 ejus
2392 5173 2739 5237 elferebatur,
2781 5182 2890 5239 qua
2932 5164 3148 5218 inﬂatus
3192 5170 3421 5215 mortem

181 5281 281 5353 τὴν
304 5281 540 5353 ἐμαυτοῦ
567 5281 710 5354 ζωὴν
731 5281 1145 5353 ὑποτέμνεσθαι·
1175 5279 1344 5334 ταῦτα
1363 5277 1755 5348 διανοούμενος,

184 5373 306 5426 οὐδέ
335 5373 444 5446 γὰρ
482 5375 540 5428 ἐν
587 5376 658 5445 τῇ
699 5372 914 5438 ζώντων
964 5373 1188 5445 ἧλπιζον
1234 5371 1457 5443 ὄψεσθαι
1487 5369 1549 5423 τὸ
1582 5369 1758 5438 σωτή-

188 5479 302 5533 ριον
348 5463 442 5517 τοῦ
489 5464 625 5519 Θεοῦ
652 5505 667 5528 ,
717 5464 990 5534 ἐλεγχθεὶς
1032 5465 1124 5517 ἐπὶ
1157 5467 1218 5533 τῇ
1273 5461 1650 5530 καταλαϐοόσῃ
1678 5460 1760 5527 ’με

261 5623 302 5654 ¹⁰
327 5621 368 5676 II
399 5621 635 5693 Paralip.
666 5638 838 5689 xxxii,
867 5620 939 5676 24
971 5638 1091 5692 sqq.

259 5775 338 5841 (5)
393 5776 628 5834 Lacunae
663 5777 854 5834 breves
877 5776 932 5832 in
954 5776 1159 5832 codice.

1859 5273 1965 5330 sibi
2006 5276 2401 5342 promeruerat.
2429 5266 2556 5321 Haec
2585 5277 2770 5320 secum
2796 5259 3068 5331 reputavit
3105 5276 3118 5308 :
3151 5255 3263 5324 jam
3311 5267 3424 5305 non

1859 5366 1993 5420 mihi
2032 5379 2157 5434 spes
2182 5362 2418 5416 salutare
2454 5358 2550 5413 Dei
2606 5357 2660 5411 in
2689 5363 2834 5410 terra
2859 5349 3153 5406 viventium
3181 5342 3420 5403 videndi.

1861 5456 2098 5512 amentia
2154 5463 2313 5524 capto
2380 5460 2434 5508 et
2483 5452 2775 5506 convicto~
2838 5447 2933 5504 sed
2982 5453 3037 5500 et
3080 5443 3245 5498 vitam
3290 5434 3423 5492 mihi

1172 5622 1212 5653 ”
1235 5621 1366 5678 ibid.
1393 5621 1484 5678 26.
1563 5622 1604 5652 ¹¹
1628 5619 1730 5675 Isa.
1765 5631 1858 5672 vn.
1897 5616 1979 5670 I4.
2060 5615 2100 5646 ¹³
2124 5612 2190 5666 IV
2223 5612 2354 5684 Reg.
2386 5628 2498 5674 xu,
2534 5611 2622 5665 55.
