3824 6140
425 345 444 398 Ι
455 342 561 398 35-!-

1641 332 1990 389 THEODORI
2027 333 2546 390 HERACLEENSIS

3539 340 3675 396 1332

420 475 661 528 auleres,
699 458 868 515 exitio
896 463 952 512 et
975 455 1139 510 morti
1163 455 1402 517 addicto,
1429 451 1568 505 fabri
1607 449 1673 504 ad
1707 451 1970 520 exemplar

2090 451 2445 524 κακοϐουλίᾳ·
2501 454 2636 507 ἀλλά
2689 455 2784 508 καὶ
2831 455 3032 527 ταύτης
3075 454 3362 527 τῆςζωῆς
3399 458 3672 528 στερηθή-

417 552 833 609 tabernacuium
886 548 1118 620 figentis,
1179 553 1233 600 et
1289 560 1417 598 mox
1492 543 1797 609 solventis;
1856 557 1984 595 nam

418 646 492 698 ita
529 641 728 698 defecit
774 639 999 710 spiritus
1048 651 1202 692 meus
1226 635 1429 699 vitalis,
1473 633 1616 689 sicut
1657 633 1761 686 tela
1798 645 1829 684 a
1863 646 1986 684 mu-

416 736 550 791 liere
577 735 691 804 jam
723 730 1077 788 succidenda.

484 809 650 881 VEns.
699 824 785 878 M.
832 822 1044 877 Idcirco
1087 819 1199 890 jam
1241 833 1350 872 non
1391 817 1583 882 silebo,
1626 812 1983 884 benignitatis

415 926 523 972 tuae
555 932 734 988 praeco
765 915 960 978 factus,
995 912 1159 983 quasi
1190 909 1425 965 hirundo
1448 916 1502 963 et
1519 908 1676 978 quasi
1699 905 1978 971 columba,

413 1010 677 1064 continuo
710 1006 1142 1077 magnificentias
1180 1012 1303 1058 tuas
1332 1001 1623 1058 celebrabo
1648 1017 1663 1068 ;
1693 1006 1749 1053 tu
1774 997 1920 1052 enim
1948 1011 1981 1051 a

413 1116 501 1156 me
531 1101 780 1170 corporis
809 1099 1028 1153 dolores
1055 1097 1354 1162 abstulisti,
1389 1101 1444 1150 et
1486 1093 1725 1146 animam
1759 1089 1979 1146 sanitati

413 1191 727 1257 restituisti,
759 1197 1108 1260 peccatorum
1137 1187 1724 1262 meorum'immemor.

2092 543 2277 596 σεσθαι
2332 545 2412 608 εἰς
2462 543 2735 600 ἀπώλειαν
2787 547 2883 601 καὶ
2912 549 3188 620 ἀναίρεσίν
3221 567 3323 621 μου
3367 553 3674 623 καταστρέ-

2088 633 2294 702 ψαντα,
2348 635 2490 689 κατὰ
2521 636 2612 690 τὸν
2664 637 2974 709 πηξάμενον
3009 641 3107 710 μὲν
3148 641 3352 712 σκηνὴν
3385 680 3401 705 ,
3458 644 3672 694 συστεί-

2091 727 2259 782 λαντα
2295 729 2352 781 δέ
2385 730 2553 796 αὐτὴν
2603 730 2845 800 ταχέως’
2881 731 2945 784 τὸ
2989 731 3098 803 γὰρ
3153 730 3384 795 ζωτικὸν
3450 731 3673 802 πνεῦμα

2087 817 2260 882 οὕτως
2314 819 2573 890 ἀφῃρεῖτο
2617 818 2717 883 τὰς
2746 819 3024 891 δυνάμεις,
3077 821 3151 884 ὡς
3207 821 3354 884 ἱστὸς
3411 822 3670 888 γυναικὸς

2087 908 2444 980 ἐκτέμνεσθαι
2498 910 2722 981 μέλλων.
2782 910 2941 964 Ὅθεν
2994 913 3053 965 οὐ
3108 914 3386 982 παύσομαι
3448 915 3512 965 ἐν
3558 915 3671 976 τοῖς

2089 1000 2225 1070 μετά
2280 999 2450 1053 ταῦτα
2493 1000 2670 1072 κῆρυξ
2713 1001 2811 1072 τῆς
2858 1002 2957 1072 σῆς
2998 1003 3330 1074 ἀγαθότητος
3372 1004 3669 1074 ἐσόμενος,

2085 1093 2226 1148 κατά
2270 1093 2396 1155 τοὺς
2417 1091 2636 1163 ὄρνιθας
2662 1095 2762 1163 τήν
2804 1110 2863 1146 τε
2903 1093 3144 1162 χελιδόνα
3178 1095 3270 1146 καὶ
3309 1093 3669 1164 περιστερὰν,

2085 1181 2378 1244 ἀπαύστως
2409 1181 2479 1234 τὰ
2502 1181 2569 1253 σά
2585 1181 2850 1253 μεγαλεῖα
2878 1182 3237 1253 ἐξηγούμενος
3256 1199 3270 1212 ·
3298 1184 3363 1236 σὺ
3399 1183 3516 1255 γὰρ
3547 1179 3600 1236 εἷ
3643 1187 3671 1236 ὁ

411 1286 504 1338 καὶ
528 1283 605 1355 τῷ
639 1284 848 1355 σώματι
874 1284 970 1347 τὰς
998 1282 1185 1346 ὀδύνας
1211 1283 1412 1337 παῦσαι
1443 1283 1692 1353 ποιήσας,
1720 1279 1813 1334 καὶ
1843 1281 1908 1350 τῇ
1937 1279 2080 1349 ψυχῇ
2121 1277 2262 1330 ἴασιν
2289 1277 2674 1348 χαρισάμενος,
2703 1277 3092 1349 ὑπερϐεϐηκώς
3126 1279 3194 1332 τὰ
3220 1277 3674 1350 πλημμελήματα

454 1400 533 1436 Ου.

454 1400 533 1436 Ου.

413 1400 452 1453 μ
484 1472 648 1530 Vens.
684 1475 774 1530 18.
806 1473 1015 1540 Quibus
1045 1475 1212 1530 dictis
1233 1487 1385 1543 spem
1415 1469 1841 1526 resurrectionis
1883 1481 1980 1521 ne-

407 1580 683 1636 quaquam
711 1565 909 1634 aufert,
936 1566 1180 1620 declarat
1209 1579 1336 1620 vero
1360 1565 1416 1618 in
1437 1561 1637 1616 inferni
1655 1567 1828 1614 morte
1857 1572 1982 1626 per-

409 1656 644 1711 dendum
682 1672 828 1721 esse,
872 1672 1032 1727 quem
1086 1665 1146 1710 tu
1181 1670 1291 1710 non
1343 1651 1689 1715 exeitaveris,
1738 1649 1827 1704 cui
1867 1663 1976 1702 non

407 1748 590 1803 omnia
622 1748 1022 1804 condonaveris
1050 1754 1295 1816 peccata.

478 1838 648 1894 Vens.
681 1837 768 1892 19.
803 1837 1147 1908 Quapropter
1192 1836 1310 1906 ipse
1349 1847 1472 1903 ego,
1528 1829 1816 1902 repudiata
1863 1827 1976 1897 jam

407 1932 573 2003 impia
609 1931 701 1985 illa
725 1939 907 1986 mente
928 1931 982 1984 in
1003 1929 1222 2000 nuptias
1247 1928 1493 1989 ardesco,
1509 1936 1563 1980 et
1590 1924 1730 1978 filios
1757 1921 1974 1985 faciam,

301 2061 315 2075 .
408 2035 467 2079 ut
490 2023 758 2094 sanguine
795 2037 916 2077 meo
948 2029 1222 2086 crescant,
1246 2019 1340 2090 qui
1363 2013 1984 2086 annuntientjustitiam,

407 2124 602 2262 tua;
635 2206 746 2273 XL,
778 2204 942 2261 Vens.
968 2205 1022 2260 4.
1052 2203 1127 2260 De
1155 2203 1386 2258 vallibus
1419 2202 1657 2272 loquitur
1680 2213 1788 2252 non
1818 2194 1974 2266 quasi

404 2297 612 2353 fuerint
657 2312 690 2351 a
739 2296 968 2351 Domino
1013 2293 1365 2364 occupandae,
1403 2291 1498 2349 sed
1537 2291 1747 2344 animas
1780 2287 1973 2341 affatur

405 2387 572 2441 altius
599 2383 860 2450 effossas,
895 2393 950 2440 et
983 2383 1238 2440 deorsum
1281 2384 1337 2437 in
1371 2382 1587 2437 inferno
1627 2381 1896 2451 jacontes,
1919 2385 1974 2433 et

404 2479 646 2548 peccatis
672 2477 1238 2546 humiliatas;quippe
1264 2490 1384 2546 quae
1407 2475 1637 2530 funestis
1653 2482 1707 2529 et
1734 2470 1969 2557 exitiali-

404 2570 510 2624 bus
534 2568 958 2641 cogitationibus
975 2567 1235 2632 liberatae,
1255 2580 1419 2636 super
1437 2574 1649 2620 montes
1670 2562 1972 2618 exaltandae

403 2671 552 2717 sunt.

475 2751 622 2808 Vens
650 2751 704 2806 8.
740 2750 1049 2807 Confitetur
1084 2751 1172 2806 hic
1225 2765 1344 2821 ipse
1382 2747 1668 2819 propheta.
1696 2744 1780 2800 vel
1819 2743 1971 2799 verbi

402 2844 672 2911 minister,
729 2858 895 2900 carne
939 2859 999 2900 se
1029 2844 1361 2899 obcaecatum
1416 2837 1971 2921 rationemuaccedere

403 2950 514 2989 non
533 2936 800 3005 potuisse.
825 2933 950 2991 Mox
967 2941 1278 2999 evanescet,
1293 2933 1510 3002 adjecit,
1534 2914 1714 2984 omnis
1731 2929 1970 2984 humana

401 3025 628 3095 opinio;
661 3025 887 3080 verbum
937 3031 1119 3090 autem
1159 3023 1256 3080 Dei
1300 3023 1461 3079 finem
1501 3037 1779 3092 nunquam
1825 3020 1977 3075 acci-

2155 1457 2326 1512 Τοῦτο
2373 1459 2560 1528 ἔλεγεν
2602 1461 2702 1514 οὐκ
2736 1461 3018 1514 ἐκκόπτων
3061 1463 3160 1533 τῆς
3181 1463 3536 1528 ἀναστάσεως
3568 1466 3668 1528 τὰς

2080 1550 2322 1618 ἐλπίδας,
2357 1553 2493 1607 ἀλλά
2554 1552 2730 1624 δηλῶν
2757 1593 2772 1617 ,
2816 1552 2894 1617 ὡς
2937 1555 3018 1617 είς
3060 1554 3190 1625 ᾅδην
3226 1555 3506 1619 ἀπωλείας
3560 1558 3669 1609 ἀπ-

2077 1642 2334 1712 ελήλυθε,
2379 1644 2454 1715 μὴ
2483 1643 2635 1714 παρά
2670 1644 2762 1698 σοῦ
2804 1643 3130 1717 ἀνακληθεὶς
3187 1647 3281 1699 καὶ
3311 1649 3668 1718 συγχώρησιν

2009 1774 2053 1829 Β
2082 1741 2369 1812 ἁμαρτιῶν
2397 1741 2710 1813 δεξάμενος.

2152 1832 2332 1900 Ὅθεν,
2365 1833 2475 1903 ἐγὼ
2521 1835 2683 1900 αὐτὸς
2734 1834 2961 1907 ἰώμενος
2999 1837 3096 1908 τὴν
3130 1836 3406 1907 σφαλερὰν
3446 1835 3667 1904 ἐκείνην

2077 1921 2308 1990 ἔννοιαν,
2341 1927 2560 1981 σπεύσω
2588 1929 2683 1981 καὶ
2705 1928 2901 1999 γάμοις
2929 1928 3183 2000 ὁμιλῆσαι
3215 1930 3310 1982 καὶ
3339 1927 3667 1999 παιδοποιή-

2078 2015 2294 2081 σασθαι,
2326 2017 2462 2088 πρὸς
2493 2018 2554 2070 τὸ
2582 2020 2675 2072 καὶ
2707 2020 2834 2083 τοὺς
2866 2019 2926 2084 ἐξ
2963 2020 3097 2091 ἐμοῦ
3126 2021 3456 2092 γενομένους
3489 2023 3666 2093 κήρτο

2075 2126 2176 2172 κας
2199 2110 2493 2182 ἀναστῆναι
2535 2113 2634 2181 τῆς
2661 2113 3025 2186 δικαιοσύνης.

2143 2202 2409 2271 Φάραγγα
2448 2204 2745 2275 ἐκληπτέον
2769 2248 2783 2273 ,
2829 2208 2926 2278 οὐχ
2958 2207 3034 2271 ὡς
3072 2207 3359 2278 μέλλοντος
3392 2207 3489 2261 τοῦ
3526 2206 3663 2260 Θεοῦ

2072 2292 2370 2346 ἐπιϐαίνειν
2411 2295 2626 2361 αὐταῖς,
2675 2298 2813 2351 ἀλλά
2855 2299 2993 2372 πρὸς
3022 2300 3122 2363 τὰς
3154 2299 3664 2371 κατορωρυγμένας

2074 2381 2286 2453 ψυχὰς,
2337 2385 2432 2437 καὶ
2469 2386 2621 2440 κάτω
2657 2405 2760 2441 που
2796 2391 2876 2453 είς
2903 2390 2992 2444 τὸν
3024 2390 3156 2462 ᾅδην
3185 2391 3469 2461 κειμένας,
3500 2408 3662 2444 τετα-

2071 2474 2408 2545 πεινωμένας
2439 2496 2497 2531 τε
2529 2483 2649 2544 ταῖς
2692 2483 3014 2553 ἁμαρτίαις,
3053 2483 3234 2552 λέγει’
3290 2483 3499 2548 ταύτας
3557 2484 3660 2555 γὰρ

2068 2576 2470 2647 ἀπαλλαγείσας
2511 2576 2619 2630 τῶν
2655 2577 2911 2648 ὀλεθρίων
2951 2576 3152 2631 τούτων
3181 2578 3274 2631 καὶ
3303 2578 3660 2632 ἐπικινδύνων

2068 2661 2339 2734 λογισμῶν
2370 2664 2508 2735 ὑπὲρ
2536 2663 2603 2716 τὰ
2630 2663 2730 2734 ὅρη
2755 2661 3137 2717 ταπεινοῦσθαι
3167 2663 3242 2734 (6)
3275 2663 3491 2734 καιρός.

2137 2756 2382 2821 Δεικνὺς,
2413 2756 2488 2819 ὡς
2545 2757 2640 2810 καὶ
2673 2755 2834 2819 αὐτὸς
2863 2757 2891 2808 ὁ
2932 2756 3214 2825 προφήτης
3262 2756 3290 2807 ὁ
3349 2753 3656 2825 ὑπηρετού-

2071 2861 2230 2914 μενος
2283 2844 2361 2914 τῷ
2430 2845 2601 2916 λόγῳ,
2649 2845 2753 2898 ὑπὸ
2806 2846 2905 2915 τῆς
2948 2845 3160 2915 σαρκὸς¹
3202 2845 3658 2916 ἐπισκιαζόμενος

2068 2937 2159 2990 τὸν
2213 2937 2359 3000 νοῦν,
2422 2939 2672 3008 χωρῆσαι
2745 2939 2807 2990 οὑ
2857 2937 3176 3007 δεδύνηται·
3244 2939 3340 2990 καὶ
3400 2938 3514 3008 γὰρ
3567 2939 3661 2992 καὶ

2071 3030 2219 3083 πᾶσα
2272 3030 2538 3100 ὑπόληψις
2588 3029 2904 3101 ἀνθρωπίνη
2977 3029 3182 3100 ταχέως
3223 3028 3498 3083 παύσεται
3519 3069 3536 3091 ,
3597 3030 3660 3080 ού

403 3111 536 3187 pie'l,
580 3116 677 3172 sed
704 3124 886 3172 manet
916 3115 972 3171 in
1024 3126 1288 3172 aeternum
1337 3129 1466 3171 vera
1510 3129 1680 3186 usque
1707 3128 1961 3180 praenun-

2090 3122 2173 3194 ιὴν
2196 3123 2256 3176 τὸ
2287 3121 2466 3191 λόγιον
2503 3123 2595 3176 τοῦ
2626 3120 2760 3176 Θεοῦ
2802 3122 3011 3176 παύλαν
3057 3123 3187 3176 ποτὲ
3218 3121 3448 3192 λήψεται
3477 3140 3490 3152 ·
3520 3122 3664 3174 ἀλλα

402 3209 568 3266 tians.

479 3397 646 3455 Vens.
684 3399 771 3454 12.
803 3397 958 3454 Multi
983 3398 1204 3469 quidem
1233 3402 1384 3463 sunt,
1414 3396 1510 3468 qui
1540 3395 1607 3452 de
1630 3392 1856 3465 judiciis
1877 3392 1971 3448 Dei

400 3490 679 3557 dubitant,
712 3499 768 3546 et
797 3491 866 3546 de
894 3488 1245 3546 Providentia
1276 3496 1389 3543 tum
1419 3502 1639 3543 omnem
1669 3501 1852 3544 rerum
1875 3500 1974 3540 na-

401 3593 580 3638 turam
615 3591 728 3638 tum
762 3583 977 3656 singula
1015 3598 1244 3654 quaeque
1299 3593 1538 3654 regente,
1581 3588 1636 3636 et
1664 3580 1731 3636 de
1759 3594 1972 3636 summa

401 3677 635 3732 scientia
675 3691 838 3746 quam
867 3676 945 3730 nil
977 3675 1146 3732 latere
1168 3683 1368 3745 potest,
1404 3688 1526 3744 quae
1565 3687 1758 3728 omnes
1791 3679 1972 3727 mente

399 3767 795 3837 complectitur.
835 3765 1046 3834 Quibus
1076 3765 1426 3822 confutandis
1450 3765 1713 3836 propheta
1754 3764 1970 3835 singula

399 3857 512 3913 Deo
536 3857 914 3928 investiganda
935 3871 1057 3912 esse
1083 3855 1360 3922 declarat;
1392 3871 1459 3911 ex
1494 3855 1802 3911 visibilibus
1832 3862 1887 3910 et
1913 3854 1972 3909 in

399 3951 720 4007 universum
751 3965 782 4005 a
822 3949 1010 4005 mundi
1044 3948 1328 4004 elementis
1372 3949 1525 4005 disce
1564 3947 1657 4004 Dei
1684 3948 1964 4003 virtutem.

466 4130 632 4187 Vens.
671 4131 760 4195 16,
798 4133 885 4186 17.
933 4129 1147 4188 Rursus
1188 4130 1434 4188 occurrit
1475 4130 1736 4202 propheta
1785 4137 1968 4186 mente

397 4222 852 4293 disceptantibus.
878 4221 1055 4278 Nolite
1071 4230 1264 4292 putare
1287 4239 1384 4280 vos
1407 4233 1766 4280 memoratum
1795 4223 1966 4281 Deum

396 4331 494 4386 per
535 4313 802 4371 sacriﬁcia
838 4315 1168 4385 placaturos,
1196 4317 1355 4386 quasi
1401 4315 1523 4372 istis
1555 4317 1604 4372 ei
1633 4333 1772 4387 opus
1795 4325 1964 4384 esset,

394 4407 558 4477 cujus
576 4407 745 4463 verbo
776 4407 960 4462 omnia
1003 4405 1148 4462 facta
1173 4418 1318 4464 sunt.
1362 4407 1503 4463 Num
1538 4428 1557 4462 ι
1601 4409 1831 4467 suﬂiciet
1871 4409 1964 4464 Li-

394 4500 576 4555 banus
613 4516 632 4549 ι
685 4505 739 4555 et
787 4497 927 4553 silva
969 4513 1080 4570 qua
1132 4499 1434 4564 obsidetur,
1483 4509 1577 4554 aut
1629 4517 1648 4552 ‹
1693 4501 1963 4557 sufﬁcient

393 4591 588 4645 omnia-
623 4589 999 4660 quadrupedia
1033 4590 1100 4645 ad
1140 4591 1538 4658 holocaustum,
1574 4610 1593 4643 ι
1640 4595 1730 4647 cui
1753 4601 1964 4648 cunctae

393 4690 603 4753 gentes,
629 4683 786 4752 juxta
808 4683 980 4753 ipsius
1010 4681 1260 4747 effatum,
1287 4702 1306 4735 ι
1335 4684 1491 4754 quasi
1518 4683 1749 4738 nihilum
1762 4691 1890 4740 sunt
1935 4704 1954 4736 ι

392 4774 448 4829 in
477 4773 704 4828 nihilum
739 4782 1060 4828 reoutantur.

458 4955 589 5011 Cu.
627 4954 762 5023 XLI,
789 4954 955 5012 Vens.
981 4955 1032 5010 ‘l.
1058 4957 1280 5013 Animos
1309 4958 1604 5029 alloquitur
1634 4959 1956 5030 languentes

388 5059 442 5103 et
474 5047 759 5104 doloribus
793 5048 1042 5104 afﬂictos.
1075 5048 1226 5104 Licet
1262 5050 1408 5104 enim
1457 5049 1634 5118 vobis,
1678 5051 1958 5122 qui_cupi~

387 5142 653 5198 ditatibus
684 5141 1007 5197 insenuistis
1033 5149 1088 5197 et
1109 5142 1501 5212 voluptatibus,
1521 5142 1812 5213 depressas
1834 5143 1956 5199 istis

304 5221 318 5228 ’
387 5233 705 5302 spirituales
736 5233 882 5288 vires
927 5233 1188 5297 relevare,
1217 5241 1272 5287 et
1315 5233 1465 5286 velut
1503 5240 1864 5299 senectutem,
1892 5248 1958 5288 ea

385 5325 680 5393 deponere,
715 5339 1054 5394 quaecunque
1099 5324 1304 5379 fuerint
1337 5324 1657 5380 libidinibus
1701 5325 1874 5379 fracta
1901 5331 1956 5379 et

384 5431 555 5485 prope
590 5415 862 5472 confecta.
899 5417 1046 5482 Quos
1087 5417 1294 5472 insulas
1347 5417 1548 5487 Optime
1580 5423 1776 5482 vocat;
1828 5431 1955 5472 nam

385 5508 529 5562 sicut
548 5507 764 5575 insulae,
798 5508 974 5565 medio
1004 5509 1061 5564 in
1108 5524 1258 5564 mare
1285 5507 1541 5564 fluctibus
1565 5509 1953 5582 ‘circumluun-

452 5662 528 5737 (ρ)
557 5663 749 5737 f’otius
779 5665 1035 5732 ὑψοῦσθαι
1057 5677 1144 5722 aui
1178 5665 1527 5737 πληροῦσθαι·

452 5735 523 5792 (7}
557 5733 742 5788 Potius
773 5737 883 5798 τας.

2078 3213 2224 3286 πέρα
2276 3213 2457 3278 τελεῖ,
2509 3213 2840 3286 ἀληθεύοντα
2892 3215 2989 3286 τῆς
3038 3214 3114 3285 (7)
3169 3212 3503 3281 ἐπαγγελίας
3579 3214 3662 3275 εἰς

2079 3305 2273 3359 αἰῶνα.

2145 3397 2291 3469 Πρὸς
2319 3397 2418 3460 τὰς
2453 3397 2511 3451 ἐν
2546 3395 2756 3468 διανοίᾳ
2784 3396 2944 3450 πάλιν
2979 3396 3170 3466 φύσεις
3207 3395 3663 3468 ἀμςισϐητήσεις

2075 3492 2202 3562 περὶ
2227 3491 2335 3544 τῶν
2383 3491 2665 3562 χριμάτων
2706 3489 2927 3560 καὶτῆς
2970 3490 3228 3562 προνοίας
3257 3491 3355 3561 τῆς
3386 3490 3484 3543 τοῦ
3515 3489 3660 3543 Θεοῦ

2071 3583 2160 3636 διὰ
2195 3583 2408 3637 πάντων
2448 3581 2775 3652 διηκούσης,
2833 3581 2926 3635 καὶ
2958 3581 3080 3634 καθ’
3119 3582 3214 3657 ἕνα
3241 3580 3499 3645 ἕκαστον,
3561 3583 3661 3635 καὶ

2071 3675 2148 3738 ὼς
2173 3673 2274 3728 οὐκ
2323 3672 2440 3726 ἐστι
2495 3673 2604 3726 τῶν
2647 3671 3009 3726 λανθανόντων
3073 3673 3170 3726 τὸν
3193 3672 3347 3736 Θεὸν,
3384 3671 3529 3725 ἀλλά
3565 3673 3658 3726 διὰ

2071 3767 2288 3820 πάντων
2320 3764 2670 3820 διαϐαίνουσα
2701 3767 2733 3836 ἡ
2765 3763 2860 3818 τοῦ
2891 3763 3026 3817 Θεοῦ
3056 3764 3288 3833 γνῶσιςο
3319 3763 3390 3816 τά
3413 3765 3656 3817 ἑκάστου

2070 3857 2369 3928 ἀνιχνεύειν
2409 3857 2767 3929 προῦπαντῶν
2804 3859 2832 3911 ὁ
2883 3857 3043 3926 λόγος
3078 3856 3385 3911 ἐκδιδάσκει
3411 3897 3428 3922 ,
3471 3857 3559 3910 ὅτι
3593 3860 3659 3910 ἐκ

2069 3948 2176 4002 τῶν
2201 3947 2511 4019 ὁρωμένων,
2546 3948 2642 4000 καὶ
2679 3947 2744 4000 ἐκ
2772 3947 2877 4000 τῶν
2905 3947 3000 4000 τοῦ
3031 3945 3166 4000 Θεοῦ
3211 3946 3656 4018 καθολικώτερον

2071 4041 2348 4112 στοιχείων
2373 4039 2688 4094 ἐκδιδάσκου
2716 4038 2811 4093 τοῦ
2844 4037 2981 4091 Θεοῦ
3009 4037 3260 4110 δύναμιν.

2138 4131 2306 4186 Πάλιν
2347 4131 2482 4202 πρὸς
2528 4131 2654 4192 τοὺς
2714 4131 2771 4184 ἐν
2805 4128 3065 4193 διανοίαις
3109 4128 3407 4200 λογισμοὺς
3480 4147 3657 4200 προσ⁸

2067 4225 2278 4294 υπαντᾷ
2312 4225 2340 4276 ὁ
2381 4222 2537 4290 λόγος
2556 4237 2574 4255 ο
2621 4223 2702 4275 ὃτι
2730 4220 2911 4274 τοῦτον
2944 4220 3034 4275 τὸν
3063 4220 3194 4275 Θεὸν
3224 4221 3315 4274 τὸν
3359 4239 3654 4294 προμηνυο

2067 4313 2226 4366 θέντα
2260 4311 2346 4365 διὰ
2370 4311 2479 4365 τῶν
2511 4309 2815 4382 εἰρημένων
2843 4312 2972 4375 ἴσως
3005 4309 3268 4378 λογιεῖσθε
3295 4311 3513 4376 θυσίαις
3565 4313 3652 4378 ἐξ·

2071 4403 2357 4470 ιλεοῦσθαι,
2402 4404 2475 4475 μὴ
2522 4404 2894 4476 σκοπήσαντες
2913 4444 2928 4468 ,
2956 4404 3031 4467 ὡς
3053 4404 3152 4457 οὐκ
3173 4405 3231 4458 ἐν
3250 4403 3413 4476 χρείᾳ
3442 4405 3652 4460 τούτων

2066 4497 2398 4567 καθέστηκεν
2433 4537 2448 4560 ,
2508 4491 2568 4552 οὗ
2624 4495 2703 4568 τῷ
2749 4495 2892 4567 λόγῳ
2957 4496 3027 4550 τὰ
3078 4497 3254 4551 πάντα
3319 4498 3649 4569 γεγένηται’

2071 4609 2089 4641 ι
2114 4589 2406 4661 ἐπαρκέσει
2462 4585 2564 4644 οὖν
2609 4589 2842 4654 Λίϐανος
2881 4609 2900 4641 ι
2939 4591 3034 4644 καὶ⁹
3094 4591 3218 4661 ήέν
3269 4591 3451 4662 τούτῳ
3506 4591 3646 4658 ὕλης

2069 4702 2087 4734 ε
2123 4683 2344 4754 ἀρκέσει
2371 4684 2428 4737 δὲ
2459 4685 2538 4747 είς
2565 4683 2943 4756 ὁλοκάρπωσιν
2977 4683 3152 4738 πάντα
3180 4683 3248 4737 τὰ
3277 4685 3644 4754 τετράποδαμ

2060 4768 2104 4843 ᾧ
2141 4777 2318 4830 πάντα
2362 4777 2430 4830 τὰ
2482 4776 2605 4847 ἔθνη
2658 4774 2802 4832 κατὰ
2859 4776 2922 4829 τὸ
2975 4776 3272 4848 ὑποϐληθὲν
3333 4777 3648 4849 ὑπόδειγμα

2065 4886 2083 4918 ι
2115 4868 2174 4932 ὃς
2205 4869 2278 4940 (8)
2311 4863 2444 4940 ἧκεν
2465 4873 2544 4933 είς
2572 4870 2792 4938 γνῶσιν,
2836 4889 2854 4920 ι
2879 4869 3031 4923 οὐδὲν
3059 4869 3311 4939 ἐλογίσθη

2135 4960 2278 5031 Πρὸς
2330 4961 2427 5024 τάς
2472 4961 2546 5032 μὴ
2606 4961 2894 5033 ἰσχυούσας
2938 4961 3158 5024 ὀδύναις
3201 4978 3261 5014 τε
3292 4962 3648 5032 πραττούσας

2062 5051 2238 5122 ψυχὰς
2282 5053 2579 5122 συμϐουλία
2643 5055 3010 5126 προσάγεταιο
3065 5055 3147 5107 ὅτι
3195 5053 3366 5124 ταύτῃ
3414 5054 3648 5107 δυνατὸν

2061 5145 2203 5214 ὑμᾶς
2241 5145 2338 5208 τὰς
2368 5147 2758 5216 ἐγχρονισάσας
2807 5147 2866 5199 ἐν
2894 5149 3005 5209 τοῖς
3044 5145 3239 5199 πάθεσι
3263 5146 3356 5198 καὶ
3389 5146 3645 5199 παλαιωο

2061 5235 2248 5298 θείσας
2277 5236 2334 5287 ἐν
2377 5237 2496 5298 ταῖς
2530 5236 2763 5304 ἡδοναῖς,
2807 5235 2862 5288 ἐν
2897 5253 2956 5289 τε
2985 5235 3192 5298 τούτοις
3235 5238 3646 5307 κατασυρεξσας

2059 5325 2346 5380 ἀναλαϐεῖν
2379 5325 2476 5390 τὰς
2504 5327 2712 5380 ἑαυτῶν
2765 5326 3000 5398 ψυχικὰς
3052 5327 3342 5396 δυνάμεις·
3397 5328 3496 5380 καὶ
3543 5328 3645 5379 ὧσ-

2059 5435 2165 5488 περ
2199 5417 2373 5487 γῆρας
2421 5417 2731 5471 ἀποθέσθαι.
2763 5418 2863 5480 τὰς
2895 5418 2959 5470 ἐν,
3006 5420 3119 5481 τοῖς
3157 5417 3353 5471 πάθεσι
3386 5417 3643 5472 παλαιω·

2056 5509 2238 5573 θείσας
2299 5509 2391 5561 καὶ
2451 5509 2638 5581 ὥσπερ
2693 5510 3090 5582 νεκρωθείσας·
3125 5509 3192 5573 ἀς
3225 5510 3317 5563 καὶ
3375 5511 3642 5581 νήσουςό

2133 5665 2209 5736 (8)
2241 5663 2399 5722 Forte
2435 5666 2550 5736 οὐχ.
