3792 6150
161 412 188 468 1
199 413 303 470 353

1535 410 1602 466 IN
1636 410 1897 469 ISAIAM.

3291 400 3422 453 I354

159 531 319 599 λόγος
357 529 531 592 καλεῖ,
564 528 684 582 καθ’
710 528 963 599 ὁμοίωσιν
996 527 1101 581 τῶν
1132 528 1310 600 νήσων
1351 527 1576 591 τούτων,
1615 528 1672 580 αἳ
1699 530 1745 581 ἐι

1914 543 1972 593 ιι·,
1999 541 2109 582 non
2146 539 2278 581 vero
2311 524 2777 591 submerguntur;
2809 519 2884 573 ita
2916 516 3084 572 animi
3118 515 3287 570 nostri
3320 515 3426 568 hu-

165 625 318 695 μέσῳ
333 622 408 694 τῷ
426 622 650 690 πελάγει
663 623 957 693 ἑστήκασιν
982 619 1457 693 περικλυζόμεναι,
1477 619 1551 692 μὴ
1569 621 1748 690 μέντοι

161 713 729 785 καταποντιζόμεναι·
783 713 924 767 οὕτω
961 714 1055 768 καὶ
1089 714 1146 766 αἱ
1173 712 1344 783 ψυχαὶ
1385 714 1489 766 ὑπὸ
1549 713 1655 766 τῶν
1693 714 1748 765 ἐν

160 807 244 878 τῷ
281 806 472 878 κόσμῳ
510 807 871 879 πραγμάτων,
896 807 956 859 ού
987 805 1091 877 μὴν
1132 804 1267 859 ἀλλά
1293 805 1389 859 καὶ
1421 806 1747 876 σωματικῶν

163 895 379 962 παθῶν,
439 896 698 968 ἁλμυρῶν
729 897 921 961 ὅντων,
962 895 1384 959 ἐπικλύζονται·
1438 894 1749 950 ἀπεκδύσα-

1858 619 2036 674 manis
2067 615 2322 687 negotiis,
2359 612 2663 683 praesertim
2696 624 2827 666 vero
2867 605 3247 678 corporalibus
3271 605 3428 674 cupi-

1857 710 2152 774 ditatibus,
2180 722 2303 778 quae
2331 714 2385 763 et
2428 705 2588 762 salsa:
2616 708 2768 769 sunt,
2800 701 3098 771 agitantur.
3125 727 3194 738 ——
3227 695 3428 748 Eadem

1858 804 2078 859 ratione
2108 801 2365 855 hortatur
2395 813 2498 853 nos
2525 794 2842 866 Apostolus,
2875 799 2936 845 ut
2977 797 3217 845 veterem
3250 785 3431 840 h'omi-

1858 911 1985 951 nem
2023 893 2402 965 exspoliantes
2427 904 2630 946 novum
2661 887 2955 942 induamus
2980 883 3042 940 “.

167 991 295 1044 σθαι
337 992 514 1046 τοίνυν
541 991 745 1055 ταύτας
791 990 884 1044 τὸν
949 989 1176 1044 παλαιὸν
1245 990 1572 1063 ἄνθρωπον,
1637 992 1732 1046 καῖ¹
1799 991 2122 1047 ἐνδύσασθαι
2175 990 2267 1044 τὸν
2329 988 2485 1054 νέον,
2552 986 2646 1040 κοιλ¹
2713 987 2742 1038 ὁ
2810 980 3131 1044 Ἀπόστολος
3191 991 3431 1032 παοακε-

163 1086 409 1142 λεύεται.

241 1208 380 1280 Περ)⁵
424 1205 606 1278 Κύρου
658 1206 841 1275 λέγει,
883 1207 945 1260 ὃν
993 1206 1218 1271 δικαίως
1270 1208 1533 1280 ἐπήγειρε
1579 1207 1757 1261 Βαϐυ-

165 1297 715 1363 λῶνι.-Ὑπέταξεν
745 1295 896 1367 αὐτῷ
930 1295 1180 1361 πολλοὺς,
1219 1297 1306 1350 ἵνα
1338 1295 1538 1368 καθέλῃ
1580 1296 1757 1350 Βαϐυ-

171 1393 323 1446 λῶνα
352 1389 594 1454 δικαίως.
1599 1397 1604 1401 ‘

242 1502 356 1576 Τὴν
414 1504 600 1573 σχέσιν
657 1502 757 1574 τὴν
796 1501 991 1556 ἑαυτοῦ
1030 1502 1169 1572 πρὸς
1206 1501 1370 1556 αὐτὸν
1410 1501 1627 1574 Ἰσραὴλ
1667 1501 1758 1555 τὸν

167 1595 316 1649 κατά
349 1593 630 1667 προκοπὴν
671 1594 929 1664 λεχθέντα
987 1593 1220 1647 ἐνταῦθα
1278 1595 1682 1666 ὑπομιμνήσκει
1730 1597 1758 1646 ὁ

167 1688 328 1755 Θεὸς,
351 1687 517 1742 παῖδα
544 1687 708 1741 αὐτὸν
737 1687 1048 1751 ἀποκαλῶν,
1073 1689 1174 1740 οὐκ
1203 1686 1262 1753 ἐξ
1293 1687 1436 1756 ὠνῆς
1464 1686 1753 1757 κτηθέντα,

167 1781 280 1835 οὐδ’
322 1780 601 1852 ἀλλότριον
627 1779 1069 1852 περιποιηθέντα,
1106 1779 1220 1834 ἀλλ’
1256 1780 1330 1843 ὼς
1377 1781 1490 1832 υἱὸν
1522 1779 1626 1831 ὑπὸ
1650 1796 1755 1832 πα-

167 1874 302 1945 τρὸς
354 1873 789 1945 προσληφθέντα,
837 1872 896 1925 ὃν
942 1873 1036 1927 καὶ
1074 1869 1269 1925 Ἰακὼὸ
1315 1871 1499 1935 καλεῖ,
1549 1869 1758 1922 ἐκείνου

169 1968 306 2021 ὄντα
353 1965 595 2036 διάδοχον
623 2005 639 2031 ,
695 1965 791 2019 καὶ
848 1966 907 2020 ἐν
939 1965 1017 2037 τῷ
1045 1965 1258 2036 κλήρῳ
1286 1963 1394 2018 τῶν
1433 1965 1640 2017 ἐκείνου
1668 1980 1758 2016 τε·-

171 2075 392 2113 Αουντα.

246 2172 293 2224 Τ
296 2170 361 2242 ὴν
390 2169 543 2242 παρά
575 2169 668 2223 τοῦ
699 2168 834 2222 Θεοῦ
865 2167 1038 2240 ῥοπὴν
1080 2168 1264 2230 αὐτοῖς
1303 2165 1618 2237 γινομένην,
1668 2165 1762 2218 καὶ

171 2262 275 2334 τὴν
305 2263 447 2316 κατά
475 2262 582 2316 τῶν
630 2261 840 2333 ἐχθρῶν
886 2262 1098 2332 ἄμυναν
1153 2259 1516 2317 ἐκδιδάσκων,
1565 2256 1764 2319 αὐτοὺς

173 2354 404 2429 θαρρεῖν
437 2354 905 2425 παρακελεύεται*
952 2349 1094 2421 Ἐγὼ
1139 2352 1271 2423 γὰρ,
1329 2350 1514 2420 φησιν,
1562 2348 1764 2418 ἐθέμην

177 2466 240 2502 σε
271 2448 450 2512 οὕτως
483 2448 690 2518 ἰσχύειν
725 2447 869 2500 κατὰ
911 2445 1023 2499 τῶν
1053 2444 1295 2516 ἐχθρῶν,
1326 2445 1402 2506 ὡς
1446 2442 1511 2496 ἂν
1540 2443 1767 2513 τροχοὺς

175 2541 438 2613 σιδηροῦς
484 2540 921 2612 πριστηροειδεῖς
967 2537 1304 2608 καταλάϐῃς,
1339 2536 1435 2588 καὶ
1476 2534 1655 2587 πάντα
1700 2532 1768 2585 τὰ

174 2634 311 2705 ἔθνη
345 2651 422 2686 σοι
474 2631 831 2702 ὑποϐεϐηκὼς
862 2633 943 2694 εἰς
982 2631 1044 2682 τὸ
1077 2627 1462 2697 καταπατῆσαι
1491 2625 1661 2679 αὑτά·
1703 2623 1770 2677 τὰ

174 2728 359 2780 τοίνυν
384 2726 651 2798 αίρόμενα
691 2723 1028 2796 φρυάγματα
1061 2722 1137 2785 ὡς
1171 2721 1273 2793 ὅρη
1307 2721 1404 2772 καὶ
1437 2719 1564 2781 τοὺς
1597 2715 1771 2787 ὑψαύ-

175 2837 347 2892 χενας
373 2819 670 2890 λογισμοὺς
702 2818 913 2887 βουνοῖς
945 2813 1467 2886 παραϐαλλομένους
1496 2811 1638 2864 οὕτω
1662 2826 1772 2862 πα-

175 2914 369 2983 τήσεις
404 2912 498 2964 καὶ
530 2911 610 2974 είς
640 2908 790 2962 οὐδὲν
827 2906 1130 2971 ἀποδείξεις
1151 2947 1163 2968 ,
1199 2907 1275 2970 ὡς
1312 2907 1459 2958 κόνει
1491 2903 1775 2975 παραϐάλ-

178 3004 404 3058 λεσθαι·
447 3004 476 3057 ὂ
506 3004 572 3074 δὴ
607 3003 698 3056 καὶ
739 3002 964 3071 γέγονεν
1013 3001 1105 3053 ἐπὶ
1130 2999 1224 3053 τοῦ
1285 2999 1602 3069 Ἀσσυρίου·
1641 2997 1775 3069 μηδέ

179 3099 295 3169 γὰρ
325 3097 736 3168 πολεμήσαντος
764 3093 860 3147 τοῦ
892 3093 1128 3165 Ἰσραὴλ,
1165 3094 1300 3164 μηδὲ
1329 3089 1773 3164 ἀντιπαραταξα-

184 3193 353 3264 μένου
399 3190 620 3253 τούτου,
656 3188 814 3261 ὤφθη
857 3188 918 3242 τὸ
968 3187 1150 3240 πεδίον
1191 3185 1400 3257 νεκρῶν
1443 3185 1770 3256 πλεπληρω-
1799 3204 1841 3262 C

183 3286 374 3359 μένον,
423 3281 664 3356 Χριστοῦ
715 3280 859 3354 χειρὶ
908 3278 1152 3352 κρυφαία
1211 3278 1403 3330 ἑκατὸν
1444 3277 1775 3347 ὀγδοήκοντα

184 3378 352 3432 πέντε
387 3376 626 3448 χιλιάδας
665 3373 946 3436 ἀνελόντος
969 3389 981 3401 ·
1015 3371 1090 3433 ὡς
1117 3370 1209 3424 τὸν
1253 3368 1472 3441 Ἰσραὴλ
1507 3368 1668 3438 μόνον
1696 3369 1776 3432 εἰς

185 3472 320 3525 θέαν
372 3471 601 3541 ἐκϐῆναι
633 3467 726 3522 τοῦ
760 3466 902 3520 οὕτω
945 3463 1182 3537 μεγάλου
1236 3461 1544 3533 παραδόξου
1566 3500 1580 3525 ,
1618 3463 1781 3514 ἐπευ-

187 3562 551 3636 φραινόμενον
579 3561 671 3614 ἐπὶ
695 3562 762 3632 τῇ
795 3558 938 3612 οὓτω
969 3556 1120 3628 παρά
1147 3554 1240 3610 τοῦ
1278 3555 1412 3609 Θεοῦ
1444 3553 1745 3624 ἀντιλήψει.

260 3700 346 3755 Τὰ
373 3700 802 3773 καταληψόμενα
831 3699 1028 3762 αὐτοὺς
1055 3699 1180 3762 τοὺς
1207 3696 1434 3770 ἐχθροὺς
1460 3696 1638 3750 αὐτῶν
1667 3695 1782 3750 δια-

189 3795 414 3867 γορεύει
448 3797 477 3848 ὁ
507 3795 683 3863 λόγος.

265 3907 379 3979 Τὴν
408 3906 499 3960 τοῦ
535 3906 821 3977 Ἀσσυρίου
859 3904 955 3958 καὶ
986 3903 1085 3975 τὴν
1107 3903 1218 3957 τῶν
1253 3902 1566 3971 Αἰγυπτίων
1597 3899 1782 3970 ἔφοδον

191 3998 394 4070 γνώμῃ
448 3996 614 4052 αὑτοῦ
667 3995 999 4066 γεγενῆσθαι
1056 3993 1420 4066 ὑπαγορεύει·
1463 3993 1597 4046 Οὐδὲ
1639 3993 1782 4062 γὰρ,

192 4091 386 4162 φησὶν,
427 4085 572 4145 οῦτοι
621 4087 876 4158 εἰσῄεσαν
907 4087 995 4154 ἀν,
1024 4090 1072 4141 εἰ
1110 4089 1184 4159 μή
1241 4104 1306 4156 γε
1336 4086 1498 4149 αὐτὸς
1545 4084 1784 4138 ἀνεδίδου

192 4181 545 4246 αὐτοῖςκατά
580 4180 965 4252 συγχώρησιν·
1018 4180 1094 4244 ὡς
1126 4181 1251 4250 ἐμοὶ
1287 4179 1468 4232 τοίνυν
1514 4175 1788 4230 διακονού-

194 4289 378 4346 μενοι,
407 4271 651 4343 ἰσχύουσι
677 4270 795 4323 καθ’
824 4270 978 4340 ὑμῶν
1008 4270 1084 4333 ὡς
1123 4270 1264 4324 κατά
1305 4267 1477 4340 πηλοῦ
1510 4267 1568 4321 ὃν
1598 4270 1787 4322 πατεῖν

195 4364 551 4434 μελλήσουσι.
588 4364 856 4436 Παρέστω
884 4363 1062 4416 τοίνυν
1099 4365 1194 4416 καὶ
1225 4362 1336 4415 τῶν
1375 4359 1546 4415 ἐθνῶν
1568 4377 1652 4424 τις
1682 4360 1789 4432 πρὸ

194 4455 419 4513 αἰώνων
448 4456 586 4510 ὅλων
603 4455 673 4508 τά
693 4456 956 4526 μέλλοντα
984 4453 1206 4508 ἔσεσθαι
1236 4451 1537 4526 προλέξων·
1564 4453 1659 4507 καὶ
1682 4453 1790 4505 δει-

1928 1204 2098 1262 Vens.
2133 1203 2189 1259 2.
2234 1201 2310 1260 De
2337 1200 2482 1272 Cyro
2545 1189 2960 1270 agitur,‘qu'em
2994 1195 3119 1266 jure
3137 1186 3208 1247 Tn
3255 1187 3434 1265 Baby-

1859 1297 2040 1352 lonem
2071 1294 2377 1350 suscitavit.
2397 1321 2468 1331 —
2488 1289 2689 1344 Multos
2722 1289 2894 1358 ipsius
2922 1285 3151 1357 imperio
3178 1285 3432 1356 subjecit,

1861 1398 1919 1444 ut
1941 1389 2138 1445 merito
2161 1386 2492 1458 Babylonem
2526 1388 2817 1440 everteret.

1930 1502 2098 1559 Vens.
2130 1501 2182 1556 8.
2228 1499 2471 1556 Aﬁ‘ectus
2523 1513 2656 1555 suos
2706 1497 2764 1552 in
2823 1494 2992 1550 Israel
3024 1499 3292 1549 memorat
3345 1492 3436 1548 hic

1861 1598 2026 1662 Deus,
2052 1596 2158 1650 hoc
2185 1601 2270 1649 est
2301 1593 2358 1647 in
2400 1593 2552 1661 ipsos
2585 1589 2884 1645 Israelitas.
2919 1585 3154 1642 Puerum
3189 1599 3438 1640 eumve-

1861 1697 1983 1755 cat,
2014 1703 2126 1743 non
2159 1685 2384 1756 pecunia
2419 1690 2688 1754 emptum,
2736 1697 2848 1737 non
2890 1681 2958 1735 ab
3001 1679 3180 1734 alieno
3231 1679 3310 1734 in.
3338 1692 3439 1732 sua

1862 1789 2162 1851 receptum,
2191 1777 2286 1835 sed
2311 1785 2370 1832 ut
2401 1775 2600 1830 Filium
2636 1790 2666 1829 a
2701 1773 2864 1828 Patre
2899 1777 3244 1841 susceptum;
3275 1783 3439 1840 quem

1861 1883 1915 1929 et
1937 1872 2107 1928 iacob
2135 1871 2270 1928 dicit
2288 1872 2331 1902 ’³
2405 1870 2532 1925 'uod
2554 1869 2645 1924 hic
2667 1866 2848 1922 Patris
2879 1865 3076 1931 haeres,
3101 1861 3290 1918 eadem
3321 1877 3441 1918 sor-

1861 1967 2014 2022 titus.

1937 2166 2105 2222 Vens.
2129 2167 2217 2220 15.
2238 2164 2376 2221 Cum
2405 2178 2503 2220 eos
2525 2179 2554 2216 a
2581 2162 2694 2218 Deo
2721 2159 2942 2231 adjutos
2963 2157 3143 2218 docet,
3174 2161 3229 2210 et
3252 2159 3443 2207 contra

1863 2263 2105 2318 hostium
2133 2260 2391 2315 incursus
2420 2257 2696 2320 defensos,
2733 2253 2989 2309 ﬁduciam
3027 2248 3163 2318 ipsis
3194 2252 3442 2302 renovat.

1865 2355 1998 2426 Ego,
2023 2353 2226 2424 inquit,
2253 2359 2468 2406 tantum
2499 2350 2600 2404 tibi
2629 2349 2685 2402 in
2716 2347 2905 2402 hostes
2936 2343 3106 2398 robur
3127 2340 3355 2403 contuli,
3388 2343 3448 2391 ut

1866 2455 2016 2499 rotas
2070 2442 2276 2498 ferreas
2317 2441 2375 2495 in
2433 2453 2714 2494 serrarum
2763 2435 2987 2491 modum
3039 2431 3319 2500 accepisse
3369 2428 3448 2482 sis

1867 2535 2040 2597 visus,
2073 2539 2129 2588 et
2179 2537 2372 2602 gentes
2402 2544 2595 2585 omnes
2626 2528 2726 2581 tibi
2777 2524 3184 2580 conculcandas
3224 2518 3446 2574 tradidi.

1869 2623 2222 2681 lusolentiam
2252 2622 2400 2677 velut
2425 2628 2636 2674 montes
2661 2622 3086 2686 consurgentem
3115 2619 3168 2666 et
3185 2609 3451 2680 superbas

1871 2723 2082 2771 mentes
2133 2714 2277 2769 sicut
2317 2711 2487 2766 colles
2542 2709 2752 2770 elatas,
2806 2706 2884 2760 ita
2925 2701 3246 2765 triturabis,
3294 2707 3348 2754 et
3394 2698 3448 2752 in

1872 2809 2104 2865 nihilum
2167 2805 2406 2876 rediges,
2445 2811 2506 2858 ut
2563 2816 2687 2856 cum
2748 2798 2972 2869 pulvere
3026 2801 3451 2865 componantur.

1873 2901 2028 2970 Quod
2083 2899 2304 2971 quidem
2335 2897 2391 2952 in
2443 2893 2705 2966 Assyrios
2756 2891 2962 2946 factum
3006 2897 3128 2945 est:
3181 2900 3308 2940 nam
3353 2899 3456 2938 nec

1873 3001 2155 3066 pugnante
2182 2989 2376 3052 Israel,
2425 3003 2530 3043 nec
2566 2987 2739 3040 aciem
2771 2984 3086 3045 ordinante,
3121 2979 3306 3033 videre
3337 2983 3458 3030 erat

1876 3099 2135 3157 campum
2188 3083 2300 3138 late
2347 3079 2675 3151 corporibus
2729 3082 3104 3134 constratum,
3155 3084 3278 3124 cum
3339 3067 3459 3135 ipse

1874 3177 2130 3233 Christus
2170 3186 2339 3228 manu
2385 3186 2485 3227 sua
2527 3176 2748 3225 centum
2802 3175 2856 3222 et
2892 3163 3173 3234 octoginta
3215 3158 3460 3230 quinque

1876 3269 2048 3325 millia
2075 3265 2491 3339 prostravisset,
2525 3263 2600 3317 ita
2631 3269 2690 3316 ut
2718 3259 2855 3314 nihil
2906 3256 3054 3310 aliud
3085 3252 3459 3308 Israelitarum

1877 3361 2064 3425 fuerit,
2111 3365 2310 3430 praeter
2356 3355 2424 3410 ad
2472 3350 2957 3423 contemplandum
3013 3353 3225 3401 tantum
3272 3340 3461 3412 prodi-

1878 3453 2029 3526 gium
2056 3449 2264 3521 egredi,
2305 3446 2450 3503 etde
2484 3452 2639 3499 tanto
2669 3442 2764 3497 Dei
2797 3438 2981 3496 studio
3015 3433 3313 3490 exsultare.

1877 3663 1879 3666 ί
1953 3689 2120 3744 Vens.
2163 3687 2253 3743 17.
2287 3676 2934 3741 Calamitateshostibus
2987 3671 3349 3730 imminentes
3369 3671 3462 3726 de-

1883 3784 2103 3839 nuntiat
2133 3779 2418 3852 propheta.

1957 3895 2124 3951 Vens.
2170 3891 2262 3946 26.
2307 3889 2660 3962 Assyriorum
2688 3894 2744 3942 et
2790 3880 3176 3954 IEgyptior-um
3207 3877 3467 3934 incursus

1886 3986 1997 4043 Deo
2037 3985 2265 4055 iubente
2293 3980 2470 4036 factos
2516 3979 2691 4034 fuisse
2720 3976 2984 4031 declarat.
3033 3970 3156 4026 Non
3207 3969 3465 4034 fuissem,

1887 4080 1982 4144 ait,
2018 4077 2161 4131 hanc
2193 4082 2399 4130 terram
2451 4069 2710 4142 ingressi,
2743 4068 2853 4124 nisi
2882 4067 2987 4122 hoc
3034 4065 3152 4136 ipse
3178 4061 3470 4119 concedis-

1888 4186 2024 4227 sem.
2053 4168 2240 4223 Donec
2273 4167 2439 4237 igitur
2470 4163 2606 4218 mihi
2645 4160 3021 4227 inservierint,
3065 4157 3340 4213 valebunt
3369 4155 3471 4211 ad-

1889 4277 2085 4318 versus
2117 4275 2217 4316 vos
2247 4267 2310 4314 ut
2349 4259 2406 4313 in
2456 4257 2632 4311 lutum
2687 4251 3262 4325 quod'conculcaturi
3320 4261 3469 4303 sunt.

1888 4353 2160 4411 Procedat
2189 4351 2315 4407 ideo
2346 4350 2434 4405 vel
2462 4365 2530 4405 ex
2563 4349 2820 4420 gentibus
2841 4343 2953 4417 qui
2975 4344 3160 4399 futura
3199 4349 3325 4397 ante
3354 4357 3476 4396 om-

1889 4446 1982 4501 nia
2029 4444 2229 4501 szecula
2273 4442 2550 4512 praedicet.
2595 4437 2846 4495 Ostendit
2875 4451 2978 4492 eos
3019 4449 3141 4490 esse
3189 4433 3465 4488 daemones

196 4550 370 4616 ξάτω,
387 4550 462 4614 ὡς
492 4545 673 4603 οἷοίτε
696 4525 912 4604 ἔσονται
945 4546 1387 4621 προαπαγγεῖλαι
1411 4543 1599 4617 ὥσπερ
1627 4544 1745 4598 ἰδίοι

1914 4538 1993 4610 [ui
2041 4544 2274 4594 ventura
2321 4530 2894 4607 praedicerent-quasi
2942 4526 3288 4583 fuissent'ab
3335 4525 3472 4595 ipsis

193 4645 364 4714 ὅρους
411 4643 491 4706 είς
532 4640 692 4714 ἔργον
741 4642 1034 4714 μέλλοντας
1072 4639 1490 4712 προχωρήσειν·
1533 4637 1628 4691 καὶ
1678 4635 1788 4708 γὰρ

194 4737 250 4788 οἱ
286 4735 563 4805 δαίμονες,
597 4735 704 4789 κᾶν
736 4733 1046 4806 προλέγωσί
1092 4749 1246 4798 τινα,
1279 4731 1380 4784 οὐκ
1430 4729 1608 4782 αὐτῶν
1651 4727 1789 4800 ἔργα

196 4826 579 4900 προλέξουσιν,
612 4825 726 4880 ἀλλ’
761 4826 1052 4897 ἀλλοτρίας
1097 4823 1325 4896 πράξεις
1359 4822 1689 4894 μηνύουσιν·
1724 4821 1787 4874 ού

196 4921 383 4974 τοίνυν
402 4913 545 4974 οῦτοι
562 4917 963 4988 ἀπαγγέλλουσί
978 4935 1029 4970 τι
1053 4917 1201 4979 ἴδιον,
1219 4915 1337 4968 οὐδὲ
1353 4914 1562 4979 ἕξουσιν
1583 4915 1788 4983 ἀκροα-

199 5014 306 5076 τάς
333 5014 460 5078 τοὺς
491 5012 867 5084 διακρίνοντας
894 5011 954 5063 τὸ
983 5009 1178 5080 ψεῦδος
1205 5009 1314 5060 ἀπὸ
1344 5008 1437 5061 τοῦ
1466 5005 1722 5080 ἀληθοῦς.

278 5146 400 5199 Τῶν
444 5145 549 5199 ὑπὸ
580 5146 675 5199 τοῦ
722 5144 858 5198 Θεοῦ
897 5142 957 5208 ἐξ
1007 5143 1184 5214 ἀρχῆς
1239 5139 1691 5212 παρασχεθέντων
1726 5141 1793 5210 τῇ

215 5237 580 5311 Ἰερουσαλὴμ
607 5236 681 5301 ὡς
713 5237 927 5307 ἀνῆπτο
953 5236 1118 5289 παντὶ
1148 5232 1226 5303 τῷ
1255 5232 1444 5304 κόσμῳ
1465 5231 1796 5299 θεογνωσίας

205 5331 507 5402 λαμπτὴρ·
538 5329 632 5383 καὶ
667 5328 742 5392 ὼς
776 5330 958 5381 ἐκεῖσε
992 5329 1025 5398 ή
1073 5325 1168 5380 τοῦ
1210 5324 1344 5378 Θεοῦ
1390 5324 1550 5395 χάρις
1581 5322 1796 5393 μυρίοις

209 5421 522 5494 συνθήμασι
558 5421 1092 5493 κατακεκοσμημένη
1123 5416 1531 5489 ὑπομιμνήσκει
1563 5413 1758 5477 αὐτούς
1777 5429 1792 5444 ·

208 5517 335 5570 ὅθεν
384 5515 477 5567 καὶ
517 5515 593 5577 ὡς
642 5512 805 5566 πάλιν
835 5512 973 5582 μετά
1014 5511 1113 5582 τὴν
1158 5514 1222 5564 ὲκ
1266 5510 1363 5580 τῆς
1419 5505 1798 5577 αἰχμαλωσίας

212 5605 475 5662 ἐπάνοδον
503 5605 610 5658 τῶν
645 5603 826 5658 αὐτῶν
865 5603 1112 5669 ἠξιοῦτο·
1145 5605 1202 5654 οὐ
1257 5601 1361 5672 μὴν
1395 5598 1530 5652 ἀλλὰ
1573 5597 1664 5652 καὶ
1703 5597 1797 5650 ἐπὶ

302 5801 577 5860 “Coloss.
625 5817 710 5866 ιιι,
744 5800 798 5865 9,
834 5801 919 5855 10.
1003 5797 1200 5853 "Gen.
1236 5813 1324 5860 xv,
1356 5797 1404 5850 4.

1894 4629 2162 4693 deﬁnita;
2210 4642 2334 4681 nam
2377 4627 2464 4680 vel
2507 4625 2552 4679 si
2596 4623 2738 4677 forte
2780 4620 2912 4690 quid
2959 4617 3469 4690 praenuntiaverint,

1896 4739 2006 4777 non
2043 4735 2143 4777 sua
2175 4733 2365 4788 opera,
2400 4715 2497 4773 sed
2527 4715 2708 4769 aliena
2743 4711 3004 4768 referent.
3047 4709 3166 4766 Non
3194 4717 3280 4764 est
3315 4707 3480 4780 igitur

1895 4814 2043 4886 quod
2077 4827 2236 4868 suum
2283 4807 2490 4880 aliquid
2533 4807 2895 4871 annuntient,
2926 4819 3028 4860 nec
3081 4804 3287 4858 habent
3319 4800 3480 4856 audi-

1897 4915 2048 4964 tores
2074 4907 2169 4977 qui
2190 4903 2343 4961 falsa
2365 4902 2570 4959 e-veris
2604 4906 2834 4972 possent
2863 4897 3226 4969 distinguere.

1972 5127 2138 5183 Vens.
2167 5127 2257 5181 27.
2291 5126 2424 5192 Quae
2455 5125 2572 5194 ipse
2611 5119 2760 5177 Deus
2795 5135 2828 5174 a
2866 5116 3139 5190 principio
3178 5112 3482 5170 Ierusalem

1901 5219 2314 5294 praeparaverit,
2341 5225 2402 5272 ut.
2430 5218 2642 5287 lampas
2670 5228 2813 5270 vera:
2841 5211 2966 5267 ﬁdei
2999 5217 3175 5264 totum
3210 5215 3482 5262 terrarum

1903 5315 2094 5368 orbem
2142 5310 2445 5375 illuminet,
2487 5317 2619 5378 quot
2651 5314 2707 5362 et
2739 5303 2962 5376 quantis
3007 5317 3104 5357 eos
3137 5299 3486 5355 exornaverit

1905 5403 2217 5470 beneﬁciis,
2253 5408 2560 5469 memorat;
2595 5413 2698 5455 nec
2742 5397 2958 5452 minora
2982 5409 3042 5449 se
3072 5392 3140 5447 de
3173 5389 3487 5461 captivitate

1904 5497 2203 5554 reducibus
2248 5495 2574 5566 largiturum
2624 5488 2937 5546 denuntiat.
2982 5483 3294 5555 Pratprimis
3356 5493 3491 5535 vero

1905 5590 2168 5664 praedicit.
2194 5590 2445 5660 insuper,
2474 5583 2778 5643 Salvatoris
2820 5580 3050 5654 gratiam
3084 5577 3139 5632 in
3174 5574 3304 5632 Sion
3337 5573 3489 5646 prin-
