3824 6140
406 329 545 389 15⁸5ῖί

1494 332 1846 391 TllEODOBI
1887 327 2410 390 HERACLEENSIS

3543 328 3679 384 1336

403 445 550 516 cipio
594 455 912 504 venturam.
960 457 1015 506 et
1082 453 1159 508 ita
1222 467 1417 510 omnes
1468 455 1598 511 dein
1661 455 1952 512 invasuran

2121 451 2297 515 ούτοις
2344 447 2709 522 προαγορεύει
2751 446 2853 517 τὴν
2883 445 2978 499 τοῦ
3021 447 3272 518 Σωτῆρος
3301 444 3460 518 ήμιῖιν
3492 447 3678 518 iambi;-

402 544 612 606 gentes.

474 737 604 795 Car.
641 739 811 807 XLII,
846 741 1014 799 Vens.
1059 744 1146 799 10.
1183 743 1305 812 Quo
1349 746 1497 801 enim
1543 748 1708 804 modo
1745 757 1799 806 et
1831 766 1981 805 nunc

400 829 666 900 propheta
691 871 708 897 ,
739 831 854 907 ubi
897 834 966 889 de
1005 831 1291 892 Salvatore
1345 847 1544 894 nostro
1583 840 1858 910 audierit,
1910 843 1979 897 ad

400 919 657 976 ditandos
679 938 780 979 nos
810 933 866 980 et
893 925 961 980 ad
1001 926 1296 983 salvandas
1327 930 1542 988 animas
1598 946 1817 991 nostras
1849 950 1978 990 ven-

400 1015 548 1076 turo,
584 1017 734 1065 tanta
764 1011 860 1068 Dei
898 1014 1273 1072 misericordia
1302 1020 1485 1076 animo
1513 1025 1820 1090 exsultans,
1856 1027 1976 1081 lau-

399 1098 498 1155 des
546 1098 637 1156 Dei
675 1111 732 1157 et
776 1103 1009 1174 gloriam
1064 1108 1446 1168 celebraturus
1492 1116 1779 1188 exsurgit;
1813 1117 1976 1174 ita‘et

396 1189 536 1248 alios
568 1201 850 1250 cantatum
879 1208 1160 1268 provocat.
1184 1200 1306 1257 Non
1331 1205 1569 1274 primum
1605 1223 1755 1264 nunc
1783 1220 1976 1282 regnat

394 1295 712 1356 perspectus
741 1288 900 1345 nobis
932 1299 986 1345 et
1015 1293 1230 1362 agnitus
1258 1293 1421 1364 Deus,
1444 1297 1538 1354 sed
1559 1299 1795 1369 primum
1828 1317 1975 1356 nunc

393 1376 706 1433 extenditur
761 1381 816 1435 in
855 1389 1128 1439 extremas
1179 1387 1426 1443 omnium
1479 1400 1754 1447 terrarum
1785 1405 1972 1465 partes

394 1469 619 1539 antiqua
656 1471 776 1542 ejus
805 1482 1050 1544 potestas
1070 1517 1085 1542 ,
1114 1479 1434 1538 caelestibus
1471 1495 1715 1556 accepta,
1739 1495 1794 1542 et
1827 1489 1968 1558 apud

391 1558 542 1629 ipsos
609 1563 770 1618 etiam
845 1567 998 1636 prius
1070 1569 1184 1639 jam
1223 1573 1517 1631 celebrata.
1582 1577 1969 1648 Apostolorum

389 1652 636 1710 ordinem
659 1655 950 1730 designant
980 1660 1232 1720 homines
1270 1665 1372 1733 illi,
1402 1669 1552 1724 circa
1589 1673 1968 1743 navigatorum

387 1760 591 1803 munus
620 1761 906 1809 versantes
955 1769 984 1808 a
1029 1757 1230 1826 quibus
1264 1759 1503 1829 primum
1555 1761 1671 1818 haec
1717 1764 1967 1820 doctrina

388 1841 704 1898 conﬁtenda
731 1851 870 1902 erat.

457 2040 620 2100 Vens.
645 2048 733 2102 11.
763 2047 868 2104 Per
897 2051 1049 2107 locos
1078 2050 1420 2112 habitatores
1438 2057 1681 2113 locorum
1705 2059 1960 2125 intendit,

383 2136 476 2203 qui
505 2137 670 2205 primi
705 2137 1045 2199 Salvatorem
1082 2157 1332 2203 nostrum
1371 2146 1664 2204 Dominum
1709 2159 1959 2207 nostrum

379 2225 566 2283 Iesum
605 2230 890 2290 Christum
920 2240 1202 2308 excepturi
1238 2250 1396 2296 erant
1420 2251 1475 2297 et
1517 2243 1667 2297 cultu
1702 2257 1962 2313 prosecu-

379 2320 510 2375 turi.
569 2321 706 2378 Dum
739 2325 806 2382 de
831 2327 1050 2384 deserto
1081 2331 1342 2403 loquitur,
1390 2334 1458 2390 ad
1499 2336 1710 2391 animas
1744 2337 1956 2404 alludit,

380 2409 620 2469 miseriis
665 2423 713 2470 e'
772 2419 1017 2488 penuriis
1075 2434 1406 2492 Oppressas,
1453 2440 1582 2480 vera
1631 2424 1724 2481 Dei
1782 2428 1959 2483 scien-

378 2499 456 2555 tia
504 2501 818 2562 destitutas.
864 2507 1058 2565 Merito
1104 2514 1270 2567 etiam
1315 2513 1491 2570 Cedar
1534 2529 1821 2586 memorat,
1852 2519 1957 2576 hoc

376 2607 482 2649 nos
521 2593 725 2652 docens
766 2599 1015 2667 animas,
1057 2617 1178 2673 qua:
1207 2605 1360 2674 prius
1415 2615 1604 2662 contra
1649 2610 1955 2667 venientem

377 2682 720 2744 Salvatorem
762 2692 1042 2749 reluctata:
1099 2694 1338 2760 fuerint,
1385 2709 1573 2768 postea
1619 2699 1687 2754 ad
1734 2703 1954 2759 saniora

373 2787 692 2845 revocatas,
723 2797 846 2838 cum
897 2787 1250 2843 veneratione
1277 2804 1402 2844 eum
1439 2799 1764 2862 excepturas
1798 2810 1942 2851 esse.

372 2865 507 2923 Nam
561 2875 842 2942 spectabat
883 2876 1060 2932 Cedar
1109 2879 1176 2933 ad
1226 2895 1400 2952 genus
1433 2877 1610 2947 Esau,
1647 2882 1951 2942 Jerusalem

381 2962 600 3028 hostile,
633 2965 917 3038 ipsiusque
941 2971 1151 3040 legibus
1182 2988 1354 3043 usque
1386 2974 1682 3030 infensum.

2089 543 2221 612 μίαν
2249 540 2459 595 ἐκεῖθεν
2503 538 2857 610 ἀρξαμένην,
2894 537 2989 591 καὶ
3029 536 3204 604 οὕτως
3235 537 3330 591 ἐπὶ
3385 537 3570 592 πάντα
3611 542 3677 592 τὶ

2085 634 2214 705 έθνη
2242 635 2341 705 τῆς
2369 631 2564 687 ἐαυτοῦ
2598 633 2820 702 χάριτος
2846 629 3135 703 διαϐἀσης.

2154 747 2367 819 Ὥσπερ
2409 742 2503 800 οῦν
2561 746 2654 798 καὶ
2699 745 2796 797 νῦν
2851 745 3137 816 προφήτης
3201 746 3536 801 καταλαϐὼν
3579 765 3672 820 την.

2085 838 2403 912 σωτηριώδη
2439 837 2744 910 παρουσίαν
2772 835 2867 889 τοῦ
2895 835 3148 908 Σωτῆρος
3171 837 3326 908 ήμιῖιν
3359 839 3454 892 ἐπὶ
3492 840 3675 912 κέρδει

2082 933 2335 1004 ἡμετέρῳ
2369 928 2764 1001 γενησομένην,
2808 928 2902 982 καὶ
2945 927 3041 980 ἐπὶ
3095 928 3340 999 σωτηρίᾳ
3368 929 3482 985 τῶν
3533 932 3672 1001 ήμεο

2079 1025 2255 1095 τέρων
2283 1021 2473 1095 ψυχῶν
2496 1063 2512 1090 ,
2569 1019 2951 1091 ἀγαλλιασθεὶς
2992 1018 3091 1090 τὴν
3119 1019 3297 1091 ψυχὴν
3333 1021 3428 1074 ἐπὶ
3474 1025 3543 1092 τῇ
3587 1039 3676 1075 το-

2082 1117 2254 1188 σαύτῃ
2287 1114 2382 1172 τοῦ
2416 1112 2552 1168 Θεοῦ
2581 1111 2985 1184 φιλανθρωπίᾳ,
3010 1111 3317 1183 ἀπάρχεται
3340 1112 3449 1165 τῶν
3484 1112 3673 1184 ὓμνων

2078 1209 2294 1279 καὶτῆς
2318 1206 2625 1275 δοξολογίας
2641 1223 2655 1236 ο
2685 1205 2747 1258 τὸ
2773 1204 2818 1259 δ’
2839 1202 2972 1257 αὐτὸ
2999 1203 3095 1257 καί
3122 1203 3313 1267 ἄλλους
3339 1206 3518 1257 ποιεῖν
3543 1221 3673 1276 προ-

2075 1299 2369 1370 τρέπεται·
2402 1297 2524 1351 ούδὲ
2565 1296 2676 1368 γὰρ
2701 1298 2729 1348 ὁ
2777 1293 3152 1366 φανησόμενος
3201 1296 3297 1348 καὶ
3337 1295 3672 1366 γνωρισθεὶς

2073 1394 2207 1463 ἡμῖν
2241 1390 2393 1456 Θεὸς,
2430 1389 2527 1443 νῦν
2577 1388 2673 1442 τοῦ
2712 1387 2903 1459 ἀρχειν
2929 1384 3152 1458 ήρξατο,
3209 1385 3344 1439 ἀλλά
3387 1387 3671 1460 προούσης

2073 1483 2240 1538 αὑτοῦ
2288 1483 2387 1554 τῆς
2433 1481 2776 1553 κυριότητος,
2830 1479 2926 1533 καὶ
2953 1480 3013 1533 ἐν
3051 1478 3131 1550 τῷ
3161 1479 3273 1533 ἀνω
3321 1479 3665 1550 κρατούσης,

2073 1579 2166 1632 καὶ
2216 1577 2343 1648 παρ’
2375 1575 2609 1638 ἐκείνοις
2651 1573 3054 1646 δοξαζομένης,
3102 1572 3183 1634 είς
3228 1571 3299 1624 τὰ
3340 1571 3667 1641 ἁπανταχοῦ

2071 1670 2176 1740 γῆς
2225 1669 2438 1740 πέρατα
2499 1667 2946 1739 φανερωθήσεται
2998 1665 3246 1736 πρῶτον·
3301 1663 3514 1736 ταύτης
3566 1665 3667 1735 τῆς

2074 1763 2326 1830 γνώσεως
2358 1758 2760 1831 ἀπαρχομένων
2794 1759 2902 1810 τῶν
2939 1756 3182 1810 παλαιῶν
3230 1755 3461 1809 ἐκείνων
3500 1756 3667 1826 ἔργον

1997 1828 2041 1883 Β
2072 1828 2303 1925 ἐχόντων
2321 1853 2420 1924 τήν
2451 1828 2722 1905 θάλατταν
2750 1850 2954 1917 πλέειν,
2980 1847 3233 1919 ἐδηλοῦτο
3253 1848 3312 1899 τὸ
3332 1847 3526 1918 τάγμα
3554 1847 3664 1900 τῶν

2072 1947 2406 2003 ἀποστόλων.

2152 2063 2247 2115 Ἐκ
2275 2060 2384 2114 τῶν
2413 2059 2594 2112 τόπων
2628 2061 2754 2120 τοὺς
2784 2059 3076 2128 οἰκήτορας
3109 2054 3343 2109 ἐνταῦθα
3375 2055 3660 2125 σημαίνει.

2068 2155 2116 2207 οἳ
2172 2155 2266 2207 καὶ
2305 2152 2514 2225 πρῶτοι
2543 2151 2777 2223 ἤμελλον
2823 2146 3208 2217 ἐπιγινώσκειν
3256 2145 3348 2199 τὸν
3387 2145 3663 2217 ἡμέτερον

2067 2246 2298 2317 Σωτῆρα
2358 2245 2450 2298 τὸν
2498 2243 2703 2315 Κύριον
2757 2240 2914 2312 ἡμῶν
2960 2237 3167 2310 Ἰησοῦν
3225 2239 3318 2291 τὸν
3378 2237 3659 2308 Χριστὸν,

2066 2337 2160 2392 καὶ
2189 2335 2628 2409 προσκυνοῦντας
2672 2333 2932 2400 δοξάζειν.
2960 2333 3205 2403 Ἔρημον
3234 2329 3292 2384 δέ
3345 2330 3444 2384 νῦν
3487 2329 3660 2397 λέγει,

2064 2429 2354 2502 ἀναφέρων
2383 2428 2474 2484 τὸν
2514 2427 2672 2496 λόγον
2708 2427 2788 2489 είς
2817 2425 2915 2488 τὰς
2942 2423 3140 2494 ψυχὰς,
3167 2423 3372 2486 αἵτινες
3414 2423 3663 2493 ἐρημίαν

2062 2519 2471 2590 ἐταλαιπώρουν
2499 2516 2831 2586 θεογνωσίας
2868 2513 3254 2585 ἐστερημέναι.
3309 2512 3657 2580 Ἀναγκαίως

2060 2615 2116 2668 δὲ
2145 2614 2241 2667 καὶ
2281 2611 2380 2682 τῆς
2428 2608 2620 2680 Κηδὰρ
2649 2604 2977 2678 μνημονεύει
2998 2623 3012 2636 ο
3054 2605 3140 2659 διὰ
3165 2604 3358 2658 τούτου
3381 2604 3655 2658 διδάσκων

2061 2705 2229 2774 ἡμᾶς,
2261 2701 2344 2754 ὅτι
2377 2701 2434 2752 αἱ
2466 2695 2888 2768 ἀπομαχόμεναι
2918 2690 3051 2766 πρὸς
3077 2695 3175 2766 τὴν
3218 2693 3532 2766 παρουσίαν
3558 2693 3653 2746 τοῦ

2059 2794 2311 2864 Σωτῆρος
2332 2791 2522 2861 ψυχαὶ,
2547 2789 2776 2862 ὕστερον
2823 2787 3210 2858 ἐπεγνωκυίαι,
3246 2787 3652 2857 ὁμολογήσουσι

2055 2883 2120 2939 τὸ
2157 2883 2350 2948 σέϐας·
2400 2883 2494 2937 καὶ
2555 2882 2664 2954 γάρ
2710 2882 2805 2935 καὶ
2855 2881 2890 2952 ἡ
2935 2879 3128 2952 Κηδάρ
3177 2879 3376 2950 χωρίον
3431 2874 3505 2949 ἧν
3559 2877 3652 2931 τοῦ

2057 2979 2248 3050 γένους
2308 2976 2402 3030 τοῦ
2460 2975 2669 3039 Ἡσαῦ,
2727 2975 2757 3026 ὃ
2821 2972 3046 3026 διετέλει
3098 2971 3527 3042 ἀπομαχόμενον
3586 2972 3650 3041 τῇ

2066 3069 2440 3142 Ἰερουσαλὴμ,
2463 3070 2557 3123 καὶ
2579 3066 2988 3137 ἐναντιούμενον
3014 3068 3128 3128 τοῖς
3145 3063 3351 3134 ταύτης
3369 3063 3649 3134 νομίμοις.

445 3156 610 3218 Vens.
664 3163 752 3217 15.
797 3164 1104 3222 Adventum
1145 3169 1449 3228 Salvatoris
1482 3181 1536 3229 et
1579 3174 1669 3231 hic
1712 3177 1948 3235 manife-

2126 3181 2239 3253 Τὴν
2276 3179 2372 3234 τοῦ
2412 3179 2665 3251 Σωτῆρος
2699 3175 2995 3248 ἐπιδημίαν
3028 3176 3120 3229 καὶ
3154 3173 3389 3228 ἐνταῦθα
3430 3173 3655 3245 τρανῶς

363 3249 510 3328 _stius
543 3251 772 3320 indicat,
804 3257 898 3326 qui
941 3273 1130 3329 pacem
1164 3261 1328 3319 nobis
1363 3263 1574 3332 alTeret,
1611 3274 1686 3333 et,
1725 3269 1794 3324 ad
1827 3271 1948 3326 vin-

369 3343 573 3399 dictam
624 3349 914 3420 semetipse
970 3367 1356 3422 commovens,
1414 3357 1626 3414 inimici
1700 3361 1846 3419 vires
1893 3372 1949 3420 et

369 3427 685 3506 superbiam
724 3451 994 3499 conteret.
1028 3443 1163 3500 Nam
1207 3446 1420 3505 hostem
1451 3461 1505 3506 et
1535 3451 1819 3509 inimicum
1851 3471 1950 3512 no-

367 3538 540 3584 strum
573 3546 683 3586 non
727 3536 1062 3606 aggreditur,
1095 3542 1256 3610 quasi
1299 3541 1496 3598 fuisset
1529 3546 1649 3600 zelo
1679 3545 1943 3616 affectus;

364 3633 574 3678 vacuus
600 3625 748 3680 enim
775 3627 844 3682 ab
866 3629 1016 3683 omni
1049 3631 1294 3688 humano
1321 3633 1540 3700 affectu,
1569 3645 1755 3708 utpote
1775 3639 1944 3710 Deus,

371 3712 668 3782 semetipse
725 3715 793 3770 ad
839 3717 1141 3775 vindictam
1215 3726 1620 3796 commovebit;
1689 3731 1838 3800 quod
1890 3741 1946 3789 et

363 3815 532 3858 carne
567 3816 849 3877 suscepta,
895 3809 1049 3866 fecit.
1083 3811 1221 3869 Nam
1253 3831 1379 3871 eum
1436 3818 1792 3879 infremuisse
1833 3826 1945 3896 spi-

363 3893 474 3948 ritu
499 3897 544 3928 ¹⁶
571 3908 803 3956 narrant
829 3906 1196 3975 evangelistas,
1240 3909 1472 3966 liberum
1503 3914 1625 3984 ejus
1654 3893 1942 3973 arbitrium

361 3986 746 4060 declarantes;
779 4009 908 4050 nam
943 3997 1213 4071 lacrymas
1239 4000 1451 4069 eﬂ'udit,
1484 4013 1538 4061 et
1577 4022 1778 4080 corpus
1816 4011 1944 4066 fati-

359 4088 546 4149 gatum
574 4083 616 4114 ¹⁷
650 4089 841 4156 sensit,
868 4089 1096 4149 allectus
1132 4093 1271 4152 istos
1295 4096 1442 4152 haud
1485 4098 1691 4156 invitus
1718 4116 1942 4172 perpeso

359 4187 481 4239 sus,
517 4175 616 4231 sed
649 4178 828 4235 libens
855 4181 923 4238 iis
960 4199 1164 4256 corpus
1195 4203 1356 4243 suum
1389 4190 1648 4261 subjecit.
1680 4192 1940 4253 Homines

358 4267 581 4337 quidem
630 4286 732 4326 nos
787 4273 1062 4346 lacrymas
1115 4277 1523 4349 profundimus,
1570 4299 1682 4340 non
1721 4288 1940 4357 quando

357 4359 733 4428 voluerimus;
784 4366 882 4420 sed
913 4368 1043 4438 quia
1073 4369 1181 4424 illae
1213 4374 1465 4443 corporei
1499 4374 1730 4434 aﬂ‘ectus
1784 4388 1936 4447 sunt,

357 4451 470 4506 illis
498 4453 584 4509 vel
613 4454 770 4511 inviti
797 4473 1117 4530 movemur;
1148 4463 1216 4518 de
1242 4463 1356 4521 Deo
1387 4473 1569 4522 autem
1601 4483 1713 4524 non
1743 4472 1933 4529 eadem

356 4543 572 4611 valent,
630 4547 727 4602 sed
761 4550 880 4621 ipse
931 4553 998 4608 ad
1053 4562 1247 4610 nutum
1296 4567 1500 4613 cuncta
1536 4561 1716 4630 gerit,
1770 4569 1830 4618 et
1878 4565 1935 4621 in
1971 4539 2016 4594 Β

356 4633 545 4693 hostes
579 4639 769 4695 eadem
811 4651 1087 4714 potestate
1118 4644 1342 4717 gaudet.

423 4841 594 4901 Vens.
632 4847 720 4901 17.
771 4847 1109 4909 Confusione
1167 4853 1301 4909 dicit
1357 4870 1452 4911 eos
1506 4857 1943 4916 confundendost

359 4951 460 5007 pro
492 4939 735 5007 peccatis
769 4942 985 5010 merito,
1013 4951 1068 4999 et
1093 4947 1230 5002 tales
1262 4947 1499 5015 futuros,
1531 4949 1714 5019 qualia
1757 4951 1932 5006 simu-

351 5045 504 5084 .acra
558 5045 772 5097 eorum,
843 5035 922 5089 uti
994 5038 1261 5108 scriptum
1305 5048 1422 5095 est:
1466 5061 1484 5092 ‹
1542 5039 1760 5098 Similes
1823 5043 1932 5098 illis

352 5119 486 5173 ﬁant
520 5111 862 5191 qui‘faciunt
891 5137 954 5180 ea
988 5117 1064 5182 '9.
1090 5147 1109 5180 ι
1143 5128 1300 5195 Quod
1339 5131 1385 5185 si
1417 5132 1804 5187 contumeliam
1833 5133 1934 5188 du-

350 5212 477 5267 citis
503 5195 714 5271 similes
740 5205 858 5271 ﬁeri
890 5217 1052 5274 idolis
1075 5221 1301 5286 vestris,
1324 5221 1692 5276 recordemini
1723 5222 1929 5293 potius,

349 5313 556 5370 quanto
594 5307 913 5379 vosmetipsi
949 5309 1272 5382 deprimitis.
1313 5327 1412 5383 pro
1467 5311 1705 5367 dominis
1746 5327 1841 5368 eos
1876 5323 1931 5368 et

349 5397 458 5454 diis
489 5397 783 5457 habentes.

423 5577 592 5635 Vnus.
627 5582 712 5636 18.
757 5581 966 5642 Sensus
999 5601 1119 5649 cum
1159 5585 1432 5652 habeatis,
1475 5589 1775 5659 recogitate
1812 5604 1932 5660 qua:

425 5735 460 5763 "
483 5733 639 5791 δοθῇ.
672 5754 747 5803 xi,
784 5739 871 5794 55.

2057 3273 2408 3344 ὑπαγορεύει,
2451 3272 2511 3336 ὃς
2537 3274 2669 3343 ἡμῖν
2700 3271 2799 3341 μὲν
2844 3271 3067 3340 εἰρήνην
3099 3265 3389 3338 βραϐεύει,
3425 3266 3655 3320 καθελεῖ

2050 3366 2109 3419 δὲ
2146 3366 2326 3419 πᾶσαν
2373 3364 2603 3435 δύναμίν
2643 3378 2704 3416 τε
2762 3362 2858 3415 καὶ
2891 3359 3210 3425 ἀλαζονείαν
3256 3359 3352 3412 τοῦ
3399 3358 3652 3430 ἐχθροῦ,

2051 3458 2242 3512 ἑαυτὸν
2283 3458 2511 3530 κινήσας
2546 3457 2684 3528 πρὸς
2729 3453 3002 3509 ἐκδικίαν·
3041 3452 3164 3506 οὐδὲ
3210 3451 3320 3523 γὰρ
3356 3451 3436 3516 ὡς
3470 3452 3654 3516 πάθος

2051 3553 2340 3623 ὑπομένων
2394 3550 2758 3621 ζηλοτυπίας,
2815 3547 3055 3618 χωρήσει
3109 3545 3249 3598 κατά
3292 3543 3494 3618 ἐχθροῦ
3553 3546 3652 3597 καὶ

2050 3645 2311 3716 πολεμίου
2356 3645 2518 3716 ἡμῖν’
2556 3642 2672 3697 ἀλλ’
2721 3639 3006 3710 ἐλεύθερος
3066 3639 3143 3692 ὣν
3188 3638 3384 3701 παντὸς
3435 3637 3651 3701 πάθους

2048 3735 2389 3808 ἀνθρωπίνου
2430 3735 2525 3788 ἅτε
2557 3733 2690 3797 Θεὸς
2729 3733 2922 3786 ἑαυτὸν
2953 3733 3168 3802 κινήσει
3221 3730 3358 3802 πρὸς
3387 3730 3647 3799 ἄμυναν

2048 3822 2232 3886 καθὼς
2260 3823 2354 3876 καὶ
2401 3825 2459 3876 ἐν
2493 3822 2657 3893 σαρκὶ
2689 3822 2878 3890 φανεὶς
2903 3819 3173 3891 πεποίηκε
3196 3835 3210 3848 '
3247 3819 3327 3890 τῷ
3370 3818 3507 3890 γὰρ,
3549 3819 3650 3872 ἐνο

2045 3915 2405 3987 εϐριμήσατο
2422 3914 2502 3982 τῷ
2518 3915 2832 3986 πνεύματι,
2870 3913 3224 3985 σημειοῦνται
3260 3914 3310 3966 οἱ
3353 3911 3650 3981 εὐαγγελι-

2048 4011 2206 4078 σταὶ,
2233 4008 2520 4081 δηλοῦντες
2551 4008 2611 4062 τὸ
2657 4007 2904 4062 ἑκούσιον
2951 4009 3049 4077 τῆς
3093 4007 3356 4077 γνώμηςο
3394 4005 3645 4077 δάκρυον

2045 4102 2154 4173 γὰρ
2202 4100 2406 4172 ἐξέχεε,
2459 4101 2552 4154 καὶ
2582 4099 2826 4171 κάματον
2875 4099 3116 4171 ὑπέμενε
3173 4097 3526 4169 σωματικὸν,
3577 4097 3647 4150 τὰ

2045 4191 2194 4262 πάθη
2223 4193 2323 4244 οὐκ
2363 4190 2634 4254 ἀκουσίως
2669 4190 2979 4260 ὑπομένων,
3007 4189 3122 4243 ἀλλ’
3154 4191 3240 4242 ἐπ’
3270 4187 3529 4253 ἐξουσίας

2046 4284 2256 4356 σώματι
2277 4285 2601 4338 ἐπιτάττων.
2642 4283 2768 4336 Ἐπὶ
2825 4282 2933 4353 γὰρ
2965 4281 3123 4352 ἡμῶν
3171 4280 3280 4334 τῶν
3326 4280 3643 4352 ἀνθρώπων

2043 4376 2256 4449 δάκρυα
2287 4377 2386 4447 μὲν
2423 4377 2688 4447 ἐκχεῖται,
2723 4375 2824 4444 οὺχ
2856 4375 2934 4427 ὅτ’
2969 4373 3036 4428 ἂν
3077 4373 3346 4444 θέλωμεν,
3385 4373 3644 4444 σώματος

2042 4467 2100 4519 δὲ
2143 4467 2272 4520 ὄντα
2302 4467 2506 4537 φυσικά
2547 4464 2716 4536 πάθη,
2753 4467 2850 4520 καὶ
2895 4463 3166 4526 ἀκουσίως
3197 4461 3374 4515 ταῦτα
3421 4464 3640 4534 ὑπομέ-

2045 4572 2237 4626 νομεν’
2271 4555 2300 4605 ὁ
2329 4553 2385 4607 δέ
2415 4553 2550 4618 Θεὸς
2569 4554 2667 4624 οὐχ
2692 4553 2887 4618 οὕτως,
2915 4552 3029 4606 ἀλλ’
3065 4553 3151 4604 ἐπ’
3177 4551 3430 4618 ἐξουσίας
3461 4553 3640 4606 πάντα

2045 4646 2237 4713 ποιῶν,
2278 4648 2373 4700 καὶ
2404 4645 2546 4700 κατὰ
2571 4644 2680 4699 τῶν
2708 4643 2921 4716 ἐχθρῶν
2953 4646 3020 4715 τῇ
3055 4645 3192 4716 αὐτῇ
3227 4643 3462 4714 δυνάμει
3498 4645 3638 4716 19f,-

2045 4755 2215 4793 σεται.

2113 4850 2227 4922 Τῆς
2249 4851 2368 4903 κατ’
2405 4848 2561 4914 ἀξίαν
2584 4849 2690 4902 τῶν
2723 4847 3138 4920 ἁμαρτημάτων
3161 4845 3428 4918 αἰσχύνης
3450 4845 3637 4910 ἀξίους

2042 4938 2180 4996 εἶναι
2206 4942 2405 5006 αὐτοὺς
2429 4943 2627 5013 φάσκει
2649 4958 2663 4972 θ
2693 4943 2787 4996 καὶ
2814 4941 3092 5004 τοιούτους
3122 4939 3362 5005 ἔσεσθαι,
3397 4934 3493 4992 οἷὰ
3531 4956 3636 5008 περ

2042 5035 2136 5090 καὶ
2192 5034 2260 5088 τὰ
2299 5035 2620 5106 σεϐάσματα
2661 5034 2873 5099 αὐτῶν,
2909 5034 3052 5087 κατά
3098 5033 3158 5085 τὸ
3203 5031 3636 5102 γεγραμμένον

2047 5147 2064 5178 ι
2097 5128 2314 5198 Ὅμοιοι
2345 5127 2528 5190 αὐτοῖς
2552 5128 2794 5196 γένοιντο
2821 5127 2872 5180 οἱ
2905 5124 3188 5187 ποιοῦντες
3229 5123 3405 5176 αὺτά·
3439 5143 3458 5175 ι
3495 5127 3548 5176 εἰ
3580 5123 3638 5176 δὲ

2042 5217 2200 5290 ὓϐριν
2229 5217 2450 5289 ἡγεῖσθε
2487 5218 2549 5271 τὸ
2580 5215 2961 5290 ἐξομοιοῦσθαι
2990 5219 3101 5278 τοῖς
3132 5215 3475 5286 σεϐάσμασιν
3501 5217 3632 5268 ἐαυ-

2039 5312 2169 5377 τῶν,
2199 5312 2335 5365 πολὺ
2366 5312 2630 5384 πρότερον
2673 5312 2816 5366 κατὰ
2865 5310 2989 5365 νοῦν
3034 5310 3249 5372 λάϐετε,
3277 5309 3354 5372 ὡς
3402 5309 3638 5372 ἑαυτοὺς

2039 5402 2375 5475 ἀτιμάζετε,
2424 5403 2689 5468 δεσπότας
2739 5403 2938 5466 αὐτοὺς
2986 5402 3080 5456 καὶ
3121 5401 3276 5465 θεοὺς
3320 5402 3634 5473 ἐπιγραφό-

2085 5513 2216 5549 ενοι.

2042 5511 2299 5640 μεὶίίίνυν
2335 5586 2403 5639 τὰ
2437 5587 2769 5660 αἰσθητήρια
2802 5586 3146 5660 κεκτημένοι,
3173 5584 3264 5639 τὸν
3300 5585 3510 5640 σκοπὸν
3536 5581 3637 5640 τοῦ

954 5743 995 5774 ¹⁷
1020 5742 1151 5799 ibid.
1179 5744 1276 5811 3o;
1308 5757 1437 5800 huc.
1473 5759 1585 5811 xu,
1623 5743 1709 5815 ll;
1745 5743 1901 5802 Joan.
1933 5760 2004 5813 iv,
2028 5743 2077 5798 6.
2163 5742 2362 5801 1“Psal.
2395 5759 2545 5811 CXIII,
2581 5744 2635 5800 8.
