3824 6140
149 363 285 418 I357

1529 368 1596 424 IN
1636 369 1891 427 lelAM.

3272 364 3411 419 1558

138 480 435 544 καλοῦντος
480 479 624 551 ὑμᾶς
664 481 990 552 ἐννοήσατε·
1021 481 1097 546 ὡς
1147 484 1224 547 εἰς
1267 481 1518 555 οὐράνιον
1573 485 1709 537 πολι-

1830 484 1901 538 sit
1931 499 2084 539 mens
2123 483 2394 538 vocantis.
2440 481 2520 536 Ad
2572 482 2856 536 caelestem
2902 479 3182 534 civitatem
3227 481 3410 534 vocati

137 571 290 626 τείαν
316 569 606 641 κέκλησθέ,
637 573 734 624 καὶ
769 575 848 635 εἰς
881 573 1146 642 ἀγγέλους
1172 573 1346 626 τελεῖν
1379 575 1722 645 παρεσκεύα-

139 660 270 714 σθε·
298 659 462 734 ,οὐδὲν
509 659 695 731 ἕτερον
743 663 872 731 παρ’
924 661 1077 732 ὑμῶν
1115 661 1400 726 ἀπαιτῶν,
1437 661 1469 732 ἥ
1510 661 1607 733 τὴν
1663 661 1723 725 ἐξ

140 751 356 814 εὐνοίας
407 751 640 805 αίνεσιν·
685 751 864 824 ἥνπερ
921 751 1348 824 παραλιπόντες,
1387 753 1720 807 ἐκδεδώκατε

139 843 366 906 ἐαυτοὺς
417 841 494 910 τῷ
537 842 779 915 πονηρῷ,
833 844 930 897 καὶ
973 845 1234 914 γεγόνατε
1281 845 1488 898 ἐκείνου
1521 847 1721 916 αἰχμά·

140 934 330 1001 λωτοι,
360 935 747 1004 παγιδεύοντες
778 936 974 999 αὐτοὺς
999 937 1058 988 ἐν
1089 935 1417 1007 συνειδήσει,
1445 938 1538 990 καὶ
1568 938 1722 991 εἰδω-

141 1025 485 1091 λοποιοῦντες
533 1029 592 1081 ἐν
634 1030 745 1092 τοῖς
776 1027 944 1092 οἴκοις
989 1027 1171 1099 ὑμῶν’
1227 1029 1336 1082 ἀπὸ
1382 1028 1492 1100 γὰρ
1534 1028 1720 1082 κακῶν

141 1119 364 1178 ἐννοιῶν
395 1120 475 1183 εἰς
519 1117 677 1191 ἔργον
709 1119 1132 1191 προκεχώρηκεν
1160 1120 1288 1190 ὑμῖν
1325 1118 1394 1173 τὰ
1435 1119 1718 1190 ἐπιτηδεύ-

144 1229 291 1281 ματα
307 1230 320 1242 ο
342 1211 551 1282 διόπερ,
575 1211 920 1282 αἰχμαλωσίᾳ
946 1214 1013 1282 τῇ
1040 1228 1098 1264 τε
1123 1211 1263 1264 κατά
1286 1211 1442 1281 σῶμα
1460 1212 1555 1264 καὶ
1573 1211 1716 1282 ψυχῇ

142 1301 555 1372 ὑποϐληθέντες,
572 1304 670 1373 οὐχ
698 1301 847 1367 ἕξετε
867 1300 957 1355 τὸν
984 1301 1510 1373 ἀντιλαμϐανόμενον
1529 1300 1679 1371 ὑμῶν
1701 1318 1714 1331 ’

137 1393 250 1446 τῶν
278 1394 386 1463 γὰρ
419 1393 691 1464 πολεμίων
724 1393 1080 1456 ἐπελθόντων,
1114 1395 1163 1446 οί
1210 1393 1552 1464 νομισθέντες
1590 1395 1717 1465 παρ’

140 1486 270 1556 ὑμῖν
299 1482 437 1540 εἶναι
466 1485 576 1539 θεοὶ
598 1488 659 1539 οὐ
691 1485 764 1557 μὴ
787 1485 1074 1552 ἐξέλωνται
1110 1487 1273 1556 ὑμᾶς,
1309 1487 1428 1540 οὑδέ
1469 1487 1536 1540 τὰ
1569 1487 1718 1557 παρὰ

137 1574 248 1627 τῶν
277 1573 548 1644 πολεμίων
585 1574 959 1646 διαρπαγέντα
1001 1575 1542 1646 ἀποκαταστήσουσιν
1567 1576 1714 1645 ὑμῖν.

213 1667 324 1736 Τῆς
363 1667 422 1731 ἐξ
454 1666 728 1734 Αἰγύπτου
781 1666 1092 1738 ἐλευθερίας
1131 1668 1572 1737 ὑπομιμνήσκει·
1606 1667 1718 1720 6st.-

140 1757 294 1822 κνὺς,
326 1759 422 1823 ώς,
459 1757 592 1810 Ὅλα
619 1757 746 1828 ἔθνη
775 1758 1252 1828 τιμωρησάμενος,
1277 1756 1428 1826 ὑμῶν
1464 1757 1718 1810 ἀντικατ-

1826 575 1980 637 estis,
2017 582 2070 628 et
2108 575 2161 628 in
2207 575 2525 645 angelorum
2561 572 2901 626 consortium
2939 569 3237 634 destinati;
3274 569 3411 623 nihil

1826 683 1855 720 a
1889 668 2046 723 vobis
2080 668 2331 737 deposcit
2378 665 2522 720 Deus
2543 706 2558 731 ,
2598 675 2792 735 praeter
2821 665 2962 734 grati
2994 663 3160 716 animi
3199 660 3407 716 laudes.

1825 757 1972 824 Quas
2026 767 2206 814 autem
2240 759 2591 827 denegantes,
2633 757 2780 810 malo
2825 770 2922 810 vos
2968 755 3115 823 ipsos
3155 752 3404 816 dedistis,

1823 851 1973 906 illius
2025 850 2223 921 captivi
2274 849 2403 904 facti
2473 850 2610 904 estis
2642 887 2656 912 ,
2728 846 3127 902 conscientiam
3172 845 3408 898 obdure-

1825 949 2060 1006 sceutes,
2117 949 2172 997 et
2223 942 2364 996 idola
2419 940 2472 994 iu
2529 939 2783 994 domibus
2827 938 3024 1002 vestris
3067 938 3408 992 constituen-

1823 1043 1950 1100 tes;
1987 1041 2112 1087 actu
2141 1033 2283 1087 enim
2321 1030 2650 1102 perfecistis,
2699 1044 2821 1099 qua:
2869 1029 3024 1098 prius
3069 1035 3251 1083 mente
3283 1037 3402 1084 stu-

1821 1122 2084 1176 dueratis.
2137 1121 2479 1189 Quapropter
2525 1129 2578 1173 et
2601 1133 2831 1188 corpore
2861 1126 2915 1172 et
2943 1118 3126 1172 animo
3181 1118 3238 1172 in
3301 1133 3397 1172 ca-

1822 1213 2120 1283 ptivitatem
2161 1210 2389 1274 redacti,
2427 1226 2536 1264 non
2587 1210 2856 1264 habebitis
2893 1209 2986 1278 qui
3031 1224 3129 1264 vos
3179 1209 3399 1265 liberet.

1820 1302 1956 1357 Nam
1988 1302 2237 1357 hostibus
2267 1316 2365 1354 vos
2404 1300 2805 1362 invadentibus.
2839 1316 2946 1354 non
2979 1308 3263 1370 protegent
3308 1316 3404 1356 vos

1826 1396 1929 1457 illi,
1958 1396 2052 1465 qui
2083 1393 2158 1447 dii
2189 1410 2313 1450 esse
2346 1402 2691 1464 repulantur,
2728 1410 2828 1448 nec
2858 1402 3012 1463 rapta
3042 1393 3112 1447 ab
3153 1393 3403 1449 hostibus

1818 1488 1974 1542 vobis
2004 1487 2316 1542 restituent.

1891 1663 2025 1719 CAP.
2085 1661 2270 1728 XLIII,
2307 1660 2474 1716 Vsss.
2519 1661 2572 1716 5.
2616 1657 3020 1714 Liberationem
3063 1675 3128 1713 ex
3166 1658 3401 1729 Egypto

1819 1761 2233 1809 commemorat.
2261 1751 2465 1806 Gentes
2492 1758 2721 1806 cunctas
2746 1749 2924 1819 pinnis
2946 1747 3231 1802 alliciendo
3251 1763 3402 1802 com-

137 1850 489 1921 ηλλαξάμην,
543 1851 782 1912 ἐκείνους
848 1849 948 1919 μὲν
994 1848 1254 1911 κακώσας
1319 1849 1414 1902 καὶ
1467 1848 1709 1920 ἀπωλείᾳ

1824 1845 2184 1900 mutationem
2218 1850 2458 1898 vestram
2488 1842 2612 1905 Ieci,
2647 1841 2843 1910 inquit,
2871 1839 2990 1893 illos
3007 1839 3224 1908 quidem
3256 1840 3402 1892 cala-

140 1943 436 2014 παραδοὺς,
469 1943 598 2013 ὑμῖν
625 1943 681 1995 δὲ
707 1942 956 2012 βοήθειαν
983 1941 1194 2012 νείμας.

211 2134 378 2187 Πάλιν
413 2131 647 2186 ἐνταῦθα
681 2133 1104 2204 ὑπομιμνήσκει,
1138 2133 1220 2187 ὅτι
1266 2133 1365 2204 οὑχ
1395 2134 1469 2198 ὡς
1495 2136 1712 2197 οἰκείοις

138 2225 320 2287 πόνοις
347 2224 505 2290 δόξαν
538 2225 748 2286 ἑαυτοῖς
779 2225 1251 2296 περιεποιήσαντο,
1280 2227 1400 2279 οὑδέ
1426 2227 1530 2298 ἰδίᾳ
1555 2227 1711 2281 δυνά-

140 2333 232 2386 μει
274 2315 382 2368 τῶν
411 2313 580 2367 ἐθνῶν
625 2315 1024 2386 περιεγένοντο,
1068 2315 1203 2368 ἀλλά
1235 2315 1329 2368 τοῦ
1358 2317 1492 2370 Θεοῦ
1542 2319 1712 2372 ἁπαν-

136 2407 302 2479 ταχοῦ
328 2408 423 2461 καὶ
451 2406 654 2460 τούτων
686 2407 1036 2478 ἐρημούντων
1065 2407 1410 2478 ἐνεργοῦντος
1435 2408 1573 2463 κατά
1603 2409 1711 2462 τῶν

138 2499 428 2552 ἐναντίων’
474 2497 732 2570 ἑλομένου
777 2497 884 2569 γάρ
920 2515 1021 2568 μου
1058 2499 1328 2554 συντελεῖν
1372 2517 1430 2553 σε
1474 2503 1552 2565 εἰς
1586 2501 1711 2556 λαὸν

139 2589 291 2660 ἐμὸν,
320 2587 654 2658 ἁπρονόητος
679 2587 738 2640 ού
775 2587 1112 2658 μεμένηκας.

210 2700 331 2754 Ὀτι
364 2701 398 2770 ή
449 2698 656 2770 ἔρημος
715 2699 933 2753 νοτίδων
981 2697 1142 2752 θείων
1189 2697 1531 2769 τυγχάνουσα
1565 2699 1710 2773 ψυχὴ

142 2791 278 2864 μετά
299 2792 400 2864 τὴν
447 2791 748 2863 παρουσίαν
789 2789 884 2842 τοῦ
929 2788 1178 2860 Σωτῆρος
1204 2789 1525 2861 πλημμυρεῖ
1553 2791 1710 2845 θείων

137 2884 479 2954 διδαγμάτων
499 2925 514 2950 ,
548 2884 608 2947 ὃς
651 2883 748 2953 τήν
796 2882 918 2937 καθ’
951 2882 1178 2936 ἕκαστον
1207 2882 1378 2953 ἄνδρα
1411 2884 1504 2936 καὶ
1557 2888 1709 2957 κοινῇ

134 2978 234 3049 τὴν
269 2976 592 3048 Ἐκκλησίαν
629 2977 719 3029 ἴσα
753 2977 1017 3045 ποταμοῖς
1046 2973 1378 3044 ἐπαρδεύετο
1406 2979 1519 3040 τοῖς
1547 2976 1711 3040 θείοις

134 3069 489 3140 διδάγμασινο
526 3069 726 3139 ὁμοίως
757 3067 814 3120 δὲ
849 3069 1062 3137 νοήσεις
1113 3067 1208 3118 καὶ
1250 3066 1319 3120 τὰ
1357 3068 1504 3137 ἑξῆς,
1539 3070 1711 3140 ἁρμό-

1815 1935 2102 1990 mitatibus
2131 1947 2187 1989 et
2212 1935 2383 1989 exitio
2407 1934 2676 2005 alliigens,
2707 1946 2808 1986 vos
2831 1940 3013 1985 autem
3051 1931 3254 1985 auxilio
3279 1945 3401 1985 meo

1814 2024 2026 2080 fovens.

1892 2138 2052 2194 tiens.
2085 2139 2139 2194 4.
2197 2138 2399 2193 Iterum
2437 2138 2528 2193 hic
2561 2137 2827 2202 declarat,
2861 2139 3008 2207 ipsos
3045 2152 3154 2192 non
3197 2136 3398 2191 labori-

1813 2234 1916 2288 bus
1943 2233 2062 2287 suis
2089 2231 2320 2302 gloriam
2366 2231 2596 2300 adeptos
2627 2244 2774 2294 esse,
2819 2245 2922 2283 nec
2949 2244 3046 2283 sua
3083 2229 3284 2283 virtute
3313 2229 3398 2282 lu-

1817 2326 2035 2394 gavisse
2068 2324 2279 2387 hostes,
2314 2323 2410 2378 sed
2443 2322 2611 2377 Deum
2644 2321 2867 2390 ubique,
2903 2327 2959 2374 ct
2992 2334 3089 2389 per
3119 2334 3178 2373 se
3203 2319 3399 2372 adver-

1816 2417 1994 2470 sarios
2024 2429 2275 2485 quosque
2308 2414 2595 2483 repulisse.
2632 2412 2744 2484 Ego
2775 2412 2920 2467 enim
2963 2419 3017 2466 te
3057 2411 3310 2482 eligerem
3337 2423 3398 2464 ut

1813 2517 1865 2562 te
1921 2507 2180 2578 populum
2208 2520 2387 2560 meum
2439 2506 2696 2569 facerem,
2737 2503 3058 2574 imprudens
3117 2517 3248 2557 vero
3288 2516 3396 2555 non

1813 2597 2201 2669 perseverasti.

1882 2707 2051 2763 Vens.
2084 2707 2172 2760 l9.
2223 2705 2448 2762 Deserta
2493 2705 2637 2759 facta
2685 2703 2924 2758 hominis
2958 2703 3180 2766 anima,
3216 2708 3270 2754 et
3303 2699 3393 2753 di-

1811 2801 1956 2856 vinis
1979 2799 2408 2869 cogitationibus
2439 2812 2607 2851 vacua
2628 2835 2644 2860 ,
2690 2804 2814 2866 post
2848 2794 3146 2848 Salvator-is
3175 2793 3386 2845 adven-

1810 2901 1925 2946 tum
1963 2891 2164 2946 divinis
2211 2890 2480 2944 doctrinis
2530 2887 2849 2958 replebitur,
2888 2886 2982 2955 qui
3017 2884 3263 2953 singulos
3295 2882 3395 2936 ho-

1810 2984 1987 3038 mines
2038 2989 2094 3036 et
2148 2982 2461 3037 universam
2509 2979 2812 3034 Ecelesiam
2857 2977 3016 3047 quasi
3068 2975 3392 3029 ﬂuminibus

1811 3075 2129 3131 caelestibus
2177 3075 2444 3130 doctrinis
2482 3073 2765 3142 irrigavit;
2803 3071 3059 3127 similiter
3098 3077 3152 3123 et
3197 3077 3393 3122 extera

135 3161 244 3226 ζων
275 3161 503 3216 ἕκαστον
534 3160 645 3214 τῶν
673 3159 971 3230 λεχθέντων
1009 3159 1089 3221 εἰς
1131 3155 1230 3211 τὴν
1265 3157 1325 3214 ἐν
1349 3159 1547 3231 ψυχαῖς
1575 3162 1709 3215 θεω-

1824 3166 2286 3236 interpretaberis,
2304 3164 2468 3220 verba
2485 3163 2700 3234 singula
2718 3163 2786 3216 ad
2803 3161 3110 3215 animarum
3142 3173 3393 3214 naturam

139 3253 283 3324 ρίαν.

204 3365 316 3435 Τήν
367 3365 572 3419 ἀνωθεν
604 3366 700 3420 καὶ
741 3369 806 3420 ἐκ
853 3368 1096 3423 παλαιῶν
1147 3371 1354 3442 χρόνων
1408 3371 1708 3444 γενομένην

133 3457 311 3510 αὐτῶν
350 3457 606 3530 πρόνοιαν
663 3458 816 3530 παρά
857 3460 952 3512 τοῦ
990 3459 1123 3514 Θεοῦ
1183 3461 1590 3515 ὑποδείκνυσιν·
1644 3464 1706 3518 οὑ

133 3547 243 3619 γάρ
289 3545 383 3601 νῦν
427 3546 682 3618 ἠρξάμην
713 3551 963 3620 προνοεῖν
1005 3549 1186 3620 ὑμῶν’
1236 3549 1355 3602 οὑδέ
1399 3551 1562 3622 ήνίκα
1609 3550 1707 3622 τὴν

130 3639 229 3692 ἀπ’
263 3637 539 3707 Αἰγύπτου
584 3638 760 3704 ἔξοδον
807 3640 1110 3705 ἐποιεῖσθε,
1175 3639 1365 3704 θυσίας
1417 3643 1561 3712 ὑμᾶς
1603 3642 1708 3710 ἀπ-

130 3728 325 3802 ῄτησα·
349 3731 468 3783 οὐδέ
492 3731 630 3802 μετά
658 3731 918 3801 καμάτων
937 3733 1067 3795 τοὺς
1095 3733 1369 3796 ἐναντίους
1393 3732 1705 3804 χειροῦσθαι

134 3821 486 3894 συνεχώρησα
503 3840 518 3857 ο
538 3823 674 3877 ἀλλά
697 3824 790 3878 καὶ
813 3823 982 3876 ταῦτα
1010 3825 1341 3896 προσφέρειν
1378 3826 1515 3895 μετά
1536 3825 1704 3878 ταῦτα

132 3915 396 3980 ἐνέδωκα,
429 3917 735 3987 ἀποστῆσαι
771 3916 1090 3988 βουλόμενος
1134 3917 1367 3971 εἰδώλων
1387 3957 1401 3982 ,
1434 3919 1529 3971 καὶ
1576 3920 1704 3990 ὑμῖν

132 4008 430 4080 προφάσεις
455 4008 792 4080 δωρημάτων
821 4009 1199 4081 παρασχέσθαι
1217 4026 1231 4040 ο
1251 4011 1310 4063 οὑ
1333 4010 1442 4082 γὰρ
1462 4011 1520 4064 ἐν
1547 4012 1704 4084 χρείᾳ

128 4099 335 4154 τούτων
367 4101 704 4173 καθέστηκα.

210 4191 664 4265 Ὑπομιμνήσκει,
687 4193 764 4258 ὡς
800 4195 895 4248 καὶ
928 4197 1080 4266 κοινῇ
1110 4193 1204 4248 τοῦ
1234 4194 1424 4264 γένους
1457 4194 1552 4247 καὶ
1596 4193 1702 4265 ἰδίᾳ

126 4285 360 4340 ἑκάστου
402 4287 635 4358 ποιητὴς
668 4287 1004 4358 καθέστηκεν
1024 4305 1037 4318 ο
1070 4287 1207 4341 άλλά
1235 4288 1331 4341 καὶ
1373 4286 1462 4341 διὰ
1496 4286 1703 4350 κοιλίας

130 4376 403 4448 μέμνηται
449 4377 740 4448 διήκουσαν
781 4378 1068 4450 πρόνοιαν,
1102 4377 1575 4443 ζωοπλαστοῦντος
1611 4377 1704 4429 αὑ-

1813 3259 2082 3315 referens.

1883 3369 2056 3424 Vsns.
2092 3367 2184 3422 22.
2221 3367 2266 3421 Α
2299 3365 2572 3438 principio
2605 3371 2659 3419 et
2691 3365 2760 3420 ab
2789 3363 3032 3435 antiquis
3057 3363 3394 3433 temporibus

1815 3479 1874 3518 se
1904 3461 2164 3534 peculiari
2197 3475 2292 3516 eos
2315 3458 2662 3529 providentia
2695 3457 2916 3521 fovisse,
2941 3457 3186 3511 declarat
3209 3458 3352 3511 Deus
3375 3475 3389 3486 -

1813 3555 1933 3610 Non
1987 3569 2134 3609 nunc
2173 3553 2412 3622 primum
2441 3551 2612 3605 vestri
2645 3565 2835 3604 curam
2875 3549 3046 3620 gessi,
3095 3564 3196 3602 nec
3231 3549 3393 3604 dece-

1811 3648 2072 3702 dentibus
2094 3646 2249 3701 vobis
2281 3661 2348 3700 ex
2390 3643 2650 3714 (Egypto,
2684 3643 2938 3698 victimas
2975 3658 3007 3696 a
3035 3643 3186 3696 vobis
3210 3643 3388 3711 exegi,

1813 3756 1920 3795 nec
1949 3741 2137 3794 hostes
2170 3736 2326 3792 vobis
2366 3751 2490 3790 cum
2533 3735 2817 3789 laboribus
2847 3734 3142 3789 vincendos
3167 3735 3387 3789 tradidi.

1815 3830 1920 3886 Sed
1948 3839 2138 3901 postea
2168 3829 2427 3884 victimas
2455 3827 2579 3882 ideo
2607 3827 2822 3896 excepi,
2852 3834 2913 3880 ut
2933 3826 3001 3880 ab
3032 3826 3190 3882 idolis
3220 3829 3390 3882 absti-

1811 3924 2020 3986 neatis,
2047 3931 2102 3978 et
2134 3921 2403 3976 benelicia
2428 3919 2696 3989 largiendi
2719 3919 3042 3974 occasiones
3080 3919 3214 3972 mihi
3251 3935 3390 3989 prae-

1810 4015 1987 4071 beatis
2016 4033 2029 4068 :
2067 4013 2188 4067 istis
2221 4011 2364 4066 enim
2399 4024 2509 4064 non
2545 4008 2780 4080 indigeo.

1809 4194 1833 4217 "
1881 4190 2012 4246 Car.
2059 4187 2244 4256 XLIV,
2293 4186 2461 4241 Vens.
2506 4186 2562 4241 2.
2617 4184 2881 4240 Memorat
2931 4182 3076 4240 Deus
3121 4199 3180 4239 se
3215 4184 3386 4240 totius

1808 4285 2008 4354 gentis,
2033 4290 2087 4337 et
2119 4282 2462 4352 singulorum
2497 4280 2781 4333 hominum
2805 4287 3108 4332 creatorem
3136 4286 3383 4344 exstare;

1806 4384 1860 4430 et
1885 4389 2155 4445 quemque
2185 4381 2436 4429 nostrum
2467 4371 2550 4425 vel
2571 4375 2626 4425 in
2661 4379 2818 4425 utero
2846 4371 3166 4440 matrisjam
3203 4372 3386 4440 provi-

123 4466 220 4521 τοῦ
251 4469 458 4532 πάντας
487 4471 640 4540 ἡμᾶς
683 4471 744 4524 ἐν
796 4472 863 4540 τῇ
902 4467 1056 4542 νηδύϊ
1102 4470 1202 4542 τῆς
1233 4469 1472 4542 μητρὸς,
1517 4469 1700 4523 καὶτὸ

1824 4465 1988 4520 lentia
2018 4464 2291 4528 coluisse,
2323 4477 2448 4518 cum
2489 4477 2681 4520 omnes
2707 4477 2812 4518 nos
2841 4461 2898 4515 in
2925 4470 3113 4517 ventre
3147 4461 3386 4532 plasma-

122 4555 267 4613 εἶναι
293 4562 427 4630 ήμίν
450 4560 704 4624 διδόντος.

196 4670 458 4724 Ἐνταῦθα
469 4672 530 4725 τὸ
555 4690 574 4722 ι
601 4672 700 4726 οὑκ
722 4666 863 4743 ἦσαν
887 4670 962 4743 (9)
987 4673 1035 4726 οἰ
1063 4671 1409 4739 πλάττοντες,
1440 4692 1458 4725 ι
1475 4674 1536 4727 οὑ
1554 4672 1704 4744 παρὰ

121 4762 186 4816 τὸ
214 4762 290 4834 μὴ
321 4759 461 4816 εἶναι
491 4764 617 4828 τοὺς
648 4762 821 4818 ταῦτα
847 4764 1269 4836 ἐργαζομένους,
1301 4764 1436 4818 ἀλλά
1464 4765 1614 4837 παρὰ
1644 4765 1704 4818 τὸ

125 4855 204 4925 μὴ
232 4854 490 4910 δύνασθαι
521 4855 736 4928 βοηθεῖν
762 4859 874 4920 τοῖς
901 4855 1294 4927 θεραπεύουσιν
1320 4856 1480 4922 αὐτὰ,
1519 4857 1594 4919 ὡς
1628 4857 1703 4929 μὴ

117 4945 306 5009 ῠντεςο
337 4947 432 5002 καὶ
461 4947 572 5018 γάρ
605 4947 699 5001 καὶ
739 4947 900 5019 ήνίκα
940 4949 974 5018 ή
1005 4946 1159 5019 χώρα
1190 4950 1302 5011 τοῖς
1341 4946 1704 5019 Ἰσραηλίταις

121 5035 560 5108 ἐκληροδοτεῖτο,
623 5038 832 5092 πολλῶν
878 5039 1047 5093 ὄντων
1100 5041 1490 5113 σεϐασμάτων,
1532 5041 1704 5106 οὑτως

120 5127 423 5200 ἀνῃροῦντο
455 5131 548 5183 καὶ
589 5129 914 5195 ἐξεωθοῦντο
966 5131 1074 5184 τῶν
1104 5133 1286 5186 τόπων
1319 5133 1388 5187 τὰ
1433 5132 1592 5203 ἔθνη,
1626 5133 1703 5196 ώς

119 5218 224 5289 τὴν
263 5219 360 5290 μὲν
405 5220 626 5274 ἐκείνων
678 5222 983 5294 ἀδυναμίαν
1032 5224 1128 5277 καὶ
1164 5224 1442 5278 οὑθένειαν
1489 5224 1699 5278 δείκνυ-

121 5308 270 5375 σθαι,
298 5311 660 5384 φανεροῦσθαι
691 5314 748 5368 δὲ
777 5315 876 5386 τὴν
905 5314 1000 5368 τοῦ
1027 5315 1162 5369 Θεοῦ
1196 5317 1536 5372 δεσποτείαν.

196 5485 466 5540 ’Δσυσσον
499 5490 751 5561 εἰρήκασι
790 5491 891 5561 τὴν
926 5491 1192 5562 Ἐρυθρὰν
1229 5491 1523 5560 θάλασσαν,
1563 5494 1694 5565 ἐρη-

121 5574 397 5647 μωθεῖσαν
431 5581 734 5634 παοιόντων
767 5581 877 5633 τῶν
912 5581 1258 5653 Ἰσραηλιτῶν
1279 5597 1292 5611 ·
1322 5585 1598 5654 ποταμοὺς
1636 5584 1693 5639 δέ

1728 4541 1775 4600 Ῐ)
1803 4557 1960 4621 verit,
1994 4563 2049 4611 et
2081 4557 2192 4609 vita
2223 4553 2527 4610 donaverit.

1891 4667 2052 4724 Vsus.
2093 4667 2146 4723 9.
2189 4665 2289 4722 IIic
2328 4666 2494 4721 verba
2537 4666 2640 4721 ista
2677 4685 2690 4720 :
2733 4683 2752 4716 ι
2781 4664 2900 4719 Νοη
2937 4675 3092 4720 erant
3131 4665 3222 4735 qui
3276 4663 3386 4720 for-

1807 4763 2050 4825 mabant,
2077 4779 2097 4812 ι
2132 4775 2242 4814 non
2268 4759 2552 4813 declarant
2583 4773 2678 4814 eos
2708 4771 2906 4828 reapse
2933 4772 3044 4812 non
3078 4757 3382 4820 exstitisse,

1805 4851 1900 4920 qui
1935 4850 2078 4904 idola
2104 4849 2450 4918 sculpebant,
2486 4847 2583 4902 sed
2613 4863 2708 4902 eos
2737 4847 2886 4901 idola
2914 4847 3226 4902 colentibus
3256 4862 3386 4916 pro-

1805 4941 1964 4997 desse
1996 4957 2108 4996 non
2143 4939 2410 5009 potuisse,
2448 4939 2609 5009 quasi
2651 4954 2762 4994 non
2807 4937 3056 4994 fuissent.
3101 4935 3236 4991 Nam
3273 4945 3385 4991 ter-

1805 5045 1924 5084 ram
1969 5028 2232 5085 Israelitis
2274 5030 2694 5100 usurpantibus,
2746 5044 2857 5082 non
2905 5027 3201 5082 defuerunt
3251 5042 3387 5082 sane

1805 5122 1969 5186 idola,
2003 5121 2354 5192 possessione
2374 5130 2560 5178 tamen
2584 5136 2682 5177 sua
2727 5129 2917 5191 gentes
2953 5121 3206 5190 spoliatae
3254 5128 3386 5175 sunt

1803 5223 1858 5269 et
1883 5215 2161 5284 expulsa:
2195 5214 2396 5285 quibus
2427 5213 2593 5270 simul
2624 5221 2678 5268 et
2722 5213 2995 5266 idolorum
3033 5211 3386 5266 imbecillitas

1801 5307 2214 5361 demonstratur
2247 5313 2302 5362 et
2328 5305 2678 5376 impotentia,
2715 5303 2812 5360 Dei
2855 5319 2984 5360 vero
3016 5310 3240 5374 apparet
3279 5302 3380 5356 im-

1802 5399 2035 5470 perium.

1877 5489 2042 5545 Vsas.
2075 5490 2165 5545 27.
2199 5490 2444 5561 Abyssus
2478 5503 2628 5544 mare
2675 5485 3045 5558 Erythrreum
3092 5483 3382 5556 designat,

1803 5584 2218 5641 transeuntibus
2276 5583 2539 5640 Israelitis
2585 5581 2928 5650 desolatum;
2983 5577 3207 5633 ﬂumina
3249 5591 3392 5634 vero

194 5733 269 5798 (9)
299 5731 657 5790 Communius
683 5736 866 5805 legunt
893 5753 903 5789 :
940 5738 1052 5790 Οὐκ
1075 5737 1334 5804 ἥκουσανο
1367 5738 1461 5795 sed
1489 5738 1643 5796 Alex.
1674 5741 1709 5793 Α

1824 5739 1876 5795 C.
1908 5734 2065 5808 ἦσαν.
