3824 6140
395 307 535 363 1559
1565 300 1916 360 THEODORI
1957 304 2482 363 HERACLEENSIS
3558 308 3691 360 I340

394 422 639 479 arefacta
667 416 961 474 Jordanem
1005 409 1652 475 usdem'transéimtibus
1676 421 1841 492 jussu
1880 419 1904 473 Ι

2180 423 2459 488 ›ανθέντας
2494 426 2587 476 τὸν
2620 421 2894 493 Ἰορδάνην
2922 416 3228 489 εἰρήκασιν,
3265 416 3690 487 ἀναχαιτίσαντα

394 513 798 569 dehiscentem.
1833 542 1842 557 ι

1833 542 1842 557 ι
2089 514 2272 589 ἐπίτῇ
2298 512 2478 567 αὑτῶν
2506 510 2728 583 παρόδῳ
2762 506 3057 581 προστάξει
3077 503 3237 560 Θεοῦ.

483 604 615 661 Cn.
653 600 821 669 XLV,
856 600 1028 659 Vens.
1062 601 1118 657 9.
1164 602 1270 659 Per
1299 618 1365 660 ea
1392 620 1515 676 qua:
1556 606 1674 663 fieri
1714 623 1825 663 non
1856 624 1984 679 pos-

2183 606 2306 659 Ἀπὸ
2351 604 2461 659 τῶν
2529 602 2605 676 μὴ
2649 599 3016 673 ἐνδεχομένων
3062 597 3307 669 γίνεσθαι
3361 598 3693 669 σωφρονίζει

396 703 528 754 sunt
551 695 820 751 informat
844 710 941 751 eos
974 694 1043 750 ad
1074 696 1397 767 sapientiam
1419 739 1435 765 ,
1464 698 1704 756 suadens
1736 707 1796 754 ut
1826 715 1906 770 aeq

2184 700 2321 764 τοὺς,
2357 696 2633 751 παιδεύων
2686 694 2857 749 εἴκειν
2902 694 3016 758 τοῖς
3070 690 3223 762 παρὰ
3260 690 3356 744 τοῦ
3403 689 3550 744 Θεοῦ
3606 691 3694 742 ἐπὶ

396 792 581 847 animo
621 790 899 859 excipiant
931 784 1276 860 quaecunque
1324 789 1549 846 fuerunt
1572 807 1602 845 a
1640 791 1753 847 Deo
1780 791 1848 847 ad
1873 807 1906 847 si

2183 791 2338 864 τηρίᾳ
2363 789 2471 844 τῶν
2513 789 2683 843 ἐθνῶν
2722 787 2975 860 μέλλουσι
3016 785 3485 857 χαρισθήσεσθαι·
3523 785 3693 855 ὅνπερ

395 885 608 941 vandas
643 891 835 957 gentes
862 882 1173 938 destinata:
1224 899 1335 955 quo
1387 884 1536 940 enim
1585 885 1751 941 modo
1798 886 1905 941 luti

2180 901 2199 936 ο
2228 884 2431 956 τρόπον
2479 880 2604 936 οὔτε
2652 880 2826 952 πηλὸς
2880 878 3288 945 ἐπιδιατάξεται
3335 876 3417 948 τῷ
3448 875 3690 946 πλάστῃ,

400 961 629 1048 figulum
671 990 782 1030 non
832 973 1152 1045 redarguet,
1201 990 1306 1032 nec
1352 976 1656 1047 impedient
1685 976 1802 1032 nati
1842 993 1910 1048 qu

2182 992 2213 1028 ηε
2260 975 2427 1029 τέκνα
2468 973 2705 1028 κωλύσει
2732 972 2951 1044 πατέρα
2994 970 3293 1024 σπεύδοντα
3333 970 3434 1023 καὶ
3485 968 3692 1039 ἐτέρων

394 1070 580 1125 minus
618 1076 673 1124 et
706 1067 843 1123 alios
869 1075 1094 1139 generet
1124 1077 1281 1139 pater
1308 1068 1509 1125 ardens
1543 1084 1767 1140 pueros,
1797 1077 1852 1126 et
1880 1071 1904 1125 i1

2183 1084 2297 1122 :vwv
2333 1065 2589 1137 γενέσθαι
2645 1064 2882 1137 πατέρα,
2924 1063 3019 1119 καὶ
3066 1063 3279 1135 μητέοια
3308 1060 3693 1133 κυοφοροῦσαν

397 1163 475 1235 pii
524 1169 672 1218 esset
701 1161 940 1218 hominis
969 1163 1367 1235 parturientem
1407 1168 1638 1216 matrem
1686 1163 1907 1234 reprehe

2184 1160 2389 1226 ιᾶσθαι,
2439 1158 2617 1223 οὑτως
2658 1157 2892 1222 ἀσεὸοῦς
2928 1156 3081 1220 δντος
3102 1172 3119 1187 ⁸
3149 1155 3259 1209 οὐδ’
3290 1154 3492 1226 ὑμεῖς,
3533 1154 3691 1223 φησι,

397 1257 562 1312 dere:
599 1255 672 1310 ita
701 1271 804 1311 nec
835 1272 954 1320 vos,
980 1256 1180 1326 inquit,
1203 1255 1345 1309 hanc
1370 1255 1545 1326 legem
1566 1254 1679 1310 Deo
1702 1262 1907 1311 statuat

2197 1251 2319 1323 Θεῷ
2356 1249 2770 1318 ἐπιδιατάξεσθε
2818 1250 2899 1313 εἰς
2946 1249 3092 1319 ὑμᾶς
3126 1247 3322 1315 μόνους
3361 1245 3693 1317 περιστῆναι

404 1354 463 1401 ut
488 1347 542 1399 in
572 1360 670 1401 vos
699 1354 910 1400 tantum
944 1347 1176 1418 gratiam
1207 1361 1361 1401 suam
1400 1344 1662 1402 eﬂ‘undat.

1254 1361 1361 1400 iam
1400 1344 1662 1402 eﬂ‘undat.
2092 1344 2159 1396 τὰ
2188 1346 2288 1417 τῆς
2319 1342 2487 1398 αὐτοῦ
2520 1343 2764 1416 χάριτος.

482 1436 653 1492 Vens.
700 1439 788 1494 ll.
820 1437 1163 1493 Committite
1201 1438 1337 1492 mihi
1368 1452 1592 1494 causam
1625 1446 1888 1503 vestram,
1924 1445 1979 1495 et

2179 1438 2318 1508 Εμοὶ
2342 1437 2685 1509 ἐπιγράψατε
2722 1434 2820 1507 τὴν
2854 1433 3129 1506 ὑμετέραν
3161 1432 3421 1504 φροντίδα
3447 1470 3467 1496 ,
3498 1429 3601 1484 καὶ
3633 1431 3689 1483 οὑ

398 1544 431 1584 a
454 1533 633 1586 salute
662 1547 773 1586 non
813 1531 1103 1587 aberretis.
1151 1529 1272 1585 Non
1312 1530 1445 1585 mihi
1475 1547 1614 1602 opus
1644 1533 1754 1587 erit
1779 1532 1908 1588 exhc

2193 1527 2535 1599 διαμάρτητε
2560 1527 2832 1598 σωτηρίας
2854 1541 2870 1556 ·
2895 1524 3020 1579 οὔτε
3049 1524 3159 1596 γὰρ
3178 1524 3281 1594 τῆς
3307 1522 3469 1594 ὑμῶν
3496 1521 3695 1593 δεηθή-

398 1622 703 1679 tationibus
729 1630 784 1678 et
811 1622 1400 1678 commendationibus
1429 1623 1654 1687 vestris,
1680 1631 1742 1678 ut
1771 1639 1904 1678 cura

2184 1635 2256 1672 ιαι
2285 1619 2649 1690 ὑπομνήσεως
2684 1618 2718 1688 ἢ
2754 1616 3187 1688 παρακλήσεως,
3212 1615 3356 1669 ὥστε
3387 1613 3509 1685 ἐμὰ
3532 1615 3694 1683 ποιή-

399 1714 738 1783 providentia
772 1724 1054 1769 creaturas
1082 1728 1235 1770 meas
1264 1713 1476 1770 foveam
1497 1754 1513 1779 ,
1559 1731 1681 1785 quae
1710 1731 1812 1786 pro
1855 1715 1909 1769 fil

2185 1727 2241 1764 ια
2272 1709 2309 1764 ἃ.
2340 1710 2399 1764 ἐν
2427 1711 2564 1773 υἱοῖς
2597 1711 2692 1763 καὶ
2716 1707 3023 1781 θυγατράσι
3044 1706 3447 1778 κατειλεγμένα
3484 1706 3695 1773 τυγχά-

404 1813 461 1859 et
495 1804 713 1861 filiabus
747 1804 1058 1860 habuerim.
1093 1802 1205 1860 Nec
1240 1803 1344 1860 feci
1371 1805 1573 1860 cmlum
1605 1812 1661 1861 et
1693 1814 1897 1861 terram

2191 1842 2206 1867 ,
2243 1801 2563 1874 ἐπιμελείας
2593 1801 2688 1855 καὶ
2727 1800 3013 1874 φροντίδος
3045 1798 3382 1869 ἀξιωθῆναι*
3428 1798 3561 1851 οὐδὲ
3589 1797 3697 1869 γὰρ

407 1898 536 1952 usui
569 1896 701 1951 mihi
733 1906 943 1959 essent,
977 1903 1038 1950 ut
1064 1897 1266 1953 coelum
1309 1912 1411 1968 pro
1445 1897 1667 1959 throno,
1693 1904 1747 1952 et
1785 1905 1917 1952 terr:

2186 1896 2320 1950 ›ανδν
2348 1896 2445 1950 καὶ
2470 1895 2573 1966 γῆν
2605 1892 3030 1957 κατασκευάζων
3054 1891 3129 1957 ὡς
3169 1891 3293 1963 ἐμοὶ
3324 1891 3528 1962 χρείαν
3572 1906 3696 1942 συν-

397 2000 501 2058 pro
568 1988 808 2045 scabello
875 1988 1167 2051 haberem,
1240 1995 1301 2043 ut
1348 1988 1457 2045 illis
1512 1989 1819 2044 involverer
1872 2004 1907 2059 q

2188 1989 2378 2043 έσοντα
2408 1988 2625 2042 ἐποίουν
2648 2027 2664 2052 ,
2704 1987 2792 2041 ἴνα
2902 2001 2994 2056 μοι
3044 1983 3233 2056 θρόνος
3262 1985 3291 2036 ὁ
3320 1974 3596 2054 οὐρανὸς,
3630 1982 3696 2051 γῆ

401 2080 686 2137 voluntate
736 2095 858 2136 mea
907 2081 1028 2150 ipsa
1082 2080 1471 2149 continentur;
1522 2081 1617 2137 sed
1653 2080 1708 2135 in
1744 2088 1911 2136 vestr:

2187 2081 2466 2135 ὅποπόδιον
2487 2122 2503 2146 ,
2537 2080 2632 2134 καὶ
2667 2080 2726 2134 ἐν
2756 2077 2971 2142 τούτοις
3003 2076 3348 2149 περιέχωμαι
3367 2115 3383 2141 ,
3408 2075 3588 2128 ὁπότε
3623 2075 3697 2144 τῷ

400 2173 694 2228 utilitatem
725 2179 925 2227 cuncta
968 2171 1240 2243 disposui.
1281 2171 1596 2228 Praesertim
1633 2187 1766 2228 vero
1807 2172 1909 2228 stel

2187 2172 2210 2243 ᾖ
2257 2171 2520 2244 θελήματι
2549 2171 2723 2225 ταῦτα
2758 2171 3038 2241 συνέχεται
3074 2208 3090 2233 ,
3145 2167 3260 2222 ἀλλ’
3296 2168 3380 2232 εἰς
3414 2167 3697 2238 ὑμετέραν

402 2279 529 2320 rum
558 2280 761 2320 cursus
791 2272 847 2320 et
878 2264 1151 2319 stationes
1182 2263 1371 2335 dirigit
1400 2264 1659 2319 voluntas
1698 2280 1820 2318 mea
1848 2280 1861 2316 :
1892 2281 1912 2318 r

2186 2264 2281 2319 ;ίαν
2309 2263 2585 2334 ὑφιστῶψ
2613 2263 2674 2316 οὑ
2708 2262 2814 2334 μὴν
2846 2261 2983 2316 ἀλλὰ
3014 2261 3110 2315 καὶ
3159 2259 3411 2332 ἀστέρων
3458 2259 3696 2330 δρόμους

402 2356 613 2426 angelis
640 2356 786 2421 licet,
807 2356 937 2411 dum
970 2357 1086 2412 haec
1110 2358 1184 2412 ita
1215 2365 1503 2427 reguntur,
1534 2358 1650 2411 otio
1680 2371 1739 2412 se
1770 2356 1912 2412 dede:

2186 2396 2187 2405 η
2223 2356 2441 2420 στάσεις
2486 2356 2548 2409 τὸ
2590 2356 2723 2426 ἐμὸν
2760 2354 3007 2426 βούλημα
3041 2352 3240 2407 ἰθύνειο
3281 2350 3524 2422 καὶγὰρ
3552 2368 3696 2420 γινο-

407 2447 506 2503 sed
534 2447 725 2503 laudes
753 2448 891 2502 mihi
910 2448 1308 2504 trihueruntab
1328 2448 1464 2519 ipsis
1486 2448 1700 2504 debitas
1724 2464 1740 2514 ;
1774 2463 1915 2502 cunc

2182 2467 2274 2503 nov
2329 2449 2545 2514 αὑτῶν,
2597 2448 2819 2517 ἄγγελοι
2871 2446 3164 2519 ἡσυχάζειν
3218 2446 3322 2499 οὑκ
3368 2445 3692 2516 ἠνέσχοντο,

403 2538 571 2609 igitur
601 2555 632 2594 a
680 2556 767 2596 me
813 2540 1108 2604 ordinatis,
1145 2555 1245 2595 nec
1286 2547 1517 2595 terrente
1565 2555 1652 2594 me
1695 2539 1913 2610 ell‘ugiui

2185 2540 2230 2595 »ὰ
2262 2542 2355 2596 τὸν
2384 2543 2472 2595 ἐπ’
2506 2541 2691 2606 αὐτοῖς
2722 2536 2872 2594 αῖνον
2911 2538 3264 2610 ὀφειλόμενόν
3297 2555 3390 2609 μοι
3425 2536 3695 2590 ἀποδεδώ-

406 2628 500 2684 Sic
528 2628 1015 2702 apparebitCyrus
1055 2646 1152 2685 rex
1188 2637 1243 2685 et
1269 2631 1470 2700 pietate
1523 2630 1579 2684 in
1623 2644 1711 2685 me
1756 2630 1916 2701 insigi

2184 2650 2242 2688 τι.
2281 2634 2506 2688 Πάντων
2544 2633 2723 2687 τοίνυν
2763 2633 2855 2686 ὑπ’
2885 2631 3021 2702 ἐμοῦ
3054 2630 3531 2703 κυδερνωμένων,
3576 2630 3694 2683 οὐδὲ

403 2728 458 2776 et
496 2730 643 2776 recta
698 2722 1006 2792 professus.
1056 2720 1178 2776 Non
1228 2722 1421 2776 latebit
1470 2722 1759 2777 scientiam
1813 2738 1913 2777 me:

2197 2723 2291 2776 ἐπὶ
2323 2722 2424 2793 τῆς
2447 2721 2553 2791 γῆς
2580 2722 2924 2792 ἐκπέφευγον
2949 2737 2965 2752 ·
3004 2721 3141 2776 ἀλλὰ
3168 2722 3264 2775 καὶ
3292 2720 3486 2792 Κῦρος
3518 2721 3551 2773 ὁ
3601 2719 3694 2790 βα-

404 2819 656 2883 tempore
686 2829 789 2869 suo
818 2823 1007 2881 natus,
1041 2830 1153 2869 non
1183 2815 1415 2869 arbitrio
1449 2831 1568 2881 suo,
1595 2815 1687 2870 sed
1711 2822 1847 2869 nutu
1870 2831 1914 2869 m

2185 2818 2274 2881 εὺς
2308 2816 2550 2871 εὐσεϐῶν
2577 2816 2647 2870 τὰ
2690 2817 2827 2889 πρὸς
2861 2818 2962 2889 ἐμὲ
2991 2818 3086 2871 καὶ
3115 2812 3173 2871 εὖ
3224 2817 3494 2889 πράσσων
3524 2816 3695 2886 5m-

405 2905 574 2960 vitam
599 2906 876 2976 disponet,
902 2906 1139 2961 reditum
1174 2906 1333 2962 vobis
1353 2922 1417 2962 ex
1445 2906 1765 2976 captivitate
1794 2921 1915 2962 coni

2186 2924 2245 2962 ιι·
2302 2909 2397 2962 καὶ
2444 2907 2643 2962 οῠποτε
2675 2908 2899 2980 λήσεται
2950 2909 3050 2979 τὴν
3101 2909 3239 2980 ἐμὴν
3293 2907 3507 2978 γνῶσιν
3558 2909 3696 2962 κατά

405 2997 519 3063 det,
561 3006 617 3052 et
660 2997 969 3054 Jerusalem
1000 2999 1182 3054 denuo
1221 2999 1537 3061 aadificabit.
1584 3015 1695 3055 non
1745 3002 1915 3072 pretio

2189 3017 2316 3064 ινους
2350 3001 2515 3064 ἰδίους
2544 2999 2919 3071 γεννώμενος,
2950 3001 3045 3054 καὶ
3076 3001 3177 3054 οὑκ
3209 3000 3390 3071 οἰκεία
3430 3001 3699 3072 προαιρέ-

406 3089 562 3145 vobis
594 3090 746 3155 dato,
775 3091 869 3144 sed
902 3090 1136 3161 jubente
1168 3094 1456 3148 voluntate
1489 3108 1632 3148 mea.

2210 3089 2270 3147 εὖ
2297 3090 2536 3163 βιώσων,
2569 3090 2706 3144 ἀλλὰ
2736 3092 2815 3162 τῷ
2837 3090 2957 3162 ἐμῷ
2988 3092 3216 3163 νεύματι
3236 3131 3250 3156 ,
3300 3092 3399 3144 καὶ
3433 3090 3538 3163 τὴν
3569 3090 3699 3144 κάθ-

403 3185 521 3240 οδον
551 3185 680 3256 ὑμῖν
730 3186 835 3257 τὴν
867 3187 975 3239 ἀπὸ
1032 3188 1135 3257 τῆς
1193 3187 1569 3259 αἰχμαλωσίας
1610 3188 1916 3255 ἀποδώσει,
1979 3189 2074 3242 καὶ
2109 3187 2207 3259 τὴν
2273 3185 2631 3259 Ἰερουσαλὴμ
2666 3186 3011 3257 οἰκοδομήσει
3050 3226 3066 3252 ,
3117 3186 3180 3239 οὑ
3237 3187 3504 3258 χρήματα
3567 3189 3699 3254 παρ’

405 3279 559 3354 ὑμῶν
588 3280 951 3351 κομιζόμενος
976 3321 992 3347 ,
1031 3282 1169 3337 άλλά
1195 3282 1275 3354 τῷ
1318 3284 1438 3355 ἐμῷ
1468 3284 1699 3357 νεύματι
1737 3284 1922 3339 εἴκων.

486 3371 656 3428 Vens.
701 3374 790 3428 M.
825 3374 1040 3432 Rursus
1077 3376 1147 3431 ad
1177 3377 1600 3434 confundendos
1633 3394 1730 3435 eos
1778 3395 1987 3435 memo-

2187 3369 2328 3423 [άλιν
2342 3369 2452 3423 τῶν
2483 3369 2541 3423 ἐν
2552 3368 2814 3442 Αἰγύπτῳ
2830 3371 2987 3424 ἐπονε
2995 3370 3094 3424 ιδεῖ
3109 3368 3241 3442 [-ίζε
3250 3368 3291 3441 ι]
3307 3369 3409 3441 τὴν
3438 3371 3550 3442 μνή
3558 3390 3670 3443 μην
3681 3414 3697 3440 ,

410 3465 551 3519 riam
587 3481 772 3520 rerum
804 3475 1028 3523 revocat
1056 3469 1112 3523 in
1141 3468 1380 3541 Egypto
1415 3479 1696 3541 gestarum
1733 3484 1788 3528 et
1829 3476 1920 3529 mil

2188 3500 2193 3513 .
2217 3460 2326 3515 τῶν
2350 3463 2467 3514 ἐκεῖ
2494 3461 3097 3534 θαυματουργηθέντων
3131 3459 3236 3514 ὑπὸ
3260 3460 3356 3513 τοῦ
3381 3461 3530 3516 θεοῦ
3560 3465 3698 3518 κατὰ

408 3559 657 3615 culorum
716 3574 748 3614 a
798 3558 912 3615 Deo
968 3572 1160 3616 contra
1208 3561 1495 3633 [Egyptios
1557 3578 1659 3633 pro
1710 3563 1918 3620 liberan

2186 3569 2207 3606 ν
2242 3553 2554 3621 Αἰγυπτίων
2594 3553 2688 3606 ἐπὶ⁴
2721 3556 2789 3625 τῇ
2823 3552 2917 3606 τοῦ
2948 3552 3078 3606 λαοῦ
3123 3551 3412 3624 ἐλευθερίᾳ
3446 3554 3696 3627 ὑπόμνη-

408 3648 610 3720 populo
666 3649 959 3705 editorum.
1018 3650 1101 3705 Illi
1169 3652 1391 3721 quidem
1452 3653 1841 3710 laboraverunt
1899 3674 1918 3712 ί

2203 3661 2218 3675 ο
2254 3645 2330 3708 ὼς
2356 3647 2554 3698 ἐκεῖνοι
2587 3644 2686 3716 μέν
2718 3643 3077 3715 πληττόμενοι
3109 3644 3462 3715 κεκμήκασιν
3486 3686 3501 3710 ,
3542 3646 3698 3717 ὑμεῖς

410 3738 702 3808 stupefacti
729 3756 744 3805 ;
778 3753 878 3794 vos
901 3754 1032 3796 vero
1062 3756 1092 3795 a
1127 3742 1367 3813 peccatis
1407 3757 1519 3798 non
1545 3746 1876 3813 recessistis,
1899 3763 1920 3803 s

2195 3737 2606 3808 ἁμαρτάνοντες
2658 3736 2759 3790 οὑκ
2814 3735 3142 3790 ἐνδεδώκατε
3162 3754 3176 3766 ·
3225 3735 3366 3790 ἀλλὰ
3417 3739 3522 3792 καὶ
3578 3742 3694 3802 ταῖς

407 3836 568 3885 vanis
594 3833 795 3888 vestris
810 3833 1281 3903 negotiationibus
1310 3834 1712 3906 defatigamini.
1745 3838 1815 3892 Et
1833 3854 1917 3908 pm

2182 3827 2304 3881 mbv
2345 3826 2638 3900 ἐμπορίαις
2671 3829 3143 3899 ἐματαιοπονεῖτε.
3176 3829 3286 3883 Kal
3316 3829 3450 3898 μετ’
3480 3831 3692 3902 ὀλίγα·

407 3928 528 3989 post
546 3934 565 3973 :
590 3918 1005 3991 Negligentibus
1027 3934 1210 3979 autem
1232 3924 1390 3980 vobis
1413 3923 1584 3981 Deum
1612 3935 1666 3981 et
1686 3942 1875 3983 curam
1898 3929 1917 3982 Ι

2184 3918 2296 3990 μῶν
2326 3919 2383 3973 δέ
2411 3919 2760 3992 ἀμελούντων
2780 3960 2795 3984 ,
2822 3920 2918 3973 καὶ⁵
2944 3918 3044 3990 τὴν
3067 3919 3220 3992 παρὰ
3237 3920 3336 3974 τοῦ
3361 3920 3508 3975 Θεοῦ
3543 3923 3694 3994 κήδε-

408 4009 803 4076 abnuentibus,
838 4013 1125 4083 apparebit
1172 4012 1347 4071 Filius
1382 4017 1721 4087 unigenitus,
1766 4021 1861 4090 qui
1898 4037 1918 4077 η

2181 4012 2292 4066 μίαν
2322 4012 2820 4085 ἀποστρεφομένων
2837 4052 2852 4078 ,
2879 4012 3151 4084 παρέσται
3176 4014 3205 4067 ὁ
3234 4015 3548 4087 μονογενὴς
3574 4015 3691 4078 Υἱὸς

407 4098 678 4155 Iuntatem
711 4117 886 4156 meam
938 4104 1212 4175 perficiet,
1258 4115 1314 4161 et
1346 4109 1606 4165 omnibus
1635 4107 1806 4167 Israel
1844 4112 1917 4168 eri

2178 4103 2403 4175 ηρώσων
2446 4105 2506 4159 τὸ
2541 4106 2673 4176 ἐμὸν
2709 4104 2923 4176 θέλημα
2942 4145 2957 4169 ,
2994 4106 3090 4159 καὶ
3120 4109 3234 4170 τοῖς
3263 4107 3440 4161 πᾶσιν
3477 4107 3688 4179 Ἰσραήλ

408 4196 648 4248 maxime
683 4208 815 4249 vero
841 4192 1013 4250 Judas
1062 4196 1326 4263 erit-ille,
1359 4198 1416 4253 in
1447 4214 1558 4269 quo
1603 4209 1731 4256 vota
1765 4201 1918 4258 facian

2180 4196 2376 4267 ὑμενος
2402 4212 2418 4229 ο
2459 4198 2520 4250 οὑ
2564 4196 2669 4268 μὴν
2699 4197 2836 4251 ἀλλὰ
2862 4198 2959 4251 καὶ
2991 4197 3222 4263 Ἰούδας,
3246 4200 3308 4252 ἐν
3331 4192 3493 4273 ᾧπερ
3530 4219 3690 4273 προτ-

409 4296 508 4353 per
550 4298 711 4353 quem
762 4284 1030 4339 beneficia
1080 4302 1205 4343 mea
1267 4291 1609 4358 sortiantur,
1655 4304 1710 4348 et
1759 4295 1919 4350 saluti

2177 4290 2376 4355 ξονταιο
2418 4290 2489 4344 δι’
2545 4285 2607 4345 οὗ
2642 4291 2739 4345 καὶ
2779 4291 2888 4346 τῶν
2932 4292 3084 4363 ἐμῶν
3112 4291 3523 4347 ἀπολαύσουσιν
3558 4295 3687 4363 ἁγα-

410 4384 845 4446 consequantur.
897 4377 1017 4446 Qua
1066 4380 1213 4435 enim
1259 4383 1477 4440 ratione
1525 4387 1890 4456 complebitur

2178 4399 2206 4435 ν
2228 4422 2244 4448 ,
2277 4383 2372 4436 καὶ
2411 4384 2686 4456 σωτηρίας
2719 4383 2999 4450 τεύξονται
3025 4400 3041 4416 °
3086 4385 3182 4439 xui.
3217 4384 3329 4456 γὰρ
3360 4386 3467 4452 τὸ,
3514 4404 3538 4438 ι
3578 4387 3688 4439 Ἀπ’

414 4467 544 4523 Iud:
571 4487 590 4520 ι
620 4468 694 4523 Ex
720 4469 959 4541 Egypto
987 4473 1177 4529 vocavi
1218 4472 1415 4529 Filium
1452 4491 1632 4532 meum
1660 4478 1723 4533 ¹⁹.
1759 4497 1778 4530 ι
1817 4477 1923 4535 Jud

2178 4473 2369 4542 τύπτου
2405 4475 2642 4530 ἐκάλεσα
2677 4476 2769 4530 τὸν
2807 4476 2937 4530 Υἰόν
2974 4493 3108 4548 μου,
3154 4495 3173 4528 ι
3215 4475 3409 4530 τοῦτον
3440 4477 3539 4531 τὸν
3578 4477 3688 4548 τρό-

410 4560 557 4615 enim
587 4561 937 4617 nomen'Filii
963 4563 1374 4632 fastidiverunt,
1411 4574 1467 4622 et
1500 4566 1857 4627 multitudine
1898 4571 1920 4626 ἰ

2179 4584 2196 4620 ν
2226 4566 2532 4639 ἐπληροῦτο
2557 4585 2571 4598 ο
2616 4568 2888 4622 Ἰουδαίων
2914 4568 3014 4639 μὲν
3036 4569 3099 4622 τὸ
3127 4567 3259 4622 Υίοῦ
3286 4568 3467 4640 δνομα
3501 4569 3689 4639 ἀθετή-

412 4650 733 4706 neticiorum
777 4669 1025 4710 meorum
1076 4658 1321 4714 converti
1369 4659 1699 4728 noluerunt;
1740 4663 1922 4734 unigel

2178 4675 2311 4713 ντων
2337 4699 2353 4725 ,
2396 4661 2491 4714 καὶ
2526 4661 2662 4733 μηδέ
2707 4659 2786 4732 τῷ
2837 4660 3033 4732 πλήθει
3071 4660 3183 4714 τῶν
3230 4661 3688 4733 παρασχεθέντων

413 4749 503 4799 tus
527 4759 657 4800 vero
681 4744 854 4802 Filius
880 4756 1229 4818 praestantem
1259 4750 1409 4805 illam
1430 4767 1622 4809 vocem
1654 4723 1923 4826 sibi-optii

2176 4753 2286 4814 τοῖς
2329 4723 2823 4823 ἐκδυσωπήθέντων
2856 4768 2870 4781 ·
2919 4723 3014 4805 τοῦ
3063 4751 3121 4805 δέ
3179 4723 3513 4823 μονογενοῦς
3568 4751 3686 4806 Tini

411 4833 742 4901 vindicavit;
771 4851 897 4891 nam
933 4852 1062 4892 cum
1110 4847 1236 4909 post
1264 4839 1587 4897 defunctum
1624 4841 1896 4898 Herodem

2180 4842 2530 4912 ιειωσαμένου
2565 4843 2769 4915 κυρίως
2803 4844 3154 4916 ρωννυμένην
3192 4845 3382 4915 φωνήν
3408 4862 3424 4875 ·
3463 4846 3562 4898 ὅτε
3592 4844 3690 4914 γὰρ

413 4923 654 4997 Egypt!)
684 4926 910 4992 rediret,
954 4930 1263 4986 rectissime
1298 4931 1638 4988 intellectum
1666 4941 1752 4989 est
1782 4934 1851 4990 de
1874 4934 1923 5007 ip

2178 4935 2198 4988 :’
2227 4934 2504 5003 Αἰγύπτου
2557 4935 2694 5007 μετὰ
2736 4936 2830 4990 τὸν
2888 4934 3128 5008 Ἡρώδου
3166 4934 3399 4990 θάνατον
3443 4938 3688 5009 ἐπανῄει,

415 5017 549 5073 illud
580 5016 799 5073 effatum
828 5038 841 5074 :
879 5039 897 5071 ι
928 5018 1005 5074 Ex
1021 5019 1260 5093 Egypto
1287 5025 1479 5079 vocavi
1504 5022 1704 5080 Filium
1737 5041 1918 5082 meum

2184 5024 2376 5097 μόξετο
2402 5028 2608 5098 κυρίως
2623 5029 2716 5082 ἐπὶ¹
2740 5028 2906 5083 αὑτοῦ
2932 5029 2995 5083 τὸ
3015 5028 3204 5101 λεχθέν
3222 5045 3235 5059 ο
3261 5048 3280 5081 ι
3304 5028 3397 5094 Ἐξ
3414 5030 3688 5098 Αἰγύπτου

1832 5112 1837 5117 ’
2106 5117 2339 5171 ἐκάλεσα
2374 5118 2465 5172 τὸν
2494 5119 2622 5172 Υἰὸν
2657 5137 2783 5189 μου.
2821 5140 2841 5171 ι

488 5193 653 5251 Vens.
689 5196 776 5251 l6.
818 5195 1155 5255 Referuntur
1193 5200 1308 5257 haac
1334 5202 1392 5259 in
1421 5203 1623 5276 Cyrum
1650 5221 1870 5278 regem;
1901 5209 1997 5280 qui

2180 5208 2527 5280 Λαμὸάνεται
2558 5211 2655 5281 μὲν
2694 5211 2755 5264 τὸ
2784 5210 2948 5284 ῥητὸν
2978 5211 3073 5266 καὶ
3100 5211 3182 5275 εἰς
3230 5210 3419 5283 Κῦρον
3470 5213 3573 5269 τὸν
3604 5215 3690 5283 βα-

413 5286 561 5341 enim
594 5288 872 5343 voluerint
903 5291 953 5345 ei
986 5291 1280 5359 resistere,
1321 5294 1460 5349 nihil
1502 5296 1652 5352 aliud
1687 5297 1923 5367 proliciei

2181 5304 2293 5365 .έα,
2331 5303 2417 5357 δτι
2465 5305 2515 5357 οἱ
2553 5304 2726 5376 τούτῳ
2774 5305 3087 5377 βουλόμενοι
3119 5306 3465 5359 ἀντιστατεῖν
3487 5345 3507 5370 ,
3552 5307 3691 5360 οὐδὲν

416 5376 513 5432 sed
557 5378 1005 5449 confundentur;
1057 5383 1351 5441 intendunt
1396 5388 1565 5443 etiam
1615 5387 1807 5458 Israel,
1836 5392 1925 5462 cuj

2181 5412 2289 5466 ερον
2315 5395 2600 5468 ὀνήσουσιν
2619 5436 2635 5461 ,
2665 5397 2700 5468 ἢ
2732 5376 2997 5468 αἰσχύνην
3021 5397 3418 5465 ἀπενέγκονται
3442 5414 3458 5429 ο
3496 5404 3691 5453 νοεῖται

418 5467 477 5523 in
518 5483 717 5524 manus
763 5485 955 5527 omnes
1011 5473 1401 5531 tradentur.—
1435 5476 1649 5535 Insulas
1704 5480 1793 5535 hic
1840 5497 1928 5537 voc

2212 5486 2305 5539 καὶ
2357 5467 2436 5551 εἰς
2491 5488 2583 5543 τὸν
2654 5490 2911 5563 Ἰσραὴλ,
2951 5467 3029 5553 ῶς
3076 5489 3285 5553 πάντας
3341 5491 3692 5565 ὑποχειρίους

420 5557 570 5627 ipsas
614 5559 919 5616 insularum
972 5566 1246 5635 regiones.
1302 5567 1485 5625 Insula
1530 5571 1736 5627 dicitur
1779 5580 1833 5629 et
1881 5574 1930 5644 ip

2182 5596 2303 5632 ›υσι.
2347 5610 2409 5621 -
2435 5582 2651 5653 Νήσους
2686 5582 2920 5638 ἐνταῦθα
2970 5583 3126 5640 καλεῖ
3174 5584 3270 5637 καὶ
3312 5584 3523 5650 αὐτοὺς
3578 5586 3692 5646 τοὶς

496 5716 536 5747 ¹⁹
561 5714 682 5772 Osc.
723 5734 798 5780 χι,
834 5719 895 5779 l;
930 5720 1116 5779 Matth.
1150 5739 1207 5785 ιι,
1240 5724 1304 5779 15
