3824 6140
146 382 273 443 15M

1568 381 1636 437 IN
1670 358 1925 445 rsum.

3246 369 3387 427 1542

144 497 337 561 τόπους
375 496 486 551 τῶν
514 497 721 568 νήσων·
753 495 915 568 νῆσος
951 496 1010 551 δὲ
1043 498 1137 551 καὶ
1165 498 1198 568 ἡ
1244 497 1598 570 Ἰερουσαλὴμ
1626 499 1716 551 λέ-

1829 497 2143 560 Ierusalem,
2192 502 2381 568 utpote
2423 508 2546 564 qua
2573 491 2826 565 gentibus
2872 489 3113 559 undique
3147 487 3386 543 circum-

142 607 296 660 γεται
314 630 330 653 ,
380 590 713 661 συνεχομένη
758 591 855 662 μὲν
899 589 1235 660 πανταχόθεν
1273 591 1378 643 ὑπὸ
1422 588 1530 644 τῶν
1557 607 1714 662 περι-

143 680 503 738 κυκλοῦντων.
531 682 700 755 αὐτὴν
746 682 915 736 ἐθνῶν
952 721 968 747 ,
1025 681 1458 753 περικλυζομένη
1506 683 1564 736 δὲ
1620 683 1716 735 καὶ

146 774 249 828 ὑπὸ
274 774 381 829 τῶν
408 773 501 828 τοῦ
531 774 660 830 λαοῦ
706 773 988 846 ἁμαρτιῶν
1028 765 1102 826 ὧν
1147 773 1461 844 ἡμάρτανον
1482 812 1498 837 ,
1532 774 1614 837 είς
1648 773 1717 826 τά

145 864 241 935 εθη
272 866 379 918 τῶν
399 865 566 920 ἐθνῶν
599 866 952 929 ἐκπίπτοντες
977 905 992 929 ,
1035 864 1131 918 καὶ
1167 865 1247 926 εἰς
1274 863 1716 934 είδωλολατρείαν

146 958 556 1023 ὀλισθαίνοντες.
608 955 1077 1022 Ἀνακαινίζεσθαι
1100 956 1280 1012 τοίνυν
1303 957 1670 1029 προτρέπεται
1694 972 1711 987 ⁶

147 1050 381 1123 μάλιστα
423 1051 521 1122 μὲν
570 1049 939 1121 πρωτοτύπως
979 1051 1148 1123 αὐτὴν
1185 1051 1285 1123 τὴν
1337 1049 1708 1120 Ἰερουσαλὴμ,

144 1141 209 1195 οὐ
235 1141 338 1214 μὴν
376 1140 512 1196 ἀλλὰ
558 1141 655 1196 καὶ
700 1143 879 1197 πάντα
907 1144 1068 1197 τόπον
1099 1143 1207 1198 τῶν
1254 1143 1423 1198 ἐθνῶν
1456 1143 1549 1197 κα)⁸
1581 1145 1713 1197 ἀνα-

1818 592 2116 648 ﬂuentibus
2139 588 2553 655 circumdatur;
2588 584 2981 641 circumluetur
3002 581 3164 637 etiam
3199 576 3386 649 p0puli

1816 685 2059 757 peccatis
2087 684 2288 755 quibus
2322 697 2353 737 a
2401 681 2513 737 Deo
2545 678 2881 743 defecerunt,
2926 674 2995 729 ad
3032 687 3212 728 mores
3250 684 3386 757 gen-

1816 756 1956 832 tium
2004 776 2237 848 delapsi,
2289 784 2344 830 et
2381 772 2450 827 ad
2493 773 2673 842 ipsum
2726 771 2995 824 idolorum
3041 765 3269 819 cultum.
3320 756 3390 813 Ut

1816 869 2150 924 innoventur
2180 865 2303 921 ideo
2346 869 2533 917 monet
2567 875 2703 928 eos;
2736 857 3037 930 praesertim
3078 867 3208 907 vero
3231 849 3390 904 Jeru-

1821 961 1990 1017 salem
2023 969 2079 1015 et
2106 961 2404 1031 quamlibet
2430 958 2671 1031 gentium
2715 954 2995 1023 regionem
3025 948 3295 1006 hortatur,
3328 947 3391 993 ut

1819 1054 2096 1124 excipiant
2130 1069 2315 1108 veram
2350 1053 2417 1108 de
2457 1051 2570 1106 Deo
2602 1047 2932 1108 doctrinam,
2962 1049 3016 1096 et
3046 1039 3157 1093 Deo
3183 1033 3389 1107 gratias

1821 1145 2161 1209 exhibentes,
2196 1147 2428 1201 salutem
2455 1143 2561 1200 sibi
2591 1146 2906 1211 operentur.

148 1234 439 1306 λαμϐάνειν
512 1235 735 1300 ἑαυτοὺς
788 1237 868 1300 εἰς
924 1236 1253 1306 θεογνωσίαν
1284 1278 1301 1302 ,
1357 1237 1450 1291 καὶ
1512 1236 1999 1309 πραγματεύεσθαι
2070 1240 2281 1302 ἑαυτοῖς
2328 1235 2601 1309 σωτηρίαν
2639 1230 2853 1286 αἰώνιον
2874 1268 2889 1294 ,
2958 1221 3391 1296 προστρέχοντας

149 1332 212 1400 τῇ
242 1329 336 1383 τοῦ
362 1327 498 1382 Θεοῦ
527 1329 729 1400 χάριτι.

216 1425 359 1497 Πρὸς
386 1425 483 1497 τὴν
506 1424 647 1478 οὕτω
681 1425 923 1498 μεγάλην
947 1426 1301 1496 ἐπαγγελίαν,
1324 1428 1418 1481 καὶ
1445 1427 1540 1499 τὴν
1570 1428 1711 1496 ἐγει-

152 1519 380 1591 ρομένην
403 1523 514 1584 τοῖς
546 1520 833 1574 ἀκούουσιν
875 1521 1283 1593 ἀμφισϐήτησιν
1304 1560 1319 1584 ,
1360 1520 1468 1575 άπὸ
1509 1519 1719 1585 ἀξιοπί-

151 1628 288 1665 στων
315 1611 425 1666 τῶν
452 1611 544 1666 τοῦ
568 1611 702 1666 Θεοῦ
736 1613 911 1684 έργων
938 1612 1208 1666 νουθετεῖν
1253 1610 1426 1666 έοικεν
1467 1615 1496 1665 6
1520 1611 1675 1680 λόγος
1704 1626 1719 1642 ο

149 1697 314 1768 Οὗτος
361 1704 469 1775 γὰρ
493 1742 509 1767 ,
560 1703 725 1774 φησὶν
747 1742 763 1768 ,
812 1706 841 1757 6
895 1702 1046 1756 ταῦτ’
1085 1703 1549 1774 ἐπαγγελλόμενος
1587 1701 1719 1765 Θεός

1897 1422 2068 1478 Vens.
2118 1422 2207 1477 18.
2245 1420 2329 1475 Ad
2395 1411 2838 1475 conﬁrmandam
2879 1415 3154 1463 tantarum
3205 1419 3391 1459 rerum

1820 1515 2293 1588 praedicationem,
2336 1520 2391 1568 et
2419 1509 2695 1567 tollendas
2727 1502 3060 1559 audientium
3095 1498 3392 1553 dubitatio-

1825 1623 1948 1673 nes,
1997 1605 2451 1677 praastantissima
2496 1602 2590 1657 Dei
2637 1596 3232 1669 operajcommemorat
3265 1603 3393 1659 pro-

1820 1702 2005 1772 pheta.
2038 1699 2142 1766 Qui
2173 1700 2278 1754 ista
2319 1696 2604 1752 denuntiat
2635 1693 2776 1748 idem
2819 1694 2925 1751 est,
2958 1683 3155 1753 inquit,
3206 1697 3269 1734 ac
3301 1681 3394 1735 ille

149 1796 326 1859 ἐστιν,
354 1796 383 1847 6
414 1796 508 1848 καὶ
531 1795 756 1867 οὐρανὸν
783 1796 1016 1867 ποιήσας
1037 1836 1052 1859 ,
1087 1796 1178 1849 καὶ
1207 1798 1310 1867 γῆν
1342 1794 1522 1861 δείξας
1559 1792 1717 1864 ἔργον

1829 1795 1917 1865 qui
1966 1794 2167 1850 coelum
2214 1791 2364 1856 fecit,
2411 1798 2467 1845 et
2510 1796 2715 1843 terram
2761 1782 3107 1840 extrinsecus
3152 1775 3393 1830 ostendit

147 1886 440 1956 γενομένην
464 1889 561 1958 τῆς
589 1886 780 1941 ἑαυτοῦ
804 1886 1181 1959 προλαϐούσης
1204 1887 1408 1950 ἐννοίας
1428 1904 1442 1918 ·
1471 1886 1564 1939 καὶ
1583 1884 1715 1939 ταύ-

146 1993 246 2048 την
274 1978 511 2049 χωρίσας
542 1979 648 2032 ἀπὸ
681 1979 790 2033 τῶν
825 1979 1035 2032 ὑδάτων
1072 1977 1445 2050 συναχθέντων
1480 1979 1561 2042 είς
1588 1995 1714 2030 συν-

149 2068 386 2138 αγωγάς.
447 2070 506 2123 Ὁ
559 2071 737 2124 τοίνυν
786 2068 893 2124 τῶν
950 2070 1165 2140 φύσεων
1237 2070 1442 2123 τούτων
1490 2069 1718 2140 ποιητὴς

149 2159 337 2213 οὔποτε
364 2159 631 2215 παύσεται
661 2160 1236 2232 φιλανθρωπευόμενος
1263 2177 1276 2190 ⁸
1318 2160 1439 2213 οὐδὲ
1474 2159 1582 2230 γὰρ
1620 2160 1717 2212 ἀν-

150 2251 396 2327 θρώπους
420 2255 500 2318 είς
526 2253 587 2306 τὸ
617 2247 756 2306 εἷναι
785 2254 1107 2324 παρήγαγεν
1133 2291 1148 2316 ,
1182 2251 1247 2305 ἵν’
1281 2250 1379 2325 ἔχῃ
1416 2249 1507 2314 οὒς
1548 2268 1720 2320 τιμω-

152 2347 410 2418 ρήσηται,
438 2345 534 2399 καὶ
564 2343 769 2417 ἔρημον
798 2344 1002 2397 τούτων
1026 2342 1124 2414 τὴν
1154 2344 1256 2414 γῆν
1286 2344 1536 2414 ἀποφήνῃ
1558 2382 1573 2406 ,
1604 2341 1716 2395 ἀλλ’

149 2436 236 2489 ἵνα
260 2435 539 2499 οἰκοῦντας
555 2436 815 2507 εὖεργετῇ
838 2476 852 2498 ,
881 2435 974 2489 καὶ
1000 2433 1394 2505 μετανοοῦντας
1420 2434 1568 2506 σώζῃ
1587 2474 1602 2499 ,
1625 2434 1719 2487 καὶ

149 2527 609 2596 ὲπιγινῶσκοντας
641 2527 803 2580 αὐτὸν
831 2525 1036 2597 διδάξῃ.

219 2621 279 2673 Oi
306 2619 485 2672 τοίνυν
514 2620 579 2672 ἐκ
603 2617 711 2671 τῶν
745 2617 913 2671 ἐθνῶν
940 2617 1071 2670 Θεὸν
1095 2617 1468 2685 ἐπεγνωκότες
1492 2616 1587 2670 καὶ
1617 2633 1722 2669 σω-

148 2709 339 2780 τηρίας
365 2708 504 2775 ἄξιοι
541 2707 983 2779 ἀναδειχθέντες,
1026 2708 1425 2779 συστρέψαντες
1474 2709 1718 2774 ἑαυτοὺς,

150 2801 245 2854 καὶ
270 2799 412 2853 κατὰ
437 2799 560 2853 νοῦν
594 2800 1072 2870 συσκοπησάμενοι
1091 2840 1105 2863 ,
1139 2800 1201 2852 τὸ
1234 2801 1433 2854 ἄτοπον
1461 2799 1719 2862 συνίδετε,

150 2891 232 2943 ὅτι
276 2893 325 2944 οἱ
376 2892 462 2944 ἐπ’
495 2888 660 2962 ὥμων
699 2889 956 2962 φέροντες
1002 2890 1069 2944 τὰ
1117 2891 1325 2944 ἑαυτῶν
1380 2891 1719 2962 σεϐάσματα,

152 2984 246 3037 καὶ
301 2982 550 3054 βοήθειαν
603 2981 816 3045 τούτοις
863 2982 1150 3052 νέμοντες,
1207 2982 1268 3036 ού
1328 2985 1444 3053 μετ’
1481 2984 1543 3036 ού
1588 2982 1720 3036 πολὺ

150 3074 303 3129 πλεῖν
329 3074 633 3146 μέλλοντες,
670 3073 766 3128 καὶ
797 3072 1014 3145 μακρὰν
1046 3073 1163 3127 ὁδὸν
1201 3073 1561 3144 στελλόμενοι,
1591 3075 1721 3144 παρ’

151 3166 374 3222 ἑκείνων
418 3166 673 3221 ἐπάνοδον
726 3162 1042 3237 ἐπιζητοῦσι
1066 3204 1081 3226 ,
1115 3166 1209 3218 καὶ
1239 3165 1509 3235 σωτηρίαν
1541 3166 1722 3230 αὐτοῖς
1747 3195 1789 3251 C

149 3256 502 3329 χορηγεῖσθαι
534 3256 827 3327 ἡλπίκασι·
874 3253 991 3308 δέον
1022 3253 1082 3307 τὸ
1112 3254 1310 3308 ἄτοπον
1347 3253 1571 3307 συνιδεῖν
1590 3295 1606 3320 ,
1639 3256 1719 3309 ὅτι

150 3348 441 3419 ὁέμψυχος
477 3350 570 3402 καὶ
607 3346 784 3419 ἑαυτῷ
835 3346 1138 3418 ἐπαμύνειν
1192 3345 1521 3417 δυνάμενος,
1572 3347 1724 3419 παρά

149 3437 246 3492 τοῦ
280 3437 511 3510 άϐοήθου
555 3439 649 3492 καὶ
685 3437 1011 3509 άναισθήτου
1043 3436 1194 3491 οὐδὲν
1223 3435 1334 3492 τῶν
1398 3435 1579 3490 καλῶν
1623 3438 1726 3492 άπ-

149 3528 388 3583 ὡνασθαι
416 3528 635 3582 δύναται
662 3527 797 3599 (10).

223 3619 296 3673 Τὸ
333 3618 694 3692 ἀκοινώνητον
729 3618 834 3690 τῆς
863 3617 959 3672 τοῦ
990 3617 1126 3672 Θεοῦ
1168 3617 1384 3688 φύσεως
1422 3616 1516 3672 καὶ
1557 3616 1726 3687 ἀσύγ-

151 3727 338 3786 aggth
366 3711 468 3765 κάν
498 3710 674 3782 τούτῳ
709 3709 1029 3782 σημαίνεται
1047 3726 1061 3741 '
1112 3708 1336 3781 μηδενὸς
1382 3708 1540 3763 ἄλλου
1583 3708 1726 3762 οὓτω

148 3804 214 3859 τὸ
242 3801 382 3858 εἶναι
410 3801 745 3873 κεκτημένου
768 3841 783 3868 ,
817 3800 978 3872 μόνου
1020 3800 1079 3854 δὲ
1117 3800 1269 3864 ὄντος
1306 3802 1599 3873 άγενήτου,
1632 3802 1726 3855 καὶ

148 3897 213 3950 τὸ
234 3896 441 3951 δίκαιον
474 3892 690 3963 ἑκάστῳ
729 3892 1006 3963 νέμοντος.
1034 3923 1107 3934 -—
1140 3891 1346 3962 Ἰησοῦς
1377 3893 1436 3947 δέ
1472 3896 1588 3947 ἐστι
1623 3911 1728 3948 σω-

150 3988 314 4062 τηρία
340 3986 475 4041 Θεοῦ
493 4027 509 4051 ,
544 3987 665 4039 κατ’
693 3984 826 4038 αὐτὸ
854 3984 916 4038 τὺ
949 3984 1119 4054 ὄνομα
1137 3999 1155 4016 ο
1182 3985 1275 4038 καὶ
1302 3985 1331 4037 6
1367 3965 1560 4056 Σωτὴρ
1593 3984 1727 4049 Θεὸς

150 4084 210 4138 ὲν
243 4080 394 4152 αὐτῷ
414 4123 429 4146 ,
466 4079 560 4134 καὶ
603 4077 765 4141 αὐτὸς
791 4078 849 4130 έν
875 4076 993 4149 Θεῷ
1021 4094 1035 4109 ·
1081 4078 1140 4131 οὐ
1175 4075 1239 4148 δὴ
1270 4077 1359 4130 τὸν
1391 4076 1567 4147 ἑαυτῷ
1595 4077 1726 4141 Θεὸς

150 4171 401 4246 ἀφορίζει
439 4169 630 4226 ἑαυτοῦ
657 4170 751 4223 καὶ
777 4168 871 4222 τοῦ
904 4163 1042 4222 εἶναι
1062 4209 1077 4233 ,
1109 4167 1245 4222 ἀλλὰ
1275 4167 1368 4221 τὸν
1396 4168 1500 4235 ἔξω
1535 4167 1629 4221 καὶ
1667 4168 1728 4222 ὲν

151 4266 318 4338 ἑτέρᾳ
362 4264 585 4336 δυνάμει
629 4260 975 4333 δικαιοσύνης
1008 4260 1101 4313 καὶ
1158 4260 1432 4333 σωτηρίας
1461 4275 1476 4291 ’
1510 4261 1571 4314 ού
1618 4260 1727 4331 γάρ

150 4360 302 4411 ἐστιν
336 4357 485 4412 οὐδὲν
516 4354 755 4409 τοιοῦτον
784 4351 1061 4422 ἀλλότριον
1095 4350 1190 4405 τοῦ
1222 4351 1539 4423 μονογενοῦς
1568 4350 1724 4417 Θεοῦ,

148 4450 253 4521 τῆς
304 4449 471 4521 μόνης
510 4447 691 4519 πηγῆς
731 4444 840 4499 τῶν
885 4442 1105 4512 ἀγαθῶν
1132 4458 1144 4472 ’
1201 4442 1259 4497 ἓν
1284 4444 1393 4515 γὰρ
1421 4443 1484 4497 τὸ
1526 4443 1727 4513 ἀγαθὸν

1820 1892 1999 1941 mente
2039 1887 2191 1956 prius
2235 1884 2420 1939 divina
2451 1882 2814 1953 excogitatam
2842 1920 2856 1944 ,
2893 1887 2946 1933 et
2977 1887 3097 1935 eam
3137 1871 3205 1924 ah
3235 1868 3391 1940 aquis

1818 1978 2138 2033 distinxitin
2169 1975 2623 2047 congregationes
2649 1988 2781 2028 suas
2810 1972 3016 2028 coactis
3066 1972 3265 2025 Rerum
3296 1979 3392 2018 au-

1818 2078 1927 2124 tem
1959 2070 2191 2125 istarum
2226 2067 2503 2130 conditor,
2536 2080 2711 2135 usque
2742 2062 3118 2135 perseverabit
3142 2057 3405 2114 homines-

1819 2160 2002 2218 studio
2038 2176 2139 2214 suo
2172 2167 2597 2229 persecuturus;
2629 2170 2739 2211 non
2768 2155 2914 2211 enim
2945 2154 3054 2209 vita
3094 2167 3190 2207 eos
3222 2150 3393 2205 dona-

1818 2250 1895 2306 vit
1927 2261 1986 2306 ut
2015 2251 2242 2305 haberet
2286 2265 2426 2320 quos
2467 2247 2708 2317 puniret,
2736 2254 2831 2300 aut
2871 2252 3075 2299 terram
3124 2241 3393 2311 praeberet

1819 2346 2041 2400 abistis
2085 2358 2336 2407 vacuam,
2391 2340 2487 2396 sed
2533 2348 2590 2393 ut
2638 2344 2823 2409 posset
2867 2343 3138 2391 terrarum
3183 2333 3399 2389 insulas

1820 2436 2028 2502 fovere,
2081 2442 2134 2488 et
2165 2431 2546 2503 paenitentiam
2589 2433 2810 2500 agentes
2845 2441 3089 2493 servare,
3118 2432 3172 2481 et
3222 2437 3393 2493 agno-

1820 2537 2037 2583 scentes
2068 2541 2191 2581 eum
2223 2525 2443 2579 docere.

1893 2617 2058 2673 Vens.
2102 2616 2192 2671 20.
2239 2614 2409 2686 Igitur
2466 2629 2535 2669 ex
2576 2614 2831 2685 gentibus
2870 2612 2961 2682 qui
3020 2610 3190 2665 Deum
3236 2607 3395 2663 novi-

1822 2712 1944 2776 stis,
1982 2720 2037 2766 et
2088 2709 2266 2765 salute
2309 2707 2463 2777 digni
2507 2706 2771 2762 declarati
2821 2706 2978 2768 estis,
3032 2701 3288 2758 conversi
3338 2708 3401 2755 et

1822 2804 2007 2858 animo
2033 2801 2315 2857 vobiscum
2340 2806 2655 2869 reputantes
2679 2797 3073 2853 ahsurditatem
3096 2796 3244 2849 illam
3270 2809 3397 2864 per-

1822 2896 2041 2967 pendite
2072 2912 2086 2949 :
2121 2893 2267 2963 quod
2299 2893 2334 2947 ii
2366 2891 2457 2963 qui
2489 2891 2785 2946 simulacra
2823 2891 2892 2945 ab
2921 2905 2981 2945 se
3022 2889 3169 2943 culta
3197 2888 3395 2941 hume-

1824 2988 1902 3041 ris
1951 2994 2168 3056 gestant
2205 2985 2452 3056 ipsisque
2506 3000 2663 3055 opem
2709 2982 2909 3042 ferunt.
2947 2980 3093 3035 haud
3133 2979 3228 3035 diu
3270 2986 3396 3050 post

1823 3077 2159 3146 navigaturi,
2204 3085 2258 3131 et
2286 3077 2508 3147 longum
2544 3077 2651 3130 iter
2690 3073 3004 3139 emensuri;
3040 3073 3108 3128 ab
3153 3071 3221 3127 iis
3257 3071 3399 3127 saluo

1823 3177 1930 3224 tem
1978 3169 2082 3223 sibi
2122 3176 2174 3223 et
2209 3169 2445 3223 reditum
2474 3182 2802 3222 concessum
2848 3166 2915 3220 iri
2964 3171 3223 3237 sperent;
3268 3178 3406 3218 cum.

1823 3268 2102 3329 oporteret
2137 3261 2217 3314 rei
2243 3260 2642 3315 absurditatem
2676 3257 3001 3323 intelligere,
3031 3255 3252 3327 quando
3275 3256 3398 3326 qui-

1822 3351 1943 3405 dem
1982 3351 2075 3419 qui
2106 3351 2380 3405 animatus
2405 3358 2489 3405 est
2526 3357 2580 3404 et
2613 3364 2771 3420 Opem
2804 3348 2910 3402 sibi
2950 3347 3091 3402 ferre
3118 3347 3284 3410 valet,
3326 3347 3403 3401 ab

1822 3456 1888 3496 eo
1917 3441 2009 3511 qui
2043 3441 2177 3494 nihil
2208 3440 2403 3510 juvare
2432 3447 2613 3510 potest
2640 3446 2695 3494 et
2724 3454 2893 3494 sensu
2917 3447 3071 3493 caret
3100 3437 3238 3491 nihil
3264 3437 3396 3492 boni

1824 3533 2108 3604 percipere
2140 3533 2304 3586 valet.
2375 3527 2379 3531 ’

1894 3623 2063 3679 Vens.
2111 3622 2202 3678 21.
2243 3622 2341 3678 Dei
2390 3631 2642 3678 naturam
2699 3637 2825 3677 cum
2880 3621 2988 3676 alia
3035 3619 3293 3676 contendi
3339 3628 3397 3674 et

1822 3715 2130 3785 comparari
2158 3728 2266 3768 non
2299 3728 2462 3784 posse
2482 3714 2794 3768 declaratur
2817 3711 2930 3776 hic,
2962 3725 3088 3766 cum
3122 3725 3231 3764 non
3255 3708 3403 3763 alius

1814 3804 2014 3883 eodem
2059 3805 2221 3859 modo
2250 3804 2313 3857 τὸ
2345 3820 2469 3860 esse
2500 3804 2798 3875 possideat,
2845 3818 2969 3858 cum
3015 3818 3158 3857 unus
3189 3801 3399 3872 ingeni-

1824 3903 1916 3952 tus
1978 3894 2072 3956 sit.
2113 3906 2168 3952 et
2206 3911 2364 3951 suum
2404 3897 2602 3966 cuique
2656 3895 2938 3965 largiatur.
2984 3894 3145 3950 Jesus
3212 3900 3395 3947 autem

1822 3994 1909 4042 est
1970 3987 2121 4042 salus
2177 3986 2307 4052 Dei,
2351 3985 2497 4057 quod
2556 4000 2754 4040 nomen
2811 3985 2991 4055 ipsum
3030 3989 3297 4047 testatur;
3341 3988 3398 4034 et

1827 4078 2080 4134 Salvator
2110 4078 2257 4134 Deus
2293 4079 2350 4133 in
2381 4079 2525 4149 ipso,
2562 4087 2615 4133 et
2646 4078 2764 4148 ipse
2804 4077 2860 4131 in
2890 4076 3022 4139 Deo,
3054 4090 3214 4146 quem
3248 4073 3400 4129 enim

1824 4173 1883 4228 in
1913 4187 1972 4228 se
2004 4188 2113 4225 non
2146 4186 2177 4224 a
2216 4186 2275 4226 se
2295 4178 2349 4226 et
2377 4171 2446 4225 ab
2475 4186 2600 4226 esse
2629 4169 2897 4233 excludit,
2935 4168 3031 4223 sed
3070 4167 3310 4221 alienum
3343 4174 3400 4219 et

1825 4265 1882 4320 in
1905 4265 2012 4319 alio
2038 4264 2268 4335 iustitiae
2298 4272 2351 4319 et
2386 4264 2580 4321 salutis
2623 4264 2815 4318 ordine
2853 4261 3250 4325 constitutum;
3288 4272 3400 4313 non

1824 4365 1909 4412 est
1953 4358 2098 4411 enim
2146 4356 2334 4422 justus
2382 4363 2437 4411 et.
2493 4356 2746 4409 Salvator
2805 4359 2999 4424 praeter
3058 4352 3398 4421 unigenitum

1826 4447 2019 4512 Deum,
2073 4464 2243 4503 unum
2297 4448 2424 4503 boni
2479 4448 2749 4517 cujusque
2805 4445 3043 4510 fontem;
3095 4458 3264 4497 unum
3314 4450 3402 4497 est

148 4540 338 4596 καὶτὸ
377 4540 441 4608 ἐξ
475 4539 635 4595 αὐτοῦ
684 4537 882 4604 ταὺτὸ,
930 4536 1007 4603 ὡς
1054 4533 1219 4589 εἰκὼν
1266 4535 1493 4608 ἀληθινή
1535 4553 1595 4589 τε
1634 4536 1720 4591 καὶ

1830 4544 1975 4598 enim
2006 4542 2236 4605 bonum,
2268 4548 2323 4595 et
2352 4541 2498 4611 quod
2532 4555 2596 4595 ex
2628 4555 2694 4595 eo
2724 4538 2936 4602 itidem,
2966 4545 3026 4592 ut
3055 4551 3183 4593 vera
3215 4544 3271 4592 et
3301 4550 3401 4591 na-

193 4650 380 4688 υσικη.

193 4650 320 4687 υσικ
365 4674 380 4688 .

150 4652 189 4705 (ρ
233 4726 294 4779 Ὅ
323 4634 603 4796 ,Ζωστηρίας
635 4722 866 4795 χορηγὸς
919 4721 1012 4775 καὶ
1053 4720 1200 4792 ζωῆς
1239 4720 1411 4783 αἴτιος
1458 4718 1704 4784 σώζεσθα

145 4817 360 4880 πάντας
387 4814 788 4889 προτρέπεται,
819 4814 913 4868 καὶ
941 4815 999 4868 ἐν
1031 4814 1233 4885 βεϐαίῳ
1262 4812 1507 4884 δεδέχθαι
1531 4813 1598 4867 τά
1628 4814 1723 4883 τῆς

143 4909 231 4971 είς
273 4907 470 4969 αὐτοὺς
512 4904 807 4975 γενομένης
851 4903 1201 4972 ἐπαγγελίας.
1264 4904 1479 4976 Ἐπειδὴ
1532 4904 1641 4974 γὰρ
1690 4905 1723 4974 ἡ

143 5000 345 5070 κλῆσις
382 4999 479 5053 καὶ
536 4997 807 5063 Ἰουδαίοις
857 4998 1128 5070 σωτηρίαν
1178 4997 1580 5069 ἐμνηστεύετο,
1631 4996 1724 5051 καὶ

143 5091 281 5161 ἔθνη
328 5091 429 5161 τῆς
479 5089 648 5161 αὐτῆς
693 5089 903 5161 δωρεᾶς
945 5088 1099 5160 ἠξίου
1128 5088 1221 5142 καὶ
1255 5088 1463 5151 πάντας
1491 5088 1726 5142 ἅπαντα·

141 5182 311 5255 κόθεν
360 5185 425 5253 τῇ
469 5180 564 5235 τοῦ
609 5180 742 5235 Θεοῦ
767 5180 1200 5253 προστρέχοντας
1237 5180 1415 5252 δωρεᾷ
1458 5178 1725 5245 σώζεσθαι

142 5273 570 5350 εὐηγγελίζετο’
618 5275 668 5327 εί
714 5272 822 5345 γὰρ
854 5276 882 5328 6
941 5273 1156 5345 Ἰσραὴλ
1206 5272 1344 5343 μετὰ
1388 5272 1449 5326 τὸ
1489 5270 1725 5326 τοσαῦτα

141 5368 471 5444 ἁμαρτῆσαι
500 5366 722 5439 χάριτος
756 5366 949 5439 ἐδεήθη
971 5404 989 5432 ,
1021 5364 1199 5436 πολλῷ
1245 5365 1447 5437 μᾶλλον
1493 5365 1633 5437 μέγα
1665 5362 1724 5417 ὃν

138 5464 207 5517 τὸ
231 5463 527 5533 λεγόμενον
548 5462 848 5529 ἡπιστεῖτο,
875 5460 950 5524 ὡς
979 5460 1135 5531 μόνον
1158 5458 1263 5523 ἕως
1285 5457 1544 5530 ῥημάτων
1569 5456 1726 5511 τοῦτο

139 5555 576 5624 δεχθησόμενον,
612 5550 732 5622 οὐχὶ
779 5550 837 5603 δὲ
868 5549 962 5604 καὶ
1004 5550 1083 5613 είς
1130 5547 1290 5619 ἔργον
1336 5546 1721 5618 προχωρῆσαν.

140 5646 341 5699 Πᾶσαν
381 5644 557 5698 τοίνυν
613 5642 1019 5714 ἀμφισϐήτησιν
1069 5642 1180 5703 τοῖς
1230 5638 1584 5708 καλουμένοις
1633 5636 1727 5689 ἐπὶ

1829 4637 2023 4693 turalis
2055 4637 2256 4705 imago.

1898 4726 2066 4783 Vsns.
2120 4727 2210 4782 22.
2268 4725 2475 4781 Salutis
2520 4725 2776 4795 princeps
2821 4731 2877 4780 et
2921 4724 3046 4779 vitae
3098 4729 3291 4777 auctor
3338 4727 3401 4776 ut

1827 4837 2019 4877 omnes
2064 4820 2198 4875 salvi
2250 4819 2382 4873 ﬁant
2412 4819 2686 4881 hortatur,
2723 4825 2778 4874 et
2822 4832 3129 4873 sermonem
3179 4813 3298 4884 ejus
3331 4815 3399 4869 ad

1824 4911 1976 4981 ipsos
2021 4909 2260 4965 delatum
2299 4909 2483 4964 studio
2537 4909 2866 4979 suscipiant.
2908 4907 3209 4962 Vocatione
3251 4905 3399 4961 enim

1828 5002 2058 5056 salutem
2090 4999 2296 5055 Iudaeis
2322 4999 2716 5070 despondebat,
2749 5010 2803 5055 et
2828 5008 3020 5071 gentes
3057 5000 3246 5054 eodem
3278 5013 3402 5051 mu-

1830 5109 1960 5148 nere
1982 5092 2176 5163 dignas
2202 5092 2535 5155 declarabat,
2580 5102 2636 5147 et
2670 5107 2862 5148 omnes
2888 5091 3249 5147 denuntiabat
3289 5088 3403 5144 sal-

1828 5176 2061 5250 vandds,
2100 5192 2287 5254 utpote
2326 5184 2419 5254 qui
2452 5199 2519 5238 ex
2552 5185 2808 5241 omnibus
2837 5192 3109 5239 terrarum
3150 5182 3399 5252 partibus

1832 5274 1927 5330 Dei
1955 5276 2130 5346 gratia
2181 5277 2576 5332 excitarentur.
2619 5276 2775 5342 Quod
2825 5285 3006 5331 autem
3037 5273 3242 5330 ludatis
3273 5282 3400 5343 post

1832 5377 1910 5421 tot
1950 5381 2015 5421 ac
2058 5374 2211 5421 tanta
2256 5375 2479 5438 peccata
2510 5368 2669 5423 venia
2723 5384 2861 5440 opus
2909 5377 3046 5431 erat,
3098 5382 3164 5422 eo
3224 5365 3399 5435 magis
3478 5413 3486 5419 .

1831 5460 2003 5515 tantis
2050 5461 2342 5530 promissis
2390 5459 2724 5526 diliidebant,
2758 5461 2916 5532 quasi
2959 5460 3142 5515 verbis
3184 5465 3399 5511 tantum

1833 5548 2138 5618 proﬁtenda
2182 5557 2391 5612 essent,
2443 5564 2502 5603 re
2544 5564 2674 5604 vero
2720 5562 3001 5619 nunquam
3043 5540 3396 5616 perﬁcienda.

1833 5639 1948 5704 Qua
1974 5639 2041 5694 de
2072 5653 2262 5702 causa,
2300 5647 2360 5693 ut
2392 5639 2762 5696 dubitationes
2792 5654 3037 5710 quasque
3061 5637 3302 5709 gentium
3332 5630 3399 5686 ad

218 5756 341 5830 (10)
359 5755 756 5830 [ragmcntnm
800 5755 901 5811 hoc
932 5754 1259 5811 Hcracleotac
1292 5752 1496 5810 editum
1540 5750 1739 5821 legitur
1782 5752 1942 5806 etiam
1996 5751 2138 5822 apud
2180 5751 2643 5809 Montiauconium
2686 5753 2742 5809 in
2788 5752 2970 5809 Crwca
3009 5751 3403 5823 pala‘ographia

143 5844 270 5894 οὓς.
313 5828 371 5882 5|
386 5827 432 5881 7.
