3824 6140
439 305 460 358 1
473 305 577 361 545

1585 300 1931 358 THEODORI
1971 300 2489 359 HERACLEENSIS

3554 306 3695 361 13H»

437 424 670 479 salutem
696 427 1011 476 vocatarum
1048 420 1267 485 tolleret
1308 419 1473 484 Deus,
1498 421 1875 489 juramentum
1905 420 1996 475 ad-

2145 421 2340 491 υτηρία
2368 419 2510 473 λύων
2533 460 2547 484 ,
2577 420 2738 490 ὅρκον
2770 418 2966 488 ἐπάγει
2990 459 3006 483 ,
3043 420 3137 473 καὶ
3164 419 3341 491 τούτῳ
3373 421 3694 491 συγκέχρη-

437 515 634 578 ltibuit,
661 521 716 568 et
749 529 814 567 eo
839 513 1061 583 quidem
1106 513 1277 566 utitur
1310 527 1436 568 cum
1465 513 1783 568 hominibus
1819 513 2001 568 disce-

436 613 620 674 ptans,
653 619 762 673 quo
790 618 953 673 quam
1002 603 1373 658 ﬁrmissimam
1421 602 1526 657 sibi
1568 602 1714 673 apud
1746 602 1998 658 homines

436 695 596 750 ﬁdem
632 694 853 749 faceret.

506 785 675 841 Vens.
717 785 808 841 25.
849 784 1173 854 Quicunque
1216 785 1272 839 in
1327 785 1431 840 hac
1480 786 1591 839 vita
1644 785 1712 840 de
1758 784 2000 856 peccatis

438 881 556 933 suis
586 878 965 947 pcenitentiam
994 891 1101 929 non
1136 882 1318 944 agent,
1343 884 1418 939 et,
1451 877 1665 945 ingrato
1693 877 1876 930 animo
1905 878 2003 932 de-

436 968 604 1037 cepti,
659 967 939 1023 Christum
1004 967 1251 1022 conﬁteri
1306 967 1579 1022 noluerint
1635 966 1999 1038 (confundens

439 1061 569 1127 tur).

509 1150 674 1204 Vens.
705 1149 795 1204 26.
836 1147 1290 1229 Justiﬁcabuntur
1312 1164 1442 1204 vero
1475 1157 1529 1205 et
1550 1149 2001 1221 gloriﬁcabuntur

436 1257 534 1312 per
571 1258 787 1296 omnem
819 1244 978 1296 vitam
1012 1258 1166 1297 suam
1216 1240 1308 1312 qui
1353 1242 1633 1297 Christum
1677 1258 1997 1313 agnoscere,

432 1334 699 1404 justitiam
737 1334 952 1404 operari
992 1346 1045 1389 et
1071 1350 1256 1389 verum
1289 1349 1475 1389 semen
1508 1333 1674 1389 Israel
1707 1333 1842 1389 eﬁici
1876 1344 1996 1392 stu-

436 1424 677 1479 duerint.

506 1516 636 1571 Car.
671 1515 854 1581 XLVI,
892 1513 1051 1571 Vens.
1082 1517 1132 1571 l.
1176 1515 1275 1572 ilic
1320 1525 1587 1572 memorat
1632 1516 1775 1573 Deus
1817 1515 2000 1571 omnia

436 1618 587 1662 certo
631 1608 838 1678 perﬁci,
887 1624 1227 1678 quaecunque
1284 1609 1351 1661 ab
1402 1624 1467 1663 eo
1508 1608 1726 1663 fuerunt
1750 1608 1995 1676 decreta;

437 1698 505 1753 de
534 1699 693 1753 idolis
722 1714 849 1753 vero
880 1715 989 1752 non
1020 1699 1163 1751 idem
1188 1699 1390 1764 valere,
1424 1698 1516 1754 sed
1541 1715 1603 1754 ea
1632 1700 1874 1755 omnium
1904 1715 1998 1754 co-

2100 527 2232 576 ται,
2288 513 2364 575 ὡς
2418 510 2728 582 ἀνθρώποις
2787 511 3199 582 διαλεγόμενος,
3251 506 3297 580 ᾧ
3337 511 3587 582 μάλιστα
3632 514 3693 566 τὸ

2103 603 2473 673 συμπέρασμα
2506 602 2687 675 πάσης
2720 603 3180 675 ἀμφισϐητήσεως
3203 604 3381 659 αἴτιον
3400 605 3693 659 ἐπιλύεται

2098 695 2211 757 τοῖς
2233 692 2564 765 ἀνθρώποις.

2170 786 2233 838 Oi
2265 785 2340 857 μὴ
2378 786 2436 839 ὲν
2487 785 2566 857 τῷ
2613 786 2715 858 βίῳ
2759 803 2933 857 τουτῳ
2982 790 3418 857 μετανοήσαντες
3454 802 3567 859 μιν
3605 788 3692 854 ἐφ’

2097 872 2180 940 οἷς
2207 876 2490 949 ἥμαρτον,
2534 876 2977 948 ἀγνωμονοῦντες
3022 877 3112 943 δὲ,
3159 878 3252 932 καὶ
3291 879 3430 950 πρὸς
3461 877 3573 950 τὴν
3595 877 3691 930 ττι-Σ

2098 968 2337 1041 Χριστοῦ
2364 968 2681 1040 ὁμολογίαν.
2730 1000 2735 1005 ι

2167 1146 2335 1217 Δόξης
2365 1146 2421 1200 δὲ
2454 1147 2550 1200 καὶ
2575 1146 2951 1217 εὑθυμοσὺνης
2986 1146 3436 1218 πληρωθήσονται
3464 1146 3695 1201 ἄπαντα

2097 1235 2188 1290 τὸν
2217 1234 2422 1289 ἑαυτῶν
2456 1235 2601 1305 βίον
2636 1235 3007 1304 ἐπεγνωκότες
3048 1235 3147 1305 μὲν
3177 1234 3267 1288 τὸν
3298 1235 3546 1306 Χριστὸν
3565 1275 3582 1298 ,
3619 1235 3699 1288 δι·

2098 1325 2391 1397 καιοσύνης
2438 1324 2496 1379 δὲ
2552 1326 2779 1397 ἐργάται
2833 1326 3235 1391 καταστάντες,
3279 1327 3377 1379 καὶ
3426 1324 3695 1396 ἀληθινὸν

2100 1417 2323 1487 σπέρμα
2352 1416 2446 1469 τοῦ
2494 1415 2709 1487 Ἰσραὴλ
2734 1415 3191 1488 χρηματίσαντες.

2179 1506 2443 1561 Ἐνταῦθα
2494 1508 2902 1579 ὑπομιμνήσκει
2948 1506 3146 1570 αὑτοὺς
3193 1507 3223 1559 ὁ
3266 1504 3443 1569 Θεὸς,
3496 1506 3581 1570 ὡς
3626 1507 3699 1559 τά

2101 1595 2196 1665 μὲν
2242 1595 2406 1649 αὑτοῦ
2441 1596 2617 1651 πάντα
2659 1598 3019 1661 ἀδιαλείπτως
3052 1597 3351 1669 τελούμενα
3394 1599 3594 1669 μένει’
3627 1615 3694 1651 τε

2096 1687 2153 1739 δὲ
2181 1685 2291 1741 τῶν
2337 1686 2571 1742 εἰδώλων
2609 1689 2706 1759 οὑχ
2752 1688 2953 1757 οῦτως,
2985 1688 3122 1743 ἀλλὰ
3156 1690 3495 1743 πεπτωκότα
3530 1689 3698 1759 ὀφθή-

438 1803 554 1841 ram
602 1790 776 1844 oculis
806 1789 1129 1859 prostranda
1158 1804 1298 1843 esse.
1333 1789 1604 1859 Agnoscat
1632 1792 1865 1860 quisque
1902 1806 1997 1844 ve-

2145 1794 2275 1833 εται.
2306 1778 2415 1831 Καὶ
2446 1778 2569 1850 ἐμοὶ
2608 1778 2837 1843 ἕκαστος
2871 1780 3207 1835 σνσκοπείτω
3229 1821 3246 1846 ,
3280 1780 3359 1845 ὡς
3384 1781 3446 1833 οὑ
3474 1780 3697 1850 κόμτεες

437 1890 611 1936 strum
645 1881 809 1935 verba
840 1896 957 1935 mea
991 1895 1100 1934 non
1137 1895 1329 1934 vanam
1355 1896 1475 1935 esse
1496 1881 1875 1951 jactationem,
1901 1881 1998 1937 sed

435 1980 643 2026 certam
689 1986 870 2025 rerum
923 1987 1047 2025 mox
1093 1980 1477 2025 eventurarum
1517 1971 1924 2041 praedictionem
1969 1986 1999 2026 a

436 2061 548 2115 Deo
579 2061 813 2127 factam;
868 2076 993 2114 nam
1040 2075 1163 2114 cum
1203 2061 1483 2115 nuntiaret
1532 2059 1674 2116 Deus
1722 2060 1998 2115 Abraham

437 2168 625 2208 semen
650 2171 713 2208 ex
746 2170 812 2209 60
840 2167 1217 2224 egressurum,
1248 2161 1302 2206 ΘΙ.
1334 2161 1538 2206 terram
1577 2162 1996 2222 occupaturum,

435 2245 648 2299 dicente
694 2243 800 2299 isto
846 2261 861 2299 :
929 2260 949 2292 ι
1001 2239 1311 2295 Secundum
1356 2243 1486 2311 quid
1534 2243 1742 2297 sciam?
1771 2262 1790 2294 ι
1846 2250 1999 2299 ratus

434 2335 827 2408 patriarcham,
878 2335 1080 2390 auditis
1127 2335 1536 2390 calamitatibus
1578 2334 1645 2388 ad
1677 2335 1999 2405 sapientiam

436 2426 820 2483 instruendum
847 2442 990 2490 esse,
1031 2416 1283 2495 praedixit
1320 2427 1537 2496 generis
1569 2426 1907 2494 servitutem,
1948 2433 2002 2482 et

437 2527 561 2587 post
589 2517 949 2585 quadraginta
989 2522 1043 2571 et
1073 2516 1469 2586 quinquaginta
1521 2530 1696 2570 annos
1732 2514 2005 2570 liberatio-

436 2623 560 2663 nem
585 2609 629 2639 ²⁰
657 2627 671 2662 :
701 2624 822 2679 quae
867 2608 1050 2662 omnia
1105 2618 1302 2662 eventu
1334 2605 1653 2661 conﬁrmata
1688 2614 1836 2669 sunt,
1873 2605 2001 2661 licet

436 2715 547 2754 non
577 2694 738 2754 fuerit
781 2699 1288 2771 qui;praedictorum
1321 2698 1725 2754 exsecutionem
1759 2707 1997 2770 urgeret.

506 2874 671 2932 Vens.
702 2876 758 2930 2.
796 2876 989 2933 Vestra
1033 2878 1215 2933 omnia
1258 2877 1314 2931 in
1365 2877 1737 2947 captivitatem
1775 2876 1997 2944 tradita,

435 2980 576 3021 onus
606 2973 765 3020 erunt
795 2966 1164 3036 elephantium
1190 2972 1243 3019 et
1269 2966 1643 3034 jumentorum
1675 2964 1877 3035 quibus
1900 2965 2003 3019 ab-

435 3057 685 3113 ducenda
716 3058 1085 3127 imponentur.
1119 3057 1233 3110 lmo
1259 3054 1632 3125 fatigabuntur
1653 3064 1707 3111 et
1733 3056 1833 3109 viri
1854 3054 2001 3110 scul-

436 3148 589 3220 ptilia
632 3157 935 3220 portantes.
994 3147 1071 3203 Eo
1119 3162 1335 3218 quoque
1383 3147 1613 3202 istorum
1660 3147 2003 3202 imbecillita-

435 3251 547 3297 tem
594 3241 1020 3308 conﬁtehuntur,
1081 3256 1207 3295 cum
1252 3254 1314 3295 ea
1362 3248 1642 3310 portantes
1681 3239 2001 3310 fatigantur,

435 3334 669 3395 et.deos
713 3333 950 3389 ferentes
1003 3333 1295 3395 deﬁciunt,
1352 3348 1382 3386 a
1436 3333 1640 3403 quibus
1690 3334 1875 3402 potius
1917 3347 2037 3401 re-.

437 3424 657 3482 creandi
680 3431 860 3490 erant,
891 3423 939 3479 si
963 3424 1058 3495 qui
1086 3423 1163 3479 dii
1189 3422 1444 3479 fuissent.

2026 3116 2070 3173 C

2099 1868 2168 1923 τὰ
2194 1870 2452 1941 ῥήματα,
2501 1869 2640 1924 ἀλλὰ
2692 1871 3116 1943 προαγορεύσεις
3151 1873 3481 1942 γιγνόμεναι
3540 1873 3691 1942 παρνὰ

2099 1958 2233 2012 Θεοῦ
2261 1959 2691 2014 ἀκολουθούντων
2720 1964 3091 2033 πραγμάτων·
3125 1964 3217 2015 καὶ
3253 1962 3365 2034 γὰρ
3409 1962 3513 2015 τοῦ
3549 1963 3690 2016 Θεοῦ

2100 2047 2569 2117 ἐπαγγελλομένου
2602 2048 2680 2118 τῷ
2718 2048 2969 2120 Ἀϐραὰμ
3005 2051 3187 2122 ζήσειν
3219 2050 3389 2103 αὑτοῦ
3416 2051 3482 2102 τὸ
3517 2053 3693 2121 σπέρ-

2104 2154 2180 2208 μα
2203 2178 2217 2203 ,
2245 2139 2338 2190 καὶ
2371 2137 2798 2209 κληρονομήσειν
2838 2138 2935 2210 τὴν
2970 2140 3102 2210 γῆν,
3146 2141 3401 2193 κάκείνου
3433 2141 3697 2192 ἐπειπόν-

2098 2226 2410 2291 τος,ιΚατὰ
2436 2230 2490 2282 τί
2516 2227 2815 2300 γνώσομαι,
2837 2249 2857 2281 ι
2882 2232 2964 2285 ὅτι
2993 2230 3163 2285 ταῦτα
3194 2231 3309 2284 ἔστι
3332 2248 3347 2297 ;
3384 2231 3697 2299 ἐγνωκότος

2098 2319 2164 2388 τῇ
2192 2318 2328 2389 ἀκοῇ
2361 2319 2470 2372 τῶν
2506 2317 2767 2391 λυπηρῶν
2802 2321 3163 2393 σωφρονίσθαι
3195 2323 3286 2377 τὸν
3327 2324 3695 2396 προπάτορα,

2100 2411 2325 2479 προεῖπε
2356 2410 2450 2462 καὶ
2477 2410 2577 2481 τὴν
2614 2410 2706 2464 τοῦ
2753 2413 2947 2482 γένους
2975 2414 3217 2468 δουλείαν
3251 2416 3349 2469 καὶ
3390 2416 3504 2489 τὴν
3561 2420 3697 2487 μετὰ

2098 2499 2419 2570 τετρακόσια
2447 2503 2780 2574 πεντήκοντα
2812 2505 2905 2576 ἔτη
2939 2507 3206 2578 ἐσομένην
3236 2508 3573 2581 ἐλευθερίαν
3598 2512 3697 2565 afa-

2099 2588 2206 2644 τῶν
2226 2605 2241 2621 ’
2282 2589 2426 2662 ἅπερ
2450 2591 2625 2646 πάντα
2645 2634 2659 2659 ,
2693 2594 2920 2666 μηδενὸς
2957 2597 3109 2661 ὄντος
3139 2597 3232 2652 τοῦ
3272 2600 3341 2653 ἐκ
3371 2603 3483 2672 τῆς
3525 2606 3699 2674 προρτ

2102 2680 2313 2751 ρήσεως
2349 2681 2707 2749 ἀπαιτοῦντος
2764 2685 2864 2758 τὴν
2915 2686 3139 2743 ἔκϐασιν
3185 2689 3293 2744 τῶν
3318 2694 3696 2765 πραγμάτων,

2102 2771 2422 2843 ἐπληροῦτο.

2173 2862 2351 2917 Ἀπαν
2408 2864 2563 2936 ὑμῶν
2626 2866 2972 2940 αίχμαλωσία
3042 2869 3496 2941 παραδεδομένον
3553 2874 3700 2930 ἐσται

2102 2954 2298 3024 φορτία
2322 2955 2627 3020 ἐλεφάντων
2658 2958 2753 3011 καὶ
2785 2957 3096 3029 ὑποζυγίων
3120 2999 3136 3025 ,
3175 2963 3232 3016 ἐν
3263 2961 3344 3021 τῷ
3371 2965 3681 3023 άπάγεσθα

2103 3050 2284 3112 αὑτοῖς
2320 3051 2668 3123 ἐπιτιθέμενα
2687 3069 2701 3082 ⁸
2737 3054 2797 3107 οὐ
2829 3053 2934 3126 μὴν
2959 3055 3096 3110 ἀλλὰ
3117 3056 3210 3110 καὶ
3236 3057 3402 3113 αὑτοὶ
3426 3076 3484 3113 οι
3510 3063 3705 3134 ἀνδρες

2103 3142 2152 3195 οἱ
2185 3141 2355 3195 ταῦτα
2386 3142 2702 3214 κομίζοντες
2744 3145 3155 3217 κοπωθήσονται
3176 3162 3192 3177 ’
3228 3147 3334 3202 κᾶν
3383 3150 3578 3223 τούτῳ
3609 3155 3704 3223 τὴν

2104 3234 2386 3289 ἀσθένειαν
2430 3235 2634 3290 τούτων
2668 3236 3088 3308 ὁμολογοῦντες,
3133 3239 3215 3293 ὅτι
3246 3239 3435 3294 ταῦτα
3494 3242 3704 3311 βαστά-

2104 3322 2286 3389 ζοντες
2332 3325 2623 3381 κοποῦνται
2646 3366 2660 3390 ,
2713 3327 2807 3381 καὶ
2856 3327 2988 3383 Θεὸν
3041 3330 3297 3402 φέροντες
3340 3332 3701 3395 ἀσθενοῦσιν,

2104 3413 2238 3467 ὅπου
2267 3431 2332 3484 γε
2362 3416 2468 3470 ἔδει
2507 3415 2958 3487 ἐπικουφίζεσθαι
2988 3418 3098 3473 τῶν
3131 3418 3343 3487 πόνων,
3382 3423 3444 3478 εἴ
3480 3442 3556 3493 γε
3592 3425 3701 3479 θεοί

1995 3500 2004 3510 ’
2103 3519 2246 3566 τινες
2271 3502 2538 3574 ὑπῆρχον.

512 3599 693 3656 νειιε..
734 3601 787 3657 5.
844 3599 1075 3656 Deducit
1140 3614 1237 3657 eos
1296 3602 1364 3656 ad
1429 3602 1781 3671 intelligenda
1831 3604 2006 3672 ipsnus

435 3692 624 3757 verba,
661 3693 1058 3747 commendatis
1087 3693 1397 3762 patriarcha
1425 3701 1482 3749 et
1515 3693 1687 3764 gloria
1715 3692 1874 3762 ejus;
1906 3707 2006 3746 cu-

435 3783 528 3853 jus
555 3799 728 3854 genus
750 3798 873 3838 esse
901 3783 1225 3853 gloriantur,
1261 3785 1543 3839 imitentur
1564 3791 1618 3838 et
1641 3797 1821 3838 mores
1847 3797 2009 3853 opor-

437 3884 537 3932 tet.
576 3877 712 3932 Cum
756 3878 1004 3947 reliquiae
1042 3875 1210 3932 Israel
1255 3877 1395 3944 sitis,
1430 3877 1649 3933 .relictze
1682 3876 1859 3930 tribus
1888 3885 2009 3930 tan-

438 3978 555 4024 tum
583 3970 724 4036 duae,
761 3969 976 4024 caeteris
1000 3968 1191 4023 decem
1236 3967 1294 4021 in
1321 3967 1695 4037 captivitatem
1729 3964 2004 4031 abductis,

441 4072 553 4113 non
575 4072 673 4113 vos
704 4058 977 4123 deseram,
1008 4058 1054 4111 si
1079 4056 1460 4128 paenitentiam
1493 4055 1741 4127 egeritis.

518 4232 681 4289 Vens.
734 4233 788 4289 5.
827 4232 978 4299 "Quis
1028 4233 1099 4287 sit
1146 4232 1235 4288 ille
1281 4247 1435 4288 error
1486 4232 1694 4288 indicat
1745 4233 2008 4290 orationis

440 4332 755 4382 contextus.
804 4323 940 4378 Nam
988 4323 1212 4379 insitam
1266 4325 1424 4380 vobis
1473 4323 1759 4389 habentes,
1806 4325 2006 4395 inquit,

440 4417 736 4485 imaginem
780 4429 977 4478 meam,
1037 4414 1103 4469 ad
1149 4413 1398 4469 facienda
1430 4413 1578 4468 idola
1603 4412 2007 4482 'descendistis,

443 4507 602 4576 quasi
628 4520 725 4576 per
756 4520 821 4560 ea
855 4520 941 4560 me
967 4506 1302 4569 veneraturi,
1335 4512 1397 4558 ut
1434 4504 1632 4560 animis
1663 4505 1861 4561 vestris
1904 4504 2009 4559 im-

443 4610 688 4665 pressam
722 4596 957 4666 speciem
984 4594 1099 4665 jam
1139 4611 1237 4667 per
1260 4593 1488 4664 efﬁgiem
1531 4609 1845 4666 expressam
1877 4610 2010 4651 ocu-

443 4686 514 4743 lis
544 4686 742 4743 intueri
771 4686 1018 4757 possitis.

511 4774 677 4833 Vens.
711 4775 765 4833 6.
804 4776 874 4832 Ut
925 4792 1036 4834 mre
1062 4777 1194 4833 dato
1230 4776 1395 4833 deum
1439 4778 1596 4834 vobis
1629 4777 1863 4847 faciant;
1905 4792 2008 4849 ego
2048 4774 2069 4803 ’-

442 4883 574 4923 vero
621 4868 931 4925 mercedem
983 4884 1015 4923 a
1074 4870 1228 4925 vobis
1271 4869 1478 4924 nullam
1521 4868 1780 4939 deposco,
1832 4871 2009 4941 gratia

442 4966 638 5013 contra
679 4967 736 5014 et
788 4960 1168 5015 misericordia
1214 4960 1372 5016 vobis
1413 4975 1643 5031 quaeque
1682 4961 1909 5033 largior,
1955 4969 2011 5018 et

441 5063 567 5118 qua:
588 5063 699 5103 non
726 5057 884 5103 erant
902 5050 1015 5104 vita
1041 5048 1207 5104 dono.
1829 5114 1838 5123 ,

503 5139 686 5202 νεεδ.
727 5142 780 5197 8.
822 5141 1164 5199 Omnimodis
1202 5142 1508 5198 rationibus
1550 5150 1772 5198 revocat
1808 5159 1904 5199 eos
1943 5143 2011 5199 ad

445 5234 771 5305 sapientiam
812 5243 866 5290 et
911 5235 979 5290 ad
1027 5235 1457 5291 recordationem
1498 5241 1617 5289 tum
1664 5244 2012 5306 peccatorum

349 5365 354 5371 .
445 5341 572 5396 quae
598 5326 704 5396 ipsi
732 5325 1074 5392 admiserint,
1104 5335 1221 5382 tum
1247 5324 1654 5382 benefactorum
1679 5325 1880 5398 quibus
1920 5341 2016 5382 eos

450 5415 599 5473 Deus
627 5418 892 5473 continuo
936 5420 1243 5487 exornavit,
1279 5427 1337 5472 ut
1365 5419 1431 5473 de
1469 5417 1686 5474 delictis
1733 5419 1852 5474 suis
1884 5434 2016 5473 con-

451 5508 557 5563 scii
585 5507 735 5573 facti,
768 5518 822 5565 et
855 5496 1088 5581 seipsos,
1123 5519 1380 5583 tanquam
1419 5510 1534 5568 suis
1570 5507 1828 5580 operibus
1862 5524 2014 5566 mor-

540 5666 588 5697 "
610 5665 742 5722 Gen.
778 5684 866 5732 xv,
902 5669 955 5734 8,
994 5668 1076 5721 13.

2188 3594 2478 3663 Έπανάγει
2524 3594 2723 3658 αὑτοὺς
2763 3594 2903 3667 πρὸς
2948 3596 3299 3669 συναίσθησιν
3330 3600 3451 3654 τῶν
3485 3602 3701 3673 λεχθέν-

2097 3699 2247 3748 των,
2277 3682 2371 3738 τοῦ
2415 3685 2761 3758 προπάτορος
2801 3689 3155 3759 μνημονεύων
3191 3691 3291 3745 καὶ
3326 3693 3437 3764 τῆς
3486 3697 3700 3749 ἐκείνου

2105 3773 2293 3845 δόξης·
2325 3774 2421 3829 καὶ
2453 3776 2535 3828 ὅτι
2556 3815 2571 3841 ,
2611 3776 2821 3830 ἐκείνου
2851 3777 3144 3848 αὐχοῦντες
3176 3771 3319 3835 εἶναι
3376 3783 3591 3851 γένος,
3617 3788 3700 3840 τὸν

2108 3865 2314 3920 ἐκείνου
2369 3864 2565 3937 ζηλοῦν
2600 3867 2799 3939 τρόπον
2835 3868 3163 3938 ὀφείλουσιν.
3225 3873 3292 3924 Et
3325 3873 3445 3947 γάρ
3494 3876 3697 3948 λεῖμμα

2107 3955 2201 4010 τοῦ
2257 3956 2473 4029 Ἰσραὴλ
2503 3958 2833 4029 τυγχάνετε,
2874 3957 2969 4013 δὺο
3018 3960 3467 4031 περιλειφθεῖσαι
3516 3967 3695 4035 φυλαὶ,

2105 4048 2215 4101 τῶν
2244 4047 2416 4103 ἄλλων
2443 4048 2575 4103 δέκα
2604 4051 2685 4114 είς
2710 4049 3086 4121 αἰχμαλωσίαν
3108 4052 3505 4125 ἁπαχθεισῶν,
3530 4059 3597 4111 οὐ
3629 4059 3694 4129 μή

2109 4140 2437 4211 περιόψομαι
2470 4140 2615 4210 ὑμᾶς
2646 4142 3105 4212 μετανοήσαντας.

2180 4233 2289 4303 Τὴν
2332 4230 2754 4305 πεπλανημένην
2793 4232 2973 4288 αὐτῶν
3008 4235 3166 4301 δόξαν
3196 4238 3265 4307 τῇ
3301 4235 3577 4312 διατριϐῇ
3613 4240 3693 4294 τοῦ

2108 4320 2267 4390 λόγου
2300 4321 2660 4375 ἐπιδείκνυσιν
2683 4337 2698 4352 ο
2737 4319 2826 4384 Ὧς
2850 4319 3066 4392 ἔχοντες
3121 4323 3253 4397 γάρ,
3296 4326 3481 4397 φησιν
3508 4367 3528 4392 ,
3569 4330 3696 4399 ἐμὴν

2037 4463 2084 4518 D
2112 4412 2559 4485 ὑποϐεϐλημένην
2597 4412 2728 4485 ὑμῖν
2769 4414 2952 4468 εἰκόνα
2976 4454 2993 4480 ,
3035 4415 3130 4468 ἐπὶ
3159 4416 3220 4470 τὸ
3274 4421 3463 4473 ποιεῖν
3510 4422 3695 4476 εἴδωλα

2110 4505 2300 4576 ἤλθετε
2322 4544 2337 4570 ,
2371 4506 2449 4569 ὡς
2495 4505 2585 4560 διὰ
2630 4506 2835 4562 τούτων
2866 4506 3331 4579 θεραπεύσοντεςο
3381 4511 3476 4565 ἵνα
3510 4515 3615 4585 τὴν
3646 4516 3695 4567 ὲν

2107 4599 2365 4665 διανοίαις
2414 4602 2781 4677 ἐγγενομένην
2820 4603 2951 4673 ὑμῖν
2998 4605 3299 4672 φαντασίαν
3354 4607 3419 4659 ἐν
3488 4607 3693 4680 ὁρωμέ·

2110 4710 2221 4757 νοις
2250 4693 2412 4765 ἔχητε
2436 4696 2626 4767 τιμᾷν.

2179 4781 2298 4835 Ἵνα
2327 4781 2458 4834 Θεὸν
2491 4783 2618 4853 ὑμῖν
2649 4781 2934 4856 άναπλάσῃ
2977 4782 3072 4836 ἐπὶ
3117 4783 3331 4854 μισθοῖς
3361 4786 3691 4857 γενόμενον·

2108 4871 2243 4944 ἐμοῦ
2275 4872 2351 4944 μὴ
2381 4872 2607 4943 μισθοὺς
2635 4871 3010 4937 ἀπαιτοῦντος,
3047 4875 3227 4946 χάριτι
3250 4875 3306 4929 δὲ
3336 4877 3532 4931 πάντα
3563 4894 3691 4950 παρ-

2114 4964 2327 5035 έχοντος
2357 4965 2450 5018 καὶ¹
2479 4963 2794 5036 ἀγαθότητι,
2836 4964 2932 5018 καὶ
2968 4966 3035 5020 ἐκ
3077 4965 3169 5020 τοῦ
3205 4966 3281 5038 μὴ
3320 4966 3486 5032 ὄντος
3534 4972 3616 5034 εἰς
3644 4966 3695 5022 τὸ

2114 5050 2255 5110 εἶναι
2284 5056 2463 5110 πάντα
2494 5055 2858 5128 δωρουμένου.

2198 5144 2598 5216 Ἀπανταχόθεν
2637 5146 2928 5217 συγκροτεῖ
2965 5145 3162 5207 αὑτοὺς
3192 5145 3273 5208 είς
3302 5145 3477 5216 νῆψιν
3504 5148 3602 5201 καὶ
3627 5148 3692 5208 είς

2116 5238 2441 5310 κατανόησιν
2470 5231 2619 5291 ὧντε
2637 5235 2792 5290 αὑτοὶ
2811 5237 3100 5308 μετῄεσαν,
3133 5237 3228 5289 καὶ
3249 5229 3324 5289 ὧν
3352 5236 3498 5302 Θεὸς
3532 5238 3692 5292 ἀπαύ-

2125 5346 2261 5393 στως
2294 5330 2489 5393 αὑτοὺς
2534 5326 2844 5399 εὐεργετεῖ’
2877 5328 2984 5390 ἵνα,
3043 5328 3102 5381 ἐν
3148 5328 3508 5400 συναισθήσει
3560 5330 3689 5399 τινό-

2127 5437 2275 5490 μενοι
2315 5420 2407 5474 ἐπὶ
2456 5423 2567 5485 τοῖς
2622 5417 3179 5493 πεπλημμελημένοις
3230 5419 3437 5486 αὐτοῖς,
3490 5423 3585 5476 καὶ
3626 5421 3690 5482 ὥς

2123 5512 2215 5565 ἐπὶ
2248 5513 2425 5584 νεκρῷ
2452 5514 2562 5575 τοῖς
2606 5510 2755 5575 ἰδίοις
2797 5511 2978 5582 ἔργοις
3026 5510 3350 5579 κατάγοντες
3378 5511 3615 5586 δάκρυα,
3638 5512 3687 5566 οὗ
