3792 6150
139 283 263 338 1545

1509 279 1575 333 IN
1611 279 1863 334 ISAIAM.

3233 298 3370 350 I546

128 399 386 470 τιμωρίας
425 399 803 460 ἀπολαύσωσι,
860 399 1218 464 στενάξαντες
1240 393 1315 448 ·δὲ
1349 394 1525 467 μόνον,
1557 399 1683 451 facta

1801 404 1924 451 tuos
1943 437 1958 461 ,
1983 399 2248 468 lugentes,
2279 417 2386 454 non
2427 417 2616 470 poenas
2644 403 2796 472 dent,
2828 408 2919 462 sed
2943 409 3047 479 piis
3075 411 3368 480 gemitibus

128 491 393 557 δέξωνται,
418 491 564 544 οὐδὲν
597 489 941 554 ὲπαιτοῦντος
978 491 1071 544 τοῦ
1106 489 1242 544 Θεοῦ
1273 490 1306 560 ἢ
1345 489 1692 561 συναίσθησιν

130 582 301 652 μόνον.
568 644 570 647 ι
839 575 844 580 ’

191 696 252 748 Τί
284 695 393 767 γὰρ
442 696 576 767 ἐμοῦ
620 696 908 761 καλοῦντος
949 698 1008 750 οὐ
1054 698 1302 768 πάρεστι,
1357 697 1572 752 πάντων
1613 705 1691 768 τῷ

126 784 236 855 ἐμῷ
259 785 486 855 νεύματι
519 786 946 856 ήνιοχουμένων;
988 787 1083 840 καὶ
1130 787 1238 859 γὰρ
1269 788 1360 841 καί
1391 788 1565 859 πτηνὰ
1595 789 1690 840 ἀπ’

124 876 346 946 ἐσχάτου
377 877 478 946 τῆς
505 877 608 948 γῆς
639 877 945 947 καλούμενα
981 878 1209 950 πάρεστι
1229 896 1242 908 ·
1277 879 1372 932 καὶ
1403 879 1584 949 Κῦρον
1634 879 1688 932 δὲ
1732 909 1735 912 -

121 969 206 1021 τὸν
257 967 484 1038 βασιλέα
525 971 558 1040 ἡ
610 968 715 1040 ἐμὴ
759 969 976 1035 ἐξουσία
1021 971 1162 1039 ἄγει,
1193 970 1271 1040 τῷ
1305 970 1422 1042 ἐ.μῷ
1461 971 1688 1041 νεύματι

121 1055 331 1112 εἴκοντα
351 1075 363 1088 ·
401 1058 460 1110 οὐ
491 1057 597 1130 μὴν
627 1057 763 1111 ἀλλά
814 1059 907 1112 καὶ
940 1060 1113 1113 πάντα
1145 1060 1428 1131 ἄνθρωπον
1471 1060 1539 1114 τὰ
1581 1059 1689 1131 ἐμὰ

121 1147 433 1220 φρονοῦντα,
470 1151 568 1220 ἐμὲ
594 1151 706 1214 ἕξει
739 1150 834 1204 καὶ
878 1150 1167 1206 εὐθύνοντα
1195 1153 1340 1224 αὐτῷ
1373 1153 1470 1216 τὰς
1500 1153 1651 1216 ὁδούς
1671 1169 1684 1182 ³

119 1243 164 1294 εἰ
192 1242 248 1294 δὲ
279 1242 373 1296 καὶ
415 1240 713 1314 ἀνθρώπων
741 1243 929 1313 μηδεὶς
957 1245 1203 1316 εὑρεθείη
1230 1245 1290 1298 τὸ
1317 1246 1448 1315 ἐμὸν
1479 1245 1686 1315 θέλημα

120 1331 333 1402 μετιὼν,
359 1332 419 1385 τὸ
443 1331 739 1403 τηνικαῦτα
769 1334 860 1387 τὸν
889 1335 1020 1406 ἐμὸν
1057 1336 1181 1389 Υίὸν
1205 1337 1505 1403 ἀποστελῶ,
1532 1354 1684 1389 τουτ-

117 1425 226 1476 ὲστι
270 1424 360 1477 τὸν
407 1423 660 1496 Χριστὸν,
713 1427 891 1479 πᾶσαν
929 1427 1028 1499 τὴν
1072 1429 1339 1499 πατρικὴν
1379 1428 1685 1500 πληροῦνται

117 1516 337 1580 ἔννοιαν,
370 1517 464 1570 καὶ
512 1518 570 1570 ὲν
609 1519 676 1589 τῇ
713 1517 819 1589 ἰδίᾳ
851 1519 1015 1573 αὐτοῦ
1070 1520 1366 1591 αὐτουργίᾳ.
1405 1520 1686 1575 δεικνύντα

117 1609 248 1677 ὲμάς
281 1608 512 1671 ἐννοίας.

180 1699 427 1750 Αἰτιᾶται
459 1698 658 1764 αὐτοῖς,
704 1700 802 1770 οὐχ
845 1700 919 1763 ὼς
964 1699 1023 1753 τὸ
1068 1700 1250 1772 μόριον
1294 1699 1388 1753 τοῦ
1436 1699 1684 1771 σώματος

116 1787 506 1860 ἀποϐεϐληκόσι
539 1789 637 1862 τὴν
675 1790 918 1862 καρδίαν,
952 1791 1067 1846 ἀλλ’
1109 1791 1184 1854 ὡς
1227 1791 1287 1845 τὸ
1330 1793 1572 1863 κριτικὸν
1599 1794 1684 1844 αἰ-

117 1879 399 1953 σθητήριον
429 1882 607 1935 ἑκοντὶ
645 1881 1106 1952 ὲπικρυψαμένοις
1126 1900 1138 1912 ·
1175 1883 1202 1936 ὃ
1233 1884 1324 1937 καῖ.
1357 1883 1528 1937 αἴτιον
1559 1884 1688 1954 ὑμῖν

115 1971 295 2039 γέγονε
352 1973 684 2043 ἀπῳκίσθαι.
733 1974 895 2027 Ὅθεν
957 1975 1142 2041 ἐπάξω
1200 1975 1298 2046 τὴν
1369 1975 1522 2046 δίκην
1569 1977 1688 2048 μετ’

117 2062 384 2134 ἀληθείας,
442 2064 710 2136 σωτηρίαν
758 2066 886 2136 ὑμῖν
939 2068 1408 2138 μνηστευομένην·
1443 2069 1537 2121 καὶ
1578 2069 1687 2140 γὰρ

117 2155 257 2208 πᾶσα
295 2156 519 2219 κόλασις
564 2157 704 2211 κατὰ
728 2157 817 2210 τὸν
850 2155 944 2210 τοῦ
976 2155 1292 2222 κολάζοντος
1332 2159 1530 2212 σκοπὸν
1562 2159 1686 2230 ὄνη-

119 2261 196 2298 σιν
232 2247 384 2318 φέρει
431 2251 544 2312 τοῖς
593 2247 1012 2319 κολαζομένοις,
1066 2248 1221 2321 δίκην
1281 2248 1465 2318 ἰατροῦ
1517 2267 1686 2321 προσ-

118 2338 330 2404 άγοντος
364 2339 616 2412 βοήθημα
648 2341 945 2408 κάμνοντι’
993 2341 1094 2395 κᾶν
1145 2343 1339 2414 πικρὸν
1454 2341 1515 2396 τὸ
1558 2342 1694 2396 διδό-

122 2446 271 2496 μενον
316 2433 468 2504 itath
521 2432 614 2486 τοῦ
653 2432 858 2505 ἰατροῦ,
911 2433 1027 2487 ἀλλ’
1086 2434 1234 2505 ὅμως
1283 2435 1470 2503 ὑγείας
1522 2437 1692 2490 αἴτιον

120 2519 261 2574 ἔσται
305 2523 382 2594 τῷ
421 2525 693 2596 δεχομένῳ
727 2525 857 2578 αὐτό
878 2541 891 2554 ·
925 2524 1100 2596 τούτῳ
1140 2525 1248 2597 γὰρ
1277 2525 1352 2596 τῷ
1385 2525 1569 2597 σκοπῷ
1599 2528 1693 2580 καὶ

1799 498 2080 544 sanentur.
2107 490 2240 546 Nam
2275 493 2350 546 nil
2381 493 2529 548 aliud
2567 503 2772 566 repetet
2820 512 2852 552 a
2898 499 3054 554 vobis
3086 498 3230 556 Deus
3259 501 3366 557 nisi

1798 580 1965 635 animi
1996 584 2432 641 conversionem.

1878 694 2045 751 Vens.
2079 696 2164 752 ll.
2205 696 2346 764 Quid
2392 698 2538 753 enim
2591 715 2704 754 non
2737 699 2932 765 aderit,
2982 707 3212 756 vocante
3253 715 3362 762 me.

1797 805 1922 844 cum
1972 790 2155 845 omnia
2187 791 2343 844 nutui
2388 807 2509 846 meo
2552 792 2892 847 inserviant?
2923 791 3080 858 Quod
3123 793 3167 848 si
3210 808 3362 847 avem

1799 883 1867 938 ab
1899 883 2166 938 extremis
2190 884 2355 938 terris
2395 900 2686 950 vocavero,
2729 887 2922 940 aderit.
2944 886 3122 956 Cyrus
3149 900 3366 954 quoque

1795 991 1893 1031 rex
1933 975 2163 1044 imperio
2205 991 2326 1029 meo
2372 976 2596 1046 regitur,
2642 987 2797 1048 paret
2830 977 3003 1046 jussis
3047 976 3206 1032 meis.
3253 974 3367 1028 lmo

1795 1068 1976 1121 omnis
2016 1067 2179 1122 homo
2209 1069 2304 1136 qui
2349 1083 2468 1121 mea
2518 1070 2709 1135 sentit,
2757 1084 2844 1123 me
2890 1069 3112 1123 habebit
3150 1068 3365 1122 viarum

1793 1157 2007 1212 ducem.
2047 1158 2278 1224 Quando
2309 1174 2438 1213 vero
2461 1159 2574 1227 jam
2602 1175 2708 1214 non
2737 1159 2899 1213 homo
2934 1159 3235 1229 reperietur
3269 1157 3364 1226 qui

1793 1246 1961 1302 faciat
1991 1249 2326 1304 voluntatem
2379 1266 2576 1315 meam,
2613 1261 2742 1305 tunc
2779 1250 2975 1305 Filium
3016 1267 3192 1304 meum
3232 1249 3360 1302 mit-

1792 1346 1926 1403 tam,
1977 1341 2081 1395 hoc
2122 1349 2207 1396 est
2253 1342 2532 1397 Christum
2573 1343 2666 1412 qui
2713 1351 2948 1397 mentem
2982 1343 3214 1412 patriam
3260 1354 3357 1410 per

1790 1434 1974 1488 omnia
2005 1434 2272 1504 perficiat,
2311 1442 2366 1490 et
2414 1436 2673 1508 operibus
2707 1435 2846 1504 suis,
2876 1435 3008 1506 quid
3049 1435 3167 1505 ipse
3212 1433 3359 1489 desi-

1791 1525 1974 1579 derem
2007 1526 2329 1581 declarabit.

1817 1680 1831 1688 ’
1861 1700 2032 1757 Vens.
2069 1701 2155 1756 12.
2204 1700 2396 1774 Arguit
2429 1718 2525 1758 eos
2570 1718 2678 1758 non
2713 1703 2858 1774 quod
2902 1719 2998 1758 cor
3026 1703 3361 1774 perdiderint

1793 1807 2116 1862 corporeum
2143 1833 2156 1856 ,
2193 1794 2286 1848 sed
2321 1795 2468 1864 quod
2503 1803 2695 1866 sponte
2723 1797 2892 1850 animi
2940 1797 3119 1851 lumen
3149 1799 3362 1852 exstin-

1793 1887 2006 1953 xerint;
2051 1901 2177 1940 nam
2209 1896 2496 1956 propterea
2533 1903 2563 1942 a
2604 1903 2691 1942 me
2713 1887 3010 1942 defecistis.
3035 1888 3361 1958 Ideojustas

1793 1992 1824 2030 a
1858 1978 2011 2032 vobis
2041 1993 2230 2048 pmnas
2261 1987 2519 2049 repetam,
2557 1980 2721 2034 saluti
2764 1980 2916 2034 vobis
2949 1980 3201 2048 futuras;
3232 1997 3359 2034 nam

1792 2072 1940 2124 omni
1982 2087 2142 2140 poena
2176 2071 2321 2127 Deus
2356 2074 2582 2126 utilitati
2626 2085 2826 2127 nostra;
2857 2075 3095 2128 consulit
3117 2074 3358 2137 ,,medici

1793 2154 1860 2206 ad
1897 2157 2174 2225 exemplar
2220 2160 2468 2210 morbum
2513 2159 2777 2212 curantis.
2829 2157 2981 2212 Licet
3025 2173 3209 2212 amara
3250 2161 3360 2212 sint

1793 2261 1913 2316 qua:
1933 2261 1960 2298 a
1984 2249 2192 2302 medico
2223 2247 2555 2316 praebentur,
2577 2263 2750 2318 tegros
2773 2257 2951 2301 tamen
2983 2248 3036 2301 in
3070 2252 3355 2302 sanitatem

1790 2338 2087 2394 restituunt
2124 2357 2138 2392 :
2170 2338 2359 2394 eadem
2394 2340 2604 2393 ratione
2643 2339 2927 2409 regebatur
2955 2339 3144 2408 legalis
3167 2354 3354 2393 eorum

1788 2429 2012 2495 civitas,
2043 2438 2094 2484 et
2123 2431 2376 2484 instituta
2401 2429 2494 2484 Dei
2534 2431 2762 2502 gloriam
2797 2432 3133 2501 prtestabant
3162 2430 3356 2484 obser-

1788 2524 2042 2578 vantibus
2072 2539 2157 2578 ea.

121 2611 149 2680 ἡ
181 2615 368 2686 νομικὴ
402 2617 582 2680 αὐτοῖς
610 2617 760 2680 πόλις
792 2616 1113 2687 ἁφωρίζετο,
1148 2618 1245 2671 καὶ
1275 2618 1343 2672 τὰ
1369 2618 1520 2690 παρά
1550 2619 1641 2672 τοῦ
1667 2619 1802 2673 Θεοῦ
1833 2619 2039 2690 νόμιμα
2071 2617 2227 2682 δόξαν
2257 2620 2512 2689 παρεῖχεν
2542 2617 2722 2680 αὐτοῖς
2754 2616 3012 2690 τηροῦσιν
3039 2617 3198 2672 αὐτά.

182 2725 346 2779 Πάλιν
378 2727 515 2798 πρὸς
541 2728 666 2791 τοὺς
689 2727 984 2792 Χαλδαίους
1015 2728 1239 2800 μετάγει
1263 2730 1354 2784 τὸν
1382 2730 1558 2800 λόγον,
1590 2731 1684 2785 καὶ

120 2833 206 2869 την
234 2819 681 2891 καταληψομένην
716 2821 911 2884 αὐτοὺς
940 2821 1095 2893 δίκην
1132 2821 1535 2894 προαγορεύει..

185 3025 320 3095 Πρὸς
352 3026 444 3079 τὸν
495 3027 710 3098 Ἰσραὴλ
742 3031 972 3080 ποιεῖται
1005 3027 1130 3091 τοὺς
1183 3026 1407 3096 λόγους’
1455 3029 1536 3082 ὅτι
1581 3029 1683 3081 Το-

125 3115 298 3176 σοῦτον
326 3117 546 3186 ἀφέξεις
579 3118 670 3172 τοῦ
700 3120 788 3172 τὸν
823 3118 1104 3190 Ἀσσύριον
1137 3119 1532 3191 φοϐηθήσεσθαι
1563 3122 1685 3192 ἐμοὶ

122 3208 444 3280 πειθόμενος,
474 3210 548 3273 ὡς
579 3213 715 3282 μήτε
753 3209 959 3274 τούτοις
996 3216 1133 3282 μήτε
1162 3211 1342 3276 ἀλλοις
1372 3213 1481 3267 τισὶ⁷
1510 3232 1686 3286 παρα-

122 3297 290 3352 δοῦναι
329 3303 495 3372 ὑμᾶς.

196 3391 530 3461 Ἀπανταχοῦ
589 3393 657 3447 τά
708 3395 805 3464 τῆς
856 3395 1048 3446 ἑαυτου
1101 3394 1464 3466 χρηστότητος
1521 3395 1683 3448 ἐνδει-

124 3483 372 3555 κνύμενος
405 3487 435 3537 ὀ
471 3485 622 3552 Θεὸς,
659 3487 730 3556 μὴ
761 3486 1154 3557 σεσιωπηκέναι
1183 3488 1399 3555 φάσκει,
1429 3487 1559 3558 μηδὲ
1592 3486 1684 3538 ἐπὶ

123 3582 223 3641 τοῖς
245 3580 443 3632 τούτων
475 3560 662 3642 κακοῖς
690 3578 1129 3649 ἀδιηφορηκέναι,
1171 3578 1282 3631 ἀλλ’
1314 3578 1400 3632 ἀεὶ
1439 3579 1686 3650 ἁμαρτά-

123 3685 297 3734 νοντας
319 3671 577 3741 ἐλέγχων,
603 3672 696 3725 καὶ
717 3670 784 3724 τὰ
806 3671 1127 3740 ὀφειλόμενα
1154 3672 1273 3734 ταῖς
1295 3669 1474 3723 αὐτῶν
1505 3671 1684 3742 ἀμαρ-

123 3761 253 3824 τίαις
297 3763 544 3834 ἐπιτίμια
581 3762 880 3835 προλέγων,
922 3763 1017 3832 οὐχ
1065 3763 1150 3814 ἵνα
1203 3765 1578 3833 τιμωρήσηται
1625 3763 1679 3834 (ἢ

122 3850 222 3920 γὰρ
272 3853 335 3906 ἂν
362 3854 458 3907 καὶ⁸
503 3855 720 3909 σιωπῶν
754 3855 925 3925 ὲπῆγε
957 3855 1054 3925 τὴν
1084 3855 1297 3926 ὀργὴν),
1329 3854 1440 3908 ἀλλ’
1467 3856 1554 3909 ἵνα
1586 3873 1682 3924 φο-

125 3941 284 4010 ϐήσας
311 3945 404 3998 καὶ
434 3943 772 4014 σωφρονίσας
801 3947 868 4016 τῇ
901 3944 1118 4015 ἀπειλῇ,
1152 3943 1262 4007 ἔξει
1295 3943 1682 4014 μετανοοῦντας

123 4036 209 4087 καὶ
241 4033 589 4105 πειθομένους
627 4033 793 4105 αὐτῷ.
828 4064 898 4074 -
932 4033 1100 4088 Πάλιν
1146 4034 1504 4104 προπατόρων
1549 4035 1684 4106 μνή-

124 4140 195 4193 μη
238 4127 329 4180 καὶ
373 4126 632 4197 ὀνόματος
675 4125 958 4196 προκοπῆς
1004 4124 1143 4180 κατά
1181 4125 1377 4197 ψυχὴν,
1413 4127 1548 4196 ὅπερ
1585 4141 1684 4197 ση-

124 4216 348 4284 μαίνειὸ
391 4217 637 4290 Ἰσραήλ·
682 4219 750 4272 ἵν’
791 4219 840 4271 oi
879 4217 1169 4288 αὐχοῦντες
1214 4217 1392 4286 γένος,
1430 4218 1524 4270 καὶ
1558 4217 1684 4290 τρόο

121 4323 213 4359 πον
251 4311 458 4372 ἑαυτοῖς
511 4311 853 4375 οίκειωσωσι,
909 4310 1003 4362 καὶ
1051 4307 1262 4362 εὖνοιαν
1316 4309 1414 4379 τὴν
1461 4310 1681 4362 ἐκείνων

1860 2730 1990 2785 CAP.
2063 2729 2284 2795 XLVII,
2330 2730 2496 2786 Vens.
2559 2732 2610 2785 I.
2674 2728 2885 2786 Rursus
2945 2730 3012 2783 ad
3068 2729 3354 2785 Chaldaeos

1787 2824 1952 2879 verba
1986 2824 2148 2888 facit,
2194 2833 2248 2880 et
2291 2824 2664 2878 imminentem
2709 2824 2846 2892 ipsis
2873 2823 3170 2877 vindictam
3217 2837 3353 2892 prte-

1787 2915 2024 2970 nuntiat.

1862 3028 2030 3084 Vnns.
2053 3029 2106 3084 '5.
2126 3026 2293 3084 Israel
2315 3027 2611 3099 alloquitur
2637 3045 2650 3081 :
2673 3025 2826 3093 Quod
2855 3027 2899 3082 si
2921 3025 3054 3081 mihi
3078 3023 3351 3080 conlidea-

1790 3124 1900 3189 ris,
1946 3124 2059 3192 jam
2096 3139 2206 3177 non
2247 3122 2352 3177 erit
2397 3137 2496 3176 cur
2540 3120 2795 3190 Assyrios
2840 3118 3191 3187 reformides,
3225 3134 3352 3172 nam

1787 3229 1888 3285 ego
1923 3221 1973 3267 te
2008 3213 2152 3266 ultra
2188 3227 2289 3266 nec
2320 3211 2450 3275 illis,
2477 3226 2577 3265 nec
2611 3210 2735 3264 aliis
2766 3209 2997 3263 tradam.

1854 3393 1986 3448 CAP.
2035 3387 2285 3452 XLVIII,
2313 3387 2481 3444 Vnns.
2514 3388 2562 3441 l.
2591 3386 2914 3441 Omnimoda
2951 3387 3210 3442 bonitatis
3239 3403 3354 3444 sua!

1785 3487 2111 3542 documenta
2162 3483 2409 3553 praebens
2462 3480 2637 3545 Deus,
2690 3496 2748 3534 se
2791 3496 3068 3549 nunquam
3112 3483 3352 3537 tacuisse

1785 3579 2092 3649 proﬁtetur,
2129 3592 2231 3630 nec
2256 3573 2452 3627 delicta
2508 3587 2696 3626 eorum
2737 3586 2894 3641 aequo
2925 3571 3106 3626 animo
3136 3573 3348 3633 tulisse,

1786 3669 1883 3726 sed
1913 3683 2086 3738 usque
2140 3672 2434 3736 peccantes
2491 3663 2758 3732 arguisse,
2814 3670 2868 3717 et
2900 3662 3112 3718 debitas
3156 3678 3350 3732 pecca-

1787 3762 1858 3816 tis
1879 3773 2068 3814 eorum
2099 3756 2454 3812 denuntiasse
2500 3768 2722 3825 poenas,
2757 3768 2865 3806 non
2897 3761 2957 3807 ut
2985 3768 3092 3808 eos
3130 3754 3351 3823 puniret

1787 3852 2062 3923 (alioquin
2111 3849 2314 3903 tacitus
2369 3863 2464 3903 eos
2528 3849 2608 3901 ira
2656 3845 3086 3917 oppressisset),
3141 3845 3237 3901 sed
3289 3853 3350 3900 ut

1783 3943 1949 3997 minis
1981 3954 2075 3996 eos
2103 3938 2384 3994 deterrens
2413 3945 2467 3992 et
2495 3937 2562 3991 ad
2595 3938 2814 3990 saniora
2841 3951 3105 3992 revocans
3124 3977 3138 4000 ,
3173 3952 3346 4006 popu-

1783 4035 1894 4090 lum
1923 4033 2147 4088 haberet
2175 4031 2340 4086 corde
2367 4033 2660 4084 contritum
2689 4039 2743 4086 et
2771 4029 3003 4084 ﬁdelem.
3029 4029 3242 4084 Rursus
3262 4046 3354 4102 pa-

1786 4127 2056 4183 triarchas
2077 4125 2422 4181 commendat
2442 4130 2497 4178 et
2518 4125 2773 4178 virtutem
2796 4123 3156 4192 spiritualem,
3183 4138 3350 4194 quam

1783 4219 2031 4290 designat
2062 4233 2259 4272 nomen
2289 4216 2490 4279 Israel,
2525 4223 2586 4270 ut
2603 4231 2774 4286 genus
2801 4215 3073 4284 jactantes
3101 4213 3346 4278 Patrum,

1784 4329 1964 4368 mores
2011 4325 2232 4382 quoque
2277 4310 2563 4364 imitentur
2607 4324 2828 4371 eorum,
2862 4315 2916 4362 et
2944 4308 3133 4363 eodem
3165 4309 3351 4362 studio

126 4400 504 4470 μιμησάμενοι,
545 4399 795 4452 ὲϐίσωσιν
845 4399 1070 4462 ἑαυτοὺς
1110 4399 1190 4462 εἰς
1230 4398 1291 4451 τὸ
1328 4398 1542 4452 ἀκούειν
1587 4398 1678 4451 τοῦ

1799 4405 2103 4473 lagrantes,
2141 4401 2237 4458 Dei
2267 4401 2324 4456 in
2367 4402 2592 4457 servitio
2628 4400 2731 4470 ipsi
2758 4415 2972 4470 quoque
3005 4408 3344 4454 assuescant.

121 4486 268 4542 Θεοῦ.

185 4580 430 4644 Τοιοῦτος
485 4581 777 4653 ἐτύγχανες
825 4582 919 4635 καὶ
972 4581 1198 4644 ἄνωθεν,
1255 4581 1546 4650 ἀπολείψεις
1583 4580 1678 4651 μὲν

121 4671 234 4735 τούς
266 4674 322 4726 ἐν
342 4675 409 4745 τῇ
437 4672 593 4741 φύσει
620 4691 700 4727 σοι
729 4672 1168 4743 καταϐληθέντας
1191 4672 1404 4741 νόμους,
1435 4673 1492 4724 ἐν
1519 4670 1680 4736 πλαξὶ

122 4760 174 4812 δὲ
210 4761 432 4827 λιθίναις
476 4764 791 4833 ἀναγκάσας
819 4764 1024 4836 γράψαι
1056 4762 1248 4825 ταῦτα,
1278 4763 1354 4826 ὼς
1395 4763 1487 4816 καὶ
1517 4764 1681 4815 Moti)-

126 4854 216 4924 σῆς
244 4857 370 4926 ὑμῖν
393 4855 652 4921 ὠνείδιζε,
675 4857 768 4910 καὶ
815 4857 876 4910 τὸ
915 4855 1128 4918 ἀναιδὲς
1155 4855 1307 4926 ὑμῶν
1335 4855 1678 4925 ἀπέσκωψεν.

188 5059 352 5115 Πάλιν
374 5061 472 5133 τὴν
499 5062 860 5134 προσποίητον
889 5064 1066 5116 αὐτων
1108 5062 1339 5133 ἐλέγχων
1372 5063 1679 5134 ὁμολογιαν,

125 5149 558 5224 ὲπαναλαμϐάνει
601 5152 671 5206 τά
719 5154 845 5224 παρ’
896 5154 1118 5208 ἐκείνων
1168 5154 1432 5226 λεγόμενα
1468 5154 1678 5223 λέγων’

129 5257 145 5288 ι
181 5241 268 5312 Μὴ
305 5243 622 5316 εἴπῃςοΝαὶ,
654 5243 902 5311 γινώσκω
939 5245 1103 5299 αὐτά·
1145 5263 1162 5295 ι
1201 5245 1299 5298 κᾶν
1348 5246 1454 5316 γὰρ
1501 5245 1577 5308 ὼς
1607 5246 1682 5297 εί-

124 5328 264 5395 δότες
295 5334 694 5404 προσποιεῖσθε,
727 5334 862 5388 ἀλλὰ
893 5335 1019 5403 γοῦν
1051 5337 1136 5388 ἐπ’
1168 5335 1347 5389 αὐτῶν
1384 5335 1492 5388 τῶν
1527 5336 1678 5406 πρά-

126 5417 251 5482 ξεων
307 5426 715 5498 φωραθήσεσθε,
777 5427 911 5498 μήτε
959 5427 1327 5497 ἐπιστάμενοι,
1379 5426 1682 5489 ἀκολούθως

122 5510 196 5581 τῷ
217 5518 582 5589 γεγραμμένῳ
625 5519 682 5571 ὲν
725 5517 800 5589 τῷ
848 5518 1180 5588 Εὐαγγελίῳ,
1211 5519 1292 5581 τὸ,
1331 5537 1348 5567 ι
1390 5518 1462 5570 Οὐ
1510 5519 1612 5581 πᾶς
1653 5519 1682 5570 ό

127 5601 291 5674 λέγων
327 5627 432 5680 μοι,
463 5612 664 5683 Κύριε,
688 5593 880 5684 Κύρίε,
913 5609 1271 5664 εἰσελεύσεται
1306 5611 1383 5673 εἰς
1405 5611 1500 5680 τὴν
1528 5609 1680 5680 βασι-

198 5749 236 5781 ⁸¹
263 5749 443 5807 Matth.
480 5772 575 5824 vn,
607 5755 695 5812 21.

1849 4583 2017 4637 Vens.
2070 4582 2121 4636 5.
2172 4580 2358 4635 Talem
2417 4589 2469 4635 te
2522 4579 2799 4649 praebuisti
2841 4579 2923 4633 vel
2975 4594 3003 4631 a
3039 4578 3346 4647 principio;

1782 4673 2062 4730 derelictis
2093 4673 2326 4743 legibus.
2356 4687 2476 4741 qua:
2502 4679 2696 4725 natura
2726 4670 2880 4725 vobis
2905 4669 3123 4723 fuerant
3148 4670 3346 4735 insitae,

1783 4766 1931 4833 leges
1967 4779 1998 4816 a
2049 4779 2134 4816 me
2165 4763 2476 4818 extorsistis
2508 4761 2740 4832 lapideis
2775 4761 2976 4816 tabulis
3013 4762 3345 4832 inscriptas;

1782 4856 1927 4926 quod
1956 4857 2066 4926 jam
2097 4855 2310 4927 Moyses
2338 4855 2492 4909 vobis
2520 4853 2890 4917 exprobravit,
2924 4861 2977 4908 et
3006 4857 3351 4911 contumeliae

1786 4949 1943 5003 vertit

1864 5063 2024 5118 Vens.
2047 5062 2097 5116 7.
2119 5063 2329 5115 Rursus
2344 5061 2522 5114 fictam
2541 5076 2728 5114 eorum
2750 5059 2906 5114 ﬁdem
2925 5061 3347 5129 reprehendens,

1789 5155 1937 5209 dicta
1992 5169 2181 5208 eorum
2247 5153 2468 5207 refert:
2509 5151 2590 5207 Ne
2638 5154 2816 5215 dicas,
2874 5151 3055 5222 inquit
3102 5173 3114 5207 :
3169 5152 3349 5207 Etiam

1787 5247 1903 5301 novi
1932 5262 2013 5299 ea.
2072 5243 2221 5298 Licet
2255 5260 2316 5298 ea
2365 5245 2586 5299 novisse
2629 5243 2995 5306 contendatis,
3032 5245 3148 5314 ipsa
3188 5259 3352 5313 Opera

1786 5348 1968 5394 vestra
2027 5353 2123 5392 vos
2177 5352 2240 5391 ea
2303 5336 2646 5406 ignoravisse
2693 5336 3122 5399 conlirmabunt,
3190 5339 3353 5392 sicuti

1787 5430 2051 5500 scriptum
2087 5436 2171 5482 est
2227 5430 2279 5481 in
2341 5426 2636 5498 Evangelia
2672 5446 2683 5480 :
2741 5424 2864 5479 Non
2897 5429 3062 5481 omnis
3093 5428 3182 5497 qui
3225 5429 3352 5482 dicit

1787 5523 1938 5586 mihi,
1976 5521 2234 5583 Domine,
2272 5521 2522 5584 Domine,
2574 5518 2794 5572 intrabit
2826 5519 2880 5573 in
2935 5535 3150 5589 regnum
3197 5520 3354 5573 cavlo-

1789 5632 1905 5668 rum
1937 5617 2014 5681 ";
2054 5629 2148 5669 ore
2176 5611 2392 5683 quidem
2423 5619 2476 5668 et
2517 5611 2699 5682 lingua
2733 5626 2818 5667 me
2852 5610 3209 5678 conﬁtemini,
3245 5625 3352 5664 non
