3824 6140
434 285 572 340 1547

431 405 614 451 autem
681 393 795 448 haec
859 391 1054 448 atTectu
1117 397 1172 444 et
1227 388 1394 443 animi
1464 389 1648 442 studio
1690 387 1926 442 sentitis.

1626 275 1977 327 TIILUDUHI
2011 275 2534 327 HEKAULILL‘NSIS

2028 388 2075 444 Α
2101 383 2250 440 λείαν
2278 388 2385 441 τῶν
2417 389 2693 460 οὐρανῶν·
2730 407 2748 440 ι
2786 388 2926 444 κατά
2975 389 3253 462 προφορὰν
3290 387 3388 460 μὲν
3432 388 3513 444 τῶ
3555 389 3698 462 λόγῳ

3563 277 3696 333 1318

429 483 850 558 ὀμολογοῦντων,
887 482 960 554 μὴ
995 482 1099 554 μὴν
1125 480 1360 535 διαθέσει
1389 479 1484 532 καὶ
1515 479 1702 550 ἀγάπῃ
1735 478 1912 549 ψυχῆς
1936 474 2107 528 ταῦτα.
2135 479 2494 550 φρονούντων.

505 621 667 677 Vens.
703 621 790 675 10.
825 617 944 671 Noli
968 617 1149 671 dicere
1173 625 1227 670 te
1251 621 1475 686 propter
1505 619 1791 684 argentum
1815 619 1870 665 et
1901 624 2007 664 aere

432 714 564 769 dato
594 729 625 767 a
663 727 749 766 me
781 712 950 766 fuisse
980 709 1294 774 venditum;
1337 721 1463 760 nam
1497 705 1681 776 potius
1711 711 1770 756 tu
1815 709 2002 756 temet-

431 808 549 878 ipse
578 803 893 867 vendidisti,
925 817 1033 856 non
1059 809 1280 870 prOpter
1312 799 1600 869 pecuniam
1630 796 1873 867 quidem,
1907 793 2005 850 sed

429 907 654 971 propter
681 897 922 952 admissa
952 901 1045 948 tua
1076 901 1319 963 peccata.
1351 891 1459 948 Nec
1488 889 1882 945 imbecillitatis
1917 904 2004 943 me

427 993 650 1046 incuses
678 987 1053 1059 prodigiorum
1085 1000 1317 1049 memor,
1358 999 1480 1054 quaa
1510 982 1732 1036 fuerunt
1755 982 1809 1036 in
1833 979 2002 1052 Egy-

426 1075 526 1152 pto‘
548 1080 713 1142 edita,
744 1087 797 1134 et
824 1079 1107 1135 servitutis
1132 1085 1326 1133 vestra:
1349 1075 1490 1146 apud
1518 1074 1823 1146 AEgyptios.
1845 1073 2004 1128 Nunc

427 1181 608 1228 tamen
661 1187 848 1226 eruam
909 1177 963 1226 te
1021 1187 1086 1226 ex
1157 1170 1472 1240 captivitate
1525 1176 1750 1239 propter
1801 1183 2002 1223 nomen

427 1279 643 1328 meum,
686 1279 753 1318 ne
785 1264 982 1317 tradito
1012 1272 1063 1317 te
1103 1269 1455 1332 peccatorum
1497 1275 1697 1324 causa,
1742 1267 1798 1314 et
1850 1261 2000 1314 omni

426 1369 524 1424 spe
554 1354 858 1418 destituto,
891 1353 1035 1406 idola
1069 1353 1301 1422 gloriam
1337 1367 1512 1406 meam
1551 1360 1851 1420 usurpent,
1888 1351 1998 1404 im-

425 1447 686 1518 potentiae
717 1461 801 1500 me
829 1445 1134 1514 arguentia,
1167 1443 1326 1514 quasi
1367 1444 1521 1499 vobis
1550 1443 1858 1498 libertatem
1895 1443 2003 1498 lar-

425 1539 529 1609 giri
558 1553 666 1592 non
695 1553 934 1606 possem.

496 1647 663 1704 Vens.
712 1649 798 1704 l2.
843 1649 973 1716 Quae
1015 1651 1236 1720 quidem
1283 1649 1349 1704 ad
1398 1650 1661 1720 populum
1693 1647 1996 1715 dicuntur;

2180 613 2578 685 Παραδεδόσθαι
2632 615 2688 668 δέ
2737 616 2798 668 οὑ
2851 616 3046 688 φήσεις
3097 615 3173 680 ὡς
3221 617 3344 688 ἐμοὶ
3401 619 3700 674 ἐκτιννύων

2111 705 2288 776 χρέος,
2321 705 2429 758 οὐδ’
2472 706 2548 766 ὡς
2582 705 2844 777 ἀργύριον
2879 708 2980 778 μοῦ
3031 708 3419 779 κομιζομένου·
3464 713 3700 784 ἐπιγρά-

2107 795 2228 864 ψεις
2255 796 2312 849 δέ
2342 796 2520 867 ἐαυτῷ
2552 797 2744 850 σαυτὸν
2772 797 3092 870 πεπρακὼς,
3137 799 3258 853 ἀντὶ
3301 802 3577 874 ἀργυρίου
3606 806 3702 867 τὰς

2111 885 2305 940 σαυτοῦ
2337 888 2610 957 ἁμαρτίας
2643 889 2942 960 προέμενος
2964 906 2977 918 °
3013 891 3075 942 οὑ
3102 889 3210 961 γὰρ
3242 893 3380 963 ἐμῆς
3412 895 3703 959 ἀσθενείας

2112 980 2478 1051 καταδραμεῖς
2516 981 2622 1034 τῶν
2670 984 2728 1034 ἐν
2769 983 3028 1055 Αἰγύπτῳ
3065 984 3446 1056 μνημονεύσας
3479 988 3580 1041 καὶ
3606 989 3705 1058 τῆς

2109 1071 2488 1143 Αἰγυπτιακῆς
2523 1073 2764 1138 δουλείας
2813 1076 3110 1147 μνησθείς·
3167 1078 3298 1133 ἀλλά
3346 1081 3442 1133 καὶ
3485 1080 3588 1134 νῦν
3636 1082 3704 1134 δι’

2108 1162 2342 1234 ἐμαυτὸν
2370 1164 2469 1236 τὴν
2503 1166 2760 1221 ἐπάνοδόν
2806 1185 2887 1221 σοι
2934 1169 3032 1241 τὴν
3077 1171 3142 1224 ἐκ
3178 1173 3273 1242 τῆς
3315 1173 3707 1245 αἰχμαλωσίας

2107 1257 2422 1327 χαριοῦμαι,
2453 1258 2539 1311 ἴνα
2572 1259 2666 1330 μὴ,
2697 1261 3128 1332 παραδεδομένου
3153 1281 3245 1318 σου
3272 1265 3358 1320 διὰ
3387 1267 3489 1330 τὰς
3523 1269 3706 1338 ἁμαρ-

2105 1345 2246 1410 τίας,
2305 1349 2727 1421 σφετερίσωνται
2781 1352 2880 1424 τὴν
2937 1355 3074 1424 ἐμὴν
3131 1355 3286 1422 δόξαν
3345 1358 3416 1410 τὰ
3475 1356 3706 1420 εἴδωλα,

2104 1437 2408 1509 ἀδυναμίας
2473 1458 2574 1511 μου
2633 1443 3090 1517 καταδραμόντα,
3136 1445 3212 1511 ὡς
3267 1447 3342 1519 μὴ
3394 1448 3705 1520 δυνηθέντα

2103 1530 2230 1601 ὑμῖν
2265 1531 2576 1605 ἐλευθερίαν
2601 1535 2953 1607 χαρίσασθαι.

2173 1641 2253 1696 Τὰ
2289 1643 2386 1714 μὲν
2423 1644 2690 1716 λεγόμενα
2716 1647 2851 1719 πρὸς
2881 1649 2970 1703 τὸν
2997 1649 3146 1713 λαὸν,
3181 1639 3473 1722 μετάγεται
3503 1653 3569 1706 δὲ
3605 1655 3706 1707 καὶ

423 1740 519 1795 sed
571 1741 638 1794 ad
702 1742 978 1799 hominem
1034 1744 1333 1814 quemlibet
1386 1752 1533 1797 recte
1591 1754 1656 1797 ea
1719 1741 1987 1797 retuleris.

2169 1753 2182 1797 ;
2233 1735 2408 1789 πάντα
2461 1737 2764 1810 ἄνθρωπον.
2804 1741 2862 1794 '0
2900 1741 3080 1795 τοίνυν
3131 1742 3262 1807 Θεὸς
3306 1747 3574 1818 παραινεῖ
3619 1747 3706 1807 εἰς

423 1831 684 1888 Hortatur
726 1835 891 1907 igitur
936 1835 1081 1892 Deus
1133 1837 1454 1899 audientes,
1481 1842 1541 1888 ut
1591 1835 1741 1891 dict.)
1785 1834 1995 1888 intelli-

423 1936 584 1995 gant,
629 1929 1007 2000 et'condignos
1038 1929 1234 1984 exinde
1264 1933 1541 1997 excipiant
1577 1927 1811 1982 fructus.
1849 1927 1996 1980 Idem

419 2019 567 2071 enim
602 2036 719 2073 sum
743 2021 989 2076 moribus
1008 2021 1102 2090 qui
1131 2031 1358 2087 natura;
1384 2029 1444 2074 ut
1479 2020 1756 2074 immutari
1787 2028 1997 2074 naturae

421 2125 556 2164 mea:
591 2126 699 2166 non
732 2121 834 2179 est,
863 2113 932 2167 ita
966 2129 1066 2168 nec
1093 2114 1292 2168 mentis
1327 2130 1427 2168 nec
1459 2129 1704 2176 morum;
1730 2113 1826 2169 sed
1855 2114 1996 2168 idem

421 2215 681 2258 remaneo
693 2212 746 2258 et
772 2205 1029 2260 immotus
1049 2205 1102 2259 in
1117 2207 1508 2274 sempiternum
1527 2205 1768 2260 bonitate
1783 2222 1899 2260 mea
1920 2207 1998 2260 in-

420 2295 797 2366 signitus,qua
814 2305 867 2351 et
885 2312 913 2349 a
931 2297 1201 2367 principio
1233 2305 1430 2352 cuncta
1458 2298 1646 2360 edens,
1677 2314 1774 2368 per
1796 2298 1993 2352 Filium

420 2398 485 2436 ea
518 2385 573 2438 in
615 2386 789 2440 lucem
838 2388 1077 2456 protuli,
1106 2395 1159 2442 et
1192 2403 1287 2458 per
1330 2390 1509 2458 ipsum
1557 2405 1845 2445 conservo.
1880 2391 1996 2444 Ma-

417 2490 526 2530 nus
581 2476 725 2531 enim
783 2485 838 2532 et
894 2478 1119 2534 dextera
1159 2480 1361 2534 dicitur
1417 2481 1732 2553 unigenitus
1781 2481 1990 2546 Filius,

420 2569 611 2638 patriae
671 2570 870 2624 mentis
922 2572 1206 2638 minister;
1235 2573 1381 2627 unde
1425 2589 1555 2628 vere
1587 2575 1854 2644 sapientia
1899 2575 1993 2630 Dei

417 2669 594 2716 exstat
634 2665 945 2734 unigenitus
983 2663 1158 2720 Filius
1187 2675 1241 2720 et
1267 2667 1501 2736 patriam
1542 2677 1779 2724 mentem
1813 2672 1994 2740 Operi-

417 2751 519 2806 bus
544 2753 658 2806 suis
692 2755 952 2809 declarat.

488 2950 653 3006 Vens.
687 2953 771 3007 14.
809 2953 1022 3010 Rursus
1061 2957 1311 3014 homines
1338 2961 1605 3030 superbos
1639 2962 1830 3031 jubet,
1860 2980 1992 3020 con-

415 3044 649 3113 gregatis
679 3047 931 3114 gentibus
962 3049 1224 3103 accedere
1249 3089 1264 3115 ,
1296 3059 1350 3103 et
1384 3054 1658 3108 recordari
1689 3071 1746 3111 se
1786 3058 1854 3110 ab
1881 3060 1990 3112 alio

411 3154 521 3194 non
557 3140 834 3210 accepisse
869 3141 1005 3197 istas
1037 3144 1454 3212 praedictiones,
1502 3163 1600 3202 nec
1628 3150 1794 3204 alium
1845 3168 1986 3221 prae-

412 3231 754 3288 nuntiavisse
782 3249 903 3303 qua:
942 3235 1162 3306 longum
1195 3245 1319 3306 post
1349 3241 1610 3309 temporis
1640 3241 1987 3299 intervallum

409 3326 695 3390 evenient,
752 3328 858 3381 nisi
911 3328 1087 3398 ipsum
1143 3331 1309 3386 totius
1351 3333 1596 3388 universi
1641 3333 1846 3404 Deum,
1894 3341 1987 3409 qui

412 3420 760 3474 imminentes
809 3421 917 3476 illis
949 3423 1291 3480 calamitates
1322 3426 1640 3498 denuntiat,
1678 3441 1733 3487 et
1781 3434 1847 3488 ad
1895 3451 1988 3491 sa-

411 3510 569 3564 niora
601 3527 898 3568 conversos
933 3514 1114 3569 denuo
1143 3518 1375 3573 solatur.

481 3643 1005 3703 VransJSJllemorat
1029 3650 1113 3705 hic
1138 3650 1280 3707 Deus
1299 3653 1570 3712 lsraelitas
1585 3666 1834 3714 votorum
1859 3677 1986 3718 suo-

409 3750 529 3788 rum
567 3735 738 3794 l'actos
777 3755 900 3795 esse
945 3752 1246 3812 compotes.
1280 3745 1489 3818 Quippe
1528 3751 1620 3820 qui
1653 3767 1683 3805 a
1714 3753 1984 3812 Chaldaeis

409 3827 572 3882 totics
609 3831 858 3898 Oppressi
901 3840 953 3884 et
994 3835 1180 3903 przelio
1238 3836 1342 3892 fusi
1392 3855 1552 3909 quam
1595 3843 1984 3904 ardentissime

407 3920 617 3973 cladem
653 3938 840 3976 eorum
874 3925 986 3978 lieri
1016 3927 1422 3985 desiderabant.
1456 3933 1554 3987 Cui
1586 3935 1867 3993 desiderio
1893 3957 1982 3995 re-

409 4008 685 4077 spondens
741 4013 973 4084 benigne
1026 4015 1203 4084 Deus,
1261 4019 1504 4076 declarat
1558 4040 1618 4080 se
1667 4042 1776 4081 non
1830 4030 1981 4099 justa

409 4114 628 4174 agentes
674 4105 1008 4171 defendisse,
1037 4109 1129 4164 sed
1171 4120 1393 4182 propter
1416 4131 1590 4184 genus
1621 4128 1833 4176 amatos
1866 4139 1984 4180 ser-

406 4197 620 4250 vavisse
650 4207 842 4252 contra
870 4199 1244 4256 Chaldaeorum
1275 4205 1554 4265 incursus.

2105 1827 2452 1898 συναίσθησιν
2493 1831 2602 1884 τῶν
2645 1831 2952 1903 λεγομένων
2996 1834 3248 1906 ἔρχεσθαι
3298 1840 3425 1902 τοὺς
3464 1838 3704 1891 ἀκούον-

2098 1936 2216 1983 τας,
2265 1921 2356 1974 καὶ
2408 1923 2507 1993 τὴν
2555 1924 2611 1990 ἐξ
2649 1925 2830 1978 αὑτῶν
2872 1926 3139 1996 ὠφέλειαν
3193 1929 3580 2001 καρποῦσθαι·
3643 1931 3703 1983 Ὁ

2098 2011 2257 2076 αὐτὸς
2291 2013 2398 2082 γάρ
2427 2017 2541 2085 εἰμι
2572 2015 2631 2068 τὸ
2673 2011 2825 2088 ἦθος,
2873 2018 3062 2092 ῶσπερ
3099 2015 3190 2074 οὖν
3230 2022 3326 2075 καὶ
3367 2023 3468 2092 τὴν
3495 2021 3700 2090 φύσιν·

2099 2104 2191 2156 καὶ
2215 2103 2290 2167 ῶς
2316 2106 2416 2158 οὑκ
2441 2105 2646 2161 ἔνεστιν
2677 2110 2734 2160 ἐν
2762 2112 2826 2180 τῇ
2861 2110 3018 2179 φύσει
3048 2111 3143 2183 τὴν
3169 2112 3374 2184 τροπὴν
3407 2113 3699 2178 δέξασθαι,

2097 2195 2269 2259 οὑτως
2301 2197 2420 2250 οὑδέ
2463 2201 2520 2250 ἐν
2552 2201 2617 2270 τῇ
2650 2199 2843 2273 γνώμῃ
2867 2219 2926 2254 τε
2967 2204 3062 2257 καὶ
3101 2203 3177 2274 τῷ
3205 2204 3344 2274 ἤθει,
3380 2205 3500 2258 ἀλλ’
3538 2207 3570 2258 6
3608 2209 3704 2260 a6-

2096 2289 2186 2352 τὸς
2225 2290 2303 2352 εἰς
2345 2289 2431 2342 ἀεὶ
2471 2289 2568 2354 ὢν,
2602 2292 2710 2344 ἀπὸ
2740 2293 3078 2365 ἀγαθότητος
3111 2295 3473 2368 γνωρίζομαι,
3503 2299 3606 2367 ἀφ’
3630 2296 3703 2370 ἧς

2096 2383 2190 2434 καὶ
2219 2380 2316 2452 τὴν
2341 2383 2510 2454 ἀρχὴν
2535 2382 2603 2436 τὰ
2635 2385 2812 2439 πάντα
2846 2388 3246 2460 ἐτεκτηνάμην,
3287 2391 3344 2442 ἐν
3374 2390 3496 2461 Υἱῷ
3523 2391 3702 2444 ταῦτα

2093 2473 2292 2540 δείξας,
2324 2475 2417 2530 καὶ
2456 2476 2522 2528 δι’
2563 2478 2725 2531 αὑτοῦ
2761 2480 3226 2553 ὑποστησάμενος.
3263 2483 3404 2555 Χείρ
3449 2485 3571 2556 γὰρ
3605 2486 3702 2538 καὶ

2094 2565 2290 2631 δεξιὰό
2330 2569 2620 2640 μονογενὴς
2661 2571 2786 2635 Υἱὸς
2829 2571 3099 2636 λέλεκται,
3143 2575 3440 2648 πληρωτὴς
3470 2575 3554 2629 ῶν
3586 2576 3702 2629 τῶν

2096 2659 2373 2730 πατρικῶν
2411 2662 2649 2726 ἐννοιῶν,
2684 2663 2759 2727 ὡς
2788 2659 2925 2718 εἶναι
2960 2667 3162 2738 κυρίως
3194 2667 3389 2737 σοφίαν
3424 2671 3527 2724 τοῦ
3556 2670 3700 2724 Θεοῦ

2093 2751 2185 2804 τὸν
2221 2754 2480 2823 μονογενῆ
2523 2754 2670 2817 Υίὸν,
2708 2756 3112 2826 σαφηνίζουσαν
3147 2759 3244 2823 τὰς
3280 2762 3574 2833 πατρικὰς
3613 2764 3702 2816 ἐν-

2093 2842 2240 2906 νοίας
2273 2845 2330 2896 ἐν
2357 2847 2470 2908 τοῖς
2499 2845 2590 2898 ὑπ’
2620 2846 2783 2899 αὑτοῦ
2812 2849 3116 2919 γινομένοις
3142 2849 3344 2921 ἔργοις.

2165 2978 2334 3031 Πάλιν
2365 2979 2492 3044 τοὺς
2529 2981 2667 3052 μέγα
2708 2981 3038 3054 φρονοῦντας
3059 2985 3116 3038 ἐν
3147 2984 3344 3054 γνώσει
3380 2986 3496 3040 τῶν
3525 2988 3700 3042 ἐθνῶν

2096 3073 2346 3140 παρεῖναι
2394 3073 2780 3144 προτρέπεται,
2817 3076 2908 3128 καὶ
2948 3077 3087 3130 κατά
3137 3076 3258 3130 νοῦν
3292 3078 3699 3150 ἐκλαμϐάνειν,

2090 3163 2164 3226 ὡς
2192 3164 2250 3216 οὑ
2285 3165 2412 3234 παρ’
2441 3166 2628 3237 ἐτέρου
2651 3167 2852 3232 ταύτας
2883 3168 2978 3232 τὰς
3008 3169 3438 3241 προαγορεύσεις
3479 3171 3705 3244 ἐξειλὴ-

2091 3271 2283 3324 φεσαν,
2324 3255 2443 3308 οὑδέ
2487 3275 2570 3320 τις
2616 3258 2682 3312 τὰ
2733 3260 2871 3330 μετὰ
2922 3260 3148 3326 πολλοὺς
3196 3262 3430 3334 χρόνους
3459 3269 3706 3338 7.quch-

2093 3365 2228 3418 μενα
2261 3347 2578 3421 προύλεγεν,
2604 3351 2718 3403 ἀλλ’
2762 3351 2924 3415 αὐτὸς
2952 3348 3020 3424 ἦν
3049 3355 3078 3407 6
3105 3353 3211 3406 τῶν
3237 3356 3379 3409 ὅλων
3423 3357 3570 3424 Θεὸς
3607 3362 3705 3435 καὶ

2089 3439 2369 3510 προλέγων
2423 3442 2490 3495 τὰ
2541 3443 2962 3514 καταληψόμενα
3022 3445 3219 3510 αὑτοὺς
3263 3447 3512 3522 δυσχερῆ
3540 3493 3556 3514 ,
3609 3454 3704 3506 καὶ

2091 3533 2252 3586 πάλιν
2289 3533 2722 3605 μετατιθεμένων
2748 3535 3205 3607 ἀνακαλούμενος.

2175 3667 2609 3738 ’Υπομιμνήσκει
2641 3666 2839 3730 αὐτοὺς
2873 3668 3104 3722 ἐνταῦθα
3129 3671 3226 3741 τῆς
3254 3671 3474 3737 οἰκείας
3512 3676 3698 3730 αὐτῶν

2092 3759 2384 3830 ἐπιθυμίας
2421 3760 2501 3821 εἰς
2549 3758 2708 3830 ἔργον
2750 3763 3204 3834 πφχωρησάσης.
3235 3764 3359 3817 Τῶν
3390 3766 3511 3838 γὰρ
3539 3769 3697 3822 Χαλ-

2091 3851 2254 3904 δαίων
2305 3850 2592 3905 θλιϐόντων
2629 3851 2714 3904 ἀεὶ
2758 3853 2848 3906 τὸν
2886 3854 3100 3926 Ἰσραὴλ
3146 3857 3239 3908 καὶ
3282 3857 3694 3930 ἐπιτιθεμένων

2090 3943 2269 4006 αὑτοῖς
2297 3943 2352 3994 ἐν
2383 3943 2769 4013 παρατάξεσιν,
2800 3945 3065 4017 ἐπιθυμία
3093 3943 3159 4018 ἦν
3184 3947 3278 4001 τοῦ
3314 3951 3550 4022 Ἰσραὴλ
3580 3953 3693 4004 τούς

2089 4051 2215 4098 τους
2246 4035 2397 4106 παρά
2421 4034 2514 4088 τοῦ
2543 4035 2678 4090 Θεοῦ
2709 4037 3097 4110 διαφθαρῆναι·
3120 4044 3148 4095 6
3172 4042 3354 4096 τοίνυν
3385 4044 3554 4108 Θεὸς,
3587 4045 3692 4099 ἀπὸ

2090 4128 2421 4200 ἀγαθότητος
2447 4128 2721 4184 καὶτοῦτο
2742 4132 2822 4194 εἰς
2845 4131 3005 4203 ἔργον
3033 4133 3257 4204 ἐκϐῆναι
3287 4140 3685 4209 συγχωρήσας.

2090 4222 2498 4292 ὑπομιμνήσκει
2543 4221 2760 4284 αὐτοὺς,
2797 4222 2872 4288 ὡς
2913 4225 2975 4276 οὑ
3019 4225 3568 4298 δικαιοπραγούντων
3593 4231 3688 4283 αὐ·-

404 4285 512 4338 ’τῶν
547 4287 885 4353 ἀντελάδετον
915 4290 1029 4344 ἀλλ’
1055 4294 1242 4364 ἀγάπῃ
1273 4300 1338 4368 τῇ
1379 4301 1506 4370 περί
1531 4302 1592 4354 τὸ
1618 4305 1788 4372 γένος,
1823 4311 1951 4376 τοὺς
1970 4313 2271 4377 Χαλδαίους
2297 4312 2390 4366 τοῦ
2423 4311 2677 4385 πολεμεῖν
2705 4313 2993 4369 ἐκώλυσεν.

481 4420 640 4478 Vens.
684 4423 769 4480 16.
802 4423 902 4478 Hic
941 4425 1203 4483 describit
1241 4433 1517 4502 propheta:
1551 4452 1731 4495 sermo
1764 4440 1980 4499 Domini

404 4513 654 4570 allectus.
703 4514 834 4582 Quae
884 4520 1029 4571 enim
1083 4519 1151 4573 ad
1196 4524 1461 4592 pupulum
1515 4542 1625 4582 non
1674 4530 1728 4584 in
1765 4536 1982 4602 angulis

403 4607 550 4660 dicta
592 4617 718 4662 sunt
757 4618 848 4662 aut
891 4611 943 4663 in
975 4611 1318 4678 abscondito,
1365 4617 1460 4670 sed
1496 4633 1682 4673 coram
1726 4626 1983 4684 omnibus

401 4706 458 4752 et
517 4701 694 4768 palam
750 4703 960 4770 prolata
1008 4703 1255 4761 fuerunt.
1315 4705 1450 4761 Nam
1515 4719 1718 4765 certam
1774 4715 1982 4774 habens

405 4791 520 4862 ipse
556 4793 750 4846 horum
795 4795 1044 4849 notitiam
1078 4797 1145 4850 ad
1199 4814 1296 4854 vos
1343 4801 1563 4858 locutus
1593 4819 1718 4859 sum
1749 4815 1803 4861 et
1833 4825 1982 4865 nunc

403 4900 515 4940 non
545 4900 702 4940 cesso
737 4887 880 4942 idem
937 4888 1148 4947 faciens
1188 4907 1289 4960 pro
1327 4901 1506 4948 vestra
1541 4897 1750 4963 salute;
1789 4899 1980 4956 Domi-

402 4993 510 5034 nus
538 4979 683 5033 enim
709 4979 858 5035 misit
878 4996 998 5047 me,
1028 4991 1082 5038 et
1111 4983 1254 5038 aﬂlat
1283 4984 1523 5055 Spiritus
1554 4998 1801 5047 sanctus.

469 5175 634 5233 Vens.
670 5178 756 5232 l7.
786 5178 1033 5249 Ingratos
1071 5181 1288 5237 illorum
1317 5186 1532 5242 animos
1567 5203 1765 5245 rursus
1792 5191 1976 5245 incre-

399 5285 537 5340 pans
569 5272 850 5327 servitutis
881 5273 1257 5343 depulsionem
1283 5289 1572 5333 memorat.
1595 5281 1707 5352 Age
1727 5323 1741 5346 ,
1772 5285 1974 5354 inquit,

399 5363 750 5419 Conditorem
795 5374 948 5420 tuum
988 5384 1096 5422 non
1127 5373 1433 5440 agnovisti,
1475 5375 1733 5446 dirigenti
1761 5386 1816 5432 et
1859 5379 1978 5448 pla-

399 5457 599 5510 smanti
631 5464 685 5510 te
710 5473 817 5511 non
851 5467 1031 5514 mente
1054 5462 1353 5529 inservisti,
1377 5482 1505 5520 num
1528 5477 1582 5522 et
1611 5483 1891 5526 eruentem
1924 5482 1976 5528 te

397 5564 464 5602 ex
503 5547 740 5620 Egypto
785 5551 1071 5608 fastidies?
1113 5556 1224 5626 Ego
1251 5574 1378 5613 vero
1430 5561 1523 5630 qui
1583 5562 1730 5616 istud
1786 5563 1970 5630 effeci,

399 5638 540 5692 idem
582 5641 760 5696 adhuc
797 5658 917 5697 sum
959 5665 972 5699 :
1007 5648 1214 5703 nullam
1255 5651 1581 5718 praatermisi
1621 5655 1971 5710 occasionem

399 5728 494 5783 tibi
531 5744 593 5785 ea
645 5733 1063 5792 commcndandi
1097 5753 1216 5805 qua:
1265 5740 1452 5815 saluti
1483 5756 1605 5799 esse
1650 5745 1963 5810 potuerint,

2015 4480 2063 4537 ι)

2171 4452 2431 4508 Ἐνταῦθα
2460 4453 2552 4507 τοῦ
2600 4457 2877 4528 προφήτου
2924 4458 2974 4510 οἰ
3021 4457 3166 4526 λόγοι
3199 4458 3542 4513 Δεσποτικὺν
3567 4460 3685 4524 ἔθος

2091 4546 2446 4617 μιμούμενοι·
2504 4546 2748 4618 λελέχθαι
2807 4549 2916 4620 γὰρ
2965 4549 3137 4604 ταῦτα
3197 4550 3348 4620 λέγει
3399 4553 3546 4622 πρὸς
3595 4554 3685 4605 τὸν

2085 4638 2211 4692 λαὸν
2236 4640 2296 4693 οὑ
2326 4640 2465 4693 κατά
2503 4642 2708 4708 γωνίας
2736 4642 2856 4694 οὑδὲ
2892 4644 2949 4694 ἐν
2981 4642 3341 4714 παραϐύστῳ,
3379 4644 3525 4698 ἀλλά
3549 4645 3684 4717 πρὸς

2085 4736 2291 4795 πάντας
2320 4733 2412 4785 καὶ
2449 4735 2506 4785 ἐν
2539 4732 2615 4804 τῷ
2643 4733 2880 4806 φανερῷ.
2913 4735 3022 4788 Καὶ
3053 4733 3162 4805 γὰρ
3185 4735 3356 4800 αὐτὸς
3381 4738 3520 4807 ἐγὼ,
3549 4739 3682 4807 ἀλή-

2085 4839 2246 4893 ρητον
2270 4822 2406 4893 έχων
2434 4823 2528 4894 τὴν
2555 4823 2760 4878 τούτων
2788 4825 3010 4893 γνῶσιν,
3037 4826 3340 4898 ἐποιούμην
3373 4830 3504 4893 τοὺς
3546 4830 3682 4899 πρὸς

2084 4914 2226 4985 ὑμᾶς
2251 4915 2468 4984 λόγους·
2504 4916 2564 4968 τὸ
2593 4917 2637 4968 δ’
2667 4916 2797 4970 αὑτὸ
2836 4917 2931 4970 καὶ
2982 4917 3076 4969 νῦν
3117 4917 3286 4970 ποιῶν
3329 4920 3396 4972 ού
3433 4919 3679 4990 παύομαι

2083 5005 2218 5077 πρὸς
2251 5006 2524 5078 ὑμετέραν
2555 5005 2852 5075 ὠφέλειαν·
2893 5005 3026 5070 Θεὸς
3067 5007 3174 5078 γάρ
3222 5009 3378 5060 ἐστιν
3438 5013 3471 5064 6
3526 5012 3682 5082 πέμ-

2082 5115 2218 5163 πων,
2248 5097 2587 5168 ὑπηχοῦντος
2624 5097 2718 5151 τοῦ
2759 5097 3074 5168 Πνεύματος
3101 5099 3194 5152 τοῦ
3218 5100 3408 5167 ἀγίου.

2152 5189 2320 5244 Πάλιν
2355 5190 2633 5262 ἐντρέπων
2661 5191 2858 5253 αὑτοὺς
2890 5191 2978 5244 διὰ
3011 5190 3108 5262 τὴν
3139 5191 3457 5262 προσοῦσαν
3498 5197 3686 5260 abs-62;

2080 5284 2491 5356 ἀγνωμοσύνην,
2505 5283 2825 5355 λυτρώσεως
2842 5284 3321 5354 μέμνηται.³Ἑσ-τω
3336 5286 3475 5356 γὰρ,
3493 5290 3684 5359 φησὶν,

2077 5371 2123 5429 ὦ
2165 5375 2398 5446 Ἰσραὴλ,
2439 5375 2694 5428 ποιοῦντα
2737 5376 2836 5428 οὑκ
2880 5376 3208 5443 ἐγίνωσκες,
3248 5377 3688 5450 δημιουργοῦντι

2079 5471 2172 5522 καὶ
2211 5468 2497 5522 πλάττοντί
2544 5485 2602 5520 σε
2642 5469 2702 5520 οὑ
2735 5467 3160 5540 παρηκολούθεις
3193 5471 3258 5540 τῇ
3290 5470 3525 5536 γνώσει,
3547 5473 3688 5542 μηδὲ

2076 5560 2439 5632 λυτρουμένου
2475 5577 2570 5614 σου
2609 5560 2668 5627 ἐξ
2702 5561 2980 5628 Αἰγύπτου
3011 5562 3110 5614 οὑκ
3150 5561 3424 5631 ῂσθάνου;
3473 5565 3537 5616 '0
3569 5566 3690 5617 τοί⁴

2075 5672 2167 5707 νυν
2214 5653 2274 5706 τὸ
2325 5654 2528 5706 τέλειον
2581 5655 2945 5725 εὐεργετήσας
2986 5655 3102 5725 εἰμί
3153 5656 3180 5708 ὁ
3219 5656 3416 5718 αὑτός·
3470 5657 3692 5727 μηδέγα

2074 5745 2264 5814 καιρὸν
2316 5745 2729 5816 παραλελοιπὼς
2775 5745 3056 5811 νουθεσίας
3107 5745 3214 5801 τῶν
3270 5747 3694 5808 συντελούντων
