3824 6140
117 237 136 287 l
153 235 253 290 ’549

1517 238 1582 292 IN
1623 237 1876 292 ISAIAM.

3245 243 3381 300 1530

109 367 190 400 σοι
243 347 378 416 πρὸς
415 347 706 417 σωτηρίαν,
753 345 869 401 ἀλλ’
900 345 1246 413 αὐτεξούσιόν
1287 364 1345 399 σε
1387 347 1698 417 πεποιηκὼς

1814 346 1902 401 sed
1934 346 2167 401 liberum
2211 353 2266 400 te
2296 346 2558 401 constitui
2581 385 2595 411 ,
2633 362 2717 402 me
2757 363 2927 413 ouce,
2961 364 3046 404 me
3084 365 3257 420 usque
3287 356 3379 409 de-

107 434 494 508 ὑφηγησάμην,
538 439 630 490 καὶ
672 437 739 490 τά
786 438 1036 508 πρακτέα
1081 437 1176 489 καὶ
1227 435 1297 489 τά
1343 437 1690 507 συμφέροντά

109 546 188 580 σοι
223 526 478 590 ὑπέδειξα
501 543 514 556 ·
551 527 645 580 καὶ
689 528 894 598 ταύτην
922 526 1220 581 όδεύσαντά
1251 544 1310 580 σε
1353 527 1449 598 τὴν
1482 528 1687 598 τρίϐον,

107 620 358 681 ἐκκλίνας
389 619 497 672 ἀπὺ
521 619 618 688 τῆς
643 619 892 682 ἐναντίας
925 619 1291 690 προξενούσης
1325 637 1406 672 σοι
1442 619 1686 673 θάνατον.

177 711 287 764 Καὶ
328 710 492 762 τόπον
538 711 630 762 καὶ
670 709 870 780 τρόπον
924 711 1174 778 ἀμείϐειν
1219 711 1414 774 αὐτοὺς
1459 711 1693 780 συμϐου-

108 800 273 864 λεύει,
297 799 456 853 τοῦτο
489 801 585 870 μὲν
626 800 1122 870 μετανισταμένους
1149 802 1213 855 ἐκ
1256 803 1354 872 τῆς
1376 802 1693 866 Βαϐυλῶνος

109 894 203 946 καὶ
253 892 768 962 καταλαμϐάνοντας
823 893 924 962 τὴν
985 893 1340 965 Ἰερουσαλὴμ
1365 935 1380 959 ,
1431 894 1589 947 τοῦτο
1636 895 1692 946 δὲ

115 985 279 1054 μηδὲν
337 985 641 1053 ἐπάγεσθαι
703 986 901 1048 αὐτοὺς
964 985 1174 1039 τοιοῦτο
1224 986 1343 1050 ἔθος
1398 987 1692 1040 Χαλδαϊκὸν

113 1077 514 1146 συμϐουλεύων,
558 1076 989 1148 προσανέχοντας
1027 1077 1432 1149 είδωλολατρείᾳ
1476 1079 1567 1132 καὶ
1604 1080 1696 1131 οἰσ-

111 1171 365 1238 ωνισμοῖς
412 1169 506 1221 καὶ
545 1170 666 1230 ταῖς
697 1167 882 1230 ἄλλαις
929 1167 1261 1231 Χαλδαῖκαίς
1303 1168 1552 1232 πλάναις.
1586 1169 1694 1222 Καὶ

108 1265 236 1331 μετ’
283 1263 475 1332 ὀλίγαο
520 1264 586 1314 Ὃ
635 1261 698 1332 δὴ
753 1261 983 1332 ἁρμόσει
1035 1263 1129 1315 καὶ
1177 1263 1269 1315 ἐπὶ
1327 1262 1542 1315 πάντων
1592 1261 1698 1315 τῶν

115 1354 284 1408 ἐθνῶν
319 1353 427 1406 τῶν
463 1353 772 1423 ἅπανταχοῦ
811 1353 916 1423 γῆς
963 1353 1152 1415 όντων,
1193 1354 1286 1405 καὶ
1316 1354 1384 1406 τὰ
1422 1355 1566 1424 ἄκρα
1599 1354 1699 1422 τῆς

112 1451 217 1518 γῆς
253 1446 674 1516 κατειληφότων,
719 1444 1208 1516 εὐαγγελιζομένου
1244 1445 1424 1508 αὐτοῖς
1460 1444 1554 1497 τοῦ
1597 1462 1701 1496 σω-

113 1540 301 1610 τηρίου
340 1539 496 1607 λόγου
549 1539 643 1592 καὶ
693 1539 789 1608 τῆς
833 1535 1073 1606 ψυχικῆς
1120 1535 1429 1608 ἐλευθερίας
1469 1535 1569 1608 τὴν
1610 1534 1702 1588 λύ·

113 1648 316 1703 τρωσιν
350 1631 415 1700 ἢν
453 1628 796 1700 ἐλυτρώσατο
839 1629 1036 1694 αὐτοὺς
1057 1630 1086 1682 ὁ
1117 1626 1413 1700 μονογενὴς
1445 1627 1575 1692 Υἱὸς
1605 1627 1698 1682 τοῦ

114 1720 249 1774 Θεοῦ
281 1723 338 1774 ἐν
371 1719 712 1790 αἰχμαλωσίᾳ
740 1719 1097 1791 πράττοντας,
1129 1719 1224 1772 καὶ
1257 1719 1362 1772 ὑπὸ
1388 1718 1486 1791 τὴν
1509 1737 1703 1790 τυραν-

115 1811 234 1865 νίδα
258 1810 351 1864 τοῦ
381 1810 628 1864 διαϐόλου
653 1810 834 1874 ὄντας.

186 1925 347 1992 Λέγει
370 1925 447 1986 δὲ,
479 1927 580 1988 δτι,
612 1925 674 1977 Ei
706 1927 798 1978 xui.
830 1919 974 1979 οὗτοι
1000 1926 1257 1995 οὐδεμίαν
1282 1924 1547 1994 ὠφέλειαν
1577 1925 1703 1978 ἐδέ-

116 2017 297 2082 ξαντο,
333 2015 446 2069 ἀλλ’
489 2013 582 2069 οὖν
628 2017 738 2085 ἐγὼ
777 2018 838 2069 τὸ
889 2019 1088 2071 οἰκεῖον
1133 2015 1292 2088 ἔργον
1333 2016 1696 2088 πεπλήρωκα·

117 2113 210 2162 καὶ
237 2107 391 2161 τοῦτο
423 2108 576 2160 δῆλόν
599 2111 714 2161 ἐστι
739 2107 818 2162 τῶ
849 2108 988 2164 Θεῶ.

191 2294 333 2365 Πρὸς
365 2295 426 2348 τὸ
452 2295 600 2366 παρὰ
642 2297 742 2367 τῆς
775 2293 1128 2366 Ἰερουσαλὴμ
1176 2294 1364 2357 κακῶς
1392 2292 1701 2364 γυμνασθὲν

118 2385 259 2437 κατά
307 2385 401 2438 τοῦ
441 2385 576 2438 Θεοῦ
621 2386 696 2449 ὼς
745 2385 1136 2456 ἐπιλαϐομένου
1187 2385 1286 2454 τῆς
1349 2382 1702 2453 Ἰερουσαλὴμ

117 2478 215 2531 καὶ
250 2476 406 2530 τοῦτο
447 2477 694 2548 ἁρμόζει,
739 2477 1146 2548 διδασκομένης,
1190 2476 1264 2539 ὡς
1299 2476 1359 2528 οὐ
1399 2475 1536 2546 λήθῃ
1581 2475 1702 2527 δου-

118 2568 265 2622 λεύει
295 2569 357 2622 «ce
400 2569 574 2632 Θείον,
600 2569 719 2622 οὐδέ
761 2569 1002 2641 ῥᾳθυμίᾳ
1036 2567 1367 2640 προσανέχον
1395 2566 1704 2638 ἀπρονόητα

119 2661 522 2730 καταλιμπάνει
563 2659 632 2712 τὰ
656 2659 848 2712 ἐαυτοῦ
876 2661 1155 2732 ποιήματα
1175 2677 1188 2689 °
1222 2660 1270 2711 εἰ
1299 2658 1408 2729 γὰρ
1439 2658 1704 2711 παύσεται

119 2751 252 2815 Θεὸς
283 2751 656 2822 διανοούμενος
697 2754 823 2823 περὶ
854 2751 1032 2822 ἡμῶν,
1075 2752 1167 2805 καὶ
1203 2750 1573 2820 ἀποπέσοιμεν
1605 2749 1704 2818 τῆς

119 2842 284 2896 αὐτοῦ
315 2844 552 2914 μνήμης,
593 2843 859 2896 παύσεται
880 2842 1041 2914 ἡμῶν
1066 2843 1159 2895 καὶ
1194 2841 1255 2894 τὸ
1283 2837 1419 2894 εἶναι
1437 2857 1449 2870 ·
1479 2840 1574 2907 τῆς
1598 2839 1704 2910 γάρ

119 2937 328 3000 ἐννοίας
359 2939 456 3007 τῆς
493 2938 577 3005 ἐφ’
602 2938 734 3007 ἡμῖν
764 2936 1141 3007 παυσαμένης,
1168 2937 1258 3005 ἀφ’
1291 2931 1358 3006 ἦς
1401 2935 1496 2987 καὶ
1532 2949 1702 3004 προσ-

1793 441 2039 494 clarante
2088 438 2218 508 quid
2264 438 2367 493 tibi
2422 439 2730 510 agendum,
2784 441 2916 510 quid
2963 443 3061 496 tibi
3102 445 3380 513 profectu-

1793 546 1944 596 rum;
1987 540 2041 586 et
2079 531 2208 585 dum
2249 531 2350 584 hac
2395 531 2450 584 in
2495 531 2583 585 via
2619 533 2922 589 ambularis
2945 574 2958 598 ,
2990 535 3059 588 ab
3088 535 3262 590 altera
3293 552 3379 592 re-

1793 623 2007 676 cessisti
2039 637 2143 691 qua
2175 631 2404 676 mortem
2436 633 2871 693 consequuntur.

1871 713 2032 769 Vens.
2075 714 2166 771 20.
2220 714 2290 768 Ut
2345 716 2523 770 locum
2573 717 2735 771 simul
2775 726 2829 771 et
2868 733 3048 772 mores
3086 720 3377 775 immutent

1795 809 2062 872 consulit;
2092 808 2226 863 alios
2258 808 2477 878 quidem
2522 808 2650 863 dum
2709 811 2897 864 relicta
2949 809 3254 882 Babylone,
3289 813 3380 868 Je-

1796 901 2036 954 rusalem
2085 908 2365 968 repetant;
2402 900 2541 955 alios
2575 915 2740 963 vero,
2773 901 2900 954 dum
2932 901 3189 958 devitatis
3218 904 3380 958 Chal-

1797 983 2035 1038 dzeorum
2069 985 2313 1037 moribus
2335 1023 2348 1047 ,
2375 984 2445 1037 ab
2469 984 2632 1038 idolis
2658 985 2992 1048 abstineant,
3025 994 3080 1039 et
3106 987 3175 1040 ab
3204 1002 3380 1056 augu-

1798 1076 1894 1129 riis
1919 1085 1971 1129 et
1999 1076 2212 1129 caeteris
2236 1076 2464 1145 hujusce
2491 1078 2705 1146 generis
2730 1078 2996 1132 moribus.
3019 1077 3194 1132 Paulo
3219 1089 3335 1147 post
3357 1091 3379 1130 :

1799 1166 1930 1231 Quae
1959 1167 2123 1222 etiam
2153 1176 2274 1236 apte
2302 1168 2369 1220 ad
2400 1182 2590 1222 omnes
2618 1176 2808 1237 gentes
2838 1168 3146 1224 referentur
3176 1171 3382 1240 ubique

1801 1271 2070 1313 terrarum
2093 1258 2375 1330 degentes,
2399 1260 2484 1313 vel
2507 1268 2778 1314 extremas
2809 1271 2988 1317 terras
3016 1273 3377 1332 occupantes,

1800 1365 1924 1404 cum
1974 1351 2112 1420 ipsis
2155 1352 2384 1406 verbum
2449 1352 2642 1406 salutis
2702 1354 3052 1422 praedicatur,
3111 1363 3166 1408 et
3219 1357 3380 1424 spirio

1803 1440 1966 1492 tualis
2004 1438 2260 1501 libertas,
2306 1434 2558 1494 liberatio
2603 1441 2946 1512 scilicetqua
2990 1459 3093 1498 nos
3125 1444 3381 1499 liberavit

1802 1531 2118 1600 unigenitus
2151 1530 2244 1586 Dei
2265 1530 2438 1587 Filius
2469 1533 2524 1586 in
2549 1534 2866 1604 captivitate
2896 1543 2950 1590 et
2974 1535 3078 1590 sub
3110 1543 3382 1606 potestate

1803 1624 2008 1679 diaboli
2035 1638 2344 1695 oppressos.

1799 1917 1835 1989 εδ
1872 1921 2002 1975 (Ἃρ.
2031 1919 2228 1988 XLlX,
2263 1919 2425 1976 Vens.
2448 1921 2503 1977 4.
2566 1921 2790 1977 Etiamsi
2835 1923 2972 1977 nihil
3004 1925 3253 1981 utilitatis
3313 1941 3381 1982 ex

1801 2014 1985 2067 verbis
2021 2016 2161 2068 meis
2211 2013 2610 2083 perceperitis,
2658 2015 2838 2084 inquit
2889 2017 3190 2086 propheta,
3243 2033 3383 2088 opus

1803 2119 1982 2158 meum
2037 2119 2325 2174 peregero;
2383 2105 2540 2160 labor
2598 2121 2757 2161 meus
2814 2121 3004 2161 coram
3058 2106 3170 2163 Deo
3219 2109 3379 2164 inno-

1803 2202 1994 2250 tescet.

1876 2285 2042 2340 Vens.
2077 2287 2165 2342 15.
2207 2286 2514 2343 Jerusalem
2551 2288 2824 2344 immerito
2867 2288 3035 2344 Deum
3085 2298 3378 2360 arguente.

1803 2378 1960 2447 quasi
2015 2379 2211 2433 fuisset
2248 2380 2369 2448 ejus
2418 2379 2656 2442 oblitus,
2709 2381 2995 2450 aptissime
3053 2381 3378 2451 respondet,

1803 2471 2046 2524 divinum
2080 2487 2280 2525 numen
2313 2488 2422 2527 non
2449 2488 2571 2527 esse
2604 2472 2869 2526 oblivioni
2899 2472 3199 2526 obnoxium
3228 2512 3243 2537 ,
3277 2487 3381 2527 nec

1805 2561 2038 2632 segnitie
2087 2564 2292 2616 victum
2349 2572 2635 2619 creaturas
2693 2579 2825 2619 suas
2879 2565 3225 2634 providentia
3281 2581 3382 2621 sua

1804 2653 2119 2709 destituere.
2139 2654 2293 2720 Quod
2319 2655 2366 2710 si
2396 2656 2542 2710 enim
2568 2657 2727 2711 nobis
2771 2657 2868 2710 Dei
2907 2657 3252 2727 providentia
3281 2658 3382 2714 de-

1809 2745 1918 2800 seri
1958 2746 2252 2811 accideret,
2284 2755 2337 2802 et
2375 2746 2444 2802 de
2483 2749 2744 2802 memoria
2773 2749 2893 2816 ejus
2931 2750 3183 2804 excidere
3206 2788 3221 2812 ,
3251 2765 3386 2804 con-

1808 2841 1962 2894 tinuo
2001 2847 2354 2894 evanesceret
2400 2839 2508 2893 vita
2554 2848 2764 2896 nostra.
2800 2839 2935 2894 Nam
2966 2841 3256 2896 recedente
3293 2842 3382 2895 illa

1805 2939 1985 2986 mente
2014 2945 2120 3000 qua
2154 2931 2210 2984 in
2241 2930 2419 2985 lucem
2457 2930 2588 2986 editi
2622 2947 2835 2997 sumus,
2867 2939 2921 2987 et
2954 2933 3116 2987 nobis
3152 2947 3384 3002 pereun-

118 3028 477 3100 εληλύθαμεν,
527 3028 812 3083 ἀκολουθεῖ
859 3027 1264 3082 συνανελεῖσθαι
1313 3025 1472 3097 ἡμῶν
1509 3025 1604 3077 καλ¹
1642 3025 1703 3078 τὸ
1732 3035 1775 3096 C
1807 3023 1936 3078 dum
1967 3030 2134 3077 esset.

119 3115 284 3174 εἶναι.

203 3229 539 3302 Ἀπανταχοῦ
574 3231 817 3284 ἀναίτιον
855 3229 1046 3284 ἑαυτὸν
1087 3228 1188 3297 τῆς
1220 3227 1422 3280 τούτων
1453 3226 1706 3279 ἀποστα-

121 3319 243 3383 σίας
271 3320 541 3374 δείκνυσιν
569 3321 598 3372 ὁ
624 3320 775 3385 Θεὸς,
798 3319 1056 3372 ἑλκόντων
1089 3319 1184 3388 μὲν
1211 3319 1306 3370 καὶ
1335 3315 1704 3369 ἀποσπώντων

120 3411 346 3474 ἑαυτοὺς
387 3411 481 3465 καὶ
523 3406 756 3476 ἀναξίων
805 3410 1127 3465 δεικνύντων
1169 3410 1267 3480 τῆς
1306 3408 1474 3460 αὐτοῦ
1529 3407 1706 3477 κηδε-

126 3502 320 3572 μονίας
340 3518 354 3534 ο
382 3505 446 3556 ἐκ
470 3502 525 3554 δὲ
562 3503 655 3556 τοῦ
692 3503 934 3556 ἐναντίου
960 3502 1048 3555 τὸν
1081 3501 1212 3554 Θεὸν
1233 3499 1410 3568 ἀγαθά
1439 3500 1706 3566 ἐπ”ἀγα-

119 3593 256 3659 θοῖς,
286 3595 379 3648 καὶ
405 3594 610 3666 δωρεὰς
648 3597 740 3649 ἐπὶ
764 3596 994 3667 δωρεαῖς
1021 3594 1418 3665 προστιθέντος.

205 3710 366 3780 Ἐμοῢ
399 3711 494 3782 μὲν
517 3711 582 3764 δι’
610 3711 846 3780 ἐλέγχων
869 3727 927 3762 τε
958 3709 1052 3763 καὶ
1079 3709 1472 3778 ἐπιτιμήσεων,
1501 3708 1561 3759 οὐ
1599 3707 1704 3778 μὴν

118 3800 255 3852 ἀλλά
297 3802 389 3854 καὶ
434 3802 830 3873 παρακλήσεων
887 3801 1251 3869 ἐπανάγοντος
1297 3799 1434 3870 πρὸς
1491 3798 1701 3859 ἐαυτὸν,

119 3891 276 3962 ὑμῶν
313 3893 445 3963 μηδὲ
485 3895 560 3957 ὡς
603 3895 769 3965 ἀκοῆς
814 3894 1309 3965 ἐπιστρεφομένων·
1355 3893 1415 3946 οὐ
1458 3893 1607 3962 παρά
1647 3892 1705 3944 τὸ

123 3983 200 4054 μὴ
221 3985 518 4055 κεκτῆσθαι
543 3986 712 4050 ἀκοὰς
732 4025 746 4050 ,
780 3985 912 4039 ἀλλά
943 3985 1093 4056 παρά
1123 3985 1184 4037 τὸ
1219 3982 1585 4053 ἐθελοκωφίαν
1615 4000 1702 4036 νο-

121 4079 259 4133 σεῖν.

202 4171 342 4245 Ἆλῖ
371 4182 671 4262 ἀδυναμιας
693 4207 793 4260 μου
813 4188 1246 4258 καταγνωσεσθε,
1283 4187 1448 4256 φησὶν
1471 4227 1485 4249 ,
1521 4185 1597 4248 ὡς
1627 4186 1701 4255 μὴ

117 4283 486 4355 ἐπαρκοῦντος
516 4285 595 4346 εἰς
613 4283 712 4352 τὴν
740 4281 892 4352 ὑμῶν
927 4280 1205 4351 βοήθειαν,
1245 4278 1378 4350 μηδέ
1403 4277 1700 4348 δυναμένου

1874 3220 2002 3275 CAP.
2033 3219 2098 3281 L,
2133 3219 2298 3275 Vens.
2328 3221 2378 3272 1.
2415 3219 2665 3274 Declarat
2710 3220 2853 3276 Deus
2909 3239 2968 3278 se
3001 3223 3146 3277 nulla
3176 3225 3386 3280 ratione

1806 3311 2172 3366 defectionem
2204 3312 2424 3365 illorum
2463 3311 2699 3376 fovisse,
2729 3328 2856 3367 cum
2894 3314 2996 3383 ipsi
3045 3331 3102 3369 se
3141 3316 3384 3370 tradide—

1805 3406 1950 3467 rint,
1980 3412 2033 3458 et
2068 3404 2436 3473 perdiderint,
2470 3412 2523 3458 et
2570 3419 2702 3458 cura
2728 3405 2850 3472 ejus
2886 3405 3138 3474 indignos
3174 3407 3387 3476 praesti-

1805 3497 2005 3559 terint,
2047 3496 2158 3550 Deo
2180 3497 2325 3550 bona
2379 3511 2546 3565 super
2577 3496 2723 3550 bona
2771 3497 3097 3567 adjiciente,
3145 3506 3199 3552 et
3241 3499 3383 3552 dona

1805 3604 1971 3660 super
2003 3587 2166 3643 dona.

1877 3701 2041 3756 Vens.
2075 3701 2131 3756 2.
2192 3701 2305 3772 Ego
2360 3717 2490 3756 vero
2530 3701 3049 3773 reprehensionibus
3082 3710 3135 3756 et
3168 3702 3344 3771 pcenis
3366 3741 3382 3766 ,

1806 3797 2108 3867 praesertim
2140 3811 2268 3850 vero
2299 3795 2776 3850 exhortationibus
2801 3795 2870 3848 ad
2902 3811 2987 3850 me
3017 3795 3344 3849 revocabam
3364 3835 3380 3858 ,

1804 3901 1902 3942 vos
1939 3902 2066 3942 vero
2104 3902 2214 3940 non
2263 3886 2530 3952 audistis;
2587 3901 2696 3939 non
2735 3887 2879 3956 quod
2915 3885 3192 3942 defuerint
3225 3885 3385 3944 vobis

1805 3994 1966 4034 aures
1987 4021 2001 4045 ,
2032 3979 2127 4034 sed
2166 3979 2312 4049 quod
2347 3988 2540 4049 sponte
2566 3994 2660 4034 eas
2683 3978 3065 4034 obstruxistis.

1874 4176 2266 4232 Imbecillitatis
2298 4192 2386 4232 me
2425 4177 2694 4248 arguitis,
2731 4176 2930 4246 inquit,
2971 4175 3130 4246 quasi
3166 4192 3266 4233 vos
3299 4177 3388 4248 ju-

1804 4287 1970 4336 vare,
2037 4278 2130 4324 aut
2192 4270 2263 4325 ab
2316 4270 2563 4326 hostium
2621 4271 2910 4341 tyrannide
2974 4270 3211 4326 liberare
3272 4287 3382 4327 non

117 4373 396 4440 ἐξελέσθαι
425 4373 566 4442 ὑμᾶς
590 4371 690 4440 τῆς
712 4370 817 4424 τῶν
846 4368 1332 4441 ἐπικρατησάντων
1362 4367 1698 4438 τυραννίδος·

1814 4358 2069 4422 valerem;
2101 4357 2269 4411 nolite
2297 4356 2370 4410 ita
2419 4356 2605 4427 loqui,
2643 4357 2806 4411 toties
2839 4371 3017 4411 meam
3057 4364 3383 4427 potestatem

114 4464 233 4520 ἀλλ’
258 4465 357 4517 οὐκ
387 4463 450 4516 ἂν
480 4463 682 4516 εἴποιτε
713 4460 892 4524 τοῦτο,
916 4463 1107 4531 πεῖραν
1129 4459 1284 4512 αὐτοὶ¹
1314 4459 1412 4530 τῆς
1446 4459 1585 4529 ἐμῆς
1607 4457 1701 4510 δυ-

122 4555 334 4626 νάμεως
368 4554 677 4624 ἐσχηκότεςο
717 4551 874 4605 τοῦτο
913 4552 1010 4622 μὲν
1040 4550 1386 4620 ξηραίνοντος
1426 4549 1700 4602 θάλασσαν

115 4648 214 4702 καὶ
236 4648 364 4717 ὑμῖν
386 4646 552 4716 βατὴν
583 4645 753 4716 αὐτὴν
775 4643 1286 4716 παρασκευάζοντος
1303 4641 1578 4710 γενέσθαι,
1609 4641 1702 4692 καὶ

113 4737 188 4790 τὰ
222 4735 482 4806 παραπλή
493 4752 580 4788 σια
605 4734 816 4788 τούτου.

181 4825 366 4880 Ταῦτα
397 4828 452 4880 δὲ
474 4827 565 4879 καὶ
590 4826 762 4890 ἕσται,
794 4827 889 4880 ἐάν
919 4843 1025 4898 περ
1059 4822 1356 4895 βούλωμαι·
1388 4824 1483 4877 καὶ
1514 4824 1700 4888 σκότος

114 4923 296 4974 ἐκεῖνο
338 4919 400 4973 τὸ
439 4921 675 4989 ἀφεγγὲς
719 4920 960 4974 ἐπιϐαλῶ
1003 4916 1235 4991 οὐρανῷ,
1282 4917 1380 4988 τὴν
1414 4917 1522 4970 τῶν
1564 4917 1701 4970 ὅλων

120 5011 342 5084 μηνύων
381 5013 709 5075 συντέλειαν,
743 5015 799 5065 ἐν
897 5013 992 5066 καὶ
1018 5011 1078 5064 τὸ
1111 5012 1218 5064 πᾶν
1248 5009 1698 5080 ἀφανισθήσεται,

116 5106 216 5158 καὶ
238 5106 290 5158 οἱ
315 5104 418 5175 βίοι
443 5103 883 5174 εὐθυνθήσονται,
910 5104 1004 5157 καὶ
1032 5103 1092 5155 τὸ
1117 5103 1252 5173 πρὸς
1282 5101 1440 5168 ἀξίαν
1469 5101 1702 5164 ἕκαστος

116 5196 590 5266 ἀποληφθήσεται.

195 5287 343 5358 Σῆτα
372 5287 602 5340 ἐνταῦθα
633 5287 731 5350 τὰς
765 5287 1040 5358 ἁμαρτίας
1063 5287 1209 5355 λέγει
1239 5285 1337 5349 τὰς
1368 5285 1496 5356 παρ’
1524 5282 1700 5335 αὐτῶν

118 5376 438 5447 γινομένας·
473 5377 672 5439 αἵτινες
693 5416 708 5439 ,
744 5378 876 5447 παρ’
911 5377 1090 5428 αὐτῶν
1121 5375 1405 5445 ἐσχηκυῖαι
1437 5372 1496 5424 τὸ
1526 5366 1696 5432 εἶναι,

119 5469 220 5538 οὐχ
258 5469 475 5539 ἐτέρους
508 5470 888 5540 ἀδικήσουσιν,
925 5466 1036 5520 ἀλλ’
1073 5467 1267 5529 αὐτοὺς
1303 5463 1542 5526 ἐκείνους
1573 5463 1698 5524 τοὺς

117 5560 292 5614 ταῦτα
313 5561 736 5631 ἐργασαμένους·
759 5559 946 5631 ὥσπερ
975 5558 1082 5630 γάρ
1111 5557 1171 5609 τὸ
1203 5558 1414 5626 ἱμάτιον
1447 5554 1578 5607 αὐτὸ
1608 5553 1698 5605 τὸν

123 5651 379 5723 σκώληκα
411 5653 591 5722 γεννᾷ,
623 5652 717 5704 καὶ
752 5650 909 5732 πάλιν
943 5649 1114 5721 τροφὴ
1149 5647 1310 5702 αὐτοῦ
1346 5647 1574 5715 γίνεται,
1606 5643 1698 5696 οὗ·
1718 5720 1732 5730 ο

1804 4451 2034 4519 experti.
2063 4448 2256 4504 Nonne
2284 4465 2434 4504 mare
2469 4450 2745 4506 desertum
2776 4448 2881 4504 feci
2925 4457 2978 4504 et
3017 4450 3159 4503 inter
3185 4448 3383 4503 ﬂuctus

1805 4542 1961 4596 vobis
2011 4542 2115 4596 iter
2171 4541 2390 4611 paravi,
2440 4548 2494 4596 et
2541 4540 2829 4595 innumera
2882 4540 2988 4594 alia
3041 4539 3188 4595 edidi
3225 4540 3385 4594 mira-

1805 4636 1966 4689 cula?

1876 4812 2046 4868 Vens.
2075 4812 2129 4867 5.
2169 4811 2300 4878 Quae
2340 4811 2539 4868 faciam
2573 4813 2622 4868 si
2671 4810 2918 4866 libuerit.
2953 4807 3220 4864 Obscuris
3267 4823 3378 4863 caa-

1805 4907 1915 4960 lum
1947 4906 2170 4961 induam
2199 4907 2461 4970 tenebris,
2479 4908 2580 4959 hoc
2605 4913 2690 4960 est
2710 4919 2894 4959 rerum
2919 4905 3162 4958 omnium
3191 4901 3383 4959 modos

1805 5000 2058 5054 deﬁniam
2083 5041 2097 5063 ,
2141 5007 2194 5054 et
2233 5007 2363 5053 tunc
2393 4999 2576 5053 omnia
2627 5004 2983 5060 evanescent,
3018 5005 3072 5050 et
3127 4995 3234 5048 vita
3285 5009 3378 5047 cu-

1799 5094 2002 5162 jusque
2030 5092 2372 5162 pensabitur,
2396 5103 2448 5146 ct
2481 5092 2712 5162 quisque
2741 5089 2972 5159 accipiet
3007 5103 3106 5158 pro
3143 5085 3376 5140 meritis.

1877 5269 2042 5325 Vens.
2074 5269 2127 5323 9.
2163 5268 2389 5324 Tincam
2427 5275 2584 5322 vocat
2613 5269 2701 5321 hic
2748 5273 2972 5336 peccata
2997 5264 3067 5318 ab
3112 5263 3247 5333 ipsis
3275 5260 3379 5317 ad-

1804 5363 1990 5418 missa.
2028 5362 2238 5432 Quippe
2279 5377 2399 5431 quae
2433 5360 2502 5415 ab
2539 5361 2604 5414 iis
2640 5369 2792 5429 parta
2829 5373 2936 5412 non
2977 5357 3115 5410 alios
3144 5355 3375 5416 laedent,

1805 5455 1909 5508 nisi
1942 5455 2090 5523 ipsos
2132 5459 2386 5522 parentes
2429 5467 2579 5507 suos.
2636 5449 2706 5504 Ut
2754 5448 3140 5504 vestimentum
3175 5446 3375 5499 tineam

1804 5545 1973 5616 gignit
2001 5545 2145 5598 etab
2188 5559 2253 5599 eo
2295 5543 2492 5598 deinde
2539 5543 2883 5605 corrodetur,
2915 5540 2989 5593 ita
3045 5547 3093 5592 et
3154 5544 3378 5608 peccata

1784 5638 1964 5693 .nobis
1997 5636 2262 5704 ofliciunt,
2292 5651 2358 5691 ex
2393 5636 2553 5693 nobis
2582 5642 2722 5692 orta.
2762 5633 2894 5700 Quae
2928 5639 3108 5687 autem
3156 5628 3375 5702 patiun-
