3792 6150
459 255 525 307 3‘2
538 255 558 310 l

1548 261 1895 317 THEODORI
1938 258 2457 317 HERACLEENSIS

3562 274 3691 325 135!

427 387 538 441 tur,
573 381 664 450 qui
693 395 751 434 se
806 379 1068 434 indociles
1099 378 1154 432 in
1218 378 1386 432 Deum
1456 389 1510 434 et
1582 381 1828 450 ingratos
1869 393 2005 448 pran-

2149 394 2215 440 ως
2251 380 2344 432 καὶ
2377 383 2432 434 αί
2471 381 2764 452 ἁμαρτίαι,
2812 383 2940 453 παρ’
2979 382 3138 453 ἡμῶν
3184 382 3511 454 γενόμεναι,
3553 386 3694 455 ἡμᾶς

428 471 580 528 bent.

496 650 626 707 CAP.
658 649 757 714 LI,
803 649 964 704 Vens.
1021 650 1075 703 2.
1121 648 1335 704 Mitiore
1405 663 1550 702 nunc
1601 663 1853 703 sermone
1914 663 2009 701 eos

427 739 711 808 increpat,
744 748 798 793 et
835 742 981 794 velut
1012 741 1200 810 procul
1231 756 1259 793 a
1305 740 1521 809 justitia
1553 749 1794 794 remotos
1815 781 1828 801 ,
1869 740 2006 793 allo-

427 835 636 904 quitur,
689 845 742 889 et
783 849 812 887 a
852 835 1077 888 Domino
1121 834 1477 895 abalienatos,
1535 840 1593 885 ut
1621 848 1717 887 eos
1745 832 1811 886 ad
1845 832 2008 885 ﬁdem

429 926 684 982 deducat.
733 927 800 980 Et
831 927 990 994 paulo
1024 939 1141 995 post
1177 925 1325 991 :Qui
1361 925 1526 996 igitur
1559 941 1730 994 genus
1765 931 2008 978 vestrum

427 1019 530 1073 ista
561 1019 719 1074 docui
751 1021 842 1089 qui
880 1036 943 1074 ex
977 1035 1142 1089 parvo
1175 1026 1386 1074 tantum
1416 1018 1596 1081 elTeei,
1625 1028 1679 1072 et
1715 1018 1882 1072 tantis
1905 1031 2004 1070 vos

428 1111 689 1164 exornavi
725 1110 906 1172 donis,
935 1125 1042 1178 qua
1087 1111 1299 1164 ratione
1351 1123 1498 1163 nunc
1555 1125 1663 1162 non
1718 1110 2012 1162 clementer

428 1201 697 1270 excipiam
748 1201 1125 1271 ptenitentiam
1159 1210 1382 1272 agentes
1411 1209 1465 1256 et
1498 1217 1583 1254 me
1609 1200 2009 1272 agnoscentes?

498 1385 664 1441 Vsus.
698 1388 752 1442 5.
787 1386 908 1443 Νοη
953 1387 1215 1443 dicuntur
1254 1389 1370 1444 hac
1414 1391 1778 1460 evaggerandi
1813 1391 2010 1461 gratia.

428 1475 532 1542 Qui
577 1478 719 1532 enim
772 1494 883 1532 non
937 1477 1123 1532 laetitia
1172 1485 1227 1532 et
1273 1479 1640 1533 exsultatione
1699 1478 2012 1533 omnimoda

431 1571 774 1639 replerentur
809 1570 974 1624 animi
1017 1572 1115 1638 illi,
1169 1571 1263 1641 qui
1307 1573 1498 1626 intima
1542 1587 1673 1642 pace
1715 1567 2008 1635 fruuntur,

429 1677 527 1730 spe
560 1663 867 1716 caelestium
896 1661 1130 1727 ﬂorent,
1168 1671 1222 1717 et
1261 1679 1385 1717 cum
1419 1661 1530 1717 Deo
1562 1662 2012 1734 conjunguntur?

506 1842 670 1898 Vsus.
698 1844 753 1897 4.
791 1843 960 1914 Opem
993 1859 1139 1898 nunc
1168 1845 1422 1898 omnibus
1463 1844 1640 1908 ali‘ert,
1670 1843 2011 1915 principibus

429 1951 582 2005 atque
613 1951 678 1989 ac
718 1937 938 2006 populo.
992 1935 1110 1991 Non
1143 1937 1290 1991 enim
1325 1937 1607 2006 anteponit
1641 1952 1738 1991 eos
1764 1937 1857 2006 qui
1908 1937 2012 1990 im-

433 2028 586 2098 perio
627 2037 902 2098 prazsunt,
939 2045 1040 2083 nec
1073 2030 1306 2100 denegat
1355 2031 1618 2084 auxilium
1651 2029 1796 2084 inter
1822 2045 2014 2100 grega—

433 2121 545 2174 rios
597 2121 955 2175 militantibus
983 2162 996 2182 ,
1039 2122 1133 2176 sed
1166 2137 1357 2176 omnes
1388 2123 1603 2176 animas
1659 2122 1850 2176 eadem
1882 2137 2016 2190 pen-

433 2227 563 2266 sans
598 2214 822 2275 trutina,
852 2213 1164 2267 connuunia
1221 2213 1348 2268 facit
1395 2213 1718 2267 obedientia:
1767 2211 2009 2282 praemia.

433 2302 634 2356 Omnes
666 2302 788 2356 ideo
815 2318 968 2372 aeque
992 2302 1246 2356 hortatur
1284 2311 1342 2354 ut
1370 2301 1598 2356 auribus
1640 2300 1947 2355 attendant.

503 2484 672 2540 Vens.
704 2485 756 2539 5.
794 2484 1128 2540 Illuminabit
1173 2494 1407 2540 cunctas
1438 2492 1662 2556 gentes,
1693 2499 1886 2538 omnes
1912 2498 2013 2552 po-

432 2578 590 2648 pulos
623 2577 717 2634 Dei
748 2579 945 2633 notitia
991 2579 1310 2642 illustrabit,
1346 2587 1406 2632 ut
1431 2578 1484 2632 in
1510 2593 1635 2632 eum
1668 2585 1892 2646 sperent
1921 2576 2015 2644 qui

430 2678 517 2725 est
548 2671 830 2724 brachium
856 2686 1058 2726 meum.
1089 2670 1302 2725 Insulas
1331 2669 1422 2723 hic
1450 2677 1609 2723 vocat
1645 2669 1794 2739 ipsos
1840 2669 2015 2738 locos,

433 2765 733 2831 praesertim
766 2779 894 2818 vero
922 2763 1228 2830 Ecclesias;
1260 2781 1361 2820 nec
1393 2763 1666 2817 immerito
1699 2777 1763 2816 ea
1795 2761 1864 2816 ad
1898 2763 2018 2817 ani-

433 2874 552 2912 mos
582 2857 838 2912 retuleris
870 2858 1242 2927 voluptatibus
1273 2860 1418 2912 velut
1461 2858 1574 2912 sale
1614 2856 1974 2912 circumlutos
1997 2896 2014 2924 ,

433 2957 487 3002 et
515 2949 667 3002 vanis
701 2949 754 3000 in
787 2948 887 3001 hac
921 2949 1030 3002 vita
1059 2949 1412 3018 opinionibus
1442 2949 1700 3019 agitatos.

507 3128 669 3183 Vsus.
692 3129 743 3182 6.
766 3128 897 3183 Fide
918 3129 1082 3201 digna
1112 3129 1441 3184 documenta
1466 3130 1695 3199 praebet,
1721 3130 1924 3200 quibus
1950 3131 2017 3187 de

435 3228 704 3290 potestate
747 3221 932 3275 divina
981 3221 1285 3276 dillidentes
1325 3223 1657 3287 convincat,
1714 3224 1912 3280 cmlum
1963 3230 2018 3278 et

434 3321 658 3366 terram.
715 3311 784 3365 Et
833 3313 993 3381 paulo
1031 3323 1146 3382 post
1179 3328 1196 3364 :
1233 3311 1490 3367 Adhibita
1534 3329 1683 3368 nunc
1734 3315 2016 3383 praestanti

435 3405 743 3458 animorum
771 3405 859 3470 vi,
898 3414 1133 3475 pennata
1163 3413 1364 3469 mente,
1386 3405 1452 3459 ad
1487 3407 1688 3460 coelum
1710 3407 1936 3462 evoletis
1967 3417 2018 3462 et

435 3485 659 3551 discatis
701 3512 865 3566 quam
899 3499 1128 3552 ﬁrmiter
1159 3498 1230 3551 sit
1275 3499 1637 3553 constitutum
1663 3540 1678 3565 ,
1715 3499 1843 3554 licet
1874 3500 2018 3555 sicut

438 3589 621 3645 fumus
679 3607 802 3646 esse
860 3590 1129 3644 videatur.
1180 3589 1244 3642 Et
1315 3599 1516 3644 terram
1572 3605 1736 3659 quam
1787 3591 2017 3646 solidam

435 3683 761 3737 existimatis
804 3682 1107 3752 perditione
1169 3683 1389 3752 perdam
1418 3723 1432 3746 ,
1491 3690 1544 3738 et
1590 3683 1773 3738 omnia
1809 3692 2019 3738 vetera-

437 3783 591 3828 scent
627 3793 639 3827 :
678 3775 1016 3844 permanebit
1075 3781 1257 3827 autem
1299 3775 1538 3830 salutare
1581 3791 1762 3830 meum
1791 3776 2017 3830 verbum

439 3863 493 3916 in
553 3865 982 3933 sempiternum,
1053 3871 1107 3919 et
1178 3863 1213 3916 ii
1266 3873 1475 3918 tantum
1525 3865 1726 3934 quibus
1778 3880 1902 3920 cum
1952 3880 2019 3920 eo

437 3969 758 4024 permanere
785 3964 838 4009 et
862 3955 916 4008 in
941 3957 1139 4009 saecula
1174 3957 1253 4011 ire
1291 3955 1535 4011 libuerit.

517 4133 676 4189 Vsus.
710 4135 760 4187 7.
818 4135 1028 4191 Timete
1070 4138 1253 4206 potius
1284 4139 1638 4208 opprobrium
1687 4147 1742 4196 et
1771 4149 2020 4197 contem-

439 4233 593 4295 ptum
625 4223 734 4278 Dei.
769 4227 900 4290 Quae
929 4226 1073 4278 enim
1099 4242 1166 4279 ex
1202 4228 1519 4283 hominibus
1549 4238 1697 4295 sunt,
1729 4232 1850 4288 istis
1887 4249 2018 4302 quo-

441 4318 572 4373 tidie
600 4319 971 4388 pereuntibus,
999 4319 1116 4389 ipsa
1143 4321 1304 4374 simul
1341 4322 1632 4391 peribunt;
1676 4327 1792 4379 sola
1829 4335 2016 4382 manet

2114 469 2458 536 βλάπτουσιν·
2500 473 2634 526 ἀλλά
2670 473 2842 526 ταῦτα
2875 474 3159 543 πάσχομεν
3195 474 3261 526 δι’
3298 474 3568 544 ἀνηκοΐαν
3609 477 3694 528 καὶ

2110 563 2464 616 ἀνευλάϐειαν
2491 566 2590 635 τὴν
2624 566 2759 636 πρὸς
2791 566 2883 619 τὸν
2913 567 3067 618 Θεόν.

2195 655 2557 727 ’ί-Ιθικὼτερον
2616 657 2712 710 νῦν
2769 657 2868 727 τὴν
2929 657 3246 727 ἐπιτίμησιν
3307 658 3446 729 πρὸς
3506 658 3697 721 αὐτοὺς

2112 747 2366 808 ποιεῖται,
2401 745 2494 797 καὶ
2523 745 2599 808 ὡς
2634 749 2852 818 μακράν
2877 745 2972 798 τοῦ
2997 746 3207 798 δικαίου
3240 746 3585 816 ἀφεστηκόσι
3612 750 3698 800 καί

2108 835 2203 888 τοῦ
2246 837 2450 907 Κυρίου
2484 837 2952 908 ἀλλοτριωθετσιν,
2992 839 3279 907 ὑφηγεῖται
3313 841 3444 902 τοὺς
3487 839 3697 906 λόγους,

2111 927 2317 994 ἐνάγων
2353 928 2548 991 αὐτοὺς
2581 928 2718 998 πρὸς
2746 928 2947 981 πίστιν.
2981 929 3089 982 Καὶ
3119 929 3244 997 μετ’
3276 930 3455 998 ὀλίγα
3477 930 3576 982 ’Ὁ
3600 930 3701 981 τοί-

2110 1035 2204 1070 νυν
2240 1017 2320 1088 τῷ
2360 1019 2506 1086 γένει
2543 1018 2621 1090 τῷ
2662 1019 2914 1090 ὑμετέρῳ
2951 1019 3125 1073 ταῦτα
3169 1019 3569 1090 ἐνδειξάμενος,
3612 1021 3700 1072 καί

2111 1111 2175 1163 ἐκ
2212 1113 2412 1181 μικρᾶς
2445 1113 2770 1183 προφάσεως
2812 1112 3076 1183 αὐξήσας,
3124 1112 3219 1166 καὶ
3257 1111 3512 1180 εὐλογίαν
3560 1111 3699 1181 πλήι

2113 1200 2313 1272 ρὼσας,
2344 1203 2461 1266 πῶς
2484 1203 2604 1273 οὐχὶ
2637 1203 2734 1256 νῦν
2767 1202 2998 1274 εὔπορος
3027 1204 3220 1274 ἔσομαι
3247 1204 3325 1274 τῷ
3349 1203 3698 1274 μετανοοῦντι

2110 1295 2205 1348 καὶ
2236 1294 2651 1363 ἐπιγινώσκοντί
2685 1314 2752 1366 με
2775 1312 2789 1360 ;

2182 1387 2294 1456 Οὐχ
2335 1386 2711 1456 ὑπερϐολικῶς
2749 1385 2921 1440 ταῦτα
2956 1385 3261 1458 [είρηται]·
3294 1385 3413 1448 πῶς
3452 1384 3568 1455 γάρ
3604 1385 3700 1437 οὐκ

2112 1477 2448 1550 εὐφροσύνης
2475 1479 2570 1530 καὶ
2598 1478 2778 1548 πάσης
2807 1481 2980 1551 χαρᾶς
3014 1478 3465 1550 πληρωθήσονται
3493 1479 3698 1531 ἐκεῖναι

2111 1570 2168 1622 αἱ
2191 1569 2380 1640 ψυχαὶ,
2406 1572 2463 1623 αἱ
2490 1569 2564 1641 μὴ
2590 1571 2975 1635 στασιάζουσαι
3008 1570 3143 1640 πρὸς
3169 1571 3388 1632 ἐαυτάς,
3415 1570 3538 1622 ἀλλ’
3565 1571 3624 1622 al.
3645 1572 3698 1621 ὲν

2112 1663 2232 1725 ταῖς
2266 1661 2444 1714 ἐλπίσι
2473 1662 2567 1715 τοῦ
2595 1661 2732 1715 Θεοῦ
2763 1661 3155 1733 εὑθηνούμεναι
3177 1662 3270 1716 καὶ
3297 1661 3449 1729 αὑτῷ
3481 1660 3697 1714 ἀνακεί-

2119 1770 2281 1825 μεναι

2184 1846 2294 1898 Καὶ
2319 1844 2413 1898 νῦν
2444 1847 2554 1909 τοῖς
2585 1847 2720 1900 πᾶσι
2747 1845 2845 1917 τὴν
2874 1845 3196 1915 ἐπικουρίαν
3223 1845 3465 1915 κομίζει,
3502 1845 3578 1915 μὴ
3609 1861 3698 1912 φυ-

2111 1937 2375 2010 λοκρινῶν
2398 1938 2663 2010 ἄρχοντας
2690 1938 2799 1992 τῶν
2828 1937 3163 2008 ἀρχομένων·
3191 1937 3313 1990 οὑδὲ
3333 1937 3445 2006 γάρ
3473 1937 3694 2008 προκρί-

2113 2045 2192 2080 νει
2213 2027 2320 2081 τῶν
2336 2028 2393 2079 ἐν
2409 2029 2666 2098 ὑπηκόοις
2687 2027 3054 2098 τεταγμένων,
3071 2027 3192 2080 οὐδὲ
3209 2028 3696 2099 ἀποκλεισθὴσεται

2112 2118 2210 2186 τῆς
2239 2117 2504 2186 ὠφελείας
2530 2119 2558 2170 ὁ
2579 2120 2635 2171 ἐν
2670 2119 2968 2188 ὑπηρέταις
2985 2118 3173 2183 τελῶν,
3199 2119 3383 2182 κοινὰς
3410 2119 3473 2172 δὲ
3498 2136 3696 2188 κεκτη·

2117 2209 2276 2278 μένος
2303 2209 2412 2264 τῶν
2436 2209 2623 2279 ψυχῶν
2655 2211 2756 2273 τάς
2778 2209 3054 2280 δυνάμεις,
3088 2210 3264 2263 κοινὸν
3296 2211 3354 2263 δὲ
3381 2211 3476 2263 τὸν
3508 2211 3696 2281 ἔρανον

2114 2304 2210 2374 τῆς
2257 2304 2503 2373 ὑπακοῆς
2555 2303 2781 2374 νομίζει·
2833 2304 2894 2371 ἐξ
2944 2303 3060 2356 ἴσου
3107 2302 3440 2374 παρακαλῶν
3493 2304 3697 2365 πάντας

2117 2399 2405 2468 προσέχειν
2429 2398 2519 2450 τὸν
2547 2397 2693 2452 νοῦν.

2185 2493 2383 2544 Φωτιεϊ
2423 2491 2521 2561 μὲν
2570 2489 2746 2544 πάντα
2796 2490 2864 2545 τά
2913 2489 3040 2561 ἔθνη
3065 2529 3082 2555 ,
3131 2489 3468 2557 καταυγάσει
3519 2489 3580 2543 δέ
3623 2491 3697 2551 είς

2115 2579 2445 2650 θεογνωσίαν
2485 2581 2694 2645 πάντας
2734 2581 2927 2644 λαοὺς,
2968 2579 3046 2642 ὡς
3087 2579 3166 2642 είς
3197 2579 3358 2632 αὑτὸν
3399 2577 3698 2648 κεκτῆσθαι

2115 2675 2215 2737 τάς
2257 2672 2482 2736 ἐλπίδας
2508 2673 2637 2726 ὅντα
2670 2673 2928 2744 βραχίονά
2963 2689 3088 2743 μου.
3132 2671 3348 2742 Νήσους
3378 2670 3436 2722 δὲ
3470 2669 3700 2724 ἐνταῦθα

2116 2767 2272 2821 καλεῖ
2295 2767 2388 2820 καὶ
2417 2767 2616 2830 αὑτοὺς
2644 2767 2768 2828 τοὺς
2801 2766 3000 2828 τόπους
3021 2805 3037 2830 ,
3071 2765 3130 2819 οὐ
3173 2763 3278 2834 μὴν
3304 2762 3443 2816 ἀλλά
3474 2763 3570 2816 καὶ
3604 2762 3698 2824 τὰς

2128 2858 2470 2928 Ἐκκλησίας·
2514 2857 2765 2920 ἐκλάϐοις
2799 2856 2856 2910 δὲ
2891 2857 2984 2910 καὶ
3025 2858 3104 2920 είς
3144 2855 3242 2919 τὰς
3285 2855 3500 2926 ψυχὰς,
3543 2855 3697 2926 δίκην

2117 2945 2362 3017 ἁλμυροῦ
2393 2945 2661 3016 ῥεύματος
2696 2943 3163 3016 περικλυζομένας
3193 2943 3296 2997 ὑπὸ
3341 2945 3452 2997 τῶν
3502 2944 3700 3016 ἡδονῶν

2041 3066 2087 3128 c
2118 3038 2212 3091 καὶ
2239 3037 2346 3090 τῶν
2367 3039 2422 3090 ὲν
2451 3036 2528 3107 τῷ
2553 3036 2652 3107 βίῳ
2673 3034 2849 3107 τούτῳ
2872 3035 3086 3106 ψευδῶν
3112 3033 3280 3102 δοξῶν
3305 3035 3698 3105 κυμαινοὺσας.

2201 3127 2513 3192 Ἀξιόπιστα
2537 3129 2912 3200 δυσωπὴματα
2933 3128 3288 3200 προϐάλλεται
3322 3130 3402 3191 είς
3434 3129 3701 3182 πίστωσιν

2120 3222 2221 3292 τῆς
2260 3221 2423 3274 αὑτοῦ
2467 3221 2749 3291 δυνάμεως
2788 3225 2899 3284 τοῖς
2942 3221 3284 3284 ἀπιστοῦσιν,
3330 3221 3564 3292 οὐρανὸν
3614 3222 3706 3274 καί

2117 3313 2242 3381 γῆν.
2284 3311 2394 3366 Καὶ
2428 3309 2555 3379 μετ’
2589 3311 2762 3379 ὀλίγα
2789 3326 2801 3338 ·
2829 3309 2942 3363 Νῦν
2979 3310 3110 3380 γοῦν
3145 3327 3274 3364 ποτε
3315 3313 3437 3374 ταῖς
3478 3311 3707 3372 οἰκείαις

2117 3403 2226 3456 τῶν
2270 3401 2460 3474 ψυχῶν
2497 3402 2803 3473 ἐνεργείαις
2841 3401 3205 3473 χρησάμενοι,
3245 3401 3568 3470 πτερώθητε
3612 3402 3708 3470 τὴν

2118 3497 2388 3560 διάνοιαν,
2417 3497 2511 3550 καὶ
2541 3494 2755 3568 οὐρανῷ
2788 3495 3276 3566 προσεγγίσαντες,
3313 3493 3480 3546 αὐτὸν
3503 3495 3708 3546 ἐκεῖνον

2119 3587 2593 3658 καταμανθάνετε,
2629 3587 2703 3649 ὡς
2745 3588 2810 3639 ἐκ
2845 3586 3052 3639 καπνοῦ
3090 3587 3210 3638 ὅσον
3251 3578 3388 3655 ἧκεν
3435 3587 3519 3648 εἰς
3564 3586 3706 3654 ὄψιν,

2119 3680 2326 3749 ἀκμητὶ
2371 3677 2816 3748 συνεστησάμην·
2862 3677 2956 3728 καὶ
2989 3675 3092 3744 γῆν
3128 3674 3330 3744 ταύτην
3365 3673 3469 3744 τὴν
3511 3675 3706 3742 πάγιον

2120 3769 2246 3839 ὑμῖν
2288 3765 2427 3822 εἶναι
2471 3767 2733 3822 δοκοῦσαν
2788 3765 2961 3838 φθορᾷ
3009 3765 3334 3837 παραδώσω,
3380 3765 3484 3818 καὶ
3532 3765 3603 3817 τὰ
3652 3767 3705 3817 ἐν

2119 3862 2308 3933 κόσμῳ
2350 3861 2638 3934 παρελθεῖν
2672 3861 2897 3931 ποιήσω·
2938 3859 3080 3930 μόνῳ
3118 3858 3332 3926 ἐκάστῳ
3370 3857 3552 3910 ἀϊδίου
3590 3859 3702 3912 δια-

2122 3955 2370 4024 μένοντος
2387 3953 2482 4006 τοῦ
2507 3953 2770 4025 σωτηρίου
2798 3951 3188 4021 θεσπίσματος·
3214 3944 3259 4018 ᾧ
3284 3951 3380 4004 καὶ
3408 3967 3477 4003 συ
3486 3966 3702 4021 μπαρα-

2123 4049 2302 4120 μένειν
2334 4050 2427 4103 καὶ
2451 4047 2870 4112 συνδιαιωνίζειν
2902 4047 3098 4102 ἔοικεν.

2187 4139 2462 4211 Φοϐήθητε
2512 4139 2568 4192 δὲ
2626 4138 2823 4210 μᾶλλον
2876 4138 3176 4210 φαυλισμὸν
3233 4138 3330 4192 καὶ
3388 4138 3697 4208 ὀνειδισμὸν

2120 4231 2272 4304 παρά
2315 4231 2451 4285 Θεοῦ
2497 4232 2624 4303 ὑμῖν
2654 4235 2957 4304 γινόμενον·
2991 4231 3157 4303 δγάρ
3199 4230 3354 4302 παρά
3396 4231 3699 4302 ἀνθρώπων

2121 4321 2403 4391 γινόμενος
2445 4321 2674 4385 ἐκείνοις
2722 4321 3099 4376 συναπολεῖται
3118 4362 3133 4388 ,
3163 4321 3342 4376 αὑτῶν
3369 4323 3466 4391 ὑφ’
3497 4323 3698 4375 ἑαυτῶν

442 4425 568 4479 spes
598 4410 651 4464 in
683 4409 984 4476 Christum,
1015 4410 1321 4480 perdurans
1369 4429 1494 4468 cum
1539 4415 1620 4471 eis
1653 4418 1744 4486 qui
1777 4419 2005 4474 salutare

2149 4413 2508 4484 ›θειρομένων·
2546 4413 2677 4484 μόνη
2706 4412 2761 4466 δέ
2797 4414 2945 4484 μένει
2967 4415 3002 4485 ἠ
3036 4415 3116 4476 είς
3144 4412 3235 4466 τὸν
3266 4413 3507 4484 Χριστὸν
3527 4413 3695 4474 ἐλπὶς.

443 4510 571 4558 sunt
602 4503 908 4558 consecuti.

523 4677 681 4735 Vsus.
713 4680 769 4735 9.
809 4679 1109 4737 Jerusalem
1168 4687 1228 4734 ut
1280 4680 1508 4752 recipiat
1537 4681 1729 4737 suadet
1760 4698 2020 4752 quaecun-

441 4791 549 4847 que
597 4775 924 4846 negligentia
984 4772 1311 4843 perdiderit;
1367 4781 1453 4828 est
1509 4774 1654 4828 enim
1711 4775 1807 4830 tibi
1864 4776 2020 4831 l‘orti-

442 4867 596 4931 tudo,
645 4883 750 4936 qtta
805 4865 1026 4920 indutus
1096 4864 1273 4919 valida
1325 4866 1497 4920 videri
1548 4867 1784 4937 poteris;
1833 4885 2020 4924 recor-

441 4960 574 5014 dare
599 4967 652 5012 te
680 4974 791 5012 non
822 4959 984 5011 aliam
1018 4973 1141 5012 esse
1169 4959 1238 5012 ab
1277 4959 1367 5011 illa
1404 4957 1733 5028 Jerusalem,
1763 4961 1922 5031 cujus
1949 4963 2017 5018 ad

442 5061 632 5106 nutum
665 5049 1010 5104 dehiscentes
1055 5049 1200 5104 inter
1245 5048 1445 5106 ﬂuctus
1497 5051 1602 5105 iter
1636 5068 1784 5108 mare
1817 5055 2021 5124 permi-

441 5143 532 5206 sit,
566 5149 626 5194 ut
657 5156 724 5195 ex
751 5139 986 5210 [Egypto
1026 5140 1241 5195 liberati
1273 5142 1566 5196 transitum
1599 5143 1891 5213 baberent;
1929 5145 2017 5200 cui

440 5233 810 5288 inservierunt
839 5233 1140 5298 elementa;
1194 5248 1316 5302 qua:
1367 5234 1454 5288 vel
1494 5235 1551 5288 in
1583 5234 1800 5291 deserto
1834 5253 2017 5292 rerum

438 5326 685 5380 omnium
736 5323 893 5393 copia
942 5325 1260 5379 abundavit.
1319 5325 1440 5380 Noli
1478 5327 1663 5398 igitur
1713 5329 1861 5384 vires
1895 5340 2016 5384 tuas

438 5417 688 5484 prodere,
713 5430 816 5470 nec
847 5416 1013 5469 animi
1038 5417 1227 5471 virtuti
1261 5425 1536 5488 torporem
1579 5420 1838 5477 inducere
1859 5461 1874 5488 ,
1919 5422 2016 5477 sed

438 5521 671 5577 exsurge
700 5507 768 5562 ad
805 5509 1058 5565 cmlestes
1092 5519 1570 5584 spes.et,recepta
1604 5514 1823 5593 ﬁducia,
1855 5517 2014 5572 bonis

441 5604 495 5652 te
531 5600 786 5669 operibus
813 5615 1066 5659 exornes.

2129 4501 2605 4565 συνδιαιωνίζουσα
2645 4505 2759 4568 τοῖς
2792 4504 2853 4557 τὸ
2896 4505 3161 4574 σωτήριον
3201 4503 3360 4557 τοῦτο
3396 4504 3694 4568 παραδεξα-

2131 4595 2333 4666 μένοις.

2207 4685 2629 4756 Ἀναλαμδάνειν
2661 4686 2759 4756 τὴν
2797 4684 3148 4756 Ἰερουσαλὴμ
3174 4685 3638 4757 παρακελεύεται,
3663 4684 3692 4736 ἃ

2126 4777 2358 4849 ἀμελείᾳ
2395 4777 2698 4849 προῦδωκε·
2741 4777 3000 4849 πρόσεστι
3019 4777 3127 4848 γάρ
3155 4794 3236 4830 σοι
3273 4778 3450 4847 ἰσχὺς,
3487 4777 3607 4831 καθ’
3634 4779 3691 4844 ἦν

2125 4866 2348 4938 δυνήσῃ,
2389 4867 2619 4939 σεαυτὴν
2655 4866 3065 4936 συναγαγοῦσα,
3101 4867 3298 4938 ίσχυρά
3329 4885 3417 4930 τις
3446 4868 3685 4938 ὀφθῆναι·

2125 4957 2282 5010 τοῦτο
2327 4958 2688 5030 λογισαμένη,
2730 4959 2812 5010 ὅτι
2857 4958 2957 5010 οὑκ
3000 4958 3132 5028 ἄλλη
3177 4976 3260 5021 τις
3305 4961 3443 5030 παρ’
3489 4960 3692 5024 ἐκείνην

2124 5050 2411 5120 τυγχάνεις
2447 5051 2545 5121 τὴν
2579 5051 2963 5122 Ἰερουσαλὴμ,
3071 5051 3253 5114 ὑπεῖξε
3296 5049 3549 5105 θάλασσα
3588 5052 3692 5105 ὁδόν

2127 5158 2208 5194 σοι
2239 5142 2636 5213 ἀνατέμνουσα,
2668 5143 2732 5194 ἶν’
2757 5144 2806 5195 οἱ
2835 5143 3219 5211 ἀπἈίγύπτου
3241 5141 3691 5212 ἐλευθερωθέντες

2123 5233 2419 5288 διαὸαίνειν
2451 5233 2661 5304 ἔχωσιν⁹
2766 5235 3077 5306 ἐδορυφόρει
3114 5233 3184 5286 τά
3218 5236 3480 5302 στοιχεῖα,
3516 5233 3611 5286 καὶ
3635 5233 3693 5300 ἦν

2122 5325 2444 5397 διεδέχετοή
2484 5327 2542 5379 ὲν
2575 5328 2765 5399 ἐρήμῳ
2804 5327 3054 5398 ἀνενδεὴς
3094 5325 3346 5397 χορηγία.
3383 5325 3480 5395 Μὴ
3516 5325 3690 5376 τοίνυν

2121 5417 2220 5480 τὰς
2243 5418 2440 5488 ὲεἱιυτῆς
2463 5417 2721 5489 δυνάμεις
2748 5420 2958 5492 προδῷς
2977 5461 2990 5483 ,
3020 5418 3154 5490 μηδέ
3183 5417 3437 5488 κοιμίσῃς
3469 5415 3572 5477 τάς
3595 5415 3689 5484 ψυ-

2123 5511 2280 5581 χικὰς
2300 5512 2597 5581 ἐνεργείας·
2628 5512 2739 5565 ἀλλ’
2769 5511 3091 5581 ἐξανάστηθι
3129 5509 3265 5580 πρὸς
3295 5507 3580 5579 οὐρανίους
3610 5504 3688 5557 ἐλ-

2124 5603 2301 5666 πίδας·
2335 5604 2429 5658 καὶ
2461 5604 2801 5658 ἀναλαϐοῦσα
2828 5604 2888 5658 τὸ
2919 5603 3158 5675 θαρρεῖν,
3180 5599 3408 5669 ἀγαθαῖς
3430 5596 3685 5672 πράξεσιν

2125 5692 2324 5758 ἑαυτὴν
2353 5693 2669 5757 κατακόσμη
2679 5710 2785 5750 σον.
