3792 6150
173 376 305 432 1555

1525 361 1589 407 IN
1630 361 1860 440 ιδΑιΜι
1873 395 1884 406 .

3269 363 3406 412 ίῦῦι

233 495 293 546 Εἰ
314 490 419 561 γὰρ
435 487 527 542 καὶ
546 485 728 557 πατὴρ
742 483 834 538 καὶ
854 483 1031 555 μήτηρ
1064 473 1339 549 ὑπηρέται
1359 475 1456 546 τῆς
1475 474 1737 544 γενέσεως

1915 470 2080 528 Vens.
2115 474 2200 527 l5.
2236 472 2410 544 Opera
2442 472 2659 544 quidem
2709 482 2764 531 et
2795 476 2968 546 patris
2995 485 3049 532 et
3091 479 3283 536 matris
3315 495 3410 549 ge-

169 584 473 654 γεγόνασιν,
505 579 580 643 ὡς
608 576 785 648 φιλίας
827 591 908 628 σοι
947 575 1041 628 καὶ
1075 567 1394 640 συγγενείας
1430 565 1733 639 προφάσεις

169 676 514 748 παρέχοντες,
533 670 645 724 ἀλλ’
665 671 814 740 ὅμως
835 668 934 720 οὐκ
951 665 1139 735 ἀτονία
1156 663 1255 734 τῆς
1276 660 1556 730 δυνάμεως
1574 658 1734 712 τοῦτο

169 766 536 838 συνεχώρησα·
558 761 679 816 οὑτε
709 761 818 832 γὰρ
847 757 944 828 τὴν
969 757 1142 828 ἀρχὴν
1172 754 1419 808 πλάττων
1444 751 1534 805 τὸν
1563 749 1731 820 Ἀδὰμ

165 862 365 915 τούτων
401 857 657 928 ἐδεήθην,
691 853 826 907 ἀλλά
851 851 1067 921 θελήσει
1097 844 1490 917 ὑπεστησάμην
1514 843 1608 895 κα)⁵
1642 841 1732 893 δυ-

165 955 322 1026 νάμει
349 955 415 1022 τῇ
445 953 571 1021 ἐμῇ.

233 1025 343 1100 Καὶ
374 1042 482 1096 τῶν
517 1036 923 1113 προγεγονότων
968 1035 1048 1098 εἰς
1087 1032 1306 1105 μνήμην
1347 1027 1543 1091 αὐτοὺς
1585 1025 1729 1094 ἄγει,

162 1138 255 1192 καὶ
289 1138 368 1200 εἰς
409 1135 470 1188 τὸ
499 1130 653 1196 αὖθις
685 1131 903 1202 θαρρεῖν
936 1126 1134 1188 αὑτοὺς
1173 1121 1556 1194 προτρέπεται·
1594 1116 1730 1170 Οὔτε

161 1229 288 1301 γὰρ,
333 1226 518 1297 φησὶν,
560 1225 610 1277 οἰ
647 1218 1015 1284 ἀπειλοῦντες,
1051 1217 1148 1271 καὶ
1181 1213 1323 1269 κατά
1353 1211 1446 1266 σοῦ
1490 1208 1732 1281 μαιμάσ-

163 1338 366 1384 σοντες,
385 1316 723 1389 ήδυνήθησαν
739 1308 1051 1382 ἀντιστῆναι
1071 1326 1173 1372 σοι,
1193 1306 1324 1378 ἐμοῦ
1341 1302 1729 1374 ἐπαμύνοντος·

160 1414 430 1484 οὐδέτεροι
459 1409 798 1481 ἰσχύσουσιν,
823 1403 958 1477 ἐμοῦ
987 1402 1184 1476 ῥαδίως
1210 1398 1431 1460 τούτους
1452 1397 1531 1458 εἰς
1557 1392 1734 1464 φυγὴν

160 1507 472 1577 τρέποντος.

233 1590 611 1663 Διδασκόμεθα
637 1590 694 1644 δὲ
719 1590 784 1642 ἐκ
807 1584 997 1640 τούτου
1013 1625 1029 1650 ,
1057 1583 1133 1647 ὡς
1156 1581 1249 1636 καὶ
1271 1581 1320 1635 οἰ
1349 1581 1608 1651 τάραχοι,
1639 1577 1736 1633 καὶ

163 1689 215 1740 αἰ
262 1682 660 1744 ἐπαναστάσεις
696 1678 804 1732 τῶν
857 1675 1047 1739 ἐθνῶν,
1087 1673 1181 1726 καὶ
1229 1669 1299 1724 τά
1346 1668 1583 1740 δυσχερῆ
1627 1667 1735 1720 τῶν

1837 565 1983 619 nitus
2015 579 2110 630 es,
2149 573 2208 619 ut
2230 565 2470 619 amicitia
2506 573 2685 620 tecum
2719 573 2773 620 et
2805 567 3128 637 cognatione
3173 569 3406 639 conjun-

1834 664 2091 726 gerentur
2113 696 2127 721 ,
2167 671 2277 712 non
2321 658 2481 727 quasi
2527 657 2801 712 deﬁcienti
2830 673 2966 712 meae
2993 660 3248 727 potestati
3277 677 3409 730 sup-

1833 748 2066 817 plerent.
2123 747 2243 802 Non
2288 751 2431 804 enim
2482 749 2616 802 mihi
2669 750 2778 806 illis
2826 750 2883 804 in
2941 750 3214 820 principio
3267 767 3407 822 opus

1833 837 1952 900 fuit,
1986 855 2112 893 cum
2138 840 2508 909 plasmabatur
2553 840 2744 910 Adam,
2771 842 2866 898 sed
2892 843 3178 897 voluntate
3206 858 3270 896 ac
3299 843 3408 897 vir-

1835 937 1948 984 tute
1974 946 2090 985 mea
2123 931 2239 1000 ipse
2274 946 2397 986 eum
2427 931 2578 987 effeci

1903 1020 2071 1078 Vens.
2102 1023 2186 1076 l4.
2208 1022 2316 1078 Res
2334 1025 2638 1094 praeteritas
2672 1025 2727 1080 in
2755 1026 3075 1080 memoriam
3098 1040 3288 1080 eorum
3316 1040 3406 1080 re-

1831 1120 2011 1177 vocat,
2045 1124 2101 1168 et
2132 1114 2205 1168 ita
2243 1113 2449 1171 fractos
2481 1116 2695 1170 animos
2739 1115 2957 1182 reﬁcit;
3007 1131 3134 1170 nam
3183 1132 3402 1172 causam

1833 1213 1981 1257 tuam
2014 1213 2208 1275 agente
2250 1221 2337 1261 me
2359 1247 2374 1272 ,
2411 1222 2520 1260 non
2550 1206 2839 1261 valuerunt
2865 1246 2880 1270 ,
2906 1207 3104 1277 inquit,
3139 1206 3234 1260 tibi
3268 1207 3407 1262 resi-

1835 1302 2002 1360 stere,
2031 1297 2125 1365 qui
2171 1298 2333 1352 minis
2360 1305 2414 1352 te
2445 1305 2500 1352 et
2530 1297 2714 1353 furore
2749 1299 3048 1369 urgebant;
3107 1315 3284 1370 neque
3310 1300 3405 1354 alii

1833 1388 2008 1458 magis
2037 1388 2344 1457 proﬁcient,
2372 1389 2532 1445 facile
2549 1405 2643 1446 eos
2669 1390 2724 1444 in
2753 1390 2936 1463 fugam
2967 1400 3198 1444 vertam.

1908 1568 2077 1625 Vens.
2107 1569 2192 1626 l5.
2225 1567 2497 1626 Docethic
2512 1585 2612 1626 nos
2633 1567 3406 1636 turbamenta,etrebelliones

1835 1661 2102 1732 gentium,
2129 1668 2183 1716 et
2215 1677 2398 1716 rerum
2431 1662 2734 1732 angustias,
2782 1669 2838 1717 et
2885 1660 3298 1717 sollicitationes
3335 1660 3405 1714 ad

164 1776 524 1849 πραγμάτων,
561 1771 654 1825 καὶ
672 1771 722 1823 οἰ
750 1767 1045 1841 πειρασμοὶ
1063 1804 1078 1830 ,
1105 1762 1248 1818 κατά
1273 1760 1617 1831 συγχώρησιν
1638 1757 1732 1811 τοῦ

1858 1753 2062 1816 nalum,
2089 1768 2198 1807 non
2229 1753 2348 1808 sine
2376 1753 2472 1807 Dei
2506 1752 2732 1808 numine
2770 1752 2919 1819 ﬁeri;
2959 1753 3157 1823 quibus
3200 1753 3407 1808 instan-

319 1829 578 1936 γίνονται·
605 1855 679 1916 ὧν
713 1829 1095 1932 ἐνεργούντων,
1122 1857 1227 1927 χρὴ
1265 1829 1357 1908 τὸν
1378 1829 1618 1924 νήφοντα
1643 1850 1734 1904 ἐπὶ

1859 1847 2002 1910 ibus,
2058 1847 2352 1915 prudenter
2409 1853 2465 1901 te
2510 1844 2577 1899 ad
2620 1845 2712 1901 Dei
2763 1846 3024 1900 auxilium
3048 1844 3314 1916 recipies,
3344 1852 3407 1898 ut

162 1960 258 2029 τὴν
286 1957 381 2011 τοῦ
404 1955 539 2009 Θεοῦ
569 1951 932 2020 καταφεύγειν
962 1947 1208 2020 βοήθειαν
1227 1986 1243 2011 ,
1282 1945 1378 1998 καὶ
1419 1942 1548 2013 παρ’
1591 1941 1734 1994 ἐκεί-

163 2069 252 2106 νου
288 2047 556 2104 αἰτεῖσθαι
583 2046 680 2117 τὴν
701 2043 904 2097 τούτων
932 2040 1273 2110 ἀπαλλαγήν.

233 2141 402 2196 Πάλιν
436 2140 524 2193 διὰ
564 2139 662 2209 τῆς
704 2135 1101 2208 παρακλήσεως
1147 2131 1245 2202 τήν
1281 2128 1525 2184 ἑκούσιον
1567 2125 1735 2196 αὐτῆς

166 2234 368 2288 πτῶσιν
399 2231 674 2302 σημαίνει·
696 2230 795 2283 οὐκ
815 2229 880 2282 ἂν
901 2227 1010 2298 γὰρ
1039 2224 1160 2278 οὐδέ
1187 2221 1535 2291 διαναστῆναι
1566 2218 1736 2290 αὐτὴν

165 2322 529 2404 προετρέπετο
563 2321 652 2374 ὑπ’
687 2319 846 2374 ἄλλου
881 2315 1249 2387 κατεχομένην
1273 2353 1288 2378 ,
1323 2311 1460 2404 ἀλλὰ
1495 2309 1573 2404 τῶ
1605 2326 1736 2364 κατ-

165 2415 337 2484 έχοντι
356 2402 612 2484 ἐπετίμα·
645 2411 758 2465 ἀλλ’
781 2409 968 2480 ἐπειδὴ
1002 2406 1247 2461 ἐκούσιον
1285 2403 1494 2458 πτῶσιν
1531 2402 1737 2472 ὑπομε-

170 2507 408 2577 μενήκει,
429 2503 778 2573 διαναστῆναι
807 2501 975 2573 αὐτὴν
1004 2497 1450 2570 παρακελεύεται.

262 2687 446 2754 Ωσπερ
469 2683 589 2738 τινά
628 2682 754 2753 χοῦν
783 2682 842 2736 ὃν
871 2679 1116 2744 συνέλεξο
1159 2678 1266 2733 ἀπὸ
1297 2678 1389 2730 τοῦ
1423 2675 1734 2745 πτώματος,

167 2779 397 2834 εκτεινον
423 2780 519 2832 καὶ
547 2778 870 2850 ἀπόρριψον·
897 2775 992 2829 καὶ
1018 2777 1142 2838 τοὺς
1174 2771 1406 2843 δεσμοὺς
1425 2811 1439 2834 ,
1471 2765 1551 2833 οἷς
1580 2784 1738 2820 σεαυ-

166 2871 259 2943 τὴν
291 2870 760 2941 κατεδέσμευσας,
795 2867 957 2921 λῦσον
999 2865 1365 2920 ἀποσπάσασα
1405 2861 1604 2931 ἐαυτὴν
1642 2856 1738 2910 τοῦ

169 2963 326 3031 ζυγοῦ
358 2963 464 3032 τῆς
499 2961 742 3025 ἀδικίας,
857 2955 1058 3011 ἑκοῦσα
1095 2957 1187 3010 τὸν
1227 2955 1429 3025 σαυτῆς
1469 2950 1741 3024 τράχηλον

168 3053 447 3116 ὑπέϐαλες·
485 3053 580 3106 καὶ
611 3053 766 3119 ἀξίαν
792 3050 988 3120 ἑαυτὴν
1026 3048 1310 3119 ἀπέφηνας
1341 3045 1736 3116 αἰχμαλωσίας,

167 3150 254 3219 ἀφ’
277 3145 342 3221 ἧς
363 3138 608 3219 ρυσθήοῇ
634 3141 988 3215 μετανοοῦσα·
1010 3141 1130 3195 οὐδέ
1151 3142 1258 3212 γάρ
1281 3140 1379 3210 τὴν
1400 3139 1572 3210 ἀρχὴν
1599 3153 1738 3208 παρ-
1761 3157 1808 3220 α

168 3241 347 3312 εδόθης
383 3241 478 3293 ὑπ’
513 3236 648 3308 ἐμοῦ
689 3236 763 3300 ὡς
798 3233 1059 3306 ἀργύριον
1097 3232 1406 3303 εἰληφότος,
1441 3229 1577 3283 ἀλλά
1615 3231 1736 3292 ταῖς

166 3333 384 3396 οἰκείαις
401 3333 601 3400 ἑαυτῆς
625 3328 918 3400 ἁμαρτίαις
936 3325 1200 3398 ἐπράθης·
1227 3324 1368 3394 ἅπερ
1399 3321 1738 3391 συγχωρήσω

171 3440 244 3476 σοι
274 3421 629 3493 μετανοούσῃ,
663 3421 758 3474 καὶ
780 3418 1184 3485 ἀνακαλέσομαι
1214 3415 1310 3485 τῆς
1341 3411 1732 3482 αἰχμαλωσίας.

237 3515 306 3569 Τὸ
335 3515 392 3568 δὲ
417 3516 496 3577 είς
525 3511 839 3582 Ἀσσυρίους
863 3511 1093 3572 ἄκοντας
1121 3505 1432 3577 ἀπαχθῆναι
1460 3503 1597 3575 ἐμὴν
1624 3503 1737 3572 ἔχει

168 3609 530 3682 συγχώρησιν,
569 3608 748 3659 αἰτίαν
791 3606 848 3658 δὲ
892 3603 1180 3675 ὑμετέραν·
1227 3603 1326 3655 οὑκ
1367 3600 1432 3654 ἂν
1470 3600 1578 3670 γὰρ
1617 3596 1738 3650 οὐδέ

166 3703 368 3768 τούτοις
396 3700 710 3772 παρέδωκα,
744 3696 818 3768 μὴ
845 3696 953 3749 τῶν
987 3695 1397 3766 ἁμαρτημάτων
1420 3691 1572 3762 ὑμῶν
1605 3707 1739 3762 προ-

167 3794 469 3850 δεδωκότων
492 3793 658 3863 ὑμᾶς·
693 3791 775 3845 ὃτι
799 3790 856 3842 δὲ
880 3789 1034 3859 ῥᾳδία
1059 3787 1212 3839 ἐσται
1235 3786 1328 3838 καί
1349 3786 1380 3843 ἡ
1405 3783 1514 3837 ἀπὸ
1534 3782 1738 3836 τούτων

167 3885 474 3956 ἀπαλλαγὴ,
503 3881 776 3953 γνώσεσθε
807 3879 1280 3951 μετανενοηκότες.

241 4060 307 4113 Ἦ
331 4061 444 4131 γὰρ
477 4060 597 4128 οὐχὶ
622 4059 716 4112 καὶ
742 4057 1020 4126 Ῥαψάκης
1054 4052 1383 4125 ἀτονώτερόν
1414 4072 1481 4125 με
1513 4051 1621 4106 τῶν
1654 4049 1740 4106 λε-

168 4151 410 4220 γομένων
438 4148 567 4220 παρ’
595 4149 776 4208 αὐτοῖς
804 4145 940 4200 θεῶν
977 4141 1116 4200 εἶναι
1149 4144 1398 4213 νενόμικε
1429 4142 1619 4210 λέγων·
1648 4141 1738 4213 Μὴ

169 4241 308 4311 ὑμᾶς
338 4241 603 4296 ἀπατάτω
630 4238 896 4301 Ἐζεκίας·
941 4254 960 4287 ι
993 4234 1084 4306 Μὴ
1117 4237 1144 4288 ό
1176 4234 1308 4295 Θεὸς
1331 4232 1483 4303 ὑμῶν
1519 4232 1739 4305 ῥύσεται

171 4333 343 4402 ὑμᾶςς
380 4331 457 4403 μὴ
487 4329 785 4402 ἐρῤύσαντο
812 4330 861 4380 οἱ
891 4326 1003 4379 θεοὶ
1035 4325 1142 4378 τῶν
1177 4324 1348 4378 ἐθνῶν
1385 4323 1613 4386 ἕκαστος
1644 4323 1740 4393 τὴν

170 4425 361 4481 ἐαυτοῦ
415 4423 632 4496 χώραν;
686 4442 705 4474 ι
749 4421 964 4490 Ταύτης
1011 4418 1190 4471 τοίνυν
1240 4417 1340 4488 τῆς
1396 4416 1740 4488 βλασφημίας

1837 1939 2211 1994 liberationem
2242 1938 2310 1992 ab
2339 1938 2418 1995 eis
2440 1938 2772 2009 depreceris.

1913 2112 2044 2167 Car.
2076 2111 2184 2178 Lll,
2223 2111 2386 2168 Vens.
2408 2112 2458 2167 l.
2486 2111 2700 2168 Rursus
2723 2113 2988 2178 declarat,
3023 2112 3153 2167 dum
3189 2127 3290 2169 eos
3322 2127 3392 2169 ex

1836 2202 2108 2266 hortatur,
2137 2203 2368 2257 libenter
2392 2203 2543 2272 ipsos
2562 2202 2616 2256 in
2633 2202 2968 2258 calamitates
2989 2218 3108 2258 esse
3127 2202 3402 2273 delapsos.

1837 2293 1993 2358 Quod
2022 2293 2070 2348 si
2101 2294 2244 2349 enim
2268 2293 2337 2347 ab
2357 2293 2464 2346 alio
2479 2293 2673 2364 quovis
2698 2295 3154 2364 opprimerentur,
3173 2311 3282 2349 non
3311 2311 3407 2350 eos

1837 2400 2133 2456 exsurgere
2199 2385 2454 2456 jnberet,
2513 2385 2610 2440 sed
2667 2393 2920 2456 argueret
2972 2387 3404 2456 opprimentem;

1839 2492 1986 2532 nunc
2012 2493 2142 2532 vero
2176 2493 2300 2532 cum
2334 2478 2615 2534 voluntate
2641 2493 2739 2535 sua
2765 2478 2820 2532 in
2856 2478 3014 2534 malis
3043 2479 3404 2548 detineantur,

1839 2579 1898 2626 ut
1939 2582 2236 2642 exsurgant
2270 2582 2394 2643 apte
2426 2573 2636 2628 suadet.

1911 2663 2080 2721 Vens.
2112 2665 2167 2720 2.
2205 2663 2487 2720 Pulverem
2521 2674 2736 2733 excute,
2763 2675 2816 2722 et
2851 2667 3064 2736 abjice,
3110 2683 3270 2738 quem
3319 2683 3412 2722 ca-

1840 2755 1976 2811 dens
2021 2755 2321 2826 collegisti;
2370 2765 2424 2811 et
2474 2757 2676 2828 quibus
2749 2759 3030 2828 temetipse
3071 2759 3407 2825 devinxisti,

1841 2848 1990 2904 solve
2018 2848 2267 2914 vincula,
2308 2857 2472 2904 exuto
2514 2850 2650 2922 jugo
2677 2851 2765 2904 cui
2811 2850 3015 2905 collum
3045 2858 3200 2906 tuum
3235 2853 3410 2907 liben-

1841 2949 1925 2996 ter
1950 2939 2301 3010 subjeceras;
2329 2941 2403 2994 ita
2431 2956 2592 3011 quam
2619 2941 2718 2996 tibi
2765 2956 3148 3013 promerueras
3183 2944 3411 3014 captivi-

1843 3043 2008 3090 tatem
2033 3049 2128 3104 per
2159 3035 2528 3104 paenitentiam
2561 3035 2760 3090 solves.
2794 3033 2913 3089 Non
2938 3037 3080 3090 enim
3116 3037 3269 3102 olim,
3306 3052 3415 3092 azre

1843 3135 2091 3197 accepto,
2121 3141 2154 3181 a
2183 3142 2272 3181 me
2313 3126 2614 3181 venundati
2655 3127 2790 3181 estis
2814 3169 2830 3194 ,
2871 3126 2968 3182 sed
3006 3135 3227 3197 propter
3268 3129 3414 3196 ipso-

1842 3233 1963 3270 rum
1993 3227 2172 3271 vestra
2204 3225 2462 3286 peccata;
2494 3232 2614 3286 quae
2640 3225 2819 3271 tamen
2853 3217 3234 3287 paenitentiam
3260 3233 3418 3290 agen-

1844 3309 1990 3363 tibus
2018 3308 2318 3378 ignoscam,
2343 3316 2396 3362 et
2424 3309 2522 3364 vos
2553 3307 2621 3363 de
2650 3308 2966 3379 captivitate
2993 3309 3283 3364 revocabo.

1912 3489 2081 3546 Vens.
2139 3490 2191 3544 4.
2243 3488 2354 3545 Vos
2407 3490 2675 3546 violenter
2728 3492 2782 3546 in
2839 3491 3097 3562 Assyrios
3148 3492 3416 3550 abductos

1845 3583 2017 3638 fuisse
2051 3599 2170 3637 meo
2214 3583 2433 3654 quidem
2472 3585 2763 3654 permisso,
2792 3593 2969 3639 vestra
3023 3593 3205 3641 autem
3256 3586 3417 3657 culpa

1845 3677 2050 3732 factum
2079 3686 2198 3744 est;
2229 3694 2339 3732 non
2367 3677 2510 3732 enim
2535 3693 2633 3733 vos
2658 3678 2766 3733 illis
2801 3677 3172 3745 tradidissem,
3191 3681 3297 3736 nisi
3321 3697 3417 3737 vos

1843 3771 1998 3841 prius
2050 3778 2274 3841 peccata
2319 3777 2501 3825 vestra
2557 3771 2966 3841 prodidissent;
3019 3788 3181 3844 quam
3239 3773 3416 3830 facilis

1843 3875 2022 3918 autem
2051 3863 2122 3918 sit
2149 3863 2217 3917 ab
2248 3862 2370 3917 istis
2410 3862 2660 3918 liberatio
2683 3904 2698 3928 ,
2736 3865 3019 3920 conversis
3065 3865 3284 3935 animis,
3312 3881 3411 3922 ex-

1843 3955 2146 4025 pericmini.

1843 4055 1877 4118 ε
1919 4047 2088 4102 Vi-zns.
2121 4048 2172 4101 5.
2215 4046 2408 4100 Nonne
2435 4060 2522 4101 me
2551 4045 2865 4116 Rhapsaces
2889 4047 3206 4104 debiliorem
3227 4052 3389 4106 existi
3408 4080 3421 4092 -

1845 4140 2013 4195 mavit
2047 4139 2242 4204 idolis,
2275 4154 2396 4209 quae
2446 4138 2590 4209 apud
2639 4147 2827 4210 gentes
2875 4141 2952 4195 dii
3001 4140 3307 4197 habentur?
3343 4143 3421 4200 Ne

1847 4248 1944 4288 vos
1989 4231 2228 4302 decipiat
2270 4229 2514 4318 Ezecias,
2560 4231 2770 4286 aiebat:
2809 4250 2833 4300 «ν
2857 4232 3114 4304 Nunquid
3143 4251 3241 4291 vos
3278 4235 3422 4293 Dens

1846 4331 2027 4380 vester
2083 4322 2345 4380 erueret?
2407 4321 2666 4394 Nunquid
2716 4334 2979 4379 eruerunt
3026 4326 3101 4380 dii
3154 4330 3415 4396 gentium,

1849 4418 2228 4488 unusquisque
2263 4433 2417 4474 suam
2462 4417 2741 4487 regionem
2775 4419 2864 4470 ”?
2901 4438 2919 4470 ›
2951 4416 3179 4488 Propter
3210 4435 3308 4476 vos
3345 4421 3421 4474 ita

171 4519 324 4587 ὑμεῖς
347 4517 514 4572 αἴτιοι
539 4514 836 4584 γεγένησθε
854 4555 869 4580 ,
907 4510 1199 4585 μοχθηροῖς
1223 4509 1377 4580 ἤθεσι
1403 4508 1737 4571 κωλύσαντες

1858 4511 2124 4566 deridetur
2159 4516 2211 4564 et
2242 4527 2260 4559 ‹
2308 4507 2715 4578 blasphematur
2763 4523 2960 4564 nomen
2995 4524 3174 4564 meum
3200 4549 3216 4574 ,
3275 4528 3294 4559 ι
3324 4513 3420 4580 qui

173 4626 237 4677 με
275 4607 635 4680 εὐεργετῆσαι
666 4606 831 4674 ὑμᾶς.

242 4701 352 4770 Τὴν
385 4703 446 4754 ἐν
466 4701 580 4758 τοῖς
623 4695 760 4766 μετὰ
791 4693 962 4748 ταῦτα
996 4689 1284 4759 ἐπίσκεψιν
1313 4687 1406 4742 τοῦ
1438 4689 1566 4742 λαοῦ
1601 4687 1749 4757 δηλοῖ

169 4788 256 4842 διὰ
274 4789 383 4843 τῶν
409 4786 737 4858 λεγομένων·
761 4785 884 4855 ἥτις
906 4783 999 4836 καὶ
1028 4780 1299 4852 παρουσία
1319 4779 1545 4842 δικαίως
1568 4777 1632 4831 ἂν
1661 4777 1748 4830 λέ-

171 4897 335 4948 γοιτο·
366 4881 430 4935 οὑ
451 4881 550 4950 τῆς
573 4877 760 4940 οὐσίας
785 4875 948 4930 αὑτοῦ
971 4874 1136 4927 τόπον
1155 4875 1220 4926 ἐκ
1239 4873 1406 4926 τόπου
1433 4870 1745 4942 μετιούσης,

173 4973 307 5026 ἀλλά
331 4974 434 5043 τῆς
466 4969 745 5042 ἐνεργείας
782 4966 1082 5038 καταδήλου
1121 4965 1433 5034 γινομένης·
1474 4963 1595 5014 τότε
1639 4961 1748 5032 γὰρ

173 5067 269 5118 καὶ
310 5068 563 5138 παρεῖναι
611 5065 742 5134 ἡμῖν
784 5061 1000 5129 λέγεται
1045 5060 1073 5111 ό
1117 5057 1268 5120 Θεὸς,
1311 5056 1386 5109 ὅτ’
1421 5053 1487 5108 ἂν
1525 5053 1748 5122 ἑαυτοὺς

176 5157 308 5227 πρὸς
349 5157 413 5210 τὸ
445 5153 799 5218 ὑποδέξασθαι
829 5149 992 5205 αὐτὸν
1021 5149 1204 5213 ἀξίους
1238 5149 1602 5218 ἀποφήνωμεν
1640 5146 1750 5207 τοῖς

176 5248 357 5312 καλοῖς
394 5249 599 5320 ήθεσιν·
633 5246 818 5316 ὥσπερ
856 5240 948 5297 οῦν
981 5245 1222 5308 ἀπεῖναι,
1267 5237 1748 5311 μεταϐαλλομένων

179 5343 255 5403 εἰς
299 5341 388 5409 τὸ]
404 5337 678 5402 ἐναντίον,
725 5338 799 5407 μὴ
842 5331 1256 5405 εὐδοκιμοῦντος
1299 5329 1748 5386 ἐπαναπαύεσθαι

181 5431 306 5498 ὑμῖν
338 5431 427 5484 διά
445 5430 514 5484 τὰ
540 5427 787 5500 μοχθηρά
821 5427 976 5496 ὑμῶν
1006 5426 1134 5496 ήθη.

255 5521 340 5583 Ὠς
364 5523 473 5593 γὰρ
508 5520 806 5590 κατάδηλον
831 5520 942 5580 τοῖς
980 5518 1144 5570 πᾶσιν
1178 5517 1210 5585 ή
1243 5515 1361 5587 ὥρα
1387 5514 1487 5585 τῆς
1512 5512 1746 5585 ἡμέρας,

181 5613 298 5665 καθ’
322 5615 386 5681 ἢν
408 5613 686 5682 ἐκλάμψας
712 5615 741 5664 ὁ
770 5609 919 5680 ἥλιος
947 5607 1290 5679 καταλάμψει
1322 5607 1498 5662 πάντα
1529 5605 1598 5660 τά
1623 5605 1746 5676 ὅρη·

246 5795 373 5848 υιγ
407 5795 536 5866 Reg.
569 5809 686 5855 χιι,
723 5791 811 5853 32,
851 5790 938 5842 55.

574 5891 844 5948 Pnaon.
878 5883 994 5943 Gn.
1029 5881 1251 5943 XVIII.

1847 4604 2032 4675 pravis
2063 4602 2310 4656 moribus
2339 4601 2600 4656 beneficia
2632 4615 2752 4655 mea
2779 4616 2809 4654 a
2835 4600 2989 4654 vobis
3029 4601 3321 4670 depellitis.

1918 4697 2086 4752 Vsns.
2122 4696 2175 4751 6.
2207 4694 2418 4762 Quibus
2467 4695 2648 4750 verbis
2688 4694 2891 4750 indicat
2942 4694 3084 4752 Deus
3122 4711 3182 4750 se
3233 4696 3420 4768 papuli

1849 4803 2036 4844 curam
2071 4795 2260 4857 postea
2291 4802 2615 4857 gessurum;
2659 4785 2804 4857 quod
2847 4787 3012 4842 etiam
3046 4788 3238 4844 adesse
3273 4790 3420 4859 opti-

1850 4896 1936 4936 me
1967 4880 2186 4944 dicitur,
2211 4895 2320 4934 non
2345 4885 2662 4934 transeunte
2681 4894 2814 4934 sane
2843 4890 3037 4934 natura
3061 4881 3130 4934 ab
3159 4896 3270 4934 uno
3299 4881 3420 4936 loco

1849 4972 1907 5026 in
1945 4972 2110 5026 alium
2145 4971 2346 5034 locum,
2389 4970 2484 5026 sed
2519 4974 2625 5026 vim
2674 4986 2830 5026 suam
2860 4971 3204 5028 manifestius
3247 4973 3423 5028 decla-

1849 5074 2024 5119 rante.
2059 5063 2189 5118 Nam
2239 5071 2371 5117 tunc
2411 5077 2630 5133 quoque
2672 5063 2830 5117 nobis
2877 5065 3069 5120 adesse
3102 5063 3245 5120 Deus
3283 5063 3423 5118 dici-

1852 5162 1962 5217 tur,
2001 5154 2219 5223 quando
2259 5153 2418 5208 bonis
2475 5153 2717 5208 moribus
2779 5169 2880 5208 nos
2913 5154 3260 5222 suscipiendo
3312 5151 3424 5208 Deo

1849 5246 2045 5315 dignos
2071 5245 2418 5315 praebemus;
2459 5245 2533 5298 ita
2571 5250 2624 5299 et
2673 5244 2898 5307 abesse,
2938 5245 3158 5314 quando
3204 5260 3234 5298 a
3273 5255 3422 5300 recta

1849 5340 1937 5393 via
1959 5337 2371 5394 deﬁectentibus
2403 5338 2585 5400 nobis,
2614 5345 2834 5408 propter
2853 5337 3181 5406 depravatos
3213 5352 3418 5403 mores,

1849 5430 2199 5499 acquiescere
2226 5444 2335 5482 non
2373 5427 2645 5497 dignatur.

1924 5520 2090 5577 Vens.
2121 5520 2172 5576 7.
2199 5518 2663 5586 Quemadmodum
2717 5518 2808 5572 lux
2863 5518 2970 5573 diei
3002 5520 3255 5574 omnibus
3287 5533 3421 5574 con-

1853 5613 2101 5682 spieitur,
2120 5624 2228 5680 qua
2257 5609 2338 5664 sol
2370 5607 2630 5680 eﬁulgens
2663 5615 2876 5665 montes
2901 5615 3130 5665 cunctos
3156 5609 3417 5676 illustrat,

3035 5871 3107 5929 ιδ
