3792 6150
407 347 544 406 1355

1563 346 1912 406 TllEODOltl
1945 343 2469 403 HERACLEENSIS

3530 336 3674 394 1356

405 469 480 521 ita
520 466 974 537 splendidus'erit
1009 477 1063 523 et
1098 467 1331 525 illustris
1371 481 1527 524 meus
1557 468 1626 523 ad
1654 482 1756 524 vos
1779 466 1969 523 adven-

2149 481 2257 528 τως
2311 462 2524 535 φανερά
2563 464 2657 516 καὶ
2689 461 2931 526 ἐπίδοξος
2974 459 3127 514 ἔσται
3182 460 3216 530 ή
3251 458 3378 528 παρ’
3404 454 3547 527 ἐμοῦ
3593 458 3673 520 είς

405 569 527 626 tus,
572 567 722 615 tanta
752 576 851 617 vos
909 562 1093 617 laetitia
1153 569 1208 617 et
1262 560 1629 617 exsultatione
1658 560 1983 616 eﬁ'eremini.

404 650 526 719 Quo
558 653 742 708 studio
770 655 1016 709 auditum
1041 654 1193 724 pacis
1224 661 1278 708 et
1300 652 1579 708 felicitatis
1610 654 1985 724 accepissetis,

405 758 473 798 eo
500 745 729 801 salutem
760 746 917 801 vobis
950 746 1390 816 evangelizantes
1421 746 1768 817 suscipietis,
1804 747 1877 801 ita
1903 754 1983 811 ut,

403 836 518 892 vita
533 844 715 892 vestra
743 838 1302 908 sapientiusinstituta
1321 878 1335 902 ,
1367 853 1462 893 rex
1491 845 1673 894 vester
1698 839 1881 893 vocari
1902 837 1987 892 di-

405 942 559 997 gner.
595 927 692 981 llic
723 927 955 983 miratur
1002 944 1221 999 quoque
1252 931 1479 1000 spiritus
1507 929 1861 1000 propheticus
1892 944 1972 1000 pe-

404 1016 860 1087 des'praaconum
909 1017 1263 1090 Evangelium
1313 1020 1749 1091 praedicantium,
1785 1021 1984 1090 quibus

404 1118 593 1180 gentes
631 1117 859 1166 cunctas
892 1111 1227 1181 perlustrati,
1276 1112 1559 1167 deﬁnitum
1598 1112 1701 1167 sibi
1735 1112 1986 1167 curricu-

402 1200 519 1255 lum
542 1201 917 1258 confecerunt.
957 1202 1149 1258 Lucidi
1170 1212 1329 1260 erant
1353 1205 1519 1275 pedes
1550 1220 1763 1273 eorum,
1798 1214 1986 1276 utpote

401 1292 500 1362 qui
539 1294 755 1349 fuerant
784 1296 853 1351 ab
883 1296 1002 1367 ipso
1042 1295 1327 1352 Salvatore
1374 1297 1490 1351 loti.
1553 1295 1729 1368 Super
1765 1305 1980 1353 montes

403 1381 533 1439 ferri
561 1384 841 1451 dicuntur,
865 1394 1087 1459 propter
1107 1389 1481 1459 praestantiam
1513 1395 1566 1442 et
1593 1388 1983 1446 sublimitatem

401 1477 731 1547 evangelica:
760 1477 1046 1534 doctrinae.
1074 1477 1271 1534 Pacem
1310 1479 1775 1549 cvangelizahant.
1794 1495 1983 1551 pacem

400 1567 609 1624 scilicet
647 1584 773 1624 cum
827 1569 938 1625 Deo
977 1571 1369 1641 praedicantes,
1423 1572 1493 1626 ab
1552 1572 1809 1629 omnibus
1868 1581 1982 1627 tum

400 1670 599 1725 prope,
645 1663 760 1711 tttm
808 1659 1001 1727 procul
1053 1658 1122 1714 de
1174 1661 1429 1731 gentibus
1476 1661 1893 1731 excipiendam;
1927 1671 1982 1718 et

399 1746 679 1804 Christum
720 1747 816 1805 Dei
840 1752 1310 1820 commendantes,
1341 1754 1435 1823 qui
1464 1753 1642 1809 divisa
1696 1758 1755 1809 in
1808 1771 1979 1810 unum

400 1842 725 1913 conjunxit,
763 1853 816 1901 et
850 1861 1067 1901 murum
1101 1847 1418 1903 medianum
1453 1850 1839 1921 separationis,
1874 1850 1982 1906 ini-
2012 1825 2053 1881 Β

398 1935 639 1992 micitias
671 1951 864 2008 nempe
902 1953 1117 2007 omnes,
1164 1944 1221 1994 in
1260 1955 1428 1997 carne
1457 1955 1557 1996 sua
1586 1941 1769 1997 solvit.

475 2110 638 2168 Vens.
676 2114 761 2169 11.
795 2112 866 2171 Ut
894 2115 1095 2172 animis
1126 2119 1242 2174 suis
1263 2127 1556 2184 consulant
1588 2119 1839 2176 hortatur
1858 2135 1979 2188 eos,

399 2204 685 2263 aﬂ'eetibus
740 2209 924 2279 pravis
972 2219 1028 2265 et
1083 2210 1394 2267 Chaldaicis
1445 2212 1767 2280 immutatis,
1795 2216 1979 2286 potius

401 2312 566 2368 quam
594 2298 768 2367 locis;
802 2315 869 2356 ne
901 2299 1097 2356 iisdem
1142 2302 1392 2359 moribus
1441 2303 1801 2359 immorentur
1851 2320 1980 2361 sua-

397 2386 509 2454 det,
528 2387 731 2458 quibus
760 2389 935 2445 donec
964 2389 1311 2461 indulserint,
1336 2392 1606 2447 immundi
1625 2394 1976 2455 videbuntur.

466 2586 636 2643 Vens.
698 2588 785 2643 15.
844 2586 1021 2660 Reges
1073 2588 1289 2659 placido
1345 2588 1625 2660 tacitoque
1678 2605 1775 2646 ore
1806 2589 1978 2647 Deum

396 2679 718 2736 adorabunt.
756 2679 897 2735 Caeci
929 2680 1152 2751 quidem
1185 2681 1548 2736 remanebunt
1586 2688 1641 2737 et
1689 2682 1976 2749 indociles,

393 2773 487 2844 qui
518 2773 687 2844 legem
730 2780 1092 2843 acceperant,
1131 2779 1185 2828 et
1224 2772 1481 2828 vaticinia
1528 2774 1819 2830 audierant
1850 2791 1979 2846 pro-

390 2866 705 2934 phetarum,
748 2872 803 2918 et
832 2865 1151 2935 prophetias
1181 2875 1553 2936 cognoverant
1595 2867 1663 2923 de
1694 2867 1978 2927 Salvatore

390 2955 665 3025 prolatas;
706 2962 896 3025 gentes
932 2965 1148 3021 contra,
1190 2957 1391 3026 quibus
1422 2958 1558 3012 nihil
1589 2961 1974 3016 annuntiatum

391 3046 495 3101 fuit
526 3062 629 3104 nec
676 3041 996 3114 revelatum,
1026 3049 1159 3103 Esola
1192 3048 1295 3104 ﬁde
1328 3049 1420 3105 Dei
1451 3051 1741 3106 scientiam
1779 3069 1976 3111 conse-

2088 557 2234 627 ὑμᾶς
2257 558 2419 627 ροπήο
2454 558 2628 627 χαρᾶς
2658 571 2719 607 τε
2753 554 2849 608 καὶ
2878 551 3245 622 ἀγαλλιάσεως
3272 548 3416 605 οῦτω
3449 548 3673 620 πληρω·

2087 647 2340 719 θήσεσθε·
2372 647 2623 718 καθάπερ
2651 645 2751 718 τὴν
2781 642 2951 715 ἀκοὴν
2972 642 3253 715 εἰρηνικήν
3272 658 3333 693 τε
3360 639 3460 694 καὶ
3481 640 3674 711 ἡδεῖαν

2084 739 2412 812 δεχομένοις,
2445 738 2587 793 οὕτω
2619 754 2681 792 τε
2719 735 3042 804 ἐξάκουστος
3073 734 3227 788 ἔσται
3253 732 3552 805 ήύμετέρα
3581 731 3676 784 λύ-

2084 850 2307 905 τρωσις,
2341 833 2432 887 καὶ
2468 832 2694 893 ἑαυτοὺς
2730 828 3026 884 ὲπιδώσετε
3067 828 3202 899 πρὸς
3240 824 3553 896 διόρθωσιν,
3600 822 3677 885 ὡς

2085 926 2181 977 καὶ⁵
2207 925 2307 996 ἐμὲ
2331 924 2496 977 αὐτὸν
2528 922 2751 993 βασιλέα
2779 921 2934 992 ὐμῶν
2963 919 3097 987 ἀξιῶ
3136 917 3437 971 καλεῖσθαι.
3468 945 3540 956 —-
3585 912 3675 966 Ἐν

2085 1018 2296 1081 τούτοις
2324 1017 2386 1069 τὸ
2416 1015 2634 1085 πνεῦμα
2665 1013 2727 1068 τὸ
2750 1012 3114 1086 προφητικὸν,
3139 1010 3247 1064 τῶν
3280 1007 3544 1081 κηρύκων
3577 1006 3674 1060 τοῦ

2085 1109 2418 1179 Εὐαγγελίου
2440 1111 2565 1173 τοὺς
2595 1107 2759 1172 πόδας
2789 1105 3184 1177 ἀποθαυμάζει,
3207 1104 3273 1156 δι’
3300 1097 3375 1157 ὧν
3404 1100 3664 1170 πεποξην-

2085 1225 2175 1262 ται
2196 1207 2394 1280 δρόμον
2417 1205 2857 1278 ἐκπεριελθόντες
2881 1203 2979 1274 τὴν
3004 1204 3083 1265 είς
3108 1200 3282 1254 πάντα
3319 1199 3386 1253 τὰ
3412 1196 3546 1267 ἔθνη
3577 1212 3678 1248 πε-

2087 1300 2281 1373 ρίοδον·
2319 1299 2513 1371 ὡραῖοι
2546 1314 2608 1350 τε
2651 1295 2827 1350 αὐτῶν
2855 1292 2995 1367 ἦσαν
3017 1295 3067 1346 οἱ
3106 1292 3264 1355 πόδες
3292 1290 3381 1343 διά
3405 1290 3471 1342 τὸ
3502 1305 3676 1342 κεκα-

2085 1392 2303 1464 θάρθαι,
2326 1394 2401 1457 ὼς
2433 1391 2499 1446 ἂν
2524 1389 2619 1445 τοῦ
2645 1389 2898 1459 Σωτῆρος
2927 1387 3124 1450 αὐτοὺς
3162 1384 3547 1453 ἀπονίψαντος
3578 1384 3674 1438 ἐπὶ

2082 1482 2140 1537 δὲ
2175 1482 2345 1554 όρέων
2380 1480 2622 1552 ἔτρεχον,
2664 1479 2754 1534 διά
2788 1465 2851 1531 τὸ
2889 1477 3165 1549 μετέωρον
3200 1477 3292 1556 καὶ
3327 1474 3532 1545 ὑψηλὸν
3574 1474 3671 1528 τοῦ

2083 1575 2439 1646 εὐαγγελικοῦ
2494 1573 2869 1647 κηρύγματος
2916 1566 3142 1643 εἰρήνην
3187 1569 3244 1623 δὲ
3289 1567 3671 1639 κατήγγελλον

2082 1666 2409 1739 ἀνθρώποις,
2438 1665 2918 1736 εὐαγγελιζόμενοι
2959 1662 3058 1734 τὴν
3085 1661 3221 1733 πρὸς
3243 1660 3376 1715 Θεὸν
3405 1662 3668 1732 εἰρήνην,

2082 1760 2151 1832 ῆν
2191 1762 2304 1824 τοῖς
2347 1760 2565 1831 μακρὰν
2608 1758 2702 1812 κει.)⁵
2742 1759 2856 1820 τοῖς
2892 1758 3060 1825 ὲγγύς
3100 1753 3540 1825 εὐηγγελίζοντο,
3576 1752 3671 1822 δη-

2081 1849 2300 1914 λοῦντες
2320 1850 2411 1903 τὸν
2441 1835 2677 1918 Χριστὸν
2704 1846 2799 1900 τοῦ
2829 1845 2965 1899 Θεοῦ
2993 1845 3086 1898 τὸν
3120 1845 3421 1914 ποιήσαντα
3458 1840 3528 1896 τὰ
3558 1843 3669 1913 ep.-

2082 1948 2284 2018 φότερα
2311 1945 2389 2010 ἓν,
2420 1946 2515 1998 καὶ¹
2545 1944 2606 1997 τὸ
2638 1943 2950 2014 μεσότοιχον
2981 1940 3076 1993 τοῦ
3110 1935 3368 2010 φραγμοῦ
3400 1935 3665 2001 λύσαντα,

2081 2038 2181 2106 τὴν
2206 2037 2427 2111 ἔχθραν,
2462 2038 2520 2090 ὲν
2543 2037 2611 2106 τῇ
2636 2034 2800 2106 σαρκὶ
2826 2032 3012 2088 αὐτοῦ.

2149 2130 2401 2203 Ψυχικὴν
2432 2129 2629 2192 αὐτοὺς
2658 2127 2976 2198 ἐπιμέλειαν
3012 2123 3221 2178 ἑαυτῶν
3255 2121 3532 2176 ποιεῖσθαι
3559 2137 3665 2175 m-

2080 2222 2458 2296 ‘paxsleuavatt,
2496 2222 2588 2276 καὶ
2618 2220 2724 2292 πρὸ
2750 2220 2859 2273 τῶν
2890 2219 3071 2272 τόπων
3099 2215 3528 2288 μετανίστασθαι
3556 2214 3665 2267 τῶν

2084 2316 2375 2389 μοχθηρῶν
2390 2314 2575 2386 ίδεῖν(1
2590 2314 2638 2383 1)
2657 2314 2749 2367 καὶ⁵
2770 2310 3109 2373 Χαλδαϊκῶν,
3131 2309 3316 2381 καὶμὴ
3341 2307 3664 2379 μολύνεσθαι

2080 2412 2140 2464 ὲν
2174 2408 2401 2473 ἐκείνοις
2432 2410 2549 2471 τοῖς
2573 2405 2780 2478 ἤθεσιν,
2817 2406 2874 2458 ὲν
2907 2400 2989 2467 οἷς
3029 2402 3255 2465 ἑαυτοὺς
3286 2398 3662 2464 ὲνδεδωκότες,

2081 2499 2379 2571 ἀκάθαρτοι
2407 2496 2754 2568 όφθήσονται.

2151 2592 2221 2645 Οἵ
2252 2608 2315 2645 τε
2339 2588 2575 2660 βασιλεῖς
2615 2586 2733 2659 μεθ’
2761 2586 2992 2658 ἡσυχίας
3020 2586 3114 2639 καὶ
3160 2584 3373 2654 σιωπῆς
3420 2599 3664 2653 προσκυι

2080 2685 2318 2748 νοῦντες,
2356 2681 2773 2752 τυφλωττόντων
2816 2680 2910 2733 καὶ
2942 2677 3190 2750 ἀνηκόων
3243 2677 3518 2747 μενόντων
3557 2676 3664 2728 τῶν

2080 2777 2176 2830 καὶ
2218 2775 2381 2846 νόμον
2411 2772 2722 2843 δεξαμένων
2767 2773 2861 2825 καὶ
2902 2769 3197 2841 προφητῶν
3232 2769 3664 2841 προαγορεύσεις

2079 2864 2523 2929 ὲπακουσάντων,
2558 2863 2653 2917 καὶ
2684 2861 2783 2925 τὰς
2815 2862 2944 2931 περὶ
2987 2857 3083 2912 τοῦ
3133 2858 3389 2929 Σωτῆρος
3445 2874 3662 2929 προφη-

2077 2958 2227 3023 τείας
2273 2956 2592 3027 ἐγνωκότων
2617 2972 2630 2985 ·
2684 2954 2792 3007 τῶν
2839 2952 2897 3005 δὲ
2939 2950 3107 3005 ὲθνῶν
3151 2950 3260 3003 τῶν
3304 2950 3477 3021 μηδὲν
3526 2951 3663 3021 μήτε

2078 3052 2401 3124 ἑωρακότων
2444 3050 2581 3120 μήτε
2611 3045 2946 3118 ἀκηκοότων,
2983 3043 3143 3114 μόνον
3174 3041 3232 3094 δὲ
3272 3042 3458 3093 πίστει
3492 3057 3665 3112 προσ-

388 3147 658 3211 quentur,
698 3147 752 3195 et
780 3154 971 3194 eorum
1021 3155 1144 3211 quae
1182 3139 1328 3198 Deus
1382 3141 1452 3198 de
1499 3144 1783 3217 unigenito
1834 3145 1969 3202 Filio

2149 3143 2493 3216 Ξραμηκότων
2538 3141 2617 3202 εἰς
2651 3138 2748 3210 τὴν
2780 3134 3131 3206 θεογνωσίαν,
3166 3134 3261 3187 καλ⁵
3285 3134 3367 3196 εἱς
3399 3132 3503 3205 τὴν
3536 3133 3665 3203 περὶ

389 3248 493 3289 suo
517 3233 807 3305 disposuit.

460 3323 590 3380 CAP.
623 3323 760 3389 Llll,
788 3323 956 3381 Vsus.
997 3325 1048 3392 1,
1076 3325 1143 3390 2,
1202 3326 1256 3381 5.
1314 3325 1451 3394 Quis
1509 3328 1740 3385 credat?
1791 3332 1974 3387 innuit

386 3417 673 3489 propheta.
719 3416 820 3473 Cui
879 3418 1214 3475 revelabitur
1262 3419 1513 3476 doctrina
1567 3422 1636 3478 de
1691 3424 1972 3496 unigenito

385 3506 484 3565 Dei
532 3504 708 3563 Filio?
735 3508 994 3565 Eamdem
1041 3524 1144 3565 nos
1177 3512 1334 3581 quasi
1368 3513 1658 3584 parvulum
1706 3514 1967 3572 humilem

386 3598 820 3671 descripsimus,
885 3602 1045 3672 quasi
1107 3602 1349 3658 radicem
1408 3605 1695 3661 deliciente
1740 3606 1971 3664 humore

386 3700 746 3748 attenuatam.
802 3691 936 3747 Tam
969 3693 1193 3751 humilis
1232 3694 1481 3765 profecto
1531 3698 1580 3750 ei
1628 3698 1873 3768 species,
1907 3708 1968 3754 ut

385 3801 513 3841 cum
540 3787 690 3841 nulla
722 3787 826 3840 alia
858 3784 1098 3842 conferri
1137 3788 1335 3858 possit,
1367 3795 1426 3842 ut
1457 3788 1682 3844 minime
1709 3791 1965 3846 virtutem

385 3879 535 3933 illam
568 3880 762 3935 decere
810 3878 1084 3945 videatur,
1114 3895 1223 3950 qua
1284 3886 1364 3934 tot
1403 3894 1467 3936 ac
1517 3888 1668 3936 tanta
1716 3884 1964 3956 prodigia

381 3971 529 4027 edita
570 3969 810 4025 fuerunt.

459 4060 623 4117 Vsus.
649 4063 701 4117 5.
731 4060 1149 4133 Ingravescente
1168 4064 1224 4118 in
1248 4063 1367 4118 dies
1388 4063 1669 4118 hominum
1695 4066 1961 4136 nequitia,

381 4161 439 4212 et
498 4154 633 4209 nihil
684 4155 1012 4210 intentatum
1046 4154 1537 4226 intemeratumque
1581 4157 1958 4229 relinquente.

382 4260 545 4318 pmna
577 4261 678 4302 nos
729 4253 785 4300 et
823 4244 1057 4300 vindicta
1106 4247 1379 4302 manebat.
1434 4246 1567 4313 Quae
1612 4264 1743 4304 vero
1800 4252 1963 4309 nobis

383 4339 581 4394 merita
636 4340 895 4407 supplicia
974 4337 1310 4409 unigenitum
1361 4337 1598 4394 Verbum
1660 4340 1714 4395 in
1757 4352 1960 4398 terram

381 4439 628 4488 nostram
656 4430 960 4501 delapsum,
987 4429 1155 4501 legem
1186 4445 1404 4485 omnem
1441 4439 1495 4486 et
1528 4432 1800 4501 justitiam
1837 4451 1958 4504 per-

2081 3234 2173 3290 τοῦ
2208 3230 2528 3306 μονογενοῦς
2560 3228 2691 3284 Υἱοῦ
2721 3227 2816 3283 τοῦ
2846 3225 2982 3280 Θεοῦ
3012 3223 3337 3295 κατάληψιν.

2163 3328 2310 3381 Ἀντὶ
2341 3324 2457 3388 τοῦ,
2490 3324 2587 3388 Τίς
2621 3320 2900 3376 πιστεύσει
2926 3318 3022 3373 καὶ
3061 3319 3166 3370 τίνι
3199 3314 3662 3386 ἀποκαλυφθήσε-

2076 3435 2168 3475 ται
2200 3419 2228 3471 ὁ
2257 3418 2385 3488 περὶ
2413 3414 2506 3468 τοῦ
2541 3411 2860 3485 μονογενοῦς
2889 3408 3018 3464 Υίοῦ
3052 3409 3147 3462 τοῦ
3188 3407 3326 3461 Θεοῦ
3358 3407 3519 3476 λόγος
3547 3423 3564 3471 ;
3598 3409 3661 3460 Οἱ

2078 3511 2187 3584 γὰρ
2216 3512 2474 3583 ἡμέτεροι
2505 3509 2653 3577 λόγοι
2680 3506 2816 3579 πρὸς
2838 3505 2927 3558 τὸν
2950 3503 3111 3557 αὐτὸν
3138 3502 3414 3572 γινόμενοι
3442 3502 3664 3572 ὡστερ-

2077 3610 2127 3661 εὶ
2166 3604 2380 3659 παιδίου
2421 3600 2674 3664 εὐτελοῦς
2714 3596 2879 3669 εἶχον,
2909 3598 3005 3652 καὶ
3037 3595 3193 3668 ριζης
3220 3594 3393 3657 οὕτως
3421 3593 3617 3647 άτόνου
3638 3633 3657 3658 ,

2074 3700 2149 3763 ὡς
2178 3702 2234 3752 ἐν
2272 3698 2467 3751 σπάνει
2494 3694 2699 3758 νοτίδος
2728 3690 3098 3763 ἀποκειμένης
3118 3707 3133 3720 ι
3167 3688 3301 3744 αὐτὸ
3333 3688 3392 3740 δὲ
3429 3687 3495 3740 τὸ
3519 3684 3658 3750 εἶδος

2073 3790 2238 3846 αὐτοῦ
2266 3790 2438 3852 οῦτως
2470 3786 2704 3849 εὐτελὲς,
2731 3785 2807 3848 ὡς
2835 3783 2968 3837 πολὺ
2997 3780 3397 3854 ὑποϐεϐηκέναι
3423 3779 3527 3843 τὰς
3550 3779 3655 3832 τῶν

2072 3883 2275 3939 λοιπῶν
2319 3880 2489 3951 δέρεις,
2518 3880 2581 3933 οὐ
2612 3878 2719 3950 μὴν
2752 3876 2888 3930 ἀλλά
2939 3877 3032 3929 καὶ
3074 3874 3172 3946 τὴν
3225 3873 3512 3944 ἐνέργειαν
3557 3873 3653 3942 τῆς

2069 3976 2371 4047 δυνάμεως,
2396 3973 2464 4026 δι’
2492 3968 2559 4045 ἧς
2591 3970 2660 4025 τά
2693 3973 2892 4041 σημεῖα
2921 3967 3151 4021 ἐτελεῖτο

2156 4066 2509 4140 Ἀκμασάσης
2536 4064 2634 4135 τῆς
2672 4062 2779 4116 τῶν
2812 4060 3114 4132 ἀνθρώπων
3152 4058 3384 4121 κακίας,
3416 4058 3516 4110 καὶ
3549 4061 3651 4111 πᾶν

2069 4151 2209 4220 εἶδος
2262 4151 2747 4225 παρανομημάτων
2802 4147 3218 4219 ἐργασαμένης,
3264 4144 3511 4216 τιμωρία
3561 4147 3650 4197 καὶ

2069 4248 2290 4311 κόλασις
2348 4248 2659 4318 ἐπήρτητο·
2720 4242 2911 4313 ἥντινα
2966 4240 3123 4310 δίκην
3187 4236 3647 4309 χρεωστουμένην

2069 4341 2220 4410 ἡμῖν,
2269 4339 2297 4390 ὁ
2342 4334 2638 4408 μονογενὴς
2682 4331 2774 4387 τοῦ
2826 4330 2962 4385 Θεοῦ
2996 4331 3187 4398 Λόγος,
3224 4327 3395 4380 ἐλθὼν
3429 4328 3511 4391 εἰς
3558 4328 3648 4379 τὸν

2068 4428 2190 4481 καθ’
2217 4427 2363 4499 ἡμᾶς
2397 4427 2621 4497 κόσμον,
2653 4424 2747 4477 καὶ
2777 4423 2957 4477 πάντα
3009 4421 3195 4492 νόμον,
3230 4420 3326 4473 καὶ
3361 4420 3544 4472 πᾶσαν
3570 4417 3648 4470 δι-

380 4520 593 4585 ﬁcieus,
619 4535 842 4591 peccan
871 4535 995 4574 vero
1015 4520 1156 4577 nulli
1175 4520 1494 4578 obnoxium.
1525 4532 1721 4591 sponte
1748 4523 1955 4592 subiit;

2149 4520 2354 4591 ιοσύνην
2400 4517 2714 4590 πληρώσας,
2773 4514 3017 4586 ἁμαρτίᾳ
3074 4528 3134 4564 τε
3199 4511 3273 4582 μὴ
3330 4506 3642 4569 ὑποπεσὼν,

377 4629 447 4671 ea
483 4614 797 4675 voluntate,
834 4622 892 4666 ut
932 4611 999 4668 ὧι
1040 4613 1269 4685 ingratis
1322 4630 1422 4669 nos
1455 4622 1641 4685 gratos
1674 4614 1784 4670 Deo
1829 4617 1953 4673 red-

2149 4614 2240 4668 ιντὶ
2280 4612 2524 4682 δέχεται·
2558 4610 2626 4664 ἵν’
2667 4610 2798 4681 ἡμῖν
2831 4604 3109 4677 μεταϐάλῃ
3156 4605 3257 4676 τὴν
3308 4602 3535 4655 κόλασιν
3563 4603 3643 4663 εἰς

381 4703 536 4760 deret
555 4712 608 4758 et
637 4711 853 4757 amicos.
893 4700 1009 4773 Ipse
1055 4704 1279 4773 quidem
1314 4718 1505 4774 pmnas
1556 4720 1750 4763 omnes
1776 4716 1830 4762 et
1855 4724 1956 4779 op-

2150 4706 2281 4776 ἠνην
2306 4720 2365 4756 τε
2405 4703 2498 4757 καὶ
2525 4700 2839 4772 εὐμένειαν·
2868 4697 3034 4751 αὐτοῦ
3071 4696 3169 4765 μὲν
3189 4699 3254 4767 τῇ
3285 4694 3458 4767 πείρᾳ
3488 4693 3643 4746 ὑπελ-

380 4794 604 4866 probria
641 4809 742 4864 pro
789 4796 945 4849 nobis
980 4795 1230 4863 pertulit;
1272 4810 1373 4850 nos
1405 4806 1586 4851 autem
1639 4812 1734 4866 per
1795 4797 1955 4853 tidem

2149 4813 2245 4859 Ιτος
2281 4795 2381 4859 τάς
2410 4793 2596 4865 ὕϐρεις
2628 4792 2720 4845 καὶ
2760 4791 2859 4853 τὰς
2888 4789 3157 4854 κολάσεις,
3183 4785 3347 4858 ἡμῶν
3370 4784 3429 4838 δὲ
3462 4785 3639 4838 πξστει

2059 4887 2446 4959 οἰκειουμένων
2471 4885 2538 4938 τὰ
2564 4883 2730 4954 πάθη,
2756 4882 2849 4937 καὶ
2872 4880 3429 4951 συναποθνῃσκόντων
3460 4877 3637 4948 χάριτι

2061 4981 2155 5033 καὶ
2190 4979 2532 5048 σωζομένων.

2130 5070 2531 5145 Παραδεδόσθαι
2561 5068 2618 5121 δὲ
2648 5068 2811 5122 αὐτὸν
2839 5066 3075 5131 ἀκούων,
3111 5068 3184 5136 μὴ
3215 5064 3470 5133 ἀνάγκην
3503 5062 3633 5116 καθ-

2059 5165 2350 5228 υπόπτευε,
2383 5163 2443 5216 τὸ
2483 5162 2541 5215 δὲ
2581 5161 2825 5215 ἑκούσιον
2859 5160 2985 5215 νόει.
3013 5160 3125 5213 Καὶ
3156 5159 3267 5229 γὰρ
3305 5159 3335 5210 ὁ
3378 5156 3635 5209 ’Δπόστο-

379 4901 506 4941 cum
534 4901 599 4942 eo
630 4887 1012 4957 compatimur,
1042 4901 1139 4957 per
1175 4887 1405 4957 gratiam
1434 4902 1559 4941 cum
1586 4903 1652 4943 eo
1674 4890 1960 4944 commori-

378 4993 503 5033 mur
529 4987 584 5033 et
618 4979 911 5033 salvamur.

452 5069 618 5127 Vsus.
647 5071 701 5126 6.
735 5070 982 5126 Tradidit
1008 5088 1132 5127 eum
1161 5070 1324 5136 Deus,
1346 5079 1540 5142 sponte
1563 5073 1772 5128 scilicet
1800 5074 1953 5129 obla-

375 5171 514 5230 tum,
542 5177 653 5217 non
681 5164 732 5217 vi
763 5171 1035 5217 coactum.
1066 5161 1199 5217 Nam
1248 5163 1544 5234 Apostolus
1600 5178 1819 5234 quoque
1859 5178 1951 5219 ea-

373 5257 500 5313 dem
526 5270 661 5312 voce
701 5255 872 5310 utitur
902 5255 969 5308 ad
998 5255 1302 5312 libertatem
1327 5265 1380 5313 et
1403 5258 1739 5313 voluntatem
1770 5256 1947 5312 Patris

2181 5254 2259 5327 τῷ
2287 5255 2507 5326 ὀνόματι
2536 5252 2709 5325 τούτῳ
2737 5252 3021 5325 κέχρηται,
3056 5251 3345 5304 αὐθεντίαν
3373 5248 3472 5302 καὶ
3506 5246 3632 5318 βού-

373 5344 761 5403 όεεΙίιι-ιιηᾶοιη
788 5389 801 5403 .
840 5366 859 5401 ι
921 5347 1013 5403 Sic
1042 5349 1187 5405 enim
1226 5348 1369 5406 Deus
1428 5351 1622 5406 dilexit
1657 5350 1941 5416 mundum,

2149 5367 2205 5402 ·ιν
2239 5348 2452 5421 Πατρός
2485 5348 2730 5419 μηνύων
2774 5365 2793 5399 ι
2831 5345 2985 5400 Οὖτω
3012 5344 3122 5415 γάρ
3148 5345 3178 5396 ὁ
3216 5342 3347 5404 Θεὸς
3373 5341 3630 5411 ἠγάπησε

374 5450 433 5494 ιιι
471 5440 667 5497 Filium
697 5457 858 5498 suum
879 5442 1216 5514 unigenitum
1252 5444 1484 5501 traderet
1512 5460 1614 5519 pro
1645 5444 1888 5502 nobis”.
1916 5462 1934 5496 ι

2171 5443 2394 5513 κόσμον,
2430 5441 2569 5497 ὥστε
2596 5440 2687 5495 τὸν
2716 5438 2974 5511 μονογενῆ
3008 5436 3133 5490 Υἱὸν
3162 5433 3325 5489 αὐτοῦ
3357 5430 3631 5504 παραδοῐέ

440 5594 489 5627 ⁸³
507 5593 664 5649 Joan.
695 5613 778 5662 ιιι,
804 5599 893 5651 16.

448 5746 468 5806 ί
477 5746 560 5810 11)
590 5746 751 5806 Forte
779 5751 929 5806 ἰδεῶν
956 5752 1039 5806 vel
1067 5753 1226 5808 ἰδίων.
