3792 6150
171 359 296 415 i357

1602 351 1668 406 ΙΝ
1710 350 1966 408 ISAIAM.

3281 348 3416 418 ista

164 493 242 528 θαι
275 474 417 545 ὑπὲρ
452 472 628 544 ἡμῶν.
666 490 684 524 ι
735 471 946 526 Ἐκοντὶ
972 471 1148 524 τοίνυν
1177 465 1480 538 ὑπομείνας
1512 465 1582 519 τά
1628 470 1733 520 πά-

1852 469 2133 526 Cruciatus
2167 476 2350 525 autem
2403 475 2596 541 sponte
2635 477 2888 541 acceptos
2933 479 3112 529 metus
3155 477 3419 547 pertulit,

161 565 244 637 θη,
305 565 514 635 σιωπὴν
566 564 740 636 φέρει,
798 563 961 634 νόμον
1015 563 1145 633 ἡμῖν
1205 559 1485 630 ὑπομονῆς
1541 557 1732 611 ἐαυτὸν

156 658 364 729 παρεχό
371 671 552 728 μενος.

225 749 299 804 Τὸ
331 748 577 803 ἑκούσιον
605 747 700 800 τοῦ
742 747 994 816 Σωτῆρος
1040 747 1097 797 ἐν
1140 747 1208 815 τῇ
1253 730 1425 813 πείρα
1449 743 1557 794 τῶν
1591 742 1736 792 οἰκο-

153 840 503 913 νομουμένων
536 838 886 910 σημαίνεταιδ
923 837 998 900 ὼς
1030 837 1138 907 γὰρ
1168 834 1439 907 πρόϐατον
1469 833 1734 902 ἀγόμενον

155 937 234 997 είς
270 932 482 997 θυσίαν,
531 930 564 1002 ἢ
612 931 782 1002 ἀμνὸς
815 928 1058 983 ἐναντίον
1088 926 1181 980 τοῦ
1229 926 1504 996 κείροντος
1551 924 1732 990 αὑτὸν,

153 1026 369 1094 ἀνάγκῃ
423 1039 483 1075 τε
532 1021 888 1092 δαμαζόμενα
956 1021 1076 1074 οὑδέ
1131 1019 1430 1090 βληχᾶσθαι
1479 1019 1539 1070 τὸ
1591 1017 1736 1071 ἐνδό-

153 1132 312 1186 σιμον
367 1113 481 1184 ἔχει
516 1128 529 1143 ’
590 1111 764 1176 οὕτως
820 1113 981 1176 αὐτὸς
1056 1109 1196 1165 ἐκὼν
1253 1113 1310 1163 ἐν
1367 1108 1447 1180 τῷ
1505 1108 1733 1178 πάσχειν

151 1201 466 1256 ἀπεσιώπα.

221 1293 334 1364 Τὴν
367 1293 682 1364 παράνομον
719 1291 815 1346 καὶ
844 1292 1026 1346 ἄδικον
1059 1291 1236 1362 κρίσιν
1267 1289 1438 1362 δηλοῖ,
1471 1290 1568 1359 τῆς
1600 1289 1734 1359 άλη-

153 1385 303 1449 θείας
329 1384 649 1457 κρυϐείσης.
678 1385 789 1455 Τὴν
818 1384 957 1456 μετὰ
983 1385 1081 1455 τὴν
1110 1384 1402 1436 ἀνάστασιν
1432 1383 1731 1454 γενομένην

151 1476 331 1542 δόξαν,
363 1477 457 1530 καὶ
488 1477 586 1548 τὴν
614 1477 810 1548 ἐγγενῆ
837 1477 1001 1531 αὑτοῦ
1028 1476 1205 1542 ἀξίαν,
1234 1479 1302 1548 ἣν
1329 1480 1361 1549 ἡ
1392 1477 1498 1530 τῶν
1532 1481 1736 1532 οἰκονο-

155 1569 439 1642 μηθέντων
489 1569 735 1634 ὑπέδειξε
787 1573 975 1641 πεῖρα,
1023 1571 1108 1633 τίς
1157 1571 1309 1624 ἔσται
1361 1571 1546 1634 ἱκανὸς
1589 1571 1737 1642 λόγῳ

152 1664 389 1736 φράσαι;
420 1661 582 1715 αὑτοῦ
617 1662 716 1732 μὲν
749 1652 964 1732 θανάτῳ
1004 1661 1475 1732 ὑποϐαλλομένου,
1518 1663 1735 1715 πάντων

149 1754 206 1808 δὲ
247 1756 329 1818 είς
379 1754 686 1825 ἀφθαρσίαν
715 1754 898 1826 χάριτι
945 1753 1109 1808 αὑτοῦ
1139 1753 1611 1824 ζωοποιουμένων,
1641 1753 1736 1807 καὶ

153 1850 339 1902 πίστει
372 1847 776 1920 λυτρουμένων.
812 1845 1013 1910 Διττῶς
1043 1848 1274 1899 νοεῖται·
1313 1844 1469 1898 τοῦτο
1503 1845 1621 1916 μὲν,
1650 1845 1731 1898 ὃτι
1762 1825 1808 1884 Β

152 1941 375 2012 ἐδέησεν
405 1939 720 2009 ἀναγκαίως
743 1938 999 2008 γενέσθαι
1031 1937 1129 2008 τὴν
1154 1938 1458 2008 παρουσίαν
1487 1936 1580 1990 τοῦ
1616 1938 1730 1990 Σω-

151 2035 318 2106 τῆρος
355 2034 441 2088 διὰ
476 2033 544 2086 τὰ
579 2033 822 2104 ἡμέτερα
865 2033 1302 2102 παρανομήματα
1324 2046 1336 2058 ·
1368 2031 1470 2084 οὐκ
1512 2030 1578 2084 ἂν
1623 2029 1733 2100 γὰρ

154 2123 338 2196 χώραν
377 2123 533 2194 ἔσχεν
564 2125 599 2194 ἡ
631 2122 726 2176 τοῦ
767 2122 1016 2192 Σωτῆρος
1057 2120 1307 2192 ἐνδημία,
1341 2119 1502 2192 ἡμῶν
1555 2119 1630 2189 μὴ
1675 2121 1733 2172 ἐν

155 2215 520 2287 παρανομίαις
546 2212 941 2278 ἐξετασθέντων
966 2229 979 2243 ’
1019 2211 1178 2265 τοῦτο
1207 2213 1285 2277 δὲ,
1320 2213 1402 2265 ὅτι
1429 2211 1520 2264 ὑπ’
1553 2209 1733 2265 αὑτῶν

153 2307 260 2359 τῶν
290 2305 532 2377 ἀνομιῶν
562 2306 642 2368 είς
669 2305 761 2358 τὸν
797 2303 1024 2358 θάνατον
1051 2303 1213 2374 ῆχθη.

250 2399 390 2450 Οσον
415 2396 514 2468 μὲν
535 2391 670 2469 ἧκεν
701 2397 780 2459 εἰς
821 2395 1018 2466 ἑαυτὴν
1044 2395 1142 2466 τὴν
1163 2395 1343 2466 φωνὴν
1363 2395 1733 2462 ἀνεξετάστως

150 2486 593 2559 λαμϐανομένην,
621 2487 862 2558 κατάρας
895 2486 989 2538 καὶ
1021 2487 1118 2538 οὑκ
1143 2486 1389 2554 εὐλογίας
1422 2481 1560 2539 εἶναι
1588 2485 1733 2540 δοκεῖ

153 2579 420 2650 ἔμφασις·
476 2580 544 2651 ἢν
603 2578 661 2631 δέ
724 2595 808 2641 τις
855 2577 944 2630 τὸν
992 2577 1413 2648 ἐναποκείμενον
1465 2576 1590 2631 νοῦν
1637 2579 1733 2630 ἀν-

155 2673 386 2743 ιχνεύειν
439 2671 692 2743 ἐθελήσῃ,
738 2672 962 2741 εὑρήσει
1032 2670 1270 2739 πέλαγος
1322 2669 1732 2740 φιλανθρωπίας

155 2765 605 2836 ἐναποκείμενον·
643 2766 768 2828 τοὺς
817 2767 927 2836 γὰρ
976 2765 1244 2837 πονηροὺς
1295 2767 1390 2818 καὶ
1422 2766 1480 2817 ἐν
1519 2764 1732 2834 πλούτῳ

155 2858 451 2929 αὐχοῦντας
471 2860 565 2912 καὶ
586 2857 1140 2928 καταδεδικασμένους
1168 2856 1401 2928 θανάτῳ,
1427 2858 1550 2910 ὅσον
1573 2852 1729 2929 ἧκεν,

157 2952 219 3003 ἐκ
268 2950 377 3003 τῶν
426 2951 608 3014 αὑτοῖς
657 2949 1032 3021 εἰργασμένων
1089 2950 1332 3022 ῥύσεται,
1383 2950 1729 3012 πιστεύοντας

156 3042 246 3094 καί
288 3042 764 3113 παραδεχομένους
814 3041 906 3094 τὸν
937 3040 1162 3095 θάνατον
1210 3041 1305 3094 τοῦ
1335 3041 1626 3112 Σωτῆρος,
1673 3040 1733 3105 ὃς

157 3130 304 3186 ἱσται
357 3133 540 3194 αὑτοῖς
608 3130 1090 3202 ἀντικατάλλαγμα
1155 3130 1560 3202 καρπουμένοις
1611 3131 1732 3184 ἀντὶ

155 3225 330 3295 ταφῆς
354 3224 448 3277 καὶ
480 3222 710 3277 θανάτου
746 3221 890 3294 ζωὴν
913 3221 1128 3276 αἰώνιον
1156 3223 1251 3276 καὶ
1283 3221 1558 3294 ἄφθαρτον
1600 3221 1733 3276 ἀθα-

156 3317 364 3371 νασίαν.

225 3407 298 3460 Τὸ
356 3406 538 3460 ἄδικον
600 3405 957 3478 ἐμπαροινίαν
1007 3399 1102 3459 τοῦ
1151 3403 1396 3459 διαϐόλου
1443 3405 1613 3476 δηλοῖ,
1666 3403 1734 3475 ἣν

159 3499 248 3552 ἐπὶ
293 3498 390 3552 τοῦ
443 3499 699 3570 Σωτῆρος
737 3497 893 3568 ἡμῶν
931 3497 1270 3562 ἐπεδείξατο·
1309 3496 1578 3567 μηδεμιᾶς
1625 3494 1734 3568 γὰρ

160 3591 428 3664 ἁμαρτίας
458 3571 775 3664 εὑρεθείσης
805 3594 862 3643 ὲν
893 3593 960 3661 τῇ
993 3590 1134 3643 κατά
1168 3590 1344 3660 σάρκα
1376 3588 1542 3641 αὑτοῦ
1581 3587 1734 3640 πολι-

158 3685 293 3755 τείᾳ,
327 3683 442 3737 ἀλλ’
475 3683 857 3755 ἀναμαρτήτου
888 3681 1149 3752 μεινάσης
1176 3684 1276 3752 τῆς
1311 3681 1530 3752 σαρκὸς,
1565 3679 1736 3743 οὑτως

157 3774 230 3839 ὡς
262 3776 406 3831 κατὰ
437 3777 624 3846 ἐνόχου
654 3775 925 3847 ἁμαρτίας
953 3775 1251 3846 γενομένης
1284 3775 1460 3844 ἐπῆγε
1500 3773 1592 3827 τὸν
1642 3771 1737 3825 θά-

159 3883 339 3933 νατον,
369 3867 583 3930 δεικνὺς
628 3867 728 3938 τὴν
762 3866 957 3920 ἑαυτοῦ
1004 3865 1311 3936 ἀρχέκακον
1351 3865 1583 3917 κακίαν’
1618 3864 1734 3916 ἀνθ’

158 3952 232 4013 ὧν
288 3959 509 4030 εὔλογος
559 3959 826 4030 λύτρωσις
881 3958 1089 4026 γίνεται
1139 3961 1250 4020 τοῖς
1303 3957 1408 4010 ὑπὸ
1458 3955 1734 4027 ἁμαρτίαν

158 4051 471 4106 πίπτουσιν.

227 4146 440 4217 Ὥσπερ
483 4143 552 4198 τὰ
603 4147 733 4216 ἡμῖν
779 4143 1196 4216 χρεωστοὺμενα
1233 4142 1532 4212 παθήματα
1572 4141 1735 4205 αὑτὸς

157 4237 552 4307 ἀναδεξάμενος
595 4234 930 4307 ᾠκειώσατο,
964 4235 1107 4289 οὕτω
1150 4237 1244 4289 καὶ
1275 4235 1371 4305 τὴν
1403 4236 1468 4287 ἐκ
1500 4233 1736 4297 πίστεως

158 4329 448 4400 γινομένην
477 4330 609 4399 ἡμῖν
647 4328 916 4398 κάθαρσιν
949 4329 1110 4384 αὑτὸν
1140 4327 1383 4398 δεδέχθαι
1411 4327 1629 4395 φάσκει.
1666 4356 1738 4366 ——

169 4417 432 4472 Ἐνταῦθα
458 4419 602 4471 δόσιν
647 4420 708 4472 οὑ
749 4419 848 4490 τὴν
881 4419 940 4470 ὲν
968 4419 1182 4480 θυσίαις
1225 4419 1442 4486 φάσκει,
1473 4417 1609 4471 ἀλλά
1638 4418 1736 4490 τὴν

1840 569 1898 616 ιιι
1930 577 1988 616 se
2017 562 2175 617 nobis
2217 563 2360 617 velut
2392 565 2562 634 legem
2606 564 3200 636 patientiaaprazberet.

1908 737 2076 793 Vens.
2108 740 2162 792 7.
2195 739 2406 805 Quanta
2429 741 2709 797 voluntate
2738 741 2988 799 Salvator
3020 745 3412 817 redemptionis

1835 845 1976 900 opus
2016 831 2340 900 perfecerit,
2399 832 2624 887 indicat.
2690 832 3158 898 Quemadmodum
3191 837 3309 893 ovis
3342 839 3411 891 ad

1835 923 2112 978 victimam
2142 923 2341 980 ductus
2362 963 2378 988 ,
2413 932 2508 978 aut
2543 940 2718 996 agnus
2740 940 2927 980 coram
2959 928 3222 984 tondente
3240 929 3287 962 “
3315 945 3386 985 ne

1835 1016 2096 1072 cessitate
2127 1016 2288 1081 victi,
2347 1011 2581 1072 balandi'
2612 1019 2958 1075 occasionem
3005 1036 3116 1076 non
3168 1021 3409 1089 habent,

1835 1109 1910 1162 ita
1936 1109 2052 1179 ipse
2082 1108 2280 1164 mediis
2307 1109 2361 1162 in
2385 1111 2719 1166 cruciatibus
2752 1120 2946 1182 sponte
2978 1113 3124 1169 silet.

1911 1285 2080 1343 Vens.
2112 1287 2165 1342 8.
2200 1287 2448 1360 Iniquum
2479 1296 2535 1344 et
2579 1290 2845 1361 injustum
2874 1293 2991 1348 fore
3012 1293 3283 1363 judicium
3314 1295 3410 1350 dea

1835 1379 2042 1445 clarat,
2089 1381 2320 1436 veritate
2366 1397 2647 1451 Oppressa.
2691 1383 2932 1439 Gloriam
2983 1392 3107 1454 post
3155 1400 3410 1441 resurre-

1843 1473 2082 1528 ctionem
2110 1489 2142 1526 a
2167 1472 2387 1529 Christo
2409 1475 2657 1545 adeptam
2677 1513 2694 1541 ,
2724 1483 2778 1530 et
2811 1477 3050 1530 nativam
3080 1477 3200 1547 ejus
3229 1478 3408 1549 digni-6

1833 1571 2040 1631 tatem,
2085 1582 2206 1636 quae
2232 1568 2288 1622 in
2333 1567 2718 1624 lncarnatione
2756 1568 2989 1632 eﬂ'ulsit,
3036 1571 3161 1640 quis
3206 1574 3410 1641 poterit

1837 1671 2089 1712 sermone
2118 1659 2446 1728 complecti?
2481 1659 2695 1732 Quippe
2725 1663 2819 1731 qui
2838 1701 2853 1726 ,
2883 1671 3058 1718 morte
3083 1679 3405 1735 oppressus,

1836 1749 2092 1806 omnibus
2119 1751 2294 1821 gratia
2332 1767 2431 1806 sua
2461 1753 2632 1808 vitam
2676 1755 3037 1811 immortalem
3083 1757 3314 1827 largitur
3353 1774 3405 1813 e.

1835 1842 2088 1898 salutem.
2134 1841 2343 1914 Duplici
2375 1844 2443 1899 de
2483 1859 2650 1902 causa
2681 1846 2794 1901 haec
2823 1847 3083 1902 dicuntur
3115 1867 3129 1903 :
3163 1847 3406 1905 Primum

1837 1935 2058 2004 quidem
2089 1936 2218 2006 quia
2244 1946 2467 2006 pr0pter
2490 1948 2712 2008 peccata
2741 1947 2930 1994 nostra
2960 1939 3244 1996 Salvatore
3273 1942 3409 1996 indi-

1838 2043 2029 2098 gemus
2054 2067 2070 2092 ,
2103 2043 2206 2083 nec
2238 2027 2434 2084 fuisset
2466 2045 2564 2085 cur
2589 2032 2797 2086 veniret
2824 2025 3098 2098 Salvator,
3132 2032 3242 2089 nisi
3274 2049 3408 2104 pec-

1836 2121 1975 2175 catis
2001 2119 2298 2177 fuissemus
2318 2122 2530 2188 obruti';
2559 2123 2755 2179 deinde
2782 2124 2912 2196 quia
2946 2123 3016 2180 ab
3039 2125 3176 2198 ipsis
3202 2127 3408 2198 iniqui-

1837 2213 2043 2267 tatibus
2074 2213 2142 2268 ad
2166 2221 2396 2270 mortem
2426 2215 2628 2271 ductus
2651 2225 2778 2286 esu,

1911 2390 2077 2448 Vens.
2107 2392 2160 2448 9ι
2213 2393 2346 2460 Quae
2392 2394 2461 2449 ad
2509 2397 2737 2452 verbum
2802 2399 3215 2460 inconsiderate
3262 2405 3411 2460 acci—

1837 2485 2004 2554 pienti
2061 2487 2477 2544 maledictiones
2523 2503 2647 2545 esse
2691 2490 3044 2559 videbuntur,
3093 2510 3204 2550 non
3243 2495 3411 2552 bene-a

1836 2578 2120 2636 dictiones.
2145 2579 2303 2647 Quod
2329 2581 2375 2636 si
2395 2597 2525 2638 vero
2545 2584 2803 2640 latentem
2824 2593 3061 2642 mentem
3083 2589 3413 2661 investigare

1836 2674 2112 2740 volueris,
2167 2672 2518 2746 reperiesin
2568 2677 2673 2732 hoc
2715 2692 2970 2735 sermone
3017 2681 3413 2740 misericordia:

1836 2781 2124 2822 oceanum.
2164 2767 2300 2823 Nam
2339 2769 2608 2840 pessimos
2646 2779 2700 2825 et
2741 2769 2949 2827 divitiis
2980 2773 3313 2844 gloriantes,
3343 2790 3412 2830 ac

1836 2867 2012 2914 morte
2041 2859 2327 2917 damnatos
2351 2901 2367 2927 ,
2401 2872 2666 2932 quantum
2700 2862 2852 2920 ineo
2884 2865 3022 2928 erit,
3053 2866 3123 2921 ab
3150 2867 3411 2936 operibus

1837 2969 2030 3010 eorum
2088 2955 2378 3021 liberabit,
2411 2957 2708 3013 dummodo
2753 2960 2809 3012 in
2851 2961 3040 3030 ipsum,
3061 2961 3320 3027 credant,
3356 2971 3412 3016 et

1840 3046 2143 3103 Salvatoris
2167 3056 2397 3103 mortem
2419 3050 2716 3121 excipiant,
2746 3067 2867 3122 quae
2893 3053 3003 3108 illis
3024 3057 3248 3124 praxmio
3269 3055 3408 3122 erit;

1759 3185 1803 3244 α
1837 3157 1938 3212 pro
1971 3143 2253 3212 sepultura
2290 3157 2354 3198 ac
2401 3151 2580 3199 morte
2613 3148 2782 3198 vitam
2833 3155 3095 3202 mternam
3125 3156 3182 3203 et
3225 3150 3410 3204 incor-

1834 3235 2150 3305 ruptihilem
2182 3236 2650 3292 immortalitatem
2683 3238 2968 3310 largietur.

1904 3411 2114 3468 lndicat
2176 3413 2267 3468 hic
2337 3429 2501 3484 quam
2571 3416 2963 3474 contumeliose
3042 3417 3318 3493 diabolus;
3353 3440 3409 3478 tn

1837 3504 2169 3562 Salvatorem
2225 3508 2591 3564 debacchatus
2652 3509 2742 3562 sit.
2799 3509 2969 3575 Nam,
3026 3510 3155 3568 licet
3196 3516 3405 3572 nullum

1835 3609 2112 3670 repertum
2144 3601 2217 3656 sit
2246 3603 2302 3656 in
2323 3603 2532 3657 carnali
2559 3603 2680 3672 ejus
2714 3604 2823 3658 vita
2849 3616 3156 3676 peccatum,
3187 3617 3244 3664 et
3270 3625 3408 3680 pura

1834 3694 2194 3749 remansisset
2221 3695 2343 3764 ejus
2387 3710 2516 3749 caro
2551 3707 2715 3766 atque
2763 3699 3008 3769 integra,
3044 3699 3292 3756 diabolus
3320 3713 3408 3755 ta-

1835 3803 1960 3841 men
1995 3803 2120 3842 eum
2141 3827 2156 3851 ,
2194 3789 2342 3842 velut
2375 3797 2717 3858 peccatorem
2743 3833 2757 3857 ,
2791 3800 2966 3846 morte
3004 3791 3217 3859 affecit,
3251 3808 3407 3848 sum-

1836 3896 1980 3934 mam
2031 3897 2185 3935 suam
2215 3883 2512 3951 nequitiam
2560 3883 2868 3938 declarans.
2905 3883 3022 3948 Qua
3066 3886 3278 3941 ratione
3319 3886 3410 3955 ju-

1836 3990 1962 4043 gum
1990 3972 2221 4030 feliciter
2249 3977 2487 4030 solutum
2519 3983 2602 4032 est
2634 3987 2856 4046 peccato
2892 3977 3345 4060 inservientibus‘

1909 4155 2074 4210 Vens.
2112 4157 2199 4211 10.
2241 4155 2311 4211 Ut
2338 4157 2560 4211 meritas
2588 4157 2749 4212 nobis
2787 4173 2982 4228 pmnas
3012 4157 3118 4214 iste
3153 4157 3408 4215 Christus

1837 4251 2146 4321 suscipiens
2173 4266 2270 4321 pro
2301 4251 2460 4306 nobis
2495 4252 2739 4322 pertulit,
2772 4252 2847 4305 ita
2880 4253 3083 4306 dicitur
3106 4261 3160 4308 et
3191 4255 3409 4308 mundi-

1835 4344 1968 4397 tiam
1990 4382 2004 4408 ,
2040 4340 2201 4398 nobis
2230 4358 2327 4412 per
2359 4342 2516 4397 ﬁdem
2557 4344 2802 4414 adeptam
2824 4383 2838 4408 ,
2878 4343 2985 4399 Deo
3019 4346 3406 4414 acceptabilem

1838 4433 1974 4488 fore.
2003 4464 2076 4474 —
2103 4433 2204 4490 Hic
2232 4434 2349 4488 dari
2381 4434 2486 4489 sibi
2517 4433 2672 4505 jubet
2710 4451 2816 4489 non
2843 4436 3092 4489 victimas
3113 4475 3128 4498 ,
3165 4436 3261 4491 sed
3289 4437 3408 4490 cul-

159 4511 257 4563 σὺν
299 4510 552 4582 αἰσθήσει
601 4512 694 4565 καὶ
735 4511 991 4582 μετανοίᾳ
1016 4527 1029 4540 ·
1063 4511 1131 4579 ἣν
1163 4512 1220 4564 ἐν
1269 4513 1390 4572 ταῖς
1438 4509 1732 4580 ἁμαρτίαις

1852 4542 1953 4579 .um
1983 4527 2152 4580 animi
2178 4528 2384 4582 conscii
2426 4535 2480 4582 et
2524 4527 2784 4589 contriti,
2814 4543 2923 4595 quo
2957 4537 3276 4596 peccatores
3297 4545 3407 4582 non

156 4601 491 4673 ποιούμενοι,
546 4603 688 4656 ἴασιν
732 4602 977 4672 ἐδέχοντο
1021 4600 1276 4672 ψυχικὴν,
1329 4603 1390 4654 οὑ
1441 4603 1600 4672 μόνον
1635 4601 1733 4672 τὴν

156 4695 393 4748 ἐνταῦθα
421 4693 566 4766 ζωὴν
594 4695 806 4756 ἑαυτοῖς
835 4693 1367 4764 πραγματευόμενοι.

238 4785 459 4857 Ἐπειδὴ
487 4786 566 4840 ἐτι
597 4785 786 4856 κέρδος
830 4787 1034 4839 οἰκεῖον
1077 4787 1106 4838 ὁ
1149 4783 1444 4856 μονογενὴς
1486 4784 1614 4847 Υίὸς
1640 4783 1733 4837 τοῦ

155 4877 292 4931 Θεοῦ
345 4875 554 4930 τίθεται
597 4875 697 4946 τὴν
746 4874 1022 4946 ἡμετέραν
1073 4875 1370 4945 σωτηρίαν,
1417 4873 1604 4945 διόπερ
1645 4876 1737 4927 καὶ

158 4968 319 5040 σῶμα
351 4966 602 5031 ἀνέλαϐε,
657 4967 752 5020 καὶ
803 4966 872 5019 τά
912 4966 1054 5038 ὑπὲρ
1115 4967 1271 5037 ἡμῶν
1295 4964 1502 5036 ὑπέστη
1538 4965 1683 5029 πάθη
1719 4981 1733 4995 ·

157 5059 470 5127 ἀναγκαίως
510 5059 605 5112 καὶ
657 5059 815 5111 πόνον
853 5057 1017 5112 αὑτοῦ
1071 5055 1416 5128 ἀφαιρεῖσθαι
1465 5057 1661 5124 φάσκει
1709 5058 1738 5108 ό

156 5148 322 5202 αὑτοῦ
353 5149 541 5218 Πατὴρ
583 5147 682 5219 τὴν
715 5149 992 5218 ἡμετέραν
1026 5147 1169 5200 ἴασίν
1214 5163 1273 5199 τε
1309 5147 1400 5200 καὶ
1434 5145 1697 5218 κάθαρσιν
1718 5161 1732 5176 °

158 5240 253 5292 καὶ
287 5238 404 5307 φῶς
445 5237 596 5308 αὑτῷ
628 5239 798 5302 δεῖξαι
843 5238 934 5290 τόν
974 5238 1240 5309 ἡμέτερον
1284 5236 1585 5306 φωτισμὸν,
1615 5237 1736 5289 καθ’

158 5331 217 5382 ὃν
263 5331 722 5402 κατηυγαζόμεθα
754 5332 887 5400 πρὸς
918 5330 1246 5398 θεογνωσίαν
1294 5332 1388 5382 καὶ
1420 5328 1734 5398 ἐπίγνωσιν,

160 5423 536 5495 ἀμειϐομένων
582 5424 690 5477 τῶν
735 5423 880 5494 ἠθῶν
928 5423 1021 5475 ἐπὶ
1061 5423 1122 5475 τὸ
1160 5423 1389 5493 βέλτιον,
1439 5423 1533 5476 καὶ
1577 5437 1738 5492 μετα⁹

161 5517 543 5585 πλαττομένων
587 5519 652 5586 τῇ
701 5517 794 5568 τοῦ
825 5514 961 5568 Θεοῦ
1002 5515 1232 5568 συνέσει.
1272 5513 1379 5566 Τοῦ
1417 5511 1738 5586 μονογενοῦς

163 5605 294 5660 Υίοῦ
310 5606 403 5659 τοῦ
432 5607 564 5659 Θεοῦ
590 5608 708 5660 κατ’
734 5608 952 5677 ἐντολὴν
980 5606 1251 5679 πατρικὴν
1276 5607 1451 5662 πάντα
1479 5607 1738 5678 πράττον-

232 5808 277 5840 ’δ
304 5804 406 5864 15a.
442 5823 560 5875 Lm,
595 5808 646 5862 7.

1837 4633 2158 4688 corpoream
2186 4628 2396 4673 tantum
2423 4619 2609 4682 vitam,
2636 4619 2730 4673 sed
2753 4627 2806 4672 et
2829 4618 3172 4686 spiritualem
3202 4620 3410 4674 sanita-

1837 4717 1945 4764 tem
1973 4719 2454 4778 consequerentur.

1908 4801 2075 4857 Vens.
2105 4803 2191 4858 ll.
2223 4803 2357 4858 Cum
2387 4802 2616 4856 salutem
2645 4809 2888 4856 nostram
2925 4817 3065 4858 onus
3099 4819 3221 4858 esse
3245 4818 3407 4858 suum

1836 4894 2170 4963 reputaverit
2201 4890 2516 4962 unigenitus
2565 4891 2660 4945 Dei
2711 4890 2883 4946 Filius
2905 4933 2919 4955 ,
2952 4899 3007 4945 et
3035 4891 3159 4945 ideo
3185 4906 3408 4946 carnem

1837 4984 2145 5054 susceperit
2191 4998 2255 5037 ac
2303 4998 2401 5052 pro
2452 4983 2610 5036 nobis
2665 4982 2740 5036 sit
2788 4997 3024 5050 passus,
3073 4990 3221 5038 recte
3273 4982 3410 5036 dicit

1835 5077 1998 5131 Pater
2021 5091 2080 5132 se
2107 5077 2221 5131 nati
2251 5076 2466 5129 dolores
2497 5075 2732 5139 auferre,
2767 5090 2868 5130 nos
2887 5074 3132 5130 sanando
3163 5083 3218 5128 et
3251 5090 3412 5128 mun-

1837 5169 2052 5236 dando;
2088 5167 2274 5237 adjicit
2305 5183 2362 5222 sc
2391 5166 2681 5222 ostendere
2713 5167 2761 5220 ei
2791 5167 2991 5230 lucem,
3019 5165 3166 5220 illam
3198 5165 3409 5220 scilicet

1836 5277 1944 5332 qua
1978 5261 2268 5316 illuminati
2317 5260 2384 5313 ad
2435 5260 2718 5314 scientiam
2760 5267 2813 5314 et
2860 5258 3272 5328 intelligentiam
3314 5255 3405 5310 Dei

1838 5353 2199 5417 illustramur,
2246 5353 2488 5406 moribus
2521 5351 2574 5404 in
2624 5351 2819 5405 melius
2850 5350 3130 5405 conversis
3169 5357 3224 5403 et
3250 5347 3403 5416 juxta

1837 5443 1932 5499 Dei
1961 5455 2232 5516 praecepta
2266 5444 2595 5498 informatis.
2644 5442 2936 5512 Unigenito
2963 5441 3054 5496 Dei
3087 5438 3249 5502 Filio,
3281 5453 3407 5493 cum

1839 5531 2015 5588 Patris
2051 5533 2305 5587 mandata
2350 5532 2678 5604 perﬁcienda
2722 5540 2941 5596 essent,
2984 5538 3037 5585 et
3066 5531 3250 5585 omnis
3288 5531 3410 5597 ejus

1839 5639 1994 5680 mens
2028 5624 2256 5680 ﬁdeliter
2287 5624 2560 5696 implenda
2581 5665 2595 5691 ,
2626 5640 2850 5682 necesse
2890 5633 3008 5681 erat
3053 5631 3110 5679 ut
3159 5622 3412 5680 Salvator
