3792 6150
368 343 390 396 1
401 342 505 398 359

1529 332 1874 392 THEODORI
1913 330 2438 390 HERACLEENSIS

3496 339 3523 394 Ι
3534 341 3642 397 360

365 455 579 512 mantili
607 469 665 511 se
694 455 970 524 cingeret,
1015 460 1070 508 et
1112 467 1309 524 aquam
1343 450 1656 507 infunderet
1685 451 1741 504 in
1774 447 1942 503 label-

2088 466 2156 512 ος,
2209 451 2306 504 καὶ
2361 454 2428 522 τῇ
2470 451 2685 522 ὑπακοῇ
2743 449 3077 522 πληροῦντος
3145 454 3326 508 πᾶσαν
3399 453 3636 509 ἔννοιαν.

367 550 518 612 lum,
562 556 868 618 cunctaque
919 561 1204 602 servorum
1257 559 1487 600 munera
1536 545 1763 599 subiret.
1811 543 1944 609 Quae

367 639 553 694 omnia
601 638 772 696 Filius
811 639 996 694 studio
1045 638 1337 710 praestitit,
1388 638 1573 692 cibum
1615 653 1776 692 suum
1824 651 1947 691 esse

366 748 645 792 asserens.
683 742 741 785 ut
770 733 934 787 faciat
964 732 1296 786 voluntatem
1324 729 1503 785 Patris
1527 731 1593 786 ".

442 1001 608 1058 Vens.
643 1002 728 1057 12.
772 1001 1060 1057 Possessio
1095 1001 1215 1056 Filii
1243 1012 1511 1056 vocantur
1546 1001 1862 1074 quicunque
1890 1001 1945 1056 in

367 1111 491 1151 eum
521 1096 784 1162 credunt,
833 1111 933 1151 nec
967 1096 1239 1150 immerito
1280 1095 1502 1151 eosdem
1552 1103 1711 1150 antea
1745 1096 1943 1150 diaboli

369 1190 545 1260 spolia
589 1189 763 1244 fuisse
813 1189 1042 1244 dixeris.
1087 1187 1222 1243 Cum
1273 1189 1591 1259 unigenitus
1641 1187 1734 1243 Dei
1771 1188 1946 1244 Filius

367 1283 606 1337 mirabili
638 1283 1018 1338 incarnatione
1048 1297 1147 1336 sua
1179 1297 1374 1337 omnes
1407 1280 1475 1335 ad
1521 1281 1700 1336 Patris
1741 1289 1794 1336 ct
1821 1280 1943 1335 Filii

369 1377 699 1446 agnitionem
763 1376 1090 1440 deduxerit,
1142 1377 1210 1429 ab
1260 1376 1546 1431 erroribus
1603 1384 1656 1430 et
1715 1377 1947 1447 imperio

367 1467 567 1522 diaboli
594 1468 855 1522 liberatos
877 1507 893 1533 ,
925 1484 1086 1535 quem
1122 1467 1316 1522 fortem
1347 1483 1472 1524 esse
1509 1475 1764 1524 errantes
1792 1469 1946 1539 prius

370 1559 800 1624 existimabant,
845 1569 997 1615 recte
1025 1577 1126 1615 nos
1179 1563 1248 1616 ab
1281 1575 1347 1616 eo
1394 1562 1667 1631 possideri
1710 1562 1947 1616 dicimur

369 1653 664 1724 participes
701 1655 822 1723 ejus
850 1654 1026 1710 effecti
1052 1696 1066 1719 ,
1101 1656 1335 1724 spoliato
1367 1655 1608 1723 diabolo,
1649 1657 1738 1710 cui
1771 1657 1948 1711 inser-

368 1750 482 1804 vire
510 1747 853 1804 videbamur.

440 1906 572 1963 Car.
608 1905 745 1972 LIV,
777 1906 942 1962 Vens.
983 1910 1033 1963 ‘I.
1086 1908 1216 1975 ane
1243 1926 1339 1980 per
1371 1926 1692 1982 anagogiam
1719 1912 1788 1968 de
1831 1913 1948 1968 sin-

369 2000 510 2070 gulis
533 2000 731 2056 animis
779 2003 960 2057 valent
1002 2003 1086 2057 sui
1118 2004 1450 2070 incuriosis;
1484 2006 1788 2074 praesertim
1818 2021 1946 2062 vero

369 2093 438 2147 de
470 2094 752 2150 vocatione
777 2096 1018 2165 gentium
1062 2112 1183 2167 quze
1205 2136 1220 2161 ,
1274 2095 1558 2153 Salvatore
1587 2097 1909 2154 adveniente
1929 2141 1944 2164 ,

369 2185 630 2253 augenda
657 2196 710 2241 et
742 2188 1173 2258 multiplicandae
1201 2199 1385 2247 erant.

441 2278 606 2334 Vens.
635 2279 690 2334 2.
729 2277 859 2345 Qua:
888 2281 1107 2350 quidem
1141 2281 1209 2336 ad
1246 2284 1419 2352 ipsam
1463 2280 1766 2338 Jerusalem
1805 2283 1946 2339 refe-

367 2369 573 2435 renda,
621 2379 744 2441 post
787 2373 1156 2442 captivitatem
1207 2375 1548 2445 augendam;
1587 2378 1787 2433 rectius
1817 2393 1946 2432 vero

368 2463 436 2518 ad
488 2463 637 2533 ipsas
687 2464 952 2520 ecclesias
1006 2466 1256 2536 quotidie
1299 2467 1558 2524 dilatatas
1601 2477 1658 2524 et
1716 2470 1921 2541 ampliﬁ

368 2563 544 2618 calas,
589 2558 977 2613 accedentibus
1001 2575 1357 2631 quoscunque
1388 2562 1561 2632 gratia
1594 2560 1688 2618 Dei
1733 2579 1934 2634 permo

366 2649 543 2711 verit;
596 2649 864 2721 intelliges
908 2651 1075 2706 etiam
1133 2668 1198 2708 ea
1261 2655 1329 2708 de
1387 2668 1715 2725 quacunque
1767 2656 1946 2710 anima

369 2741 584 2810 egregie
611 2741 866 2796 mandata
893 2741 983 2797 Dei
1016 2745 1350 2815 perﬁciente.

441 2923 608 2981 Vens.
642 2927 695 2982 5.
740 2925 1006 2998 Loquitur
1041 2930 1131 2985 hic
1163 2945 1328 2988 sensu
1373 2933 1677 3004 anagogico
1717 2932 1787 2989 de
1819 2949 1948 3004 gen-

370 3019 548 3082 tibus,
595 3020 663 3074 ab
694 3021 865 3076 Israel
907 3037 1018 3076 non
1051 3031 1108 3076 ut
1139 3033 1365 3094 pereant
1404 3025 1625 3096 quidem
1659 3027 1949 3097 possiden-

2048 540 2341 595 ἀκόλουθον
2379 543 2475 595 καὶ
2517 541 2577 595 τὸ
2614 544 2976 614 περιεζῶσθαι
3007 545 3212 600 λέντιον
3243 546 3336 600 τὸν
3369 547 3634 619 Σωτῆρα.

2048 632 2140 685 καὶ
2193 631 2335 702 ὕδωρ
2386 633 2567 703 βαλεῖν
2621 635 2699 698 εἰς
2745 635 2838 690 τὸν
2889 638 3163 707 νιπτῆρα,
3210 637 3304 690 καὶ
3350 639 3452 709 τὴν
3493 641 3638 709 πρὸς

2048 723 2226 776 πάντα
2261 724 2504 778 δουλείαν
2539 726 2931 790 ἀναδέξασθαι·
2958 722 3040 793 οἷς
3070 730 3204 782 πᾶσι
3228 731 3542 800 γενομένοις
3573 734 3639 784 ὲκ

2050 815 2358 887 προθυμίας
2408 819 2618 883 παιδὸς,
2669 818 2870 890 βρῶσιν
2925 820 2980 874 δὲ
3027 821 3373 891 λογιζομένου
3426 823 3642 893 ὑπηρε-

2048 909 2258 964 τεῖσθαι
2284 914 2396 974 τοῖς
2427 911 2520 965 τοῦ
2548 911 2762 982 Πατρὸς
2793 911 3083 983 Θελήμασι.

2118 1005 2465 1078 κληρονομία
2506 1005 2637 1058 Υἱοῦ
2674 1005 2919 1074 λέγονται
2955 1006 3154 1070 πάντες
3183 1011 3232 1060 οἱ
3273 1009 3637 1073 πιστεύοντες

2047 1099 2127 1160 είς
2163 1098 2343 1162 αὐτὸν,
2375 1097 2564 1169 ὥσπερ
2593 1097 2687 1150 καὶ
2712 1097 3144 1168 προγεγενῆσθαι
3177 1100 3346 1154 σκῦλα
3378 1100 3634 1165 δικαίως,

2047 1185 2111 1238 ἄν
2144 1203 2228 1249 τις
2258 1187 2400 1238 εἴποι
2426 1186 2520 1238 τοῦ
2559 1185 2835 1241 διαϐόλου.
2890 1189 3104 1259 Ἐπειδὴ
3138 1189 3312 1242 τοίνυν
3340 1193 3367 1244 ὁ
3401 1209 3637 1262 μονογε-

2047 1277 2144 1349 νὴς
2177 1277 2303 1341 Υἱὸς
2344 1277 2438 1330 τοῦ
2475 1277 2609 1331 Θεοῦ
2646 1281 2711 1349 τῇ
2763 1279 3050 1352 θαυμαστῇ
3096 1283 3374 1355 οἰκονομίᾳ
3419 1287 3638 1348 πάντας

2046 1369 2359 1440 ᾠκειώσατο
2393 1373 2474 1434 εἰς
2500 1371 2600 1443 τὴν
2627 1372 2841 1444 Πατρὸς
2866 1375 2958 1426 καὶ
2985 1372 3115 1427 Υἱοῦ
3137 1374 3353 1442 γνῶσιν,
3385 1377 3640 1431 ἀποσπὰ-

2051 1480 2148 1526 σας
2177 1462 2276 1532 τῆς
2307 1463 2515 1534 πλάνης
2542 1465 2634 1516 καὶ
2661 1465 2760 1535 τῆς
2785 1466 3099 1536 τυραννίδος
3128 1466 3219 1519 τοῦ
3249 1468 3497 1521 διαϐόλου
3524 1512 3540 1534 ,
3573 1470 3638 1522 ὃν

2052 1555 2269 1626 ίσχυρὸν
2298 1555 2530 1626 ἡγοῦντο
2560 1551 2698 1608 εἶναι
2731 1558 2780 1608 οἱ
2807 1555 2865 1610 τὸ
2896 1557 3026 1628 πρὶν
3054 1557 3390 1629 πλανώμενοι
3410 1577 3424 1590 °
3461 1563 3639 1628 ἀναγ-

2031 1647 2219 1726 ἕαίως
2251 1647 2476 1712 τούτους
2507 1649 3014 1720 κεκληρονομῆσθαι
3049 1651 3244 1718 φάσκει
3288 1653 3485 1724 mgis:
3533 1657 3638 1707 αὐ·-

2049 1739 2141 1792 τοῦ
2175 1739 2528 1811 γεγενῆσθαι,
2576 1741 2963 1804 σκυλευθέντος
2995 1742 3088 1796 τοῦ
3116 1743 3397 1808 δοκοῦντος
3433 1745 3636 1808 αὐτοὺς

2050 1835 2272 1902 κρατεῖν
2300 1831 2568 1886 διαϐόλου.

2119 1922 2306 1976 Ταῦτα
2354 1924 2496 1977 κατά
2549 1926 2840 1996 ἀναγωγην
2891 1925 2985 1978 καὶ¹
3037 1928 3120 1990 εἰς
3169 1928 3406 2000 ἑκάστην
3451 1929 3632 2002 ψυχὴν

2048 2013 2368 2086 ἐκληπτέον,
2399 2015 2754 2088 ἁμελήσασαν
2782 2020 3013 2090 ἑαυτῆς·
3040 2019 3101 2073 οὐ
3129 2019 3235 2090 μὴν
3264 2019 3398 2074 ἀλλὰ
3431 2022 3526 2074 καὶ
3552 2025 3634 2084 εἰς

2047 2105 2144 2175 τὴν
2175 2105 2366 2177 κλῆσιν
2392 2106 2500 2160 τῶν
2531 2108 2702 2162 ἐθνῶν
2729 2109 3073 2180 αὐξηθέντων
3103 2114 3197 2164 καὶ
3229 2111 3631 2183 πληρωθέντων

2047 2201 2154 2254 ἀπὸ
2186 2203 2284 2274 τῆς
2309 2203 2402 2256 τοῦ
2433 2204 2682 2275 Σωτῆρος
2711 2205 3012 2277 παρουσίας

2117 2293 2227 2347 Καὶ
2255 2293 2428 2349 ταῦτα
2458 2295 2544 2348 ἐπ’
2581 2297 2751 2367 αὐτῆς
2777 2297 2874 2368 τῆς
2915 2298 3266 2370 Ἰερουσαλὴμ
3291 2300 3594 2372 ἐκληπτέον
3611 2341 3630 2364 ,

2048 2383 2352 2457 αὐξομένης
2416 2387 2552 2458 μετὰ
2603 2389 2701 2459 τὴν
2745 2389 3149 2459 αἰχμαλωσίαν-
3199 2389 3537 2463 κυριώτερον
3573 2392 3630 2445 δὲ

2049 2477 2132 2530 ἐπ’
2160 2478 2338 2534 αὐτῶν
2365 2478 2474 2532 τῶν
2512 2479 2845 2551 Ἐκκλησιῶν
2885 2483 3160 2554 ὁσημέραι
3207 2482 3630 2555 πλατυνομένων

2048 2571 2141 2624 καὶ
2167 2571 2408 2624 ἐπίδοσιν
2448 2572 2840 2644 λαμϐανουσῶν
2895 2573 2983 2628 διὰ
3037 2574 3144 2627 τῶν
3184 2574 3630 2646 προστιθεμένων

2046 2663 2113 2732 τῇ
2158 2661 2339 2732 χάριτι
2411 2661 2504 2714 τοῦ
2575 2662 2744 2716 Θεοῦο
2819 2666 3017 2716 νοεῖται
3080 2663 3138 2715 δὲ
3206 2665 3301 2716 καὶ
3369 2665 3450 2727 εἰς
3501 2666 3628 2717 ἐκά-

2049 2767 2182 2822 στην
2225 2753 2400 2824 ψυχὴν
2442 2754 2802 2809 συντελοῦσαν
2849 2756 2930 2818 εἷς
2974 2774 3024 2809 τι
3069 2756 3179 2809 τῶν
3225 2756 3326 2827 τῆς
3367 2757 3630 2828 ἀληθείας

2048 2845 2249 2901 καλῶν.

2118 2941 2281 3009 Λέγει
2309 2939 2367 2992 δὲ
2394 2940 2490 2994 καὶ
2518 2937 2659 2994 κατὰ
2697 2940 2987 3011 ἀναγωγὴν
3018 2941 3145 3012 περὶ
3169 2940 3276 2993 τῶν
3314 2939 3490 2995 ἐθνῶν
3521 2939 3630 2994 τῶν

2055 3029 2356 3102 μελλόντων
2402 3030 2476 3100 μὴ
2515 3032 2595 3094 εἰς
2645 3031 2874 3085 θάνατον
2905 3030 3360 3103 κληρονομεῖσθαι
3407 3031 3499 3085 ὑπ’
3540 3032 3633 3084 αὐ-

370 3112 480 3177 dis,
515 3113 610 3166 sed
643 3120 701 3166 ut
733 3130 839 3167 una
873 3113 976 3169 [ide
1007 3116 1296 3172 credentes
1325 3132 1450 3172 cum
1488 3119 1610 3188 ipso
1642 3119 1942 3176 salventur.

2088 3123 2182 3191 ῶν,
2229 3124 2345 3178 ἀλλ’
2411 3127 2490 3188 εἰς
2562 3125 2909 3196 περιποίησιν
2966 3125 3062 3178 καὶ
3137 3122 3414 3194 σωτηρίαν
3475 3127 3631 3195 κοινῇ

449 3291 611 3347 Vens.
647 3293 696 3346 7.
734 3294 946 3350 Cuncta
1009 3311 1069 3351 se
1115 3297 1257 3352 mala
1299 3299 1564 3355 oblivioni
1612 3302 1945 3357 traditurum

370 3388 596 3444 indicat.
635 3388 725 3444 Sic
763 3390 910 3444 enim
961 3390 1138 3461 inquit
1175 3410 1188 3445 :
1225 3392 1561 3449 Condouabo
1591 3396 1949 3466 negligentias

372 3489 516 3540 tuas.
541 3491 600 3534 ut
624 3484 736 3551 jam
757 3496 868 3534 non
887 3482 1122 3551 amplius
1154 3481 1252 3536 tibi
1283 3497 1468 3537 earum
1503 3486 1822 3540 memoriam
1852 3502 1916 3541 ex

371 3573 650 3642 probrem,
704 3572 850 3642 quod
907 3571 1086 3627 facere
1122 3573 1299 3629 solent
1325 3574 1418 3644 qui
1465 3576 1647 3645 lapsas
1690 3577 1948 3635 mulieres

372 3661 438 3714 ad
469 3668 683 3732 tempus
717 3662 992 3731 rejiciunt.

446 3752 609 3809 Vens.
634 3755 719 3808 11.
753 3751 1156 3816 [inclementiam
1185 3756 1272 3813 hic
1292 3758 1945 3818 declaratChaldzeorum.

372 3845 584 3915 Quippe
622 3847 737 3916 qui,
763 3862 960 3904 munus
990 3863 1114 3902 cum
1151 3850 1495 3920 accepissent
1528 3865 1558 3904 a
1593 3849 1704 3906 Deo
1731 3852 1947 3907 Israeli-

371 3943 455 3991 tas
492 3946 710 4006 propter
758 3945 982 4007 peccata
1037 3939 1330 4008 puniente,
1379 3955 1478 3995 sua
1511 3939 1674 3995 etiam
1724 3941 1948 3998 ιιυὶᾱίηθ

371 4031 650 4096 graviores
702 4031 756 4084 in
811 4046 906 4086 eos
954 4045 1146 4101 pmnas
1181 4033 1628 4103 excogitaverunt
1681 4043 1735 4090 et
1772 4036 1949 4090 inten-

372 4121 591 4179 derunt.

449 4213 610 4269 Vens.
643 4214 724 4267 Π.
758 4212 841 4268 Nil
862 4214 1207 4284 profecturos
1237 4217 1477 4273 hostium
1510 4219 1766 4274 incursus
1790 4217 1945 4284 dicit,

370 4305 492 4374 ipso
530 4303 826 4359 Jerusalem
855 4315 1204 4376 protegente;
1235 4323 1344 4362 non
1383 4308 1528 4362 enim
1555 4309 1755 4364 valebit
1787 4325 1949 4364 omne

372 4411 470 4451 vas
500 4397 699 4452 hostile
728 4397 782 4450 in
815 4413 949 4462 vos;
984 4400 1298 4468 vosmetipsi
1333 4400 1686 4470 superabitis.

445 4575 574 4630 Car.
608 4574 718 4640 LV,
753 4574 922 4633 Vens.
956 4578 1010 4631 2.
1057 4577 1289 4635 Paratus
1324 4590 1410 4636 est
1441 4581 1706 4639 Dominus
1737 4585 1806 4641 ad
1846 4586 1948 4641 du-

375 4668 581 4723 cendos
607 4668 879 4732 homines,
917 4672 983 4726 ad
1017 4688 1111 4728 eos
1133 4673 1291 4730 bonis
1319 4673 1605 4734 donandus
1636 4679 1948 4734 misericors

376 4759 555 4828 Deus;
601 4777 703 4816 nec
741 4761 885 4818 dona
940 4768 1274 4836 temporaria
1325 4769 1487 4825 modo
1539 4770 1629 4826 hic
1678 4786 1738 4827 se
1789 4774 1949 4828 nobis

374 4852 698 4921 largiturum
757 4857 1079 4921 annuntiat,
1139 4858 1230 4914 sed
1286 4867 1339 4914 et
1394 4869 1596 4918 aeterna
1655 4863 1711 4918 in
1761 4867 1944 4933 cmlo;

375 4944 512 4998 nihil
537 4945 685 4999 aliud
715 4961 745 4999 a
789 4948 946 5003 nobis
986 4949 1282 5019 deposcet,
1327 4955 1434 5007 nisi
1466 4955 1709 5010 animum
1735 4966 1950 5028 gratum

375 5044 428 5090 et
457 5035 690 5092 docilem
714 5078 729 5103 ,
761 5039 977 5096 docenti
1005 5044 1438 5100 consentientem
1457 5088 1470 5113 ,
1497 5054 1551 5102 et
1579 5050 1800 5104 vocanti
1827 5065 1949 5104 cum

378 5127 563 5182 studio
595 5135 1038 5200 respondentem.

453 5217 615 5276 Vens.
649 5222 703 5277 ’5.
738 5223 975 5282 Auribus
1006 5229 1285 5285 attendere
1309 5229 1438 5286 dum
1464 5232 1652 5302 jubet,
1688 5248 1798 5289 non
1831 5250 1956 5292 sen-

379 5328 475 5368 sus
504 5317 752 5385 corporis
785 5317 1068 5375 intendere
1105 5321 1345 5379 videtur.
1381 5323 1516 5379 Nam
1552 5328 1732 5384 oculis
1778 5337 1956 5387 atten—

379 5404 607 5473 dentes,
638 5407 832 5464 iisdem
875 5412 1066 5467 audire
1104 5431 1212 5468 non
1259 5418 1546 5485 valemus;
1587 5437 1689 5479 nec
1728 5425 1954 5480 auribus

382 5497 723 5579 attendenti,
762 5503 953 5559 iisdem
995 5507 1181 5564 videre
1234 5509 1377 5564 licet.
1452 5513 1607 5579 Quod
1667 5517 1831 5570 etiam
1890 5518 1955 5574 de

383 5591 595 5643 caeteris
653 5577 901 5665 cbrporis
931 5602 1183 5658 sensibus
1229 5604 1390 5661 valet.
1427 5577 1545 5672 Quo
1584 5618 1802 5665 constat
1831 5627 1954 5666 eum

463 5747 680 5806 “iloan.
726 5769 799 5819 iv,
825 5756 910 5810 54.

2053 3217 2460 3270 πιστευσάντων
2491 3216 2600 3268 τῶν
2630 3216 2819 3269 ἐθνῶν.

2121 3308 2194 3362 Τὸ
2227 3307 2604 3377 ἀμνησίκακον
2630 3305 2721 3358 τοῦ
2752 3305 2885 3358 Θεοῦ
2916 3304 3008 3359 καὶ
3040 3306 3097 3358 ἐν
3132 3302 3305 3374 τούτῳ
3332 3304 3592 3376 δηλοῦται
3616 3322 3630 3334 ·

2049 3399 2191 3453 οὕτω
2229 3398 2337 3471 γάρ
2368 3415 2522 3470 φησι⁹
2559 3399 2906 3469 Συγχωρήσω
2933 3395 3002 3450 τὰ
3038 3395 3493 3468 πλημμελήματα
3525 3414 3628 3461 σοι,

2049 3491 2124 3556 ὡς
2158 3491 2292 3562 μηδέ
2336 3493 2415 3554 είς
2461 3490 2764 3561 ὑπόμνησιν
2799 3489 2977 3543 αὐτῶν
3009 3506 3139 3542 ποτε
3180 3489 3401 3542 ἐλθόντα
3438 3489 3633 3542 ὀνειδί-

2053 3599 2177 3637 σαι·
2209 3583 2462 3654 καθάπερ
2491 3581 2737 3636 ποιοῦσιν
2765 3583 2811 3635 οί
2845 3583 3110 3651 γυναῖκας
3141 3580 3500 3652 ἁμαρτούσας
3523 3580 3633 3633 ὀλί-

2050 3695 2144 3746 γον
2183 3676 2609 3748 ἀπορρίψαντες.

2121 3769 2232 3838 Τῆς
2263 3767 2654 3839 ἀπανθρωπίας
2680 3767 2909 3822 ἐνταῦθα
2935 3771 3319 3840 κατηγορεῖται
3345 3768 3456 3822 τῶν
3489 3769 3629 3822 Χαλ-

2048 3861 2233 3926 δαίων,
2262 3859 2535 3914 λαϐόντων
2577 3861 2677 3931 μὲν
2724 3859 2876 3932 παρά
2924 3860 3017 3913 τοῦ
3059 3861 3194 3913 Θεοῦ
3243 3860 3304 3914 τὸ
3346 3860 3627 3931 ἐνδόσιμον

2047 3955 2142 4010 τοῦ
2169 3954 2586 4027 τιμωρήσασθαι
2625 3955 2751 4019 τοὺς
2791 3954 3130 4026 Ἰσραηλίτας
3157 3954 3244 4008 διὰ
3273 3954 3342 4007 τὰ
3373 3955 3630 4025 πλημμε-

2048 4047 2277 4118 ληθέντα
2307 4048 2506 4110 αὐτοῖς,
2543 4045 2684 4118 ἰσχύϊ
2718 4046 2776 4099 δὲ
2818 4046 2922 4117 ἰδίᾳ
2964 4046 3338 4118 λογισαμένων
3380 4048 3478 4100 καὶ
3518 4050 3629 4100 ἐπι-

2049 4139 2332 4193 τεινόντων
2363 4139 2545 4202 αὐτοῖς
2578 4137 2649 4191 τὰ
2679 4139 2847 4193 δεινά.

2119 4232 2161 4283 Τ
2165 4232 2230 4303 ὴν
2256 4232 2406 4303 παρά
2433 4230 2538 4285 τῶν
2567 4231 2842 4302 πολεμίων
2881 4231 3067 4301 ἔφοδον
3105 4231 3203 4302 τῆς
3233 4231 3402 4283 αὐτοῦ
3453 4231 3626 4302 ῥοπῆς

2051 4322 2329 4393 παρούσης
2361 4323 2545 4384 αὐτοῖς
2587 4322 2938 4392 ἀδυνατήσειν
2985 4321 3167 4389 λέγει·
3202 4319 3322 4372 οὐδὲ
3361 4319 3474 4390 γὰρ
3521 4323 3626 4372 πᾶν

2053 4415 2244 4478 σκεῦος
2270 4414 2563 4485 πολεμικὸν
2599 4414 2806 4484 ἰσχύσει
2847 4413 2967 4468 καθ’
2998 4411 3186 4484 ὑμῶν·
3216 4413 3377 4482 ὑμεῖς
3407 4428 3624 4484 περιγεο

1981 4481 2026 4537 Ῑ)
2053 4505 2281 4558 νήσεσθε
2312 4505 2487 4576 ὑμῶν.

2121 4599 2377 4669 Ἕτοιμος
2415 4596 2489 4650 ὢν
2543 4597 2680 4668 πρὸς
2723 4594 2822 4658 τὰς
2857 4595 3120 4666 χορηγίας
3143 4595 3172 4646 ὁ
3203 4594 3501 4662 Δεσπότης,
3534 4591 3623 4645 καὶ

2049 4690 2227 4762 βρύων
2261 4693 2373 4753 τοῖς
2412 4689 2636 4758 ἀγαθοῖς
2685 4690 2714 4743 ὁ
2762 4686 3140 4758 φιλάνθρωπος
3176 4686 3340 4748 θεός·
3371 4685 3434 4737 οὐ
3468 4683 3621 4754 μόνον

2047 4785 2158 4855 γὰρ
2195 4782 2263 4836 τὰ
2296 4781 2529 4836 ἐνταῦθα
2575 4778 2756 4849 ἀγαθὰ
2792 4777 3191 4847 ἐπαγγέλλεται
3228 4776 3446 4838 δώσειν,
3493 4774 3623 4826 ἀλλὰ

2049 4877 2142 4928 καλ⁸
2182 4874 2290 4928 τῶν
2320 4871 2613 4945 μετέπειτα
2645 4871 2877 4925 αίωνίων
2901 4869 3121 4940 δωρεῶν
3148 4869 3246 4939 τὴν
3283 4867 3585 4920 ἀπόλαυσιν
3606 4882 3620 4894 ο

2051 4967 2201 5021 οὐδὲν
2227 4967 2413 5039 ἕτερον
2439 4967 2661 5019 ἀπαιτεῖ
2690 4964 2722 5034 ἢ
2760 4962 3078 5032 εὐγνώμονα
3103 4958 3403 5032 ἀκροατὴν,
3431 4959 3624 5012 συνιέν-

2051 5076 2119 5113 τα
2157 5059 2252 5130 μὲν
2296 5057 2366 5112 τὰ
2406 5057 2695 5128 λεγόμενα,
2729 5055 3133 5126 προστρέχοντα
3172 5052 3230 5106 δὲ
3265 5051 3345 5124 τῷ
3374 5051 3625 5106 καλοῦντι

2055 5150 2173 5221 μετ’
2201 5149 2434 5213 εὐνοίας.
3483 5158 3494 5169 ’

2087 5278 2092 5279 κ
2124 5242 2197 5295 Τὸ
2232 5242 2522 5313 προσέχειν
2549 5239 2683 5293 ὠσὶν
2711 5239 2786 5302 ὠς
2813 5231 2946 5310 ἧκεν
2975 5238 3054 5299 εἰς
3103 5233 3201 5298 τὰς
3231 5233 3328 5287 τοῦ
3372 5231 3626 5302 σώματος

2056 5334 2346 5407 αίσθήσεις’
2383 5331 2738 5388 ἀνακόλουθον
2770 5325 2909 5384 εῖναι
2953 5329 3128 5381 δοκεῖ’
3177 5325 3478 5396 ὀφθαλμοῖς
3521 5325 3626 5395 γὰρ

2056 5426 2433 5499 προσέχοντες,
2477 5427 2589 5489 τοῖς
2629 5425 2815 5487 αὐτοῖς
2847 5422 2942 5475 καὶ
2981 5419 3198 5476 ἀκούειν
3227 5420 3288 5472 οὐ
3318 5416 3624 5486 δυνάμεθα’

2055 5518 2148 5571 καὶ
2198 5517 2331 5571 ὠσὶν
2378 5515 2687 5581 ἀκούοντες,
2732 5513 2940 5575 τούτοις
2996 5509 3212 5581 βλέπειν
3270 5507 3367 5578 οὐχ
3429 5501 3533 5559 οἷοί
3571 5505 3625 5556 τέ

2055 5613 2220 5680 ἐσμεν
2245 5627 2258 5642 ·
2291 5608 2492 5679 ὁμοίως
2522 5607 2578 5662 δὲ
2621 5605 2716 5660 καὶ
2762 5605 2856 5656 ἐπὶ
2894 5601 3002 5656 τῶν
3032 5599 3206 5656 ἄλλων
3234 5596 3341 5650 τῶν
3376 5595 3521 5650 κατὰ
3567 5594 3628 5646 τὸ
