3792 6150
158 285 281 341 1561

1584 302 1651 358 ΙΝ
1691 304 1943 363 ISAIAM.

3282 323 3302 377 l
3313 323 3419 380 363

161 403 340 505 σῶμα⁸
369 403 710 476 αἰσθήσεων·
761 408 837 474 ὡς
888 412 953 464 ἐκ
1010 414 1201 468 τούτου
1247 414 1554 475 δείκνυσθαι
1609 438 1739 494 συμ-

1887 426 2002 482 obis
2029 428 2354 494 consulere,
2386 436 2446 483 ut
2480 429 2657 485 oculis
2689 431 2856 485 animi
2886 438 3264 500 attendamus,
3296 437 3419 505 qui-

159 493 427 566 βουλεύειν
455 497 656 581 ἀὐτοῖς
698 500 988 573 προσέχειν
1017 504 1157 559 κατά
1186 507 1314 572 τοὺς
1358 510 1457 579 τῆς
1498 493 1736 578 διανοίας

157 586 486 676 ὀφθαλμοὺς,
519 589 643 643 καθ’
674 590 769 656 οὓς
798 593 891 646 καὶ
918 595 1140 650 ἀκούειν
1162 596 1385 653 δυνατόν
1405 617 1417 632 ·
1447 600 1595 673 ἀπλῆ
1620 603 1735 676 γάρ

155 696 236 743 τις
257 675 390 733 οὖσα
422 681 455 752 ή
493 680 639 754 ψυχὴ
670 684 765 737 καὶ
797 686 1073 758 μονοειδὴς
1099 688 1197 760 τὴν
1228 690 1410 760 φύσιν,
1446 696 1546 765 μιᾷ
1577 675 1736 751 δυνά-

159 788 247 841 μει
277 770 338 824 τό
362 788 421 824 τε
447 773 666 827 ἀκούειν
699 777 793 829 καὶ
826 778 960 850 όρᾷν
989 780 1271 854 κέκτηται.

234 863 372 919 Ἀλλ’
418 865 549 930 ἴσως
595 872 920 940 στενοχωρεῖ
967 871 1133 942 ὑμᾶς,
1188 876 1282 929 καὶ
1332 875 1530 931 κωλύει
1583 878 1733 951 αὐτῷ

156 960 488 1027 προσφυγεῖν
523 958 583 1012 τὸ
619 959 820 1031 πλῆθος
845 960 953 1015 τῶν
983 965 1266 1037 ἁμαρτιῶν
1296 968 1391 1021 καὶ
1426 968 1485 1022 τὸ
1523 971 1603 1035 είς
1638 970 1735 1023 αὐε-

153 1048 242 1103 τὸν
284 1050 647 1122 ἠσεϐηκέναι·
682 1053 799 1108 ἀλλ’
847 1055 969 1110 οὐδέ
1005 1076 1108 1112 που
1151 1060 1293 1130 μέγα
1341 1061 1570 1134 κώλυμα
1606 1066 1734 1136 ὑμῖν

155 1144 423 1208 φανεῖται,
459 1145 508 1196 εί
537 1144 629 1198 τὸν
673 1144 837 1198 αὐτοῦ
880 1146 1027 1201 ἔλεον
1069 1148 1277 1218 ἄφατον
1325 1153 1453 1206 δντα
1500 1152 1735 1226 ἐνθυμη-

153 1236 302 1307 θῆτε.
332 1236 408 1289 Οὐ
437 1235 544 1306 γὰρ
568 1237 806 1291 τοσαῦτα
842 1237 997 1293 ἔσται
1023 1240 1177 1312 ὑμῶν
1205 1243 1271 1296 τὰ
1297 1244 1464 1308 κακὰ,
1490 1244 1565 1310 ὼς
1590 1247 1737 1318 νικῆ-

156 1346 246 1383 σαι
272 1329 367 1382 καὶ
392 1330 720 1401 ὑπερϐαλεῖν
741 1330 839 1403 τὴν
872 1333 1037 1386 αὐτοῦ
1072 1334 1482 1407 φιλανθρωπίαν
1506 1354 1520 1367 θ
1567 1338 1735 1403 πολὺς

154 1422 260 1493 γὰρ
300 1421 376 1476 ὢν
412 1425 470 1477 ἐν
511 1426 836 1496 οἰκτιρμοῖς,
870 1425 1068 1498 πολλὴν
1111 1428 1206 1481 καὶ
1244 1430 1343 1500 τὴν
1391 1429 1583 1501 ἄφεσιν
1625 1431 1735 1486 τῶν

152 1515 439 1585 ἁμαρτιῶν
463 1517 617 1588 ὑμῶν
642 1517 960 1589 ποιήσεται·
985 1520 1078 1573 καὶ
1098 1520 1272 1586 οῦτως
1297 1523 1439 1593 ὑμᾶς
1463 1523 1735 1597 καθαροὺς

155 1605 447 1673 ἀποδείξει,
493 1608 569 1671 ὼς
620 1607 752 1679 μηδὲ
801 1605 948 1678 ῐχνος
992 1608 1262 1674 σώζεσθαι
1302 1611 1413 1666 τῶν
1455 1614 1734 1685 προτέρων

155 1698 309 1768 ὑμῶν
335 1701 552 1772 ἀμαρτη
561 1701 765 1771 μάτων,

1836 518 1939 575 bus
1964 525 2018 573 et
2039 518 2230 574 audire
2256 518 2341 574 fas
2369 527 2452 575 est
2480 541 2495 586 ;
2530 520 2759 591 simplex
2788 522 2935 576 enim
2964 538 3087 577 cum
3115 525 3187 579 sit
3219 533 3415 583 natura

1837 611 2054 665 animus
2091 619 2145 665 et
2191 610 2592 683 incompositus
2617 653 2633 681 ,
2664 627 2771 667 una
2814 614 3114 686 eademque
3157 616 3416 676 facultate

1836 703 1991 757 audit
2021 717 2085 758 ac
2117 702 2282 759 videt.

1905 872 2075 929 Vens.
2102 873 2154 931 7.
2187 871 2497 946 Impediunt
2525 881 2579 930 te
2611 874 2848 931 fortasse
2874 885 3099 945 peccata
3129 884 3221 932 tua
3251 884 3414 949 atque

1835 965 1892 1019 in
1912 963 2080 1020 Deum
2104 964 2381 1034 impietas,
2414 973 2468 1020 et
2494 973 2681 1021 vetant
2706 982 2776 1021 ne
2799 967 2867 1021 ad
2894 966 3072 1037 ipsum
3100 967 3412 1040 confugias.

1834 1056 1991 1123 Quod
2046 1058 2091 1112 si
2151 1065 2334 1111 autem
2390 1056 2823 1113 misericordiam
2867 1057 2989 1128 ejus
3036 1059 3414 1131 perpenderis,

1830 1149 1943 1220 jam
1974 1148 2109 1202 nihil
2142 1155 2195 1204 te
2235 1146 2506 1217 impedire
2539 1148 2740 1204 valebit
2767 1166 2781 1216 ;
2820 1164 2931 1203 non
2974 1148 3121 1204 enim
3153 1164 3218 1206 ea
3252 1159 3415 1207 erunt

1836 1248 2060 1312 peccata
2093 1249 2208 1306 tua,
2235 1255 2356 1310 qua:
2397 1239 2789 1311 benignitatem
2816 1241 2937 1311 ejus
2967 1241 3189 1297 vincere
3217 1249 3272 1298 et
3320 1259 3413 1298 su-

1835 1348 2028 1403 perare
2055 1332 2307 1403 possint;
2355 1332 2558 1387 multus
2587 1333 2705 1403 ipse
2739 1332 2792 1386 in
2844 1334 3243 1399 misericordia,
3274 1336 3413 1390 mul-

1834 1434 1889 1478 ta
1942 1440 2163 1497 quoque
2207 1433 2431 1496 peccata
2477 1424 2753 1491 dimittet,
2800 1433 2854 1482 et
2904 1426 2979 1481 ita
3029 1441 3127 1482 vos
3175 1428 3412 1485 mundos

1834 1519 2027 1574 elliciet
2056 1559 2071 1582 ,
2105 1526 2167 1574 ut
2196 1533 2266 1572 ne
2296 1517 2586 1589 vestigium
2631 1516 2849 1588 quidem
2898 1519 3143 1588 priorum
3177 1517 3410 1575 delicto-

1835 1625 1959 1664 rum
1989 1616 2292 1666 remaneat.

222 1790 335 1863 Τὴν
361 1793 451 1845 ἐπὶ
473 1795 593 1855 ταῖς
629 1793 872 1859 ἐντολαῖς
903 1793 996 1849 τοῦ
1033 1795 1199 1866 νόμου
1229 1796 1437 1852 εὐοδίαν
1473 1796 1731 1871 παρέξειν

1907 1787 2075 1843 Vens.
2112 1789 2204 1843 Η.
2239 1788 2538 1855 Prosperas
2562 1788 2678 1845 vias
2702 1789 3124 1846 observantibus
3152 1790 3323 1862 legem
3352 1805 3412 1849 se

152 1884 338 1947 αὐτοῖς
366 1885 760 1954 ἐπαγγέλλεται
783 1887 935 1953 Θεὸς,
977 1888 1138 1958 μόνον
1164 1889 1212 1942 εί
1244 1890 1469 1953 ἑαυτοὺς
1501 1891 1736 1963 ἐργάτας

153 1974 336 2028 αὐτῶν
372 1974 542 2041 δεῖξαι
579 1975 951 2046 ἐθελήσουσιν,
982 1977 1146 2032 αὑτοῦ
1174 1978 1536 2051 χορηγοῦντος
1584 1982 1736 2051 ἰσχὺν

154 2067 292 2136 πρὸς
314 2066 375 2121 τὸ
405 2068 712 2122 ἐπιτελέσαι
753 2068 975 2133 ταύτας.
1007 2070 1082 2123 Ού
1123 2071 1230 2140 μὴν
1262 2070 1397 2124 ἀλλὰ
1433 2072 1526 2125 καὶ
1554 2070 1649 2143 τὴν
1672 2074 1737 2127 ἐκ

152 2162 253 2231 τῆς
297 2159 675 2232 αἰχμαλωσίας
719 2162 906 2215 ἄνοδον
945 2161 1119 2227 οὕτως
1153 2162 1333 2227 ἔδοξεν
1367 2164 1565 2227 αὐτοὺς
1610 2166 1738 2229 τοὺς

153 2251 417 2319 ἀφιέντας
446 2254 720 2322 τοσαύτην
751 2252 1042 2307 ἀναλαϐεῖν
1069 2253 1378 2325 προθυμίαν
1407 2255 1503 2327 τῆς
1534 2255 1738 2310 τούτων

153 2343 465 2414 ἐκπομπῆς,
496 2343 572 2408 ὡς
604 2342 744 2415 μετά
774 2343 1101 2416 δορυφορίας
1130 2345 1223 2398 καὶ
1245 2345 1535 2417 ὁδηγήσειν
1558 2361 1570 2373 ·
1600 2347 1737 2419 ὅπερ

153 2433 247 2487 ἐπὶ
270 2433 455 2505 Κύρου
480 2433 573 2487 τοῦ
621 2434 884 2503 βασιλέως
907 2434 1132 2507 Περσῶν
1162 2435 1486 2508 ἐπληροῦτο,
1520 2454 1742 2509 τρανου-

159 2523 329 2593 μένης
357 2524 457 2595 τῆς
483 2524 580 2577 τοῦ
612 2523 747 2577 Θεοῦ
765 2527 935 2596 ῥοπῆς
953 2542 968 2555 ·
992 2525 1085 2579 καὶ
1107 2527 1193 2578 ἐπ’
1222 2526 1401 2581 αὐτῶν
1434 2526 1540 2580 τῶν
1566 2528 1738 2598 ὀρέων

153 2616 211 2667 ἐν
265 2618 334 2687 τῇ
386 2616 594 2670 τούτων
641 2618 852 2687 κινήσει
890 2617 988 2689 τὴν
1041 2617 1360 2687 ἀγαλλίασιν
1392 2618 1736 2684 δεικνύντων,

155 2708 234 2761 ἔτι
278 2707 388 2779 μὴν
455 2708 551 2761 καὶ
622 2707 797 2762 ἄλλων
845 2710 1086 2780 σημείων
1146 2710 1734 2782 παρακολουθούντων·

154 2798 344 2872 ὥσπερ
404 2798 514 2870 γὰρ
561 2798 656 2852 ἐπὶ
704 2798 803 2871 τὴν
845 2798 1051 2872 ἔρημον
1102 2799 1343 2855 διιόντων
1398 2799 1737 2873 ύπεχώρειή

168 2891 404 2964 Ἐρυθρά
423 2891 690 2956 θάλασσα,
735 2891 930 2955 οῦτως,
979 2891 1228 2956 ἐξιόντων
1260 2892 1368 2946 ἀπὸ
1398 2893 1495 2962 τῆς
1538 2894 1740 2963 αίχμα-

1835 1881 2091 1936 daturum
2142 1881 2466 1945 denuntiat,
2498 1882 2646 1938 vires
2690 1883 2757 1936 ad
2789 1881 3122 1952 perficienda
3157 1882 3411 1937 mandata

1833 1981 2103 2043 praestans
2126 2014 2141 2041 ,
2173 1973 2474 2029 dummodo
2507 1973 2645 2045 legis
2675 1973 2913 2029 factores
2955 1989 3015 2029 se
3044 1975 3286 2044 pmbere
3314 1989 3410 2030 ve-

1835 2068 1957 2121 lint.
1986 2063 2299 2122 Praesertim
2334 2081 2464 2122 vero
2490 2065 2593 2120 hoc
2625 2063 2741 2120 Deo
2764 2065 2970 2137 placuit
3010 2072 3069 2119 ut
3100 2066 3192 2136 qui
3229 2066 3410 2137 capti-

1834 2160 2053 2216 vitatem
2104 2174 2171 2215 ex
2202 2156 2438 2229 Egypto
2470 2158 2706 2213 soluturi
2744 2164 2902 2213 erant
2929 2197 2944 2222 ,
2982 2172 3200 2212 summo
3229 2157 3414 2213 studio

1834 2266 1972 2321 opus
2002 2266 2160 2306 suum
2184 2249 2540 2319 perﬁcerent,
2594 2247 2697 2319 ipsi
2738 2249 3112 2305 lsraelitarum
3144 2250 3247 2307 iter
3276 2250 3412 2305 diri-

1836 2351 2026 2412 gerent
2076 2349 2131 2398 et
2164 2339 2422 2413 praesidio
2455 2349 2759 2396 tuerentur.
2805 2338 2961 2407 Quod
3003 2342 3223 2412 quidem
3248 2383 3265 2408 ,
3299 2340 3412 2398 Deo

1831 2432 2086 2502 jubente,
2117 2429 2245 2503 Cyri
2272 2430 2565 2487 Persarum
2595 2429 2741 2501 regis
2766 2445 2868 2500 ope
2902 2429 3108 2487 factum
3128 2441 3244 2501 est;
3271 2431 3410 2504 ipsis

1836 2524 2116 2580 montibus
2145 2525 2213 2579 de
2236 2523 2340 2578 hac
2362 2523 2690 2594 migratione
2716 2524 3154 2590 exsultantibus,
3182 2532 3238 2580 et
3288 2525 3412 2581 aliis

1835 2630 2055 2686 quoque
2089 2614 2484 2686 apparentibus
2527 2613 2721 2682 signis.
2770 2611 2906 2668 Nam
2943 2614 3088 2669 sicut
3130 2613 3409 2670 desertum

1835 2707 2221 2763 accedentibus
2254 2720 2405 2762 mare
2436 2703 2773 2776 Erythraeum
2805 2706 3044 2762 transire
3072 2705 3249 2771 licuit,
3278 2707 3352 2762 ita
3382 2723 3413 2763 e

1837 2800 2152 2870 captivitate
2188 2798 2393 2872 egressi
2440 2797 2606 2854 siccis
2666 2798 2899 2869 pedibus
2948 2799 3152 2856 ﬂumen
3201 2799 3409 2872 Tigrim

1837 2892 2120 2962 trajecisse
2164 2900 2490 2963 narrantur,
2541 2901 2601 2948 ut
2644 2893 2776 2947 olim
2816 2890 3145 2957 Jordanem,
3178 2893 3413 2950 refertur

154 2983 377 3050 λωσίας,
420 2987 711 3058 ἱστορεῖται
748 2984 840 3039 τὸν
874 2986 1065 3057 Τίγριν
1100 2986 1344 3057 ποταμὸν
1382 2987 1502 3040 ποδὶ
1541 2987 1738 3051 αὐτοὺς

1887 2999 2055 3055 ioque
2092 2992 2336 3048 montes,
2369 2985 2436 3040 ab
2466 2985 2720 3042 hostibus
2753 2994 2914 3041 antea
2959 2994 3203 3043 vastatos
3233 3025 3250 3051 ,
3282 2996 3414 3041 tun'.

153 3074 558 3145 διαϐεϐηκέναι,
609 3075 752 3131 mea
808 3076 901 3129 καὶ
943 3079 971 3130 ὁ
1011 3076 1301 3147 Ἰορδάνης*
1338 3078 1432 3130 καὶ
1466 3077 1735 3147 τοσαύτην

1893 3075 2004 3132 Deo
2030 3074 2203 3132 fuisse
2234 3075 2313 3130 ita
2364 3076 2720 3140 immutatos,
2756 3085 2816 3131 ut
2866 3091 2979 3132 non
3027 3076 3143 3133 suis
3172 3085 3411 3141 tantum,

159 3130 463 3238 μεταϐολὴν
515 3130 587 3222 τά
631 3167 733 3240 ὅρη
774 3166 979 3233 λαϐεῖν,
1023 3130 1144 3221 ἀντὶ
1321 3130 1735 3237 καταλαϐούσης

1887 3167 1934 3222 ui
1969 3174 2024 3222 et
2052 3167 2284 3223 exoticis
2315 3168 2611 3226 arboribus
2651 3167 2934 3225 ﬂorerent.
2989 3167 3108 3235 Qua
3141 3169 3411 3224 montium

157 3260 223 3315 ἐκ
270 3259 384 3314 τῶν
428 3259 701 3331 πολεμίων
759 3260 1016 3332 ἐρημίας,
1058 3258 1133 3323 ὡς
1185 3260 1279 3314 καὶ
1298 3259 1531 3333 δένδρων
1568 3259 1734 3324 ξένων

1887 3258 2219 3313 inmutatione
2276 3258 2510 3328 benigne
2573 3258 2953 3329 comprobavit
3009 3258 3155 3316 Deus
3214 3267 3416 3315 cuncta

156 3351 310 3425 παρά
360 3351 429 3406 τά
455 3352 584 3406 ὄντα
616 3351 861 3407 ἐκδοῦναι
904 3351 1138 3423 βλάστην
1158 3369 1172 3382 ·
1204 3351 1298 3405 καὶ
1329 3351 1426 3423 τήν
1457 3350 1550 3405 τοῦ
1596 3350 1732 3405 Θεοῦ

1887 3351 2011 3404 βίης
2046 3350 2102 3404 in
2134 3350 2388 3405 manibus
2418 3349 2716 3418 contineri,
2754 3359 2809 3405 et
2846 3358 3029 3405 mente
3060 3349 3245 3421 dirigi.

154 3444 443 3515 εὐμένειαν
479 3446 545 3499 ἐκ
586 3446 687 3517 τῆς
727 3446 835 3499 τῶν
869 3445 1037 3516 ὀρέων
1082 3444 1385 3517 μεταϐολῆς
1415 3445 1722 3516 δειχθῆναι·
1763 3444 1837 3508 ὡς
1871 3445 2046 3499 πάντα
2071 3442 2313 3497 συντελεῖ
2339 3445 2418 3508 είς
2435 3445 2534 3516 τὴν
2562 3443 2654 3498 τοῦ
2676 3441 2813 3497 Θεοῦ
2854 3443 3106 3515 δύναμιν.
3166 3445 3261 3499 καὶ
3318 3443 3417 3514 τὴν

154 3537 368 3593 ἐκείνου
405 3541 655 3611 μήνυσιν.

227 3632 303 3686 Ού
336 3632 517 3686 τοίνυν
560 3632 744 3703 ὠνητὰ
784 3632 854 3687 τὰ
883 3632 1032 3702 παρὰ
1067 3632 1226 3699 Θεοῦ,
1267 3631 1404 3687 ἀλλὰ
1439 3632 1641 3704 προῖκά
1678 3648 1737 3684 τε

1907 3626 2077 3683 Vens.
2122 3625 2204 3680 i5.
2246 3623 2365 3681 Non
2412 3624 2583 3697 igitur
2628 3640 2737 3681 aere
2772 3624 2943 3691 dato,
2991 3625 3089 3682 sed
3143 3626 3315 3697 gratis
3362 3634 3419 3681 et

156 3725 252 3779 καὶ
283 3724 456 3798 χωρὶς
485 3725 751 3798 ἀργυρίου
780 3725 955 3778 ταῦτα
1002 3724 1236 3797 λήψεσθε
1255 3742 1268 3755 ·
1299 3724 1422 3777 ούδέ
1455 3724 1565 3795 γὰρ
1596 3724 1738 3777 οῖνου

1890 3738 1957 3777 ne
2009 3720 2244 3792 pecunia
2296 3716 2439 3775 dona
2494 3716 2593 3773 Dei
2632 3717 3094 3789 consequemini;
3153 3733 3265 3773 non
3304 3718 3417 3773 vini

157 3817 319 3887 χρεία
378 3818 459 3881 είς
512 3815 763 3888 σπονδὴν,
808 3817 904 3870 καὶ
946 3816 1164 3881 στέατος
1210 3819 1290 3880 εἰς
1324 3816 1545 3873 θυσίαν·
1581 3816 1620 3871 ει
1647 3818 1740 3871 καὶ

1887 3813 2192 3869 baminibus
2216 3852 2231 3878 ,
2258 3819 2353 3868 aut
2382 3810 2731 3865 victimarum
2753 3809 2913 3880 adipe
2942 3808 3201 3880 indigetis
3229 3826 3244 3875 ;
3290 3811 3417 3880 qui-

156 3907 335 3964 ταῦτα
373 3908 638 3980 ἀργυρίου
683 3907 1001 3978 ὠνούμενοι,
1035 3907 1184 3962 οὐδὲν
1211 3907 1373 3962 πλέον
1395 3907 1740 3978 ἀποφέρεσθε

1887 3920 1940 3959 is
1970 3904 2116 3960 enim
2138 3942 2155 3969 ,
2211 3912 2265 3959 et
2291 3902 2415 3958 aliis
2446 3901 2625 3972 pretio
2656 3901 2857 3971 emptis
2877 3939 2893 3966 ,
2932 3914 3043 3955 non
3084 3900 3208 3971 plus
3254 3899 3420 3973 proii-

156 4002 238 4063 εἰς
263 4000 451 4071 ὄνησιν
474 3999 762 4071 ἢκόπον,ἢ
794 3998 1012 4071 μόχθον,
1033 3998 1108 4070 μὴ
1137 3998 1306 4054 ὄντων
1337 3998 1534 4054 ίκανῶν
1557 3998 1739 4052 δυσω-

1887 3997 1998 4053 .etis
2022 4036 2037 4062 ,
2065 4010 2229 4066 quam
2264 3994 2547 4050 laboribus
2580 4000 2635 4048 et
2664 3991 3097 4063 defatigatione;
3129 3993 3244 4047 haec
3272 3992 3427 4048 enim

159 4092 455 4163 πημάτων.
858 4104 869 4113 ’

1887 4105 1949 4144 ou
1983 4087 2261 4143 sufficiunt
2302 4085 2370 4142 ad
2404 4083 2733 4140 ﬂectendum
2766 4082 2938 4139 Deum

240 4180 456 4254 Ὑμεῖς,
499 4181 685 4253 φησὶν,
718 4183 768 4237 oi
816 4181 1139 4251 ἀλλογενεῖς,
1176 4181 1225 4235 oi
1262 4179 1343 4252 τῷ
1373 4179 1491 4252 Θεῷ
1521 4180 1740 4235 ἀνακεί-

1914 4179 2042 4235 CAP.
2074 4177 2209 4241 LVI,
2247 4176 2416 4232 Vens.
2448 4176 2502 4232 3.
2534 4173 2668 4242 Vos,
2705 4175 2906 4245 inquit,
2934 4174 3254 4244 alienigena:
3280 4212 3297 4239 ,
3326 4174 3421 4243 qui

161 4288 343 4341 μενοι,
397 4270 495 4326 καὶ
546 4270 688 4325 κατὰ
742 4271 842 4335 τὰς
888 4270 1107 4336 ἐντολὰς
1151 4270 1318 4326 αὐτοῦ
1367 4270 1625 4341 βιοῦντες,
1665 4270 1740 4343 μὴ

1891 4286 1955 4325 eo
2016 4269 2248 4340 appositi
2303 4267 2481 4333 estis,
2535 4273 2589 4322 et
2639 4264 2705 4321 ad
2757 4272 3031 4337 praecepta
3088 4264 3209 4336 ejus
3252 4263 3422 4320 vitam

157 4360 455 4430 λογίσησθε
505 4363 727 4426 ἐαυτοὺς
781 4364 1181 4434 μακαριότητος
1221 4363 1596 4430 ἐπιτεύξεσθαι
1646 4362 1740 4417 καὶ

1887 4364 2137 4431 istruitis,
2166 4378 2235 4417 ne
2252 4362 2457 4432 putetis
2487 4376 2583 4416 vos
2610 4359 3003 4414 beatitudinem
3028 4367 3423 4413 consecuturos

156 4452 255 4505 τοῦ
289 4450 497 4523 κλήρου
536 4451 644 4505 τῶν
693 4452 893 4520 ἁγίωνο
922 4452 1037 4506 ἀλλ’
1060 4446 1432 4525 ἐπιστάμενοι,
1453 4454 1528 4517 ὡς
1549 4452 1740 4524 τρόπος

1887 4466 1902 4509 ι
1961 4453 2332 4511 ὴωτειίἱιεῑοω
2388 4459 2752 4518 sanctorum;
2804 4450 2903 4507 sed
2956 4449 3060 4504 hoc
3124 4448 3421 4513 recordati,

161 4543 314 4612 ὑμᾶς
367 4542 624 4597 συνάπτει
673 4542 751 4613 τῷ
798 4543 1065 4616 Ἀϐραὰμ,
1111 4545 1204 4599 καὶ
1237 4545 1298 4599 ού
1348 4545 1538 4613 γένους
1582 4545 1740 4615 ἀγχι-

1887 4548 1991 4604 uod
2021 4546 2268 4604 moribus
2318 4562 2444 4601 cum
2495 4545 2766 4600 Abraham
2823 4541 3264 4611 conjungimini,
3313 4556 3422 4599 non

161 4633 345 4696 στεία,
382 4632 529 4703 ἠθῶν
567 4634 880 4705 ἐπιμέλειαν
911 4634 1174 4699 ποιεῖσθε,
1205 4638 1299 4689 καὶ
1324 4634 1443 4707 Θεῷ
1475 4635 1740 4690 δουλεύειν

1887 4639 2060 4695 eneris
2097 4637 2460 4708 cognatione,
2515 4650 2731 4691 morum
2782 4649 2969 4688 curam
3012 4634 3215 4705 geratis
3242 4672 3259 4698 ,
3306 4643 3428 4690 stu-

161 4725 451 4792 σπεύδετε,
503 4725 598 4781 καὶ
627 4727 686 4779 οὐ
748 4725 1275 4799 φυλοκρινηθήσεσθε
1302 4726 1396 4780 τοῦ
1430 4727 1620 4797 γένους
1638 4727 1740 4782 τῶν

1887 4733 1999 4788 iose
2032 4730 2144 4786 Deo
2177 4729 2525 4794 inserviatis,
2554 4737 2609 4783 et
2650 4714 2763 4782 non
2794 4727 3125 4797 separemini
3158 4742 3188 4781 a
3229 4743 3427 4799 genere

160 4814 413 4870 δικαίων.
944 4872 959 4883 ν

1887 4830 2143 4877 istarum.

248 4908 483 4976 Ἐπάγει
529 4907 728 4971 αὐτοὺς
778 4908 858 4971 είς
906 4909 1233 4978 κατανόησιν
1288 4907 1378 4961 διά
1409 4911 1613 4962 τούτων
1638 4909 1740 4965 τῶν

1917 4912 2045 4967 CAP.
2077 4910 2235 4976 LVII,
2267 4910 2437 4967 Vens.
2472 4910 2523 4964 i.
2566 4908 2797 4965 Deducit
2825 4924 2921 4966 eos
2954 4908 3023 4965 ad
3052 4910 3426 4981 pmnitentiam

159 4999 280 5062 τοῖς
305 4996 538 5061 δικαίοις
568 4997 935 5070 ὀφειλομένων
956 4998 1221 5069 ἀμοιϐὦν.

236 5088 414 5144 Πάλιν
443 5091 508 5143 ἐκ
551 5089 918 5161 προσαγωγῆς
948 5091 1029 5154 εἰς
1052 5089 1397 5162 συναίσθησιν
1419 5090 1617 5155 αὐτοὺς
1638 5090 1749 5145 τῶν

168 5183 321 5240 ἰδίων
350 5182 834 5255 πλημμελημάτων
877 5183 1105 5252 ἀγαγεῖν
1152 5182 1420 5254 βούλεται,
1444 5183 1752 5255 φθεγγομέ-

162 5294 296 5340 νους
331 5276 428 5348 μὲν
456 5276 626 5339 ἀδεῶς
647 5276 785 5330 κατά
808 5273 898 5328 τοῦ
933 5274 1160 5339 δικαίου,
1193 5275 1541 5346 ἀπρονοήτως
1571 5274 1629 5328 δὲ
1654 5274 1749 5329 τοῦ

167 5368 292 5439 βίου
338 5367 530 5422 τούτου
581 5365 895 5437 νομίζοντας
935 5366 1405 5421 ἁπαλλάττεσθαν
1432 5366 1751 5430 ὑποδεικνὺς

167 5460 361 5529 αὐτοῖς
413 5457 489 5523 ὡς
546 5459 860 5530 ἠρνήθησαν
892 5458 991 5529 μὲν
1014 5458 1076 5513 τὸ
1112 5458 1424 5530 σωματικὸν
1456 5455 1597 5523 εἶδος
1642 5458 1751 5513 τῶν

169 5552 352 5620 ἁγίων
372 5568 388 5582 ·
421 5553 489 5622 τῇ
531 5551 587 5605 δὲ
624 5551 732 5606 τῶν
760 5550 977 5623 τρόπων
1020 5551 1291 5624 μοχθηρίᾳ
1317 5552 1601 5623 ᾠκείωσαν
1627 5553 1752 5606 ἐαυ-

166 5645 304 5706 τοὺς
341 5645 548 5713 μοιχοῖς
571 5659 629 5695 τε
658 5642 751 5695 καὶ
779 5642 995 5714 πόρνοις
1014 5660 1028 5673 ’
1065 5641 1139 5714 μὴ
1162 5643 1628 5714 ἀναλογισάμενοι,
1653 5643 1749 5709 ὡς,

166 5735 336 5791 αὐτοὶ
392 5735 543 5801 ὄντες
591 5735 865 5803 ἀπωλείας
893 5737 1056 5807 ἄξιοι,
1099 5737 1344 5803 κακίζειν
1383 5737 1751 5811 ἐπειράθησαν

1848 5007 2116 5063 memoria
2149 5005 2419 5060 bonorum
2450 5003 2620 5075 justis
2657 5003 3086 5059 destinatorum.

1920 5096 2088 5152 Vens.
2138 5097 2191 5152 3.
2248 5095 2493 5153 Ulterius
2544 5110 2877 5168 progressus
2937 5096 3138 5151 iterum
3199 5110 3298 5151 eos
3361 5094 3430 5149 ad

1848 5187 2192 5259 agnoscenda
2254 5198 2479 5260 peccata
2548 5190 2819 5245 adducere
2900 5187 3140 5251 studet,
3219 5187 3429 5257 justum

1850 5280 2158 5350 procaciter
2181 5278 2563 5351 increpantes,
2594 5290 2800 5335 etcum
2854 5280 3170 5335 inconsulte
3218 5278 3286 5334 de
3318 5278 3432 5332 vita

1851 5370 2094 5422 ablatum
2183 5370 2584 5425 existimantes.
2676 5368 2886 5424 Indicat
2950 5384 3045 5425 eos
3111 5382 3431 5438 corpoream

1854 5462 2092 5531 speciem
2127 5471 2445 5517 sanctorum
2479 5464 2785 5536 negavisse,
2826 5471 2882 5518 et
2911 5478 3125 5518 morum
3160 5464 3435 5533 pravitate

1855 5570 1916 5610 se
1946 5554 2095 5624 ipsos
2144 5554 2554 5610 consociavisse
2599 5571 2724 5610 cum
2774 5554 3038 5610 adulteris
3083 5567 3137 5608 et
3189 5553 3435 5608 meretri-

1854 5647 2032 5701 cibus.
2086 5645 2402 5703 Perditionc
2439 5646 2588 5717 digni
2619 5663 2743 5703 cum
2784 5655 2969 5703 essent
2993 5690 3008 5713 ,
3042 5654 3248 5701 temere
3288 5645 3435 5700 viros

1855 5739 2127 5797 lacessere
2183 5740 2366 5797 conati
2405 5749 2533 5797 sunt
2577 5738 2671 5811 qui
2718 5739 2785 5796 de
2818 5749 2969 5798 recto
2996 5752 3192 5799 curare
3230 5744 3284 5795 et
3330 5736 3438 5793 Deo
