3792 6150
387 303 525 360 1563

1543 307 1890 363 THEODOR!
1916 307 2438 364 HERACLEENSIS

3529 303 3660 359 1364

381 418 666 475 intendere
713 418 1024 474 studebant.
1085 420 1356 476 ldolorum
1408 423 1692 488 fautores,
1750 425 1914 496 quibu

2075 426 2185 489 τοὺς
2225 423 2317 477 τοῦ
2367 423 2576 477 δικαίου
2643 420 3077 492 ἐπιμελομένους
3107 421 3202 473 καὶ
3257 415 3376 488 Θεῷ
3418 435 3665 488 προσαν-

381 525 582 582 pueros
622 526 785 580 super
837 521 1049 567 montes
1078 523 1132 567 et
1179 523 1360 583 petras
1398 516 1715 570 deferebant
1758 517 1952 571 immo-

380 602 596 667 landos,
631 603 725 658 Dei
762 604 1053 658 vindictam
1085 609 1354 662 vitaturus
1386 611 1684 678 sperabant

453 874 616 930 Vens.
653 874 739 928 15.
774 873 983 939 Quibus
1013 873 1328 926 nominibus
1355 873 1586 944 benigne
1613 874 1755 930 Deus
1785 875 1954 946 signi-

377 969 506 1024 ﬁcat
541 981 600 1022 se
628 981 750 1020 esse
783 963 1110 1023 Excelsum:
1145 963 1246 1032 ipsi
1275 965 1418 1018 enim
1465 974 1729 1035 quantum
1775 968 1830 1021 in
1873 968 1953 1023 eis

377 1065 497 1113 erat
519 1097 533 1119 ,
573 1056 736 1111 Deum
769 1054 1028 1109 humilem
1060 1053 1384 1120 eﬂ'eceraut,
1417 1056 1577 1111 idolis
1607 1059 1954 1113 consentien-

377 1151 469 1205 do.
504 1147 810 1203 Prmsertim
835 1162 964 1200 vero
990 1155 1237 1200 sanctum
1264 1163 1321 1200 se
1345 1163 1466 1202 esse
1489 1149 1800 1213 contendit,
1828 1165 1952 1202 cum

374 1241 452 1294 illi
484 1255 681 1295 nomen
709 1241 829 1308 ejus
861 1239 1042 1308 pravis
1085 1238 1507 1308 cogitationibus
1549 1248 1601 1293 et
1650 1239 1953 1294 inhonestis

372 1331 636 1400 operibus
693 1329 1064 1398 profanarent.
1111 1327 1222 1398 Ego
1263 1345 1392 1384 vero
1435 1339 1660 1384 sanctus
1703 1347 1856 1395 sum,
1901 1341 1955 1386 et

375 1425 582 1479 sanctis
611 1421 950 1493 congaudeo,
977 1433 1032 1476 et
1065 1431 1285 1478 sanctos
1313 1422 1558 1476 homines
1584 1423 1778 1487 cilicio,
1809 1424 1954 1478 vires

373 1530 562 1573 eorum
589 1515 838 1585 augendo
858 1555 872 1580 ,
901 1523 955 1569 ct
980 1523 1193 1570 mentes
1221 1515 1478 1585 erigendo
1509 1515 1575 1568 ad
1603 1515 1950 1580 sublimiora,

372 1607 669 1663 dummodo
699 1623 760 1663 se
789 1623 892 1677 ope
919 1623 1038 1661 mea
1069 1606 1262 1677 dignos
1296 1607 1556 1676 praebere,
1583 1616 1635 1662 et
1661 1607 1950 1660 contritam

370 1698 824 1768 humiliatamque
849 1699 1178 1753 voluntatem
1199 1707 1457 1768 prmstare
1476 1699 1795 1764 videantur;
1824 1713 1948 1752 nam

369 1792 571 1847 talibus
599 1806 699 1863 ego
729 1791 895 1845 vitam
925 1799 1182 1844 mternam
1212 1790 1434 1860 largior.

447 1971 609 2028 Vens.
655 1973 742 2027 ιθ.
787 1973 991 2028 Ulcisci
1034 1986 1100 2026 eo
1146 1987 1313 2026 sensu
1354 1970 1500 2026 Deus
1539 1968 1761 2033 dicitur,
1803 1967 1950 2038 quod

369 2073 693 2134 peccatores
723 2065 846 2119 ideo
874 2066 1036 2120 malis
1063 2063 1262 2118 adiciat
1281 2104 1296 2128 ,
1324 2071 1386 2117 ut
1418 2079 1476 2119 se
1502 2063 1733 2134 quisque
1757 2062 1823 2115 ad
1853 2063 1950 2116 bo-

366 2173 496 2211 nam
533 2156 744 2228 frugem
778 2159 1045 2228 recipiat;
1087 2157 1230 2228 quod
1275 2156 1404 2212 facit
1429 2155 1606 2221 Deus,
1637 2155 1948 2210 misericor-

366 2249 455 2303 dia
489 2251 648 2304 nobis
678 2265 931 2320 parcens.
1118 2238 1120 2240 ’

439 2339 604 2396 Vens.
651 2341 735 2395 l7.
780 2342 837 2397 lu
867 2344 1001 2412 ipsis
1026 2343 1187 2398 etiam
1215 2343 1391 2412 ptenis
1412 2341 1718 2420 repetendis
1740 2340 1947 2396 miseri-

364 2433 608 2488 cordiam
639 2449 792 2490 suam
822 2435 1067 2492 declarat
1098 2434 1270 2501 Deus,
1305 2434 1433 2488 dum
1457 2434 1626 2488 multa
1656 2440 1944 2503 peccantes

363 2527 556 2600 paucis
588 2527 794 2598 afﬂigit.

435 2619 561 2688 Cap.
598 2619 796 2690 LVIII,
829 2618 996 2675 Vens.
1024 2621 1076 2676 1.
1108 2619 1237 2675 Rem
1268 2619 1457 2675 leviter
1484 2618 1942 2691 perpendentibus

360 2710 537 2767 laetari
580 2713 838 2768 videntur
876 2715 1027 2784 impii
1069 2714 1125 2768 in
1169 2713 1544 2784 voluptatibus
1585 2715 1740 2780 suis;
1786 2723 1841 2766 at
1887 2714 1941 2767 in

361 2806 481 2862 dies
525 2805 592 2876 ad
627 2805 921 2876 perniciem
957 2806 1182 2876 propius
1208 2805 1562 2868 accedentes,
1595 2821 1723 2860 vera
1755 2805 1941 2859 laetitia

361 2903 590 2962 carent;
622 2910 731 2950 non
765 2896 910 2951 enim
944 2904 1028 2951 est
1059 2897 1164 2950 alia
1195 2895 1378 2950 laetitia
1415 2903 1612 2964 praeter
1637 2910 1755 2950 eam
1779 2937 1792 2960 ,
1820 2911 1941 2965 qua:

322 3041 325 3043 _
359 3003 462 3058 per
493 2987 707 3055 labores
744 2997 799 3041 et
836 2987 1215 3043 tribulationes
1238 2988 1407 3040 vitam
1437 2994 1695 3042 aternam
1746 3001 1939 3056 opera-

358 3088 475 3152 tur.
506 3079 649 3136 Justi
679 3088 858 3149 autem
888 3095 1015 3144 vera
1041 3081 1226 3150 laetitia
1256 3081 1533 3166 replentur
1558 3098 1572 3148 ;
1609 3081 1810 3150 quippe
1843 3081 1936 3155 qui
1965 3117 2010 3178 ε

358 3188 524 3244 opere
567 3187 632 3227 ea
674 3173 963 3242 perﬁciunt
987 3188 1109 3243 quae
1135 3162 1423 3228 intendunt
1440 3211 1463 3248 ,η
1489 3181 1543 3228 et
1573 3173 1694 3228 ideo
1722 3173 1936 3243 placida

358 3273 544 3319 mente
575 3261 833 3332 (ruuntur
862 3277 927 3316 ac
953 3263 1269 3334 tranquilla.

433 3440 598 3497 Vens.
631 3441 685 3497 9.
717 3442 848 3508 Quae
870 3441 1087 3513 quidem
1118 3442 1430 3496 hominibus
1456 3443 1760 3512 peragenda
1786 3449 1933 3508 sunt,

358 3535 529 3589 vitam
559 3551 715 3590 suam
747 3543 802 3590 et
834 3550 1014 3589 mores
1046 3549 1178 3589 suos
1209 3544 1354 3589 recte
1383 3535 1800 3589 instruentibus.

428 3626 566 3693 CAP.
599 3625 747 3692 LIX,
793 3625 956 3681 Vens.
989 3627 1040 3681 5.
1083 3625 1347 3698 Pleraque
1387 3626 1772 3691 consilibrum,
1815 3642 1936 3698 quae

357 3719 540 3774 verbis
579 3719 750 3774 locuti
802 3729 964 3784 sunt,
1017 3728 1078 3774 ut
1122 3735 1224 3774 ova
1266 3719 1515 3789 aspidum
1544 3721 1786 3776 nondum
1817 3736 1934 3774 ma-

355 3815 481 3864 tura
504 3852 518 3868 .
553 3819 648 3864 aut
677 3810 782 3866 tela
813 3825 1024 3866 aranea
1053 3827 1174 3881 qua:
1216 3812 1422 3866 nullius
1465 3829 1602 3868 usus
1647 3823 1766 3878 est,
1811 3815 1932 3884 plus

355 3900 538 3955 damni
565 3901 798 3956 aderunt
822 3918 985 3972 quam
1014 3903 1284 3960 utilitatis.
1314 3903 1471 3970 Quod
1503 3907 1549 3960 si
1580 3913 1762 3960 autem
1793 3904 1934 3960 forte

355 4006 418 4047 ea
439 4032 453 4056 ,
490 3992 638 4046 velut
668 3993 780 4048 fota
802 4033 818 4056 ,
851 4009 1014 4062 opere
1042 3994 1360 4064 perﬁcient,
1398 4012 1581 4052 nonne
1609 3999 1805 4053 merito
1837 4014 1932 4054 eos

355 4097 482 4137 cum
513 4082 828 4152 hominibus
858 4082 1139 4140 conferres
1159 4126 1172 4148 ,
1203 4101 1366 4140 ovum
1394 4086 1601 4157 aspidis
1629 4086 1932 4158 frangenti-

350 4174 490 4236 bus,
519 4187 574 4227 et
602 4174 752 4243 ineo
783 4175 1031 4244 regulum
1078 4177 1525 4245 reperientihus?
1569 4177 1674 4252 Qui
1721 4179 1933 4234 scilicet

353 4259 551 4329 anguis
581 4268 666 4314 est
695 4269 997 4316 venenatus
1027 4270 1080 4317 et
1110 4264 1445 4320 mortiferus.

2063 514 2316 583 ἔχοντας·
2363 511 2600 575 εἰδώλοις
2651 511 2760 583 γὰρ
2790 508 3236 581 προσκυνοῦντες,
3297 509 3393 562 καὶ
3439 508 3658 562 τούτοις

2062 599 2430 667 προσάγοντες
2489 598 2556 651 τὰ
2609 599 2816 652 ἑαυτῶν
2859 598 3026 650 τέκνα
3071 598 3150 657 εἰς
3207 597 3424 666 σφαγὴν
3457 597 3555 648 ἐπί
3595 611 3655 649 τε

2055 692 2164 742 τῶν
2188 691 2360 761 ὀρέων
2390 692 2481 743 καὶ
2513 691 2620 744 τῶν
2654 691 2888 762 πετρῶν,
2931 691 3030 759 τὴν
3055 689 3150 743 τοῦ
3182 688 3318 741 Θεοῦ
3343 689 3504 758 δίκην
3533 688 3654 740 διας

2058 780 2283 849 φεύγειν
2317 781 2716 851 ὑπελάμϐανον.

2127 871 2226 924 Διά
2250 871 2454 924 τούτων
2489 873 2623 925 ὅλων
2657 872 2765 925 τῶν
2793 873 3072 942 ὀνομάτων
3106 873 3139 942 ἡ
3173 870 3267 925 τοῦ
3300 870 3438 923 Θεοῦ
3473 871 3648 940 εὐμέ-

2055 983 2173 1018 νεια
2198 965 2470 1034 δηλοῦται,
2503 967 2584 1018 δτι
2616 984 2674 1018 τε
2711 966 2932 1035 ὕψιστός
2958 967 3103 1019 ἐστιν
3127 982 3141 997 ·
3167 967 3215 1018 εἰ
3236 966 3348 1029 καὶ,
3372 966 3498 1018 ὅσον
3537 961 3648 1036 ἧκε

2055 1053 2115 1106 τὸ
2160 1054 2338 1106 αὐτῶν
2367 1055 2552 1126 μέρος,
2601 1055 2851 1109 ταπεινὸν
2869 1057 3221 1125 πεποιήκασι,
3255 1055 3647 1124 συγκρίνοντες

2056 1147 2292 1210 εἰδώλοις
2337 1164 2396 1199 τε
2447 1147 2540 1198 καὶ
2600 1146 2880 1217 δαίμοσινο
2917 1146 2978 1198 οὐ
3021 1146 3126 1216 μὴν
3165 1145 3301 1198 ἀλλὰ
3335 1146 3431 1197 καὶ
3454 1144 3664 1212 ἅγιος,

2055 1238 2258 1291 τούτων
2295 1237 2663 1309 βεϐηλούντων
2701 1236 2762 1290 τὸ
2793 1236 2956 1291 αὑτοῦ
2990 1237 3160 1308 ὄνομα
3182 1241 3374 1300 κακαῖς
3397 1237 3642 1308 ἐνθυμήο

2058 1349 2174 1384 σεσι
2204 1331 2297 1384 καὶ
2328 1331 2588 1402 πράξεσιν
2611 1331 2672 1383 οὐ
2708 1331 2928 1395 καλαῖςο
2958 1331 3070 1384 ἀλλ’
3097 1332 3246 1400 ὅμως
3283 1331 3447 1394 αὐτὸς
3479 1333 3642 1399 ἅγιος

2054 1421 2130 1475 ὢν
2156 1424 2249 1476 καὶ
2271 1423 2447 1490 ἁγίοις
2477 1422 2704 1493 χαίρων,
2739 1423 3023 1487 κάκείνους
3065 1421 3324 1491 ἁγιάζων,
3357 1425 3638 1494 ἐπιρρων-

2054 1513 2149 1576 νὺς
2179 1513 2357 1566 αὐτῶν
2379 1513 2477 1584 τὴν
2504 1513 2732 1584 δύναμιν
2757 1553 2772 1578 ,
2809 1515 2903 1567 καὶ
2940 1515 3168 1586 ἐγείρων
3196 1515 3376 1567 αὐτῶν
3407 1516 3476 1567 τά
3503 1534 3638 1588 φρο-

2055 1605 2292 1673 νήματα,
2347 1603 2505 1674 μόνον
2565 1606 2612 1656 εἰ
2663 1604 2961 1675 φανείησαν
3019 1606 3244 1666 ἑαυτοὺς
3295 1605 3636 1676 παρέχοντες

2053 1699 2255 1763 ἀξίους,
2278 1699 2371 1751 καὶ
2395 1698 2494 1769 τὴν
2527 1699 2732 1752 ἑαυτῶν
2762 1699 2977 1768 θέλησιν
2989 1699 3293 1761 δεικνύντες
3317 1715 3636 1770 συντετριμ-

1979 1780 2023 1834 Β
2055 1791 2221 1862 μένην
2246 1791 2339 1843 καὶ
2384 1792 2860 1861 τεταπεινωμένην
2882 1808 2895 1822 ·
2936 1791 3030 1844 καὶ
3067 1790 3176 1859 γὰρ
3208 1791 3303 1842 καὶ
3331 1787 3478 1860 ζωὴν
3501 1790 3636 1844 aid:-

2051 1894 2161 1931 νιον
2182 1881 2294 1941 τοῖς
2316 1878 2577 1942 τοιούτοις
2605 1882 2916 1952 χορηγήσω.

2139 1971 2382 2025 Ἑκδικία
2415 1972 2471 2025 δὲ
2494 1973 2586 2026 καὶ
2612 1975 2731 2026 κατ’
2765 1972 2920 2026 ἄλλον
2952 1972 3152 2044 τρόπον
3179 1973 3420 2041 λέγεται,
3445 1973 3508 2024 τὸ
3539 1977 3632 2026 τὸν

2048 2067 2428 2137 ἁμαρτάνοντα
2454 2065 2822 2137 παραδοθῆναι
2853 2065 3193 2134 σκυθρωποῖς
3220 2065 3357 2135 πρδς
3379 2064 3444 2116 τὸ
3467 2063 3630 2117 αὐτόν

2047 2173 2167 2210 τινα
2215 2155 2345 2226 παρ’
2394 2154 2588 2208 ἑαυτοῦ
2646 2153 3030 2223 παιδευθῆναι·
3073 2153 3246 2207 ταῦτα
3286 2155 3434 2206 ποιεῖ
3474 2153 3628 2218 Θεὸς,

2047 2246 2423 2318 φιλανθρωπίᾳ
2453 2246 2768 2317 φειδόμενος
2795 2240 2888 2298 τοῦ
2924 2246 3189 2316 ἡμετέρου
3224 2245 3436 2313 γένους.

2115 2334 2226 2408 Τὴν
2290 2337 2701 2409 φιλανθρωπίαν
2733 2337 2926 2390 ἑαυτοῦ
2966 2340 2994 2390 ὁ
3029 2338 3164 2400 Θεὸς
3188 2339 3281 2392 καὶ
3309 2339 3367 2391 ἐν
3395 2340 3519 2402 ταῖς
3551 2355 3631 2390 τι·

2048 2429 2280 2499 μωρίαις
2311 2429 2662 2492 ἐνδείκνυται,
2683 2429 2839 2499 ἡμῶν
2862 2430 2960 2499 μὲν
2979 2429 3144 2482 πολλὰ
3174 2429 3624 2500 ἁμαρτανόντων,

2043 2521 2207 2574 αὐτοῦ
2228 2521 2282 2574 δὲ
2314 2521 2470 2589 ὀλίγα
2499 2521 2862 2584 παιδεύοντος.

2108 2611 2228 2665 Κᾶν
2275 2612 2386 2684 γὰρ
2434 2615 2483 2666 οἱ
2530 2613 2747 2675 ἀσεϐεῖς
2780 2613 2857 2682 τῷ
2889 2611 3064 2665 δοκεῖν
3096 2613 3294 2666 δοκῶσι
3324 2613 3537 2683 χαίρειν
3564 2615 3625 2667 ἐν

2041 2708 2162 2768 ταῖς
2213 2705 2420 2759 ἑαυτῶν
2475 2706 2690 2777 ἡδοναῖς
2740 2705 3083 2777 τρεφόμενοι,
3133 2705 3268 2760 ἀλλά
3333 2704 3485 2774 γὀὖν
3543 2709 3624 2770 εἰς

2041 2796 2314 2860 ἀπωλείας
2368 2797 2522 2861 τέλος
2567 2798 3049 2868 καταστρέφοντες,
3109 2798 3168 2850 οὐ
3212 2799 3312 2869 τὴν
3364 2797 3624 2870 ἀληθινὴν

2039 2887 2213 2958 χαρὰν
2273 2887 2556 2960 χαίρουσι·
2593 2889 2726 2959 μόνη
2782 2889 2890 2959 γὰρ
2945 2887 3153 2959 κυρίως
3181 2888 3248 2941 ἂν
3289 2889 3373 2958 εἴη
3415 2887 3621 2958 χαράή

2040 2981 2103 3031 ἐκ
2136 2980 2396 3049 καμάτων
2448 2997 2506 3032 τε
2558 2980 2653 3032 καὶ
2693 2979 2925 3048 θλίψεων
2951 2979 3094 3050 ζωὴν
3121 2977 3338 3032 αἰώνιον
3361 2996 3626 3050 πραγμαο

2038 3072 2324 3142 τευομένη.
2363 3071 2522 3124 Ἀλλά
2558 3073 2652 3125 καὶ
2677 3074 2850 3144 χαρᾶς
2878 3071 2978 3141 τῆς
3000 3070 3259 3142 ἀληθινῆς
3280 3070 3625 3142 πληροῦνται

2038 3163 2087 3214 οἰ
2129 3161 2666 3233 δικαιοπραγοῦντες,
2694 3165 2772 3226 εἰς
2802 3162 2960 3231 ἔργον
3000 3163 3182 3224 αὐτοῖς
3207 3160 3627 3233 προχωροῦντος

2035 3252 2130 3307 τοῦ
2157 3254 2383 3320 σκοποῦ,
2420 3255 2516 3309 καὶ
2544 3257 2820 3328 ἀταράχου
2863 3256 3129 3326 μενούσης
3171 3256 3269 3326 τῆς
3295 3255 3495 3326 ψυχῆς,
3526 3257 3624 3308 καὶ

2035 3345 2464 3419 γαληνιαζούσης
2495 3349 2552 3400 ἐν
2584 3349 2771 3418 ἑαυτῇ.

2105 3438 2214 3491 Καὶ
2240 3437 2414 3492 ταῦτα
2468 3439 2838 3510 ῥυθμιζόντων
2864 3439 3062 3503 αὐτοὺς
3111 3441 3192 3504 εἰς
3225 3439 3338 3510 βίον
3385 3439 3481 3492 τὸν
3534 3442 3623 3493 ὲν-

2036 3529 2249 3600 άρετον,
2279 3531 2371 3584 καὶ
2400 3531 2618 3602 τρόπων
2647 3532 2915 3603 εὐθύτητα
2947 3533 3253 3603 ὑφηγεῖται.

2107 3622 2186 3674 Τά
2212 3622 2317 3694 γὰρ
2351 3623 2578 3676 πλεῖστα
2605 3623 2711 3678 τῶν
2731 3625 2968 3696 ἐπιθυμη
2979 3626 3161 3694 μάτων
3182 3624 3361 3679 αὐτῶν
3388 3616 3469 3678 ὧν
3494 3641 3619 3676 συν-

2035 3711 2284 3779 ελέξαντο
2331 3713 2518 3785 ὥσπερ
2568 3714 2650 3768 ὠά
2691 3717 2933 3770 ἀσπίδων
2956 3717 3382 3788 ἀτελεσφὸρητα,
3419 3718 3514 3769 καὶ
3543 3715 3617 3777 ὡς

2038 3803 2184 3866 ίστδς
2207 3803 2451 3876 ἀράχνης
2491 3807 2570 3870 εἰς
2604 3805 2755 3859 οὐδὲν
2783 3808 3049 3861 συντελῶν
3078 3801 3248 3877 μένει,
3283 3807 3489 3878 βλάϐην
3516 3807 3614 3861 αύ-

2033 3895 2144 3957 τοῖς
2173 3894 2370 3964 μᾶλλον
2399 3895 2543 3967 ἤπερ
2569 3896 2839 3966 ὠφέλειαν
2871 3899 3107 3969 φέροντα
3137 3916 3149 3928 ·
3182 3899 3231 3950 εἰ
3262 3898 3318 3950 δὲ
3353 3899 3451 3950 καὶ
3481 3915 3615 3966 συμ-

2035 3983 2161 4056 ϐαίη
2189 3987 2394 4050 ταύτας
2417 3986 2514 4051 τὰς
2563 3988 2772 4052 ἐννοίας
2812 3989 2998 4062 ὥσπερ
3019 3989 3512 4060 διαθερμανθείσας
3535 3992 3613 4053 είς

2033 4078 2260 4148 πράξεις
2285 4079 2574 4151 προκόψαι,
2607 4081 2706 4133 οὐκ
2739 4081 2914 4135 ἔοικεν
2948 4083 3176 4145 ἐκείνοις
3215 4086 3328 4145 τοῖς
3367 4083 3602 4136 κλάσασι

2036 4169 2136 4240 μὲν
2184 4171 2288 4224 ὠὸν
2345 4172 2590 4237 ἀσπίδος,
2626 4172 2939 4242 βασιλίσκον
2987 4173 3046 4227 δὲ
3072 4175 3130 4226 ἐν
3159 4173 3343 4237 αὐτοῖς
3373 4175 3494 4246 (12)
3523 4175 3612 4227 εύ-

2034 4259 2216 4330 ροῦσι;
2251 4262 2342 4313 καὶ
2394 4262 2526 4315 αὑτό
2571 4264 2687 4316 ἐστι
2741 4263 2944 4316 ἰοϐόλον
2977 4265 3071 4317 καὶ
3107 4265 3484 4337 θανατηφόρον
3523 4266 3613 4336 ἐρ-

2034 4353 2214 4406 πετόν.

429 4437 599 4510 Vens.
635 4441 722 4494 l0.
765 4438 896 4506 Quae
927 4441 1029 4495 hoc
1064 4456 1230 4496 sensu
1265 4443 1499 4514 accipies
1528 4464 1540 4498 :
1576 4447 1914 4516 quemadmo‘

2109 4444 2218 4496 Καὶ
2264 4442 2423 4497 τοῦτο
2470 4445 2529 4498 δὲ
2578 4447 2898 4516 σκοπητέον,
2929 4449 3031 4512 ὅτι,
3083 4449 3272 4517 ὥσπερ
3316 4448 3610 4520 ὀφθαλμῶν

352 4527 483 4582 dum
513 4530 648 4584 nihil
676 4545 863 4586 eorum
897 4547 1016 4602 qua:
1045 4534 1410 4588 obversantur
1439 4551 1662 4591 cernere
1692 4540 1923 4607 poterit,

351 4619 444 4689 qui
478 4621 652 4677 oculis
681 4621 806 4676 licet
838 4623 1099 4692 praeditus
1133 4623 1253 4678 luce
1283 4634 1466 4690 caret,
1504 4637 1598 4680 aut
1626 4629 1717 4697 qui
1751 4629 1927 4684 lucem

353 4711 614 4782 adeptus,
645 4713 820 4767 oculis
851 4714 1190 4782 destituitur,
1240 4717 1314 4770 ita
1360 4733 1584 4773 necesse
1629 4728 1713 4774 est
1741 4729 1802 4774 ut
1834 4721 1928 4790 qui

352 4812 534 4857 mente
563 4802 766 4873 aliquid
794 4806 1082 4874 complecti
1114 4809 1383 4874 voluerit,
1417 4811 1664 4866 doctrina
1687 4812 1929 4870 illustre-

349 4901 440 4946 tur
470 4907 539 4947 ex
563 4890 766 4947 divinis
797 4891 1097 4965 Scripturis
1125 4895 1432 4966 desumpta.

424 4980 591 5038 Vens.
636 4983 723 5040 11.
765 4982 975 5040 Tantus
1015 4986 1120 5041 erit
1159 4988 1240 5043 eis
1274 4991 1505 5059 gemitus
1555 5000 1610 5046 et
1654 4993 1923 5060 ululatus,

350 5084 591 5145 quantus
623 5089 756 5130 urso
783 5077 995 5132 catulos
1041 5079 1275 5135 amissos
1323 5081 1568 5151 lugenti;
1620 5092 1714 5137 aut
1761 5085 1925 5140 etiam

349 5178 590 5239 quantus
620 5170 888 5226 columba:
915 5187 1037 5240 quae
1063 5181 1258 5227 natura
1289 5175 1549 5230 continuo
1577 5175 1782 5232 fremit.

421 5343 589 5404 Vens.
626 5347 714 5402 l7.
748 5347 988 5404 Salutem
1009 5391 1024 5415 ,
1053 5365 1217 5421 quam
1244 5365 1436 5421 poenas
1462 5356 1655 5409 dantes
1684 5368 1781 5424 per
1804 5369 1922 5424 poe—

348 5437 633 5503 nitentiam
675 5449 730 5495 et
770 5441 1108 5498 docilitatem
1155 5443 1404 5501 homines
1449 5446 1552 5502 sibi
1603 5455 1919 5518 operantur,

349 5531 629 5598 guscipere
652 5530 785 5587 dicit
806 5530 973 5588 Deum
996 5573 1011 5599 ,
1033 5543 1089 5590 et
1108 5535 1257 5591 velut
1284 5536 1662 5594 indumentum
1685 5579 1700 5609 ,
1732 5554 1920 5596 eorum

421 5698 530 5783 us.)
557 5697 749 5767 Potius
773 5705 941 5789 αιτῷ,

2029 4534 2219 4600 ὄντων,
2276 4539 2324 4590 εἰ
2377 4537 2453 4609 μὴ
2479 4541 2678 4612 παρείη
2712 4539 2846 4610 φῶς,
2881 4541 2973 4594 καὶ
3017 4541 3197 4610 φωτὸς
3242 4541 3416 4605 ὄντος,
3453 4543 3501 4594 εξ
3534 4542 3606 4612 μὴ

2029 4621 2159 4681 ὦσιν
2181 4629 2445 4700 ὀφθαλμοὶ
2481 4631 2789 4701 βλέποντες,
2837 4633 3098 4687 ἀδύνατόν
3131 4637 3246 4686 ἐστι
3281 4634 3350 4687 τὰ
3385 4635 3606 4687 ὐποκεί·

2032 4736 2168 4789 μενα
2195 4721 2432 4794 καθορᾷν
2455 4740 2468 4754 ·
2509 4722 2683 4787 οὕτως
2713 4723 2923 4796 ἀνάγκη
2965 4725 3056 4777 καὶ
3087 4725 3176 4778 τὸν
3203 4723 3527 4795 βουλόμενόν
3551 4741 3601 4775 τι

2027 4812 2352 4868 διανοεῖσθαι
2384 4814 2529 4880 νοῦν,
2561 4818 2636 4888 μὴ
2654 4817 2718 4869 ὲκ
2741 4817 2849 4870 τῶν
2868 4816 3027 4872 θείων
3049 4817 3280 4889 Γραφῶν
3304 4819 3601 4888 ἀρυόμενον

2030 4905 2238 4976 σοφίαν,
2269 4907 2609 4978 διαμαρτεῖν.

2098 4997 2362 5062 Τοσοῦτος
2407 4999 2464 5051 δὲ
2505 4998 2654 5052 ἔσται
2686 5002 2715 5054 ό
2743 5001 3043 5072 στεναγμὸς
3073 5001 3168 5055 καὶ
3199 5003 3232 5072 ἠ
3269 5001 3401 5072 παρ’
3427 4998 3600 5054 αὐτῶν

2025 5088 2263 5158 οἰμωγὴ,
2296 5089 2429 5162 ὅσην
2464 5090 2666 5162 ἄρκτος
2689 5094 3000 5147 ἀπολέσασα
3021 5095 3086 5148 τὰ
3111 5094 3310 5163 ἑαυτῆς
3333 5093 3500 5146 τέκνα
3523 5093 3597 5144 οίο

2029 5180 2226 5251 μὼξει·
2258 5182 2317 5235 οὐ
2355 5182 2461 5253 μὴν
2505 5183 2643 5237 ἀλλά
2669 5185 2764 5237 καὶ
2795 5185 3089 5259 περιστερά
3117 5185 3480 5246 ἀδιαλείπτως
3499 5199 3598 5253 φυφ

2027 5275 2195 5338 σικῶς
2221 5274 2516 5346 βρύχουσα.

2095 5368 2205 5440 Τὴν
2233 5371 2297 5421 ὲκ
2331 5357 2432 5439 τῆς
2474 5370 2759 5441 μετανοίας
2798 5373 2892 5425 καὶ
2919 5372 3182 5436 συνέσεως
3213 5389 3594 5443 πραγματευο-

2027 5456 2195 5528 μένην
2230 5459 2503 5530 σωτηρίαν
2536 5463 2650 5523 τοῖς
2692 5460 3120 5532 τιμωρουμένοις
3149 5461 3478 5516 οἰκειοῦσθαι
3505 5461 3593 5516 τὸν

2023 5546 2154 5601 Θεὸν
2213 5547 2456 5618 φάσκει,
2495 5549 2589 5602 καὶ
2618 5548 2894 5603 ἐνδύεσθαι
2942 5550 3129 5621 ὥσπερ
3169 5568 3223 5603 τι
3258 5550 3458 5620 ἔνδυμα
3493 5550 3590 5619 τὴν
