3824 6140
169 257 305 313 i365

1597 264 1663 320 IN
1696 264 1946 323 ISAIAM.

3270 272 3407 329 1568

166 370 741 444 τούτωνοδικαιοσύνην
765 388 778 401 ⁸
814 372 873 425 ού
908 373 1011 444 μὴν
1029 372 1164 428 ἀλλά
1196 375 1287 428 καὶ
1310 374 1499 446 ὥσπερ
1522 392 1574 428 τι
1607 376 1739 448 κρά-

1871 378 2102 433 ustiuam
2135 381 2379 436 induere.
2403 380 2517 437 lmo
2545 385 2703 454 quasi
2727 386 2892 439 lorica
2917 395 2969 442 et
2987 377 3138 457 galea
3157 426 3172 451 ,
3196 391 3406 458 inquit,

170 480 259 528 νος
290 463 385 517 καὶ
445 462 670 532 θώρακα
712 464 1082 536 περιτίθεσθαι
1110 466 1308 535 φάσκει
1336 467 1428 522 τὸν
1447 468 1599 531 Θεὸν,
1636 468 1735 533 τὰς

169 554 280 610 τῶν
304 554 605 626 ἀνθρώπων
645 556 1203 629 δικαιοπραγματείας
1230 577 1243 589 '
1284 560 1352 613 τὰ
1394 559 1452 613 δὲ
1488 560 1580 613 ἐπὶ
1600 559 1734 614 Θεοῦ

171 647 423 719 εἴληπται
471 648 821 720 παραμυθίαν
858 649 1089 722 φέροντα
1127 653 1240 715 τοῖς
1272 653 1566 723 ἀκροαταῖς
1590 668 1604 684 ·
1642 652 1738 705 καὶ

172 738 446 809 ἐπεγείρει
514 739 690 793 αὐτῶν
751 740 820 793 τὰ
870 743 1229 813 φρονήματα,
1290 742 1364 807 ὼς
1425 743 1738 814 δυναμένων

174 829 354 885 αὐτῶν
404 830 498 884 καὶ
527 830 726 902 ἔνδυμα
770 831 905 889 Θεοῦ
932 832 1203 902 γενέσθαι,
1237 832 1585 904 δικαιοσύνην
1611 852 1735 906 μετ-

177 922 386 976 ιόντων.

251 1012 564 1085 Προειδέναι
597 1015 703 1087 χρὴ
734 1015 794 1069 τὸ
827 1011 958 1086 ἦθος
989 1017 1047 1070 τὸ
1091 1017 1430 1083 δεσποτικὸν,
1461 1019 1541 1072 ὅτι
1564 1019 1742 1074 πάντα

176 1105 242 1159 δι’
269 1104 578 1177 ἀγαθὸτητα
621 1107 909 1175 προλέγει·
957 1110 1052 1173 ὡς,
1086 1110 1213 1162 ὃταν
1249 1110 1445 1179 ἀπειλῇ
1482 1110 1598 1180 μὲν,
1633 1109 1740 1172 ἴνα,

180 1196 508 1267 φοϐηθέντες
547 1197 617 1252 τά
649 1198 965 1270 σκυθρωπὰ,
1001 1200 1424 1271 ἐπιστρέψαντες
1450 1200 1543 1255 καὶ
1578 1218 1746 1272 μετα-

179 1288 471 1357 νοήσαντες
527 1288 880 1359 ἀπαλλαγῶσι
927 1293 1027 1362 τῆς
1062 1293 1258 1364 πείρας
1315 1293 1423 1346 τῶν
1451 1293 1668 1346 δεινῶν·
1709 1294 1742 1365 ἣ

182 1377 342 1431 πάλιν
374 1380 765 1448 ἐπαγγέλλεται
794 1382 862 1438 τὰ
896 1382 1095 1451 ἀγαθὰ,
1120 1385 1208 1437 ἵνα
1233 1386 1353 1449 ταῖς
1394 1385 1744 1453 ἐπαγγελίαις

183 1468 468 1542 ἐπιρῥὼσῃ
488 1471 594 1525 τῶν
616 1471 1146 1544 δικαιοπραγούντων
1165 1473 1265 1537 τὰς
1299 1473 1494 1545 ψυχὰς,
1529 1473 1663 1545 πρὸς
1687 1473 1748 1528 τὸ

187 1559 391 1634 μᾶλλον
454 1563 671 1634 ἔχεσθαι
722 1565 819 1637 τῆς
863 1566 998 1637 πρὸς
1032 1566 1123 1621 τὸν
1161 1566 1296 1620 Θεὸν
1324 1567 1554 1631 ἐλπίδος.
1608 1566 1746 1620 Ἀλλ’

1842 470 2275 524 circumdabitur
2298 470 2442 528 Deus
2465 473 2626 529 bonis
2651 473 2933 530 hominum
2963 477 3239 546 operibus.
3275 478 3407 546 Qua:

1842 559 2060 628 quidem
2086 559 2154 614 de
2185 559 2297 616 Deo
2323 561 2659 631 referuntur,
2684 572 2741 619 ut
2766 566 3049 624 audientes
3068 569 3329 637 excitent,
3355 581 3410 627 et

1842 660 2051 706 mentes
2081 668 2269 707 eorum
2301 654 2543 725 erigant,
2594 657 3000 715 recordantium
3037 675 3100 718 se
3138 660 3407 719 iustitiam

1842 742 2072 798 colendo
2099 743 2195 800 Dei
2226 745 2597 803 indumentum
2627 764 2788 821 posse
2820 750 2954 806 ﬁeri.

1986 1020 2113 1076 Car.
2157 1021 2284 1089 LX,
2332 1022 2490 1082 Vsus.
2533 1026 2585 1081 8.
2625 1024 2745 1083 Prae
2786 1029 2960 1084 oculis
3003 1029 3283 1088 habendus
3328 1040 3413 1088 est

1848 1111 1943 1164 Dei
1978 1126 2097 1166 mos
2125 1121 2345 1183 propter
2374 1115 2764 1186 benignitatem
2790 1126 3016 1173 ventura
3045 1119 3408 1189 praedicentis.

1847 1200 2004 1257 Nunc
2043 1203 2218 1258 minas
2251 1203 2514 1271 intendit,
2567 1214 2628 1261 ut
2657 1206 2793 1262 diris
2821 1211 3129 1278 perterriti,
3166 1226 3262 1281 per
3295 1225 3412 1282 pte-

1850 1295 2138 1348 nitentiam
2170 1304 2224 1351 et
2267 1297 2573 1352 animorum
2617 1300 3028 1356 conversionem
3073 1302 3412 1358 imminentia

1851 1386 1954 1441 sibi
1987 1387 2129 1440 mala
2154 1396 2441 1468 avertant;
2474 1404 2619 1443 nunc
2641 1400 2821 1445 autem
2849 1392 2989 1446 bona
3020 1393 3319 1463 promittit,
3349 1399 3411 1448 ut

1846 1477 2119 1546 justorum
2154 1481 2365 1535 animos
2406 1481 2689 1550 promissis
2732 1483 3049 1559 conﬁrmet,
3093 1492 3148 1540 et
3181 1484 3414 1556 ﬂagran-

1851 1567 1977 1621 tiori
2005 1567 2061 1621 in
2092 1567 2260 1622 Deum
2307 1570 2487 1625 studio
2540 1571 2814 1626 incendat.
2857 1574 2926 1626 At
2973 1574 3119 1629 nulla
3175 1591 3411 1647 unquam

184 1654 305 1708 οὐδέ
336 1671 437 1710 που
493 1656 587 1710 καὶ
640 1656 883 1728 ἀνάγκην
907 1657 1018 1735 ἔχει
1054 1656 1186 1722 Θεὸς
1217 1657 1456 1730 πληροῦν
1477 1660 1680 1713 ταῦτα·
1712 1658 1746 1730 ἢ

1873 1675 1969 1730 ege
1997 1660 2063 1715 ad
2090 1660 2206 1716 haec
2230 1662 2556 1732 perﬁcienda
2586 1665 2817 1734 cogitur.
2849 1663 2984 1719 Nam
3011 1667 3117 1722 illis
3144 1669 3414 1738 pmniten-

184 1745 294 1818 γὰρ
325 1748 770 1817 μετανοησάντων
806 1731 983 1819 ἀνῆκε.
1010 1749 1099 1803 τὸν
1128 1749 1319 1821 θυμὸν,
1359 1750 1417 1820 ἢ,
1458 1749 1534 1822 μὴ
1561 1751 1754 1821 ἐμμει-

1871 1750 1985 1803 iam
2015 1731 2301 1821 agentibus
2320 1792 2335 1818 ,
2371 1752 2510 1806 iram
2552 1731 2706 1822 ponit
2734 1769 2749 1818 ;
2778 1761 2832 1807 et
2864 1753 2949 1808 his
2970 1766 3002 1807 a
3030 1731 3179 1810 recta
3206 1755 3292 1810 via
3319 1755 3416 1811 dev

187 1836 393 1893 νάντων
436 1841 549 1903 τοῖς
594 1840 799 1905 καλοῖς,
836 1840 895 1893 οὐ
943 1839 1217 1894 τελειώσει
1249 1842 1318 1895 τά
1351 1840 1753 1910 ἐπαγγελθέντα

185 1926 348 1993 καλὰ,
374 1926 529 1998 ήμῶν
550 1929 891 2000 παρεχόντων
924 1931 1021 1995 τὰς
1046 1930 1224 1994 αίτίας
1251 1929 1328 2002 τῷ
1355 1929 1473 2000 Θεῷ
1497 1928 1590 1982 τοῦ
1621 1927 1757 1998 πλη·-

190 2014 318 2087 ροῦν
345 2016 414 2068 τὰ
442 2018 849 2087 ἐπαγγελθέντα
876 2018 1043 2073 κακά.

259 2108 369 2161 Καὶ
392 2108 560 2161 ταῦτα
581 2110 638 2162 δὲ
653 2110 772 2162 καθ’
805 2110 1045 2181 ἱστορίαν
1067 2108 1314 2181 ζητοῦντι
1332 2107 1537 2162 ἔνεστιν
1553 2108 1750 2180 εὑρεῖν·

188 2197 348 2251 τοῦτο
376 2199 472 2268 μὲν
506 2198 689 2271 Κύρου
727 2201 1203 2272 ἀνοικοδομοῦντος
1235 2200 1334 2270 τὴν
1381 2198 1752 2270 Ἰερουσαλὴμ,

190 2289 286 2341 καὶ
326 2293 443 2361 μετ’
469 2291 629 2345 αὑτὸν
666 2293 900 2363 Δαρείου
926 2310 941 2325 ο
977 2294 1038 2345 οὐ
1077 2293 1184 2364 μὴν
1212 2292 1347 2347 ἀλλά
1380 2293 1473 2348 καὶ
1511 2291 1757 2359 Ἀλεξάν-

188 2379 315 2450 δρου
341 2380 432 2434 τὸν
472 2383 742 2454 ἱερατικὸν
772 2384 953 2436 στόλον
977 2382 1337 2454 θεασαμένου,
1370 2382 1464 2437 καὶ
1491 2381 1757 2455 μεταϐαλ-

189 2470 414 2539 λομένου
438 2470 529 2525 τὸν
560 2470 730 2542 θυμὸν
755 2474 835 2535 είς
857 2471 1248 2543 προσκύνησιν.

263 2562 438 2635 Ὅπερ
466 2558 552 2633 ἦν,
578 2564 671 2616 καὶ
693 2563 785 2615 ἐπὶ¹
807 2563 907 2633 τῆς
935 2562 1052 2618 νυνὶ
1077 2562 1463 2626 καταστάσεως
1486 2562 1593 2615 τῶν
1637 2563 1758 2617 Ἐκ-

191 2652 428 2724 κλησιῶν
455 2652 707 2723 δηλοῦται
726 2672 738 2684 ·
766 2653 963 2718 πάντες
995 2652 1107 2724 γὰρ
1142 2653 1510 2724 ἁπανταχόθεν
1535 2653 1758 2715 ταύταις

191 2743 540 2815 προσοίσουσι
568 2744 667 2807 τὰς
692 2744 966 2817 ἀπαρχάς.

275 2833 633 2898 Ἑπισκόπους
682 2834 826 2903 λέγει
856 2836 983 2898 τοὺς
1015 2834 1444 2899 ἐπιστατοῦντας
1472 2835 1564 2889 τοῦ
1607 2835 1756 2899 λαοῦ,

194 2923 289 2987 οὒς
310 2926 405 2978 καὶ
437 2922 778 2997 δικαιοσύνης
815 2925 1050 2997 ἐραστάς
1085 2926 1298 2998 μέλλειν
1339 2926 1554 2981 ἔσεσθαι
1590 2926 1759 2999 προῦ-

195 3032 370 3084 Λεγεν.

266 3107 427 3172 Ἐθος
453 3111 566 3172 τοῖς
594 3109 920 3181 προφήταις,
953 3108 1428 3183 προαναθεωροῦσι
1455 3109 1516 3163 τὸ
1548 3109 1756 3180 μέλλον,

194 3198 289 3251 ἐπὶ
319 3199 414 3270 μὲν
440 3198 546 3253 τῶν
598 3199 936 3271 σκυθρωπῶν
989 3200 1241 3255 ἀνιᾶσθαι
1277 3201 1371 3255 καὶ
1408 3199 1641 3267 πενθεῖν,
1670 3199 1761 3253 ἐπὶ

194 3290 252 3345 δὲ
296 3290 373 3364 τῇ
414 3293 521 3347 τῶν
581 3293 801 3362 ἀγαθῶν
857 3292 1059 3365 θεωρία
1091 3295 1158 3366 ῆν
1201 3293 1640 3363 εὐαγγελίζονται
1684 3291 1761 3364 τῷ

197 3383 329 3457 λαῷ,
370 3384 470 3440 κᾶν
483 3386 878 3459 ἀναισθητῶσιν
891 3389 938 3440 οἱ
967 3385 1254 3450 ἀκούοντες
1290 3386 1506 3452 αὐτοὺς,
1530 3402 1761 3459 προεορ-

196 3480 383 3544 τάξειν
449 3480 545 3534 καὶ
578 3479 965 3553 προεστιᾶσθαι
1022 3479 1165 3533 κατά
1206 3478 1404 3550 ψυχὴν,
1433 3481 1641 3549 πεῖσμα
1672 3476 1761 3549 βέ-

199 3571 352 3625 ϐαιον
382 3572 752 3642 κεκτημένους
780 3571 879 3642 τῆς
929 3570 1035 3626 τῶν
1060 3570 1377 3642 δειχθέντων
1420 3570 1672 3642 θεωρίας.
1695 3599 1764 3612 -

200 3663 422 3717 Βλέπων
469 3663 648 3717 τοίνυν
709 3665 738 3717 ὁ
794 3665 1076 3736 προφήτης
1125 3662 1262 3735 πρὸς
1287 3662 1378 3716 τὸν
1409 3662 1662 3733 Χριστὸν,
1688 3662 1763 3726 ὡς

203 3754 411 3826 ἔνδυμα
438 3753 601 3808 αὐτοῦ
627 3755 886 3825 ἐγεγόνει·
918 3756 1025 3818 πᾶς
1057 3753 1166 3827 γὰρ
1196 3757 1224 3807 ὁ
1248 3753 1602 3824 ἐνδυσάμενος
1628 3755 1764 3827 Χρι-

204 3846 348 3913 στὸν,
389 3846 601 3917 ίμάτιον
669 3846 939 3918 σωτηρίας
984 3845 1290 3910 ἐνεδύσατο,
1329 3846 1450 3899 καθ’
1480 3844 1508 3899 ὃ
1552 3846 1646 3900 καὶ
1668 3845 1767 3918 τὴν

203 3940 364 4008 ἁγίαν
406 3939 572 4003 αὑτοῦ
615 3938 940 4011 Ἐκκλησίαν
982 3940 1339 4008 κατακοσμεῖ.
1369 3937 1644 4008 Κάκείνην
1668 3935 1766 4009 τὴν

202 4030 441 4085 διάθεσιν
493 4031 738 4102 πληρῶν,
791 4032 856 4102 ἢν
909 4030 975 4084 ἂν
1016 4028 1281 4104 πληρώσῃ
1301 4029 1583 4093 νεανίσκος
1631 4028 1769 4100 πρὸς

206 4123 495 4196 παρθένον,
536 4122 722 4194 ἔχαιρε
772 4122 864 4176 καὶ
892 4122 1146 4193 εὐωχεῖτο
1182 4122 1322 4177 κατά
1351 4121 1548 4193 ψυχὴν,
1589 4120 1664 4185 ὡς
1692 4119 1770 4191 τῷ

206 4212 427 4286 Χριστῷ
483 4212 677 4277 συνὼν,
727 4214 977 4266 κάκεῖνον
1047 4212 1413 4284 ἐνδεδυμένος,
1454 4212 1547 4265 καὶ
1570 4211 1770 4282 χιτῶνα

208 4306 369 4361 αὑτὸν
393 4304 529 4377 ἔχων
554 4302 908 4375 εὐφροσύνης.

1852 1839 2229 1908 ﬂectentibus,
2262 1841 2521 1911 prmdicta
2546 1832 2687 1897 bona
2717 1856 2825 1897 non
2859 1841 3088 1915 largitur
3116 1845 3270 1923 τρίρδί
3312 1860 3440 1903 nos,

1853 1939 2107 1986 auctores
2144 1946 2335 1989 sumus
2362 1931 2471 1989 Deo
2505 1933 2864 2004 praenuntiata
2894 1934 3034 1997 mala
3067 1935 3412 1993 immittendi.

1924 2107 2088 2165 Vsus.
2113 2110 2199 2165 lO.
2223 2109 2353 2178 Quae
2374 2127 2444 2167 an
2468 2127 2657 2183 reapse
2678 2113 2916 2182 perfecta
2937 2114 3046 2169 sint
3066 2122 3437 2184 qua-repleuit

1855 2202 2085 2257 historia
2114 2203 2456 2277 apertissime
2502 2205 2760 2261 docebit:
2805 2205 3039 2275 primum
3081 2221 3204 2261 cum
3243 2204 3419 2277 Cyrus

1854 2302 1907 2348 et
1937 2303 2061 2365 post
2091 2295 2236 2350 hunc
2264 2295 2459 2353 Darius
2497 2295 2802 2355 Jerusalem
2849 2296 3184 2364 aediﬁcaret;
3225 2296 3421 2353 deinde

1854 2386 2017 2440 etiam
2051 2402 2174 2441 cum
2218 2388 2545 2455 Alexander,
2589 2405 2799 2445 sacram
2849 2404 3103 2461 pompam
3149 2389 3415 2458 miratus,

1856 2490 1954 2543 pro
1985 2474 2124 2530 irato
2156 2477 2546 2533 amicissimum
2577 2494 2635 2535 se
2664 2478 2945 2549 praeberet.

1928 2564 2094 2626 Vens.
2135 2568 2220 2623 15.
2264 2567 2417 2635 Quod
2446 2569 2573 2624 olim
2601 2569 2814 2634 evenit,
2848 2576 2903 2624 et
2930 2582 3078 2624 nunc
3106 2582 3324 2639 quoque
3354 2565 3423 2626 d0

1856 2657 2115 2715 Ecclesiis
2157 2662 2553 2718 constituendis
2595 2663 2739 2719 valet
2766 2679 2782 2729 ;
2811 2661 3012 2733 quibus
3055 2660 3201 2720 enim
3245 2659 3420 2717 unde-

1857 2770 2070 2826 quaque
2098 2766 2284 2827 gentes
2313 2758 2582 2828 primitias
2604 2756 2857 2812 aﬂ‘erunt.

1928 2846 2093 2902 Vens.
2128 2845 2212 2906 l7,
2249 2845 2548 2919 Episc0pos
2571 2855 2731 2901 vocat
2753 2843 3035 2917 principes
3055 2840 3261 2914 populi,
3287 2853 3427 2911 quos

1858 2942 1910 2989 et
1933 2935 2156 3007 iustitia:
2186 2935 2544 2991 inservituros
2574 2934 2924 3007 praedicebat.

1930 3111 2058 3167 Car.
2101 3111 2251 3178 LXI,
2294 3110 2459 3168 Vens.
2509 3112 2593 3167 l0.
2636 3110 2751 3168 Mos
2779 3117 2862 3166 est
2893 3108 3171 3180 prophetis
3198 3113 3424 3163 ventura

1861 3203 2352 3275 prospicientibus,
2382 3203 2449 3259 de
2483 3203 2721 3259 miseriis
2755 3200 2973 3273 quidem
3002 3202 3186 3272 lugere
3212 3208 3268 3254 et
3298 3212 3419 3253 con-

1861 3297 2100 3362 tristari,
2132 3295 2199 3355 de
2232 3295 2498 3350 bonorum
2545 3301 2724 3349 autem
2770 3292 3260 3362 contemplatione,
3308 3304 3431 3361 qua

1861 3389 2062 3460 populo
2092 3389 2378 3453 nuntiant,
2420 3386 2637 3442 etiamsi
2683 3384 2968 3440 audientes
2998 3382 3159 3438 (idem
3192 3382 3429 3453 denega-

1862 3482 2058 3546 verint,
2095 3479 2266 3535 laetari
2294 3486 2349 3532 et
2378 3478 2571 3550 spiritu
2598 3478 2871 3533 exsultare
2890 3515 2906 3542 ,
2938 3483 3144 3530 certam
3169 3472 3432 3529 habentes

1862 3574 1967 3644 ipsi
1992 3588 2175 3630 rerum
2198 3572 2622 3643 signillcatarum
2646 3569 2920 3626 ﬁduciam.
2938 3565 3430 3638 —Prospectatum

1864 3668 2031 3739 igitur
2053 3666 2327 3723 Christum
2357 3663 2618 3736 propheta
2639 3703 2654 3728 ,
2684 3671 2744 3718 ut
2766 3661 3187 3721 vestimentum,
3215 3658 3430 3722 induit;

1865 3761 2178 3831 quicunque
2224 3760 2368 3816 enim
2419 3759 2699 3815 Christum
2766 3753 3051 3817 induerit,
3102 3751 3432 3806 vestimento

1867 3850 2058 3904 salutis
2084 3849 2314 3904 vestitus
2340 3854 2455 3913 est,
2485 3860 2593 3918 quo
2629 3845 2792 3900 etiam
2837 3850 3081 3899 sanctam
3132 3855 3284 3897 suam
3331 3837 3434 3893 Ec-

1868 3941 2093 3995 clesiam
2140 3946 2393 3997 exornat.
2450 3939 2528 3993 Ac
2574 3936 2768 3992 iisdem
2822 3933 3109 3989 all‘ectibus
3153 3938 3434 4003 permotus

1868 4031 2068 4102 quibus
2108 4047 2345 4102 sponsus
2393 4030 2448 4084 in
2498 4043 2756 4099 sponsam
2808 4035 3075 4088 movetur,
3114 4021 3310 4092 spiritu
3346 4021 3437 4076 la:-

1870 4132 2015 4179 tatur
2043 4129 2099 4179 et
2146 4122 2416 4188 exsultat,
2465 4118 2611 4173 haud
2650 4132 2810 4173 secus
2851 4131 2915 4171 ac
2954 4115 3001 4171 si
3051 4128 3174 4168 cum
3215 4112 3439 4167 Christo

1871 4215 2309 4285 coniungeretur,
2332 4207 2899 4281 Christum_induisset
2919 4247 2933 4274 ,
2962 4214 3017 4260 et
3043 4204 3284 4258 tunicam
3312 4216 3440 4257 eum

1872 4305 2149 4360 habuisset
2177 4302 2395 4358 lmtitize.
2926 4305 2931 4311 ‘

280 4366 1087 4468 Τοῦξσπερματικοὺςλόγους
1123 4366 1396 4467 σημαίνει,
1427 4412 1554 4459 τους
1586 4396 1760 4466 ὥσπερ

1947 4396 2116 4453 Vens.
2157 4396 2245 4451 ll.
2290 4391 2594 4449 Seminales
2636 4402 2918 4445 sermones
2962 4383 3199 4440 intendit
3241 4381 3461 4439 animis.

209 4495 266 4546 ἐν
289 4495 359 4564 γῇ
391 4491 619 4571 τῇιψυχῇ
647 4487 1123 4558 ἐναποκειμένους,
1142 4490 1234 4542 καὶ
1249 4489 1324 4553 ὡς
1347 4489 1522 4560 κῆπον
1546 4487 1777 4553 αύξοντα

207 4586 278 4639 τὰ
302 4586 360 4638 ἐν
388 4582 535 4654 αὐτῷ
567 4581 876 4653 σπέρματα,
902 4581 997 4634 καὶ
1025 4582 1124 4633 οὐκ
1159 4580 1359 4645 ἔξωθεν
1394 4580 1514 4634 οὐδὲ
1545 4579 1775 4651 ἀλλαχό-

210 4678 303 4739 θεν
335 4675 728 4748 ἐπεισφέροντα
751 4673 1062 4745 σπέρματα,
1094 4672 1209 4725 ἀλλ’
1243 4671 1382 4726 ὥστε
1418 4673 1521 4742 γῆν
1551 4672 1777 4743 ἔχουσαν

210 4773 367 4840 λόγον
396 4768 491 4823 καὶ
503 4767 849 4823 ὁδοποιοῦσαν
874 4769 953 4831 εἰς
978 4766 1208 4837 Χριστόν
1227 4780 1240 4792 ·
1263 4764 1451 4835 ὥσπερ
1473 4766 1529 4816 ἐν
1565 4763 1775 4834 σώματι

209 4862 477 4935 ὀφθαλμοὶ
516 4860 831 4930 συγγένειαν
868 4858 1049 4930 ἔχουσι
1082 4857 1217 4930 πρὸς
1259 4856 1320 4909 τὸ
1358 4855 1493 4925 φῶς,
1527 4855 1619 4909 καὶ
1645 4856 1775 4909 ἀνα-

210 4955 485 5019 τείλαντος
538 4952 692 5025 ἡλίου
720 4950 922 5014 εὐθέως
953 4950 1014 5003 τὸ
1060 4948 1316 5018 συγγενὲς
1339 4946 1576 5019 ὁρῶμεν,
1612 4945 1774 5013 οὕτω,

212 5048 307 5112 τοῦ
333 5047 582 5118 Σωτῆρος
611 5047 644 5116 ή
654 5043 768 5116 μῶν
800 5041 1223 5113 ἐπιλάμψαντος,
1256 5038 1354 5112 τὴν
1390 5037 1779 5111 κεκρυμμένην

213 5143 274 5197 ἐν
292 5144 423 5212 ἡμῖν
447 5139 857 5212 ἐπιτηδειότητα
876 5137 1009 5209 πρὸς
1024 5135 1366 5206 δικαιοσύνην
1390 5132 1778 5204 ἐκλάμψωμεν,

213 5235 278 5288 τὸ
312 5232 583 5288 σκοτεινὸν
630 5230 957 5300 ἀποθέμενοι
1026 5228 1127 5299 τῆς
1164 5227 1341 5301 ψυχῆς
1386 5221 1537 5297 ἦθος.
1598 5223 1784 5293 Ἀγαλ-

214 5323 392 5378 λίασιν
428 5324 485 5377 δέ
526 5321 673 5391 λέγει
710 5318 937 5374 ἐνώπιον
994 5318 1102 5372 τῶν
1149 5317 1317 5371 ἐθνῶν
1360 5315 1778 5386 ἐξαπλούμενος.

288 5415 395 5471 Τοῦ
425 5415 703 5488 προφήτου
734 5411 874 5466 κατά
901 5410 1077 5482 ψυχὴν
1119 5408 1456 5472 ἐστιαθέντος
1496 5406 1582 5460 διὰ
1614 5406 1682 5461 τά
1706 5405 1783 5477 τῷ

216 5508 332 5580 λαῷ
370 5506 803 5577 ἐπαγγελθέντα·
860 5506 921 5558 οὐ
971 5503 1077 5575 μὴν
1110 5501 1245 5557 ἀλλά
1288 5500 1380 5555 καὶ
1413 5501 1618 5555 τούτων
1651 5500 1785 5571 ἀμε-

217 5601 451 5659 λούντων
492 5599 589 5673 τὴν
616 5599 695 5664 είς
720 5598 789 5652 τά
813 5596 941 5666 ἔθνη
992 5596 1295 5665 φθάνουσαν
1338 5594 1496 5666 χάριν
1551 5610 1786 5664 προανα-

225 5694 589 5770 φωνήσαντος,
626 5689 933 5754 ἀκολούθως
962 5688 1079 5741 ούδέ
1114 5688 1211 5759 τῆς
1241 5686 1377 5741 Σιὼν
1412 5686 1784 5757 ἐπιμελεῖσθαί

1878 4486 2025 4542 velut
2050 4492 2212 4541 terra:
2241 4481 2564 4538 commissos
2590 4495 2605 4545 ;
2636 4488 2690 4533 et
2726 4492 2851 4531 cum
2895 4474 3055 4529 horto
3097 4471 3326 4526 collatos
3355 4484 3441 4526 se-

1874 4580 2020 4634 mina
2049 4591 2148 4634 sua
2181 4574 2473 4639 elierente,
2506 4586 2619 4627 non
2666 4568 2880 4625 exotica
2922 4572 3017 4620 aut
3058 4563 3232 4618 aliena
3277 4560 3439 4618 indu-

1875 4679 2073 4736 cente;
2108 4684 2232 4724 cum
2259 4676 2405 4723 terra
2431 4664 2646 4719 ratione
2672 4660 2896 4732 praedita
2925 4664 2979 4713 et
3013 4657 3156 4712 viam
3185 4654 3252 4709 ad
3281 4652 3439 4709 Chri-

1876 4772 2021 4820 stum
2067 4759 2446 4832 palel‘aciente.
2495 4754 2613 4821 Quo
2660 4753 2802 4807 enim
2854 4748 3013 4803 modo
3058 4746 3204 4802 oculi
3251 4745 3441 4800 intima

1878 4853 2203 4925 cognatione
2244 4865 2367 4904 cum
2409 4848 2531 4901 luce
2571 4844 3000 4913 conjunguntur,
3033 4846 3090 4894 et
3141 4845 3264 4893 orto
3292 4835 3473 4903 sole,

1878 4946 2062 5003 statim
2106 4943 2222 4997 haec
2251 4939 2505 5009 cognatio
2550 4941 2823 5007 apparet,‘
2848 4933 2922 4987 ita
2962 4930 3302 4986 illuminante
3340 4942 3441 4982 nos

1880 5038 2196 5103 Salvatore,
2247 5030 2553 5089 tenebrosis
2594 5028 2789 5083 animae
2823 5025 3069 5080 moribus
3118 5020 3442 5087 illustratis,

1882 5128 2189 5201 splendebit
2233 5126 2288 5179 in
2328 5122 2489 5179 nobis
2516 5121 2693 5174 latens
2736 5117 2804 5171 ad
2852 5114 3135 5201 justitiam,
3167 5111 3443 5201 habilitas.

1882 5197 2312 5276 Exsultationem
2338 5211 2472 5267 dicit
2501 5225 2558 5265 se
2590 5209 2645 5263 in
2673 5212 2969 5274 conspectu
2997 5200 3237 5273 gentium
3266 5197 3453 5253 multi~

1883 5314 2223 5384 plicaturum.

1952 5406 2082 5461 CAP.
2133 5395 2315 5463 LXII,
2342 5396 2507 5451 Vens.
2544 5393 2595 5446 l.
2641 5388 2843 5461 Spiritu
2891 5385 3131 5442 exsultat
3181 5380 3446 5452 propheta

1884 5503 2103 5570 propter
2134 5494 2276 5547 bona
2304 5487 2506 5560 populo
2557 5480 2879 5538 denuntiata
2906 5495 2933 5570 ;7
2958 5474 3208 5570 praedicit
3258 5472 3446 5570 pro-ie.-

1885 5563 1975 5648 cto
1988 5563 2079 5643 vel
2106 5585 2293 5642 invitis
2309 5578 2577 5639 Israelitis.
2595 5574 2822 5657 gratiam
2852 5587 2883 5626 a
2910 5569 3019 5626 Deo
3038 5568 3092 5622 in
3116 5573 3306 5640 gentes
3343 5563 3448 5620 dif-

1891 5679 2245 5746 fundendam,
2276 5672 2535 5748 nonjdeo
2560 5678 2739 5725 tamen
2764 5664 2897 5721 Sion
2922 5659 3321 5735 negligendam,
3353 5662 3471 5711 aut:
