3824 6140
391 266 415 319 Ι
425 265 531 321 3037

1553 270 1904 329 THEODOR!
1940 271 2462 332 HERACLEENSIS

3513 279 3657 335 1568

388 378 878 449 derelinquendam
940 377 1293 451 Jerusalem;
1360 397 1476 440 nate
1528 394 1713 442 autem
1760 387 1935 442 illumi

2068 407 2253 461 φησιν,
2284 390 2409 444 οὐδὲ
2453 391 2554 462 τὴν
2613 388 2969 466 Ἰερουσαλὴμ
3017 391 3239 448 ὲακεναι
3288 392 3461 464 λέγει,
3510 394 3656 449 ἀλλά

387 472 570 527 nanda
615 479 736 527 erat
767 472 836 528 ab
864 487 932 529 eo
954 472 1194 545 [propter
1214 474 1402 530 divina
1441 477 1513 533 de
1561 479 1681 550 ipsa
1709 480 1962 549 consilia,

384 572 441 620 et
485 564 630 621 dona
675 563 781 635 ipsi
834 565 1050 636 largita.
1092 565 1306 622 Etenim
1357 574 1780 640 properantibus
1820 589 1961 645 apo-

385 654 544 710 stolis
589 653 951 726 Evangelium
992 659 1249 728 gentibus
1290 659 1593 730 praedicare
1635 664 1804 733 jussit
1838 667 1963 723 Sal-

383 752 562 811 vator,
580 754 640 801 ut
669 747 737 801 ad
765 762 898 805 oves
932 750 1089 821 prius
1120 750 1283 819 irent,
1310 767 1433 817 quae
1462 754 1744 824 perierunt
1766 758 1962 816 domus

384 834 555 893 lsrael
583 838 651 892 ".

453 1014 621 1073 Vsus.
649 1017 703 1072 2.
756 1017 966 1074 Nomen
997 1034 1198 1075 novum
1231 1021 1436 1077 dicitur
1464 1040 1660 1081 nomen
1692 1027 1961 1086 Christia-

382 1124 630 1176 norum;
675 1111 878 1180 saepius
928 1111 1071 1167 idem
1130 1114 1332 1172 innuit.
1386 1114 1599 1173 Etenim
1651 1119 1959 1191 baptizatus

379 1202 656 1272 baptismo
686 1202 906 1268 salutis,
953 1214 1214 1261 renovata
1266 1214 1377 1263 tota
1418 1209 1594 1280 ipsius
1618 1212 1955 1284 conditione,

378 1308 526 1349 novo
574 1310 794 1365 quoque
828 1299 1053 1353 nomine
1085 1307 1317 1355 vocatur
1351 1301 1549 1358 ﬁdelis.
1603 1303 1828 1362 Iudaeus
1857 1322 1959 1363 no-

380 1404 509 1445 vum
551 1388 689 1446 illud
737 1405 937 1447 nomen
990 1392 1295 1465 impugnat.
1357 1395 1511 1452 Dicat
1559 1400 1766 1470 igitur,
1798 1401 1958 1471 juxta

377 1481 532 1537 Isaiae
557 1483 898 1554 praphetiam
923 1525 939 1550 ,
991 1503 1194 1543 novum
1231 1505 1430 1545 nomen
1460 1494 1623 1563 quale
1655 1494 1759 1549 sibi
1790 1494 1958 1551 fuerit

376 1571 716 1643 impositum.
752 1576 821 1630 At
848 1592 957 1631 non
1004 1577 1167 1634 habet
1200 1582 1346 1651 quod
1375 1582 1600 1640 indicet.
1636 1585 1828 1642 Restat
1854 1588 1957 1660 igi-

374 1669 467 1719 tur
504 1672 566 1720 ut
621 1681 820 1723 nomen
879 1669 1016 1725 illud
1060 1670 1502 1730 Christianorum
1538 1693 1738 1734 nomen
1792 1681 1882 1745 sit,
1921 1695 1953 1735 a

2067 482 2163 536 καὶ
2192 481 2397 553 ταύτην
2423 481 2976 553 καταυγασθήσεσθαι
3014 483 3106 536 ὑπ’
3139 482 3304 537 αὐτοῦ
3331 483 3421 538 διά
3459 501 3521 537 τε
3550 485 3655 555 τὴν

2065 566 2205 640 πρὸς
2234 567 2405 638 αὐτὴν
2440 567 2646 623 ἀνωθεν
2678 567 2862 639 σχέσιν
2887 568 2981 622 καὶ
3019 568 3106 622 διὰ
3146 568 3214 621 τά
3243 568 3469 623 δοθέντα
3507 569 3650 641 αὐτῇ

2066 657 2274 728 σεμνά’
2306 658 2401 711 καὶ
2446 656 2556 730 γὰρ
2586 656 2697 709 τῶν
2727 657 3040 713 ἀποστόλων
3079 658 3416 713 σπευδόντων
3448 659 3534 722 εἰς
3581 658 3651 711 τά

2061 748 2190 820 ἔθνη
2224 749 2286 803 τὸ
2319 750 2581 821 κήρυγμα
2612 749 2922 819 ἐξαγαγεῖν,
2951 752 2979 805 ὁ
3027 752 3217 823 Σωτὴρ
3252 754 3521 824 πρότερον
3550 753 3653 805 αἰ.-

2059 843 2188 905 τοὺς
2232 842 2503 895 ποιεῖσθαι
2544 842 2606 895 τὸ
2649 843 2915 915 κήρυγμα
2953 843 3349 916 παρεκελεύετο
3386 845 3531 917 πρὸς
3578 845 3651 898 τά

2060 933 2310 1004 πρόϐατα
2342 934 2411 986 τά
2440 933 2753 990 ἀπολωλότα
2781 937 2927 990 οῐκου
2972 937 3207 1009 Ἰσραήλ.

2133 1028 2343 1097 Ὀνομα
2375 1027 2558 1082 καινὸν
2600 1027 2819 1096 λέγεται
2853 1028 2913 1082 τὸ
2940 1028 3095 1099 ήμῶν
3124 1029 3232 1083 τῶν
3257 1030 3644 1102 Χριστιανῶν

2059 1118 2344 1189 πολλαχῶς
2387 1119 2444 1172 δὲ
2473 1119 2632 1172 τοῦτο
2678 1124 2910 1174 νοεῖται·
2960 1121 3056 1174 καὶ
3096 1121 3205 1192 γάρ
3248 1123 3276 1176 ὁ
3316 1123 3649 1193 βαπτισθεὶς

2060 1212 2343 1284 βάπτισμα
2389 1214 2653 1285 σωτήριον
2696 1213 2866 1284 ὄνομα
2927 1213 3113 1285 ἕτερον
3163 1214 3490 1286 ὀνομάζεται
3515 1256 3535 1283 ,
3616 1220 3647 1271 ὁ

2058 1309 2268 1373 πιστὸς,
2301 1306 2642 1363 ἀνακαίνισιν
2671 1306 2959 1379 δεχόμενος
2985 1308 3084 1378 τῆς
3108 1308 3235 1382 ὅλης
3264 1309 3432 1363 αὐτοῦ
3467 1328 3645 1364 κατα-

2057 1402 2322 1464 στάσεως.
2369 1400 2511 1454 Ἀλλ’
2540 1400 2569 1453 ὁ
2610 1398 2860 1463 Ἰουδαῖος
2899 1400 3129 1473 μάχεται
3179 1401 3316 1474 πρὸς
3346 1402 3409 1456 τὸ
3448 1404 3644 1457 καινὸν

2055 1496 2214 1549 τοῦτο
2249 1496 2420 1569 ὄνομα
2443 1516 2455 1527 ·
2507 1500 2715 1553 εἰπάτω
2751 1499 2952 1564 τοίνυν,
2998 1498 3140 1552 κατά
3166 1498 3385 1551 Ἡσαΐου
3414 1516 3641 1570 προφη-

2053 1590 2225 1654 τείαν,
2269 1590 2441 1661 ὄνομα
2475 1591 2660 1644 καινὸν
2693 1590 2943 1644 ὲπιτεθὲν
2974 1589 3157 1662 αὐτῷ·
3210 1589 3324 1644 ἀλλ’
3371 1592 3476 1644 οὐκ
3519 1591 3639 1661 ἔχει

2053 1680 2254 1745 δεῖξαι·
2296 1681 2407 1754 ἀρα
2444 1682 2624 1737 τοίνυν
2670 1681 2730 1735 τὸ
2775 1682 3119 1755 Χριστιανῶν
3155 1683 3335 1746 ἐστιν,
3379 1682 3493 1736 ἀπὸ
3539 1682 3638 1736 τοῦ

371 1754 596 1813 Christo
627 1757 1002 1830 desumptum,
1031 1764 1177 1833 quod
1202 1765 1321 1835 ipse
1352 1766 1511 1823 nobis
1547 1767 1812 1826 Dominus
1844 1772 1935 1827 im-

2054 1773 2290 1846 Χριστοῦ
2321 1745 2743 1847 γνωριζόμενον,
2795 1745 2839 1829 ὃ.
2875 1778 2904 1830 ὁ
2946 1775 3150 1845 Κύριος
3191 1777 3323 1847 ἡμῖν
3362 1775 3635 1840 τέθεικεν,

371 1848 587 1918 posuit,
629 1860 817 1920 gentes
850 1856 1071 1911 nomine
1106 1872 1207 1912 suo
1235 1859 1556 1917 nobilitans.

450 1936 609 1999 Vens.
641 1943 696 1999 5.
731 1943 809 2000 Ex
841 1947 1009 2004 variis
1039 1947 1267 2007 ﬂoribus
1324 1963 1469 2010 serta
1502 1970 1706 2012 corona
1732 1966 1787 2015 et
1828 1959 1947 2015 dia—

370 2029 526 2086 dema
560 2035 715 2104 regni
785 2045 988 2093 coetum
1040 2044 1412 2112 apostolorum
1477 2048 1801 2121 designant,
1847 2053 1944 2125 qui

366 2118 736 2181 Ecclesiarum
784 2128 1065 2202 principes
1105 2133 1331 2191 fuerunt
1359 2146 1414 2192 et
1441 2118 1834 2209 simul‘genere
1863 2118 1942 2199 ls-

369 2215 841 2289 raelit2e;quibus
891 2239 1092 2280 novum
1127 2244 1326 2285 nomen
1383 2240 1508 2303 apte
1554 2238 1938 2305 conveniebat,

368 2322 493 2362 cum
547 2324 838 2369 commune
868 2331 1041 2386 genus
1082 2334 1206 2375 cum
1236 2322 1306 2379 iis
1336 2323 1623 2383 baberent.

436 2398 605 2459 Vsus.
636 2404 690 2459 4.
728 2405 995 2467 Voluntas
1023 2424 1291 2470 vocantur
1345 2419 1438 2488 qui
1472 2418 1567 2476 Dei
1601 2422 1938 2479 voluntatem
2032 2480 2035 2499 ζ

2007 2507 2012 2513 ’
2048 2513 2354 2582 ποιηκότες,
2383 2512 2478 2578 οὒς
2516 2514 2608 2567 καὶ
2638 2515 2856 2585 ἀγαπᾷν
2883 2514 3052 2582 λέγει,
3093 2513 3168 2579 ὡς
3204 2513 3472 2567 συνοικῶν
3504 2531 3632 2567 νεα-

366 2490 611 2563 faciunt;
646 2512 744 2554 vos
800 2507 855 2555 et
899 2502 1128 2574 diligere
1184 2506 1425 2577 dicitur,
1482 2511 1628 2567 sicut
1682 2514 1939 2572 habitans

360 2585 580 2655 juvenis
612 2603 735 2643 cum
790 2591 1022 2665 virgine.
1071 2596 1185 2654 Hoc
1222 2617 1352 2657 vero
1405 2619 1514 2659 non
1558 2617 1893 2665 marcentem
1920 2649 1937 2676 ,

365 2679 460 2734 sed
510 2679 793 2738 ﬂorentem
820 2687 1192 2745 conditionem
1241 2693 1565 2765 designans;
1598 2715 1725 2754 nam
1778 2717 1941 2774 spon-

362 2786 460 2826 sus
482 2787 741 2841 sponsam
772 2777 1185 2838 cobabitatione
1219 2790 1476 2858 protegit.

431 2861 599 2922 Vens.
635 2864 687 2921 6.
718 2864 1050 2926 Hodiernam
1089 2873 1456 2933 Ecclesiarum
1488 2885 1936 2944 constitutionem

359 2954 791 3029 indicat;populo
811 2968 926 3017 tota
942 2962 1031 3020 die
1049 2973 1104 3022 et
1126 2975 1236 3022 tota
1254 2979 1417 3027 nocte
1445 2976 1701 3033 mandata
1730 2978 1823 3036 Dei
1838 2996 1905 3036 cu
1919 3011 1936 3026 -

2052 1864 2160 1918 ἀπὸ
2187 1864 2281 1918 τοῦ
2307 1866 2510 1919 οίκείου
2543 1868 2808 1938 ὀνόματος
2834 1869 3113 1939 σεμνύνων
3135 1867 3205 1922 τά
3231 1869 3378 1941 ἔθνη.

2135 1959 2229 2012 Ἐκ
2274 1959 2547 2031 διαφόρων
2579 1961 2758 2015 ἀνθῶν
2807 1960 3053 2028 πλακεὶς,
3084 1962 3177 2016 καὶ
3200 1961 3439 2033 διάδημα
3478 1960 3633 2030 βασι.

2051 2050 2198 2116 λείας
2226 2051 2287 2104 τὸ
2308 2052 2493 2123 τάγμα
2524 2053 2632 2107 τῶν
2661 2053 2975 2109 ἀποστόλων
3005 2054 3280 2127 τυγχάνει,
3312 2055 3362 2108 οἲ
3390 2054 3489 2108 καὶ
3518 2056 3635 2108 τῶν

2063 2144 2395 2217 Ἐκκλησιῶν
2423 2145 2798 2219 προήχθησαν,
2829 2147 2982 2213 ὄντες
3008 2147 3149 2202 κατά
3173 2147 3328 2217 γένος
3363 2149 3635 2236 Ἰσραηλῖ-

2048 2253 2160 2303 ται,
2192 2232 2273 2300 οἴς
2319 2237 2414 2290 καὶ
2442 2237 2653 2309 ἥρμοσε
2698 2238 2761 2292 τὸ
2788 2238 2961 2310 ὄνομα
3004 2238 3066 2293 τὸ
3102 2238 3310 2303 καινὸν,
3341 2232 3633 2294 κοινωνίαν

2047 2326 2230 2399 έχουσι
2261 2328 2399 2400 πρὸς
2429 2328 2492 2382 τὸ
2524 2329 2701 2398 γένος.

2115 2417 2340 2491 Θέλημα
2368 2419 2548 2473 τοίνυν
2581 2418 2871 2474 καλοῦνται
2902 2420 2952 2473 oi
2985 2420 3046 2474 τὸ
3075 2419 3288 2492 θέλημα
3329 2418 3504 2473 αὐτοῦ
3533 2436 3634 2472 πε-

2044 2602 2228 2666 νίσκος
2253 2603 2523 2676 παρθένῳ.
2555 2604 2726 2659 Τοῦτο
2751 2606 2808 2659 δὲ
2836 2607 2897 2660 οὐ
2946 2606 3152 2679 φθορὰν
3187 2607 3467 2679 σημαίνει,
3510 2608 3628 2661 ἀλν

2044 2696 2395 2766 ἀκμάζουσαν
2423 2698 2606 2769 σχέσιν
2625 2715 2639 2728 ⁸
2671 2697 2767 2753 καὶ
2798 2698 2906 2771 γὰρ
2926 2704 3085 2772 τηρεῖ
3111 2700 3171 2753 ἐν
3192 2700 3270 2772 τῷ
3303 2702 3630 2774 συνοικεσίῳ

2041 2787 2140 2860 τὴν
2169 2789 2458 2862 παρθένον.

2112 2880 2223 2950 Τὴν
2249 2881 2366 2934 νυνὶ
2408 2882 2743 2938 κατάστασιν
2789 2882 2897 2936 τῶν
2943 2882 3278 2955 Ἐκκλησιῶν
3328 2884 3627 2955 ἐμφαίνειο

2044 2970 2161 3041 μεθ’
2192 2971 2408 3043 ἡμέραν
2431 2988 2489 3025 τε
2514 2974 2607 3026 καὶ
2630 2972 2846 3045 νύκτωρ
2874 2973 3206 3044 μελετῶντος
3232 2971 3325 3025 τοῦ
3354 2971 3487 3025 λαοῦ
3522 2973 3629 3037 τὰς

359 3048 661 3119 stodiente;
695 3060 811 3110 tota
836 3064 997 3113 nocte
1029 3058 1350 3120 docentibus
1380 3067 1712 3137 presbyteris
1749 3088 1934 3131 veram

2054 3063 2259 3128 ἐντολὰς
2290 3063 2383 3118 τοῦ
2411 3063 2544 3118 Θεοῦ
2567 3081 2581 3095 ·
2614 3064 3039 3120 ὲκδιδασκόντων
3070 3081 3129 3118 τε
3164 3064 3355 3132 ἱερέων
3385 3064 3459 3118 τὰ
3490 3081 3628 3135 περὶ

356 3141 427 3197 de
456 3141 568 3198 Deo
590 3143 895 3204 doctrinam
912 3188 929 3217 ,
960 3165 1026 3206 ac
1048 3150 1142 3209 Dei
1168 3154 1359 3214 laudes
1378 3166 1433 3215 et
1457 3165 1776 3221 memoriam
1798 3170 1940 3226 cele-

356 3232 673 3290 brantibus.
1050 3261 1059 3269 ·

426 3326 558 3383 Car.
580 3326 765 3396 LXlll,
788 3329 958 3389 Vens.
998 3333 1049 3390 l.
1080 3333 1248 3390 Edom
1274 3345 1433 3393 vocat
1472 3339 1613 3399 ﬁlios
1636 3342 1802 3415 Esau;
1834 3346 1940 3404 Bo-

357 3431 454 3472 soz
474 3417 562 3473 vel
590 3417 762 3475 Bosra
796 3420 996 3477 dicitur
1027 3439 1157 3480 caro
1181 3426 1317 3499 (l5).
1340 3427 1438 3485 Vir
1472 3431 1639 3502 igitur
1667 3426 1772 3492 iste
1810 3453 1933 3496 cum

356 3507 677 3568 fortitudine
728 3524 784 3569 et
846 3514 1108 3572 violentia
1181 3520 1469 3578 vobiscum
1515 3524 1669 3594 justo
1722 3530 1933 3587 calculo

355 3600 611 3674 litigabit,
663 3620 857 3676 pmnas
908 3622 939 3661 a
999 3609 1156 3666 vobis
1215 3622 1490 3684 repetens.
1532 3613 1735 3689 Litigat
1787 3621 1933 3680 Deus

355 3689 503 3761 enim
530 3708 655 3747 cum
703 3693 1041 3761 hominibus,
1096 3701 1319 3770 quando
1350 3713 1513 3760 vocat
1551 3722 1648 3763 eos
1676 3708 1732 3763 in
1776 3709 1930 3780 judi—

355 3781 523 3845 cium.
559 3791 620 3838 ut
667 3783 862 3842 doceat
892 3803 952 3844 se
990 3788 1233 3862 legitima
1278 3795 1521 3852 vindicta
1551 3801 1654 3864 uti,
1698 3817 1802 3858 nos
1832 3819 1930 3859 au-

351 3879 462 3929 tem
495 3874 601 3946 ipsi
649 3885 906 3936 auctores
937 3896 1063 3938 esse
1108 3885 1379 3956 supplicia
1408 3888 1466 3944 in
1504 3904 1605 3948 nos
1637 3892 1924 3952 inferendi.

351 3961 487 4019 Nam
513 4006 528 4032 ,
564 3968 649 4023 vel
696 3969 993 4027 vindictam
1029 3975 1255 4047 exigens
1286 4018 1302 4044 ,
1361 3981 1546 4036 omnia
1594 3986 1661 4039 ad
1695 3988 1927 4044 salutem

347 4058 514 4115 nobis
546 4063 948 4131 procurandam
995 4067 1166 4135 facit,
1201 4078 1313 4127 uta
1347 4077 1591 4144 peccatis
1625 4094 1925 4149 cessemus,

349 4158 412 4204 ιιι
444 4152 822 4221 paenitentiam
853 4167 1081 4227 agentes
1127 4161 1427 4230 salvemur,
1464 4176 1561 4222 aut
1596 4171 1927 4228 mundemur

346 4259 634 4314 poenarum
664 4247 892 4318 judicio.
924 4251 993 4305 Et
1016 4254 1175 4320 paulo
1205 4267 1323 4325 post
1344 4274 1364 4311 :
1395 4259 1535 4318 Vere
1562 4263 1926 4325 admiratione

347 4338 647 4407 stupebunt
670 4340 987 4412 spirituales
1008 4346 1243 4405 virtutes
1265 4390 1279 4414 ,
1304 4365 1428 4407 cum
1457 4354 1721 4412 videbunt
1750 4359 1920 4417 Deum

2040 3155 2173 3209 Θεοῦ
2203 3157 2270 3210 δι’
2302 3157 2431 3229 ὅλης
2467 3159 2682 3225 νυκτὸς,
2712 3158 3006 3215 αἰνούντων
3036 3158 3127 3212 τὸν
3160 3158 3364 3231 Κύριον
3390 3160 3490 3214 καὶ
3521 3161 3628 3215 αύ-

2037 3247 2133 3302 τοῦ
2166 3249 2629 3321 μνημονευόντων.

2120 3340 2299 3412 Ἐδὼμ
2326 3341 2474 3411 λέγει
2504 3343 2633 3408 τοὺς
2657 3344 2808 3408 υἱοὺς
2850 3343 3042 3398 Ἡσαῦ.
3080 3343 3250 3416 Βοσὸρ
3270 3343 3327 3398 δὲ
3370 3344 3490 3416 ἦτοι
3518 3345 3626 3418 τὴν

2035 3434 2275 3508 Βόστραν
2314 3436 2462 3506 λέγει
2497 3438 2619 3491 καθ’
2667 3439 2948 3512 Ἑϐραίους
2990 3441 3188 3513 σάρκα.
3222 3434 3391 3506 Οὗτος
3433 3444 3622 3497 τοίνυν

2034 3528 2062 3580 ὁ
2099 3529 2272 3600 μέγας
2316 3532 2374 3582 ὲν
2424 3530 2568 3602 ίσχύῖ
2599 3532 2693 3585 καὶ
2732 3532 3063 3603 ἀσύγκριτος
3110 3534 3430 3606 κριθήσεται
3476 3536 3622 3608 πρὸς

2033 3618 2230 3683 αὐτοὺς
2271 3619 2457 3692 δικαία
2498 3621 2684 3693 ψήφῳ,
2718 3622 2818 3695 τὴν
2852 3625 2973 3677 κατ’
3004 3624 3203 3688 αὐτοὺς
3242 3623 3619 3696 ποιησάμενεί·

2033 3709 2303 3764 ἐκδικίανο
2356 3713 2450 3766 καὶ
2486 3714 2595 3786 γὰρ
2638 3714 2771 3777 Θεὸς
2814 3713 2950 3786 πρὸς
2994 3715 3314 3787 ἀνθρώπους
3364 3718 3616 3786 κρίνεται

2031 3801 2211 3855 καλῶν
2239 3805 2387 3875 ἡμᾶς
2418 3806 2499 3868 είς
2543 3806 2744 3878 κρίσιν,
2797 3807 2883 3861 ἵνα
2933 3807 3139 3881 διδάξῃ,
3187 3809 3271 3863 ὅτι
3304 3808 3468 3863 αὐτοῦ
3510 3811 3615 3881 μὲν

2028 3892 2213 3948 δικαία
2243 3896 2276 3967 ἡ
2306 3895 2510 3967 ἄμυνα,
2550 3899 2709 3969 ἡμεῖς
2737 3897 2794 3952 δὲ
2822 3899 3003 3954 αὐτῶν
3040 3899 3201 3954 αἴτιοι
3241 3900 3363 3954 καθ’
3396 3900 3614 3955 tau-41";

2028 3986 2397 4059 ἐπισπώμενοι
2423 3989 2522 4063 τὴν
2563 3989 2720 4060 δίκην
2745 4007 2758 4019 ·
2815 3991 2977 4055 αὐτὸς
3032 3991 3142 4064 γὰρ
3173 3992 3267 4047 καὶ
3298 3992 3459 4065 δίκην
3508 3996 3614 4047 ἑπ-

2026 4082 2195 4152 ἀγων,
2231 4084 2370 4156 ὑπὲρ
2413 4085 2683 4159 σωτηρίας
2713 4087 2869 4161 ἡμῶν
2901 4087 3078 4141 πάντα
3118 4090 3277 4155 ποιεῖ,
3322 4089 3467 4163 ὑπὲρ
3509 4090 3613 4145 τοῦ

2026 4177 2119 4229 καὶ
2152 4175 2363 4232 παῦλαν
2401 4180 2547 4250 ἡμᾶς
2573 4177 2757 4233 λαϐεῖν
2785 4180 2877 4234 τοῦ
2931 4181 3289 4254 ἁμαρτάνειν,
3340 4183 3372 4254 ἢ
3435 4202 3611 4254 μετα-

2025 4267 2321 4339 νοήσαντας
2349 4268 2608 4341 σωθῆναι,
2645 4271 2676 4343 ἢ
2706 4272 3063 4344 κουφισθῆναι
3108 4276 3166 4328 ἐν
3195 4277 3258 4346 τῇ
3293 4276 3476 4348 κρίσει
3504 4279 3610 4349 τῆς

2023 4358 2312 4432 τιμωρίας.
2351 4360 2463 4415 Καὶ
2496 4363 2624 4431 μετ’
2661 4363 2855 4435 ὀλίγαο
2906 4363 3147 4435 Ἀληθῶς
3176 4365 3284 4438 γὰρ
3321 4366 3608 4438 θαύματος

345 4444 530 4493 suum,
565 4446 690 4486 cum
722 4448 956 4505 corpore
990 4436 1049 4492 in
1081 4439 1252 4496 cmlos
1282 4445 1671 4502 ascendentem
1691 4490 1706 4514 ,
1747 4459 1801 4505 et
1825 4469 1919 4507 ru-

2056 4451 2411 4524 πεπλήρωντο
2453 4453 2548 4508 καὶ
2594 4456 2649 4509 αί
2695 4455 2884 4528 νοηταὶ
2922 4456 3215 4528 δυνάμεις,
3254 4436 3466 4530 δρῶσαι
3511 4462 3610 4516 τὸν

341 4520 560 4577 bentem
590 4526 876 4596 sanguine,
900 4535 955 4582 et
982 4531 1163 4586 crucis
1202 4532 1547 4604 stigmatibus
1572 4541 1916 4613 transﬁxum;

342 4619 399 4666 et
430 4612 720 4670 victoriam
761 4616 829 4673 de
864 4626 1039 4675 morte
1068 4622 1335 4694 relatam;
1370 4634 1424 4682 et
1467 4632 1696 4699 gratiam
1740 4612 1918 4691 bomié

340 4706 504 4762 nibus
535 4708 822 4778 largitam;
854 4719 911 4765 et
945 4724 1292 4783 peccatorum
1337 4721 1738 4780 remissionem.
1779 4725 1914 4782 Nam

338 4799 655 4857 hominibus
716 4814 937 4876 propter
970 4819 1193 4878 peccata
1250 4828 1348 4867 sua
1392 4824 1569 4871 morte
1600 4818 1910 4887 damnatis,

341 4888 594 4947 Salvator
622 4906 810 4951 noster
839 4896 956 4966 ipse
1002 4915 1103 4971 pro
1135 4902 1293 4959 nobis
1337 4916 1566 4963 mortem
1608 4910 1777 4964 subiit
1803 4950 1819 4974 ,
1848 4920 1910 4966 ut

335 4982 499 5040 nobis
554 4985 1018 5045 immortalitatem
1082 5003 1422 5061 operaretur.
1460 4995 1529 5051 Et
1562 4998 1723 5067 paulo
1752 5013 1908 5069 post:

335 5072 490 5139 Quod
524 5075 572 5132 si
612 5078 835 5150 angelos
871 5082 1236 5139 exsultavisse
1285 5086 1525 5143 audieris
1549 5129 1564 5154 ,
1616 5091 1725 5146 noli
1782 5091 1907 5149 illos

335 5165 659 5235 ignorantiae
690 5184 948 5242 arguere;
984 5187 1250 5229 noverant
1281 5176 1423 5231 enim
1453 5177 1753 5236 Salvatoris
1772 5196 1908 5239 con-

334 5254 459 5311 silia
481 5272 548 5313 ex
576 5274 688 5331 quo
715 5262 771 5316 in
812 5269 1014 5318 terram
1056 5264 1316 5337 delapsus
1361 5282 1580 5325 carnem
1615 5273 1857 5344 suscepit
1886 5292 1900 5342 ;

372 5414 419 5445 "
438 5412 628 5471 Matth.
660 5434 695 5472 ι
746 5418 797 5474 6.

2024 4542 2232 4596 ἑαυτῶν
2273 4544 2404 4598 Θεὸν
2439 4546 2496 4598 ὲν
2536 4546 2748 4617 σώματι
2795 4551 2875 4613 είς
2919 4551 3180 4622 οὐρανοὺς
3231 4552 3453 4606 ἀνιόντα
3506 4557 3609 4608 καὶ

2021 4633 2258 4704 φέροντα
2301 4634 2362 4688 τὸ
2412 4634 2663 4707 ἐρύθημα
2710 4638 2805 4693 τοῦ
2859 4639 3089 4708 αἵματος
3119 4640 3212 4694 καὶ
3239 4640 3309 4695 τὰ
3352 4642 3608 4714 σύμϐολα

2018 4723 2112 4778 τοῦ
2144 4726 2400 4798 σταυροῦ,
2434 4734 2535 4800 τήν
2579 4746 2639 4782 τε
2687 4731 2826 4786 κατὰ
2862 4732 2957 4785 τοῦ
2999 4732 3229 4787 θανάτου
3276 4734 3459 4807 νίκην,
3507 4753 3607 4791 και

2016 4816 2117 4889 τὴν
2155 4818 2464 4891 ἀνθρώποις
2494 4821 2846 4893 χαρισθεῖσαν
2874 4824 3033 4896 χάριν
3069 4826 3164 4879 καὶ
3194 4826 3389 4897 ἄφεσιν
3417 4829 3605 4899 ἀμαρ-

2015 4911 2167 4966 τιῶν.
2203 4913 2324 4968 Τῶν
2350 4914 2459 4987 γὰρ
2495 4915 2797 4988 ἀνθρώπων
2842 4919 2982 4990 ὑπὲρ
3019 4919 3128 4973 τῶν
3157 4920 3375 4973 οἰκείων
3411 4923 3601 4993 ἀμαρ-

2014 5004 2277 5073 τημάτων
2328 5005 2556 5061 θάνατον
2605 5009 3020 5080 χρεωστούντων
3044 5051 3058 5076 ,
3108 5014 3137 5065 ὁ
3186 5013 3381 5083 Σωτὴρ
3439 5015 3601 5087 ἡμῶν

2015 5094 2252 5167 ὑπῆλθεν
2302 5098 2463 5162 αὐτὸς
2508 5099 2601 5154 τὸν
2655 5100 2880 5156 θάνατον
2928 5102 3067 5174 ὑπὲρ
3114 5102 3298 5172 ἡμῶν,
3335 5102 3408 5156 ἶν’
3463 5108 3600 5177 ἡμῖν

2013 5187 2311 5243 ἀθανασίαν
2347 5193 2857 5266 πραγματεύσηται.
2893 5195 3003 5248 Καὶ
3032 5196 3159 5265 μετ’
3190 5197 3363 5267 ὀλίγα
3395 5212 3411 5228 ⁸
3447 5199 3515 5253 Εἰ
3540 5201 3601 5254 δὲ

2011 5277 2105 5331 ἐπὶ
2148 5279 2394 5350 ἀγγέλων
2438 5281 2658 5349 ἀκούοις
2720 5285 2795 5351 ὡς
2838 5285 3283 5359 ὲπαπορούντων,
3337 5286 3416 5359 μὴ
3449 5288 3601 5343 ὲκεί-

404 5572 702 5669 (ξὲἢνίἔοηο
737 5594 923 5638 vocem
962 5596 1072 5638 non
1098 5598 1306 5638 carnem
1326 5583 1651 5656 signiﬁcare,
1688 5586 1781 5644 sed
1800 5588 2012 5659 firmam
2045 5599 2206 5664 atque
2244 5594 2523 5662 munitam,
2558 5595 2683 5654 luce
2711 5596 2907 5669 probat
2924 5598 3132 5657 clarius
3159 5595 3218 5654 8.
3245 5596 3399 5658 Hier.
3433 5613 3590 5658 com.

334 5641 390 5696 in
414 5640 616 5703 Is.'lih.
650 5664 763 5704 xvn
