3824 6140
233 226 374 286 1369
1669 223 1734 280 IN
1774 222 1812 279 ιε

1935 222 2039 279 ΞΜ.
3367 224 3507 281 1576

236 365 347 412 νοις
375 346 913 420 ἂγνοιαν’προσάγῃς
933 361 946 375 ·
997 345 1217 418 ᾔδεισαν
1248 345 1359 417 γὰρ
1390 347 1460 404 τὰ
1495 347 1812 418 οἰκονομού-

1935 345 2013 403 sed
2035 327 2095 402 ἴε
2127 338 2414 402 erudiendi
2453 347 2632 418 gratia
2665 359 2729 400 ac
2764 342 2999 401 docendi
3043 343 3161 403 hac
3186 342 3331 403 dicta
3353 355 3504 412 sunt,

236 455 376 511 μενα
426 437 532 493 ὑπὸ
562 436 658 493 τοῦ
690 436 963 509 Σωτῆρος,
999 436 1093 506 ἀφ’
1130 432 1192 492 οῦ
1242 439 1324 502 εἰς
1371 437 1576 509 κόσμον
1625 437 1812 510 ἐπιδη-

1935 447 1976 496 ιι
2002 438 2190 494 discas
2219 436 2447 508 angelos
2471 450 2693 507 quoque
2717 435 2785 492 de
2817 435 2999 492 salute
3026 445 3216 495 nostra
3245 436 3505 507 gaudere,

235 532 417 602 μήσας
446 528 627 601 σάρκα
657 528 974 601 άνειλήφει“
1020 527 1158 584 ἀλλὰ
1184 528 1283 601 τὴν
1309 527 1450 584 εἶναι
1489 528 1812 600 ὀμμάτωσιν

1935 546 1977 587 ιο
2008 528 2244 586 Domino
2283 530 2681 601 congratulari,
2707 536 2763 584 et
2788 528 2979 585 mirari
3014 529 3162 600 quod
3194 528 3340 587 Deus
3385 545 3508 601 pce-

232 621 329 675 καὶ
353 618 701 677 διδασκαλίαν
733 618 795 673 τὸ
822 620 1074 692 πρᾶγμα,
1108 620 1195 675 ἵνα
1242 619 1443 692 μάθῃς,
1470 621 1552 677 ὅτι
1582 621 1679 674 καὶ
1706 621 1811 689 ἀγα

1935 639 2019 680 tas
2055 621 2300 693 peccatis
2329 620 2540 677 nostris
2569 620 2789 677 debitas
2809 659 2826 686 ,
2858 621 2926 675 ad
2961 620 3138 677 salute
3164 636 3267 677 nos
3317 630 3370 676 et
3403 623 3510 676 im-

229 713 381 782 γελοι
431 712 683 787 χαίρουσι
737 712 832 766 ἐπὶ
890 712 1168 786 σωτηρίᾳ,
1218 714 1313 769 καὶ
1362 712 1684 785 γεραίρουσι
1724 711 1812 766 τὸν

1935 715 2247 770 nurtalitate
2321 713 2629 778 donandos,
2693 727 2794 783 pro
2825 714 2985 770 nobis
3008 714 3196 770 subire
3225 713 3476 769 voluerit.

228 804 534 877 Δεσπότην,
575 803 673 859 καὶ
710 803 1102 875 θαυμάζουσιν,
1145 805 1228 859 ὅτι
1254 806 1282 858 6
1308 803 1442 868 Θεὸς
1472 804 1730 875 ἠνέσχετο
1763 803 1827 859 τὸ
1861 806 2306 877 χρεωστούμενον
2357 804 2670 877 ἀνθρώποις
2723 806 2811 861 διά
2881 806 2981 872 τὰς
3033 806 3215 862 αὐτῶν
3264 822 3506 878 παρανο-

234 894 367 966 μίας
399 894 651 949 ὑπελθεῖν
681 894 821 966 ὑπὲρ
850 894 1055 961 αὐτῶν,
1085 897 1135 952 tv
1187 895 1374 959 αὐτοῖς
1404 895 1683 966 σωτηρίαν
1729 896 2043 968 χαρίσηται,
2079 898 2384 953 ἀθανασίαν
2413 900 2596 963 αὐτοῖς
2623 899 3012 971 χαρισάμενος.

303 990 473 1043 Πάλιν
514 987 752 1043 ἐνταῦθα
792 988 856 1043 τὸ
902 989 1109 1059 ἄφατον
1155 990 1252 1060 τῆς
1302 989 1397 1042 τοῦ
1444 988 1580 1043 Θεοῦ
1626 988 1812 1058 φιλαν-

1989 991 2159 1048 Vens.
2178 992 2231 1047 8.
2255 991 2470 1048 Rursus
2485 992 2576 1046 hic
2594 991 2838 1047 declarat
2852 1004 3016 1061 quam
3038 989 3422 1045 inenarrabilis
3435 989 3507 1046 sit

232 1080 480 1153 θρωπίας
528 1081 884 1152 σημαίνεταιο
920 1081 1043 1136 καθ’
1095 1081 1125 1135 ὃ
1169 1081 1442 1135 δείκνυται
1476 1081 1637 1146 αὐτὸς
1683 1083 1812 1153 ἡμῖν

1935 1087 2012 1142 Dei
2029 1085 2362 1157 benignitas.
2386 1083 2651 1139 Memorat
2666 1083 2812 1139 enim
2829 1098 2889 1138 se
2909 1083 3040 1137 olim
3059 1083 3227 1138 vitam
3242 1082 3404 1139 nobis
3418 1082 3506 1138 be-

233 1172 600 1246 παρεσχηκὼς
653 1175 748 1228 καὶ
802 1173 866 1227 τὸ
903 1170 1042 1229 εἶναι
1091 1173 1159 1227 δι’
1207 1173 1556 1244 ἀγαθύτητα,
1610 1173 1705 1227 καὶ
1753 1172 1812 1227 τὸ

1938 1174 2082 1243 tignc
2110 1182 2163 1228 et
2187 1172 2312 1229 dein
2347 1174 2567 1229 veniam
2604 1172 3040 1228 misericorditer
3073 1173 3363 1235 tribuisse,
3401 1188 3504 1230 nos

232 1265 502 1318 ἐλεεῖσθαι
552 1265 641 1319 διὰ
689 1265 1119 1338 φιλανθρωπίας,
1170 1266 1248 1330 ὡς
1303 1265 1449 1321 ἰδίων
1493 1266 1812 1336 ποιημάτων

1935 1266 2074 1337 luasi
2097 1272 2384 1320 creaturas
2411 1279 2541 1319 suas
2575 1263 2679 1320 sibi
2701 1263 3010 1320 vindicans.
3050 1262 3163 1319 Nec
3182 1264 3251 1318 ab
3278 1265 3388 1318 alio
3403 1278 3505 1319 nos

234 1353 714 1426 ἀντιποιούμενοςσ
771 1355 868 1409 καὶ
919 1356 1041 1426 οὐχὶ
1087 1356 1217 1427 παρ’
1251 1354 1411 1410 ἄλλου
1465 1356 1612 1427 ἡμᾶς
1655 1354 1812 1421 δεξά-

1935 1357 2202 1427 ιροερίεεο
2238 1354 2606 1412 contendebat
2641 1373 2698 1410 τι
2722 1354 2915 1412 Nonne
2950 1357 3187 1427 pupulus
3219 1371 3373 1411 meus
3408 1355 3502 1411 lilii

236 1464 398 1519 μενος
424 1447 629 1517 ἔλεγεν,
660 1467 679 1499 ι
710 1448 822 1519 Οὐχ
870 1449 899 1502 6
937 1448 1067 1513 λαός
1113 1448 1213 1520 μού
1262 1450 1379 1502 ἐστι
1413 1447 1581 1502 τέκνα
1615 1465 1752 1519 μου,
1798 1468 1812 1502 ι

1935 1449 2085 1503 mei?»
2120 1447 2235 1503 Hoc
2253 1447 2470 1514 est,Mei
2489 1463 2617 1503 cum
2637 1448 2888 1519 sitis,pro
2906 1449 3032 1505 ﬁliis
3049 1449 3406 1515 babebimini;
3429 1446 3509 1502 af-

231 1538 527 1606 τουτέστιν,
544 1539 684 1611 Ἐμά
696 1540 952 1606 δντες,είς
964 1540 1131 1595 τέκνα
1147 1557 1247 1611 μου
1260 1539 1644 1612 λογισθήσεσθε
1663 1557 1677 1569 ·
1691 1539 1825 1612 ἐμοῦ

231 1629 334 1701 τὴν
353 1630 591 1685 διάθεσιν
612 1631 710 1703 τήν
741 1632 816 1695 ὡς
842 1632 1055 1696 τέκνοις
1074 1632 1430 1704 ὀφειλομένην
1460 1633 1535 1704 μὴ
1565 1630 1828 1688 ἀθετοῦν-

233 1738 349 1786 τος,
373 1725 423 1776 εἰ
448 1723 540 1776 καὶ
570 1723 726 1794 ὑμεῖς
755 1723 1070 1795 ἀγνώμονες
1098 1724 1228 1795 περί¹
1256 1723 1348 1777 τὸν
1381 1722 1590 1778 ἑαυτῶν
1614 1723 1826 1795 πατέρα

234 1815 551 1887 γεγένησθε.
569 1816 753 1871 Ταῦτα
776 1816 1051 1889 δὲῆρμοζε
1069 1818 1195 1888 παρ’
1224 1816 1400 1871 αὐτῶν
1414 1816 1667 1886 λέγεσθαι
1688 1817 1827 1889 πρὸς

233 1907 327 1961 τὸν
341 1908 493 1974 Θεὸν,
510 1907 895 1963 οίκειωθέντων
922 1911 1002 1973 εἰς
1029 1908 1120 1962 τὸν
1141 1907 1251 1963 τῶν
1267 1908 1473 1962 τέκνων
1505 1907 1824 1976 κατάλογον.

1923 1540 2070 1598 fectu
2097 1557 2197 1598 vos
2225 1542 2577 1612 complectar,
2603 1558 2713 1613 quo
2746 1543 2842 1597 lilii
2874 1543 3132 1614 diligendi
3161 1552 3309 1608 sunt,
3340 1543 3502 1597 dum-

1922 1635 2086 1690 modo
2101 1650 2199 1690 vos
2225 1635 2280 1689 in
2306 1641 2516 1705 patrem
2544 1643 2787 1692 vestrum
2812 1645 2999 1708 gratos
3011 1636 3339 1692 exbibeatis.
3373 1636 3506 1703 Quae

1923 1734 2106 1783 autem
2130 1728 2200 1782 ab
2216 1727 2298 1783 eis
2314 1726 2425 1783 Deo
2444 1727 2677 1783 dicenda
2691 1728 3114 1794 erant,tiliorum
3139 1729 3194 1784 in
3215 1743 3505 1784 numerum

1928 1821 2187 1891 receptis.

307 2020 476 2074 Πάλιν
494 2022 522 2074 ό
559 2021 843 2091 προφήτης
870 2021 968 2090 τῆς
996 2020 1230 2091 σχέσεως
1276 2020 1377 2092 τῆς
1410 2020 1547 2093 πρὸς
1577 2021 1670 2076 τὸν
1691 2021 1812 2075 λαὸν

1994 2000 2163 2057 Vens.
2196 2002 2283 2057 11.
2319 2002 2537 2058 Rursus
2574 2001 2927 2057 commendat
2976 1999 3244 2072 propheta
3276 1999 3504 2057 allectus

233 2108 332 2164 τοῦ
368 2110 505 2166 Θεοῦ
532 2112 831 2183 γενομένης
858 2112 1286 2185 ὑπομιμνήσκει,
1322 2113 1676 2185 μνημονεύων
1702 2112 1812 2167 τῶν

235 2201 300 2268 ἐξ
329 2202 525 2275 ἀρχῆς,
569 2203 663 2257 καὶ
700 2202 889 2275 ὥσπερ
921 2202 1118 2275 ῦποψιν
1166 2205 1349 2268 αὐτοῖς
1377 2204 1501 2273 ἄγει
1541 2202 1620 2276 τῷ
1649 2203 1812 2275 λόγῳ,

235 2294 307 2347 τὰ
337 2295 418 2359 εἰς
448 2295 576 2359 τοὺς
601 2294 944 2366 πατριάρχας
973 2294 1264 2365 γενόμενα.

321 2407 640 2462 Ἐνταῦθαό
688 2408 974 2481 προφήτης
1012 2408 1092 2473 εἰς
1138 2407 1238 2481 τήν
1284 2407 1452 2480 εὐχὴν
1496 2406 1814 2480 μετατίθησι

235 2498 328 2553 τὸν
368 2499 545 2569 λόγον,
576 2499 670 2553 καὶ
717 2500 814 2553 ἀπ’
850 2498 1081 2572 οὐρανοῦ
1125 2500 1413 2572 γνωρίζειν
1447 2499 1580 2553 Θεὸν
1628 2497 1809 2564 ἀξιοῖ·

235 2596 335 2665 οὐχ
364 2594 438 2659 ὡς
468 2593 563 2648 τοῦ
592 2593 727 2648 Θεοῦ
754 2597 811 2649 ἐν
840 2595 1091 2667 οῦρανοις
1111 2594 1552 2665 ἀποκλειομένου,
1589 2592 1684 2645 καὶ
1710 2591 1815 2656 ἓως

237 2690 342 2757 γῆς
374 2685 574 2756 φθάσαι
606 2685 681 2758 μὴ
719 2685 1043 2756 δυναμένοινι⁹
1074 2684 1188 2739 ἀλλ’
1217 2685 1294 2749 ὡς
1338 2685 1643 2756 ἐγείροντος
1682 2700 1817 2754 φρο-

237 2777 456 2847 νήματα
489 2777 978 2842 καταπεπτωκότα,
1008 2777 1103 2831 καὶ
1129 2777 1209 2841 εἰς
1255 2776 1360 2847 γῆν
1397 2776 1636 2845 ἓρποντα
1661 2815 1675 2840 ,
1725 2776 1811 2829 ἀν-

238 2867 461 2939 άγοντος
477 2871 554 2934 εἰς
570 2870 851 2940 οὐρανοὺς,
870 2868 965 2923 καὶ
989 2867 1394 2933 ἐκδιδάσκοντος
1418 2867 1583 2938 μηδὲν
1605 2869 1813 2939 γήϊνον,

241 2960 407 3032 μηδὲν
439 2958 693 3012 ταπεινὸν
730 2960 868 3011 νοεῖν
900 2957 1029 3027 περὶ
1067 2954 1203 3009 Θεοῦ
1223 2973 1236 2986 ·
1269 2954 1385 3010 ἀλλ’
1413 2955 1630 3021 είδέναι,
1664 2954 1740 3020 ὡς
1787 2957 1816 3010 6

241 3052 415 3124 μέγας
468 3051 615 3115 νοῦς,
661 3051 690 3104 6
737 3050 807 3104 τὰ
861 3050 1037 3104 πάντα
1084 3047 1322 3120 συνέχων
1368 3047 1462 3102 κα)⁸
1511 3046 1813 3120 κυϐερνῶν,

235 3144 405 3203 τᾶλλα
429 3143 644 3207 οἰκείως
675 3142 1000 3214 γνωρίζεται
1031 3141 1124 3194 ἀπ’
1157 3139 1410 3213 οὐρανοῦ.

313 3235 448 3288 Οὐδὲ
480 3234 590 3306 γὰρ
632 3233 724 3287 τὸν
781 3232 1031 3305 Ἀδραάμ
1068 3233 1278 3303 εἴποιμι
1329 3230 1399 3285 τά
1443 3228 1539 3285 νῦν
1579 3230 1812 3302 πατέρα,

1916 2093 2135 2149 Domini
2173 2095 2230 2150 in
2264 2096 2525 2165 populum
2556 2097 2844 2166 probatos,
2887 2109 2975 2150 res
3008 2094 3320 2165 praeteritas
3383 2107 3503 2147 me-

1917 2203 2170 2252 morans,
2196 2197 2250 2243 et
2276 2188 2436 2243 fidem
2483 2195 2543 2242 ut
2577 2188 2685 2243 sibi
2740 2186 2910 2242 faciat
2936 2228 2953 2255 ,
3009 2187 3169 2257 signa
3200 2183 3371 2241 refert
3404 2200 3504 2255 pa-

1914 2279 2291 2334 triarcharum
2327 2280 2506 2351 gratia
2533 2279 2703 2337 edita.

1984 2391 2246 2449 Vassis.
2279 2392 2379 2447 llic
2407 2393 2669 2464 propheta
2688 2392 2756 2448 ad
2781 2407 2970 2463 preces
2988 2389 3313 2461 confugit,et
3333 2387 3501 2443 Deum

1914 2494 2036 2541 orat
2053 2493 2111 2539 ut
2138 2484 2206 2540 de
2234 2485 2376 2539 caelo
2407 2485 2725 2556 prospiciat.
2749 2484 2867 2540 Non
2897 2483 3146 2555 profecto
3175 2483 3332 2566 quasi
3362 2480 3507 2536 Deus

1915 2578 1972 2633 in
2039 2578 2195 2634 caelis
2256 2578 2658 2642 includeretur,
2697 2584 2751 2633 et
2809 2586 3013 2632 terram
3077 2589 3351 2645 occupare
3386 2588 3503 2628 non

1914 2677 2122 2739 posset,
2157 2666 2253 2723 sed
2290 2679 2351 2722 ut
2384 2668 2661 2724 demissas
2715 2676 2930 2724 mentes
2983 2668 3275 2733 relevaret,
3332 2673 3386 2721 et
3435 2664 3503 2719 ad

1916 2767 2124 2815 terram
2151 2760 2440 2831 depressas
2468 2761 2537 2816 ad
2589 2762 2839 2817 caelestia
2873 2761 3128 2830 erigeret,
3162 2775 3227 2814 ac
3282 2758 3507 2814 doceret

1917 2865 2013 2907 eos
2042 2852 2117 2905 nil
2149 2851 2375 2917 humile,
2420 2853 2498 2906 nil
2530 2852 2813 2924 indignum
2843 2854 2911 2909 de
2948 2852 3058 2909 Deo
3100 2868 3226 2909 esse
3262 2851 3507 2906 sentien-

1915 2941 2070 3008 dum,
2106 2941 2420 2998 habendum
2454 2958 2584 2998 vero
2616 2960 2729 3015 prae
2779 2943 2958 2998 oculis
2981 2983 2995 3007 ,
3050 2944 3194 3014 quod
3234 2948 3505 3013 praestans

1914 3031 2008 3086 illa
2032 3047 2189 3089 mens
2209 3049 2328 3104 qua:
2353 3040 2552 3088 cuncta
2589 3034 2832 3089 continet
2866 3041 2919 3088 et
2962 3035 3124 3104 regit,
3157 3032 3339 3087 omnia
3367 3046 3506 3102 quo-

1916 3141 2023 3197 que
2055 3141 2162 3180 uno
2194 3127 2393 3181 intuitu
2420 3128 2488 3183 de
2519 3128 2660 3183 cmlo
2684 3128 3001 3198 perspiciat.

1985 3215 2271 3274 Vsus.16.
2326 3219 2608 3273 Abraham
2660 3227 2873 3289 patrem
2915 3234 3068 3274 nunc
3120 3234 3233 3273 non
3268 3219 3500 3273 vocabo.

237 3329 337 3382 οὐκ
358 3327 687 3400 ἀρνούμενος
712 3327 803 3381 τὸν
832 3326 1198 3398 πατριάρχην,
1233 3323 1348 3379 ἀλλ’
1396 3323 1473 3389 ὡς
1505 3323 1703 3396 μᾶλλον
1735 3322 1812 3396 τῷ

1935 3326 2030 3366 ton
2074 3309 2223 3389 quod
2257 3310 2632 3382 patriarcham
2691 3328 2908 3384 negem,
2952 3312 3047 3369 sed
3088 3311 3240 3383 quod
3302 3325 3503 3366 nomen

238 3419 356 3492 Θεῷ
381 3417 477 3472 τοῦ
510 3417 714 3489 πατρὸς
735 3417 902 3488 ὄνομα
922 3415 1275 3489 ἁρμόζοντος.

319 3534 378 3587 'O
422 3532 708 3604 προφήτης
752 3531 928 3585 πάντα
971 3530 1065 3584 ὲπὶ
1095 3530 1189 3584 τὸν
1228 3528 1360 3584 Θεὸν
1388 3529 1668 3601 ἀναφέρει,
1711 3528 1810 3600 οὐχ

239 3625 316 3689 ὡς
336 3624 428 3679 τοῦ
464 3624 599 3677 Θεοῦ
632 3623 807 3678 αἰτίου
835 3624 965 3694 ἡμῖν
991 3620 1276 3693 γινομένου
1325 3621 1419 3675 τοῦ
1451 3621 1810 3693 ἁμαρτάνειν,

240 3715 357 3772 ἀλλ’
386 3715 675 3780 ἐνδιδόντος
715 3714 811 3768 καὶ
850 3713 1261 3785 συγχωροῦντος
1293 3714 1477 3767 ἐκεῖνα
1523 3712 1810 3784 πράττειν,

239 3807 276 3862 ἃ
303 3809 368 3863 ἄν
396 3824 484 3871 τις
515 3805 766 3878 αἱρῆται·
803 3805 879 3869 ὡς
905 3805 1003 3877 τὴν
1056 3805 1156 3877 μὲν
1188 3805 1369 3860 αἰτίαν
1395 3804 1540 3875 ἐχειν
1573 3804 1634 3871 ἐξ
1657 3803 1813 3876 ήμῶν

241 3898 336 3953 καὶ
368 3900 498 3971 παρ’
542 3896 721 3969 ἡμῶν,
754 3896 854 3970 τὴν
896 3897 956 3951 δὲ
998 3898 1278 3970 άναφοράν
1305 3898 1400 3950 ἐπὶ
1427 3897 1519 3952 τὸν
1558 3896 1711 3952 Θεόν.
1744 3926 1816 3938 -

252 3989 341 4054 Ὠς
384 3988 916 4059 ἐγκαταλειφθέντων
946 3989 1150 4056 αὐτῶν,
1185 3990 1277 4045 καὶ
1309 3990 1383 4061 μὴ
1416 3989 1814 4061 ἀναστελλομέ-

240 4098 347 4136 νων
378 4079 468 4135 διὰ
496 4078 719 4150 πληγῶν
750 4076 856 4131 τῶν
887 4079 1212 4135 κωλυουσῶν
1244 4079 1319 4151 μὴ
1349 4079 1702 4150 ἁμαρτάνειν.

311 4280 431 4335 Τῶν
474 4278 581 4352 γὰρ
625 4278 925 4352 Ἀσσυρίων
968 4277 1317 4350 ἀφελομένων
1355 4278 1673 4342 τάςππόλεις
1716 4278 1816 4332 αὖ·

240 4372 349 4426 ⁴τῶν
381 4373 477 4425 καὶ
524 4371 936 4445 περικοψάντων
968 4371 1067 4436 τὰς
1096 4371 1356 4436 πλείστας
1397 4371 1602 4436 πόλεις,
1636 4371 1821 4425 ἀντοι-

243 4466 527 4535 κησάντων
555 4464 612 4518 δὲ
637 4465 764 4528 τοὺς
786 4463 1095 4529 Γοτθαίους,
1118 4464 1168 4518 οἳ
1196 4464 1290 4517 καὶ
1322 4465 1662 4536 Σαμαρεῖται
1691 4465 1823 4518 ἐκαι-

242 4558 450 4622 λοῦντο,
484 4559 549 4610 ἐκ
594 4556 688 4610 τοῦ
732 4556 896 4610 τόπου
922 4556 1020 4627 τὴν
1055 4555 1441 4629 προσωνυμίαν
1482 4557 1819 4627 εἰληφότων⁸

1914 3401 2094 3458 Patris
2125 3405 2332 3459 rectius
2355 3404 2463 3460 Deo
2491 3405 2777 3461 convenit.

1979 3516 2148 3575 Vens.
2178 3519 2267 3575 l7.
2315 3519 2529 3575 Cuncta
2570 3519 2637 3574 ad
2691 3518 2983 3574 Dominum
3032 3515 3306 3574 referente
3364 3533 3505 3589 pro-

1910 3608 2097 3681 pheta,
2133 3625 2204 3665 ne
2239 3617 2399 3681 putes
2426 3609 2595 3665 Deum
2620 3611 2783 3666 nobis
2823 3618 3110 3665 auctorem
3152 3621 3503 3680 peccatorum

1913 3717 2081 3771 esse;
2132 3701 2454 3757 facultatem
2484 3711 2699 3757 tantum
2738 3701 3007 3774 permittit
3045 3713 3098 3757 et
3131 3704 3384 3758 concedit
3415 3701 3495 3756 fa-

1913 3793 2119 3861 ciendi,
2154 3809 2276 3865 quae
2320 3794 2519 3866 cuique
2558 3795 2825 3851 libuerint
2858 3811 2871 3847 :
2906 3809 3075 3849 causa
3147 3794 3318 3866 igitur
3375 3810 3503 3865 pec—

1915 3885 2023 3941 cati
2052 3886 2110 3941 in
2142 3887 2304 3943 nobis
2334 3894 2388 3942 et
2418 3902 2449 3941 a
2477 3888 2659 3951 nobis,
2690 3886 2760 3943 ad
2791 3885 2962 3943 Deum
2994 3894 3176 3942 autem
3208 3885 3496 3942 referenda

1915 3978 2178 4049 peccandi
2264 3978 2519 4036 facultas.
2553 4009 2625 4021 -—-
2677 3978 2844 4046 Quasi
2908 3978 3498 4050 comprehenderentur

1915 4071 2044 4141 ipsi,
2076 4078 2132 4126 et
2159 4070 2570 4130 calamitatibus
2600 4074 3066 4144 opprimerentur,
3105 4086 3175 4127 ne
3205 4079 3499 4142 peccarent

1918 4160 2373 4231 impedientibus.

1989 4270 2158 4328 Vens.
2207 4273 2293 4330 19.
2354 4274 2599 4347 Assyriis
2642 4275 2859 4332 scilicet
2884 4274 3050 4331 urbes
3089 4281 3311 4331 nostras
3362 4272 3490 4328 diri-

1922 4363 2198 4432 pientibus
2228 4407 2243 4432 ,
2290 4372 2344 4420 et
2389 4365 2686 4437 plerasque
2727 4382 2917 4423 earum
2950 4366 3325 4421 evertentibus
3350 4404 3364 4429 ,
3402 4381 3502 4421 au-

1921 4451 2335 4526 ferentibusque
2370 4455 2438 4512 de
2467 4456 2646 4526 patria
2684 4456 2963 4522 Gothaeos,
3012 4457 3106 4527 qui
3139 4463 3194 4512 et
3253 4455 3502 4511 Samari-

1921 4545 2037 4600 tani
2087 4554 2375 4611 vocantur,
2419 4548 2527 4603 loci
2586 4550 2809 4605 nomine
2836 4548 3137 4620 appellati;
3169 4564 3234 4604 ac
3285 4549 3507 4606 duabus

246 4650 407 4720 μόνον
450 4648 507 4701 δέ
560 4646 653 4701 δύο
703 4647 875 4717 ἥμισυ
931 4647 1115 4717 φυλῶν
1161 4646 1615 4721 περιλειφθεισῶν
1658 4647 1812 4718 μέρος

1935 4645 2139 4692 tantum
2190 4639 2443 4695 tribubus
2496 4639 2555 4695 in
2587 4640 2788 4713 angulo
2836 4642 3269 4707 remanentibus,
3326 4644 3494 4698 sentit

241 4831 397 4886 τοῦτο
423 4831 452 4884 δ
478 4831 693 4884 ἐδόκουν
728 4830 980 4901 κατέχειν
1008 4830 1424 4902 περιλειφθῆναι
1461 4830 1646 4894 αὐτοῖς
1689 4831 1824 4903 πρὸς

246 4924 467 4995 μνήμην
497 4923 594 4993 τῆς
620 4922 680 4986 ἐξ
706 4923 878 4993 ἀρχῆς
909 4938 1002 4975 σου
1033 4923 1112 4985 είς
1138 4921 1200 4975 τὸ
1223 4923 1378 4991 γένος
1407 4922 1707 4995 γενομένης
1735 4923 1826 4975 εῦ-

247 5014 498 5083 μενείαςο
538 5014 612 5085 μή
656 5030 730 5083 πη
767 5012 861 5065 καὶ
896 5013 1086 5067 τούτου
1134 5014 1393 5084 ἀρθέντος
1425 5013 1717 5086 γενοίμεθα
1747 5015 1824 5079 ὼς

248 5106 320 5178 μὴ
354 5106 479 5171 λαός
512 5123 628 5171 σου,
664 5106 797 5178 μηδὲ
826 5106 1261 5179 χρηματίσαντες
1296 5107 1455 5179 μερίς
1494 5124 1609 5161 σου.

317 5306 484 5362 Πάλιν
512 5306 789 5377 ἐμφαίνων
828 5308 857 5359 6
888 5309 1192 5381 προφήτης,
1226 5308 1302 5372 ὡς
1342 5310 1403 5363 οῦ
1442 5309 1511 5363 δι’
1541 5309 1822 5364 ἀσθένειαν

246 5397 339 5451 τοῦ
368 5398 503 5454 Θεοῦ
541 5392 685 5453 οῦτοι
715 5400 1211 5470 ἐγκατελείφθησαν
1240 5401 1463 5456 τοιαῦτα
1492 5401 1819 5473 ὑποστῆναι,

246 5490 399 5561 παρά
429 5492 530 5563 τὴν
565 5491 746 5545 αὐτῶν
794 5492 1097 5564 μοχθηρίαν
1128 5494 1481 5566 ἁμαρτόντων
1511 5493 1607 5548 καὶ
1639 5511 1817 5566 παρα.

246 5581 559 5653 ϐεϐηκότων
592 5584 692 5648 τὰς
718 5585 959 5647 έντολάς,
991 5583 1265 5657 ἐξηγεῖται
1294 5587 1393 5656 τὴν
1428 5586 1822 5657 μεγαλειότητα

246 5672 334 5726 τοῦ
397 5674 566 5743 Θεοῦ,
617 5675 693 5741 ὡς
746 5677 839 5730 καὶ
901 5674 1226 5748 βουλομένου
1274 5676 1438 5732 αὐτοῦ
1495 5680 1544 5732 οί
1600 5678 1820 5751 οὐρανοὶ

131 4734 136 4739 ’
243 4712 579 4810 κατεχόντων
632 4712 843 4810 μικρὸν,
892 4712 1259 4811 όῄπροφήτης
1305 4712 1479 4809 ἠξίου,
1535 4712 1676 4793 ὥστε
1728 4712 1812 4793 καὶ

1935 4729 2192 4799 propheta
2226 4745 2452 4800 parvam
2485 4731 2645 4786 istam
2672 4712 2675 4713 ν
2702 4739 2914 4802 partem
2942 4772 2958 4798 ,
3020 4747 3186 4802 quam
3219 4732 3506 4803 possidere

1920 4821 2278 4888 videbantur,
2317 4823 2387 4881 iis
2418 4839 2529 4879 non
2567 4824 2678 4880 nisi
2724 4840 2788 4880 ea
2819 4824 2889 4881 de
2946 4840 3115 4882 causa
3163 4824 3336 4882 fuisse
3368 4826 3500 4882 reli-

1921 4921 2086 4977 ctam,
2128 4924 2188 4970 ut
2228 4917 2551 4972 memoriam
2588 4916 2948 4989 benignitatis
2984 4926 3272 4974 servarent
3296 4959 3312 4984 ,
3364 4919 3497 4974 olim

1920 5020 1952 5058 a
1988 5005 2099 5062 Deo
2136 5009 2387 5078 patrihus
2415 5010 2823 5079 comprobatae;
2880 5026 2951 5066 ne
2983 5011 3031 5066 si
3061 5011 3169 5065 ista
3200 5011 3365 5067 etiam
3404 5026 3504 5066 au-

1922 5094 2156 5152 ferretur
2182 5114 2213 5152 a
2246 5100 2428 5164 nobis,
2459 5101 2619 5170 quasi
2649 5102 2885 5172 populus
2914 5102 3015 5157 tibi
3042 5102 3278 5171 alienus,
3298 5110 3352 5159 et
3381 5118 3505 5158 mu-

1929 5204 2122 5243 nerum
2173 5196 2393 5247 tuorum
2423 5206 2623 5261 expers
2659 5192 2934 5248 fieremus.

1999 5302 2126 5359 Car.
2168 5302 2356 5371 LXIV,
2389 5303 2558 5361 Vens.
2585 5306 2636 5359 l.
2668 5304 2883 5360 Rursus
2915 5304 3204 5361 declarans
3239 5305 3504 5376 propheta

1928 5410 2036 5450 non
2088 5407 2315 5468 propter
2366 5397 2798 5453 imbecillitatem
2833 5396 2927 5452 Dei
2979 5399 3130 5468 ipsos
3190 5397 3364 5453 fuisse
3404 5414 3504 5468 op-

1928 5504 2172 5559 pressos,
2215 5490 2311 5546 sed
2348 5498 2574 5563 propter
2606 5490 2910 5561 nequitiam
2957 5491 3301 5559 peccantium
3336 5498 3390 5545 et
3421 5490 3502 5545 le-

1927 5597 2023 5653 ges
2052 5582 2271 5640 divinas
2317 5584 2661 5649 violantium,
2712 5583 2873 5638 ell‘ert‘
2901 5582 3305 5649 sublimitatem
3355 5581 3447 5637 Dei
3486 5601 3499 5648 ;

1930 5677 2132 5749 quippe
2157 5676 2249 5749 qui
2281 5684 2468 5735 tantus
2501 5685 2608 5746 est,
2642 5685 2722 5744 ut,
2756 5677 2879 5748 ipso
2912 5675 3159 5745 iubente,
3176 5678 3359 5734 calum
3389 5694 3507 5732 aue-
