3824 6140
350 223 485 281 1571

1550 224 1899 283 THEODORI
1934 225 2456 282 HERACLEENSIS

3473 220 3620 280 {373

350 344 528 403 tiatur
558 350 611 397 et
640 347 839 395 cuncta
871 346 929 393 ut
956 355 1076 394 cera
1111 339 1425 410 liquescant.
1459 338 1757 397 Hic.Deum
1796 356 1921 396 cum

2047 342 2489 413 ἰνεῳχθησονται,
2528 341 2621 394 καὶ
2657 340 2725 393 τά
2756 339 3091 412 ὑποκείμενα
3129 341 3286 413 δίκην
3314 340 3489 413 κηροῦ
3522 358 3621 393 τα-

350 434 477 488 aliis
503 430 813 495 conferens,
861 431 955 500 qui
985 429 1063 484 dii
1102 438 1389 496 vocantur,
1415 446 1540 485 cum
1564 432 1745 487 oculis
1769 433 1923 487 cerni

350 534 534 598 negat,
581 535 676 580 aut
708 525 935 581 auribus
961 524 1137 579 audiri
1164 543 1179 591 ;
1210 525 1304 580 sed
1339 526 1431 596 qui
1459 526 1514 579 in
1542 526 1726 580 omnia
1753 526 1924 596 impe-

349 617 493 671 rium
525 626 775 673 exerceat
803 656 819 683 ,
853 617 1003 673 solus
1030 624 1114 672 est
1148 633 1250 672 nec
1274 626 1359 672 est
1381 617 1521 673 alius
1545 619 1639 689 qui
1678 634 1801 674 eum
1832 635 1925 674 su-

350 722 545 779 perare
575 710 774 764 valeat.

429 881 593 939 Vens.
622 882 675 938 5.
729 883 860 949 Quae
889 884 1061 938 hocce
1099 883 1261 938 modo
1299 884 1649 955 intelligenda
1696 902 1710 938 :
1748 886 1926 942 bonus

350 976 616 1048 Magister
665 990 789 1030 cum
831 990 1054 1044 pravum
1095 976 1349 1031 habuerit
1379 976 1733 1046 discipulum,
1764 993 1924 1047 quem

354 1086 384 1124 a
418 1066 662 1136 nequitia
707 1081 971 1122 rovocare
1026 1067 1304 1129 voluerit,
1353 1066 1662 1121 hortabitur
1712 1082 1837 1122 eum
1874 1077 1928 1122 ut

352 1162 546 1217 melior
596 1159 724 1224 ﬁat;
770 1160 917 1229 quod
972 1161 1018 1213 si
1070 1168 1250 1215 autem
1299 1160 1390 1217 hic
1418 1161 1658 1215 deterior
1706 1163 1764 1215 in
1811 1160 1929 1216 dies

351 1252 585 1315 evadat,
639 1251 837 1307 nedum
888 1266 918 1305 a
978 1252 1122 1306 malo
1169 1252 1481 1317 abstineat,
1532 1260 1661 1306 tunc
1698 1250 1929 1321 depellet

353 1360 476 1399 eum
509 1343 767 1413 Magister
789 1353 842 1398 et
870 1342 1189 1398 derelictum
1222 1345 1472 1415 pluribus
1498 1345 1661 1400 etiam
1691 1346 1928 1415 peccatis

352 1437 552 1491 tradet.
586 1436 665 1490 lta
689 1435 756 1490 de
789 1437 947 1491 nobis
988 1436 1190 1490 factum
1224 1445 1329 1493 est.
1354 1436 1488 1491 Cum
1521 1451 1551 1490 a
1596 1437 1778 1508 pravis
1812 1453 1929 1493 mo-

353 1526 513 1581 ribus
555 1526 722 1581 averti
764 1526 1137 1590 noluerimus,
1177 1535 1235 1580 tu
1287 1527 1461 1581 iratus
1490 1542 1573 1590 es,
1603 1535 1655 1580 et
1684 1542 1785 1582 nos
1825 1542 1927 1597 ope

354 1635 448 1676 tua
521 1622 768 1678 destituti
796 1661 810 1686 ,
844 1622 1089 1676 omnium
1118 1622 1372 1676 vitiorum
1403 1622 1525 1677 labe
1562 1622 1852 1675 trahimur.

2029 433 2307 503 κήσονται.
2346 432 2466 486 Κάν
2493 431 2669 502 τούτῳ
2700 431 2874 500 δηλῶν
2916 435 2945 486 6
2976 434 3279 505 προφήτης,
3323 431 3451 485 οὔτε
3491 432 3619 500 Effer.

2030 524 2405 578 ὑποϐάλλεσθα
2427 525 2588 579 αὐτὸν
2619 524 2837 593 φάσκει,
2872 524 2996 579 οὔτε
3026 526 3157 579 ὠσὶν
3189 525 3445 591 ἀκοῦσαι,
3486 525 3620 592 σύγ-

2029 633 2210 688 κρισιν
2221 617 2384 671 αὑτοῦ
2408 619 2543 689 πρὸς
2560 617 2752 679 ἄλλους
2775 617 3099 688 λεγομένους
3115 616 3271 682 θεοὺς
3292 618 3582 686 γεγονέναι
3600 635 3614 647 ·

2029 707 2165 761 ἀλλὰ
2181 707 2322 763 κατὰ
2343 709 2559 763 πάντων
2575 707 2714 779 ἔχων
2733 707 2795 760 τὸ
2813 707 3000 778 κῦρος,
3036 708 3197 779 μόνος
3215 708 3332 761 ἐστὶ
3345 707 3619 772 τοιοῦτος,

2030 800 2193 853 ἄλλου
2225 800 2361 870 πρὸς
2404 799 2566 853 αὐτὸν
2605 797 3048 870 παραϐάλλεσθαι
3084 800 3157 868 μὴ
3196 796 3527 867 δυναμένου.

2103 889 2354 943 Τοιοῦτόν
2382 907 2503 943 τινα
2535 888 2661 944 νοῦν
2691 888 2803 959 ἔχει
2823 904 2839 919 ·
2880 888 2990 951 Ὡς,
3024 888 3101 942 ὅτ’
3139 886 3206 942 ἂν
3235 886 3562 950 διδάσκαλος
3592 889 3623 940 6

2031 982 2235 1052 ἀγαθὸς
2278 981 2391 1051 ἔχοι
2440 981 2676 1054 πονηρὸν
2731 980 3012 1053 μαθητὴν,
3064 981 3145 1044 ει,
3208 978 3621 1051 μεταϐαλέσθαι

2033 1073 2195 1127 αὑτὸν
2228 1073 2552 1144 βουλόμενος
2576 1072 2683 1127 ἀπὸ
2717 1072 2818 1142 τῆς
2847 1071 3113 1143 πονηρίας
3147 1071 3333 1135 αὐτοῦ,
3368 1070 3625 1125 νουθετεῖ

2035 1167 2196 1221 αὑτὸν
2240 1167 2525 1237 κρείττονα
2559 1164 2755 1219 ἑαυτοῦ
2801 1163 3094 1232 γενέσθαι·
3149 1167 3178 1218 6
3225 1164 3281 1217 δὲ
3319 1164 3394 1234 μὴ
3451 1162 3623 1233 μόνον

2034 1246 2426 1312 ἀπαλλάττοιτο
2465 1257 2575 1313 τῶν
2624 1256 2833 1321 κακῶν,
2876 1257 3014 1310 ἀλλὰ
3045 1256 3140 1310 καὶ
3182 1254 3509 1326 προσθήκην
3560 1255 3623 1307 ἐν

2033 1351 2270 1421 πονηρίᾳ.
2322 1349 2567 1414 δέξαιτοο
2628 1349 2919 1404 ἀκόλουθον
2973 1347 3387 1419 ἀποστραφῆναι
3446 1345 3622 1398 αὑτὸν

2030 1440 2120 1494 τὸν
2154 1440 2493 1502 διδάσκαλον,
2516 1441 2764 1493 κάκεῖνον
2802 1438 3295 1510 έγκαταλειφθέντα
3314 1439 3394 1500 εἰς
3425 1436 3619 1489 πλείο-

2030 1549 2125 1596 νας
2172 1531 2402 1596 ἀταξίας
2449 1531 2641 1585 ἑαυτὸν
2682 1531 2964 1586 ἐκδοῦναι*
3006 1531 3147 1584 οὕτω
3191 1530 3325 1600 φησὶ
3370 1529 3472 1583 καὶ
3529 1529 3619 1596 ἐφ’

1956 1622 1998 1675 Β
2025 1625 2205 1696 ἡμῶν,
2243 1626 2317 1695 μὴ
2357 1622 2701 1694 ἀνεχομένων
2735 1624 2891 1695 ἡμῶν
2934 1621 3261 1696 μεταθέσθαι
3303 1620 3401 1675 τοῦ
3438 1636 3617 1690 πονη-

358 1714 453 1785 ροῦ
498 1714 655 1786 ἡμῶν
688 1714 911 1785 τρόπου,
947 1713 1109 1776 αὐτὸς
1156 1712 1453 1797 ὠργίσθης,
1504 1714 1598 1766 καὶ
1629 1715 1789 1785 ἡμεῖς
1836 1725 1928 1767 σου
1967 1715 2067 1785 τῆς
2105 1717 2403 1779 ἐποπτείας
2472 1717 2857 1787 ἀποτυχόντες,
2926 1716 3069 1772 κατὰ
3108 1716 3234 1771 ὁοῦν
3272 1714 3382 1770 τῶν
3427 1713 3621 1783 άμαο-

351 1809 611 1880 τημάτων
648 1807 846 1879 ἠνέχθη
857 1825 972 1879 μεν.

425 1900 592 1956 Vens.
626 1900 680 1954 6.
730 1900 805 1954 Ea
828 1901 1046 1970 quidem
1078 1901 1291 1955 ratione
1328 1900 1585 1956 mandata
1615 1902 1932 1956 observabi-

354 2008 501 2057 mus,
532 1993 624 2047 ubi
661 1991 876 2061 justitia
902 1993 1014 2062 jam
1047 2007 1155 2047 non
1206 1992 1503 2046 amicitiam
1536 2001 1779 2047 nostram
1805 2008 1929 2047 cum

355 2082 466 2139 Deo
495 2083 764 2139 defendet.
803 2082 956 2138 Tune
981 2084 1128 2139 enim
1171 2084 1240 2139 ab
1275 2098 1342 2138 eo
1373 2083 1693 2140 deﬁciemus
1714 2124 1727 2146 ,
1773 2086 1930 2154 quasi

355 2173 488 2228 folia
543 2173 613 2227 ab
667 2174 954 2228 arboribus
1007 2181 1061 2227 et
1113 2187 1142 2226 a
1202 2174 1374 2245 stirpe
1416 2190 1515 2230 sua
1573 2174 1929 2246 decidentiaj;

355 2265 502 2336 quod
532 2264 828 2319 maximum
861 2266 1070 2320 crimen
1110 2265 1167 2320 in
1196 2281 1299 2323 nos
1327 2265 1511 2322 habet.

428 2439 595 2499 Vens.
628 2442 677 2496 7.
725 2440 1382 2512 QuotiescunqueDem,
1425 2442 1513 2497 vel
1539 2442 1709 2496 multa
1750 2442 1934 2496 horta-

354 2541 466 2597 tus,
506 2548 618 2588 non
640 2534 866 2603 ‘poterit
914 2533 1100 2587 ﬁdeles
1144 2547 1275 2589 suos
1310 2548 1343 2588 a
1373 2532 1613 2604 peccatis
1645 2546 1924 2596 revocare,

353 2634 486 2680 tunc
515 2626 632 2695 ipse
662 2624 877 2680 tandem
910 2625 1198 2691 irascetur,
1235 2631 1288 2681 et
1314 2624 1486 2697 ipsius
1514 2639 1644 2680 cura
1679 2624 1926 2680 desertos

354 2718 713 2774 derelinouet.

424 2892 555 2946 Car.
610 2889 771 2955 LXV,
830 2889 998 2947 Vens.
1042 2892 1093 2945 l.
1152 2890 1234 2946 Ad
1285 2888 1624 2946 Salvatorem
1677 2869 1996 2961 spectante-

353 2980 519 3035 etiam
552 2980 686 3035 haec.
730 2979 941 3051 Quippe
969 2984 1062 3051 qui
1095 2981 1272 3051 patria
1319 2980 1656 3048 benignitate
1700 2980 1924 3044 missus,

351 3077 408 3124 et
441 3084 541 3124 sua
600 3068 980 3125 misericordia
1039 3081 1239 3136 motus,
1300 3070 1556 3126 omnibus
1612 3068 1928 3125 hominibus

355 3157 680 3214 manifestus
713 3159 894 3214 factus
924 3168 1030 3223 est,
1064 3160 1380 3215 hominibus
1437 3174 1562 3215 eum
1596 3173 1699 3215 nec
1725 3173 1926 3215 voean-

352 3252 523 3318 tibus,
557 3267 660 3307 nec
688 3254 1120 3307 arcessentihus.

425 3341 592 3400 Vens.
625 3344 678 3400 5.
714 3344 892 3400 Ultrix
928 3345 1139 3400 scilicet
1165 3343 1268 3399 vis.

423 3435 589 3493 Vens.
623 3437 675 3493 6.
714 3438 944 3505 Quando
972 3437 1125 3501 dicit,
1167 3437 1436 3507 scriptum
1483 3444 1609 3500 est,
1666 3435 1927 3506 ignoran-

353 3530 487 3583 tiam
520 3537 765 3583 nostram
797 3529 865 3583 ab
887 3544 952 3584 eo
978 3528 1165 3584 doceri
1194 3526 1410 3583 credas.
1439 3525 1575 3581 Cum
1614 3527 1760 3581 enim
1790 3526 1930 3581 scri-

353 3629 446 3690 pta
466 3621 625 3675 nobis
654 3620 1055 3689 praeteritarum
1070 3634 1253 3676 rerum
1284 3618 1604 3673 memoriam
1632 3616 1925 3680 retineant,

352 3721 408 3766 et
429 3711 499 3766 ad
538 3712 1002 3768 reminisceutiam
1049 3728 1151 3768 nos
1175 3711 1484 3773 deducant,
1515 3717 1571 3765 et
1609 3709 1773 3780 quasi
1802 3716 1929 3765 ante

351 3805 546 3862 oculos
591 3820 681 3860 res
721 3812 905 3874 gestas
936 3814 1241 3875 exponant,
1278 3803 1468 3859 eodem
1500 3801 1665 3857 modo
1691 3818 1792 3858 nos
1831 3802 1929 3857 do-

352 3905 441 3953 cet
469 3897 634 3953 Deus.
686 3897 900 3953 Cuncta
931 3905 1113 3953 autem
1146 3895 1256 3953 Deo
1296 3904 1448 3963 nota,
1510 3902 1566 3950 et
1631 3901 1926 3965 antequam

352 3991 566 4055 ﬁerent,
594 3990 708 4060 j'am
732 3992 883 4044 novit
907 4006 993 4046 ea.

424 4079 592 4137 Vens.
644 4082 699 4135 8.
728 4080 943 4137 Rursus
971 4082 1061 4136 hic
1086 4079 1307 4136 divitias
1351 4078 1641 4135 charitatis
1670 4094 1782 4134 suae
1815 4093 1928 4132 ma—

352 4170 714 4228 nifestissime
744 4172 987 4227 declarat
1022 4170 1677 4241 singularidocumento;
1705 4186 1830 4223 nam
1866 4179 1926 4223 ut
1952 4206 2005 4265 Β

352 4283 480 4321 cum
532 4266 816 4322 inventum
877 4273 963 4321 est
1017 4265 1232 4320 acinum
1287 4266 1345 4320 in
1388 4265 1551 4322 botro
1623 4274 1923 4329 maturum,

354 4364 579 4430 propter
620 4359 847 4413 unicum
887 4358 1021 4413 illud
1052 4373 1155 4412 uva
1202 4359 1320 4429 ipsa
1372 4366 1643 4423 servatur,
1682 4368 1736 4413 et
1775 4360 1926 4412 aesti-

352 4461 534 4505 matur
564 4450 773 4522 magni,
801 4458 856 4505 et
878 4466 907 4504 a
944 4450 1162 4505 nemine
1186 4449 1457 4521 carpitur,
1480 4449 1555 4503 ita
1584 4462 1683 4519 ego
1710 4463 1927 4518 quoque

353 4542 400 4595 si
425 4556 596 4595 unum
625 4541 908 4610 reperiero
939 4541 1270 4596 servientem
1294 4539 1451 4602 mihi,
1506 4538 1766 4593 omnibus
1802 4554 1925 4608 par-

352 4647 498 4697 cam,
520 4631 679 4702 juxta
710 4648 772 4687 ea
795 4648 916 4702 qua:
942 4631 1219 4687 Abraham
1252 4631 1474 4687 fuerunt
1502 4630 1671 4694 dicta,
1707 4630 1926 4701 quando

357 4737 552 4793 paenas
584 4738 613 4776 a
648 4721 889 4777 Sodoma
921 4724 1261 4794 repetebam,
1302 4733 1354 4777 et
1377 4723 1463 4778 vel
1494 4723 1788 4793 quinquies
1826 4723 1928 4776 mi-

356 4813 717 4868 sericordiam
749 4829 927 4870 meam
964 4815 1360 4886 comprobavi;
1394 4815 1537 4871 idem
1578 4825 1634 4871 et
1665 4831 1813 4870 nunc
1839 4831 1928 4871 re-

351 4908 459 4960 fert
496 4905 564 4960 ad
591 4906 937 4961 indicandam
967 4908 1356 4979 benignitatem
1387 4923 1564 4964 suam.

426 4996 593 5055 Vens.
626 5000 714 5055 i0.
775 5000 906 5066 Quae
932 5002 1100 5071 igitur
1125 5001 1260 5072 ipsis
1293 5001 1499 5073 largior
1529 5009 1754 5073 propter
1789 5017 1927 5074 pau-

350 5104 447 5145 cos
476 5088 840 5144 inservientes
868 5090 1001 5146 mihi
1022 5108 1036 5153 ;
1056 5105 1155 5147 vos
1183 5106 1340 5160 vero,
1365 5094 1458 5163 qui
1481 5092 1614 5146 mihi
1651 5093 1928 5147 contradi-

349 5186 479 5240 citis
522 5187 649 5241 vitae
680 5187 839 5241 vobis
874 5187 1111 5252 auctori,
1148 5187 1244 5258 qui
1294 5186 1634 5242 daamonihus
1681 5187 1926 5258 indulge-

351 5280 447 5345 tis,
474 5287 531 5336 et
555 5288 739 5336 mente
773 5280 1096 5336 carentibus
1131 5295 1377 5336 mensam
1408 5279 1616 5350 paratis
1657 5293 1721 5333 ac
1742 5279 1926 5349 potio-

350 5388 473 5439 nes,
512 5385 688 5430 morte
708 5374 1034 5430 moriemini.
1059 5371 1193 5430 iure
1219 5382 1404 5429 autem
1439 5389 1535 5429 eos
1563 5380 1740 5429 morte
1778 5374 1927 5428 dam-

350 5474 478 5531 nat;
538 5467 740 5537 quippe
782 5467 877 5538 qui
927 5474 1053 5537 post
1103 5467 1438 5537 impietatem
1488 5478 1544 5523 et
1602 5475 1826 5536 peccata
1867 5467 1921 5521 in

360 5556 553 5622 Deum,
579 5568 862 5614 vocantem
913 5574 1021 5613 non
1066 5559 1376 5624 audierunt,
1419 5565 1473 5613 et
1522 5559 1701 5613 locum
1746 5558 1923 5628 poeni-

352 5644 536 5707 tentia
592 5649 875 5719 praestanti
929 5656 1402 5727 nonparuerunt,
1458 5647 1555 5705 sed
1601 5648 1922 5721 iniquitates

2104 1893 2343 1948 Τοιαῦτα
2389 1894 2543 1966 ήμῶν
2582 1894 2733 1948 ἔσται
2769 1891 2839 1946 τά
2882 1892 2985 1962 τῆς
3017 1891 3456 1964 παρατηρήσεως
3506 1897 3621 1953 τῶν

2031 1985 2282 2051 ἐντολῶν,
2315 1985 2554 2040 διάθεσιν
2606 1985 2743 2057 πρὸς
2771 1983 2903 2037 Θεὸν
2952 1982 3027 2055 μὴ
3076 1981 3354 2054 σωζοὺσης
3395 1986 3504 2057 τῆς
3534 1987 3619 2042 δι-

2031 2078 2354 2148 καιοσύνης·
2411 2078 2445 2148 ἠ
2489 2078 2583 2131 καὶ
2634 2077 2883 2148 ἕκρευσιν
2923 2078 3057 2147 ἡμῖν
3104 2075 3493 2149 προεξένησεν,
3537 2079 3618 2144 ὡς

2032 2166 2251 2236 φύλλοις
2309 2166 2600 2221 πίπτουσιν
2641 2167 2749 2220 άπὸ
2778 2165 2886 2220 τῶν
2935 2165 3167 2235 δένδρων
3213 2167 3308 2218 καὶ
3353 2168 3467 2222 ἀπὸ
3519 2170 3620 2242 τῆς

2032 2258 2240 2312 ἑαυτῶν
2271 2258 2425 2330 ῥίζης
2444 2275 2458 2289 ·
2498 2259 2634 2328 ὅπερ
2663 2257 2761 2329 τὴν
2791 2258 3025 2329 ἐσχάτην
3057 2256 3238 2311 αὐτῶν
3271 2262 3619 2332 κατηγορίαν

2032 2350 2166 2420 ἔχει.

2107 2441 2225 2495 Ὅτ’
2278 2440 2344 2495 ἂν
2383 2440 2493 2514 γὰρ
2542 2439 2675 2504 Θεὸς
2729 2440 2820 2493 ἐπὶ
2876 2439 3007 2495 πολὺ
3044 2440 3313 2494 νουθετῶν
3350 2441 3430 2514 μὴ
3463 2444 3618 2517 σχοίη

2033 2532 2159 2595 τοὺς
2213 2531 2568 2603 πειθομένους
2595 2531 2741 2601 αὐτῷ
2777 2530 3103 2601 μεταθέσθαι
3143 2531 3252 2584 τῶν
3289 2550 3621 2605 παρανομηο

2035 2624 2220 2694 μάτων
2246 2623 2441 2687 αὐτῶν,
2470 2623 2590 2676 τότε
2623 2622 2715 2675 καὶ
2743 2622 2905 2685 αὐτὸς
2934 2623 3113 2676 τέλεον
3139 2623 3167 2674 6
3177 2624 3429 2694 97:60:51.;
3451 2625 3621 2693 ἐγκαυ

2029 2714 2358 2785 ταλιμπάνει
2403 2715 2601 2778 αὐτοὺς
2646 2714 2720 2777 ὡς
2760 2714 2997 2785 ἐρήμους
3039 2714 3238 2779 αὐτοὺς
3285 2716 3620 2787 γενομένους

2029 2807 2129 2878 τῆς
2170 2806 2335 2861 αὐτοῦ
2379 2805 2723 2876 κηδεμονίας.

2112 2896 2440 2968 Ἐκληπτέον
2459 2896 2518 2950 δὲ
2544 2896 2638 2950 καὶ
2662 2898 2742 2959 είς
2764 2895 2993 2968 Σωτῆρα
3025 2895 3216 2960 ταῦτα,
3248 2897 3329 2965 ὃς,
3362 2903 3616 2973 πατρικῇ

2028 2989 2326 3061 άγαθότητι
2353 2987 2675 3061 ἀποσταλείς
2702 2988 2796 3041 καὶ
2814 2987 2989 3060 οἰκεία
3014 2987 3396 3062 φιλανθρωπίᾳ
3410 2990 3615 3058 ἐλθὼν,

2027 3080 2279 3154 ἐμφανὴς
2300 3082 2465 3135 πᾶσιν
2488 3079 2794 3152 ἀνθρώποις
2833 3078 3055 3148 γέγονεν
3087 3080 3116 3131 6
3148 3079 3360 3151 Σωτὴρ,
3401 3080 3619 3154 ἀνθρώ-

2027 3190 2147 3229 πων
2180 3177 2317 3245 μήτε
2347 3171 2844 3246 πρεσϐευσαμένων
2875 3172 3009 3243 πρὸς
3039 3170 3221 3238 αὐτὸν,
3257 3174 3401 3243 μήτε
3437 3191 3619 3245 παρα-

2026 3263 2395 3319 καλεσάντων.

2111 3351 2175 3406 Ἦ
2212 3351 2562 3426 τιμωρητικὴ
2595 3350 2793 3424 δηλαδὴ
2815 3352 3060 3422 δύναμις.

2097 3443 2173 3498 Τό
2209 3443 2287 3509 δὲ,
2325 3443 2655 3515 γέγραπται,
2687 3442 2921 3509 ἁκούων,
2954 3443 3061 3497 νόει
3087 3442 3161 3506 ὡς
3182 3443 3463 3515 ἡμετέραν
3504 3462 3616 3500 πα-

2031 3536 2358 3609 ραμυθεῖται
2385 3534 2626 3603 ἄγνοιαν.
2672 3535 2891 3607 Ἐπειδὴ
2919 3533 3025 3607 γάρ
3060 3537 3193 3606 ἡμῖν
3221 3536 3280 3602 ἐξ
3313 3537 3615 3607 ἐγγράφων

2029 3630 2062 3700 ἡ
2094 3630 2282 3700 μνήμη
2313 3630 2691 3699 συγκροτεῖται
2724 3627 2832 3681 τῶν
2857 3626 3229 3701 παρελθόντων
3256 3629 3614 3699 πραγμάτων

2028 3723 2108 3784 είς
2144 3721 2453 3791 ὑπόμνησιν
2503 3721 2649 3791 ἡμᾶς
2699 3719 2928 3789 ἄγουσα,
2980 3718 3075 3773 καὶ
3122 3718 3312 3791 ὥσπερ
3362 3721 3610 3791 ὑπ”δψιν

2027 3814 2150 3882 ἄγει
2179 3812 2247 3866 τά
2294 3812 2631 3884 παρελθόντα
2678 3811 2999 3883 πράγματα,
3038 3810 3209 3875 οὕτως
3260 3812 3609 3866 ἐκδιδάσκει·

2028 3900 2213 3955 Πάντα
2260 3900 2504 3971 ἐγνώσθη
2556 3899 2634 3970 τῷ
2683 3898 2822 3971 Θεῷ,
2875 3900 2972 3955 καὶ
3011 3901 3142 3972 πρὶν
3183 3900 3216 3971 ἢ
3268 3902 3496 3973 γένηται
3544 3903 3612 3956 τά

2027 3992 2297 4063 γενόμενα
2331 3988 2637 4047 ἐπίσταται.

2110 4081 2374 4136 Ἐνταῦθα
2420 4081 2579 4135 πάλιν
2619 4082 2647 4134 ὁ
2694 4078 2923 4145 πλοῦτος
2971 4082 3074 4149 τῆς
3118 4080 3459 4152 ἁγαθότητος
3517 4082 3610 4136 τοῦ

2029 4173 2164 4228 Θεοῦ
2232 4171 2589 4245 φανερώτατα
2642 4171 2897 4243 δηλοῦται
2945 4171 3129 4241 οἰκείῳ
3207 4171 3608 4241 ὑποδείγματιο

2034 4266 2247 4338 Ὥσπερ
2285 4265 2415 4337 γὰρ,
2453 4266 2528 4317 ὅτ’
2573 4263 2639 4318 ἂν
2679 4263 2877 4336 εὑρεθῇ
2942 4264 2999 4316 ὲν
3038 4263 3118 4334 τῷ
3163 4261 3350 4333 βότρυῖ
3418 4265 3449 4316 6
3501 4262 3612 4335 ρὼξ

2034 4359 2314 4429 πέπειρος,
2359 4357 2426 4409 δι’
2467 4359 2674 4411 ἐκεῖνον
2742 4357 2835 4411 τὸν
2880 4356 2977 4410 ἕνα
3022 4357 3129 4419 πᾶς
3180 4354 3413 4419 σώζεται
3440 4397 3456 4422 ,
3518 4357 3612 4409 καὶ

2032 4451 2161 4520 περὶ
2212 4446 2411 4502 πολλοῦ
2457 4449 2723 4513 ποιεῖται,
2783 4447 3009 4519 μηδενὸς
3051 4445 3215 4501 αὐτοῦ
3259 4447 3575 4517 ἁπτομένου
3594 4464 3607 4475 ·

2031 4543 2194 4609 οὕτω,
2219 4542 2373 4613 φησὶ,
2402 4539 2579 4609 κάγὼ,
2616 4540 2735 4603 ἐνὸς
2772 4538 3086 4610 εὑρεθέντος
3115 4536 3462 4600 δουλεύοντάς
3497 4556 3609 4608 μοι,

2033 4632 2242 4697 πάντας
2290 4631 2739 4711 περιποιήσομαι,
2771 4627 2914 4682 κατὰ
2952 4628 3013 4680 τὸ
3043 4625 3122 4697 τῷ
3173 4626 3428 4698 ’Δδραὰμ
3462 4627 3615 4680 λελε-

2030 4724 2260 4795 γμένον,
2288 4723 2455 4793 ἡνίκα
2497 4722 2529 4791 ἠ
2564 4718 2707 4773 κατὰ
2750 4718 2999 4789 Σοδόμων
3040 4716 3162 4788 δίκη
3195 4717 3608 4788 κατεπέμπετο,

2030 4817 2137 4880 ἕως
2162 4816 2323 4870 πέντε
2349 4815 2448 4885 τὴν
2487 4811 2895 4885 φιλανθρωπίαν
2934 4809 3336 4883 ὲνδειξαμένου.
3367 4812 3444 4865 Τὸ
3480 4814 3612 4867 αὐτὸ

2030 4909 2211 4964 τοίνυν
2240 4907 2333 4961 καὶ
2357 4905 2453 4961 νῦν
2480 4904 2676 4975 φάσκει
2705 4903 2826 4956 κατ’
2854 4901 3106 4956 ἐπίτασιν
3137 4901 3505 4973 άγαθότητος.

2102 5000 2288 5054 Ταῦτα
2313 4998 2492 5053 τοίνυν
2515 4996 2738 5068 παρέχω
2764 4996 2948 5058 αὐτοῖς
2976 4994 3041 5047 δι’
3073 4994 3289 5064 ὀλίγους
3313 4997 3447 5059 τοὺς
3492 4996 3611 5049 Gou-

2030 5092 2284 5156 λεύοντάς
2313 5109 2421 5163 μοι.
2453 5091 2643 5161 Ὑμεῖς
2661 5089 2740 5154 δὲ,
2762 5086 3287 5158 οἱάνταλλαξάμενοι
3314 5088 3442 5141 ἀντὶ
3473 5087 3611 5158 ἐμοῦ

2029 5184 2123 5239 τοῦ
2164 5183 2226 5239 τὸ
2269 5178 2407 5237 εἶναι
2441 5184 2570 5252 ὑμῖν
2610 5179 3048 5251 παρεσχηκότος,
3089 5180 3181 5232 καὶ
3221 5178 3613 5241 δουλεύσαντες

2030 5276 2349 5348 δαιμονίοις,
2379 5275 2471 5329 καὶ¹
2499 5273 2729 5344 ἀψύχοις
2769 5269 3156 5341 παρατιθέντες
3186 5269 3472 5339 τράπεζαν
3520 5273 3612 5324 καὶ

2032 5371 2373 5441 κεράσματα,
2405 5365 2620 5435 θανάτῳ
2652 5360 3032 5417 ὑποπεσεῖσθε.
3060 5361 3301 5414 Θάνατον
3323 5360 3385 5415 δὲ
3426 5361 3609 5415 αὐτῶν

2030 5461 2251 5525 δικαίως
2273 5458 2711 5530 καταψηφίζεται
2734 5473 2750 5487 ο
2780 5456 2861 5511 ὅτι
2896 5455 2991 5509 καὶ
3020 5453 3159 5525 μετὰ
3193 5454 3293 5525 τὴν
3322 5453 3605 5516 ἀσέϐειαν,

2032 5552 2127 5607 καὶ
2171 5549 2231 5604 τὸ
2272 5549 2598 5622 ἐξαμαρτεῖν
2638 5548 2834 5611 αὐτοὺς
2869 5549 2950 5610 είς
3000 5545 3093 5598 τὸν
3141 5545 3275 5599 Θεὸν
3300 5586 3314 5612 ,
3350 5545 3606 5599 καλοῦντι

2028 5648 2127 5717 οὐχ
2164 5645 2505 5716 ὑπήκουσανξ
2529 5642 2623 5697 καὶ
2656 5642 2819 5695 τόπον
2853 5637 3140 5710 μετανοίας
3173 5638 3359 5705 αὐτοῖς
3387 5638 3605 5704 διδόντι,
