3792 6150
184 222 341 286 I573

1647 240 1715 296 IN
1750 242 2002 299 ISAIAM.

3298 260 3432 318 1374

177 348 298 403 οὐκ
326 341 513 417 εῖξαν’
552 350 668 407 ἀλλ’
698 352 1009 408 ἐπετείνατε
1044 354 1165 410 καθ’
1200 355 1409 411 ἑαυτῶν
1447 358 1514 413 τά
1537 361 1760 435 πονηρὰ,

1878 381 2004 420 suas
2037 373 2203 422 etiam
2232 378 2524 436 auxerunt,
2556 387 2729 442 eaque
2752 371 2995 429 fecerunt
3022 389 3143 445 quae
3156 376 3427 436 nolebam.

184 440 295 496 καὶ
319 441 356 496 ἃ
387 442 487 495 οὐκ
519 443 720 514 ἤρεσκέ
752 462 839 515 μοι
860 448 1178 517 ἐπράττετε.

279 532 499 604 Ἐπειδὴ
518 533 649 606 γάρ,
677 536 806 605 περὶ
832 538 1075 610 γαστέρα
1114 540 1520 614 ἀσχολούμενοι,
1551 548 1631 611 είς
1670 546 1769 619 τὴν

180 620 571 695 τῶν.καρπῶν
605 626 901 681 ἀπόλαυσιν
929 629 991 681 τὸ
1019 631 1128 684 πᾶν
1151 632 1251 701 τῆς
1285 634 1624 709 εὐφροσύνης
1656 640 1768 692 ἐτί-

186 711 378 779 θεντο,
431 715 527 769 καὶ
587 716 909 788 εὐδαίμονας
952 718 1199 792 ἐνόμιζον
1228 723 1355 787 τοὺς
1385 725 1588 782 τούτων
1629 729 1805 783 ἀποο“

181 802 482 870 λαύοντας,
531 805 773 877 λυπῆσαι
812 808 1010 874 αὐτοὺς
1052 809 1371 884 βουλόμενος
1419 817 1477 869 ἐν
1507 820 1574 889 τῇ
1608 819 1767 891 ἀκοῇ,

184 892 263 948 ἶν’
300 893 724 966 ἐπιστρέψαντες
764 896 1013 967 σωθῶσι,
1047 900 1146 971 τὴν
1186 901 1391 959 τούτων
1433 905 1616 972 αὐτοῖς
1647 909 1768 962 στέ-

185 1000 360 1054 ρησιν
386 987 767 1058 προαγορεύει.

265 1077 684 1148 Προκαταλέξας
735 1079 773 1137 ἃ
799 1082 1076 1139 πείσονται
1121 1086 1172 1138 οἰ
1203 1086 1278 1158 μὴ
1320 1086 1639 1158 φοϐούμενοι
1679 1090 1769 1144 τὸν

184 1165 428 1238 Κύριον,
454 1168 587 1238 μηδὲ
611 1171 1029 1243 ἐπιστρέφοντες
1060 1174 1199 1248 πρὸς
1233 1177 1416 1243 αὐτὸν,
1447 1180 1662 1247 ἐπάγει,
1688 1181 1769 1234 ὅτι

198 1257 562 1323 ’Λπεναντίας
606 1261 808 1315 τούτων
854 1265 904 1316 οἰ
962 1264 1303 1333 δουλεύοντές
1357 1286 1448 1339 μοι
1504 1272 1564 1324 οὐ
1610 1272 1769 1342 μόνον

184 1347 497 1417 τεύξονται,
526 1350 663 1405 ἀλλὰ
693 1356 784 1407 καὶ
813 1354 1114 1426 ὀνομάτων,
1138 1359 1386 1433 καθάπερ
1416 1364 1465 1415 οἰ
1499 1364 1769 1436 πατριάρε-

182 1459 312 1513 χαι,
344 1442 393 1496 οἳ
419 1444 555 1514 πρὸς
580 1447 692 1508 τοῖς
720 1447 942 1518 τρόποις
969 1450 1062 1504 καὶ
1083 1450 1360 1522 ὀνομάτων
1382 1454 1582 1508 καινῶν
1607 1455 1768 1525 ἐτύγ-

183 1550 384 1607 χανον.
420 1534 636 1589 Τούτων
662 1535 719 1591 δὲ
750 1536 827 1609 μὴ
864 1541 1284 1610 μετανοούντων,
1315 1545 1474 1599 τοῦτο
1504 1546 1565 1600 τὸ
1600 1547 1769 1620 ὄνομα

182 1621 481 1695 δοθήσεται
509 1626 622 1688 τοῖς
650 1624 851 1693 ἔθνεσι,
872 1628 933 1681 τὸ
960 1630 1061 1700 μὲν
1103 1632 1185 1696 εἰς
1225 1633 1331 1700 ἀεὶ,
1368 1634 1505 1707 ὅπερ
1548 1637 1665 1691 ἐστὶ
1703 1637 1767 1691 τὸ

1937 538 2108 598 Vens.
2142 543 2230 599 i5.
2272 542 2501 610 Quando
2539 547 2711 601 ventri
2743 549 2904 602 unice
2941 547 3161 616 deditis,
3212 550 3268 605 in
3299 565 3428 622 pos-

1869 632 2116 687 srdendis
2146 632 2399 704 frugibus
2449 650 2720 690 summam
2768 637 3084 694 felicitatem
3128 640 3431 697 consistere

1866 722 2169 789 videretur,
2219 739 2283 780 ac
2334 740 2430 781 eos
2483 734 2700 781 tantum
2750 729 2943 785 beatos
2991 746 3115 786 esse
3165 733 3259 801 qui
3308 732 3431 789 istis

1867 810 2173 880 abundant,
2208 822 2415 870 terrere
2447 830 2543 871 eos
2566 831 2818 873 sermone
2855 820 3063 885 volens,
3098 827 3159 875 ut
3180 821 3429 876 conversi

1866 903 2171 971 salventur,
2207 904 2428 976 frugum
2450 906 2692 977 inopiam
2715 908 3021 965 denuntiat.

1950 1079 2112 1136 Vens.
2170 1082 2257 1136 15.
2302 1081 2590 1140 Praedictis
2622 1099 2745 1154 quae
2775 1084 3091 1142 hominibus
3121 1086 3426 1153 imminent,

1866 1186 1969 1226 nec
1992 1171 2163 1227 Deum
2194 1173 2533 1239 timentibus,
2591 1191 2691 1231 nec
2728 1177 2796 1231 ad
2836 1178 3013 1247 ipsum
3062 1192 3121 1233 se
3162 1179 3432 1249 recipien-

1867 1262 2038 1324 tibus,
2065 1263 2253 1332 adjicit
2283 1262 2464 1320 Deus:
2497 1264 2615 1319 Non
2659 1266 2833 1322 modo
2868 1269 3028 1338 longe
3065 1267 3281 1321 diversa
3308 1283 3431 1323 sor-

1866 1352 2077 1407 tientur
2106 1354 2199 1423 qui
2229 1355 2361 1408 mihi
2391 1356 2718 1421 inserviunt,
2742 1357 2835 1413 sed
2855 1359 3074 1412 nomine
3099 1360 3263 1413 etiam
3289 1373 3429 1413 novo

1867 1444 2231 1510 vocabuntur,
2267 1445 2408 1500 sicut
2438 1447 2782 1516 patriarchae,
2821 1448 2914 1518 qui
2939 1465 3038 1518 pro
3061 1451 3306 1504 moribus
3330 1464 3429 1503 no-

1866 1533 1953 1587 vis
2011 1549 2226 1603 quoque
2283 1534 2598 1590 hominibus
2661 1537 3114 1607 insignicbantur.
3164 1537 3427 1601 Israelitis

1869 1630 2050 1677 autem
2090 1625 2468 1694 pamitentiam
2503 1628 2892 1693 renuentibus,
2920 1629 3176 1699 gentibus
3210 1629 3429 1684 dabitur

183 1710 305 1769 τῶν
327 1714 669 1786 Χριστιανῶν
688 1734 701 1746 ·
730 1719 924 1789 μηκέτι
948 1719 1057 1792 γὰρ
1079 1723 1310 1778 εἰδώλων
1337 1728 1554 1798 μνήμην
1581 1728 1760 1783 ποιού-

1878 1713 1970 1767 hoc
1999 1729 2219 1778 nomen,
2260 1716 2405 1785 quod
2433 1717 2489 1770 in
2518 1727 2779 1771 arternum
2826 1719 3087 1783 manebit,
3135 1734 3237 1774 nec
3278 1717 3427 1774 aliud

188 1821 370 1880 μενοι,
400 1807 523 1878 μηδ’
550 1808 626 1874 ὡς
661 1812 742 1875 εἰς
770 1811 925 1876 θεοὺς
969 1813 1257 1886 ὀμνύοντες
1279 1855 1294 1881 ,
1326 1816 1440 1872 ἀλλ’
1474 1822 1554 1884 εἰς
1601 1822 1762 1876 αὐτὸν

184 1895 287 1955 τὸν
323 1896 455 1956 Θεὸν
485 1900 580 1954 καὶ
624 1900 952 1974 δημιουργὸν
985 1906 1186 1973 αὐτῶν,
1222 1911 1352 1979 παρ’
1398 1910 1763 1979 αὑτοῦῖἒξουσι

184 1988 296 2060 τὴν
326 1989 434 2046 τῶν
460 1991 680 2061 ἀγαθῶν
708 1994 1025 2052 ἀπόλαυσιν.

260 2256 649 2328 Μακροσίωσιν
702 2259 760 2312 δὲ
815 2259 996 2324 αὐτοῖς
1054 2261 1147 2314 ἐπὶ
1179 2261 1348 2328 πολὺ,
1418 2261 1614 2331 ἀώρως
1664 2281 1763 2334 μεν

189 2345 425 2416 μηδενὸς
465 2347 914 2417 μεταλλάττοντος
933 2391 949 2416 ,
995 2352 1076 2415 εἰς
1121 2351 1303 2423 γῆρας
1356 2352 1585 2424 λιπαρὸν
1628 2353 1765 2423 φθά-

188 2452 408 2500 νοντος’
448 2438 542 2490 καὶ
571 2437 681 2510 γὰρ
713 2437 904 2493 ἑκατὸν
938 2440 1074 2493 ἐτῶν
1109 2443 1138 2494 ὀ
1163 2441 1491 2514 τελευτήσας
1530 2444 1589 2496 ἐν
1624 2444 1766 2497 ἐκεί-

188 2541 308 2589 νοις
340 2525 512 2607 ἐσται,
541 2526 616 2591 ὡς
659 2528 765 2599 πρὸ
802 2528 951 2601 ὥρας
1000 2529 1118 2593 νέος
1143 2530 1456 2596 ἀπαλλάξας
1499 2532 1647 2586 τόνδε
1674 2533 1765 2587 τὸν

191 2613 348 2683 βίον
393 2616 423 2668 ό
465 2614 523 2668 δὲ
567 2614 711 2668 οὕτω
760 2617 1137 2687 μεταλλάττων
1190 2620 1248 2675 ἐν
1306 2620 1552 2692 κατάρας
1609 2621 1763 2695 μέρει

190 2705 439 2762 κείσεται
468 2708 792 2780 ἁμαρτωλὸς
823 2711 1239 2785 συγκρινόμενος
1261 2711 1340 2783 τῷ
1365 2712 1557 2787 μακρῷ
1587 2713 1708 2786 βίῳ.

265 2797 352 2851 Τὰ
378 2797 486 2870 γὰρ
513 2799 740 2870 ἀειθαλῆ
776 2801 916 2869 φυτά
951 2803 1009 2855 ἐν
1039 2802 1116 2873 τῷ
1151 2803 1464 2875 παραδείσῳ
1504 2804 1765 2870 ἀειζώους

190 2894 440 2963 καρποὺς
472 2893 626 2965 φέρει
646 2911 659 2925 ο
684 2894 877 2958 οἵτινες
897 2895 954 2948 ἐν
980 2895 1078 2966 μὲν
1105 2894 1184 2966 τῷ
1210 2892 1348 2960 εἶναι
1369 2897 1459 2950 τὸν
1481 2897 1763 2970 ἄνθρωπον

192 2984 253 3037 ἐν
278 2981 361 3054 τῷ
388 2984 719 3056 παραδείσῳ,
739 2984 884 3040 ἄλλοι
912 2985 998 3037 ἐπ’
1030 2985 1211 3049 ἀλλοις
1234 2986 1505 3057 γινόμενοι
1536 2989 1758 3059 καρποὶ,

192 3078 456 3147 παρεῖχον
502 3075 580 3147 τῷ
622 3075 895 3148 ἀνθρώπῳ
924 3076 987 3130 τὸ
1034 3077 1122 3131 ἀεὶ
1183 3056 1511 3132 ἀπολαύεινο
1557 3056 1647 3133 ὅτε
1702 3081 1759 3134 ὣ
1786 3056 1832 3118 C

193 3165 406 3238 ἐξώσθη
436 3167 467 3221 ὀ
506 3166 813 3238 ἄνθρωπος,
841 3168 890 3220 οἰ
926 3168 1129 3241 καρποί⁵
1160 3169 1409 3240 μένουσιν
1447 3171 1526 3234 εἰς
1582 3170 1644 3224 τὸ
1681 3172 1759 3225 δι-

191 3260 389 3334 ηνεκὲς
413 3255 698 3328 ἄφθαρτοι.
872 3306 887 3321 ,

263 3346 453 3402 Ταῦτα
483 3348 580 3418 μὲν
616 3343 710 3402 οὖν
752 3350 781 3402 ὀ
804 3348 936 3413 Θεὸς
977 3346 1072 3402 τοῦ
1112 3349 1328 3422 Ἰσραὴλ
1367 3352 1757 3421 ἐπαγγέλλεται

200 3438 572 3499 ,ιετανοοῦντισ
607 3441 794 3511 ἐπειδὴ
837 3440 895 3494 δὲ
933 3441 1179 3505 ἀπειθεῖς
1226 3444 1597 3514 μεμενήκασι,
1634 3461 1758 3515 μετ-

194 3533 317 3599 άγει
338 3532 437 3595 τὰς
456 3531 703 3600 εὐλογίας
727 3534 806 3594 εἰς
833 3531 901 3585 τά
927 3531 1053 3602 ἔθνη
1072 3548 1085 3562 ·
1108 3532 1184 3595 ὡς
1206 3533 1298 3587 καὶ
1319 3535 1399 3597 εἰς
1421 3533 1517 3606 τὴν
1533 3535 1759 3606 Ἐκκλη-

197 3623 319 3676 σίαν
350 3622 522 3676 ταῦτα
548 3622 691 3676 κατά
716 3620 971 3693 ἀλήθειαν
1001 3622 1456 3694 ἐκλαμϐάνεσθαι.

264 3712 389 3767 Τῶν
426 3712 519 3766 δύο
564 3713 734 3784 ἥμισυ
768 3712 949 3782 φυλῶν
989 3713 1070 3766 ἔτι
1102 3715 1160 3767 ἐν
1202 3717 1314 3778 τοῖς
1341 3713 1527 3780 τόποις
1566 3715 1755 3781 ὄντων,

197 3806 289 3867 καὶ
312 3806 572 3876 οἰομένων
607 3806 682 3878 μὴ
709 3798 1016 3875 ἀπάγεσθαι
1048 3806 1127 3870 εἰς
1154 3807 1253 3876 τὴν
1274 3808 1644 3878 αἰχμαλωσίαν
1672 3809 1761 3863 διά

196 3900 293 3981 τὴν
326 3901 465 3970 πρὸς
492 3901 583 3954 τὸν
608 3900 733 3954 ναὸν
764 3901 947 3972 σχέσιν
976 3880 1076 3954 τοῦ
1096 3900 1253 3967 Θεοῦ,
1293 3902 1413 3972 οὐχὶ
1438 3901 1495 3955 δὲ
1523 3901 1611 3955 διά
1638 3903 1761 3974 τρό-

198 4010 314 4046 πων
340 3991 538 4070 ἀρετὴν
571 3994 665 4047 καὶ
694 3991 793 4063 τὴν
821 3993 958 4063 πρὸς
988 3992 1080 4046 τὸν
1105 3992 1237 4046 Θεὸν
1274 3991 1507 4059 εὔνοιαν,
1547 3993 1760 4069 υποδεί-

198 4100 388 4139 κνυσιν
411 4086 440 4138 ό
464 4083 615 4150 Θεὸς,
654 4084 730 4148 ὡς
757 4085 818 4137 οὐ
846 4083 1016 4137 τόπου
1053 4084 1213 4155 χάριν
1238 4084 1271 4156 ἢ
1300 4084 1429 4139 ναοῦ
1467 4085 1759 4157 ῥυσθήσον-

195 4189 286 4235 ται
328 4175 428 4253 τῆς
458 4174 830 4246 αἰχμαλωσίας
870 4175 1297 4247 προηγουμένως
1322 4177 1372 4229 οἰ
1411 4177 1581 4231 ταῦτα
1614 4176 1763 4248 έχον-

197 4280 287 4328 τες
304 4281 319 4295 ’
348 4264 549 4319 τούτων
568 4265 676 4337 γάρ
708 4265 1040 4336 ἀντέχοντες,
1069 4265 1200 4329 Θεὸς
1221 4266 1389 4335 λέγει,
1420 4266 1507 4320 διά
1532 4268 1627 4339 τὴν
1655 4268 1762 4321 τῶν

199 4356 489 4419 οἰκούντων
520 4358 646 4429 περί
676 4357 744 4411 τὰ
776 4357 983 4428 νόμιμα
1029 4357 1272 4429 φυλακὴν
1297 4396 1312 4423 ,
1361 4357 1454 4421 οὒς
1502 4361 1596 4413 καὶ
1639 4360 1761 4413 ναὸν

201 4448 447 4526 βούλεται
478 4449 646 4521 ἐχειν,
688 4451 783 4503 καὶ
822 4449 1004 4516 ἀξίους
1026 4445 1164 4502 εἶναι
1192 4448 1285 4501 τοῦ
1325 4451 1551 4505 ἐνοικεῖν
1583 4453 1640 4504 ὲν
1669 4453 1765 4506 αὑ-

200 4544 330 4607 τοῖς.

269 4634 455 4690 Πάντα
500 4633 611 4706 γὰρ
668 4634 1002 4705 πανταχόθεν
1052 4633 1149 4707 βοᾷ
1192 4634 1290 4706 τὴν
1338 4634 1549 4693 δικαίαν
1588 4638 1765 4709 κρίσιν

1865 1810 1950 1857 est
1984 1813 2183 1873 prmter
2206 1820 2406 1860 nomen
2434 1803 2898 1861 Christianorum.
2917 1805 3038 1862 Jam
3066 1822 3172 1861 non
3194 1808 3428 1878 amplius

1864 1893 2133 1950 idolorum
2185 1897 2507 1950 memoriam
2565 1897 2788 1964 facient,
2836 1913 3013 1968 neque
3054 1913 3118 1953 ea
3167 1904 3427 1967 tanquam

1864 1990 1998 2045 deos
2024 1991 2380 2055 invocabant,
2434 1992 2529 2047 sed
2565 2008 2737 2046 unum
2773 1991 2944 2047 Deum
2992 1999 3049 2048 et
3088 1991 3425 2046 conditorem

1863 2095 2024 2133 suum
2058 2081 2263 2148 colent,
2290 2088 2343 2153 et
2374 2082 2444 2136 ab
2490 2082 2611 2151 ipso
2671 2082 2940 2136 bonorum
2986 2083 3200 2150 cupiam
3255 2083 3426 2150 impe-

1863 2168 2105 2222 trahunt.

1940 2254 2108 2313 Vens.
2147 2260 2236 2315 20.
2281 2260 2483 2317 Multos
2511 2276 2686 2317 annos
2716 2261 2945 2331 perfecit
2975 2262 3069 2331 qui
3102 2275 3209 2314 non
3234 2259 3425 2313 imma-

1863 2356 1988 2404 tura
2021 2360 2197 2406 morte
2241 2355 2456 2422 rapitur
2507 2360 2562 2408 et
2610 2354 2837 2409 viridem
2878 2353 3234 2423 consequitur
3270 2364 3429 2405 sene-

1866 2449 2090 2497 ctutem.
2128 2440 2320 2499 Justus
2350 2444 2493 2497 enim
2530 2446 2878 2499 centenarius
2919 2444 3025 2499 erit
3048 2442 3206 2514 quasi
3245 2441 3431 2495 adole-

1866 2547 2028 2589 SCBDS
2059 2542 2185 2590 ante
2221 2542 2437 2604 tempus
2462 2537 2733 2602 moriens;
2783 2544 3040 2605 peccator
3077 2549 3207 2590 vero
3252 2543 3429 2589 cente-

1865 2625 2058 2681 narius
2109 2626 2436 2681 malediclus
2496 2626 2622 2691 erit,
2674 2634 2898 2697 propter
2944 2625 3120 2697 ipsam
3166 2623 3425 2695 grandem

1864 2723 2078 2771 aetatem
2112 2716 2427 2770 damnatus.

1937 2806 2102 2863 Vens.
2144 2807 2234 2862 22.
2279 2806 2557 2861 Continuo
2611 2806 2871 2862 ﬂorentes
2931 2803 3175 2877 paradisi
3229 2803 3428 2874 planta:

1864 2905 2098 2953 aeternos
2122 2898 2333 2954 fructus
2364 2897 2565 2954 ferunt.
2593 2897 2805 2968 Quippe
2841 2895 2969 2967 qui,
3004 2896 3133 2949 dum
3167 2893 3333 2947 homo
3372 2891 3427 2944 in

1865 2990 2121 3059 paradiso
2147 3000 2311 3057 esset,
2347 2990 2402 3043 in
2431 2989 2549 3044 dies
2567 2989 2738 3059 magis
2769 3002 2832 3041 ac
2845 2988 3015 3055 magis
3036 2986 3203 3049 aucti,
3225 2990 3426 3038 aeterna
3507 3015 3517 3024 -

1864 3078 2070 3134 homini
2100 3078 2294 3149 gaudia
2335 3078 2685 3148 praebebant;
2715 3078 2944 3146 expulso
2970 3085 3163 3129 .autem
3210 3074 3429 3128 homine

1865 3185 1931 3224 ex
1959 3169 2238 3238 paradiso,
2284 3175 2568 3223 remanent
2597 3166 2807 3222 fructus
2842 3167 2899 3220 in
2934 3176 3198 3220 aeternum
3247 3163 3431 3218 incor-

1864 3261 2172 3330 ruptibiles.
3117 3307 3122 3313 .

1937 3352 2104 3408 Vens.
2144 3353 2235 3408 25.
2276 3351 2407 3419 Quae
2461 3350 2679 3422 quidem
2735 3349 3021 3405 denuntiat
3074 3343 3427 3413 Deustrael

1865 3443 2247 3513 paenitentiam
2274 3442 2492 3513 agenti;
2525 3443 2654 3512 quia
2693 3448 2873 3495 autem
2907 3437 3176 3493 indociles
3204 3450 3428 3492 reman-

1866 3542 2078 3598 serunt,
2143 3533 2553 3589 benedictiones
2598 3546 2730 3587 suas
2783 3529 3040 3602 gentibus
3095 3527 3424 3597 impertitur,

1865 3635 1925 3680 ut
1953 3624 2008 3678 in
2044 3623 2344 3679 Ecclesiam
2369 3623 2525 3692 juxta
2560 3625 2848 3677 veritatem
2889 3618 3284 3689 suscipiantur.

1937 3712 2067 3769 CAP.
2124 3712 2308 3778 LXVI,
2343 3711 2511 3768 Vens.
2543 3713 2595 3766 l.
2636 3710 2914 3766 Ambabus
2947 3709 3198 3764 tribubus
3247 3706 3427 3761 adhuc

1865 3815 2069 3861 terram
2103 3819 2252 3860 suam
2284 3803 2701 3873 occupantibus,
2745 3817 2913 3872 seque
2959 3802 3015 3856 in
3054 3800 3429 3869 captivitatem

1866 3906 2088 3967 propter
2117 3895 2356 3950 studium
2394 3894 2487 3949 Dei
2538 3893 2592 3947 in
2630 3894 2892 3964 templum
2926 3908 3037 3947 non
3087 3891 3281 3946 abduci
3323 3906 3427 3961 pu-

1865 3988 2131 4052 tantibus,
2160 4003 2268 4041 non
2301 4002 2428 4042 vero
2454 3994 2677 4055 prapter
2706 3985 3006 4039 bonitatem
3046 3998 3258 4037 morum
3295 3997 3426 4037 suo-

1866 4095 1988 4133 rum
2016 4088 2111 4133 aut
2168 4094 2320 4133 suam
2380 4081 2434 4132 in
2498 4077 2788 4131 Dominum
2855 4078 3135 4148 pietatem,
3186 4075 3429 4130 declarat

1867 4170 2011 4227 Deus
2047 4189 2061 4224 :
2092 4170 2213 4225 illos
2234 4185 2343 4224 non
2375 4169 2481 4224 loci
2503 4181 2595 4223 aut
2632 4169 2824 4240 templi
2876 4169 3051 4239 gratia
3101 4166 3428 4238 captivitatis

1868 4262 2142 4317 immunes
2183 4261 2422 4327 futuros,
2453 4262 2549 4333 qui
2581 4261 2697 4316 haec
2742 4262 3011 4332 prazcipue
3055 4261 3259 4314 colunt.
3290 4258 3426 4313 Nam

1868 4355 1984 4409 haec
2024 4354 2353 4418 retinebunt,
2409 4354 2484 4407 ait
2523 4353 2689 4419 Deus,
2739 4363 2958 4424 pr0pter
3002 4351 3424 4406 inhabitantium

1865 4447 2013 4501 circa
2044 4446 2236 4515 legalia
2265 4445 2522 4515 pietatem
2548 4462 2562 4511 ;
2604 4459 2742 4515 quos
2767 4444 2911 4498 enim
2945 4442 3204 4512 templum
3245 4441 3425 4511 possi-

1862 4537 1991 4592 dere
2022 4537 2164 4597 volo,
2199 4536 2309 4590 sint
2343 4535 2492 4605 digni
2519 4535 2614 4604 qui
2648 4534 2781 4588 illud
2813 4532 3141 4588 inhabitent.

1934 4626 2097 4682 Vens.
2138 4626 2192 4680 6.
2233 4627 2594 4681 Conclamant
2631 4632 2828 4680 cuncta
2868 4624 3132 4694 judicium
3174 4621 3267 4678 Dei
3302 4638 3428 4678 esse

200 4726 294 4780 τοῦ
328 4724 485 4791 Θεοῦ,
517 4725 787 4797 πολεμίων
816 4726 915 4796 μὲν
950 4725 1491 4797 καταστρεφομένων,
1527 4728 1760 4792 Ἐζεκίου

1887 4727 2090 4785 ustum,
2147 4717 2286 4772 fusis
2330 4717 2606 4781 hostibus,
2646 4715 2877 4770 Ezechia
2927 4715 2994 4769 de
3037 4715 3239 4786 templo
3272 4729 3427 4791 egre-

202 4817 256 4880 δὲ
283 4820 349 4873 ὲκ
369 4818 464 4873 τοῦ
489 4817 620 4873 ναοῦ
642 4818 956 4891 ἐπανιόντος
979 4818 1074 4871 καὶ
1094 4817 1453 4894 κηρύττοντος
1472 4819 1568 4890 τὴν
1598 4837 1766 4890 μεγα-

203 4908 455 4983 λειότητα
480 4909 574 4967 τοῦ
600 4907 756 4963 Θεοῦ.

232 5000 550 5073 ,Τουτέστι,
589 5000 703 5071 Πρὸ
743 4998 837 5053 τοῦ
873 4998 1115 5053 κινδύνου
1156 4999 1267 5071 (lli)
1316 4998 1501 5053 ἔτεκεν
1529 4999 1712 5072 ἄρσεν,
1737 5001 1767 5055 ὅ

206 5094 319 5156 ἐστι
347 5093 538 5165 κύημα
562 5093 724 5148 καλὸν
748 5093 842 5146 καὶ
866 5091 1190 5163 τριπόθητον
1206 5094 1368 5158 ’.ταῖς
1408 5091 1517 5164 γὰρ
1551 5092 1764 5146 τικτού-

209 5199 328 5248 σαις
375 5182 729 5262 ἀρρενοτοκία
773 5182 971 5253 μᾶλλον
1021 5182 1248 5253 θατέρου
1301 5182 1691 5253 προτέτακται·
1730 5182 1764 5253 ἢ

206 5276 343 5359 τάχα
386 5292 491 5329 που
525 5276 619 5329 καὶ
650 5276 819 5347 ἄρσεν
857 5273 919 5327 τὸ
960 5272 1183 5345 τεχθέν
1222 5273 1282 5326 οὐ
1328 5272 1436 5344 γὰρ
1481 5272 1764 5345 θηλύνεται

208 5368 340 5439 πρὸς
374 5367 753 5439 μακαρισμοὺς
776 5367 805 5420 ὀ
838 5366 897 5419 ἐν
933 5365 1154 5441 Χριστῷ
1183 5364 1341 5441 λαός·
1372 5364 1625 5436 φρόνημα
1652 5365 1758 5436 γάρ

209 5462 351 5527 ἐστιν
382 5444 442 5530 ἐν
464 5458 615 5531 αὐτῷ
646 5457 1350 5516 νεανικόν.’--Ἐκδιδάσκει
1380 5456 1667 5529 προλαϐεῖν
1697 5461 1763 5529 τῇ

214 5552 466 5627 μετανοίᾳ
490 5552 583 5606 τὸν
612 5551 803 5623 καιρὸν
831 5550 942 5606 τῶν
981 5550 1207 5615 ὠδίνων,
1237 5550 1329 5604 καὶ
1359 5548 1546 5623 ὥσπερ
1579 5550 1766 5606 παιδία

420 5664 581 5729 Forte
616 5663 896 5739 κυητικοῦ.

1862 4809 2044 4864 dicnte
2075 4818 2129 4863 et
2152 4808 2587 4877 magniticentias
2620 4806 2713 4863 Dei
2746 4806 3093 4877 praedicante.

1932 4979 2093 5036 Vens.
2136 4982 2186 5036 7.
2232 4979 2346 5036 Hoc
2372 4988 2496 5036 est:
2529 4979 2695 5035 Partu
2736 4982 2977 5037 nondum
3009 4993 3227 5036 maturo
3260 4995 3431 5050 pepen

1861 5074 1936 5129 rit
1994 5075 2323 5139 masculum,
2379 5081 2729 5145 praestantem
2775 5074 2986 5128 scilicet
3024 5071 3192 5126 fetum
3236 5079 3290 5125 et
3337 5080 3429 5126 ter

1862 5173 2143 5234 optatum;
2198 5164 2469 5219 matribus
2523 5164 2669 5219 enim
2723 5163 3091 5218 masculorum
3146 5162 3429 5231 generatio.

1863 5257 2088 5329 gratior.
2126 5255 2191 5309 Et
2225 5254 2469 5325 profecto
2513 5254 2817 5310 masculum
2856 5255 3099 5325 genitum
3130 5252 3269 5316 fuit;
3312 5250 3428 5305 dici

1864 5350 2008 5405 enim
2040 5347 2386 5403 effeminatus
2418 5361 2524 5401 non
2558 5354 2735 5416 potest
2765 5347 2996 5416 pOpulus
3037 5345 3260 5400 Christo
3290 5343 3426 5398 fidem

1864 5442 1972 5507 lis;
2009 5455 2133 5494 nam
2164 5454 2363 5495 sensus
2402 5438 2477 5493 illi
2511 5438 2708 5494 virilis.
2748 5468 2818 5477 —
2851 5437 3016 5493 Docet
3061 5444 3120 5491 ut
3152 5438 3430 5507 pmnitena

1866 5534 1939 5589 tia
1973 5531 2115 5589 diem
2149 5539 2338 5603 partus
2380 5544 2841 5603 praeoccupemus,
2892 5541 2946 5587 et
2986 5531 3134 5588 velut
3168 5529 3431 5603 parvulo:
