3824 6140
386 235 525 291 1575

1573 223 1920 281 THEODORI
1960 224 2475 282 HERACLEENSIS

3504 228 3643 282 i376

387 353 618 408 salutem
673 358 919 407 nostram
977 348 1276 419 pariamus.
1333 345 1432 402 Est
1469 346 1690 415 quidem
1730 346 1951 400 omnino

2064 345 2362 415 ἀποκυῆσαι
2402 344 2502 416 τὴν
2531 345 2738 398 ἑαυτῶν
2773 345 3077 415 σωτηρίαν·
3111 346 3250 419 ὅπερ
3292 346 3448 399 ἐστὶν
3496 346 3643 415 ὑπὲρ

388 458 554 512 super
585 441 866 496 hominum
905 455 1111 505 mores,
1144 437 1291 509 quod
1326 437 1602 509 paulisper
1630 436 1955 491 brevissima

387 534 706 597 tolerantes,
738 530 897 602 quasi
933 530 1193 584 diuturna
1238 526 1677 598 pertulissemus,
1723 527 1954 582 salutem

384 638 807 693 consequamur.
841 622 971 689 Quae
1005 637 1134 677 vero
1170 619 1502 691 perficienda
1534 634 1658 673 esse
1693 618 1760 672 de
1797 615 1956 672 Jeru-

386 715 555 769 salem
584 714 895 777 nuntiabat,
946 713 1011 767 ad
1052 728 1218 783 quam
1265 713 1428 783 paulo
1458 722 1581 781 post
1622 710 1956 766 habitatores

385 806 629 859 redirent
657 820 722 860 ae
756 815 869 859 tota
898 820 1052 875 gens.

460 895 622 952 Vens.
658 897 712 952 8.
746 897 879 950 Nam
925 897 973 951 si
1030 896 1099 950 ad
1155 894 1323 950 Deum
1356 892 1771 959 convertemini,
1823 906 1956 946 con—

385 986 568 1043 festim
597 1004 693 1043 vos
715 987 983 1058 excipiet;
1032 1003 1134 1042 nec
1162 1002 1277 1042 rem
1311 988 1431 1055 ipso
1462 986 1529 1040 ad
1569 986 1789 1055 longum
1820 990 1956 1037 tem-

383 1081 534 1152 poris
599 1080 834 1150 spatium
891 1078 1177 1134 dill'erente
1205 1118 1223 1143 ,
1278 1079 1398 1133 sine
1429 1077 1537 1131 ulla
1570 1091 1725 1129 mora
1770 1074 1953 1129 statim

380 1187 575 1226 omnes
611 1172 667 1225 in
705 1169 1005 1227 Jerusalem
1066 1169 1567 1240 congregabuntur.
1629 1165 1749 1221 Non
1793 1173 1956 1220 erunt

381 1265 476 1335 qui
513 1265 669 1319 fidem
718 1273 813 1318 aut
846 1281 1066 1335 operam
1113 1264 1480 1333 denegantes,
1539 1260 1797 1330 praedicta
1842 1258 1957 1313 dis-

384 1355 627 1410 turbant.
705 1355 1138 1426 Complebuntur
1193 1370 1326 1409 sane
1409 1367 1530 1423 quae
1579 1351 1644 1406 de
1702 1350 1955 1420 gentibus

383 1447 527 1502 dicta
584 1456 739 1510 sunt;
796 1448 997 1517 quippe
1055 1460 1213 1517 quin,
1270 1445 1387 1501 suis
1433 1442 1733 1505 derelictis,
1781 1439 1950 1494 Deum

384 1554 542 1594 suum
572 1547 627 1594 et
650 1538 980 1593 Salvatorem
1008 1547 1386 1609 agnoscentes,
1410 1533 1477 1588 de
1500 1533 1775 1604 prioribus
1803 1546 1955 1586 erro-

384 1632 536 1687 ribus
565 1632 939 1701 ptenitentiam
1001 1638 1249 1700 agentes,
1302 1627 1369 1681 ad
1420 1627 1701 1682 caelestem
1728 1624 1954 1680 Jerusa-

2057 435 2235 488 πᾶσαν
2274 434 2618 507 ἀνθρωπίνην
2647 434 2952 507 συνήθειαν,
2990 437 3049 491 ἐν
3088 436 3363 509 ἀκαριαίῳ
3409 435 3642 507 διαστήο

2058 541 2189 596 ματι
2221 524 2407 599 ὥσπερ
2437 527 2529 579 ἐπὶ
2568 526 2735 580 πολὺν
2763 527 2952 598 χρόνον
2989 527 3309 599 κάμνοντες,
3354 525 3643 596 σωτηρίαν

2054 617 2470 688 καρπώσασθαι.
2507 617 2940 690 Τελεσθήσεσθαι
2985 619 3042 672 δὲ
3078 617 3215 672 αὑτά
3258 617 3644 689 ἐπηγγᾶλετο

2054 708 2147 760 ἐπὶ
2178 709 2281 780 τῆς
2306 707 2680 787 Ἰερουσαλὴμ,
2710 712 2767 762 ἐν
2791 710 2957 781 ὀλίγῳ
2983 709 3483 782 ἀπολαμϐανούσης
3512 708 3644 770 τοὺς

2054 800 2347 871 οἰκήτορας
2379 800 2473 853 καὶ
2511 800 2661 855 ἅπαν
2688 801 2751 853 τὸ
2782 801 2954 865 ἔθνος.

2129 891 2203 943 Οὐ
2255 890 2413 960 μόνον
2455 891 2583 962 γὰρ,
2628 892 2723 946 ἐὰν
2765 893 3134 963 ἐπιστραφῆτε
3187 892 3282 945 ἐπὶ
3320 891 3419 945 τὸν
3458 891 3645 957 Θεὸν,

2056 981 2283 1053 ταχίστη
2328 981 2478 1036 ἔσται
2526 982 2680 1053 ὑμῶν
2733 983 3120 1054 ήάντίληψις,
3161 984 3262 1036 οὐκ
3289 986 3372 1047 είς
3420 984 3645 1053 χρόνων

2055 1073 2303 1143 περίοδον
2350 1074 2775 1145 ὑπερτιθεμένου
2808 1075 2903 1129 τοῦ
2956 1074 3129 1141 Θεοῦ,
3177 1075 3293 1128 ἀλλ’
3347 1075 3485 1127 εὐθὺ
3547 1074 3644 1127 καὶ

2056 1166 2396 1237 παραχρῆμα
2452 1152 2669 1220 πάντων
2720 1167 3091 1238 ἁπανταχόθεν
3146 1165 3646 1237 ἐπισυναγομένωο

2055 1256 2147 1308 ἐπὶ
2186 1258 2282 1328 τὴν
2310 1258 2695 1329 Ἰερουσαλήμ·
2739 1255 2812 1312 ου’
2843 1259 3380 1340 στενοχωρηθήσεται
3426 1260 3500 1311 τὰ
3538 1257 3643 1325 τῆς

2055 1349 2387 1417 ἐπαγγελίας
2444 1350 2519 1422 μὴ
2569 1350 2925 1421 βουλομένων,
2982 1352 3118 1423 μηδὲ
3166 1351 3638 1405 ὑπακουσάντων

2054 1440 2470 1512 πληρωθήσεται
2497 1442 2554 1496 δὲ
2585 1444 2664 1506 εἰς
2691 1443 2759 1496 τά
2786 1443 2937 1514 ἔθνη,
2959 1444 3165 1497 τούτων
3197 1445 3295 1515 μὲν
3325 1441 3643 1496 ἀποϐαλλοο

2058 1533 2235 1603 μένων
2261 1535 2362 1605 τῆς
2392 1535 2739 1607 οἰκειότητος,
2770 1535 3195 1608 εἰσποιουμένων
3239 1534 3299 1587 δέ
3324 1532 3438 1586 τῶν
3459 1530 3639 1585 ἐθνῶν

2056 1629 2135 1691 είς
2168 1626 2266 1698 τὴν
2313 1628 2631 1700 ἐπουράνιον
2667 1628 3054 1701 Ἰερουσαλὴμ,
3098 1626 3497 1696 ἐπεγνωκότων
3546 1624 3640 1678 τὸν

384 1725 490 1780 lem
520 1725 801 1779 accedent.
843 1723 1011 1780 Israel
1044 1739 1175 1778 vero
1214 1738 1387 1791 usque
1418 1721 1692 1792 ingratum
1721 1734 1780 1773 se
1814 1732 1951 1788 prae-

2064 1719 2264 1772 ὲαυτῶν
2296 1719 2427 1773 Θεόν
2458 1736 2517 1774 τε
2544 1721 2639 1774 καὶ
2661 1722 2909 1795 Σωτῆρα,
2943 1721 3037 1774 καὶ
3067 1719 3524 1791 μετανοησάντων
3547 1720 3639 1769 ἐπι

382 1815 570 1871 bebit:
611 1814 723 1870 Deo
769 1815 855 1870 vel
903 1814 1356 1885 prmstantissima
1386 1812 1758 1882 promittente,
1797 1809 1956 1864 indo-

383 1907 517 1962 ciles
546 1906 926 1971 remanebunt,
964 1922 1032 1960 ne
1069 1905 1201 1959 illud
1244 1905 1461 1975 quidem
1513 1903 1781 1959 recordati
1810 1902 1957 1973 quod

392 2014 493 2053 una
524 2000 812 2054 mulierum
858 1997 1112 2062 fecunda,
1155 1998 1328 2051 altera
1376 2011 1505 2051 vero
1557 1995 1760 2051 sterilis
1818 2008 1958 2065 prae-

382 2090 704 2157 nuntiatur;
740 2089 968 2144 Domino
1006 2100 1329 2143 naturarum
1371 2097 1663 2159 utramque
1700 2095 1957 2141 naturam

381 2182 452 2236 ad
474 2190 669 2237 nutum
701 2198 860 2236 suum
910 2188 1313 2253 componente;
1351 2180 1511 2233 aliam
1552 2179 1771 2249 quidem
1810 2180 1959 2233 velut

383 2287 575 2341 agrum
608 2270 965 2343 frugiferum;
998 2273 1160 2327 aliam
1185 2287 1316 2327 vero
1346 2272 1492 2327 velut
1519 2278 1718 2326 terram
1748 2269 1958 2324 aridam

382 2371 437 2417 et
469 2360 837 2419 infecundam.

455 2541 619 2598 Vsus.
670 2543 759 2599 12.
807 2544 1076 2600 Omnibus
1121 2543 1191 2598 ad
1246 2559 1367 2600 eam
1414 2544 1776 2615 undequaque
1824 2556 1958 2597 con-

386 2630 707 2689 ﬂuentibus.
749 2631 883 2687 Nam
932 2635 1161 2705 gloriam
1196 2637 1441 2706 gentium
1479 2636 1742 2705 largietur
1770 2634 1852 2688 eis
1888 2633 1957 2687 ad

379 2722 683 2779 Jerusalem
721 2724 1116 2791 festinantium,
1151 2726 1309 2797 quasi
1354 2726 1497 2781 filios
1554 2741 1685 2781 suos
1717 2737 1773 2782 et
1816 2725 1957 2779 filias

383 2828 514 2867 suas
560 2814 617 2869 in
662 2814 904 2871 humeris
945 2815 1301 2886 portantium,
1350 2823 1403 2870 et
1445 2816 1736 2871 ferentium
1790 2829 1957 2884 super

379 2922 590 2977 genua,
646 2914 706 2961 ut
751 2923 872 2962 cum
918 2910 985 2964 iis
1034 2909 1461 2963 communicent.
1542 2908 1754 2963 Cuncta
1805 2908 1953 2963 enim

2054 1814 2120 1881 τῇ
2152 1812 2394 1884 προτέρᾳ
2443 1812 2641 1886 πλάνῃ.
2684 1814 2740 1867 ’0
2778 1814 2836 1866 δὲ
2879 1812 3091 1886 Ἰσραὴλ
3140 1812 3419 1883 ἀγνώμων
3460 1814 3641 1866 ἀπαν-

2053 1903 2218 1974 ταχοῦ
2235 1920 2247 1932 °
2277 1905 2371 1958 καὶ
2399 1904 2507 1977 γὰρ
2530 1906 2751 1969 ἐλπίδας
2780 1907 2960 1970 αὐτοῖς
2983 1906 3192 1974 ἀγαθὰς
3214 1905 3640 1976 ὑπο-γράψαντος

2054 1992 2148 2046 τοῦ
2174 1992 2534 2064 Θεοῦ,ἕμενον
2572 1994 2951 2067 ἀντίστροφοι·
2987 1998 3124 2066 μήτε
3160 1994 3318 2048 τοῦτο
3337 1993 3490 2048 κατὰ
3514 1992 3640 2046 νοῦν

2055 2083 2327 2149 λαϐόντες,
2359 2086 2440 2138 ὅτι
2470 2088 2503 2157 ή
2539 2086 2637 2157 μέν
2657 2103 2739 2150 τις
2761 2088 2898 2157 γυνὴ
2928 2085 3196 2151 πολύπαις
3226 2086 3637 2147 ἀναδείκνυται,

2055 2180 2087 2259 ᾖ
2116 2178 2173 2230 δέ
2198 2196 2280 2241 τις
2326 2177 2530 2249 ἔρημος
2561 2179 2765 2235 παίδων
2785 2198 2798 2210 ·
2825 2180 2923 2233 τοῦ
2965 2180 3233 2233 Δεσπότου
3262 2178 3374 2230 τῶν
3416 2177 3639 2246 φύσεων

2056 2270 2192 2340 πρὸς
2219 2271 2278 2322 τὸ
2321 2270 2512 2323 ἑαυτοῦ
2555 2271 2731 2343 νεῦμα
2779 2272 3005 2341 ἄγοντος
3048 2272 3284 2344 ἑκάστην
3314 2272 3516 2341 φύσινν
3546 2270 3640 2322 καὶ

2054 2351 2152 2430 τῆν
2186 2359 2284 2430 μέν
2309 2377 2430 2414 τινα
2446 2348 2641 2433 ὧσπερ
2662 2364 2763 2434 γῆν
2786 2362 3058 2436 εὔκαρπον
3088 2362 3510 2433 ἀποφαίνοντος,
3542 2362 3640 2432 τὴν

2054 2449 2111 2504 δὲ
2141 2452 2335 2519 ἄγονον
2367 2453 2461 2506 καὶ
2488 2454 2727 2527 στείραν.

2125 2541 2247 2595 Τῶν
2296 2544 2377 2606 είς
2416 2543 2585 2615 αὐτὴν
2626 2546 2960 2617 πανταχόθεν
2990 2546 3358 2619 συρρεόντων·
3393 2543 3500 2616 τὴν
3529 2545 3636 2616 γὰρ

2053 2636 2209 2703 δόξαν
2250 2637 2359 2691 τῶν
2402 2638 2568 2691 ἐθνῶν
2603 2642 2870 2710 χαριεῖται
2911 2639 3093 2704 αὐτοῖς
3126 2640 3207 2702 είς
3257 2639 3431 2709 αὐτὴν
3463 2654 3634 2691 σπευ-

2053 2729 2278 2794 δόντων,
2328 2728 2403 2792 ὠς
2441 2730 2565 2792 τοὺς
2606 2731 2754 2793 υἱοὺς
2807 2730 2975 2801 αὐτῆς
3022 2730 3117 2783 καὶ
3169 2729 3270 2793 τὰς
3316 2728 3633 2800 θυγατέρας

2054 2820 2140 2871 ἐπ’
2164 2818 2331 2890 ὤμων
2359 2820 2542 2892 φέρειν
2570 2821 2651 2884 είς
2685 2820 2783 2892 τὴν
2812 2819 3186 2892 Ἰερουσαλὴμ,
3211 2805 3308 2874 κάὶ
3338 2820 3436 2872 ἐπὶ
3469 2820 3635 2890 γονα-

2052 2928 2161 2965 των
2198 2912 2383 2984 φέρειν
2412 2913 2630 2978 αὐτοὺς,
2676 2912 3107 2985 μεταδιώκοντας
3135 2913 3231 2985 τὴν
3265 2912 3409 2983 πρὸς
3436 2912 3635 2974 αὐτοὺς

383 3000 642 3069 praebebit
668 3001 749 3056 eis
776 3000 918 3057 Deus
954 3000 1196 3071 adjutor,
1239 3001 1432 3057 matris
1470 3002 1539 3056 ad
1567 3014 1819 3056 normam
1855 3000 1951 3055 bo-

2064 3003 2336 3057 κοινωνίαν
2358 3023 2369 3034 ·
2407 3006 2440 3077 ή
2476 3004 2587 3077 γὰρ
2619 3007 2699 3069 εἰς
2726 3006 2920 3069 αὐτοὺς
2951 3006 3091 3077 ῥοπὴ
3120 3004 3212 3057 τοῦ
3238 3002 3376 3057 Θεοῦ
3404 3004 3633 3074 παρέξει

382 3107 466 3147 na:
495 3092 563 3149 de
593 3094 735 3149 natis
760 3095 874 3149 suis
902 3108 1088 3148 curam
1112 3093 1370 3164 gerentis.

459 3275 620 3331 Vsus.
670 3274 758 3331 l3.
804 3273 934 3339 Quae
963 3274 1205 3343 reperies
1254 3272 1502 3329 historiis
1552 3270 1950 3341 comprobata;

382 3365 686 3438 praesertim
725 3379 857 3418 vero
891 3365 1212 3419 narratione
1238 3378 1421 3417 rerum
1472 3377 1620 3417 nunc
1662 3362 1807 3433 apud
1850 3377 1953 3418 nos

383 3465 506 3529 post
538 3456 828 3512 adventum
868 3453 1164 3510 Salvatoris
1207 3455 1381 3510 nostri
1402 3462 1699 3526 gestarum.
1747 3453 1954 3512 Idcirco

382 3551 452 3605 ad
487 3564 671 3604 veram
715 3546 1017 3604 Jerusalem
1062 3546 1366 3613 tendimus,
1417 3554 1471 3603 et
1517 3562 1675 3603 veros
1717 3545 1951 3605 Judaeos

380 3651 664 3713 portamus
694 3657 858 3713 super
892 3641 1151 3697 humeros
1184 3655 1248 3695 ac
1283 3656 1462 3710 genua
1509 3640 1779 3708 ferentes;
1825 3655 1951 3695 cum

380 3735 528 3790 enim
573 3736 628 3791 in
679 3735 932 3789 manibus
985 3733 1177 3789 beatos
1229 3733 1526 3804 prophetas
1572 3733 1858 3796 habemus,
1898 3738 1954 3787 et

382 3827 604 3881 illorum
653 3826 810 3881 libris
853 3825 1222 3891 occurrimus,
1267 3825 1372 3895 ipsi
1425 3840 1647 3895 quoque
1693 3824 1748 3878 in
1782 3822 1952 3878 Deum

377 3919 658 3974 Abraham
711 3926 765 3974 et
811 3926 1131 3973 caeterorum
1188 3926 1405 3987 patrum
1461 3900 1747 3988 spe'ramus
1785 3932 1802 3983 ;
1842 3932 1955 3986 prae

381 4010 575 4079 primis
597 4025 726 4064 vero
758 4010 929 4065 libros
963 4009 1226 4064 habentes
1264 4024 1294 4061 a
1327 4008 1501 4063 beatis
1529 4006 1794 4078 apostolis
1830 4012 1954 4076 post

383 4104 718 4157 Salvatorem
761 4110 1009 4158 nostrum
1053 4101 1397 4171 conscriptos
1440 4110 1494 4154 et
1525 4116 1620 4155 eos
1667 4100 1724 4155 in
1762 4099 1956 4155 hume-

383 4195 460 4250 ris
513 4203 824 4265 portantes,
861 4208 926 4247 ac
971 4191 1038 4247 de
1073 4193 1182 4248 illis
1219 4193 1464 4263 symbola
1508 4192 1701 4248 salutis
1750 4201 1952 4247 nostra:

382 4285 720 4353 haurientes,
745 4300 855 4356 quo
892 4292 1053 4355 pacto
1082 4300 1190 4338 non
1242 4300 1366 4339 vere
1417 4300 1574 4339 veros
1610 4285 1752 4339 ﬁlios
1811 4298 1953 4338 verae

379 4377 681 4435 Jerusalem
734 4393 899 4448 super
929 4378 1185 4434 humeros
1217 4379 1479 4447 gerimus,
1530 4378 1844 4449 quicunque
1885 4379 1952 4434 de

381 4469 634 4537 gentibus
668 4469 1031 4539 undequaque
1052 4483 1177 4523 cum
1213 4468 1303 4521 illa
1331 4469 1587 4539 conjungi
1621 4469 1861 4524 student.

383 4559 763 4631 βαστάζοντες,
790 4562 839 4614 ot
879 4562 987 4615 ἀπὸ
1031 4561 1140 4614 τῶν
1173 4561 1340 4614 ἐθνῶν
1370 4561 1568 4624 πάντες
1611 4560 1950 4632 πανταχόθεν

458 4651 619 4709 Vens.
667 4654 755 4708 l-l.
802 4653 941 4709 Ossa
978 4655 1389 4724 germinabunt,
1431 4655 1719 4724 pristinam
1780 4657 1953 4710 virtu-

380 4751 489 4799 tem
536 4745 847 4815 recipientia
896 4744 1052 4815 juxta
1098 4745 1448 4801 Dominicam
1516 4746 1947 4817 praedictionem;

380 4836 524 4906 quod
555 4839 719 4892 etiam
751 4838 818 4892 de
839 4837 998 4892 beato
1030 4837 1279 4893 Ezechiel
1326 4838 1558 4893 historia
1589 4840 1777 4903 refert,
1809 4840 1950 4895 ossi-

378 4930 485 4984 bus
535 4929 709 4986 aridis
749 4929 1000 4986 excitatis
1045 4937 1099 4986 et
1153 4930 1298 4986 inter
1348 4945 1409 4987 se
1458 4940 1584 5002 apte
1630 4931 1953 4988 cohaerenti-

378 5022 481 5079 bus
514 5022 579 5077 ³⁷.

454 5117 613 5172 Vens.
651 5114 739 5172 l5.
777 5114 903 5171 Haec
936 5115 1142 5187 profert
1188 5123 1248 5170 ut
1269 5115 1493 5180 indicet,
1546 5114 1711 5187 quam
1760 5119 1950 5189 rapide

377 5208 641 5279 judicium
676 5207 949 5264 facturum
994 5208 1068 5264 sit
1108 5223 1233 5264 cum
1264 5208 1408 5264 Deus
1454 5224 1557 5265 nec
1586 5217 1829 5280 tempore
1865 5212 1952 5264 in-

377 5300 583 5370 digeat,
617 5314 718 5356 nec
751 5315 940 5355 mora:
967 5315 1076 5354 non
1118 5300 1263 5354 enim
1308 5309 1566 5356 externos
1596 5309 1949 5358 accusatores

377 5400 680 5463 exspectat,
713 5390 807 5462 qui
838 5392 954 5463 ipse
979 5401 1179 5448 cuncta
1210 5392 1362 5446 novit
1409 5401 1703 5463 antequam
1734 5394 1946 5463 ﬁerent,

378 5481 455 5538 uti
505 5482 708 5538 dictum
760 5492 845 5539 est
894 5501 908 5537 :
976 5502 994 5534 ι
1040 5481 1387 5552 lnoperatum
1459 5500 1634 5540 meum
1700 5486 1951 5542 viderunt

456 5652 713 5712 "Ezech.
742 5671 947 5724 xxxv",
981 5657 1049 5711 l2
1086 5673 1206 5731 sqq.

2057 3093 2242 3156 αὐτοῖς
2270 3094 2506 3159 ἅπαντα,
2548 3094 2703 3164 δίκην
2741 3094 2946 3166 μητρὸς
2977 3094 3216 3165 χρηστῆς
3247 3094 3378 3164 περὶ
3413 3094 3476 3147 τὸ
3505 3093 3633 3146 ὤιον

2054 3183 2243 3237 τέκνον
2271 3184 2685 3256 ἐνδεικνυμένης
2711 3187 2811 3257 τὴν
2841 3187 3037 3256 ἑαυτῆς
3067 3185 3394 3257 κηδεμονίαν

2124 3278 2234 3330 Καὶ
2263 3276 2434 3331 ταῦτα
2485 3279 2735 3350 εὑρήσεις
2765 3276 2935 3341 οὕτως
2978 3277 3169 3348 ἔχοντα
3207 3278 3301 3329 ἐπὶ
3346 3278 3448 3348 τῆς
3492 3279 3633 3329 ἱστο-

2056 3369 2178 3441 ρίας
2200 3384 2212 3397 ·
2247 3371 2309 3423 οὐ
2340 3371 2445 3442 μὴν
2481 3370 2617 3424 ἀλλά
2656 3372 2748 3425 καὶ
2773 3370 2876 3434 ἕως
2908 3371 3005 3442 τῆς
3029 3368 3186 3440 δεῦρο
3217 3369 3390 3431 οὕτως
3440 3368 3629 3439 ἔχοντα

2054 3459 2290 3514 τελεῖται
2311 3459 2439 3532 παρ’
2464 3463 2496 3534 ἠ
2505 3461 2621 3532 μῶν
2645 3462 2781 3533 μετά
2801 3462 2897 3533 τὴν
2931 3461 3231 3534 παρουσίαν
3250 3458 3345 3513 τοῦ
3375 3460 3625 3530 Σωτῆρος

2054 3550 2212 3623 ἡμῶν
2237 3570 2250 3584 ’
2293 3554 2373 3606 διὸ
2417 3554 2513 3607 καὶ
2555 3554 2654 3625 τὴν
2701 3553 2917 3625 ἀληθῶς
2952 3553 3306 3626 Ἰερουσαλὴμ
3359 3551 3623 3624 μεταδιώ⁴

2055 3662 2244 3716 κομεν,
2277 3647 2371 3699 καὶ
2402 3647 2526 3709 τοὺς
2570 3644 2784 3718 ἀληθῶς
2821 3645 3104 3709 Ἰουδαίους
3146 3642 3495 3716 βαστάζομεν
3537 3645 3623 3711 φέ-

2057 3752 2240 3807 ροντες
2269 3736 2356 3788 ἐπ’
2385 3734 2550 3808 ὤμων
2581 3737 2674 3790 καὶ
2696 3737 2956 3806 γονάτων.
2973 3738 3088 3790 Ὅτ⁹
3109 3735 3173 3790 ἂν
3192 3736 3247 3788 δὲ
3279 3735 3420 3806 μετὰ
3442 3737 3621 3807 χεῖρας

2056 3826 2267 3898 ἔχωμεν
2296 3828 2421 3891 τοὺς
2447 3828 2746 3899 μακαρίους
2773 3830 3075 3899 προφήτας,
3091 3828 3185 3880 καὶ
3210 3808 3619 3895 ἐντυγχάνωμεν

2054 3912 2173 3984 ταῖς
2208 3921 2430 3975 ἐκείνων
2460 3920 2683 3991 βίϐλοις,
2716 3921 2810 3974 καὶ
2840 3922 2932 3974 ἐπὶ
2953 3921 3042 3974 τὸν
3074 3921 3205 3975 Θεὸν
3242 3920 3337 3974 τοῦ
3376 3919 3622 3990 Ἀϐραὰμ

2056 4013 2150 4065 καὶ
2190 4012 2298 4067 τῶν
2351 4013 2582 4084 καθεξῆς
2614 4012 2863 4084 πατέρων
2899 4012 3222 4084 ἐλπίζομενο
3276 4014 3356 4066 ἔτι
3393 4013 3503 4084 μὴν
3535 4030 3608 4065 κα

2053 4103 2180 4167 τοὺς
2207 4104 2508 4179 μακαρίους
2542 4104 2870 4170 ἀποστόλους
2904 4105 3042 4176 μετά
3074 4107 3164 4158 τὸν
3205 4104 3438 4176 Σωτῆρα
3470 4104 3620 4174 ἡμῶν

2055 4197 2481 4268 ἐπιφερομένους
2520 4197 2619 4261 τὰς
2665 4198 2843 4252 αὐτῶν
2876 4198 3091 4269 βίϐλους
3136 4198 3369 4267 ἔχοντες,
3413 4200 3510 4249 καὶ
3541 4200 3618 4250 ἐπ’

2054 4287 2221 4358 ὤμων
2247 4289 2416 4352 αὐτὰς
2453 4289 2829 4360 βαστάζοντες,
2856 4291 2949 4344 καὶ
2975 4292 3032 4343 ὲν
3064 4291 3253 4353 αὑταῖς
3282 4290 3353 4343 τὰ
3383 4289 3619 4361 σύμϐολα

1984 4418 2029 4475 D
2053 4380 2154 4449 τῆς
2188 4381 2458 4453 σωτηρίας
2487 4383 2519 4451 ή
2529 4382 2643 4453 μῶν
2679 4381 2958 4454 μαθόντες,
2978 4381 3096 4445 πῶς
3124 4382 3242 4452 οὐχὶ
3263 4382 3482 4454 ἀληθῶς
3506 4386 3622 4445 τοὺς

2056 4470 2341 4541 ἀληθινοὺς
2375 4472 2523 4535 υἱοὺς
2555 4473 2652 4542 τῆς
2685 4472 2899 4544 ἀληθῶς
2937 4472 3312 4544 Ἰερουσαλὴμ,
3341 4473 3432 4524 ἐπ’
3463 4472 3623 4544 ὤμων

1979 4561 2297 4616 σπεύδουσιν
2324 4562 2408 4614 ἐπ’
2440 4561 2609 4634 αὐτὴν
2642 4561 3000 4634 συναχθῆναι;

2127 4655 2236 4725 Τὴν
2278 4654 2410 4707 ίδίαν
2442 4655 2592 4725 ἰσχὺν
2627 4653 2964 4709 ἀναλαϐόντα
2992 4654 3133 4708 κατά
3174 4652 3272 4725 τὴν
3302 4652 3622 4723 δεσποτικὴν

2058 4745 2410 4814 ἐπαγγελίαν,
2432 4744 2610 4809 καθὼς
2641 4744 2788 4816 καὶὴ
2818 4745 3025 4815 ἱστορία
3044 4742 3136 4797 τοῦ
3172 4744 3449 4815 μακαρίου
3475 4742 3625 4806 Ἱεζε-

2058 4839 2182 4910 κιὴλ
2206 4840 2468 4911 περιέχει,
2501 4837 2927 4909 ἀνεγειρομένων
2954 4836 3061 4889 τῶν
3085 4836 3263 4907 ξηρῶν
3292 4836 3522 4900 ὀστέων,
3539 4838 3624 4889 καὶ

2056 4931 2546 5002 ἀπολαμϐανόντων
2572 4931 2670 5002 τὴν
2697 4928 2972 5001 σύμπηξιν
3002 4929 3096 4981 καὶ
3126 4927 3416 4999 ἁρμονίαν.

2129 5110 2312 5165 Ταῦτα
2344 5110 2779 5183 παραλαμϐάνει,
2797 5109 2971 5183 δηλῶν
2998 5110 3059 5163 τὸ
3089 5108 3222 5181 ταχὺ
3247 5107 3349 5179 τῆς
3370 5108 3622 5178 κρίσεως,

2056 5201 2117 5255 οὐ
2167 5202 2380 5273 χρόνου,
2413 5203 2473 5255 οὐ
2515 5202 2795 5273 διατριϐῆς
2837 5202 3091 5274 δεομένου
3142 5198 3278 5271 πρδς
3337 5198 3504 5252 τοῦτο
3539 5198 3625 5251 τοῦ

2056 5294 2190 5348 Θεοῦ
2212 5313 2224 5326 ·
2252 5295 2377 5348 οὔτε
2417 5295 2526 5367 γὰρ
2559 5294 2754 5363 ἔξωθεν
2794 5296 3131 5367 κατηγόρους
3180 5295 3491 5365 περιμένει,
3521 5298 3625 5349 ἐπι·

2058 5383 2322 5453 στάμενος
2342 5384 2469 5459 πρὶν
2495 5384 2526 5454 ἢ
2552 5384 2646 5438 καὶ
2679 5385 2777 5457 τὴν
2806 5385 3005 5457 πρᾶξιν
3035 5388 3115 5450 είς
3142 5384 3302 5456 ἔργον
3340 5387 3476 5457 παρ’
3499 5384 3623 5456 ἐμοῦ

2057 5478 2411 5549 προχωρῆσαι
2437 5476 2578 5531 κατά
2609 5476 2669 5531 τὸ
2707 5477 2995 5551 εἰρημένον
3021 5495 3033 5508 ·
3069 5496 3089 5530 t
3116 5477 3189 5531 Τὸ
3217 5476 3623 5547 ἀκατέργαστόν
