  <div class='ocr_page' id='page_1' title='image "/cluster/home/n/w/nwhite01/storage/ocr_20150623/18/nnc1.0046978550/716.png"; bbox 0 0 3792 6150; ppageno 0'>
   <div class='ocr_carea' id='block_1_1' title="bbox 131 374 265 430">
    <p class='ocr_par' dir='ltr' id='par_1_1' title="bbox 131 374 265 430">
     <span class='ocr_line' id='line_1_1' title="bbox 131 374 265 430; baseline 0 -1"><span class='ocrx_word' id='word_1_1' title='bbox 131 374 265 430; x_wconf 72' lang='grc' dir='ltr'><strong>Ιῦῖτ</strong></span> 
     </span>
    </p>
   </div>
   <div class='ocr_carea' id='block_1_2' title="bbox 1567 362 1922 419">
    <p class='ocr_par' dir='ltr' id='par_1_2' title="bbox 1567 362 1922 419">
     <span class='ocr_line' id='line_1_2' title="bbox 1567 362 1922 419; baseline 0.006 -2"><span class='ocrx_word' id='word_1_2' title='bbox 1567 362 1633 419; x_wconf 81' lang='lat' dir='ltr'><strong>IN</strong></span> <span class='ocrx_word' id='word_1_3' title='bbox 1663 363 1922 419; x_wconf 77' lang='lat' dir='ltr'><strong>lSAlAM.</strong></span> 
     </span>
    </p>
   </div>
   <div class='ocr_carea' id='block_1_3' title="bbox 3244 354 3379 409">
    <p class='ocr_par' dir='ltr' id='par_1_3' title="bbox 3244 354 3379 409">
     <span class='ocr_line' id='line_1_3' title="bbox 3244 354 3379 409; baseline -0.015 0"><span class='ocrx_word' id='word_1_4' title='bbox 3244 354 3379 409; x_wconf 76' lang='grc'><strong>1578</strong></span> 
     </span>
    </p>
   </div>
   <div class='ocr_carea' id='block_1_4' title="bbox 127 466 1721 564">
    <p class='ocr_par' dir='ltr' id='par_1_4' title="bbox 127 477 1700 564">
     <span class='ocr_line' id='line_1_4' title="bbox 127 477 1700 564; baseline -0.008 -20"><span class='ocrx_word' id='word_1_5' title='bbox 127 508 224 564; x_wconf 81' lang='grc' dir='ltr'><strong>μου</strong></span> <span class='ocrx_word' id='word_1_6' title='bbox 258 485 396 544; x_wconf 80' lang='grc' dir='ltr'>εἶδον</span> <span class='ocrx_word' id='word_1_7' title='bbox 440 489 490 542; x_wconf 81' lang='grc' dir='ltr'>οἱ</span> <span class='ocrx_word' id='word_1_8' title='bbox 524 485 790 557; x_wconf 78' lang='grc' dir='ltr'>ὀφθαλμοί</span> <span class='ocrx_word' id='word_1_9' title='bbox 824 500 939 538; x_wconf 89' lang='grc' dir='ltr'>σου.</span> <span class='ocrx_word' id='word_1_10' title='bbox 962 501 982 535; x_wconf 72' lang='grc' dir='ltr'><strong>ι</strong></span> <span class='ocrx_word' id='word_1_11' title='bbox 1007 478 1347 548; x_wconf 80' lang='grc' dir='ltr'>Ἀναγκαίως</span> <span class='ocrx_word' id='word_1_12' title='bbox 1377 477 1580 542; x_wconf 86' lang='grc' dir='ltr'>τοίνυν,</span> <span class='ocrx_word' id='word_1_13' title='bbox 1606 482 1700 533; x_wconf 82' lang='grc' dir='ltr'>ἐκ-</span> 
     </span>
    </p>
   </div>
   <div class='ocr_carea' id='block_1_5' title="bbox 1855 466 3383 564">
    <p class='ocr_par' dir='ltr' id='par_1_5' title="bbox 1855 466 3383 542">
     <span class='ocr_line' id='line_1_5' title="bbox 1855 466 3383 542; baseline -0.007 -10"><span class='ocrx_word' id='word_1_14' title='bbox 1855 478 1950 532; x_wconf 88' lang='lat' dir='ltr'><strong>:uli</strong></span> <span class='ocrx_word' id='word_1_15' title='bbox 2002 476 2083 532; x_wconf 88' lang='lat' dir='ltr'><strong>tui</strong></span> <span class='ocrx_word' id='word_1_16' title='bbox 2111 475 2179 529; x_wconf 78' lang='lat'><strong>&quot;.</strong></span> <span class='ocrx_word' id='word_1_17' title='bbox 2224 492 2243 525; x_wconf 72' lang='grc' dir='ltr'><strong>ι</strong></span> <span class='ocrx_word' id='word_1_18' title='bbox 2278 472 2472 528; x_wconf 89' lang='lat' dir='ltr'><strong>Merito</strong></span> <span class='ocrx_word' id='word_1_19' title='bbox 2537 470 2706 542; x_wconf 87' lang='lat' dir='ltr'><strong>igitur</strong></span> <span class='ocrx_word' id='word_1_20' title='bbox 2755 466 3078 524; x_wconf 88' lang='lat' dir='ltr'><strong>rescindens</strong></span> <span class='ocrx_word' id='word_1_21' title='bbox 3118 468 3383 538; x_wconf 87' lang='lat' dir='ltr'><strong>peccandi</strong></span> 
     </span>
    </p>
   </div>
   <div class='ocr_carea' id='block_1_6' title="bbox 68 559 1721 646">
    <p class='ocr_par' dir='ltr' id='par_1_6' title="bbox 68 559 1704 646">
     <span class='ocr_line' id='line_1_6' title="bbox 68 559 1704 646; baseline -0.009 -10"><span class='ocrx_word' id='word_1_22' title='bbox 68 611 73 617; x_wconf 70' lang='grc' dir='ltr'><strong><em>ο</em></strong></span> <span class='ocrx_word' id='word_1_23' title='bbox 125 559 337 637; x_wconf 84' lang='grc' dir='ltr'>κόπτων</span> <span class='ocrx_word' id='word_1_24' title='bbox 376 578 468 632; x_wconf 82' lang='grc' dir='ltr'><strong>τὸν</strong></span> <span class='ocrx_word' id='word_1_25' title='bbox 516 577 673 646; x_wconf 87' lang='grc' dir='ltr'>λόγον</span> <span class='ocrx_word' id='word_1_26' title='bbox 723 571 817 628; x_wconf 89' lang='grc' dir='ltr'><strong>τοῦ</strong></span> <span class='ocrx_word' id='word_1_27' title='bbox 860 571 1199 645; x_wconf 79' lang='grc' dir='ltr'><strong>ἁμαρτάνειν</strong></span> <span class='ocrx_word' id='word_1_28' title='bbox 1219 608 1237 632; x_wconf 88' lang='grc'><strong>,</strong></span> <span class='ocrx_word' id='word_1_29' title='bbox 1284 566 1704 641; x_wconf 82' lang='grc' dir='ltr'>παραλαμϐάνει</span> 
     </span>
    </p>
   </div>
   <div class='ocr_carea' id='block_1_7' title="bbox 1855 559 3387 646">
    <p class='ocr_par' dir='ltr' id='par_1_7' title="bbox 1855 559 3387 638">
     <span class='ocr_line' id='line_1_7' title="bbox 1855 559 3387 638; baseline -0.005 -15"><span class='ocrx_word' id='word_1_30' title='bbox 1855 569 2097 631; x_wconf 71' lang='lat' dir='ltr'><strong>itionem,</strong></span> <span class='ocrx_word' id='word_1_31' title='bbox 2137 565 2432 638; x_wconf 82' lang='lat' dir='ltr'><strong>procellam</strong></span> <span class='ocrx_word' id='word_1_32' title='bbox 2476 571 2531 618; x_wconf 90' lang='lat' dir='ltr'><strong>et</strong></span> <span class='ocrx_word' id='word_1_33' title='bbox 2569 563 2748 634; x_wconf 88' lang='lat' dir='ltr'><strong>ignem</strong></span> <span class='ocrx_word' id='word_1_34' title='bbox 2782 559 3035 632; x_wconf 80' lang='lat' dir='ltr'><strong>suscipit,</strong></span> <span class='ocrx_word' id='word_1_35' title='bbox 3068 574 3233 631; x_wconf 89' lang='lat' dir='ltr'><strong>quem</strong></span> <span class='ocrx_word' id='word_1_36' title='bbox 3268 560 3387 631; x_wconf 92' lang='lat' dir='ltr'><strong>ipse</strong></span> 
     </span>
    </p>
   </div>
   <div class='ocr_carea' id='block_1_8' title="bbox 125 661 1710 746">
    <p class='ocr_par' dir='ltr' id='par_1_8' title="bbox 125 661 1710 746">
     <span class='ocr_line' id='line_1_8' title="bbox 125 661 1710 746; baseline -0.008 -19"><span class='ocrx_word' id='word_1_37' title='bbox 125 672 234 746; x_wconf 88' lang='grc' dir='ltr'><strong>πῦρ</strong></span> <span class='ocrx_word' id='word_1_38' title='bbox 257 673 354 726; x_wconf 76' lang='grc' dir='ltr'><strong>καὶ</strong></span> <span class='ocrx_word' id='word_1_39' title='bbox 386 670 698 738; x_wconf 85' lang='grc' dir='ltr'>καταιγίδα,</span> <span class='ocrx_word' id='word_1_40' title='bbox 729 667 759 720; x_wconf 81' lang='grc' dir='ltr'><strong>ὃ</strong></span> <span class='ocrx_word' id='word_1_41' title='bbox 806 664 971 729; x_wconf 79' lang='grc' dir='ltr'>αὐτὸς</span> <span class='ocrx_word' id='word_1_42' title='bbox 1022 665 1255 718; x_wconf 78' lang='grc' dir='ltr'><strong>ἀνάπτει</strong></span> <span class='ocrx_word' id='word_1_43' title='bbox 1283 664 1343 716; x_wconf 83' lang='grc' dir='ltr'><strong>ἐν</strong></span> <span class='ocrx_word' id='word_1_44' title='bbox 1370 661 1491 726; x_wconf 80' lang='grc' dir='ltr'>ταῖς</span> <span class='ocrx_word' id='word_1_45' title='bbox 1537 676 1710 714; x_wconf 84' lang='grc' dir='ltr'>συνει-</span> 
     </span>
    </p>
   </div>
   <div class='ocr_carea' id='block_1_9' title="bbox 126 753 553 839">
    <p class='ocr_par' dir='ltr' id='par_1_9' title="bbox 126 753 553 839">
     <span class='ocr_line' id='line_1_9' title="bbox 126 753 553 839; baseline -0.019 -17"><span class='ocrx_word' id='word_1_46' title='bbox 126 768 344 839; x_wconf 82' lang='grc' dir='ltr'>δήσεσιν</span> <span class='ocrx_word' id='word_1_47' title='bbox 372 753 553 834; x_wconf 84' lang='grc' dir='ltr'>ἡμῶν.</span> 
     </span>
    </p>
   </div>
   <div class='ocr_carea' id='block_1_10' title="bbox 193 844 1707 926">
    <p class='ocr_par' dir='ltr' id='par_1_10' title="bbox 193 844 1707 926">
     <span class='ocr_line' id='line_1_10' title="bbox 193 844 1707 926; baseline -0.009 -17"><span class='ocrx_word' id='word_1_48' title='bbox 193 858 272 909; x_wconf 84' lang='grc' dir='ltr'><strong>Δι’</strong></span> <span class='ocrx_word' id='word_1_49' title='bbox 308 848 377 926; x_wconf 77' lang='grc' dir='ltr'><strong>ἧς</strong></span> <span class='ocrx_word' id='word_1_50' title='bbox 401 852 656 923; x_wconf 82' lang='grc' dir='ltr'><strong>ἐμφαίνει</strong></span> <span class='ocrx_word' id='word_1_51' title='bbox 686 846 924 919; x_wconf 82' lang='grc' dir='ltr'>ψυχικὴν</span> <span class='ocrx_word' id='word_1_52' title='bbox 952 845 1196 910; x_wconf 77' lang='grc' dir='ltr'><strong>κόλασιν,</strong></span> <span class='ocrx_word' id='word_1_53' title='bbox 1235 846 1330 900; x_wconf 79' lang='grc' dir='ltr'>καὶ</span> <span class='ocrx_word' id='word_1_54' title='bbox 1367 844 1707 918; x_wconf 81' lang='grc' dir='ltr'><strong>τραυματίας</strong></span> 
     </span>
    </p>
   </div>
   <div class='ocr_carea' id='block_1_11' title="bbox 126 936 1707 1008">
    <p class='ocr_par' dir='ltr' id='par_1_11' title="bbox 126 936 1707 1008">
     <span class='ocr_line' id='line_1_11' title="bbox 126 936 1707 1008; baseline -0.009 -7"><span class='ocrx_word' id='word_1_55' title='bbox 126 946 343 1001; x_wconf 77' lang='grc' dir='ltr'>ἔσεσθαι</span> <span class='ocrx_word' id='word_1_56' title='bbox 388 943 616 1005; x_wconf 80' lang='grc' dir='ltr'>πολλοὺς</span> <span class='ocrx_word' id='word_1_57' title='bbox 655 940 837 1008; x_wconf 89' lang='grc' dir='ltr'>λέγει·</span> <span class='ocrx_word' id='word_1_58' title='bbox 871 938 977 1002; x_wconf 80' lang='grc' dir='ltr'>ἵνα,</span> <span class='ocrx_word' id='word_1_59' title='bbox 1015 936 1103 990; x_wconf 86' lang='grc' dir='ltr'><strong>διὰ</strong></span> <span class='ocrx_word' id='word_1_60' title='bbox 1134 938 1232 1007; x_wconf 81' lang='grc' dir='ltr'>τῆς</span> <span class='ocrx_word' id='word_1_61' title='bbox 1261 937 1434 1008; x_wconf 80' lang='grc' dir='ltr'>ἀκοῆς</span> <span class='ocrx_word' id='word_1_62' title='bbox 1478 936 1589 990; x_wconf 88' lang='grc' dir='ltr'><strong>τῶν</strong></span> <span class='ocrx_word' id='word_1_63' title='bbox 1620 936 1707 988; x_wconf 90' lang='grc' dir='ltr'>δο-</span> 
     </span>
    </p>
   </div>
   <div class='ocr_carea' id='block_1_12' title="bbox 127 1026 1710 1106">
    <p class='ocr_par' dir='ltr' id='par_1_12' title="bbox 127 1026 1710 1106">
     <span class='ocr_line' id='line_1_12' title="bbox 127 1026 1710 1106; baseline -0.008 -13"><span class='ocrx_word' id='word_1_64' title='bbox 127 1039 367 1093; x_wconf 83' lang='grc' dir='ltr'>κούντων</span> <span class='ocrx_word' id='word_1_65' title='bbox 392 1034 540 1106; x_wconf 80' lang='grc' dir='ltr'>αὐτῷ</span> <span class='ocrx_word' id='word_1_66' title='bbox 571 1031 820 1103; x_wconf 82' lang='grc' dir='ltr'>φοϐερῶν</span> <span class='ocrx_word' id='word_1_67' title='bbox 843 1026 981 1083; x_wconf 84' lang='grc' dir='ltr'>εἶναι</span> <span class='ocrx_word' id='word_1_68' title='bbox 1013 1029 1309 1095; x_wconf 79' lang='grc' dir='ltr'>παιδεύσας</span> <span class='ocrx_word' id='word_1_69' title='bbox 1333 1030 1554 1098; x_wconf 82' lang='grc' dir='ltr'>αὐτοὺς,</span> <span class='ocrx_word' id='word_1_70' title='bbox 1578 1027 1710 1082; x_wconf 84' lang='grc' dir='ltr'>ἀνα-</span> 
     </span>
    </p>
   </div>
   <div class='ocr_carea' id='block_1_13' title="bbox 128 1123 941 1203">
    <p class='ocr_par' dir='ltr' id='par_1_13' title="bbox 128 1123 941 1203">
     <span class='ocr_line' id='line_1_13' title="bbox 128 1123 941 1203; baseline -0.011 -18"><span class='ocrx_word' id='word_1_71' title='bbox 128 1133 347 1203; x_wconf 83' lang='grc' dir='ltr'>χαιτίσῃ</span> <span class='ocrx_word' id='word_1_72' title='bbox 372 1126 480 1184; x_wconf 85' lang='grc' dir='ltr'><strong>τῶν</strong></span> <span class='ocrx_word' id='word_1_73' title='bbox 503 1123 941 1197; x_wconf 81' lang='grc' dir='ltr'><strong>ἁμαρτημάτων.</strong></span> 
     </span>
    </p>
   </div>
   <div class='ocr_carea' id='block_1_14' title="bbox 197 1212 1710 1293">
    <p class='ocr_par' dir='ltr' id='par_1_14' title="bbox 197 1212 1710 1293">
     <span class='ocr_line' id='line_1_14' title="bbox 197 1212 1710 1293; baseline -0.007 -19"><span class='ocrx_word' id='word_1_74' title='bbox 197 1220 382 1275; x_wconf 90' lang='grc' dir='ltr'>Ταῦτα</span> <span class='ocrx_word' id='word_1_75' title='bbox 423 1219 479 1272; x_wconf 87' lang='grc' dir='ltr'><strong>δέ</strong></span> <span class='ocrx_word' id='word_1_76' title='bbox 527 1216 879 1290; x_wconf 85' lang='grc' dir='ltr'>προστίθησιν</span> <span class='ocrx_word' id='word_1_77' title='bbox 927 1218 985 1270; x_wconf 86' lang='grc' dir='ltr'><strong>ἐν</strong></span> <span class='ocrx_word' id='word_1_78' title='bbox 1046 1214 1233 1293; x_wconf 87' lang='grc' dir='ltr'>μέσῳ,</span> <span class='ocrx_word' id='word_1_79' title='bbox 1264 1213 1325 1267; x_wconf 83' lang='grc' dir='ltr'><strong>οὐ</strong></span> <span class='ocrx_word' id='word_1_80' title='bbox 1376 1212 1710 1284; x_wconf 81' lang='grc' dir='ltr'>κατηγορίαν</span> 
     </span>
    </p>
   </div>
   <div class='ocr_carea' id='block_1_15' title="bbox 130 1294 1713 1382">
    <p class='ocr_par' dir='ltr' id='par_1_15' title="bbox 130 1294 1713 1382">
     <span class='ocr_line' id='line_1_15' title="bbox 130 1294 1713 1382; baseline -0.006 -15"><span class='ocrx_word' id='word_1_81' title='bbox 130 1312 310 1367; x_wconf 77' lang='grc' dir='ltr'>αὐτῶν</span> <span class='ocrx_word' id='word_1_82' title='bbox 343 1311 502 1382; x_wconf 90' lang='grc' dir='ltr'>μόνον</span> <span class='ocrx_word' id='word_1_83' title='bbox 543 1310 911 1380; x_wconf 87' lang='grc' dir='ltr'>ἐνιστάμενος,</span> <span class='ocrx_word' id='word_1_84' title='bbox 936 1307 1069 1361; x_wconf 87' lang='grc' dir='ltr'><strong>ἀλλὰ</strong></span> <span class='ocrx_word' id='word_1_85' title='bbox 1096 1294 1495 1377; x_wconf 23' lang='grc' dir='ltr'>καὶλσωτηρίαν</span> <span class='ocrx_word' id='word_1_86' title='bbox 1528 1306 1713 1367; x_wconf 80' lang='grc' dir='ltr'>αὐτοῖς</span> 
     </span>
    </p>
   </div>
   <div class='ocr_carea' id='block_1_16' title="bbox 130 1395 1708 1475">
    <p class='ocr_par' dir='ltr' id='par_1_16' title="bbox 130 1395 1708 1475">
     <span class='ocr_line' id='line_1_16' title="bbox 130 1395 1708 1475; baseline -0.004 -19"><span class='ocrx_word' id='word_1_87' title='bbox 130 1401 406 1475; x_wconf 77' lang='grc' dir='ltr'>προξενῶν</span> <span class='ocrx_word' id='word_1_88' title='bbox 435 1401 523 1456; x_wconf 79' lang='grc' dir='ltr'>διὰ</span> <span class='ocrx_word' id='word_1_89' title='bbox 550 1399 645 1455; x_wconf 88' lang='grc' dir='ltr'><strong>τοῦ</strong></span> <span class='ocrx_word' id='word_1_90' title='bbox 677 1401 921 1471; x_wconf 88' lang='grc' dir='ltr'>ἐλέγχου,</span> <span class='ocrx_word' id='word_1_91' title='bbox 945 1399 1038 1453; x_wconf 82' lang='grc' dir='ltr'>ἐὰν</span> <span class='ocrx_word' id='word_1_92' title='bbox 1065 1399 1400 1469; x_wconf 76' lang='grc' dir='ltr'><strong>ἐπιστήσωσι</strong></span> <span class='ocrx_word' id='word_1_93' title='bbox 1429 1397 1521 1451; x_wconf 84' lang='grc' dir='ltr'><strong>τὸν</strong></span> <span class='ocrx_word' id='word_1_94' title='bbox 1550 1395 1675 1450; x_wconf 93' lang='grc' dir='ltr'>νοῦν</span> <span class='ocrx_word' id='word_1_95' title='bbox 1694 1408 1708 1424; x_wconf 79' lang='grc'><strong><em>⁸</em></strong></span> 
     </span>
    </p>
   </div>
   <div class='ocr_carea' id='block_1_17' title="bbox 131 1485 1714 1566">
    <p class='ocr_par' dir='ltr' id='par_1_17' title="bbox 131 1485 1714 1566">
     <span class='ocr_line' id='line_1_17' title="bbox 131 1485 1714 1566; baseline -0.007 -17"><span class='ocrx_word' id='word_1_96' title='bbox 131 1496 225 1550; x_wconf 84' lang='grc' dir='ltr'><strong>καί</strong></span> <span class='ocrx_word' id='word_1_97' title='bbox 263 1495 372 1566; x_wconf 89' lang='grc' dir='ltr'><strong>γὰρ</strong></span> <span class='ocrx_word' id='word_1_98' title='bbox 421 1493 514 1547; x_wconf 81' lang='grc' dir='ltr'><strong>τὸν</strong></span> <span class='ocrx_word' id='word_1_99' title='bbox 568 1491 672 1565; x_wconf 89' lang='grc' dir='ltr'><strong>μῦν</strong></span> <span class='ocrx_word' id='word_1_100' title='bbox 720 1490 1019 1564; x_wconf 82' lang='grc' dir='ltr'>παρέλαϐε,</span> <span class='ocrx_word' id='word_1_101' title='bbox 1063 1491 1171 1555; x_wconf 76' lang='grc' dir='ltr'>ἵνα,</span> <span class='ocrx_word' id='word_1_102' title='bbox 1207 1488 1315 1544; x_wconf 84' lang='grc' dir='ltr'>κᾶν</span> <span class='ocrx_word' id='word_1_103' title='bbox 1352 1486 1485 1557; x_wconf 90' lang='grc' dir='ltr'>γοῦν</span> <span class='ocrx_word' id='word_1_104' title='bbox 1541 1485 1714 1550; x_wconf 80' lang='grc' dir='ltr'>οῦτως</span> 
     </span>
    </p>
   </div>
   <div class='ocr_carea' id='block_1_18' title="bbox 131 1577 1710 1656">
    <p class='ocr_par' dir='ltr' id='par_1_18' title="bbox 131 1577 1710 1656">
     <span class='ocr_line' id='line_1_18' title="bbox 131 1577 1710 1656; baseline -0.007 -15"><span class='ocrx_word' id='word_1_105' title='bbox 131 1586 468 1649; x_wconf 72' lang='grc' dir='ltr'>αἰδεσθέντες</span> <span class='ocrx_word' id='word_1_106' title='bbox 515 1585 578 1638; x_wconf 86' lang='grc' dir='ltr'><strong>τὸ</strong></span> <span class='ocrx_word' id='word_1_107' title='bbox 632 1584 873 1656; x_wconf 81' lang='grc' dir='ltr'>μυσαρὸν</span> <span class='ocrx_word' id='word_1_108' title='bbox 920 1583 1030 1636; x_wconf 90' lang='grc' dir='ltr'><strong>τῶν</strong></span> <span class='ocrx_word' id='word_1_109' title='bbox 1086 1581 1370 1655; x_wconf 79' lang='grc' dir='ltr'>πράξεων,</span> <span class='ocrx_word' id='word_1_110' title='bbox 1420 1577 1710 1650; x_wconf 80' lang='grc' dir='ltr'>ἁνακωχὴν</span> 
     </span>
    </p>
   </div>
   <div class='ocr_carea' id='block_1_19' title="bbox 132 1678 726 1742">
    <p class='ocr_par' dir='ltr' id='par_1_19' title="bbox 132 1678 726 1742">
     <span class='ocr_line' id='line_1_19' title="bbox 132 1678 726 1742; baseline -0.008 -8"><span class='ocrx_word' id='word_1_111' title='bbox 132 1678 346 1733; x_wconf 85' lang='grc' dir='ltr'>δώσωσι</span> <span class='ocrx_word' id='word_1_112' title='bbox 376 1680 490 1742; x_wconf 85' lang='grc' dir='ltr'>τοῖς</span> <span class='ocrx_word' id='word_1_113' title='bbox 513 1679 726 1741; x_wconf 85' lang='grc' dir='ltr'>κακοῖς.</span> 
     </span>
    </p>
   </div>
   <div class='ocr_carea' id='block_1_20' title="bbox 204 1761 1713 1841">
    <p class='ocr_par' dir='ltr' id='par_1_20' title="bbox 204 1761 1713 1841">
     <span class='ocr_line' id='line_1_20' title="bbox 204 1761 1713 1841; baseline -0.007 -18"><span class='ocrx_word' id='word_1_114' title='bbox 204 1771 282 1824; x_wconf 83' lang='grc' dir='ltr'><strong>Οὐ</strong></span> <span class='ocrx_word' id='word_1_115' title='bbox 321 1770 478 1841; x_wconf 89' lang='grc' dir='ltr'>μόνον</span> <span class='ocrx_word' id='word_1_116' title='bbox 505 1768 561 1822; x_wconf 87' lang='grc' dir='ltr'><strong>δέ</strong></span> <span class='ocrx_word' id='word_1_117' title='bbox 586 1766 694 1821; x_wconf 88' lang='grc' dir='ltr'><strong>τῶν</strong></span> <span class='ocrx_word' id='word_1_118' title='bbox 727 1766 976 1839; x_wconf 83' lang='grc' dir='ltr'>φανερῶν</span> <span class='ocrx_word' id='word_1_119' title='bbox 1008 1763 1262 1838; x_wconf 80' lang='grc' dir='ltr'>πράξεων</span> <span class='ocrx_word' id='word_1_120' title='bbox 1294 1761 1475 1818; x_wconf 77' lang='grc' dir='ltr'>αὐτῶν</span> <span class='ocrx_word' id='word_1_121' title='bbox 1493 1761 1713 1832; x_wconf 78' lang='grc' dir='ltr'>ἔλεγχον</span> 
     </span>
    </p>
   </div>
   <div class='ocr_carea' id='block_1_21' title="bbox 135 1854 1714 1927">
    <p class='ocr_par' dir='ltr' id='par_1_21' title="bbox 135 1854 1714 1927">
     <span class='ocr_line' id='line_1_21' title="bbox 135 1854 1714 1927; baseline -0.007 -10"><span class='ocrx_word' id='word_1_122' title='bbox 135 1864 391 1927; x_wconf 82' lang='grc' dir='ltr'>ἐποιεῖτο,</span> <span class='ocrx_word' id='word_1_123' title='bbox 414 1861 550 1916; x_wconf 82' lang='grc' dir='ltr'>ἁλλὰ</span> <span class='ocrx_word' id='word_1_124' title='bbox 578 1861 670 1916; x_wconf 70' lang='grc' dir='ltr'><strong>καὶ</strong></span> <span class='ocrx_word' id='word_1_125' title='bbox 703 1859 883 1914; x_wconf 82' lang='grc' dir='ltr'>αὐτῶν</span> <span class='ocrx_word' id='word_1_126' title='bbox 911 1857 1019 1912; x_wconf 90' lang='grc' dir='ltr'><strong>τῶν</strong></span> <span class='ocrx_word' id='word_1_127' title='bbox 1054 1858 1237 1922; x_wconf 84' lang='grc' dir='ltr'>αὐτοῖς</span> <span class='ocrx_word' id='word_1_128' title='bbox 1267 1854 1714 1927; x_wconf 83' lang='grc' dir='ltr'>κινηθήσομένων</span> 
     </span>
    </p>
   </div>
   <div class='ocr_carea' id='block_1_22' title="bbox 136 1945 1716 2025">
    <p class='ocr_par' dir='ltr' id='par_1_22' title="bbox 136 1945 1716 2025">
     <span class='ocr_line' id='line_1_22' title="bbox 136 1945 1716 2025; baseline -0.007 -17"><span class='ocrx_word' id='word_1_129' title='bbox 136 1953 325 2008; x_wconf 84' lang='grc' dir='ltr'>κακῶν</span> <span class='ocrx_word' id='word_1_130' title='bbox 352 1952 629 2025; x_wconf 79' lang='grc' dir='ltr'>λογισμῶν</span> <span class='ocrx_word' id='word_1_131' title='bbox 650 1969 664 1984; x_wconf 92' lang='grc'><strong>·</strong></span> <span class='ocrx_word' id='word_1_132' title='bbox 698 1954 834 2025; x_wconf 84' lang='grc' dir='ltr'>ὅπερ</span> <span class='ocrx_word' id='word_1_133' title='bbox 855 1950 1166 2021; x_wconf 80' lang='grc' dir='ltr'>ἀναγκαίως</span> <span class='ocrx_word' id='word_1_134' title='bbox 1195 1950 1289 2003; x_wconf 81' lang='grc' dir='ltr'><strong>καὶ</strong></span> <span class='ocrx_word' id='word_1_135' title='bbox 1310 1948 1593 2022; x_wconf 83' lang='grc' dir='ltr'>χρησίμως</span> <span class='ocrx_word' id='word_1_136' title='bbox 1625 1945 1716 1998; x_wconf 73' lang='grc' dir='ltr'><strong>ἐπὶ</strong></span> 
     </span>
    </p>
   </div>
   <div class='ocr_carea' id='block_1_23' title="bbox 134 2033 1717 2113">
    <p class='ocr_par' dir='ltr' id='par_1_23' title="bbox 134 2033 1717 2113">
     <span class='ocr_line' id='line_1_23' title="bbox 134 2033 1717 2113; baseline -0.005 -18"><span class='ocrx_word' id='word_1_137' title='bbox 134 2045 235 2113; x_wconf 80' lang='grc' dir='ltr'>τῆς</span> <span class='ocrx_word' id='word_1_138' title='bbox 269 2042 448 2095; x_wconf 78' lang='grc' dir='ltr'>αὐτῶν</span> <span class='ocrx_word' id='word_1_139' title='bbox 478 2039 812 2104; x_wconf 81' lang='grc' dir='ltr'>λυσιτελείας</span> <span class='ocrx_word' id='word_1_140' title='bbox 842 2040 1036 2094; x_wconf 85' lang='grc' dir='ltr'>ἐποίει.</span> <span class='ocrx_word' id='word_1_141' title='bbox 1056 2039 1338 2092; x_wconf 83' lang='grc' dir='ltr'>-Ούκέτι</span> <span class='ocrx_word' id='word_1_142' title='bbox 1380 2037 1479 2109; x_wconf 79' lang='grc' dir='ltr'>τὴν</span> <span class='ocrx_word' id='word_1_143' title='bbox 1509 2035 1600 2091; x_wconf 86' lang='grc' dir='ltr'>διὰ</span> <span class='ocrx_word' id='word_1_144' title='bbox 1628 2033 1717 2088; x_wconf 84' lang='grc' dir='ltr'>λό-</span> 
     </span>
    </p>
   </div>
   <div class='ocr_carea' id='block_1_24' title="bbox 136 2125 1718 2203">
    <p class='ocr_par' dir='ltr' id='par_1_24' title="bbox 136 2125 1718 2203">
     <span class='ocr_line' id='line_1_24' title="bbox 136 2125 1718 2203; baseline -0.005 -17"><span class='ocrx_word' id='word_1_145' title='bbox 136 2149 250 2202; x_wconf 89' lang='grc' dir='ltr'><strong>γων</strong></span> <span class='ocrx_word' id='word_1_146' title='bbox 276 2130 503 2203; x_wconf 84' lang='grc' dir='ltr'>ἀπειλὴν</span> <span class='ocrx_word' id='word_1_147' title='bbox 538 2129 881 2201; x_wconf 82' lang='grc' dir='ltr'>ποιούμενος,</span> <span class='ocrx_word' id='word_1_148' title='bbox 904 2129 1041 2184; x_wconf 82' lang='grc' dir='ltr'>ἀλλὰ</span> <span class='ocrx_word' id='word_1_149' title='bbox 1060 2128 1156 2182; x_wconf 75' lang='grc' dir='ltr'><strong>καὶ</strong></span> <span class='ocrx_word' id='word_1_150' title='bbox 1179 2127 1480 2200; x_wconf 82' lang='grc' dir='ltr'>παρουσίαν</span> <span class='ocrx_word' id='word_1_151' title='bbox 1510 2125 1718 2179; x_wconf 81' lang='grc' dir='ltr'>οἰκείαν</span> 
     </span>
    </p>
   </div>
   <div class='ocr_carea' id='block_1_25' title="bbox 137 2215 1719 2292">
    <p class='ocr_par' dir='ltr' id='par_1_25' title="bbox 137 2215 1719 2292">
     <span class='ocr_line' id='line_1_25' title="bbox 137 2215 1719 2292; baseline -0.003 -18"><span class='ocrx_word' id='word_1_152' title='bbox 137 2221 605 2292; x_wconf 86' lang='grc' dir='ltr'>ἐπαγγελλόμενος</span> <span class='ocrx_word' id='word_1_153' title='bbox 620 2236 634 2249; x_wconf 92' lang='grc'><strong>·</strong></span> <span class='ocrx_word' id='word_1_154' title='bbox 660 2219 994 2292; x_wconf 85' lang='grc' dir='ltr'>πανταχόθεν</span> <span class='ocrx_word' id='word_1_155' title='bbox 1017 2220 1126 2292; x_wconf 85' lang='grc' dir='ltr'>γὰρ</span> <span class='ocrx_word' id='word_1_156' title='bbox 1145 2218 1224 2290; x_wconf 81' lang='grc' dir='ltr'><strong>τῷ</strong></span> <span class='ocrx_word' id='word_1_157' title='bbox 1248 2219 1495 2289; x_wconf 75' lang='grc' dir='ltr'>Δεσπότῃ</span> <span class='ocrx_word' id='word_1_158' title='bbox 1517 2215 1719 2280; x_wconf 80' lang='grc' dir='ltr'>σκοπὸς</span> 
     </span>
    </p>
   </div>
   <div class='ocr_carea' id='block_1_26' title="bbox 141 2309 1720 2382">
    <p class='ocr_par' dir='ltr' id='par_1_26' title="bbox 141 2309 1720 2382">
     <span class='ocr_line' id='line_1_26' title="bbox 141 2309 1720 2382; baseline -0.004 -15"><span class='ocrx_word' id='word_1_159' title='bbox 141 2314 315 2367; x_wconf 89' lang='grc' dir='ltr'>σῶσαι</span> <span class='ocrx_word' id='word_1_160' title='bbox 349 2314 441 2369; x_wconf 87' lang='grc' dir='ltr'><strong>τὸν</strong></span> <span class='ocrx_word' id='word_1_161' title='bbox 463 2313 615 2375; x_wconf 83' lang='grc' dir='ltr'>λαὸν,</span> <span class='ocrx_word' id='word_1_162' title='bbox 643 2313 739 2367; x_wconf 75' lang='grc' dir='ltr'><strong>καὶ</strong></span> <span class='ocrx_word' id='word_1_163' title='bbox 772 2312 966 2382; x_wconf 79' lang='grc' dir='ltr'>στῆσαι</span> <span class='ocrx_word' id='word_1_164' title='bbox 991 2312 1084 2365; x_wconf 84' lang='grc' dir='ltr'><strong>τὸν</strong></span> <span class='ocrx_word' id='word_1_165' title='bbox 1116 2311 1273 2380; x_wconf 88' lang='grc' dir='ltr'>λόγον</span> <span class='ocrx_word' id='word_1_166' title='bbox 1302 2309 1391 2364; x_wconf 85' lang='grc' dir='ltr'><strong>τὸν</strong></span> <span class='ocrx_word' id='word_1_167' title='bbox 1415 2309 1553 2382; x_wconf 82' lang='grc' dir='ltr'>πρὸς</span> <span class='ocrx_word' id='word_1_168' title='bbox 1592 2309 1720 2372; x_wconf 81' lang='grc' dir='ltr'>τοὺς</span> 
     </span>
    </p>
   </div>
   <div class='ocr_carea' id='block_1_27' title="bbox 140 2400 1721 2479">
    <p class='ocr_par' dir='ltr' id='par_1_27' title="bbox 140 2400 1721 2479">
     <span class='ocr_line' id='line_1_27' title="bbox 140 2400 1721 2479; baseline -0.003 -20"><span class='ocrx_word' id='word_1_169' title='bbox 140 2407 388 2479; x_wconf 82' lang='grc' dir='ltr'>πατέρας</span> <span class='ocrx_word' id='word_1_170' title='bbox 416 2404 782 2476; x_wconf 80' lang='grc' dir='ltr'>γεγενημένον</span> <span class='ocrx_word' id='word_1_171' title='bbox 803 2422 817 2436; x_wconf 89' lang='grc'><strong>·</strong></span> <span class='ocrx_word' id='word_1_172' title='bbox 851 2404 972 2459; x_wconf 80' lang='grc' dir='ltr'>ὅθεν</span> <span class='ocrx_word' id='word_1_173' title='bbox 999 2403 1096 2458; x_wconf 59' lang='grc' dir='ltr'><strong>καὶ¹</strong></span> <span class='ocrx_word' id='word_1_174' title='bbox 1126 2402 1215 2457; x_wconf 79' lang='grc' dir='ltr'>διὰ</span> <span class='ocrx_word' id='word_1_175' title='bbox 1251 2401 1593 2474; x_wconf 85' lang='grc' dir='ltr'>σκυθρωπῶν</span> <span class='ocrx_word' id='word_1_176' title='bbox 1625 2400 1721 2456; x_wconf 76' lang='grc' dir='ltr'><strong>καϊ</strong></span> 
     </span>
    </p>
   </div>
   <div class='ocr_carea' id='block_1_28' title="bbox 138 2492 1723 2571">
    <p class='ocr_par' dir='ltr' id='par_1_28' title="bbox 138 2492 1723 2571">
     <span class='ocr_line' id='line_1_28' title="bbox 138 2492 1723 2571; baseline -0.006 -16"><span class='ocrx_word' id='word_1_177' title='bbox 138 2498 395 2571; x_wconf 88' lang='grc' dir='ltr'>χρηστῶν</span> <span class='ocrx_word' id='word_1_178' title='bbox 413 2498 589 2569; x_wconf 73' lang='grc' dir='ltr'>ὄψεων</span> <span class='ocrx_word' id='word_1_179' title='bbox 617 2496 890 2569; x_wconf 87' lang='grc' dir='ltr'>σωτηρίαν</span> <span class='ocrx_word' id='word_1_180' title='bbox 909 2497 1092 2560; x_wconf 83' lang='grc' dir='ltr'>αὐτοῖς</span> <span class='ocrx_word' id='word_1_181' title='bbox 1116 2492 1587 2567; x_wconf 89' lang='grc' dir='ltr'>πραγματεύεται.</span> <span class='ocrx_word' id='word_1_182' title='bbox 1609 2492 1723 2547; x_wconf 81' lang='grc' dir='ltr'><strong>Καὶ</strong></span> 
     </span>
    </p>
   </div>
   <div class='ocr_carea' id='block_1_29' title="bbox 134 2584 1722 2662">
    <p class='ocr_par' dir='ltr' id='par_1_29' title="bbox 134 2584 1722 2662">
     <span class='ocr_line' id='line_1_29' title="bbox 134 2584 1722 2662; baseline -0.005 -16"><span class='ocrx_word' id='word_1_183' title='bbox 134 2592 265 2662; x_wconf 78' lang='grc' dir='ltr'>μετ’</span> <span class='ocrx_word' id='word_1_184' title='bbox 305 2592 482 2662; x_wconf 80' lang='grc' dir='ltr'>ὀλίγα</span> <span class='ocrx_word' id='word_1_185' title='bbox 509 2609 521 2620; x_wconf 95' lang='grc'><strong>·</strong></span> <span class='ocrx_word' id='word_1_186' title='bbox 553 2591 655 2645; x_wconf 85' lang='grc' dir='ltr'><strong>Τὸν</strong></span> <span class='ocrx_word' id='word_1_187' title='bbox 689 2591 851 2645; x_wconf 80' lang='grc' dir='ltr'>αὐτὸν</span> <span class='ocrx_word' id='word_1_188' title='bbox 878 2588 1079 2661; x_wconf 82' lang='grc' dir='ltr'>τρόπον</span> <span class='ocrx_word' id='word_1_189' title='bbox 1108 2587 1202 2641; x_wconf 77' lang='grc' dir='ltr'><strong>καὶ</strong></span> <span class='ocrx_word' id='word_1_190' title='bbox 1244 2584 1476 2641; x_wconf 87' lang='grc' dir='ltr'>ἐνταῦθα</span> <span class='ocrx_word' id='word_1_191' title='bbox 1514 2585 1614 2656; x_wconf 81' lang='grc' dir='ltr'><strong>τὴν</strong></span> <span class='ocrx_word' id='word_1_192' title='bbox 1643 2586 1722 2649; x_wconf 83' lang='grc' dir='ltr'><strong>εἰς</strong></span> 
     </span>
    </p>
   </div>
   <div class='ocr_carea' id='block_1_30' title="bbox 142 2678 1726 2755">
    <p class='ocr_par' dir='ltr' id='par_1_30' title="bbox 142 2678 1726 2755">
     <span class='ocr_line' id='line_1_30' title="bbox 142 2678 1726 2755; baseline -0.005 -13"><span class='ocrx_word' id='word_1_193' title='bbox 142 2687 339 2750; x_wconf 75' lang='grc' dir='ltr'>αὐτοὺς</span> <span class='ocrx_word' id='word_1_194' title='bbox 370 2684 660 2755; x_wconf 71' lang='grc' dir='ltr'>ἐπίσκεψιν</span> <span class='ocrx_word' id='word_1_195' title='bbox 689 2682 854 2738; x_wconf 84' lang='grc' dir='ltr'>αὐτοῦ</span> <span class='ocrx_word' id='word_1_196' title='bbox 888 2683 1023 2738; x_wconf 75' lang='grc' dir='ltr'>ἰδίαν</span> <span class='ocrx_word' id='word_1_197' title='bbox 1060 2682 1362 2755; x_wconf 89' lang='grc' dir='ltr'>παρουσίαν</span> <span class='ocrx_word' id='word_1_198' title='bbox 1404 2678 1568 2735; x_wconf 81' lang='grc' dir='ltr'>αὐτοῦ</span> <span class='ocrx_word' id='word_1_199' title='bbox 1596 2696 1726 2735; x_wconf 89' lang='grc' dir='ltr'>κατ-</span> 
     </span>
    </p>
   </div>
   <div class='ocr_carea' id='block_1_31' title="bbox 141 2768 1725 2848">
    <p class='ocr_par' dir='ltr' id='par_1_31' title="bbox 141 2768 1725 2848">
     <span class='ocr_line' id='line_1_31' title="bbox 141 2768 1725 2848; baseline -0.006 -16"><span class='ocrx_word' id='word_1_200' title='bbox 141 2777 430 2848; x_wconf 79' lang='grc' dir='ltr'>αγγέλλει,</span> <span class='ocrx_word' id='word_1_201' title='bbox 478 2774 688 2847; x_wconf 86' lang='grc' dir='ltr'>δηλῶν,</span> <span class='ocrx_word' id='word_1_202' title='bbox 713 2775 789 2838; x_wconf 85' lang='grc' dir='ltr'>ὡς</span> <span class='ocrx_word' id='word_1_203' title='bbox 818 2771 1128 2837; x_wconf 79' lang='grc' dir='ltr'>ἐπισυνάξει</span> <span class='ocrx_word' id='word_1_204' title='bbox 1169 2770 1367 2834; x_wconf 77' lang='grc' dir='ltr'>αὐτοὺς</span> <span class='ocrx_word' id='word_1_205' title='bbox 1394 2770 1461 2823; x_wconf 81' lang='grc' dir='ltr'><strong>ἐκ</strong></span> <span class='ocrx_word' id='word_1_206' title='bbox 1510 2768 1725 2823; x_wconf 88' lang='grc' dir='ltr'>πάντων</span> 
     </span>
    </p>
   </div>
   <div class='ocr_carea' id='block_1_32' title="bbox 142 2860 1725 2937">
    <p class='ocr_par' dir='ltr' id='par_1_32' title="bbox 142 2860 1725 2937">
     <span class='ocr_line' id='line_1_32' title="bbox 142 2860 1725 2937; baseline -0.006 -14"><span class='ocrx_word' id='word_1_207' title='bbox 142 2869 253 2922; x_wconf 86' lang='grc' dir='ltr'><strong>τῶν</strong></span> <span class='ocrx_word' id='word_1_208' title='bbox 284 2868 451 2923; x_wconf 83' lang='grc' dir='ltr'>ἐθνῶν</span> <span class='ocrx_word' id='word_1_209' title='bbox 469 2870 525 2921; x_wconf 86' lang='grc' dir='ltr'><strong>ἐν</strong></span> <span class='ocrx_word' id='word_1_210' title='bbox 551 2862 631 2930; x_wconf 76' lang='grc' dir='ltr'>οἷς</span> <span class='ocrx_word' id='word_1_211' title='bbox 654 2865 1096 2937; x_wconf 67' lang='grc' dir='ltr'>ἀνεστράφησαν,</span> <span class='ocrx_word' id='word_1_212' title='bbox 1121 2865 1240 2917; x_wconf 84' lang='grc' dir='ltr'>ἐκεῖ</span> <span class='ocrx_word' id='word_1_213' title='bbox 1262 2860 1596 2933; x_wconf 83' lang='grc' dir='ltr'>ἐκμαθόντες</span> <span class='ocrx_word' id='word_1_214' title='bbox 1630 2860 1725 2931; x_wconf 77' lang='grc' dir='ltr'><strong>καὶ</strong></span> 
     </span>
    </p>
   </div>
   <div class='ocr_carea' id='block_1_33' title="bbox 144 2956 744 3030">
    <p class='ocr_par' dir='ltr' id='par_1_33' title="bbox 144 2956 744 3030">
     <span class='ocr_line' id='line_1_33' title="bbox 144 2956 744 3030; baseline -0.003 -16"><span class='ocrx_word' id='word_1_215' title='bbox 144 2961 243 3023; x_wconf 79' lang='grc' dir='ltr'>τὰς</span> <span class='ocrx_word' id='word_1_216' title='bbox 267 2960 521 3030; x_wconf 79' lang='grc' dir='ltr'>γλώσσας</span> <span class='ocrx_word' id='word_1_217' title='bbox 543 2956 744 3014; x_wconf 82' lang='grc' dir='ltr'>αὐτῶν.</span> 
     </span>
    </p>
   </div>
   <div class='ocr_carea' id='block_1_34' title="bbox 227 3044 1731 3121">
    <p class='ocr_par' dir='ltr' id='par_1_34' title="bbox 227 3044 1731 3121">
     <span class='ocr_line' id='line_1_34' title="bbox 227 3044 1731 3121; baseline -0.006 -14"><span class='ocrx_word' id='word_1_218' title='bbox 227 3053 469 3107; x_wconf 86' lang='grc' dir='ltr'>Ἐκεῖθεν</span> <span class='ocrx_word' id='word_1_219' title='bbox 500 3052 557 3105; x_wconf 85' lang='grc' dir='ltr'><strong>δέ</strong></span> <span class='ocrx_word' id='word_1_220' title='bbox 602 3051 696 3105; x_wconf 69' lang='grc' dir='ltr'><strong>καὶ</strong></span> <span class='ocrx_word' id='word_1_221' title='bbox 732 3049 860 3113; x_wconf 80' lang='grc' dir='ltr'>τοὺς</span> <span class='ocrx_word' id='word_1_222' title='bbox 893 3047 1195 3121; x_wconf 88' lang='grc' dir='ltr'>μακαρίους</span> <span class='ocrx_word' id='word_1_223' title='bbox 1228 3046 1558 3110; x_wconf 87' lang='grc' dir='ltr'>ἀποστόλους</span> <span class='ocrx_word' id='word_1_224' title='bbox 1591 3044 1731 3100; x_wconf 89' lang='grc' dir='ltr'>ἁπέ-</span> 
     </span>
    </p>
   </div>
   <div class='ocr_carea' id='block_1_35' title="bbox 147 3138 1798 3227">
    <p class='ocr_par' dir='ltr' id='par_1_35' title="bbox 147 3138 1798 3227">
     <span class='ocr_line' id='line_1_35' title="bbox 147 3138 1798 3227; baseline -0.005 -27"><span class='ocrx_word' id='word_1_225' title='bbox 147 3146 325 3199; x_wconf 85' lang='grc' dir='ltr'>στειλε</span> <span class='ocrx_word' id='word_1_226' title='bbox 376 3147 620 3218; x_wconf 88' lang='grc' dir='ltr'>κήρυκας</span> <span class='ocrx_word' id='word_1_227' title='bbox 667 3142 787 3197; x_wconf 89' lang='grc' dir='ltr'>καθ’</span> <span class='ocrx_word' id='word_1_228' title='bbox 821 3143 950 3213; x_wconf 82' lang='grc' dir='ltr'>ὅλης</span> <span class='ocrx_word' id='word_1_229' title='bbox 977 3140 1300 3213; x_wconf 80' lang='grc' dir='ltr'>οἰκουμένης</span> <span class='ocrx_word' id='word_1_230' title='bbox 1332 3138 1729 3211; x_wconf 85' lang='grc' dir='ltr'>γενησομένους</span> <span class='ocrx_word' id='word_1_231' title='bbox 1755 3169 1798 3227; x_wconf 73' lang='lat' dir='ltr'>c</span> 
     </span>
    </p>
   </div>
   <div class='ocr_carea' id='block_1_36' title="bbox 146 3237 823 3312">
    <p class='ocr_par' dir='ltr' id='par_1_36' title="bbox 146 3237 823 3312">
     <span class='ocr_line' id='line_1_36' title="bbox 146 3237 823 3312; baseline -0.006 -20"><span class='ocrx_word' id='word_1_232' title='bbox 146 3240 241 3293; x_wconf 86' lang='grc' dir='ltr'><strong>ἀπ’</strong></span> <span class='ocrx_word' id='word_1_233' title='bbox 271 3239 455 3312; x_wconf 82' lang='grc' dir='ltr'>ἄκρων</span> <span class='ocrx_word' id='word_1_234' title='bbox 479 3237 584 3301; x_wconf 87' lang='grc' dir='ltr'>’ἐως</span> <span class='ocrx_word' id='word_1_235' title='bbox 616 3237 823 3308; x_wconf 79' lang='grc' dir='ltr'>ἄκρων.</span> 
     </span>
    </p>
   </div>
   <div class='ocr_carea' id='block_1_37' title="bbox 218 3320 1733 3400">
    <p class='ocr_par' dir='ltr' id='par_1_37' title="bbox 218 3320 1733 3400">
     <span class='ocr_line' id='line_1_37' title="bbox 218 3320 1733 3400; baseline -0.006 -16"><span class='ocrx_word' id='word_1_236' title='bbox 218 3330 434 3385; x_wconf 84' lang='grc' dir='ltr'>Ἵππων</span> <span class='ocrx_word' id='word_1_237' title='bbox 463 3329 556 3383; x_wconf 72' lang='grc' dir='ltr'><strong>καὶ</strong></span> <span class='ocrx_word' id='word_1_238' title='bbox 579 3331 815 3400; x_wconf 82' lang='grc' dir='ltr'>ἡμιόνων</span> <span class='ocrx_word' id='word_1_239' title='bbox 858 3328 950 3382; x_wconf 70' lang='grc' dir='ltr'><strong>καὶ</strong></span> <span class='ocrx_word' id='word_1_240' title='bbox 979 3325 1264 3398; x_wconf 82' lang='grc' dir='ltr'>λαμπὶνων</span> <span class='ocrx_word' id='word_1_241' title='bbox 1303 3323 1603 3396; x_wconf 85' lang='grc' dir='ltr'>μέμνηται,</span> <span class='ocrx_word' id='word_1_242' title='bbox 1634 3320 1733 3392; x_wconf 78' lang='grc' dir='ltr'>δη-</span> 
     </span>
    </p>
   </div>
   <div class='ocr_carea' id='block_1_38' title="bbox 148 3413 1734 3496">
    <p class='ocr_par' dir='ltr' id='par_1_38' title="bbox 148 3413 1734 3496">
     <span class='ocr_line' id='line_1_38' title="bbox 148 3413 1734 3496; baseline -0.007 -19"><span class='ocrx_word' id='word_1_243' title='bbox 148 3424 257 3477; x_wconf 88' lang='grc' dir='ltr'><strong>λῶν</strong></span> <span class='ocrx_word' id='word_1_244' title='bbox 297 3423 398 3496; x_wconf 84' lang='grc' dir='ltr'><strong>τὴν</strong></span> <span class='ocrx_word' id='word_1_245' title='bbox 440 3423 551 3475; x_wconf 89' lang='grc' dir='ltr'><strong>τῶν</strong></span> <span class='ocrx_word' id='word_1_246' title='bbox 600 3421 767 3476; x_wconf 82' lang='grc' dir='ltr'>ἐθνῶν</span> <span class='ocrx_word' id='word_1_247' title='bbox 818 3419 1104 3491; x_wconf 82' lang='grc' dir='ltr'>εὐθυμίαν,</span> <span class='ocrx_word' id='word_1_248' title='bbox 1137 3418 1259 3489; x_wconf 76' lang='grc' dir='ltr'>ἥτις</span> <span class='ocrx_word' id='word_1_249' title='bbox 1289 3415 1522 3491; x_wconf 85' lang='grc' dir='ltr'>πρώτως</span> <span class='ocrx_word' id='word_1_250' title='bbox 1568 3413 1734 3486; x_wconf 84' lang='grc' dir='ltr'>ἐπλη-</span> 
     </span>
    </p>
   </div>
   <div class='ocr_carea' id='block_1_39' title="bbox 153 3507 1733 3589">
    <p class='ocr_par' dir='ltr' id='par_1_39' title="bbox 153 3507 1733 3589">
     <span class='ocr_line' id='line_1_39' title="bbox 153 3507 1733 3589; baseline -0.007 -17"><span class='ocrx_word' id='word_1_251' title='bbox 153 3517 316 3589; x_wconf 88' lang='grc' dir='ltr'>ροῦτο</span> <span class='ocrx_word' id='word_1_252' title='bbox 339 3514 553 3571; x_wconf 73' lang='grc' dir='ltr'>ἐπὶιτοῦ</span> <span class='ocrx_word' id='word_1_253' title='bbox 572 3514 825 3585; x_wconf 77' lang='grc' dir='ltr'>εὐνούχου</span> <span class='ocrx_word' id='word_1_254' title='bbox 854 3514 955 3585; x_wconf 81' lang='grc' dir='ltr'>τῆς</span> <span class='ocrx_word' id='word_1_255' title='bbox 992 3512 1280 3584; x_wconf 85' lang='grc' dir='ltr'>Κανδάκης</span> <span class='ocrx_word' id='word_1_256' title='bbox 1310 3510 1648 3582; x_wconf 86' lang='grc' dir='ltr'>βασιλίσσης,</span> <span class='ocrx_word' id='word_1_257' title='bbox 1674 3507 1733 3572; x_wconf 81' lang='grc' dir='ltr'>ὃς</span> 
     </span>
    </p>
   </div>
   <div class='ocr_carea' id='block_1_40' title="bbox 148 3602 1506 3678">
    <p class='ocr_par' dir='ltr' id='par_1_40' title="bbox 148 3602 1506 3678">
     <span class='ocr_line' id='line_1_40' title="bbox 148 3602 1506 3678; baseline -0.007 -13"><span class='ocrx_word' id='word_1_258' title='bbox 148 3610 242 3665; x_wconf 75' lang='grc' dir='ltr'>τὸν</span> <span class='ocrx_word' id='word_1_259' title='bbox 270 3608 536 3662; x_wconf 82' lang='grc' dir='ltr'>Φίλιππον</span> <span class='ocrx_word' id='word_1_260' title='bbox 559 3606 753 3678; x_wconf 78' lang='grc' dir='ltr'>ἔφερεν</span> <span class='ocrx_word' id='word_1_261' title='bbox 782 3606 876 3659; x_wconf 75' lang='grc' dir='ltr'><strong>ἐπὶ</strong></span> <span class='ocrx_word' id='word_1_262' title='bbox 907 3606 1000 3659; x_wconf 89' lang='grc' dir='ltr'><strong>τοῦ</strong></span> <span class='ocrx_word' id='word_1_263' title='bbox 1036 3607 1282 3677; x_wconf 76' lang='grc' dir='ltr'>ἅρματος</span> <span class='ocrx_word' id='word_1_264' title='bbox 1315 3602 1506 3657; x_wconf 85' lang='grc' dir='ltr'>αὑτοῦ.</span> 
     </span>
    </p>
   </div>
   <div class='ocr_carea' id='block_1_41' title="bbox 222 3693 1736 3772">
    <p class='ocr_par' dir='ltr' id='par_1_41' title="bbox 222 3693 1736 3772">
     <span class='ocr_line' id='line_1_41' title="bbox 222 3693 1736 3772; baseline -0.007 -16"><span class='ocrx_word' id='word_1_265' title='bbox 222 3702 424 3756; x_wconf 85' lang='grc' dir='ltr'>Οὐκέτι</span> <span class='ocrx_word' id='word_1_266' title='bbox 465 3699 573 3772; x_wconf 81' lang='grc' dir='ltr'><strong>γάρ</strong></span> <span class='ocrx_word' id='word_1_267' title='bbox 616 3701 695 3763; x_wconf 80' lang='grc' dir='ltr'><strong>είς</strong></span> <span class='ocrx_word' id='word_1_268' title='bbox 754 3698 944 3752; x_wconf 88' lang='grc' dir='ltr'>τοῦτον</span> <span class='ocrx_word' id='word_1_269' title='bbox 991 3697 1459 3769; x_wconf 82' lang='grc' dir='ltr'>ἀπατηθήσονται,</span> <span class='ocrx_word' id='word_1_270' title='bbox 1493 3695 1613 3750; x_wconf 84' lang='grc' dir='ltr'><strong>ούδέ</strong></span> <span class='ocrx_word' id='word_1_271' title='bbox 1656 3693 1736 3766; x_wconf 82' lang='grc' dir='ltr'>τῷ</span> 
     </span>
    </p>
   </div>
   <div class='ocr_carea' id='block_1_42' title="bbox 152 3786 1738 3867">
    <p class='ocr_par' dir='ltr' id='par_1_42' title="bbox 152 3786 1738 3867">
     <span class='ocr_line' id='line_1_42' title="bbox 152 3786 1738 3867; baseline -0.006 -18"><span class='ocrx_word' id='word_1_272' title='bbox 152 3795 348 3867; x_wconf 80' lang='grc' dir='ltr'>κόσμῳ</span> <span class='ocrx_word' id='word_1_273' title='bbox 382 3792 558 3864; x_wconf 85' lang='grc' dir='ltr'>τούτῳ</span> <span class='ocrx_word' id='word_1_274' title='bbox 600 3790 1068 3862; x_wconf 86' lang='grc' dir='ltr'>δελεασθήσονται,</span> <span class='ocrx_word' id='word_1_275' title='bbox 1101 3791 1195 3843; x_wconf 77' lang='grc' dir='ltr'><strong>καὶ</strong></span> <span class='ocrx_word' id='word_1_276' title='bbox 1231 3789 1306 3853; x_wconf 87' lang='grc' dir='ltr'><strong>ὡς</strong></span> <span class='ocrx_word' id='word_1_277' title='bbox 1333 3786 1451 3860; x_wconf 85' lang='grc' dir='ltr'><strong>Θεῷ</strong></span> <span class='ocrx_word' id='word_1_278' title='bbox 1503 3804 1738 3859; x_wconf 85' lang='grc' dir='ltr'>προσκυ-</span> 
     </span>
    </p>
   </div>
   <div class='ocr_carea' id='block_1_43' title="bbox 152 3881 1733 3964">
    <p class='ocr_par' dir='ltr' id='par_1_43' title="bbox 152 3881 1733 3964">
     <span class='ocr_line' id='line_1_43' title="bbox 152 3881 1733 3964; baseline -0.008 -19"><span class='ocrx_word' id='word_1_279' title='bbox 152 3892 438 3964; x_wconf 87' lang='grc' dir='ltr'>νήσουσιν·</span> <span class='ocrx_word' id='word_1_280' title='bbox 484 3887 620 3941; x_wconf 84' lang='grc' dir='ltr'>ἁλλὰ</span> <span class='ocrx_word' id='word_1_281' title='bbox 654 3884 1223 3958; x_wconf 85' lang='grc' dir='ltr'>προσκολληθήσονται</span> <span class='ocrx_word' id='word_1_282' title='bbox 1268 3882 1458 3954; x_wconf 84' lang='grc' dir='ltr'>Κυρίῳ</span> <span class='ocrx_word' id='word_1_283' title='bbox 1488 3881 1566 3953; x_wconf 82' lang='grc' dir='ltr'>τῷ</span> <span class='ocrx_word' id='word_1_284' title='bbox 1596 3881 1733 3950; x_wconf 83' lang='grc' dir='ltr'>Θεῷ,</span> 
     </span>
    </p>
   </div>
   <div class='ocr_carea' id='block_1_44' title="bbox 152 3973 1736 4052">
    <p class='ocr_par' dir='ltr' id='par_1_44' title="bbox 152 3973 1736 4052">
     <span class='ocr_line' id='line_1_44' title="bbox 152 3973 1736 4052; baseline -0.007 -14"><span class='ocrx_word' id='word_1_285' title='bbox 152 3984 253 4049; x_wconf 76' lang='grc' dir='ltr'><strong>τὰς</strong></span> <span class='ocrx_word' id='word_1_286' title='bbox 285 3982 580 4052; x_wconf 83' lang='grc' dir='ltr'>ἐνδελεχεῖς</span> <span class='ocrx_word' id='word_1_287' title='bbox 605 3978 794 4042; x_wconf 87' lang='grc' dir='ltr'>θυσίας</span> <span class='ocrx_word' id='word_1_288' title='bbox 816 3976 1203 4048; x_wconf 68' lang='grc' dir='ltr'>προσάγοντες,</span> <span class='ocrx_word' id='word_1_289' title='bbox 1228 3975 1414 4029; x_wconf 83' lang='grc' dir='ltr'>οὐκέτι</span> <span class='ocrx_word' id='word_1_290' title='bbox 1442 3974 1622 4047; x_wconf 88' lang='grc' dir='ltr'>τρίτον</span> <span class='ocrx_word' id='word_1_291' title='bbox 1642 3973 1736 4028; x_wconf 89' lang='grc' dir='ltr'><strong>τοῦ</strong></span> 
     </span>
    </p>
   </div>
   <div class='ocr_carea' id='block_1_45' title="bbox 152 4064 1738 4141">
    <p class='ocr_par' dir='ltr' id='par_1_45' title="bbox 152 4064 1738 4141">
     <span class='ocr_line' id='line_1_45' title="bbox 152 4064 1738 4141; baseline -0.006 -14"><span class='ocrx_word' id='word_1_292' title='bbox 152 4072 405 4129; x_wconf 83' lang='grc' dir='ltr'>ἐνιαυτοῦ</span> <span class='ocrx_word' id='word_1_293' title='bbox 435 4070 614 4141; x_wconf 90' lang='grc' dir='ltr'>μόνον,</span> <span class='ocrx_word' id='word_1_294' title='bbox 647 4067 783 4122; x_wconf 83' lang='grc' dir='ltr'>ἀλλὰ</span> <span class='ocrx_word' id='word_1_295' title='bbox 817 4065 939 4120; x_wconf 83' lang='grc' dir='ltr'>καθ’</span> <span class='ocrx_word' id='word_1_296' title='bbox 980 4064 1248 4136; x_wconf 82' lang='grc' dir='ltr'>ἑϐδομάδα</span> <span class='ocrx_word' id='word_1_297' title='bbox 1294 4066 1388 4119; x_wconf 81' lang='grc' dir='ltr'><strong>καὶ</strong></span> <span class='ocrx_word' id='word_1_298' title='bbox 1428 4066 1573 4135; x_wconf 84' lang='grc' dir='ltr'>μῆνα</span> <span class='ocrx_word' id='word_1_299' title='bbox 1611 4081 1738 4118; x_wconf 89' lang='grc' dir='ltr'>συν-</span> 
     </span>
    </p>
   </div>
   <div class='ocr_carea' id='block_1_46' title="bbox 153 4156 1739 4239">
    <p class='ocr_par' dir='ltr' id='par_1_46' title="bbox 153 4156 1739 4239">
     <span class='ocr_line' id='line_1_46' title="bbox 153 4156 1739 4239; baseline -0.006 -20"><span class='ocrx_word' id='word_1_300' title='bbox 153 4163 537 4239; x_wconf 82' lang='grc' dir='ltr'>αθροιζόμενοι</span> <span class='ocrx_word' id='word_1_301' title='bbox 569 4160 660 4214; x_wconf 78' lang='grc' dir='ltr'><strong>ἐπὶ</strong></span> <span class='ocrx_word' id='word_1_302' title='bbox 690 4159 798 4213; x_wconf 89' lang='grc' dir='ltr'><strong>τῶν</strong></span> <span class='ocrx_word' id='word_1_303' title='bbox 829 4159 1000 4228; x_wconf 87' lang='grc' dir='ltr'>ἁγίων</span> <span class='ocrx_word' id='word_1_304' title='bbox 1038 4156 1372 4230; x_wconf 85' lang='grc' dir='ltr'>ἐκκλησιῶν·</span> <span class='ocrx_word' id='word_1_305' title='bbox 1404 4157 1463 4210; x_wconf 84' lang='grc' dir='ltr'><strong>ού</strong></span> <span class='ocrx_word' id='word_1_306' title='bbox 1498 4156 1656 4228; x_wconf 92' lang='grc' dir='ltr'>μόνον</span> <span class='ocrx_word' id='word_1_307' title='bbox 1682 4156 1739 4210; x_wconf 86' lang='grc' dir='ltr'><strong>δέ</strong></span> 
     </span>
    </p>
   </div>
   <div class='ocr_carea' id='block_1_47' title="bbox 152 4252 1740 4327">
    <p class='ocr_par' dir='ltr' id='par_1_47' title="bbox 152 4252 1740 4327">
     <span class='ocr_line' id='line_1_47' title="bbox 152 4252 1740 4327; baseline -0.005 -13"><span class='ocrx_word' id='word_1_308' title='bbox 152 4259 263 4325; x_wconf 73' lang='grc' dir='ltr'><strong>ἕως</strong></span> <span class='ocrx_word' id='word_1_309' title='bbox 294 4258 485 4313; x_wconf 90' lang='grc' dir='ltr'>τούτου</span> <span class='ocrx_word' id='word_1_310' title='bbox 518 4258 828 4327; x_wconf 86' lang='grc' dir='ltr'>στήσονται,</span> <span class='ocrx_word' id='word_1_311' title='bbox 857 4252 994 4307; x_wconf 85' lang='grc' dir='ltr'>ἀλλὰ</span> <span class='ocrx_word' id='word_1_312' title='bbox 1021 4253 1237 4325; x_wconf 87' lang='grc' dir='ltr'>νύκτωρ</span> <span class='ocrx_word' id='word_1_313' title='bbox 1260 4254 1355 4308; x_wconf 73' lang='grc' dir='ltr'>καὶ</span> <span class='ocrx_word' id='word_1_314' title='bbox 1383 4252 1500 4325; x_wconf 82' lang='grc' dir='ltr'>μεθ’</span> <span class='ocrx_word' id='word_1_315' title='bbox 1528 4255 1740 4325; x_wconf 81' lang='grc' dir='ltr'>ἡμέραν</span> 
     </span>
    </p>
   </div>
   <div class='ocr_carea' id='block_1_48' title="bbox 152 4342 1744 4420">
    <p class='ocr_par' dir='ltr' id='par_1_48' title="bbox 152 4342 1744 4420">
     <span class='ocr_line' id='line_1_48' title="bbox 152 4342 1744 4420; baseline -0.005 -15"><span class='ocrx_word' id='word_1_316' title='bbox 152 4353 216 4405; x_wconf 80' lang='grc' dir='ltr'><strong>οὒ</strong></span> <span class='ocrx_word' id='word_1_317' title='bbox 240 4349 541 4405; x_wconf 87' lang='grc' dir='ltr'>παύσονται</span> <span class='ocrx_word' id='word_1_318' title='bbox 560 4346 658 4419; x_wconf 86' lang='grc' dir='ltr'>τὴν</span> <span class='ocrx_word' id='word_1_319' title='bbox 685 4344 1052 4420; x_wconf 82' lang='grc' dir='ltr'>προσκύνησιν</span> <span class='ocrx_word' id='word_1_320' title='bbox 1077 4343 1391 4417; x_wconf 87' lang='grc' dir='ltr'>ποιούμενοι</span> <span class='ocrx_word' id='word_1_321' title='bbox 1411 4342 1490 4410; x_wconf 82' lang='grc' dir='ltr'><strong>είς</strong></span> <span class='ocrx_word' id='word_1_322' title='bbox 1504 4344 1596 4399; x_wconf 80' lang='grc' dir='ltr'>τὸν</span> <span class='ocrx_word' id='word_1_323' title='bbox 1619 4344 1744 4416; x_wconf 83' lang='grc' dir='ltr'>άλη-</span> 
     </span>
    </p>
   </div>
   <div class='ocr_carea' id='block_1_49' title="bbox 155 4442 494 4499">
    <p class='ocr_par' dir='ltr' id='par_1_49' title="bbox 155 4442 494 4499">
     <span class='ocr_line' id='line_1_49' title="bbox 155 4442 494 4499; baseline -0.006 -1"><span class='ocrx_word' id='word_1_324' title='bbox 155 4444 309 4499; x_wconf 82' lang='grc' dir='ltr'>θινὸν</span> <span class='ocrx_word' id='word_1_325' title='bbox 342 4442 494 4497; x_wconf 86' lang='grc' dir='ltr'>Θεόν.</span> 
     </span>
    </p>
   </div>
   <div class='ocr_carea' id='block_1_50' title="bbox 229 4525 1816 4605">
    <p class='ocr_par' dir='ltr' id='par_1_50' title="bbox 229 4525 1816 4605">
     <span class='ocr_line' id='line_1_50' title="bbox 229 4525 1816 4605; baseline -0.006 -15"><span class='ocrx_word' id='word_1_326' title='bbox 229 4536 359 4590; x_wconf 90' lang='grc' dir='ltr'>Τῶν</span> <span class='ocrx_word' id='word_1_327' title='bbox 384 4531 853 4605; x_wconf 84' lang='grc' dir='ltr'>ἐπισυναχθέντων</span> <span class='ocrx_word' id='word_1_328' title='bbox 879 4530 1049 4587; x_wconf 86' lang='grc' dir='ltr'>ἐθνῶν</span> <span class='ocrx_word' id='word_1_329' title='bbox 1072 4532 1166 4586; x_wconf 75' lang='grc' dir='ltr'>ἐπὶ</span> <span class='ocrx_word' id='word_1_330' title='bbox 1206 4532 1448 4599; x_wconf 79' lang='grc' dir='ltr'>Ἐζεκίου</span> <span class='ocrx_word' id='word_1_331' title='bbox 1474 4531 1742 4604; x_wconf 80' lang='grc' dir='ltr'>βασιλέως</span> <span class='ocrx_word' id='word_1_332' title='bbox 1772 4525 1816 4580; x_wconf 88' lang='lat' dir='ltr'><strong>D</strong></span> 
     </span>
    </p>
   </div>
   <div class='ocr_carea' id='block_1_51' title="bbox 157 4623 1745 4700">
    <p class='ocr_par' dir='ltr' id='par_1_51' title="bbox 157 4623 1745 4700">
     <span class='ocr_line' id='line_1_51' title="bbox 157 4623 1745 4700; baseline -0.004 -16"><span class='ocrx_word' id='word_1_333' title='bbox 157 4630 282 4700; x_wconf 78' lang='grc' dir='ltr'><strong>ἁμα</strong></span> <span class='ocrx_word' id='word_1_334' title='bbox 312 4625 394 4696; x_wconf 79' lang='grc' dir='ltr'><strong>τῷ</strong></span> <span class='ocrx_word' id='word_1_335' title='bbox 440 4624 804 4696; x_wconf 87' lang='grc' dir='ltr'>Σεναχηρείμ.</span> <span class='ocrx_word' id='word_1_336' title='bbox 836 4652 908 4666; x_wconf 86' lang='grc'><strong>--</strong></span> <span class='ocrx_word' id='word_1_337' title='bbox 935 4623 1121 4677; x_wconf 90' lang='grc' dir='ltr'>Ταῦτα</span> <span class='ocrx_word' id='word_1_338' title='bbox 1157 4624 1216 4677; x_wconf 82' lang='grc' dir='ltr'>δὲ</span> <span class='ocrx_word' id='word_1_339' title='bbox 1246 4623 1425 4679; x_wconf 91' lang='grc' dir='ltr'>πάντα</span> <span class='ocrx_word' id='word_1_340' title='bbox 1464 4623 1745 4696; x_wconf 86' lang='grc' dir='ltr'>τρανωθή-</span> 
     </span>
    </p>
   </div>
   <div class='ocr_carea' id='block_1_52' title="bbox 156 4713 1746 4787">
    <p class='ocr_par' dir='ltr' id='par_1_52' title="bbox 156 4713 1746 4787">
     <span class='ocr_line' id='line_1_52' title="bbox 156 4713 1746 4787; baseline -0.003 -15"><span class='ocrx_word' id='word_1_341' title='bbox 156 4735 320 4773; x_wconf 87' lang='grc' dir='ltr'>σεται</span> <span class='ocrx_word' id='word_1_342' title='bbox 350 4717 408 4769; x_wconf 85' lang='grc' dir='ltr'><strong>ἐν</strong></span> <span class='ocrx_word' id='word_1_343' title='bbox 431 4718 499 4787; x_wconf 81' lang='grc' dir='ltr'>τῇ</span> <span class='ocrx_word' id='word_1_344' title='bbox 529 4713 803 4787; x_wconf 78' lang='grc' dir='ltr'>παρουσία</span> <span class='ocrx_word' id='word_1_345' title='bbox 825 4713 920 4768; x_wconf 90' lang='grc' dir='ltr'><strong>τοῦ</strong></span> <span class='ocrx_word' id='word_1_346' title='bbox 950 4715 1155 4786; x_wconf 82' lang='grc' dir='ltr'>Κυρίου</span> <span class='ocrx_word' id='word_1_347' title='bbox 1182 4716 1247 4786; x_wconf 79' lang='grc' dir='ltr'>τῇ</span> <span class='ocrx_word' id='word_1_348' title='bbox 1283 4713 1489 4786; x_wconf 77' lang='grc' dir='ltr'>φοϐερᾷ</span> <span class='ocrx_word' id='word_1_349' title='bbox 1529 4716 1622 4769; x_wconf 73' lang='grc' dir='ltr'>καὶ</span> <span class='ocrx_word' id='word_1_350' title='bbox 1661 4715 1746 4767; x_wconf 87' lang='grc' dir='ltr'>ἐν-</span> 
     </span>
    </p>
   </div>
   <div class='ocr_carea' id='block_1_53' title="bbox 156 4804 1744 4881">
    <p class='ocr_par' dir='ltr' id='par_1_53' title="bbox 156 4804 1744 4881">
     <span class='ocr_line' id='line_1_53' title="bbox 156 4804 1744 4881; baseline -0.004 -17"><span class='ocrx_word' id='word_1_351' title='bbox 156 4808 301 4881; x_wconf 79' lang='grc' dir='ltr'>δόξῳ</span> <span class='ocrx_word' id='word_1_352' title='bbox 318 4825 335 4840; x_wconf 94' lang='grc'><strong>·</strong></span> <span class='ocrx_word' id='word_1_353' title='bbox 369 4809 459 4861; x_wconf 86' lang='grc' dir='ltr'>ὅτε</span> <span class='ocrx_word' id='word_1_354' title='bbox 482 4805 544 4860; x_wconf 82' lang='grc' dir='ltr'>τὸ</span> <span class='ocrx_word' id='word_1_355' title='bbox 565 4805 940 4876; x_wconf 82' lang='grc' dir='ltr'>οίκουμενικὸν</span> <span class='ocrx_word' id='word_1_356' title='bbox 964 4804 1190 4877; x_wconf 88' lang='grc' dir='ltr'>θέατρον</span> <span class='ocrx_word' id='word_1_357' title='bbox 1220 4808 1630 4878; x_wconf 81' lang='grc' dir='ltr'>συγκροτεῖται·</span> <span class='ocrx_word' id='word_1_358' title='bbox 1657 4806 1744 4859; x_wconf 83' lang='grc' dir='ltr'><strong>ὅτε</strong></span> 
     </span>
    </p>
   </div>
   <div class='ocr_carea' id='block_1_54' title="bbox 158 4896 1747 4969">
    <p class='ocr_par' dir='ltr' id='par_1_54' title="bbox 158 4896 1747 4969">
     <span class='ocr_line' id='line_1_54' title="bbox 158 4896 1747 4969; baseline -0.006 -11"><span class='ocrx_word' id='word_1_359' title='bbox 158 4904 370 4964; x_wconf 83' lang='grc' dir='ltr'>πάντες</span> <span class='ocrx_word' id='word_1_360' title='bbox 400 4897 734 4969; x_wconf 86' lang='grc' dir='ltr'>πανταχόθεν</span> <span class='ocrx_word' id='word_1_361' title='bbox 774 4896 1228 4969; x_wconf 81' lang='grc' dir='ltr'>συναχθήσονται·</span> <span class='ocrx_word' id='word_1_362' title='bbox 1258 4896 1345 4950; x_wconf 82' lang='grc' dir='ltr'><strong>ὅτε</strong></span> <span class='ocrx_word' id='word_1_363' title='bbox 1392 4897 1621 4962; x_wconf 72' lang='grc' dir='ltr'>ἕκαστος</span> <span class='ocrx_word' id='word_1_364' title='bbox 1655 4913 1747 4951; x_wconf 79' lang='grc' dir='ltr'>κο-</span> 
     </span>
    </p>
   </div>
   <div class='ocr_carea' id='block_1_55' title="bbox 161 4985 1748 5066">
    <p class='ocr_par' dir='ltr' id='par_1_55' title="bbox 161 4985 1748 5066">
     <span class='ocr_line' id='line_1_55' title="bbox 161 4985 1748 5066; baseline -0.005 -19"><span class='ocrx_word' id='word_1_365' title='bbox 161 4995 377 5066; x_wconf 86' lang='grc' dir='ltr'>μιεῖται</span> <span class='ocrx_word' id='word_1_366' title='bbox 404 4990 539 5061; x_wconf 87' lang='grc' dir='ltr'>πρὸς</span> <span class='ocrx_word' id='word_1_367' title='bbox 568 4988 604 5044; x_wconf 83' lang='grc' dir='ltr'><strong>ἁ</strong></span> <span class='ocrx_word' id='word_1_368' title='bbox 631 4986 865 5061; x_wconf 73' lang='grc' dir='ltr'>ἔπραξεν</span> <span class='ocrx_word' id='word_1_369' title='bbox 884 5005 898 5018; x_wconf 89' lang='grc'><strong>·</strong></span> <span class='ocrx_word' id='word_1_370' title='bbox 927 4989 1016 5041; x_wconf 84' lang='grc' dir='ltr'><strong>ὅτε</strong></span> <span class='ocrx_word' id='word_1_371' title='bbox 1047 4990 1075 5041; x_wconf 89' lang='grc' dir='ltr'>ὁ</span> <span class='ocrx_word' id='word_1_372' title='bbox 1103 4988 1335 5041; x_wconf 83' lang='grc' dir='ltr'>ἑκάστου</span> <span class='ocrx_word' id='word_1_373' title='bbox 1364 4985 1563 5059; x_wconf 82' lang='grc' dir='ltr'>κλῆρος</span> <span class='ocrx_word' id='word_1_374' title='bbox 1586 5003 1748 5055; x_wconf 85' lang='grc' dir='ltr'>φανε-</span> 
     </span>
    </p>
   </div>
   <div class='ocr_carea' id='block_1_56' title="bbox 162 5079 1748 5157">
    <p class='ocr_par' dir='ltr' id='par_1_56' title="bbox 162 5079 1748 5157">
     <span class='ocr_line' id='line_1_56' title="bbox 162 5079 1748 5157; baseline -0.004 -17"><span class='ocrx_word' id='word_1_375' title='bbox 162 5084 361 5157; x_wconf 89' lang='grc' dir='ltr'>ροῦται</span> <span class='ocrx_word' id='word_1_376' title='bbox 380 5100 393 5114; x_wconf 88' lang='grc'><strong>·</strong></span> <span class='ocrx_word' id='word_1_377' title='bbox 429 5084 518 5136; x_wconf 84' lang='grc' dir='ltr'>ὅτε</span> <span class='ocrx_word' id='word_1_378' title='bbox 556 5081 775 5152; x_wconf 72' lang='grc' dir='ltr'>ὄψονται</span> <span class='ocrx_word' id='word_1_379' title='bbox 804 5080 1019 5151; x_wconf 85' lang='grc' dir='ltr'>ἀληθῶς</span> <span class='ocrx_word' id='word_1_380' title='bbox 1046 5080 1153 5135; x_wconf 88' lang='grc' dir='ltr'><strong>τῶν</strong></span> <span class='ocrx_word' id='word_1_381' title='bbox 1176 5079 1642 5153; x_wconf 82' lang='grc' dir='ltr'>παραϐεϐηκότων</span> <span class='ocrx_word' id='word_1_382' title='bbox 1669 5081 1748 5152; x_wconf 83' lang='grc' dir='ltr'>τῷ</span> 
     </span>
    </p>
   </div>
   <div class='ocr_carea' id='block_1_57' title="bbox 161 5172 1750 5248">
    <p class='ocr_par' dir='ltr' id='par_1_57' title="bbox 161 5172 1750 5248">
     <span class='ocr_line' id='line_1_57' title="bbox 161 5172 1750 5248; baseline -0.004 -17"><span class='ocrx_word' id='word_1_383' title='bbox 161 5176 291 5248; x_wconf 84' lang='grc' dir='ltr'><strong>Θεῷ</strong></span> <span class='ocrx_word' id='word_1_384' title='bbox 346 5175 440 5228; x_wconf 81' lang='grc' dir='ltr'><strong>τὸν</strong></span> <span class='ocrx_word' id='word_1_385' title='bbox 483 5172 741 5245; x_wconf 85' lang='grc' dir='ltr'>σκώληκα</span> <span class='ocrx_word' id='word_1_386' title='bbox 774 5174 953 5229; x_wconf 85' lang='grc' dir='ltr'>αὐτῶν</span> <span class='ocrx_word' id='word_1_387' title='bbox 994 5172 1370 5242; x_wconf 85' lang='grc' dir='ltr'>ἀτελεύτητον,</span> <span class='ocrx_word' id='word_1_388' title='bbox 1405 5172 1501 5226; x_wconf 77' lang='grc' dir='ltr'>καὶ</span> <span class='ocrx_word' id='word_1_389' title='bbox 1546 5173 1608 5225; x_wconf 81' lang='grc' dir='ltr'>τὸ</span> <span class='ocrx_word' id='word_1_390' title='bbox 1638 5172 1750 5244; x_wconf 89' lang='grc' dir='ltr'><strong>πῦρ</strong></span> 
     </span>
    </p>
   </div>
   <div class='ocr_carea' id='block_1_58' title="bbox 162 5264 1750 5338">
    <p class='ocr_par' dir='ltr' id='par_1_58' title="bbox 162 5264 1750 5338">
     <span class='ocr_line' id='line_1_58' title="bbox 162 5264 1750 5338; baseline -0.003 -15"><span class='ocrx_word' id='word_1_391' title='bbox 162 5268 353 5324; x_wconf 81' lang='grc' dir='ltr'>αὐτῶν</span> <span class='ocrx_word' id='word_1_392' title='bbox 387 5265 679 5320; x_wconf 80' lang='grc' dir='ltr'>ἄσϐεστον·</span> <span class='ocrx_word' id='word_1_393' title='bbox 706 5264 952 5319; x_wconf 85' lang='grc' dir='ltr'>τουτέστι</span> <span class='ocrx_word' id='word_1_394' title='bbox 996 5264 1059 5317; x_wconf 85' lang='grc' dir='ltr'><strong>τὸ</strong></span> <span class='ocrx_word' id='word_1_395' title='bbox 1096 5266 1378 5337; x_wconf 87' lang='grc' dir='ltr'>κριτήριον</span> <span class='ocrx_word' id='word_1_396' title='bbox 1404 5267 1504 5338; x_wconf 84' lang='grc' dir='ltr'>τῆς</span> <span class='ocrx_word' id='word_1_397' title='bbox 1545 5264 1750 5330; x_wconf 77' lang='grc' dir='ltr'>οἰκείας</span> 
     </span>
    </p>
   </div>
   <div class='ocr_carea' id='block_1_59' title="bbox 164 5355 1750 5429">
    <p class='ocr_par' dir='ltr' id='par_1_59' title="bbox 164 5355 1750 5429">
     <span class='ocr_line' id='line_1_59' title="bbox 164 5355 1750 5429; baseline -0.004 -13"><span class='ocrx_word' id='word_1_398' title='bbox 164 5359 357 5416; x_wconf 77' lang='grc' dir='ltr'>αὐτῶν</span> <span class='ocrx_word' id='word_1_399' title='bbox 404 5357 779 5429; x_wconf 87' lang='grc' dir='ltr'>συνειδήσεως,</span> <span class='ocrx_word' id='word_1_400' title='bbox 814 5356 843 5409; x_wconf 85' lang='grc' dir='ltr'><strong>ὃ</strong></span> <span class='ocrx_word' id='word_1_401' title='bbox 870 5356 1025 5427; x_wconf 88' lang='grc' dir='ltr'>δίκην</span> <span class='ocrx_word' id='word_1_402' title='bbox 1068 5355 1349 5427; x_wconf 86' lang='grc' dir='ltr'>σκώληκος</span> <span class='ocrx_word' id='word_1_403' title='bbox 1397 5355 1750 5429; x_wconf 84' lang='grc' dir='ltr'>ἀτελευτήτου</span> 
     </span>
    </p>
   </div>
   <div class='ocr_carea' id='block_1_60' title="bbox 165 5446 1752 5521">
    <p class='ocr_par' dir='ltr' id='par_1_60' title="bbox 165 5446 1752 5521">
     <span class='ocr_line' id='line_1_60' title="bbox 165 5446 1752 5521; baseline -0.002 -16"><span class='ocrx_word' id='word_1_404' title='bbox 165 5452 229 5505; x_wconf 75' lang='grc' dir='ltr'><strong>ἐν</strong></span> <span class='ocrx_word' id='word_1_405' title='bbox 265 5449 452 5512; x_wconf 81' lang='grc' dir='ltr'>αὐτοῖς</span> <span class='ocrx_word' id='word_1_406' title='bbox 505 5447 788 5502; x_wconf 81' lang='grc' dir='ltr'>ἐνειλεῖται</span> <span class='ocrx_word' id='word_1_407' title='bbox 811 5463 826 5477; x_wconf 90' lang='grc'><strong>·</strong></span> <span class='ocrx_word' id='word_1_408' title='bbox 869 5447 964 5502; x_wconf 79' lang='grc' dir='ltr'><strong>καὶ</strong></span> <span class='ocrx_word' id='word_1_409' title='bbox 1018 5446 1346 5517; x_wconf 77' lang='grc' dir='ltr'>καταφλέξει</span> <span class='ocrx_word' id='word_1_410' title='bbox 1394 5448 1588 5513; x_wconf 79' lang='grc' dir='ltr'>αὐτοὺς</span> <span class='ocrx_word' id='word_1_411' title='bbox 1639 5447 1752 5521; x_wconf 89' lang='grc' dir='ltr'><strong>πῦρ</strong></span> 
     </span>
    </p>
   </div>
   <div class='ocr_carea' id='block_1_61' title="bbox 168 5538 1753 5613">
    <p class='ocr_par' dir='ltr' id='par_1_61' title="bbox 168 5538 1753 5613">
     <span class='ocr_line' id='line_1_61' title="bbox 168 5538 1753 5613; baseline 0.001 -19"><span class='ocrx_word' id='word_1_412' title='bbox 168 5540 425 5613; x_wconf 69' lang='grc' dir='ltr'>πηγάζω</span> <span class='ocrx_word' id='word_1_413' title='bbox 452 5542 509 5593; x_wconf 93' lang='grc' dir='ltr'><strong>ἐν</strong></span> <span class='ocrx_word' id='word_1_414' title='bbox 530 5541 710 5604; x_wconf 78' lang='grc' dir='ltr'>αὐτοῖς</span> <span class='ocrx_word' id='word_1_415' title='bbox 725 5556 738 5570; x_wconf 87' lang='grc'><strong>·</strong></span> <span class='ocrx_word' id='word_1_416' title='bbox 770 5538 865 5593; x_wconf 75' lang='grc' dir='ltr'>καὶ</span> <span class='ocrx_word' id='word_1_417' title='bbox 888 5538 1100 5593; x_wconf 76' lang='grc' dir='ltr'>ἔσονται</span> <span class='ocrx_word' id='word_1_418' title='bbox 1131 5540 1355 5613; x_wconf 77' lang='grc' dir='ltr'>φανεροὶ</span> <span class='ocrx_word' id='word_1_419' title='bbox 1372 5542 1503 5594; x_wconf 86' lang='grc' dir='ltr'>πᾶσι</span> <span class='ocrx_word' id='word_1_420' title='bbox 1524 5543 1636 5605; x_wconf 83' lang='grc' dir='ltr'>τοῖς</span> <span class='ocrx_word' id='word_1_421' title='bbox 1657 5543 1753 5595; x_wconf 85' lang='grc' dir='ltr'>ἐπ-</span> 
     </span>
    </p>
   </div>
   <div class='ocr_carea' id='block_1_62' title="bbox 169 5628 1572 5707">
    <p class='ocr_par' dir='ltr' id='par_1_62' title="bbox 169 5628 1572 5707">
     <span class='ocr_line' id='line_1_62' title="bbox 169 5628 1572 5707; baseline -0.001 -18"><span class='ocrx_word' id='word_1_422' title='bbox 169 5633 445 5704; x_wconf 74' lang='grc' dir='ltr'>εγνωκόσι</span> <span class='ocrx_word' id='word_1_423' title='bbox 472 5633 564 5688; x_wconf 79' lang='grc' dir='ltr'><strong>τὸν</strong></span> <span class='ocrx_word' id='word_1_424' title='bbox 593 5632 802 5688; x_wconf 78' lang='grc' dir='ltr'>ἑαυτῶν</span> <span class='ocrx_word' id='word_1_425' title='bbox 828 5632 1093 5703; x_wconf 81' lang='grc' dir='ltr'>δεσπότην</span> <span class='ocrx_word' id='word_1_426' title='bbox 1124 5649 1184 5687; x_wconf 85' lang='grc' dir='ltr'><strong>τε</strong></span> <span class='ocrx_word' id='word_1_427' title='bbox 1212 5628 1306 5688; x_wconf 75' lang='grc' dir='ltr'><strong>καῖ</strong></span> <span class='ocrx_word' id='word_1_428' title='bbox 1325 5634 1572 5707; x_wconf 83' lang='grc' dir='ltr'>ποιητήν.</span> 
     </span>
    </p>
   </div>
   <div class='ocr_carea' id='block_1_63' title="bbox 250 5785 881 5856">
    <p class='ocr_par' dir='ltr' id='par_1_63' title="bbox 250 5785 881 5856">
     <span class='ocr_line' id='line_1_63' title="bbox 250 5785 881 5856; baseline -0.003 -12"><span class='ocrx_word' id='word_1_429' title='bbox 250 5786 301 5822; x_wconf 78' lang='grc'><strong>⁵⁸</strong></span> <span class='ocrx_word' id='word_1_430' title='bbox 322 5785 466 5844; x_wconf 85' lang='lat' dir='ltr'><strong>Psal.</strong></span> <span class='ocrx_word' id='word_1_431' title='bbox 499 5802 763 5856; x_wconf 74' lang='lat' dir='ltr'><strong>cxxxvm,</strong></span> <span class='ocrx_word' id='word_1_432' title='bbox 797 5788 881 5842; x_wconf 74' lang='grc'><strong>16.</strong></span> 
     </span>
    </p>
   </div>
   <div class='ocr_carea' id='block_1_64' title="bbox 1803 652 2788 718">
    <p class='ocr_par' dir='ltr' id='par_1_64' title="bbox 1803 652 2788 718">
     <span class='ocr_line' id='line_1_64' title="bbox 1803 652 2788 718; baseline -0.009 0"><span class='ocrx_word' id='word_1_433' title='bbox 1803 663 1861 718; x_wconf 87' lang='lat' dir='ltr'><strong>in</strong></span> <span class='ocrx_word' id='word_1_434' title='bbox 1886 659 2239 718; x_wconf 82' lang='lat' dir='ltr'><strong>conscientiis</strong></span> <span class='ocrx_word' id='word_1_435' title='bbox 2267 656 2475 712; x_wconf 81' lang='lat' dir='ltr'><strong>nostris</strong></span> <span class='ocrx_word' id='word_1_436' title='bbox 2507 652 2788 710; x_wconf 78' lang='lat' dir='ltr'><strong>accendet.</strong></span> 
     </span>
    </p>
   </div>
   <div class='ocr_carea' id='block_1_65' title="bbox 1874 835 3486 911">
    <p class='ocr_par' dir='ltr' id='par_1_65' title="bbox 1874 835 3486 911">
     <span class='ocr_line' id='line_1_65' title="bbox 1874 835 3486 911; baseline -0.007 -13"><span class='ocrx_word' id='word_1_437' title='bbox 1874 840 2042 900; x_wconf 63' lang='lat' dir='ltr'><strong>Vens.</strong></span> <span class='ocrx_word' id='word_1_438' title='bbox 2080 842 2163 897; x_wconf 78' lang='grc'><strong>16.</strong></span> <span class='ocrx_word' id='word_1_439' title='bbox 2200 840 2306 897; x_wconf 88' lang='lat' dir='ltr'><strong>Per</strong></span> <span class='ocrx_word' id='word_1_440' title='bbox 2352 839 2590 911; x_wconf 77' lang='lat' dir='ltr'><strong>gladium</strong></span> <span class='ocrx_word' id='word_1_441' title='bbox 2625 837 2898 910; x_wconf 78' lang='lat' dir='ltr'><strong>signiﬁcat</strong></span> <span class='ocrx_word' id='word_1_442' title='bbox 2933 838 3214 909; x_wconf 88' lang='lat' dir='ltr'><strong>spirituale</strong></span> <span class='ocrx_word' id='word_1_443' title='bbox 3237 835 3388 908; x_wconf 81' lang='lat' dir='ltr'><strong>judi-</strong></span> <span class='ocrx_word' id='word_1_444' title='bbox 3475 858 3486 867; x_wconf 87' lang='grc'><strong>·</strong></span> 
     </span>
    </p>
   </div>
   <div class='ocr_carea' id='block_1_66' title="bbox 1806 929 3392 1001">
    <p class='ocr_par' dir='ltr' id='par_1_66' title="bbox 1806 929 3392 1001">
     <span class='ocr_line' id='line_1_66' title="bbox 1806 929 3392 1001; baseline -0.004 -10"><span class='ocrx_word' id='word_1_445' title='bbox 1806 936 1954 991; x_wconf 90' lang='lat' dir='ltr'><strong>cium</strong></span> <span class='ocrx_word' id='word_1_446' title='bbox 1986 943 2039 991; x_wconf 91' lang='lat' dir='ltr'><strong>et</strong></span> <span class='ocrx_word' id='word_1_447' title='bbox 2066 934 2274 989; x_wconf 91' lang='lat' dir='ltr'><strong>multos</strong></span> <span class='ocrx_word' id='word_1_448' title='bbox 2303 932 2439 987; x_wconf 92' lang='lat' dir='ltr'><strong>dicit</strong></span> <span class='ocrx_word' id='word_1_449' title='bbox 2487 946 2613 987; x_wconf 91' lang='lat' dir='ltr'><strong>esse</strong></span> <span class='ocrx_word' id='word_1_450' title='bbox 2637 930 3031 996; x_wconf 89' lang='lat' dir='ltr'><strong>vulnerandos,</strong></span> <span class='ocrx_word' id='word_1_451' title='bbox 3084 937 3146 985; x_wconf 91' lang='lat' dir='ltr'><strong>ut</strong></span> <span class='ocrx_word' id='word_1_452' title='bbox 3185 929 3392 1001; x_wconf 88' lang='lat' dir='ltr'><strong>gravis-</strong></span> 
     </span>
    </p>
   </div>
   <div class='ocr_carea' id='block_1_67' title="bbox 1806 1023 3102 1094">
    <p class='ocr_par' dir='ltr' id='par_1_67' title="bbox 1806 1023 3102 1094">
     <span class='ocr_line' id='line_1_67' title="bbox 1806 1023 3102 1094; baseline -0.005 -11"><span class='ocrx_word' id='word_1_453' title='bbox 1806 1027 1961 1083; x_wconf 86' lang='lat' dir='ltr'><strong>simis</strong></span> <span class='ocrx_word' id='word_1_454' title='bbox 1990 1026 2154 1083; x_wconf 88' lang='lat' dir='ltr'><strong>minis</strong></span> <span class='ocrx_word' id='word_1_455' title='bbox 2184 1024 2457 1091; x_wconf 74' lang='lat' dir='ltr'><strong>deterriti,</strong></span> <span class='ocrx_word' id='word_1_456' title='bbox 2491 1040 2520 1078; x_wconf 90' lang='lat' dir='ltr'><strong>a</strong></span> <span class='ocrx_word' id='word_1_457' title='bbox 2546 1023 2791 1094; x_wconf 80' lang='lat' dir='ltr'><strong>peccatis</strong></span> <span class='ocrx_word' id='word_1_458' title='bbox 2818 1023 3102 1078; x_wconf 85' lang='lat' dir='ltr'><strong>recedant.</strong></span> 
     </span>
    </p>
   </div>
   <div class='ocr_carea' id='block_1_68' title="bbox 1883 1195 3393 1266">
    <p class='ocr_par' dir='ltr' id='par_1_68' title="bbox 1883 1195 3393 1266">
     <span class='ocr_line' id='line_1_68' title="bbox 1883 1195 3393 1266; baseline -0.005 -9"><span class='ocrx_word' id='word_1_459' title='bbox 1883 1202 2047 1257; x_wconf 70' lang='lat' dir='ltr'><strong>Vens.</strong></span> <span class='ocrx_word' id='word_1_460' title='bbox 2075 1200 2160 1254; x_wconf 75' lang='grc'><strong>17.</strong></span> <span class='ocrx_word' id='word_1_461' title='bbox 2197 1197 2329 1266; x_wconf 66' lang='lat' dir='ltr'><strong>Quae</strong></span> <span class='ocrx_word' id='word_1_462' title='bbox 2357 1199 2412 1253; x_wconf 94' lang='lat' dir='ltr'><strong>in</strong></span> <span class='ocrx_word' id='word_1_463' title='bbox 2444 1198 2683 1253; x_wconf 90' lang='lat' dir='ltr'><strong>medium</strong></span> <span class='ocrx_word' id='word_1_464' title='bbox 2718 1195 2898 1263; x_wconf 76' lang='lat' dir='ltr'><strong>affert,</strong></span> <span class='ocrx_word' id='word_1_465' title='bbox 2952 1211 3061 1252; x_wconf 91' lang='lat' dir='ltr'><strong>non</strong></span> <span class='ocrx_word' id='word_1_466' title='bbox 3090 1202 3300 1251; x_wconf 85' lang='lat' dir='ltr'><strong>tantum</strong></span> <span class='ocrx_word' id='word_1_467' title='bbox 3329 1201 3393 1250; x_wconf 83' lang='lat' dir='ltr'><strong>ut</strong></span> 
     </span>
    </p>
   </div>
   <div class='ocr_carea' id='block_1_69' title="bbox 1811 1288 3392 1356">
    <p class='ocr_par' dir='ltr' id='par_1_69' title="bbox 1811 1288 3392 1356">
     <span class='ocr_line' id='line_1_69' title="bbox 1811 1288 3392 1356; baseline -0.005 -6"><span class='ocrx_word' id='word_1_468' title='bbox 1811 1308 1907 1350; x_wconf 85' lang='lat' dir='ltr'><strong>eos</strong></span> <span class='ocrx_word' id='word_1_469' title='bbox 1969 1291 2375 1356; x_wconf 89' lang='lat' dir='ltr'><strong>incriminetur,</strong></span> <span class='ocrx_word' id='word_1_470' title='bbox 2430 1288 2526 1345; x_wconf 86' lang='lat' dir='ltr'><strong>sed</strong></span> <span class='ocrx_word' id='word_1_471' title='bbox 2577 1289 2741 1344; x_wconf 89' lang='lat' dir='ltr'><strong>etiam</strong></span> <span class='ocrx_word' id='word_1_472' title='bbox 2799 1295 2857 1343; x_wconf 92' lang='lat' dir='ltr'><strong>ut</strong></span> <span class='ocrx_word' id='word_1_473' title='bbox 2895 1288 2977 1344; x_wconf 90' lang='lat' dir='ltr'><strong>eis</strong></span> <span class='ocrx_word' id='word_1_474' title='bbox 3035 1288 3266 1344; x_wconf 83' lang='lat' dir='ltr'><strong>salutem</strong></span> <span class='ocrx_word' id='word_1_475' title='bbox 3303 1301 3392 1342; x_wconf 89' lang='lat' dir='ltr'><strong>re-</strong></span> 
     </span>
    </p>
   </div>
   <div class='ocr_carea' id='block_1_70' title="bbox 1810 1377 3388 1458">
    <p class='ocr_par' dir='ltr' id='par_1_70' title="bbox 1810 1377 3388 1458">
     <span class='ocr_line' id='line_1_70' title="bbox 1810 1377 3388 1458; baseline -0.004 -19"><span class='ocrx_word' id='word_1_476' title='bbox 1810 1383 2275 1458; x_wconf 88' lang='lat' dir='ltr'><strong>prehensionibus</strong></span> <span class='ocrx_word' id='word_1_477' title='bbox 2296 1387 2587 1453; x_wconf 71' lang='lat' dir='ltr'><strong>praeparet,</strong></span> <span class='ocrx_word' id='word_1_478' title='bbox 2621 1381 2668 1436; x_wconf 90' lang='lat' dir='ltr'><strong>si</strong></span> <span class='ocrx_word' id='word_1_479' title='bbox 2696 1379 2838 1435; x_wconf 78' lang='lat' dir='ltr'><strong>forte</strong></span> <span class='ocrx_word' id='word_1_480' title='bbox 2863 1387 3103 1436; x_wconf 87' lang='lat' dir='ltr'><strong>mentem</strong></span> <span class='ocrx_word' id='word_1_481' title='bbox 3134 1377 3388 1435; x_wconf 86' lang='lat' dir='ltr'><strong>intende-</strong></span> 
     </span>
    </p>
   </div>
   <div class='ocr_carea' id='block_1_71' title="bbox 1815 1466 3429 1540">
    <p class='ocr_par' dir='ltr' id='par_1_71' title="bbox 1815 1466 3429 1540">
     <span class='ocr_line' id='line_1_71' title="bbox 1815 1466 3429 1540; baseline -0.008 -8"><span class='ocrx_word' id='word_1_482' title='bbox 1815 1484 1957 1532; x_wconf 89' lang='lat' dir='ltr'><strong>rent.</strong></span> <span class='ocrx_word' id='word_1_483' title='bbox 1980 1473 2056 1530; x_wconf 90' lang='lat' dir='ltr'><strong>De</strong></span> <span class='ocrx_word' id='word_1_484' title='bbox 2087 1489 2243 1529; x_wconf 89' lang='lat' dir='ltr'><strong>mure</strong></span> <span class='ocrx_word' id='word_1_485' title='bbox 2276 1473 2365 1527; x_wconf 87' lang='lat' dir='ltr'><strong>hic</strong></span> <span class='ocrx_word' id='word_1_486' title='bbox 2394 1471 2660 1540; x_wconf 86' lang='lat' dir='ltr'><strong>loquitur,</strong></span> <span class='ocrx_word' id='word_1_487' title='bbox 2698 1476 2758 1523; x_wconf 88' lang='lat' dir='ltr'><strong>ut</strong></span> <span class='ocrx_word' id='word_1_488' title='bbox 2786 1468 2871 1524; x_wconf 90' lang='lat' dir='ltr'><strong>vel</strong></span> <span class='ocrx_word' id='word_1_489' title='bbox 2909 1468 2982 1522; x_wconf 89' lang='lat' dir='ltr'><strong>ita</strong></span> <span class='ocrx_word' id='word_1_490' title='bbox 3011 1466 3391 1522; x_wconf 77' lang='lat' dir='ltr'><strong>dedetestan—</strong></span> <span class='ocrx_word' id='word_1_491' title='bbox 3423 1469 3429 1475; x_wconf 87' lang='lat'><strong><em>&#39;</em></strong></span> 
     </span>
    </p>
   </div>
   <div class='ocr_carea' id='block_1_72' title="bbox 1812 1557 3386 1639">
    <p class='ocr_par' dir='ltr' id='par_1_72' title="bbox 1812 1557 3386 1639">
     <span class='ocr_line' id='line_1_72' title="bbox 1812 1557 3386 1639; baseline -0.01 -16"><span class='ocrx_word' id='word_1_492' title='bbox 1812 1565 1899 1623; x_wconf 86' lang='lat' dir='ltr'><strong>dis</strong></span> <span class='ocrx_word' id='word_1_493' title='bbox 1918 1566 2180 1639; x_wconf 87' lang='lat' dir='ltr'><strong>operibus</strong></span> <span class='ocrx_word' id='word_1_494' title='bbox 2212 1563 2328 1621; x_wconf 89' lang='lat' dir='ltr'><strong>suis</strong></span> <span class='ocrx_word' id='word_1_495' title='bbox 2365 1563 2780 1628; x_wconf 85' lang='lat' dir='ltr'><strong>erubescentes,</strong></span> <span class='ocrx_word' id='word_1_496' title='bbox 2808 1574 2837 1613; x_wconf 90' lang='lat' dir='ltr'><strong>a</strong></span> <span class='ocrx_word' id='word_1_497' title='bbox 2859 1557 3017 1613; x_wconf 89' lang='lat' dir='ltr'><strong>malis</strong></span> <span class='ocrx_word' id='word_1_498' title='bbox 3042 1564 3386 1614; x_wconf 78' lang='lat' dir='ltr'><strong>revocentur.</strong></span> 
     </span>
    </p>
   </div>
   <div class='ocr_carea' id='block_1_73' title="bbox 1886 1711 3391 1789">
    <p class='ocr_par' dir='ltr' id='par_1_73' title="bbox 1886 1711 3391 1789">
     <span class='ocr_line' id='line_1_73' title="bbox 1886 1711 3391 1789; baseline -0.01 -10"><span class='ocrx_word' id='word_1_499' title='bbox 1886 1723 2054 1780; x_wconf 75' lang='lat' dir='ltr'><strong>Vsus.</strong></span> <span class='ocrx_word' id='word_1_500' title='bbox 2096 1721 2185 1777; x_wconf 75' lang='grc'><strong>18.</strong></span> <span class='ocrx_word' id='word_1_501' title='bbox 2228 1718 2349 1775; x_wconf 89' lang='lat' dir='ltr'><strong>Non</strong></span> <span class='ocrx_word' id='word_1_502' title='bbox 2384 1732 2551 1789; x_wconf 89' lang='lat' dir='ltr'><strong>opera</strong></span> <span class='ocrx_word' id='word_1_503' title='bbox 2606 1714 2771 1770; x_wconf 90' lang='lat' dir='ltr'><strong>modo</strong></span> <span class='ocrx_word' id='word_1_504' title='bbox 2811 1714 2993 1781; x_wconf 79' lang='lat' dir='ltr'><strong>arguit</strong></span> <span class='ocrx_word' id='word_1_505' title='bbox 3041 1711 3391 1767; x_wconf 81' lang='lat' dir='ltr'><strong>extrinsecus</strong></span> 
     </span>
    </p>
   </div>
   <div class='ocr_carea' id='block_1_74' title="bbox 1743 1801 3390 1891">
    <p class='ocr_par' dir='ltr' id='par_1_74' title="bbox 1743 1801 3390 1891">
     <span class='ocr_line' id='line_1_74' title="bbox 1743 1801 3390 1891; baseline -0.013 -16"><span class='ocrx_word' id='word_1_506' title='bbox 1743 1827 1789 1887; x_wconf 76' lang='grc' dir='ltr'><strong>Β</strong></span> <span class='ocrx_word' id='word_1_507' title='bbox 1818 1816 2162 1891; x_wconf 86' lang='lat' dir='ltr'><strong>apparentia,</strong></span> <span class='ocrx_word' id='word_1_508' title='bbox 2200 1813 2297 1871; x_wconf 91' lang='lat' dir='ltr'><strong>sed</strong></span> <span class='ocrx_word' id='word_1_509' title='bbox 2330 1812 2481 1883; x_wconf 88' lang='lat' dir='ltr'><strong>ipsas</strong></span> <span class='ocrx_word' id='word_1_510' title='bbox 2520 1822 2739 1880; x_wconf 90' lang='lat' dir='ltr'><strong>quoque</strong></span> <span class='ocrx_word' id='word_1_511' title='bbox 2776 1819 2977 1876; x_wconf 85' lang='lat' dir='ltr'><strong>pravas</strong></span> <span class='ocrx_word' id='word_1_512' title='bbox 3007 1803 3208 1859; x_wconf 88' lang='lat' dir='ltr'><strong>mentis</strong></span> <span class='ocrx_word' id='word_1_513' title='bbox 3236 1801 3390 1872; x_wconf 86' lang='lat' dir='ltr'><strong>cogi-</strong></span> 
     </span>
    </p>
   </div>
   <div class='ocr_carea' id='block_1_75' title="bbox 1815 1899 3390 1980">
    <p class='ocr_par' dir='ltr' id='par_1_75' title="bbox 1815 1899 3390 1980">
     <span class='ocr_line' id='line_1_75' title="bbox 1815 1899 3390 1980; baseline -0.01 -13"><span class='ocrx_word' id='word_1_514' title='bbox 1815 1913 2050 1967; x_wconf 88' lang='lat' dir='ltr'><strong>tationes</strong></span> <span class='ocrx_word' id='word_1_515' title='bbox 2082 1928 2096 1965; x_wconf 91' lang='lat'><strong>:</strong></span> <span class='ocrx_word' id='word_1_516' title='bbox 2129 1907 2274 1980; x_wconf 87' lang='lat' dir='ltr'><strong>quod</strong></span> <span class='ocrx_word' id='word_1_517' title='bbox 2323 1905 2521 1960; x_wconf 89' lang='lat' dir='ltr'><strong>merito</strong></span> <span class='ocrx_word' id='word_1_518' title='bbox 2563 1912 2619 1961; x_wconf 93' lang='lat' dir='ltr'><strong>et</strong></span> <span class='ocrx_word' id='word_1_519' title='bbox 2658 1902 2956 1959; x_wconf 88' lang='lat' dir='ltr'><strong>salubriter</strong></span> <span class='ocrx_word' id='word_1_520' title='bbox 2992 1899 3062 1955; x_wconf 89' lang='lat' dir='ltr'><strong>ad</strong></span> <span class='ocrx_word' id='word_1_521' title='bbox 3099 1899 3390 1954; x_wconf 88' lang='lat' dir='ltr'><strong>utilitatem</strong></span> 
     </span>
    </p>
   </div>
   <div class='ocr_carea' id='block_1_76' title="bbox 1816 1990 3393 2071">
    <p class='ocr_par' dir='ltr' id='par_1_76' title="bbox 1816 1990 3393 2071">
     <span class='ocr_line' id='line_1_76' title="bbox 1816 1990 3393 2071; baseline -0.011 -12"><span class='ocrx_word' id='word_1_522' title='bbox 1816 2010 2063 2059; x_wconf 87' lang='lat' dir='ltr'><strong>nostram</strong></span> <span class='ocrx_word' id='word_1_523' title='bbox 2098 2003 2342 2071; x_wconf 74' lang='lat' dir='ltr'><strong>praestat.</strong></span> <span class='ocrx_word' id='word_1_524' title='bbox 2371 2023 2444 2037; x_wconf 89' lang='lat'><strong>—</strong></span> <span class='ocrx_word' id='word_1_525' title='bbox 2470 1992 2591 2049; x_wconf 85' lang='lat' dir='ltr'><strong>Jam</strong></span> <span class='ocrx_word' id='word_1_526' title='bbox 2634 2008 2745 2047; x_wconf 92' lang='lat' dir='ltr'><strong>non</strong></span> <span class='ocrx_word' id='word_1_527' title='bbox 2777 1991 2960 2047; x_wconf 83' lang='lat' dir='ltr'><strong>verbis</strong></span> <span class='ocrx_word' id='word_1_528' title='bbox 3001 1990 3178 2045; x_wconf 90' lang='lat' dir='ltr'><strong>minas</strong></span> <span class='ocrx_word' id='word_1_529' title='bbox 3210 1990 3393 2044; x_wconf 77' lang='lat' dir='ltr'><strong>inten~</strong></span> 
     </span>
    </p>
   </div>
   <div class='ocr_carea' id='block_1_77' title="bbox 1817 2080 3394 2162">
    <p class='ocr_par' dir='ltr' id='par_1_77' title="bbox 1817 2080 3394 2162">
     <span class='ocr_line' id='line_1_77' title="bbox 1817 2080 3394 2162; baseline -0.012 -10"><span class='ocrx_word' id='word_1_530' title='bbox 1817 2096 1916 2162; x_wconf 85' lang='lat' dir='ltr'><strong>dit,</strong></span> <span class='ocrx_word' id='word_1_531' title='bbox 1960 2108 2116 2150; x_wconf 89' lang='lat' dir='ltr'><strong>suam</strong></span> <span class='ocrx_word' id='word_1_532' title='bbox 2142 2103 2360 2161; x_wconf 89' lang='lat' dir='ltr'><strong>quoque</strong></span> <span class='ocrx_word' id='word_1_533' title='bbox 2400 2087 2749 2158; x_wconf 62' lang='lat' dir='ltr'><strong>praesentiam</strong></span> <span class='ocrx_word' id='word_1_534' title='bbox 2784 2081 3098 2137; x_wconf 86' lang='lat' dir='ltr'><strong>annuntiat.</strong></span> <span class='ocrx_word' id='word_1_535' title='bbox 3138 2080 3243 2135; x_wconf 89' lang='lat' dir='ltr'><strong>Per</strong></span> <span class='ocrx_word' id='word_1_536' title='bbox 3273 2094 3394 2136; x_wconf 87' lang='lat' dir='ltr'><strong>om-</strong></span> 
     </span>
    </p>
   </div>
   <div class='ocr_carea' id='block_1_78' title="bbox 1818 2171 3397 2242">
    <p class='ocr_par' dir='ltr' id='par_1_78' title="bbox 1818 2171 3397 2242">
     <span class='ocr_line' id='line_1_78' title="bbox 1818 2171 3397 2242; baseline -0.011 -1"><span class='ocrx_word' id='word_1_537' title='bbox 1818 2186 1911 2241; x_wconf 87' lang='lat' dir='ltr'><strong>nia</strong></span> <span class='ocrx_word' id='word_1_538' title='bbox 1966 2182 2115 2239; x_wconf 90' lang='lat' dir='ltr'><strong>enim</strong></span> <span class='ocrx_word' id='word_1_539' title='bbox 2156 2178 2339 2236; x_wconf 83' lang='lat' dir='ltr'><strong>studet</strong></span> <span class='ocrx_word' id='word_1_540' title='bbox 2378 2175 2644 2233; x_wconf 87' lang='lat' dir='ltr'><strong>Dominus</strong></span> <span class='ocrx_word' id='word_1_541' title='bbox 2699 2181 2762 2229; x_wconf 91' lang='lat' dir='ltr'><strong>ut</strong></span> <span class='ocrx_word' id='word_1_542' title='bbox 2808 2173 2983 2229; x_wconf 86' lang='lat' dir='ltr'><strong>salvet</strong></span> <span class='ocrx_word' id='word_1_543' title='bbox 3030 2171 3287 2242; x_wconf 89' lang='lat' dir='ltr'><strong>populum</strong></span> <span class='ocrx_word' id='word_1_544' title='bbox 3340 2179 3397 2225; x_wconf 88' lang='lat' dir='ltr'><strong>et</strong></span> 
     </span>
    </p>
   </div>
   <div class='ocr_carea' id='block_1_79' title="bbox 1821 2260 3390 2342">
    <p class='ocr_par' dir='ltr' id='par_1_79' title="bbox 1821 2260 3390 2342">
     <span class='ocr_line' id='line_1_79' title="bbox 1821 2260 3390 2342; baseline -0.011 -10"><span class='ocrx_word' id='word_1_545' title='bbox 1821 2287 2128 2333; x_wconf 83' lang='lat' dir='ltr'><strong>sermonem</strong></span> <span class='ocrx_word' id='word_1_546' title='bbox 2199 2269 2447 2342; x_wconf 79' lang='lat' dir='ltr'><strong>perficiat</strong></span> <span class='ocrx_word' id='word_1_547' title='bbox 2495 2267 2564 2323; x_wconf 88' lang='lat' dir='ltr'><strong>ad</strong></span> <span class='ocrx_word' id='word_1_548' title='bbox 2616 2272 2801 2338; x_wconf 83' lang='lat' dir='ltr'><strong>patres</strong></span> <span class='ocrx_word' id='word_1_549' title='bbox 2863 2262 3134 2336; x_wconf 86' lang='lat' dir='ltr'><strong>prolatum</strong></span> <span class='ocrx_word' id='word_1_550' title='bbox 3188 2279 3206 2317; x_wconf 92' lang='lat'><strong>:</strong></span> <span class='ocrx_word' id='word_1_551' title='bbox 3263 2260 3390 2317; x_wconf 91' lang='lat' dir='ltr'><strong>ideo</strong></span> 
     </span>
    </p>
   </div>
   <div class='ocr_carea' id='block_1_80' title="bbox 1820 2351 3392 2432">
    <p class='ocr_par' dir='ltr' id='par_1_80' title="bbox 1820 2351 3392 2432">
     <span class='ocr_line' id='line_1_80' title="bbox 1820 2351 3392 2432; baseline -0.008 -10"><span class='ocrx_word' id='word_1_552' title='bbox 1820 2377 1935 2422; x_wconf 88' lang='lat' dir='ltr'><strong>tum</strong></span> <span class='ocrx_word' id='word_1_553' title='bbox 1969 2365 2134 2421; x_wconf 84' lang='lat' dir='ltr'><strong>minis</strong></span> <span class='ocrx_word' id='word_1_554' title='bbox 2165 2378 2290 2419; x_wconf 89' lang='lat' dir='ltr'><strong>cum</strong></span> <span class='ocrx_word' id='word_1_555' title='bbox 2324 2359 2613 2432; x_wconf 82' lang='lat' dir='ltr'><strong>promissis</strong></span> <span class='ocrx_word' id='word_1_556' title='bbox 2657 2358 2889 2413; x_wconf 87' lang='lat' dir='ltr'><strong>salutem</strong></span> <span class='ocrx_word' id='word_1_557' title='bbox 2928 2356 3065 2427; x_wconf 89' lang='lat' dir='ltr'><strong>ipsis</strong></span> <span class='ocrx_word' id='word_1_558' title='bbox 3112 2351 3392 2426; x_wconf 78' lang='lat' dir='ltr'><strong>operat‘ur.</strong></span> 
     </span>
    </p>
   </div>
   <div class='ocr_carea' id='block_1_81' title="bbox 1822 2445 3395 2528">
    <p class='ocr_par' dir='ltr' id='par_1_81' title="bbox 1822 2445 3395 2528">
     <span class='ocr_line' id='line_1_81' title="bbox 1822 2445 3395 2528; baseline -0.01 -14"><span class='ocrx_word' id='word_1_559' title='bbox 1822 2456 1893 2514; x_wconf 83' lang='lat' dir='ltr'><strong>Et</strong></span> <span class='ocrx_word' id='word_1_560' title='bbox 1920 2457 2082 2528; x_wconf 84' lang='lat' dir='ltr'><strong>paulo</strong></span> <span class='ocrx_word' id='word_1_561' title='bbox 2106 2463 2224 2528; x_wconf 81' lang='lat' dir='ltr'><strong>post</strong></span> <span class='ocrx_word' id='word_1_562' title='bbox 2249 2471 2268 2509; x_wconf 92' lang='lat'><strong><em>:</em></strong></span> <span class='ocrx_word' id='word_1_563' title='bbox 2300 2450 2504 2508; x_wconf 87' lang='lat' dir='ltr'><strong>Eadem</strong></span> <span class='ocrx_word' id='word_1_564' title='bbox 2543 2450 2755 2507; x_wconf 84' lang='lat' dir='ltr'><strong>ratione</strong></span> <span class='ocrx_word' id='word_1_565' title='bbox 2771 2448 2861 2503; x_wconf 89' lang='lat' dir='ltr'><strong>hic</strong></span> <span class='ocrx_word' id='word_1_566' title='bbox 2893 2461 3112 2517; x_wconf 89' lang='lat' dir='ltr'><strong>quoque</strong></span> <span class='ocrx_word' id='word_1_567' title='bbox 3140 2459 3296 2500; x_wconf 90' lang='lat' dir='ltr'><strong>suam</strong></span> <span class='ocrx_word' id='word_1_568' title='bbox 3337 2445 3395 2499; x_wconf 90' lang='lat' dir='ltr'><strong>in</strong></span> 
     </span>
    </p>
   </div>
   <div class='ocr_carea' id='block_1_82' title="bbox 1822 2534 3399 2620">
    <p class='ocr_par' dir='ltr' id='par_1_82' title="bbox 1822 2534 3399 2620">
     <span class='ocr_line' id='line_1_82' title="bbox 1822 2534 3399 2620; baseline -0.011 -13"><span class='ocrx_word' id='word_1_569' title='bbox 1822 2564 1919 2608; x_wconf 90' lang='lat' dir='ltr'><strong>eos</strong></span> <span class='ocrx_word' id='word_1_570' title='bbox 1948 2548 2368 2620; x_wconf 82' lang='lat' dir='ltr'><strong>inspectionem.</strong></span> <span class='ocrx_word' id='word_1_571' title='bbox 2412 2544 2706 2598; x_wconf 84' lang='lat' dir='ltr'><strong>adventum</strong></span> <span class='ocrx_word' id='word_1_572' title='bbox 2736 2553 2897 2595; x_wconf 89' lang='lat' dir='ltr'><strong>suum</strong></span> <span class='ocrx_word' id='word_1_573' title='bbox 2940 2537 3256 2605; x_wconf 87' lang='lat' dir='ltr'><strong>denuntiat;</strong></span> <span class='ocrx_word' id='word_1_574' title='bbox 3298 2534 3399 2591; x_wconf 81' lang='lat' dir='ltr'><strong>de-</strong></span> 
     </span>
    </p>
   </div>
   <div class='ocr_carea' id='block_1_83' title="bbox 1823 2629 3399 2702">
    <p class='ocr_par' dir='ltr' id='par_1_83' title="bbox 1823 2629 3399 2702">
     <span class='ocr_line' id='line_1_83' title="bbox 1823 2629 3399 2702; baseline -0.01 -6"><span class='ocrx_word' id='word_1_575' title='bbox 1823 2640 2043 2696; x_wconf 85' lang='lat' dir='ltr'><strong>clarans</strong></span> <span class='ocrx_word' id='word_1_576' title='bbox 2087 2653 2149 2694; x_wconf 90' lang='lat' dir='ltr'><strong>se</strong></span> <span class='ocrx_word' id='word_1_577' title='bbox 2190 2651 2286 2693; x_wconf 91' lang='lat' dir='ltr'><strong>eos</strong></span> <span class='ocrx_word' id='word_1_578' title='bbox 2326 2634 2393 2690; x_wconf 91' lang='lat' dir='ltr'><strong>de</strong></span> <span class='ocrx_word' id='word_1_579' title='bbox 2425 2631 2681 2689; x_wconf 89' lang='lat' dir='ltr'><strong>omnibus</strong></span> <span class='ocrx_word' id='word_1_580' title='bbox 2723 2629 2979 2702; x_wconf 78' lang='lat' dir='ltr'><strong>gentibus</strong></span> <span class='ocrx_word' id='word_1_581' title='bbox 3032 2634 3399 2700; x_wconf 80' lang='lat' dir='ltr'><strong>congregatu-</strong></span> 
     </span>
    </p>
   </div>
   <div class='ocr_carea' id='block_1_84' title="bbox 1822 2712 3399 2807">
    <p class='ocr_par' dir='ltr' id='par_1_84' title="bbox 1822 2712 3399 2807">
     <span class='ocr_line' id='line_1_84' title="bbox 1822 2712 3399 2807; baseline -0.007 -20"><span class='ocrx_word' id='word_1_582' title='bbox 1822 2712 1971 2796; x_wconf 77' lang='lat' dir='ltr'><strong>rum,</strong></span> <span class='ocrx_word' id='word_1_583' title='bbox 2015 2730 2157 2807; x_wconf 70' lang='lat' dir='ltr'><strong>inter</strong></span> <span class='ocrx_word' id='word_1_584' title='bbox 2182 2741 2323 2800; x_wconf 88' lang='lat' dir='ltr'><strong>quas</strong></span> <span class='ocrx_word' id='word_1_585' title='bbox 2374 2724 2660 2798; x_wconf 76' lang='lat' dir='ltr'><strong>degebant,</strong></span> <span class='ocrx_word' id='word_1_586' title='bbox 2693 2736 2926 2796; x_wconf 87' lang='lat' dir='ltr'><strong>quarum</strong></span> <span class='ocrx_word' id='word_1_587' title='bbox 2971 2720 3137 2778; x_wconf 89' lang='lat' dir='ltr'><strong>etiam</strong></span> <span class='ocrx_word' id='word_1_588' title='bbox 3182 2720 3399 2793; x_wconf 89' lang='lat' dir='ltr'><strong>linguas</strong></span> 
     </span>
    </p>
   </div>
   <div class='ocr_carea' id='block_1_85' title="bbox 1826 2823 3286 2882">
    <p class='ocr_par' dir='ltr' id='par_1_85' title="bbox 1826 2823 3286 2882">
     <span class='ocr_line' id='line_1_85' title="bbox 1826 2823 3286 2882; baseline -0.008 0"><span class='ocrx_word' id='word_1_589' title='bbox 1826 2823 2147 2882; x_wconf 80' lang='lat' dir='ltr'><strong>cdisceban.</strong></span> <span class='ocrx_word' id='word_1_590' title='bbox 3226 2829 3232 2835; x_wconf 77' lang='lat'><strong><em>‘</em></strong></span> <span class='ocrx_word' id='word_1_591' title='bbox 3273 2834 3286 2840; x_wconf 93' lang='grc'><strong>·</strong></span> 
     </span>
    </p>
   </div>
   <div class='ocr_carea' id='block_1_86' title="bbox 1902 3012 3403 3085">
    <p class='ocr_par' dir='ltr' id='par_1_86' title="bbox 1902 3012 3403 3085">
     <span class='ocr_line' id='line_1_86' title="bbox 1902 3012 3403 3085; baseline -0.006 -8"><span class='ocrx_word' id='word_1_592' title='bbox 1902 3018 2072 3079; x_wconf 73' lang='lat' dir='ltr'><strong>Vens.</strong></span> <span class='ocrx_word' id='word_1_593' title='bbox 2096 3012 2189 3076; x_wconf 62' lang='lat'><strong>19&#39;:</strong></span> <span class='ocrx_word' id='word_1_594' title='bbox 2206 3019 2373 3075; x_wconf 78' lang='grc' dir='ltr'>ἰιιιιιο</span> <span class='ocrx_word' id='word_1_595' title='bbox 2399 3025 2565 3074; x_wconf 75' lang='lat' dir='ltr'><strong>etiam</strong></span> <span class='ocrx_word' id='word_1_596' title='bbox 2598 3020 2790 3071; x_wconf 76' lang='lat' dir='ltr'><strong>beatos</strong></span> <span class='ocrx_word' id='word_1_597' title='bbox 2820 3013 3095 3085; x_wconf 86' lang='lat' dir='ltr'><strong>apostolos</strong></span> <span class='ocrx_word' id='word_1_598' title='bbox 3136 3019 3403 3070; x_wconf 72' lang='lat' dir='ltr'><strong>emrstt&#39;m</strong></span> 
     </span>
    </p>
   </div>
   <div class='ocr_carea' id='block_1_87' title="bbox 1833 3102 3403 3178">
    <p class='ocr_par' dir='ltr' id='par_1_87' title="bbox 1833 3102 3403 3178">
     <span class='ocr_line' id='line_1_87' title="bbox 1833 3102 3403 3178; baseline -0.007 -6"><span class='ocrx_word' id='word_1_599' title='bbox 1833 3123 2012 3172; x_wconf 86' lang='lat' dir='ltr'><strong>totum</strong></span> <span class='ocrx_word' id='word_1_600' title='bbox 2074 3121 2348 3170; x_wconf 90' lang='lat' dir='ltr'><strong>terrarum</strong></span> <span class='ocrx_word' id='word_1_601' title='bbox 2397 3109 2586 3165; x_wconf 87' lang='lat' dir='ltr'><strong>orbem</strong></span> <span class='ocrx_word' id='word_1_602' title='bbox 2655 3106 3005 3178; x_wconf 87' lang='lat' dir='ltr'><strong>perlustrati,</strong></span> <span class='ocrx_word' id='word_1_603' title='bbox 3051 3102 3403 3177; x_wconf 86' lang='lat' dir='ltr'><strong>Evangelium</strong></span> 
     </span>
    </p>
   </div>
   <div class='ocr_carea' id='block_1_88' title="bbox 1831 3198 3055 3271">
    <p class='ocr_par' dir='ltr' id='par_1_88' title="bbox 1831 3198 3055 3271">
     <span class='ocr_line' id='line_1_88' title="bbox 1831 3198 3055 3271; baseline -0.008 -8"><span class='ocrx_word' id='word_1_604' title='bbox 1831 3207 1917 3263; x_wconf 82' lang='lat' dir='ltr'><strong>vel</strong></span> <span class='ocrx_word' id='word_1_605' title='bbox 1948 3206 2004 3259; x_wconf 91' lang='lat' dir='ltr'><strong>in</strong></span> <span class='ocrx_word' id='word_1_606' title='bbox 2032 3202 2294 3259; x_wconf 79' lang='lat' dir='ltr'><strong>extremis</strong></span> <span class='ocrx_word' id='word_1_607' title='bbox 2322 3200 2643 3271; x_wconf 79' lang='lat' dir='ltr'><strong>regionibus</strong></span> <span class='ocrx_word' id='word_1_608' title='bbox 2674 3198 3055 3268; x_wconf 70' lang='lat' dir='ltr'><strong>praedicarent.</strong></span> 
     </span>
    </p>
   </div>
   <div class='ocr_carea' id='block_1_89' title="bbox 1902 3289 3406 3360">
    <p class='ocr_par' dir='ltr' id='par_1_89' title="bbox 1902 3289 3406 3360">
     <span class='ocr_line' id='line_1_89' title="bbox 1902 3289 3406 3360; baseline -0.005 -9"><span class='ocrx_word' id='word_1_609' title='bbox 1902 3295 2072 3351; x_wconf 76' lang='lat' dir='ltr'><strong>Vsns.</strong></span> <span class='ocrx_word' id='word_1_610' title='bbox 2121 3293 2214 3349; x_wconf 74' lang='lat'><strong>20.</strong></span> <span class='ocrx_word' id='word_1_611' title='bbox 2271 3290 2372 3347; x_wconf 87' lang='lat' dir='ltr'><strong>llic</strong></span> <span class='ocrx_word' id='word_1_612' title='bbox 2424 3304 2597 3360; x_wconf 89' lang='lat' dir='ltr'><strong>equos</strong></span> <span class='ocrx_word' id='word_1_613' title='bbox 2648 3289 2968 3360; x_wconf 88' lang='lat' dir='ltr'><strong>mulosque,</strong></span> <span class='ocrx_word' id='word_1_614' title='bbox 3017 3294 3073 3343; x_wconf 91' lang='lat' dir='ltr'><strong>et</strong></span> <span class='ocrx_word' id='word_1_615' title='bbox 3127 3290 3406 3359; x_wconf 88' lang='lat' dir='ltr'><strong>lampenas</strong></span> 
     </span>
    </p>
   </div>
   <div class='ocr_carea' id='block_1_90' title="bbox 1831 3379 3406 3452">
    <p class='ocr_par' dir='ltr' id='par_1_90' title="bbox 1831 3379 3406 3452">
     <span class='ocr_line' id='line_1_90' title="bbox 1831 3379 3406 3452; baseline -0.005 -7"><span class='ocrx_word' id='word_1_616' title='bbox 1831 3396 2118 3452; x_wconf 86' lang='lat' dir='ltr'><strong>memorat,</strong></span> <span class='ocrx_word' id='word_1_617' title='bbox 2154 3384 2408 3439; x_wconf 86' lang='lat' dir='ltr'><strong>indicans</strong></span> <span class='ocrx_word' id='word_1_618' title='bbox 2460 3380 2918 3452; x_wconf 63' lang='lat' dir='ltr'><strong>praestantissimo</strong></span> <span class='ocrx_word' id='word_1_619' title='bbox 2967 3380 3148 3435; x_wconf 87' lang='lat' dir='ltr'><strong>animo</strong></span> <span class='ocrx_word' id='word_1_620' title='bbox 3192 3379 3406 3437; x_wconf 76' lang='lat' dir='ltr'><strong>futuras</strong></span> 
     </span>
    </p>
   </div>
   <div class='ocr_carea' id='block_1_91' title="bbox 1832 3472 3406 3553">
    <p class='ocr_par' dir='ltr' id='par_1_91' title="bbox 1832 3472 3406 3553">
     <span class='ocr_line' id='line_1_91' title="bbox 1832 3472 3406 3553; baseline -0.006 -14"><span class='ocrx_word' id='word_1_621' title='bbox 1832 3488 2058 3553; x_wconf 86' lang='lat' dir='ltr'><strong>gentes,</strong></span> <span class='ocrx_word' id='word_1_622' title='bbox 2108 3493 2269 3549; x_wconf 87' lang='lat' dir='ltr'><strong>quem</strong></span> <span class='ocrx_word' id='word_1_623' title='bbox 2324 3476 2536 3545; x_wconf 86' lang='lat' dir='ltr'><strong>primus</strong></span> <span class='ocrx_word' id='word_1_624' title='bbox 2576 3472 2823 3529; x_wconf 78' lang='lat' dir='ltr'><strong>exhibuit</strong></span> <span class='ocrx_word' id='word_1_625' title='bbox 2873 3472 3164 3529; x_wconf 83' lang='lat' dir='ltr'><strong>eunuchus</strong></span> <span class='ocrx_word' id='word_1_626' title='bbox 3206 3474 3406 3543; x_wconf 74' lang='lat' dir='ltr'><strong>regina:</strong></span> 
     </span>
    </p>
   </div>
   <div class='ocr_carea' id='block_1_92' title="bbox 1832 3565 3121 3640">
    <p class='ocr_par' dir='ltr' id='par_1_92' title="bbox 1832 3565 3121 3640">
     <span class='ocr_line' id='line_1_92' title="bbox 1832 3565 3121 3640; baseline -0.009 -9"><span class='ocrx_word' id='word_1_627' title='bbox 1832 3574 2131 3634; x_wconf 89' lang='lat' dir='ltr'><strong>Candaces,</strong></span> <span class='ocrx_word' id='word_1_628' title='bbox 2165 3569 2258 3640; x_wconf 87' lang='lat' dir='ltr'><strong>qui</strong></span> <span class='ocrx_word' id='word_1_629' title='bbox 2286 3566 2595 3637; x_wconf 84' lang='lat' dir='ltr'><strong>Philippum</strong></span> <span class='ocrx_word' id='word_1_630' title='bbox 2626 3580 2795 3620; x_wconf 90' lang='lat' dir='ltr'><strong>curru</strong></span> <span class='ocrx_word' id='word_1_631' title='bbox 2824 3579 2925 3620; x_wconf 91' lang='lat' dir='ltr'><strong>suo</strong></span> <span class='ocrx_word' id='word_1_632' title='bbox 2952 3565 3121 3620; x_wconf 75' lang='lat' dir='ltr'><strong>vexit.</strong></span> 
     </span>
    </p>
   </div>
   <div class='ocr_carea' id='block_1_93' title="bbox 1901 3656 3405 3728">
    <p class='ocr_par' dir='ltr' id='par_1_93' title="bbox 1901 3656 3405 3728">
     <span class='ocr_line' id='line_1_93' title="bbox 1901 3656 3405 3728; baseline -0.004 -8"><span class='ocrx_word' id='word_1_633' title='bbox 1901 3663 2070 3721; x_wconf 67' lang='lat' dir='ltr'><strong>Vens.</strong></span> <span class='ocrx_word' id='word_1_634' title='bbox 2101 3663 2194 3718; x_wconf 72' lang='grc'><strong>25.</strong></span> <span class='ocrx_word' id='word_1_635' title='bbox 2219 3662 2337 3717; x_wconf 70' lang='lat' dir='ltr'><strong>1am</strong></span> <span class='ocrx_word' id='word_1_636' title='bbox 2365 3675 2473 3714; x_wconf 89' lang='lat' dir='ltr'><strong>non</strong></span> <span class='ocrx_word' id='word_1_637' title='bbox 2493 3658 2726 3728; x_wconf 82' lang='lat' dir='ltr'><strong>amplius</strong></span> <span class='ocrx_word' id='word_1_638' title='bbox 2758 3658 3019 3713; x_wconf 87' lang='lat' dir='ltr'><strong>errabunt</strong></span> <span class='ocrx_word' id='word_1_639' title='bbox 3047 3657 3193 3713; x_wconf 90' lang='lat' dir='ltr'><strong>circa</strong></span> <span class='ocrx_word' id='word_1_640' title='bbox 3212 3656 3405 3715; x_wconf 85' lang='lat' dir='ltr'><strong>Deum.</strong></span> 
     </span>
    </p>
   </div>
   <div class='ocr_carea' id='block_1_94' title="bbox 1832 3748 3412 3820">
    <p class='ocr_par' dir='ltr' id='par_1_94' title="bbox 1832 3748 3412 3820">
     <span class='ocr_line' id='line_1_94' title="bbox 1832 3748 3412 3820; baseline -0.007 -5"><span class='ocrx_word' id='word_1_641' title='bbox 1832 3773 1936 3815; x_wconf 89' lang='lat' dir='ltr'><strong>nec</strong></span> <span class='ocrx_word' id='word_1_642' title='bbox 1964 3755 2153 3812; x_wconf 87' lang='lat' dir='ltr'><strong>mundi</strong></span> <span class='ocrx_word' id='word_1_643' title='bbox 2184 3752 2458 3810; x_wconf 89' lang='lat' dir='ltr'><strong>illecebris</strong></span> <span class='ocrx_word' id='word_1_644' title='bbox 2501 3748 2670 3806; x_wconf 90' lang='lat' dir='ltr'><strong>illecti</strong></span> <span class='ocrx_word' id='word_1_645' title='bbox 2735 3750 2841 3820; x_wconf 89' lang='lat' dir='ltr'><strong>ipsi</strong></span> <span class='ocrx_word' id='word_1_646' title='bbox 2878 3759 3138 3820; x_wconf 89' lang='lat' dir='ltr'><strong>tanquam</strong></span> <span class='ocrx_word' id='word_1_647' title='bbox 3173 3748 3285 3805; x_wconf 91' lang='lat' dir='ltr'><strong>Deo</strong></span> <span class='ocrx_word' id='word_1_648' title='bbox 3323 3749 3412 3805; x_wconf 88' lang='lat' dir='ltr'><strong>in-</strong></span> 
     </span>
    </p>
   </div>
   <div class='ocr_carea' id='block_1_95' title="bbox 1836 3841 3410 3914">
    <p class='ocr_par' dir='ltr' id='par_1_95' title="bbox 1836 3841 3410 3914">
     <span class='ocr_line' id='line_1_95' title="bbox 1836 3841 3410 3914; baseline -0.006 -7"><span class='ocrx_word' id='word_1_649' title='bbox 1836 3849 2110 3914; x_wconf 88' lang='lat' dir='ltr'><strong>servient;</strong></span> <span class='ocrx_word' id='word_1_650' title='bbox 2160 3845 2257 3903; x_wconf 90' lang='lat' dir='ltr'><strong>sed</strong></span> <span class='ocrx_word' id='word_1_651' title='bbox 2301 3859 2423 3899; x_wconf 89' lang='lat' dir='ltr'><strong>cum</strong></span> <span class='ocrx_word' id='word_1_652' title='bbox 2457 3841 2690 3900; x_wconf 90' lang='lat' dir='ltr'><strong>Domino</strong></span> <span class='ocrx_word' id='word_1_653' title='bbox 2722 3841 2833 3898; x_wconf 92' lang='lat' dir='ltr'><strong>Deo</strong></span> <span class='ocrx_word' id='word_1_654' title='bbox 2863 3842 3245 3914; x_wconf 86' lang='lat' dir='ltr'><strong>conglutinati,</strong></span> <span class='ocrx_word' id='word_1_655' title='bbox 3277 3856 3410 3897; x_wconf 87' lang='lat' dir='ltr'><strong>con-</strong></span> 
     </span>
    </p>
   </div>
   <div class='ocr_carea' id='block_1_96' title="bbox 1838 3934 3409 4018">
    <p class='ocr_par' dir='ltr' id='par_1_96' title="bbox 1838 3934 3409 4018">
     <span class='ocr_line' id='line_1_96' title="bbox 1838 3934 3409 4018; baseline -0.004 -22"><span class='ocrx_word' id='word_1_656' title='bbox 1838 3943 1993 3997; x_wconf 91' lang='lat' dir='ltr'><strong>tinuo</strong></span> <span class='ocrx_word' id='word_1_657' title='bbox 2021 3940 2072 3996; x_wconf 89' lang='lat' dir='ltr'><strong>ei</strong></span> <span class='ocrx_word' id='word_1_658' title='bbox 2107 3938 2379 4018; x_wconf 56' lang='lat' dir='ltr'><strong>sacrificia</strong></span> <span class='ocrx_word' id='word_1_659' title='bbox 2414 3936 2681 4002; x_wconf 69' lang='lat' dir='ltr'><strong>onerent;</strong></span> <span class='ocrx_word' id='word_1_660' title='bbox 2715 3934 2829 4005; x_wconf 87' lang='lat' dir='ltr'><strong>jam</strong></span> <span class='ocrx_word' id='word_1_661' title='bbox 2870 3950 2981 3990; x_wconf 92' lang='lat' dir='ltr'><strong>non</strong></span> <span class='ocrx_word' id='word_1_662' title='bbox 3033 3942 3118 3991; x_wconf 88' lang='lat' dir='ltr'><strong>ter</strong></span> <span class='ocrx_word' id='word_1_663' title='bbox 3157 3934 3320 3990; x_wconf 88' lang='lat' dir='ltr'><strong>modo</strong></span> <span class='ocrx_word' id='word_1_664' title='bbox 3352 3934 3409 3989; x_wconf 93' lang='lat' dir='ltr'><strong>in</strong></span> 
     </span>
    </p>
   </div>
   <div class='ocr_carea' id='block_1_97' title="bbox 1837 4026 3411 4098">
    <p class='ocr_par' dir='ltr' id='par_1_97' title="bbox 1837 4026 3411 4098">
     <span class='ocr_line' id='line_1_97' title="bbox 1837 4026 3411 4098; baseline -0.004 -10"><span class='ocrx_word' id='word_1_665' title='bbox 1837 4048 2072 4098; x_wconf 91' lang='lat' dir='ltr'><strong>annum,</strong></span> <span class='ocrx_word' id='word_1_666' title='bbox 2112 4029 2208 4086; x_wconf 88' lang='lat' dir='ltr'><strong>sed</strong></span> <span class='ocrx_word' id='word_1_667' title='bbox 2242 4030 2301 4084; x_wconf 90' lang='lat' dir='ltr'><strong>in</strong></span> <span class='ocrx_word' id='word_1_668' title='bbox 2347 4027 2592 4098; x_wconf 84' lang='lat' dir='ltr'><strong>singulos</strong></span> <span class='ocrx_word' id='word_1_669' title='bbox 2632 4041 2851 4082; x_wconf 88' lang='lat' dir='ltr'><strong>menses</strong></span> <span class='ocrx_word' id='word_1_670' title='bbox 2875 4069 2890 4094; x_wconf 91' lang='lat'><strong>,</strong></span> <span class='ocrx_word' id='word_1_671' title='bbox 2948 4027 3116 4097; x_wconf 87' lang='lat' dir='ltr'><strong>inque</strong></span> <span class='ocrx_word' id='word_1_672' title='bbox 3166 4026 3411 4098; x_wconf 87' lang='lat' dir='ltr'><strong>singulas</strong></span> 
     </span>
    </p>
   </div>
   <div class='ocr_carea' id='block_1_98' title="bbox 1837 4116 3408 4189">
    <p class='ocr_par' dir='ltr' id='par_1_98' title="bbox 1837 4116 3408 4189">
     <span class='ocr_line' id='line_1_98' title="bbox 1837 4116 3408 4189; baseline -0.003 -11"><span class='ocrx_word' id='word_1_673' title='bbox 1837 4120 2204 4178; x_wconf 86' lang='lat' dir='ltr'><strong>bebdomades</strong></span> <span class='ocrx_word' id='word_1_674' title='bbox 2235 4117 2715 4189; x_wconf 71' lang='lat' dir='ltr'><strong>cougregabuntur</strong></span> <span class='ocrx_word' id='word_1_675' title='bbox 2750 4116 2807 4171; x_wconf 93' lang='lat' dir='ltr'><strong>in</strong></span> <span class='ocrx_word' id='word_1_676' title='bbox 2853 4125 3075 4174; x_wconf 87' lang='lat' dir='ltr'><strong>sanctas</strong></span> <span class='ocrx_word' id='word_1_677' title='bbox 3118 4118 3408 4174; x_wconf 84' lang='lat' dir='ltr'><strong>ecclesias.</strong></span> 
     </span>
    </p>
   </div>
   <div class='ocr_carea' id='block_1_99' title="bbox 1838 4206 3413 4280">
    <p class='ocr_par' dir='ltr' id='par_1_99' title="bbox 1838 4206 3413 4280">
     <span class='ocr_line' id='line_1_99' title="bbox 1838 4206 3413 4280; baseline -0.001 -13"><span class='ocrx_word' id='word_1_678' title='bbox 1838 4213 1995 4280; x_wconf 84' lang='lat' dir='ltr'><strong>Quin</strong></span> <span class='ocrx_word' id='word_1_679' title='bbox 2045 4211 2179 4275; x_wconf 90' lang='lat' dir='ltr'><strong>imo,</strong></span> <span class='ocrx_word' id='word_1_680' title='bbox 2213 4208 2447 4264; x_wconf 85' lang='lat' dir='ltr'><strong>ulterius</strong></span> <span class='ocrx_word' id='word_1_681' title='bbox 2489 4206 2653 4263; x_wconf 87' lang='lat' dir='ltr'><strong>etiam</strong></span> <span class='ocrx_word' id='word_1_682' title='bbox 2697 4207 3000 4279; x_wconf 81' lang='lat' dir='ltr'><strong>progressi,</strong></span> <span class='ocrx_word' id='word_1_683' title='bbox 3052 4223 3157 4265; x_wconf 87' lang='lat' dir='ltr'><strong>nec</strong></span> <span class='ocrx_word' id='word_1_684' title='bbox 3186 4207 3277 4265; x_wconf 91' lang='lat' dir='ltr'><strong>die</strong></span> <span class='ocrx_word' id='word_1_685' title='bbox 3311 4224 3413 4266; x_wconf 88' lang='lat' dir='ltr'><strong>nec</strong></span> 
     </span>
    </p>
   </div>
   <div class='ocr_carea' id='block_1_100' title="bbox 1838 4299 3451 4361">
    <p class='ocr_par' dir='ltr' id='par_1_100' title="bbox 1838 4299 3451 4361">
     <span class='ocr_line' id='line_1_100' title="bbox 1838 4299 3451 4361; baseline -0.005 -2"><span class='ocrx_word' id='word_1_686' title='bbox 1838 4312 2004 4361; x_wconf 90' lang='lat' dir='ltr'><strong>nocte</strong></span> <span class='ocrx_word' id='word_1_687' title='bbox 2036 4318 2067 4357; x_wconf 84' lang='lat' dir='ltr'><strong>a</strong></span> <span class='ocrx_word' id='word_1_688' title='bbox 2100 4302 2251 4358; x_wconf 91' lang='lat' dir='ltr'><strong>cultu</strong></span> <span class='ocrx_word' id='word_1_689' title='bbox 2281 4300 2397 4356; x_wconf 86' lang='lat' dir='ltr'><strong>veri</strong></span> <span class='ocrx_word' id='word_1_690' title='bbox 2420 4299 2516 4357; x_wconf 90' lang='lat' dir='ltr'><strong>Dei</strong></span> <span class='ocrx_word' id='word_1_691' title='bbox 2545 4300 2864 4357; x_wconf 85' lang='lat' dir='ltr'><strong>cessabunt.</strong></span> <span class='ocrx_word' id='word_1_692' title='bbox 3448 4302 3451 4303; x_wconf 67' lang='grc'><strong><em>⁷</em></strong></span> 
     </span>
    </p>
   </div>
   <div class='ocr_carea' id='block_1_101' title="bbox 1912 4471 3411 4545">
    <p class='ocr_par' dir='ltr' id='par_1_101' title="bbox 1912 4471 3411 4545">
     <span class='ocr_line' id='line_1_101' title="bbox 1912 4471 3411 4545; baseline 0.001 -15"><span class='ocrx_word' id='word_1_693' title='bbox 1912 4473 2082 4532; x_wconf 66' lang='lat' dir='ltr'><strong>Vens.</strong></span> <span class='ocrx_word' id='word_1_694' title='bbox 2136 4473 2227 4528; x_wconf 74' lang='grc'><strong>24.</strong></span> <span class='ocrx_word' id='word_1_695' title='bbox 2293 4471 2575 4530; x_wconf 80' lang='lat' dir='ltr'><strong>Cadavera</strong></span> <span class='ocrx_word' id='word_1_696' title='bbox 2648 4471 2908 4528; x_wconf 89' lang='lat' dir='ltr'><strong>videbunt</strong></span> <span class='ocrx_word' id='word_1_697' title='bbox 2978 4473 3221 4545; x_wconf 89' lang='lat' dir='ltr'><strong>gentium</strong></span> <span class='ocrx_word' id='word_1_698' title='bbox 3285 4491 3411 4531; x_wconf 92' lang='lat' dir='ltr'><strong>cum</strong></span> 
     </span>
    </p>
   </div>
   <div class='ocr_carea' id='block_1_102' title="bbox 1847 4563 3416 4639">
    <p class='ocr_par' dir='ltr' id='par_1_102' title="bbox 1847 4563 3416 4639">
     <span class='ocr_line' id='line_1_102' title="bbox 1847 4563 3416 4639; baseline -0.006 -15"><span class='ocrx_word' id='word_1_699' title='bbox 1847 4566 2222 4624; x_wconf 88' lang='lat' dir='ltr'><strong>Sennacherib</strong></span> <span class='ocrx_word' id='word_1_700' title='bbox 2266 4564 2531 4621; x_wconf 87' lang='lat' dir='ltr'><strong>adversus</strong></span> <span class='ocrx_word' id='word_1_701' title='bbox 2579 4579 2761 4635; x_wconf 88' lang='lat' dir='ltr'><strong>regem</strong></span> <span class='ocrx_word' id='word_1_702' title='bbox 2797 4563 3083 4620; x_wconf 85' lang='lat' dir='ltr'><strong>Ezechiam</strong></span> <span class='ocrx_word' id='word_1_703' title='bbox 3115 4579 3416 4639; x_wconf 84' lang='lat' dir='ltr'><strong>congrega-</strong></span> 
     </span>
    </p>
   </div>
   <div class='ocr_carea' id='block_1_103' title="bbox 1848 4654 3413 4721">
    <p class='ocr_par' dir='ltr' id='par_1_103' title="bbox 1848 4654 3413 4721">
     <span class='ocr_line' id='line_1_103' title="bbox 1848 4654 3413 4721; baseline 0.001 -9"><span class='ocrx_word' id='word_1_704' title='bbox 1848 4666 2049 4712; x_wconf 88' lang='lat' dir='ltr'><strong>tarum.</strong></span> <span class='ocrx_word' id='word_1_705' title='bbox 2088 4687 2160 4698; x_wconf 89' lang='lat'><strong>-—</strong></span> <span class='ocrx_word' id='word_1_706' title='bbox 2203 4655 2335 4721; x_wconf 80' lang='lat' dir='ltr'><strong>Quae</strong></span> <span class='ocrx_word' id='word_1_707' title='bbox 2384 4660 2566 4709; x_wconf 85' lang='lat' dir='ltr'><strong>autem</strong></span> <span class='ocrx_word' id='word_1_708' title='bbox 2608 4654 2790 4708; x_wconf 86' lang='lat' dir='ltr'><strong>omnia</strong></span> <span class='ocrx_word' id='word_1_709' title='bbox 2820 4655 3321 4714; x_wconf 81' lang='lat' dir='ltr'><strong>manifestabuntur</strong></span> <span class='ocrx_word' id='word_1_710' title='bbox 3358 4660 3413 4714; x_wconf 91' lang='lat' dir='ltr'><strong>in</strong></span> 
     </span>
    </p>
   </div>
   <div class='ocr_carea' id='block_1_104' title="bbox 1844 4742 3415 4811">
    <p class='ocr_par' dir='ltr' id='par_1_104' title="bbox 1844 4742 3415 4811">
     <span class='ocr_line' id='line_1_104' title="bbox 1844 4742 3415 4811; baseline 0.001 -7"><span class='ocrx_word' id='word_1_711' title='bbox 1844 4748 2121 4804; x_wconf 80' lang='lat' dir='ltr'><strong>horrendo</strong></span> <span class='ocrx_word' id='word_1_712' title='bbox 2156 4752 2210 4802; x_wconf 88' lang='lat' dir='ltr'><strong>et</strong></span> <span class='ocrx_word' id='word_1_713' title='bbox 2268 4746 2471 4799; x_wconf 85' lang='lat' dir='ltr'><strong>illustri</strong></span> <span class='ocrx_word' id='word_1_714' title='bbox 2509 4742 2602 4799; x_wconf 88' lang='lat' dir='ltr'><strong>Dei</strong></span> <span class='ocrx_word' id='word_1_715' title='bbox 2636 4744 2894 4809; x_wconf 77' lang='lat' dir='ltr'><strong>adventu,</strong></span> <span class='ocrx_word' id='word_1_716' title='bbox 2936 4760 3079 4811; x_wconf 87' lang='lat' dir='ltr'><strong>cum,</strong></span> <span class='ocrx_word' id='word_1_717' title='bbox 3113 4742 3415 4804; x_wconf 69' lang='lat' dir='ltr'><strong>convocato</strong></span> 
     </span>
    </p>
   </div>
   <div class='ocr_carea' id='block_1_105' title="bbox 1846 4833 3416 4908">
    <p class='ocr_par' dir='ltr' id='par_1_105' title="bbox 1846 4833 3416 4908">
     <span class='ocr_line' id='line_1_105' title="bbox 1846 4833 3416 4908; baseline 0.001 -15"><span class='ocrx_word' id='word_1_718' title='bbox 1846 4845 2222 4893; x_wconf 89' lang='lat' dir='ltr'><strong>creaturarum</strong></span> <span class='ocrx_word' id='word_1_719' title='bbox 2265 4833 2512 4888; x_wconf 89' lang='lat' dir='ltr'><strong>omnium</strong></span> <span class='ocrx_word' id='word_1_720' title='bbox 2555 4840 2723 4899; x_wconf 66' lang='lat' dir='ltr'><strong>coetu,</strong></span> <span class='ocrx_word' id='word_1_721' title='bbox 2764 4833 3020 4889; x_wconf 88' lang='lat' dir='ltr'><strong>omnibus</strong></span> <span class='ocrx_word' id='word_1_722' title='bbox 3054 4834 3416 4908; x_wconf 86' lang='lat' dir='ltr'><strong>undequaque</strong></span> 
     </span>
    </p>
   </div>
   <div class='ocr_carea' id='block_1_106' title="bbox 1846 4925 3416 4998">
    <p class='ocr_par' dir='ltr' id='par_1_106' title="bbox 1846 4925 3416 4998">
     <span class='ocr_line' id='line_1_106' title="bbox 1846 4925 3416 4998; baseline -0.002 -11"><span class='ocrx_word' id='word_1_723' title='bbox 1846 4930 2115 4988; x_wconf 84' lang='lat' dir='ltr'><strong>collectis,</strong></span> <span class='ocrx_word' id='word_1_724' title='bbox 2151 4926 2389 4998; x_wconf 85' lang='lat' dir='ltr'><strong>quisque</strong></span> <span class='ocrx_word' id='word_1_725' title='bbox 2428 4940 2530 4997; x_wconf 91' lang='lat' dir='ltr'><strong>pro</strong></span> <span class='ocrx_word' id='word_1_726' title='bbox 2589 4925 2805 4981; x_wconf 85' lang='lat' dir='ltr'><strong>meritis</strong></span> <span class='ocrx_word' id='word_1_727' title='bbox 2868 4927 2984 4981; x_wconf 90' lang='lat' dir='ltr'><strong>suis</strong></span> <span class='ocrx_word' id='word_1_728' title='bbox 3060 4927 3311 4998; x_wconf 89' lang='lat' dir='ltr'><strong>accipiet,</strong></span> <span class='ocrx_word' id='word_1_729' title='bbox 3351 4944 3416 4984; x_wconf 88' lang='lat' dir='ltr'><strong>ac</strong></span> 
     </span>
    </p>
   </div>
   <div class='ocr_carea' id='block_1_107' title="bbox 1848 5015 3414 5088">
    <p class='ocr_par' dir='ltr' id='par_1_107' title="bbox 1848 5015 3414 5088">
     <span class='ocr_line' id='line_1_107' title="bbox 1848 5015 3414 5088; baseline -0.002 -12"><span class='ocrx_word' id='word_1_730' title='bbox 1848 5033 1970 5077; x_wconf 89' lang='lat' dir='ltr'><strong>sors</strong></span> <span class='ocrx_word' id='word_1_731' title='bbox 2001 5017 2270 5088; x_wconf 85' lang='lat' dir='ltr'><strong>cujusque</strong></span> <span class='ocrx_word' id='word_1_732' title='bbox 2306 5016 2610 5087; x_wconf 85' lang='lat' dir='ltr'><strong>apparebit,</strong></span> <span class='ocrx_word' id='word_1_733' title='bbox 2636 5025 2690 5071; x_wconf 90' lang='lat' dir='ltr'><strong>et</strong></span> <span class='ocrx_word' id='word_1_734' title='bbox 2724 5015 2984 5071; x_wconf 87' lang='lat' dir='ltr'><strong>videbunt</strong></span> <span class='ocrx_word' id='word_1_735' title='bbox 3013 5032 3140 5073; x_wconf 83' lang='lat' dir='ltr'><strong>vere</strong></span> <span class='ocrx_word' id='word_1_736' title='bbox 3175 5034 3414 5074; x_wconf 90' lang='lat' dir='ltr'><strong>vermem</strong></span> 
     </span>
    </p>
   </div>
   <div class='ocr_carea' id='block_1_108' title="bbox 1848 5107 3418 5184">
    <p class='ocr_par' dir='ltr' id='par_1_108' title="bbox 1848 5107 3418 5184">
     <span class='ocr_line' id='line_1_108' title="bbox 1848 5107 3418 5184; baseline -0.002 -17"><span class='ocrx_word' id='word_1_737' title='bbox 1848 5120 2198 5184; x_wconf 85' lang='lat' dir='ltr'><strong>peccatorum</strong></span> <span class='ocrx_word' id='word_1_738' title='bbox 2217 5107 2599 5173; x_wconf 90' lang='lat' dir='ltr'><strong>immortalem,</strong></span> <span class='ocrx_word' id='word_1_739' title='bbox 2624 5107 2911 5178; x_wconf 83' lang='lat' dir='ltr'><strong>ignemque</strong></span> <span class='ocrx_word' id='word_1_740' title='bbox 2940 5122 3129 5163; x_wconf 91' lang='lat' dir='ltr'><strong>eorum</strong></span> <span class='ocrx_word' id='word_1_741' title='bbox 3152 5108 3418 5166; x_wconf 75' lang='lat' dir='ltr'><strong>inexstin-</strong></span> 
     </span>
    </p>
   </div>
   <div class='ocr_carea' id='block_1_109' title="bbox 1848 5196 3420 5273">
    <p class='ocr_par' dir='ltr' id='par_1_109' title="bbox 1848 5196 3420 5273">
     <span class='ocr_line' id='line_1_109' title="bbox 1848 5196 3420 5273; baseline 0.001 -17"><span class='ocrx_word' id='word_1_742' title='bbox 1848 5202 2142 5273; x_wconf 85' lang='lat' dir='ltr'><strong>guibilem;</strong></span> <span class='ocrx_word' id='word_1_743' title='bbox 2206 5199 2312 5254; x_wconf 91' lang='lat' dir='ltr'><strong>boc</strong></span> <span class='ocrx_word' id='word_1_744' title='bbox 2362 5205 2470 5263; x_wconf 86' lang='lat' dir='ltr'><strong>est,</strong></span> <span class='ocrx_word' id='word_1_745' title='bbox 2525 5196 2790 5269; x_wconf 85' lang='lat' dir='ltr'><strong>judicium</strong></span> <span class='ocrx_word' id='word_1_746' title='bbox 2849 5197 3240 5266; x_wconf 74' lang='lat' dir='ltr'><strong>conscientiae,</strong></span> <span class='ocrx_word' id='word_1_747' title='bbox 3297 5215 3420 5270; x_wconf 67' lang='lat' dir='ltr'><strong>qua</strong></span> 
     </span>
    </p>
   </div>
   <div class='ocr_carea' id='block_1_110' title="bbox 1849 5286 3417 5360">
    <p class='ocr_par' dir='ltr' id='par_1_110' title="bbox 1849 5286 3417 5360">
     <span class='ocr_line' id='line_1_110' title="bbox 1849 5286 3417 5360; baseline 0.002 -18"><span class='ocrx_word' id='word_1_748' title='bbox 1849 5289 1997 5343; x_wconf 86' lang='lat' dir='ltr'><strong>velut</strong></span> <span class='ocrx_word' id='word_1_749' title='bbox 2024 5286 2226 5343; x_wconf 89' lang='lat' dir='ltr'><strong>vermis</strong></span> <span class='ocrx_word' id='word_1_750' title='bbox 2256 5286 2584 5343; x_wconf 88' lang='lat' dir='ltr'><strong>immortalis</strong></span> <span class='ocrx_word' id='word_1_751' title='bbox 2617 5287 2674 5342; x_wconf 92' lang='lat' dir='ltr'><strong>in</strong></span> <span class='ocrx_word' id='word_1_752' title='bbox 2694 5301 2888 5343; x_wconf 88' lang='lat' dir='ltr'><strong>eorum</strong></span> <span class='ocrx_word' id='word_1_753' title='bbox 2919 5288 3106 5344; x_wconf 84' lang='lat' dir='ltr'><strong>animo</strong></span> <span class='ocrx_word' id='word_1_754' title='bbox 3136 5296 3417 5360; x_wconf 86' lang='lat' dir='ltr'><strong>vertetur;</strong></span> 
     </span>
    </p>
   </div>
   <div class='ocr_carea' id='block_1_111' title="bbox 1850 5377 3422 5452">
    <p class='ocr_par' dir='ltr' id='par_1_111' title="bbox 1850 5377 3422 5452">
     <span class='ocr_line' id='line_1_111' title="bbox 1850 5377 3422 5452; baseline 0.001 -15"><span class='ocrx_word' id='word_1_755' title='bbox 1850 5385 1905 5437; x_wconf 86' lang='lat' dir='ltr'><strong>et</strong></span> <span class='ocrx_word' id='word_1_756' title='bbox 1920 5377 2148 5436; x_wconf 89' lang='lat' dir='ltr'><strong>torrebit</strong></span> <span class='ocrx_word' id='word_1_757' title='bbox 2176 5377 2341 5434; x_wconf 87' lang='lat' dir='ltr'><strong>etiam</strong></span> <span class='ocrx_word' id='word_1_758' title='bbox 2368 5393 2465 5438; x_wconf 89' lang='lat' dir='ltr'><strong>eos</strong></span> <span class='ocrx_word' id='word_1_759' title='bbox 2489 5379 2630 5452; x_wconf 89' lang='lat' dir='ltr'><strong>ignis</strong></span> <span class='ocrx_word' id='word_1_760' title='bbox 2649 5394 2717 5435; x_wconf 78' lang='lat' dir='ltr'><strong>ex</strong></span> <span class='ocrx_word' id='word_1_761' title='bbox 2738 5378 2874 5450; x_wconf 89' lang='lat' dir='ltr'><strong>ipsis</strong></span> <span class='ocrx_word' id='word_1_762' title='bbox 2888 5379 3126 5446; x_wconf 89' lang='lat' dir='ltr'><strong>elicitus,</strong></span> <span class='ocrx_word' id='word_1_763' title='bbox 3156 5389 3213 5435; x_wconf 91' lang='lat' dir='ltr'><strong>et</strong></span> <span class='ocrx_word' id='word_1_764' title='bbox 3243 5385 3422 5439; x_wconf 89' lang='lat' dir='ltr'><strong>omni-</strong></span> 
     </span>
    </p>
   </div>
   <div class='ocr_carea' id='block_1_112' title="bbox 1850 5469 3421 5550">
    <p class='ocr_par' dir='ltr' id='par_1_112' title="bbox 1850 5469 3421 5550">
     <span class='ocr_line' id='line_1_112' title="bbox 1850 5469 3421 5550; baseline 0.003 -20"><span class='ocrx_word' id='word_1_765' title='bbox 1850 5473 1955 5530; x_wconf 91' lang='lat' dir='ltr'><strong>bus</strong></span> <span class='ocrx_word' id='word_1_766' title='bbox 2009 5471 2419 5544; x_wconf 90' lang='lat' dir='ltr'><strong>conspicientur</strong></span> <span class='ocrx_word' id='word_1_767' title='bbox 2480 5471 2574 5544; x_wconf 90' lang='lat' dir='ltr'><strong>qui</strong></span> <span class='ocrx_word' id='word_1_768' title='bbox 2632 5469 2924 5530; x_wconf 88' lang='lat' dir='ltr'><strong>Dominum</strong></span> <span class='ocrx_word' id='word_1_769' title='bbox 2973 5475 3421 5550; x_wconf 86' lang='lat' dir='ltr'><strong>conditoremque</strong></span> 
     </span>
    </p>
   </div>
   <div class='ocr_carea' id='block_1_113' title="bbox 1851 5572 2370 5638">
    <p class='ocr_par' dir='ltr' id='par_1_113' title="bbox 1851 5572 2370 5638">
     <span class='ocr_line' id='line_1_113' title="bbox 1851 5572 2370 5638; baseline -0.004 -17"><span class='ocrx_word' id='word_1_770' title='bbox 1851 5580 2011 5622; x_wconf 90' lang='lat' dir='ltr'><strong>suum</strong></span> <span class='ocrx_word' id='word_1_771' title='bbox 2045 5572 2370 5638; x_wconf 86' lang='lat' dir='ltr'><strong>agnoscunt.</strong></span> 
     </span>
    </p>
   </div>
  </div>
