3964 6226
824 362 3478 435 m

1511 546 1685 590 ANNO
1732 546 1962 590 DOMINI
1997 546 2224 590 CCCX“.

906 750 1111 961 S.
1269 754 2827 970 METHODIUS

1161 1118 1809 1211 EPISCOPUS
1879 1121 2031 1209 ET
2100 1122 2595 1212 MARTYR

648 1510 1264 1630 ΝΟΤΙΤΙΑ
1343 1504 1804 1626 ΗΙΞΤΟ]

1906 1508 3069 1629 [CO-LlTTERARIA

1165 1736 1437 1801 (Gsumn,
1462 1737 1570 1785 Yet.
1597 1735 1741 1783 Patr.
1770 1729 2018 1791 Biblioth.,
2042 1731 2130 1792 IlI,
2154 1732 2379 1795 Proleg.,
2402 1742 2451 1796 p.
2480 1732 2566 1796 ιι.)

296 2041 345 2098 Ι.
374 2039 697 2102 lletlrodius,
722 2038 898 2093 dictus
922 2050 971 2093 et
1000 2036 1305 2103 Eubulius;
1339 2038 1551 2109 Olympi
1582 2037 1744 2092 simul
1781 2047 1831 2092 et
1861 2036 2182 2091 Patarorum
2212 2038 2265 2090 in
2302 2036 2486 2106 Lycia,
2517 2048 2698 2105 postea
2730 2039 2770 2093 Τ
2812 2041 2858 2093 ri
2896 2041 2953 2093 in
2973 2040 3249 2096 Phoenicia
3280 2044 3487 2112 episco-

296 2130 362 2163 ιι.
384 2114 520 2163 circa
538 2110 739 2163 Christi
775 2127 973 2163 annum
1013 2110 1118 2163 512
1156 2111 1417 2163 marturio
1452 2109 1720 2163 sublatus.
1769 2107 1940 2163 Locus
1968 2108 2233 2163 passionis
2278 2108 2391 2163 eius
2427 2108 2736 2163 inquiritur.
2770 2058 3043 2163 gententia
3077 2113 3335 2163 reiicitur-
3372 2132 3487 2163 cum

246 2127 362 2185 ltus,
384 2114 520 2185 circa
538 2110 739 2185 Christi
775 2127 973 2185 annum
995 2110 1118 2185 512
1156 2107 1423 2180 martyrio
1452 2109 1720 2185 sublatus.
1769 2107 1940 2163 Locus
1968 2108 2233 2177 passionis
2278 2108 2391 2175 ejus
2427 2108 2736 2177 inquiritur.
2770 2107 3043 2163 Sententia
3077 2107 3335 2181 rejicitur,
3372 2132 3490 2185 qua:

256 2184 417 2251 ipsum
441 2183 535 2236 sub
566 2182 717 2236 Decio
741 2191 792 2235 et
828 2180 1113 2234 Valeriano
1130 2196 1349 2249 possunt
1386 2182 1575 2234 tradit.

321 2276 380 2332 ΙΙ.
417 2278 648 2350 Quantus
680 2279 760 2331 vir
794 2276 1096 2350 Methodius
1117 2291 1183 2330 ex
1206 2285 1432 2350 veterum
1470 2275 1807 2350 testimoniis.
1846 2272 1992 2328 Unus
2030 2270 2288 2327 Eusebius
2324 2271 2477 2327 illum
2505 2273 2790 2341 pra'te‘riit;
2821 2272 2958 2345 quod
2987 2276 3236 2330 nimirum
3271 2285 3496 2350 sanctus

263 2346 406 2401 Pater
426 2349 615 2418 stylum
644 2350 896 2403 adversus
923 2346 1202 2418 Origenem
1227 2347 1523 2401 strinxerit.

304 2440 386 2496 ΙΙΙ.
422 2441 712 2511 Complura
746 2444 1045 2498 litterarum
1070 2444 1422 2495 monumentis
1446 2444 1795 2512 consignavit.
1830 2440 1980 2512 Inter
2010 2456 2070 2493 ea
2096 2438 2327 2512 primum
2361 2438 2538 2512 locum
2578 2439 2774 2494 obtinet
2803 2440 3128 2512 Convivium
3158 2440 3344 2496 decem
3373 2443 3487 2495 vir-

239 2512 436 2584 ginunl.
482 2508 674 2581 Operis
705 2514 1021 2584 prtestantia
1055 2522 1212 2583 atque
1243 2512 1473 2566 utilitas.
1502 2508 1650 2567 Intér
1676 2513 1831 2582 hujus
1862 2511 2117 2565 editiones
2160 2511 2351 2564 eminet
2388 2508 2800 2579 Combe/isiana,
2825 2528 2940 2581 qua:
2967 2512 3082 2565 ideo
3109 2511 3193 2565 hic
3231 2514 3488 2567 recensita

236 2592 280 2636 ct
301 2583 588 2638 adornata.

297 2674 388 2735 IV.
416 2677 563 2732 Cura
584 2688 634 2732 et
662 2678 894 2733 studium
924 2680 977 2732 in
1005 2678 1204 2734 edendo
1237 2678 1371 2733 libro
1397 2678 1472 2734 De
1500 2680 1671 2734 libero
1694 2678 1938 2733 arbitrio.
1973 2676 2120 2731 Unde
2156 2676 2453 2747 fragmenta
2476 2676 2589 2745 ejus
2618 2674 2913 2746 desumpta.

294 2768 364 2841 V.
401 2770 708 2840 Sequuntur
729 2781 972 2841 excerpta
1003 2771 1075 2826 De
1098 2772 1500 2826 resurrectione
1533 2769 1779 2825 adversus
1815 2770 2109 2841 Origenem.
2131 2766 2292 2841 _0pus
2339 2768 2614 2841 laudatum
2651 2783 2762 2841 pro:
2792 2769 3017 2841 caneris,
3043 2767 3337 2841 AEustatlzio
3366 2770 3479 2824 An-

232 2837 491 2913 tiocheno.
526 2841 610 2913 Ad
645 2837 1113 2913 formam'dialogi,
1144 2852 1201 2895 ut
1227 2853 1276 2895 et
1309 2842 1625 2913 prwcedens,
1660 2837 1981 2895 contextum.
2010 2839 2091 2892 Ex
2123 2837 2416 2913 Epiphanio
2446 2839 2789 2913 in_primis_e_t
2812 2838 3002 2913 Pliotio
3026 2839 3321 2910 fragmenta
3349 2843 3483 2896 satis

224 2912 409 3048 gmpla
437 2907 691 2978 deducta,
722 2922 771 2966 et
810 2930 929 2966 cum
979 2907 1107 2968 mis.
1134 2907 1352 2966 collata.
1384 2911 1548 2966 Aliud
1571 2912 1741 2966 nobile
1773 2923 2070 2981 excerptum
2104 2910 2451 2978 prapusitum.
2501 2907 2807 2979 Improvida
2841 2908 2996 2964 Cavei
3027 2907 3261 2965 censura
3301 2912 3485 2981 exsuf-

261 2993 410 3035 atur.

300 3073 385 3130 Vl.
416 3073 639 3144 Reliqua
659 3070 1001 3129 Methodiana
1022 3076 1249 3130 strictim
1278 3076 1535 3144 exposita.
1560 3074 1832 3128 Nimirum
1867 3072 2129 3144 Photiana
2153 3079 2397 3144 excerpta
2423 3071 2746 3144 Decreatis;
2770 3072 2980 3127 lacinia:
3005 3073 3259 3129 librorum
3292 3077 3487 3133 advers

224 3160 326 3217 sus
358 3142 756 3217 Porphyrium;
796 3148 1149 3217 fragmentum
1189 3163 1254 3201 ex
1287 3142 1525 3200 sermone
1554 3146 1627 3199 De
1662 3145 2030 3215 martyribus:
2066 3143 2307 3217 homilite
2338 3142 2573 3217 tres,_l)e
2613 3142 2880 3217 Symeone
2918 3154 2970 3217 et
3004 3145 3181 3208 Anna,
3208 3146 3264 3201 In
3298 3163 3485 3207 ramos

218 3211 561 3289 Palmarum,
600 3226 658 3272 et
688 3211 763 3270 ne
794 3211 958 3272 cru'ce
992 3216 1205 3271 Domini
1235 3236 1247 3271 :
1294 3217 1483 3288 quibus
1515 3217 1638 3271 alia:
1667 3211 1958 3285 complures
2005 3229 2217 3283 operum
2249 3211 2713 3268 Methodianoru‘m
2753 3215 2985 3285 reliquie:
3012 3217 3278 3286 subjectw.

298 3361 633 3430 Methodius,
656 3362 753 3432 qui
775 3370 829 3417 et
862 3360 1130 3416 Eubulius
1155 3360 1336 3415 dictus
1366 3359 1671 3431 Epiphanio
1701 3358 1799 3431 (a),
1829 3366 1879 3422 Α
1903 3357 1957 3412 id
1982 3363 2069 3413 est
2097 3356 2243 3412 circa
2283 3370 2487 3410 annum
2533 3355 2738 3412 Christi
2772 3355 2898 3420 5l2,
2942 3358 3121 3429 ipsum
3143 3359 3199 3413 in
3227 3358 3485 3420 Chalcide

215 3454 463 3525 primum
493 3451 712 3525 Olympi
739 3453 902 3507 simul
951 3462 1004 3509 et
1048 3452 1369 3508 Patarorum
1418 3453 1474 3507 in
1502 3452 1667 3524 Lycia
1692 3452 1803 3522 epi-

216 3554 514 3617 scopatum
543 3547 749 3617 gessit;
775 3544 973 3615 priscis
1001 3545 1148 3600 enim
1171 3545 1279 3601 illis
1301 3545 1638 3616 temporibus
1667 3544 1806 3599 civi-

214 3642 361 3692 tates
386 3636 529 3693 duas
551 3644 647 3691 aut
674 3636 836 3691 etiam
861 3638 1064 3706 plures,
1100 3651 1164 3691 ac
1197 3638 1414 3692 certein
1448 3635 1634 3708 Lycia,
1660 3653 1805 3693 unus

219 3728 457 3782 antistes
486 3728 926 3791 administrabat,
989 3738 1049 3783 ut
1076 3729 1425 3785 observatum
1469 3730 1685 3787 erudito
1708 3730 1808 3787 Le-

212 3821 450 3891 quienio
470 3820 565 3892 (b).
595 3818 661 3875 Et
688 3816 1011 3876 Patarorum
1037 3823 1257 3893 quidem
1292 3824 1611 3894 episcopUm
1636 3824 1806 3880 fuisse

210 3910 577 3974 Methodium,
610 3911 820 3981 antiqui
854 3915 1056 3982 passim
1083 3914 1300 3968 codices
1330 3919 1383 3968 et
1415 3913 1509 3983 qui
1539 3914 1660 3982 ejus
1690 3929 1807 3969 me-

210 4004 442 4058 minere
466 4005 761 4075 scriptorcs
810 4003 1007 4071 Graeci,
1043 4013 1358 4061 testantur:
1394 4003 1609 4077 Olympi
1650 4020 1803 4072 vero,

211 4105 423 4166 praeter
451 4095 839 4168 Hieronymum
871 4099 962 4169 (ε),
993 4098 1157 4153 etiam
1200 4097 1469 4154 Maximus
1525 4098 1804 4155 memoriae

210 4188 465 4258 prodidit
507 4189 586 4259 (ά)
621 4208 634 4243 :
668 4188 827 4259 cujus
875 4190 1078 4254 locum,
1112 4204 1243 4246 sane
1281 4194 1621 4262 corruptum,
1662 4191 1806 4245 inter

208 4284 470 4332 veterum
503 4278 819 4334 testimonia
851 4278 1010 4335 nobis
1075 4278 1217 4333 intra
1249 4280 1503 4345 relatum,
1548 4280 1622 4334 ita
1648 4280 1805 4335 resti-

210 4370 489 4425 tuendum
537 4370 752 4425 censuit
805 4370 1001 4426 doctus
1047 4370 1297 4427 Valesius
1321 4372 1389 4442 (e)
1427 4392 1441 4427 :
1508 4366 1804 4442 Ἀνάγνωθι

209 4461 491 4516 Μεθοδίω
516 4456 613 4515 τοῦ
639 4462 793 4531 ἁγίου
826 4462 1121 4533 μάρτυρος,
1150 4463 1246 4517 καὶ
1294 4463 1569 4534 Ὀλύμπου
1600 4463 1806 4535 Ἀδρια-

210 4553 536 4616 νουπόλεως
578 4546 877 4606 ἐπισκόπου
933 4554 1030 4624 τῆς
1081 4555 1310 4620 Λυκίας,
1362 4554 1431 4609 τὰ
1479 4554 1599 4608 κατ’
1636 4553 1803 4609 αὐτοῦ

205 4643 591 4716 (Ὦριγένους)
637 4647 763 4717 περὶ
808 4647 1153 4712 ἀναστάσεως
1196 4647 1494 4718 γραφέντα.
1532 4643 1589 4700 Id
1661 4652 1745 4704 est
1784 4666 1797 4702 :

1908 3448 2130 3504 Graacize
2184 3447 2509 3518 martyrium
2566 3448 2809 3504 subiisse
2863 3449 3050 3504 tradit.
3113 3449 3239 3507 Haec
3296 3466 3480 3509 autem

1908 3539 2223 3596 summatim
2274 3553 2567 3595 recensens
2628 3538 2913 3595 Fabricius
2969 3541 3075 3613 (Γ),
3122 3544 3374 3599 rescribit
3423 3545 3484 3599 in

1908 3632 2157 3690 Chalcide
2189 3631 2362 3704 Syriae
2392 3648 2410 3687 :
2442 3632 2587 3688 unde
2615 3648 2749 3689 vero
2780 3634 2833 3689 id
2858 3635 3124 3700 hauserit,
3156 3652 3267 3691 non
3290 3637 3481 3694 refert.

1906 3726 2085 3798 Atque
2116 3727 2192 3781 ita
2218 3726 2455 3782 fortasse
2477 3724 2767 3796 legendum
2815 3727 2870 3780 in
2903 3735 3051 3781 textu
3096 3726 3483 3799 Hieronymi:-

1907 3835 2000 3882 no,
2032 3818 2193 3887 cujus
2221 3818 2440 3888 vulgata
2478 3817 2643 3872 lectio
2675 3816 3024 3872 Tillemontio
3050 3834 3267 3888 quoque
3297 3822 3480 3879 minus

1907 3910 2171 3979 probatur
2207 3909 2281 3979 (g)
2317 3927 2330 3962 :
2366 3916 2426 3962 ut
2476 3907 2706 3977 proinde
2744 3922 2876 3962 vero
2933 3907 3160 3979 propius
3202 3911 3477 3976 videatur.

1908 4007 2160 4054 sanctum
2184 3998 2477 4070 Tyriorum
2512 4000 2567 4053 in
2595 3998 2878 4054 thnicia
2931 4001 3248 4073 episcopum
3271 4012 3479 4077 marty-

1908 4093 1991 4146 rio
2015 4091 2189 4147 fuisse
2225 4092 2504 4147 sublatum
2539 4093 2595 4147 in
2651 4094 2870 4165 regione
2916 4099 3292 4165 contermina;
3316 4109 3479 4172 atque

1906 4183 2175 4253 ejusmodi
2200 4191 2317 4239 erat
2342 4183 2670 4240 Chalcidene
2698 4186 2753 4240 in
2774 4184 3090 4258 Coelesyria,
3117 4190 3275 4259 cujus
3314 4202 3479 4262 caput

1907 4274 2145 4331 Chalcis.
2199 4274 2385 4346 Neque
2437 4276 2596 4331 aliter
2653 4291 2785 4332 sane
2834 4278 3111 4348 accepisse
3164 4278 3477 4353 Hieronymi

1905 4370 2068 4426 verba
2093 4368 2441 4441 Sophronias
2467 4368 2592 4439 ejus
2627 4369 2895 4440 interpres
2918 4370 3260 4442 dignoscitur
3304 4393 3317 4428 :
3350 4390 3475 4429 ver-

1905 4461 1973 4515 tit
2032 4462 2199 4525 enim,
2249 4463 2306 4516 ὲν
2337 4460 2563 4514 Χαλκίδι
2619 4461 2719 4533 τῆς
2759 4462 3071 4533 Ἀνατολῆς,
3127 4465 3183 4519 in
3227 4463 3477 4521 Chalcide

1906 4553 2033 4607 urbe
2062 4552 2308 4609 Orientis.
2350 4553 2551 4610 Eadem
2615 4553 2779 4609 habet
2834 4553 3037 4611 Suidas
3078 4556 3177 4628 (lt),
3234 4557 3477 4629 Sophro-

1907 4647 2058 4700 nium
2089 4647 2434 4702 exscribens.
2469 4647 2738 4701 Caeterum
2768 4646 3019 4702 audiendi
3051 4663 3162 4703 non
3194 4659 3345 4713 sunt,
3379 4651 3473 4720 qui

208 4750 231 4782 ε
276 4732 433 4803 Lege
491 4751 614 4803 quae
664 4736 925 4791 adversus
972 4734 1255 4806 Origenem
1299 4737 1365 4791 de
1404 4737 1803 4792 resurrectione
1834 4725 1878 4779 Β
1908 4734 2239 4789 Methodium
2279 4735 2381 4789 sub
2431 4733 2590 4789 Decio
2631 4745 2685 4789 et
2731 4733 3019 4791 Valeriano
3042 4751 3263 4807 passum
3305 4738 3477 4795 fuisse

202 4825 456 4894 scripsit
495 4824 827 4891 Methodius,
856 4827 1242 4882 sanctissimus
1274 4834 1479 4899 martyr
1503 4838 1555 4883 et
1587 4829 1801 4898 episco-
1905 4826 2128 4880 tradunt
2168 4845 2181 4880 :
2214 4826 2413 4896 quippe
2437 4826 2533 4895 qui
2581 4827 2753 4880 multa
2780 4827 3086 4897 scripserit,
3128 4844 3238 4885 non
3261 4836 3473 4885 tantum

195 4929 325 4985 pus
347 4914 588 4986 Olympi,
630 4917 781 4973 urbis
811 4917 1009 4989 Lycias,
1043 4933 1164 4987 qua:
1207 4918 1369 4971 etiam
1416 4917 1801 4989 Adrianopolis
1902 4924 2092 4972 contra
2113 4913 2420 4986 Origencm,
2454 4914 2546 4969 diu
2572 4923 2692 4986 post
2717 4914 3031 4971 Adamantii
3068 4929 3296 4973 mortem
3324 4937 3339 4986 ;
3376 4921 3473 4975 sed

194 5006 363 5059 dicta
392 5016 502 5061 est.
542 5026 560 5059 ι
591 5006 730 5061 Tum
765 5007 893 5080 Tyri
934 5009 988 5062 in
1037 5008 1318 5063 Pluenicia
1371 5008 1669 5065 Ecclesiam
1713 4997 1802 5063 ιδε-
1898 5022 1951 5069 et
1985 5020 2176 5067 contra
2204 5009 2727 5081 Porphyrium,dum
2753 5011 2951 5084 Tyrius
2978 5014 3069 5069 ille
3090 5013 3471 5083 philosophus,

195 5098 457 5166 gendam
492 5100 737 5171 suscepit
769 5109 995 5157 sanctus
1044 5099 1228 5166 Pater,
1254 5100 1444 5156 eodem
1465 5099 1797 5172 Hieronymo
1899 5104 2202 5174 imperante
2251 5100 2611 5166 Diocletiano,
2647 5101 2703 5155 in
2751 5103 2892 5160 vivis
2950 5104 3164 5175 agebat.
3215 5102 3282 5158 Et
3332 5105 3475 5162 hanc

192 5196 389 5255 teste;
423 5192 516 5260 qui
543 5200 596 5247 et
617 5192 685 5246 ad
714 5199 1016 5248 extremum
1043 5193 1354 5248 novissima:
1375 5193 1795 5264 persecutionis,
1903 5196 2125 5268 quidem
2157 5193 2506 5260 sententiam,
2540 5201 2663 5264 post
2683 5194 2942 5252 Ecclesiae
2963 5196 3241 5251 annalium
3276 5214 3474 5269 paren-

280 5365 367 5451 ςᾳ)
393 5365 592 5451 ξὶρίριρ.
632 5366 784 5451 Ηιξν.
817 5382 962 5451 ιλξη,
984 5366 1017 5451 5
1055 5368 1156 5451 65..
1291 5432 1393 5451 Μ
1973 5369 2402 5451 φρωιψᾼξξθι.
2432 5371 2524 5428 Gr.
2554 5380 2684 5428 tom.
2716 5371 2786 5438 ν,
2823 5388 2946 5444 pag.
2982 5374 3091 5432 255
3117 5375 3224 5451 (ed.
3252 5377 3469 5437 Harles.

274 5432 360 5517 to)
396 5432 953 5517 Ιτξίιἰιὶοειι.“θν.,(ῙΙιῙ.Δ
982 5432 1112 5494 (om.
1138 5438 1178 5505 Ι,
1204 5455 1256 5509 p.
1415 5456 1529 5512 seq.
1903 5452 1948 5500 t.
1973 5432 2175 5517 Vll._p.
2194 5442 2344 5517 260).

400 5500 625 5587 llic-ron.
658 5508 735 5587 _De
768 5510 1115 5587 vir._iltu_str_.,
1152 5500 1269 5580 cap.
1304 5512 1393 5587 85.
1491 5500 1509 5512 ’
1595 5585 1603 5587 _
1765 5584 1775 5587 _
1914 5586 1923 5587 ί
1974 5517 2046 5587 (g)
2076 5500 2486 5587 Tillem.’Mém.
2523 5522 2655 5570 tom.
2680 5510 2746 5578 ν,
2780 5528 2836 5583 p.
2882 5513 3004 5582 767,
3050 5526 3173 5575 not.
3208 5519 3242 5574 ὅ
3274 5537 3367 5574 sur
3409 5521 3470 5581 S.

238 5580 364 5657 .(d)
408 5578 630 5657 Maxim.
660 5582 712 5633 in
738 5580 912 5634 schol.
937 5581 1002 5635 ad
1050 5578 1275 5653 Diony's.
1305 5582 1505 5654 Areop.
1561 5585 1639 5639 De
1667 5584 1794 5639 eccl.
1902 5578 2138 5657 Mei/ioci.

183 5644 676 5738 “5(1'.‘3‘_‘P172.
949 5718 1059 5738 .
1200 5723 1212 5738 .
1628 5726 1691 5738 λ.

1906 5659 2047 5738 Μαι)
2081 5656 2234 5713 Suid.
2296 5656 2352 5711 in
2392 5654 2524 5709 Lex.
2579 5670 2627 5708 γ.
2681 5655 2999 5723 Μεθόδιος,
3043 5666 3174 5714 tom.
3218 5658 3297 5726 ll,
3344 5678 3473 5738 pag.

269 5720 358 5776 to)
402 5717 583 5776 Vales.
610 5719 679 5773 ad
708 5717 905 5776 Euseb.
942 5718 1079 5777 Hist.
1102 5723 1229 5778 eccl.
1259 5723 1352 5782 lib.
1390 5740 1462 5792 v1,
1492 5726 1719 5797 «p.24.
1900 5717 2021 5785 520.

544 5818 812 5878 PATBOL.
864 5816 981 5877 Gtt.
1014 5817 1246 5880 XVIII.
3095 5832 3127 5890 1

23 5892 403 6167 ινξγ
