3964 6226
341 328 401 379 Η
1250 330 1308 383 S.
1347 328 1751 385 METHODIUS
1790 328 2174 385 EPISCOPUS
2212 328 2301 385 ΕΤ
2349 329 2664 388 MARTYB.
3521 343 3588 396 12

336 456 439 499 tem
491 443 575 516 (i),
632 447 804 502 secuti
842 454 970 502 sunt
1020 445 1125 501 viri
1177 446 1508 512 dOCllSSlml,
1568 463 1708 517 quos
1761 449 1903 506 inter
1930 458 1976 513 Α
2002 447 2284 505 hominum
2312 451 2545 520 desidia,
2569 452 2782 523 reliqua
2809 451 2973 511 home
2990 462 3258 514 leeerunt.
3290 458 3396 516 Sed
3436 476 3588 533 qua-

335 533 646 593 llolslenius
675 537 763 609 (ᾗ),
794 538 1024 595 Allatius
1054 539 1394 613 (k),Vossius
1428 541 1513 614 (ιλ,
1554 549 1718 613 atque
1744 541 1910 599 Pear-

332 628 662 702 soniustm).

399 720 464 778 ll.
492 722 623 788 Qua
644 737 768 776 eum
799 723 874 777 ita
903 724 1032 790 sint,
1063 724 1349 780 desinente
1379 726 1545 797 igitur
1576 727 1778 784 saeulo
1818 742 1903 791 tn,

329 814 590 870 luelal‘uil
656 827 879 877 sanctus
944 817 1286 886 Mcthodius,
1375 817 1514 892 ἀνὴρ
1586 818 1765 888 λόγιος
1813 821 1908 874 καὶ

331 907 535 980 σφόδρα
556 909 685 981 περὶ
712 909 811 980 τῆς
833 906 1090 979 ἀληθείας
1109 909 1538 982 ἀγωνισάμενος,
1571 911 1748 983 inquit
1779 912 1909 983 Epi-

328 999 562 1070 phanius
595 1000 694 1071 (η),
734 1002 811 1055 vir
842 1000 1069 1069 apprime
1094 1010 1278 1055 aoctus
1309 1003 1694 1075 acerrimusque
1718 1007 1910 1059 verita-

253 1103 259 1111 '
329 1093 395 1146 tis
422 1100 708 1161 patronus;
738 1092 869 1163 quin
923 1100 976 1148 et
1007 1092 1393 1148 disertissimus
1450 1107 1676 1167 martyr,
1721 1097 1906 1168 judice

326 1181 657 1257 Hieronymo
699 1186 796 1257 (ο),
853 1186 947 1256 qui
999 1186 1255 1241 nimirum
1318 1187 1478 1241 nitidi
1533 1190 1905 1261 compositique

325 1276 579 1331 sermonis
629 1276 788 1331 libros
816 1277 1037 1346 confecit
1070 1278 1165 1346 (ρ).
1205 1295 1226 1330 ι
1258 1277 1435 1349 Atque
1463 1279 1556 1333 illa
1590 1281 1891 1349 enimvero,

324 1368 401 1421 ait
435 1367 522 1422 vir
546 1367 741 1424 doetus
773 1369 869 1440 (ᾳ).
901 1368 1125 1439 propria
1148 1366 1407 1424 Methodii
1438 1370 1767 1441 pradieatur
1788 1373 1905 1442 glo-

323 1460 425 1527 ria,
466 1460 611 1531 quod
659 1460 716 1515 in
766 1460 1041 1516 neminem
1090 1460 1210 1531 ejus
1267 1462 1557 1531 aqualium
1617 1463 1902 1520 liberalius

322 1559 722 1608 concurrerunt
750 1567 829 1607 ea
881 1552 1060 1620 dotes,
1089 1569 1211 1624 qua
1252 1554 1770 1624 prastantissimum
1805 1573 1897 1613 sa-

321 1660 426 1700 cra
453 1645 717 1701 doctrina
746 1645 1068 1718 magistrum
1097 1647 1354 1703 omnibus
1405 1648 1617 1719 possint
1645 1651 1894 1706 numeris

325 1738 633 1794 absolvere.
666 1737 877 1809 Magnis
929 1739 1073 1793 enim
1106 1739 1227 1808 ejus
1261 1748 1432 1811 parta
1475 1741 1778 1813 infusaque
1811 1757 1900 1799 sa-

2009 555 2227 611 cunque
2248 541 2465 597 demum
2492 552 2775 615 superant,
2805 560 2836 600 a
2868 553 3021 603 tanto
3047 547 3311 606 Ecclesia
3358 552 3587 611 doctore

2008 647 2072 686 ac
2114 643 2351 705 martyre
2402 639 2679 691 memoria
2726 638 3009 704 mandata,
3057 641 3288 696 collecta
3345 646 3586 715 primum

2007 737 2256 794 magnam
2297 734 2506 796 partem
2539 742 2570 780 a
2607 727 2955 794 Combelisio,
2981 747 3126 787 nunc
3146 748 3277 789 vero
3327 735 3394 789 ad
3417 751 3591 791 unum

2006 823 2165 871 aucta
2196 819 2379 873 omnia
2406 826 2460 874 et
2491 822 2758 877 recensita
2782 821 2871 876 hic
2899 821 3258 893 proferentes,
3289 827 3359 883 de
3396 829 3587 899 singu-

2006 907 2096 974 lis,
2120 924 2221 979 pro
2246 910 2477 966 rationis
2507 912 2699 967 ordine
2721 930 2831 984 quo
2857 914 2945 969 illa
2964 916 3312 987 digessimus,
3349 918 3591 977 breviter

2005 1000 2364 1057 disseremus.

2077 1091 2134 1146 In
2170 1093 2357 1149 limine
2377 1094 2561 1165 itaque
2591 1104 2795 1152 nostra
2846 1097 3185 1156 collectionis
3221 1099 3593 1158 Methodiana

2005 1195 2282 1257 comparet
2297 1185 2601 1241 Convivium
2616 1188 2791 1243 decem
2809 1190 3088 1259 virginum,
3118 1211 3136 1241 ι
3161 1187 3491 1262 primarium
3528 1208 3592 1247 ac

2004 1277 2164 1347 plane
2217 1278 2472 1349 princeps
2522 1280 2773 1336 Methodii
2807 1297 3053 1352 Operum,
3116 1291 3177 1338 ut
3226 1287 3414 1341 verbis
3465 1293 3591 1339 utar

2002 1367 2239 1425 Possinii
2282 1370 2370 1443 (ι),
2432 1372 2574 1442 quod
2606 1374 2849 1429 victoria
2876 1389 2908 1428 a
2960 1374 3281 1431 Christiana
3337 1377 3590 1447 philoso-

2001 1462 2128 1532 phia
2160 1461 2229 1517 de
2254 1460 2442 1518 Graca
2474 1465 2772 1536 gentilique
2801 1474 3091 1538 reportata
3125 1469 3349 1524 illustre
3394 1484 3595 1525 monu-

2002 1560 2250 1608 mentum
2286 1568 2351 1607 ac
2380 1554 2547 1608 veluti
2582 1563 2844 1627 tropaeum
2891 1565 2994 1612 est.
3021 1556 3123 1613 Cui
3172 1558 3331 1613 enim
3361 1559 3420 1613 in
3445 1558 3595 1615 litte—

2001 1644 2080 1700 ris
2112 1644 2531 1701 Atheniensium
2564 1655 2812 1702 veterum
2869 1658 3090 1706 versato
3120 1664 3231 1705 non
3267 1651 3469 1707 statim
3491 1667 3591 1709 oc-

1999 1739 2195 1803 currit,
2253 1742 2569 1795 amulatum
2611 1740 2715 1795 hoc
2772 1756 2937 1810 opere
2997 1741 3339 1799 Methodium
3372 1746 3596 1804 celebre

319 1828 537 1899 pientia
564 1828 772 1885 divitiis
814 1829 1097 1901 respondit
1147 1827 1362 1884 dicendi
1399 1832 1557 1902 copia
1586 1833 1895 1888 scribendi-
1929 1816 1972 1871 Β
2001 1827 2139 1883 illud
2166 1827 2489 1885 Convivium
2522 1828 2768 1885 Platonis
2789 1830 2813 1884 Ἰ
2838 1830 3154 1885 amulatum
3215 1841 3446 1903 autem;
3479 1852 3592 1892 non

318 1936 421 1990 que
455 1920 591 1975 uber
620 1921 911 1993 elegantia,
952 1921 1112 1991 cujus
1139 1920 1404 1978 beneﬁcio
1434 1924 1490 1978 in
1522 1939 1697 1979 seram
1724 1940 1899 1994 usque

317 2012 685 2083 posteritatem
716 2028 877 2068 sensa
909 2013 1031 2082 ejus
1060 2014 1321 2083 praclara
1343 2023 1747 2084 permanarent.
1776 2014 1896 2072 Uno

316 2105 488 2160 verbo
519 2124 531 2159 :
570 2111 631 2158 ut
664 2119 826 2159 nemo
866 2102 969 2159 illo
988 2103 1316 2175 profundius
1346 2106 1550 2177 sapuit,
1583 2107 1655 2161 ita
1678 2121 1788 2161 non
1816 2108 1897 2163 fa-

315 2197 423 2254 cile
479 2197 786 2269 reperietur
837 2198 932 2268 qui
979 2197 1237 2264 uberius,
1302 2198 1597 2261 disertius,
1650 2201 1896 2255 ornatius

314 2282 615 2358 seripserit.
656 2306 676 2340 ι
744 2286 980 2342 Tantum
1040 2288 1228 2359 itaque
1264 2286 1479 2343 Patrem
1530 2288 1897 2359 eximiumque

313 2378 578 2435 Ecclesia
629 2378 977 2450 scriptorem,
1009 2380 1208 2436 merito
1240 2394 1375 2436 sane
1424 2379 1568 2435 inter
1594 2395 1725 2436 suos
1755 2380 1894 2436 viros

310 2471 547 2529 illustres
616 2470 897 2527 recensuit
948 2469 1152 2527 Doctor
1204 2470 1499 2536 maximus,
1558 2470 1686 2527 licet
1740 2471 1893 2527 illum

310 2563 640 2635 praeterierit
668 2561 959 2618 Eusebius.
1000 2563 1164 2633 Atqui
1204 2571 1350 2618 recte
1402 2563 1688 2620 censuisse
1742 2565 1894 2620 vide-

312 2665 401 2709 tur
439 2655 509 2711 el.
539 2652 812 2719 Valesius,
846 2653 976 2708 dum
1029 2655 1104 2708 ait
1133 2654 1201 2726 (r)
1250 2654 1552 2711 Eusebium
1605 2666 1892 2728 propterea

311 2747 365 2801 in
394 2761 491 2801 sua
530 2744 769 2800 Historia
798 2745 1001 2799 nullam
1022 2744 1279 2801 Methodii
1309 2748 1639 2804 mentionem
1668 2748 1887 2815 fecisse,

309 2854 434 2894 eum
483 2845 667 2894 tamen
718 2838 904 2909 plures
964 2838 1102 2894 alios
1131 2839 1545 2897 ecclesiasticos
1593 2842 1891 2914 scriptores

309 2937 722 2994 commemoret,
752 2929 846 3000 qui
889 2927 1166 2985 Methodio
1214 2931 1387 2987 multo
1445 2931 1738 2990 inferiores
1773 2936 1891 2990 fue-

309 3030 470 3085 runt;
501 3021 646 3092 quod
670 3022 931 3077 nimirum
965 3030 1189 3079 sanctus
1217 3024 1307 3079 ille
1342 3023 1540 3096 Tyrius
1597 3028 1889 3100 episcopus

309 3112 440 3183 styli
468 3113 643 3168 aciem
696 3113 1011 3170 strinxisset
1063 3114 1327 3172 adversus
1368 3114 1683 3187 Origenem,
1728 3122 1887 3189 cujus

309 3204 753 3262 studiosissimus
807 3214 925 3261 erat
958 3206 1102 3263 idem
1160 3208 1455 3279 cpiscopus
1502 3210 1883 3270 Caesariensis.

307 3294 451 3351 Hinc
481 3297 646 3352 etiam
670 3303 777 3362 est,
812 3297 999 3354 subdit
1034 3296 1311 3365 Valesius,
1342 3301 1489 3372 quod
1522 3312 1714 3357 contra
1743 3302 1882 3359 Por-

307 3388 490 3460 phyrii
544 3388 716 3446 libros
776 3396 902 3460 post
947 3390 1200 3448 eumdem
1247 3391 1584 3449 Methodium
1639 3395 1880 3466 scripsit,

304 3483 465 3555 quasi
500 3481 847 3539 amulatione
879 3483 1114 3553 quadam
1136 3490 1192 3540 et
1224 3484 1351 3541 odio
1378 3485 1644 3542 adversus
1677 3485 1884 3542 Metho-

304 3580 456 3638 dium
504 3580 784 3637 incitatus.
824 3579 1099 3638 Eusebius
1134 3582 1416 3639 enimvero
1466 3583 1521 3637 in
1558 3583 1699 3638 libro
1729 3592 1883 3639 sexto

303 3673 571 3744 Apologia
596 3687 710 3728 sua
737 3687 837 3743 pro
896 3671 1140 3743 Origene,
1194 3671 1455 3728 Methodii
1481 3673 1882 3743 objectionibus

302 3763 711 3840 respondebat:
773 3763 1071 3830 Quomodo,
1125 3764 1325 3834 inquit,
1372 3781 1535 3821 ausus
1566 3774 1643 3820 est
1674 3764 1875 3820 Metho-

301 3863 423 3917 dius
453 3874 591 3917 nunc
619 3866 808 3913 contra
843 3856 1121 3929 Origenem
1147 3858 1395 3924 scribere,
1426 3860 1517 3930 qui
1560 3859 1670 3914 Iure
1702 3869 1752 3914 et
1772 3860 1883 3914 haec

302 3951 366 4008 de
399 3949 640 4023 Origenis
705 3948 911 4002 locutus
939 3957 1018 4005 est
1060 3948 1437 4020 dogmatibus?
1483 3950 1737 4006 Citantur
1768 3951 1882 4006 hac

302 4043 468 4099 verba
524 4042 594 4096 ab
658 4037 990 4109 Hieronymo
1042 4041 1316 4096 scribente
1393 4040 1657 4099 adversus
1719 4040 1882 4097 Ruﬁ-

302 4149 436 4191 num
465 4133 557 4206 (ε).

375 4227 465 4284 lli.
495 4225 698 4282 Verum
755 4220 1015 4282 Methodii
1062 4223 1377 4279 auctoritati
1424 4229 1589 4296 atque
1620 4224 1883 4280 doctrina

303 4320 444 4376 nihil
472 4317 711 4375 detrahit
743 4314 965 4373 Eusebii
988 4313 1290 4380 silentium,
1325 4314 1461 4369 nihil
1493 4317 1612 4387 ejus
1653 4314 1875 4370 invidia.

303 4412 438 4467 Nam
470 4425 592 4481 qua
639 4418 868 4465 sanctus
918 4408 1078 4465 Pater
1140 4408 1450 4464 litterarum
1508 4409 1880 4464 monumentis

305 4500 730 4567 commendavit,
764 4508 881 4555 tum
910 4499 1174 4558 adversus
1224 4501 1470 4556 veritatis
1525 4501 1735 4567 hostes,
1764 4509 1879 4557 tum
1915 4513 1957 4565 ι)
1987 4496 2504 4554 leetionesecodice
2556 4497 2946 4563 Mazariniano,
2995 4514 3121 4554 cum
3152 4500 3445 4558 nonnullis
3480 4504 3597 4560 ob-

1987 4589 2394 4644 servationibus
2421 4587 2482 4644 V.
2506 4588 2569 4648 ϐ.
2600 4588 2825 4645 Henriei
2864 4588 3091 4646 Valesii.
3118 4590 3360 4662 Denique
3386 4592 3601 4650 Frano

305 4595 373 4650 ad
407 4608 563 4650 sacra
600 4592 855 4664 dogmata
900 4594 1243 4664 exponenda,
1276 4603 1389 4648 tum
1437 4594 1599 4648 etiam
1656 4593 1724 4648 ad
1755 4594 1883 4650 reli-

2001 1926 2112 1970 tam
2144 1924 2202 1970 ut
2264 1919 2758 1990 ejus'eleganliam,
2801 1921 2947 1991 quod
2990 1923 3395 1980 venustissime
3438 1924 3591 1996 fecit,

1998 2008 2333 2078 exprimeret
2364 2010 2653 2076 imitando,
2688 2025 2854 2082 qustu
2907 2019 2988 2077 ut,
3043 2012 3191 2082 quod
3225 2015 3591 2085 potissimum

1999 2097 2233 2165 studuit,
2289 2099 2409 2169 ejus
2463 2100 2768 2170 nequitiam
2828 2102 3151 2173 castigando
3211 2107 3595 2178 abstergeret.

1996 2186 2342 2259 Praeipuum
2399 2197 2581 2246 autem
2636 2191 3011 2248 laudationum
3064 2206 3467 2267 argumentum
3540 2201 3599 2255 in

1997 2279 2102 2333 hoc
2145 2278 2491 2335 Methodiano
2536 2280 2823 2348 Convivio,
2868 2282 3053 2340 divina
3100 2288 3407 2358 virginitas
3462 2299 3594 2347 est:

1995 2370 2085 2424 cui
2108 2385 2271 2425 omne
2295 2370 2618 2441 choragium
2649 2386 2961 2445 congruens
2989 2390 3021 2430 e
3048 2380 3330 2432 -sacrario
3360 2381 3587 2436 cmlesti

1997 2461 2381 2534 depromptum
2414 2472 2662 2535 apparet.
2704 2484 2723 2518 ι
2750 2465 2831 2520 Ad
2870 2466 2985 2522 hac
3010 2468 3114 2521 alia
3152 2471 3444 2540 complura
3479 2487 3584 2527 oc-

1995 2562 2251 2619 currunt,
2304 2570 2425 2624 qua
2461 2571 2696 2618 ,summa
2746 2556 3073 2614 Christiana
3138 2559 3261 2616 ﬁdei
3309 2563 3496 2634 capita
3521 2564 3580 2618 in

1994 2647 2190 2718 primis
2223 2646 2500 2718 attingunt
2532 2667 2546 2704 :
2582 2650 2676 2705 ubi
2700 2656 2885 2706 tamen
2918 2652 2967 2706 si
3002 2666 3111 2723 qua
3156 2653 3438 2710 interdum
3482 2663 3585 2711 aut

1993 2742 2186 2797 durius
2213 2741 2518 2807 enuntiata,
2541 2749 2636 2796 aut
2668 2742 2901 2823 fortasse
2931 2745 3114 2800 minus
3131 2754 3321 2801 exacte
3351 2748 3579 2819 prolata

1993 2835 2062 2890 de
2092 2835 2259 2890 rebus
2280 2834 2647 2890 divinioribus
2679 2835 2989 2905 videantur,
3035 2853 3100 2895 ea
3133 2840 3353 2895 demum
3383 2841 3583 2896 omnia

1992 2926 2278 2996 diligenter
2309 2940 2543 2980 excussa
2573 2934 2628 2981 et
2655 2925 2895 2983 dilucide
2916 2931 3166 3000 exposita
3195 2940 3411 3003 repetat
3442 2949 3586 3004 pru-

1991 3015 2125 3071 dens
2155 3016 2326 3072 lector
2360 3032 2390 3070 a
2412 3018 2532 3073 viro
2566 3018 2909 3086 doctissimo,
2942 3023 3037 3093 qui
3068 3023 3213 3079 haud
3242 3025 3319 3079 ita
3352 3026 3579 3097 pridem

1992 3108 2045 3163 in
2071 3124 2235 3180 opere
2268 3108 2362 3165 illo
2399 3111 2620 3183 egregio
2646 3112 2735 3167 cui
2764 3114 2955 3169 titulus
2988 3133 3002 3171 :
3044 3115 3311 3173 Divinitas
3350 3119 3588 3174 Domini

1993 3202 2162 3255 nostri
2185 3199 2315 3255 Jesu
2337 3201 2537 3257 Christi
2563 3203 2848 3272 manifesta
2883 3206 2938 3259 in
2970 3205 3260 3277 Scripturis
3296 3218 3347 3263 et
3388 3209 3585 3264 tradi-

1989 3295 2147 3361 tione,
2179 3293 2404 3350 Patrum
2455 3296 2919 3352 antenicanorum
2973 3299 3280 3355 doctrinam
3333 3315 3589 3358 accura-

1986 3388 2097 3445 tius
2117 3390 2399 3461 expendit,
2424 3399 2589 3460 atque
2606 3389 2920 3445 obscuriora
2939 3408 3165 3464 quaque
3186 3393 3304 3449 loca
3327 3394 3586 3466 explica-

1984 3479 2063 3535 vit
2092 3479 2495 3551 illustravntque
2536 3480 2634 3554 (ιι).

2054 3572 2170 3630 Hoc
2209 3581 2390 3631 autem
2421 3577 2742 3647 praclarum
2768 3574 3027 3633 Methodii
3061 3588 3372 3650 syntagma,
3410 3578 3579 3650 quod

1985 3681 2155 3721 unum
2182 3666 2457 3739 integrum
2492 3669 2652 3726 nobis
2683 3671 2917 3727 servavit
2965 3669 3295 3740 antiquitas,
3344 3671 3588 3740 primus

1985 3758 2250 3823 omnium,
2284 3776 2315 3815 e
2352 3776 2456 3817 ms.
2492 3761 2680 3818 codice
2710 3759 2973 3818 Vaticano
3014 3760 3226 3825 Roma,
3256 3762 3586 3833 evulgavit,

1984 3866 2130 3907 anno
2162 3852 2320 3921 i656,
2376 3851 2486 3909 Leo
2532 3853 2810 3923 Allatius;
2863 3855 3035 3925 quiet
3063 3857 3209 3910 notis
3271 3854 3392 3910 suis
3433 3854 3592 3910 illud

1984 3945 2235 3999 evincere
2292 3959 2587 4017 aggressus
2645 3958 2755 4014 est,
2786 3947 2926 4004 nihil
2953 3948 3007 4002 in
3036 3962 3101 4003 eo
3156 3948 3389 4018 reperiri
3419 3948 3588 4019 quod

1991 4036 2260 4092 catholice
2284 4039 2577 4097 catholicis
2606 4040 2833 4095 auribus
2862 4040 3061 4112 exponi
3096 4055 3205 4096 non
3257 4041 3436 4110 possit
3478 4061 3493 4096 :
3532 4044 3588 4098 si

1982 4144 2089 4198 qua
2123 4144 2253 4185 vero
2274 4130 2593 4186 duriuscula
2631 4141 2946 4219 occurrant,
2978 4133 3071 4187 illa
3114 4133 3361 4189 emollire
3410 4136 3586 4190 omni

1984 4220 2168 4277 studio
2224 4223 2526 4279 contendit.
2562 4224 2722 4279 Anno
2769 4224 2967 4280 deinde
3026 4226 3343 4297 insequente
3395 4226 3587 4294 i657,

1982 4308 2210 4367 Parisiis
2230 4311 2433 4384 prodiit
2464 4312 2789 4368 Convivium
2831 4313 3241 4370 Methodianum
3285 4329 3353 4370 ex
3382 4314 3588 4371 inter-

1983 4404 2289 4472 pretatione
2315 4403 2465 4460 Petri
2512 4404 2752 4461 Possinii
2787 4424 2802 4460 :
2836 4407 2925 4460 cui
2987 4415 3340 4462 accesserunt
3394 4408 3595 4465 varia

309 4688 521 4761 gionem
553 4677 917 4758 pietatemque
945 4685 1233 4743 fovendam
1249 4695 1587 4758 comparata,
1607 4687 1882 4743 veteribus
1984 4681 2166 4736 ciscus
2191 4681 2555 4740 Combelisius
2575 4699 2642 4738 ex
2674 4682 2877 4740 Graeis
2914 4682 3195 4741 Vaticanis
3225 4693 3279 4740 et
3327 4685 3599 4744 Malari-

318 4779 401 4849 ιιιί
458 4794 522 4834 ea
574 4778 954 4850 perlegerunt,
1008 4781 1238 4835 summis
1294 4779 1551 4835 laudibus
1609 4780 1882 4836 celebrata
1981 4774 2184 4841 nianis,
2221 4790 2433 4830 necnon
2459 4775 2745 4833 Photianis
2791 4777 3087 4848 excerptis,
3121 4778 3336 4833 collatis
3400 4781 3603 4838 etiam

304 4865 477 4927 luisse
504 4878 831 4924 noscuntur.
859 4868 1036 4940 Atque
1060 4870 1268 4925 utinam
1314 4869 1426 4949 illa.
1448 4879 1728 4925 exstarent
1758 4885 1879 4926 om-
1981 4866 2165 4922 Allatii
2195 4875 2248 4922 et
2279 4867 2515 4924 Possinii
2553 4869 2922 4932 versionibus,
2949 4867 3097 4924 idem
3148 4885 3291 4940 opus
3334 4885 3601 4929 rursum

305 4960 431 5016 nia!
465 4960 661 5032 exigua
685 4960 830 5016 enim
865 4968 993 5016 sunt
1025 4976 1089 5016 ae
1137 4961 1346 5027 tenuia,
1377 4961 1424 5017 si
1456 4975 1627 5015 unum
1674 4961 1759 5016 vel
1796 4963 1879 5015 al-
1983 4958 2154 5014 edidit
2182 4957 2411 5014 Parisiis
2440 4974 2587 5015 anno
2616 4959 2778 5025 i672,
2839 4968 3004 5031 atque
3057 4967 3210 5016 tomo
3242 4961 3262 5015 ι
3309 4962 3606 5021 Auctarii

305 5056 485 5106 terum
508 5051 772 5123 excipias,
832 5065 973 5121 qua,
1012 5050 1126 5106 sive
1154 5061 1461 5122 temporum
1506 5048 1729 5122 injuria,
1756 5050 1871 5104 sive
1982 5053 2252 5106 novissimi
2269 5051 2593 5108 bibliothecae
2620 5051 2841 5107 Patrum
2858 5051 3112 5107 intexuit.

2051 5226 2125 5297 (ο)
2155 5224 2373 5297 liieron.
2397 5227 2688 5282 Comment.
2729 5228 2783 5281 in
2812 5226 2976 5295 Dan.,
3001 5242 3122 5297 cap.
3150 5242 3272 5283 xm.

2050 5294 2122 5365 (p)
2157 5294 2235 5368 id.
2267 5298 2340 5351 De
2368 5299 2466 5352 vir.
2491 5299 2598 5363 ilt.,
2620 5313 2742 5368 cap.
2773 5298 2862 5352 8'5.

378 5369 713 5450 (j)_ilolsten.
770 5364 996 5425 Dissert.
1046 5367 1110 5422 de
1144 5368 1237 5423 rit.
1269 5378 1321 5423 et
1360 5371 1543 5439 script.
1582 5367 1873 5442 Porpltyr.,
2055 5364 2128 5450 ig)
2152 5364 2373 5450 Possint.
2412 5370 2622 5450 praefat.
2651 5364 2987 5450 addictbod.
3014 5367 3232 5450 (ignvia.

305 5435 509 5523 capp}.
531 5512 561 5523 η
679 5508 741 5523 Ν
902 5510 914 5523 .
980 5513 1026 5523 __
1088 5512 1100 5523 ι
1170 5510 1182 5523 ¹
1328 5510 1384 5523 __
1405 5510 1421 5523 _
1469 5435 1478 5439 ’
1692 5435 1702 5440 ⁷
1763 5435 1782 5442 ’
1861 5435 1866 5437 ⁷
1976 5435 2120 5523 "(r)
2152 5435 2331 5491 Vales.
2363 5435 2428 5493 ad
2459 5438 2659 5493 Euseb.
2688 5439 2833 5493 Hist.
2864 5441 2993 5494 ecct.
3026 5440 3123 5496 lib.
3152 5455 3227 5504 γι,
3252 5455 3375 5512 cap.
3405 5440 3496 5495 24
3533 5453 3605 5499 et

378 5508 450 5581 ik)
481 5512 642 5581 Allat.
673 5508 849 5581 Diatr.
880 5510 943 5565 de
970 5510 1226 5571 Method.,
1250 5525 1302 5578 p.
1327 5510 1450 5579 5H.
1478 5578 1489 5581 Α
1518 5577 1534 5581 Δ
1748 5578 1767 5581 Α
1792 5578 1803 5581 Α
1824 5579 1844 5581 Α
1975 5508 2065 5581 '55.

2047 5576 2117 5654 (εὶ)
2142 5572 2373 5654 llieron.
2390 5578 2503 5654 lib.
2524 5595 2541 5633 ι
2564 5577 2752 5638 Contr.
2781 5580 2988 5654 Ruﬁn.,
3010 5581 3038 5654 §
3076 5583 3163 5638 11.

2071 5648 2107 5714 ι)
2142 5642 2355 5714 P‘ossin.
2389 5647 2425 5701 l.
2458 5663 2507 5704 c.

381 5229 443 5297 (ἱ)
478 5229 680 5284 Baron.
707 5229 774 5284 ad
824 5244 956 5283 ann.
989 5226 1116 5294 302,
1152 5226 1180 5299 §
1212 5227 1283 5281 62
1308 5237 1362 5284 et
1394 5230 1447 5284 in
1480 5235 1594 5285 not.
1625 5230 1693 5284 ad
1727 5226 1882 5283 Mar-

309 5301 466 5354 turol.
498 5298 649 5353 Rom.
681 5300 828 5354 d.18
858 5308 977 5354 sent

332 5315 466 5370 grot.
492 5315 649 5370 quom.
681 5315 737 5355 (ι.
762 5315 828 5354 ιδ
858 5315 954 5370 sep

380 5576 633 5651 (t)'_\’oss.
662 5581 737 5632 De
772 5580 911 5633 Hist.
951 5581 1042 5636 Gr.
1084 5584 1178 5636 lib.
1207 5576 1274 5643 'u,
1304 5576 1558 5651 cep.__l6,
1587 5594 1710 5649 pag.
1741 5578 1866 5633 243.

377 5648 471 5719 (m)
526 5650 736 5712 Pears.,
789 5664 913 5719 Opp.
946 5653 1123 5720 posth.
1158 5651 1375 5715 chron.,
1412 5648 1631 5705 dissert.
1657 5648 1719 5713 lt,
1749 5663 1866 5716 cap.

310 5712 401 5782 19,
570 5720 776 5796 p.365.
826 5712 879 5719 ”
946 5712 963 5720 ’
1085 5789 1106 5796 _
1149 5788 1208 5796 A_
1362 5712 1369 5715 ⁷
1706 5712 1711 5713 ⁷
1814 5712 1829 5716 “

1998 5712 2356 5796 Iamnam.
2380 5716 2556 5774 Dicin.
2585 5722 2652 5778 D.
2692 5721 2767 5778 Ν.
2797 5723 2950 5782 1.-(2.
2976 5723 3071 5780 lib.
3106 5738 3180 5791 Iv,
3207 5736 3329 5790 cap.
3375 5719 3445 5774 2|
3465 5761 3484 5788 ,
3524 5738 3599 5796 ρ,

379 5784 456 5851 tu]
493 5784 681 5850 liniub.
726 5790 869 5843 Har.
898 5803 1044 5855 thv,
1082 5789 1110 5856 ς
1143 5788 1233 5843 65.

1998 5784 2230 5841 325-554.

3418 5992 3425 5999 .
3454 5902 3582 6009 ξ’

3652 6083 3823 6193 Vr
