3964 6226
302 356 354 410 l5
1731 352 2026 417 ΝΟΤΙΤΙΑ.
3424 368 3490 415 N

357 465 411 521 Et
454 467 607 524 hanc
658 469 871 541 quidem
930 468 1386 526 Combelisianam
1416 471 1627 527 ἔκδοσιν
1677 475 1823 546 typis
1854 474 2035 545 Αἰοςὶ
2088 476 2395 545 composuit
2452 486 2673 535 sanctus
2729 477 2914 545 Pater,
2970 472 3381 552 inseripsitque,
3433 490 3493 535 ut

300 559 644 614 excutiendam
670 562 987 616 curavimus.
1017 560 1205 632 Neque
1255 563 1395 617 enim
1427 572 1610 618 actum
1642 566 1819 635 egisse

297 651 483 706 videtur
507 653 597 706 vir
619 652 831 717 doctus,
856 650 943 722 qui
986 655 1152 708 semel
1203 654 1505 725 iterumque
1544 656 1819 726 vulgatum

294 744 532 807 libellum,
568 761 715 800 novo
746 747 887 801 cultu
908 746 1199 815 expolitum
1232 750 1660 818 repraesentavit.
1690 746 1821 817 Ejus

294 843 446 892 autem
475 837 881 902 adnotationes,
911 854 1028 908 quae
1048 838 1114 891 ad
1150 841 1330 908 operis
1378 842 1578 896 calcem
1614 841 1822 896 incom-

292 930 423 984 mode
454 930 796 999 legebantur,
830 931 991 985 textui
1022 931 1356 999 subjecimus
1398 949 1501 987 una
1537 949 1657 988 cum
1683 935 1821 989 sele-

291 1023 530 1078 ctioribus
581 1022 885 1080 Valesianis
927 1044 941 1080 :
993 1027 1059 1080 ad
1114 1030 1272 1087 linem
1331 1043 1458 1082 vero
1491 1029 1821 1083 attexuimus

286 1131 397 1186 quas
419 1116 710 1170 adornavit
736 1118 975 1180 Allatius,
1006 1133 1099 1174 eas
1129 1119 1183 1173 in
1218 1127 1497 1185 contextu,
1534 1122 1781 1191 apposito
1802 1124 1819 1142 ‘

284 1206 588 1261 tndicantrs.
644 1208 885 1278 Denique
936 1224 1042 1280 quo
1093 1208 1305 1264 facilior
1336 1213 1515 1282 operis
1564 1212 1721 1267 lectio
1767 1220 1821 1267 et

282 1312 394 1352 usus
422 1298 704 1359 evaderet,
740 1317 1173 1372 unamquamque
1195 1304 1495 1358 orationem
1530 1303 1823 1359 Metliodia-

280 1405 382 1443 nam
415 1406 614 1446 sumus
641 1392 693 1445 in
726 1394 899 1446 varias
921 1395 1190 1450 sectiones
1220 1397 1425 1465 partiti,
1459 1411 1689 1466 quarum
1737 1399 1821 1451 in-

277 1488 467 1551 tegrum
535 1493 888 1554 conspectum
950 1501 1049 1557 pro
1092 1503 1244 1543 more
1307 1496 1494 1543 nostro
1560 1488 1811 1543 subdidi-

276 1588 394 1627 IDUS.

334 1664 407 1718 IV.
435 1665 565 1720 Jam
594 1684 727 1723 vero
760 1669 966 1740 reliqua
1006 1669 1347 1725 Methodiana
1384 1688 1671 1728 recensere
1702 1688 1822 1743 pro-

273 1773 578 1827 sequamur,
603 1776 670 1815 ex
715 1762 855 1816 edito
908 1762 1303 1820 Combelisiano
1352 1764 1580 1820 Parisiis
1618 1768 1669 1820 in
1699 1767 1818 1820 vnl-

1922 566 2157 632 videtur,
2188 567 2487 639 TheOpbilo
2521 571 2759 635 cuidam,
2792 588 2953 642 quem
2984 574 3273 645 κράτιστον
3302 574 3489 644 appel-

1922 658 1999 711 lat
2062 659 2139 730 (η)
2219 658 2275 712 In
2326 676 2389 715 eo
2440 674 2615 717 autem
2686 663 3022 718 inducuntur
3075 663 3383 723 Methodius
3436 676 3491 722 et

1921 748 2225 805 Auxentius
2259 767 2381 805 cum
2421 752 2744 823 Origenistis
2788 750 2981 810 Proclo
3024 766 3078 812 et
3116 758 3492 830 Aglaophonte

1923 843 2291 911 colloquentes
2324 859 2417 899 seu
2450 844 2810 915 disputantes.
2838 845 2956 901 Jam
2982 848 3073 903 diu
3096 865 3345 922 magnam
3364 866 3494 922 par-

1924 941 2030 986 tem
2063 934 2379 1003 deperditus
2399 935 2645 1006 dialogus
2671 938 2794 993 iste.
2824 938 2955 1007 Ejus
2983 948 3162 997 tamen
3186 942 3493 1013 fragmenta

1924 1027 2062 1081 satis
2095 1028 2272 1097 ampla
2296 1035 2513 1083 exstant
2540 1040 2651 1083 tum
2684 1031 2828 1100 apud
2848 1029 3207 1100 Epiphanium
3240 1034 3339 1107 (b),
3377 1043 3493 1090 tum

1922 1119 2062 1188 apud
2094 1117 2345 1174 Photium
2382 1119 2476 1193 (c),
2514 1122 2605 1190 qui
2639 1130 2693 1176 et
2740 1138 2806 1176 ex
2843 1123 3034 1178 eodem
3066 1140 3231 1195 opere
3256 1142 3497 1198 compend

1923 1212 2128 1265 diosum
2158 1214 2534 1280 expositionem
2564 1216 2829 1269 dictorum
2861 1220 3211 1288 quorumdam
3234 1221 3491 1290 apostolia

1923 1320 2124 1368 corum,
2189 1304 2462 1362 Mctliodio
2520 1322 2644 1362 vere
2711 1308 2956 1378 dignam,
3027 1312 3188 1367 nobis
3233 1315 3489 1370 servavit.

1921 1395 2190 1449 Nonnulla
2226 1397 2354 1450 item
2394 1398 2533 1467 apud
2564 1397 2831 1455 Joannem
2866 1400 3261 1458 Damascenum
3295 1402 3372 1479 (ά)
3396 1421 3492 1461 οε-

1921 1496 2168 1542 currunt.
2199 1486 2363 1542 Plura
2390 1489 2457 1546 de
2480 1490 2581 1546 hoc
2613 1507 2776 1562 Opere
2814 1494 3027 1549 erudite
3059 1495 3312 1553 observat
3345 1499 3499 1553 Alla-r

1922 1582 2030 1635 tius
2064 1578 2154 1651 (e).

1992 1674 2212 1727 Interim
2265 1689 2398 1728 vero
2450 1690 2609 1745 quem
2666 1676 2948 1747 sequimur
3002 1681 3265 1738 editorem
3302 1684 3492 1741 audiao

1922 1780 2044 1818 mus
2085 1765 2171 1835 (Π.
2213 1786 2231 1817 ί
2274 1766 2619 1838 Quanquam,
2662 1769 2862 1839 inquit,
2914 1771 3185 1829 insidebat
3249 1775 3489 1842 animus,

272 1866 357 1920 gus
395 1852 610 1908 emisso
654 1869 792 1907 anno
820 1854 953 1909 1644
1004 1857 1249 1926 repetita.
1301 1857 1608 1911 Convivium
1636 1859 1819 1928 itaque
1849 1841 1890 1894 Β
1924 1864 1981 1909 ut
2013 1856 2355 1914 Illetliodiana
2385 1861 2566 1916 omnia
2601 1861 2913 1933 Epiplianii,
2942 1882 3065 1921 cum
3108 1867 3231 1924 aliis
3259 1885 3381 1941 qua:
3404 1841 3489 1927 oc?

274 1942 430 1998 decem
461 1947 727 2016 rirginum
754 1949 947 2020 exeipit
969 1950 1103 2006 liber
1129 1949 1205 2004 De
1266 1951 1427 2005 libero
1464 1950 1691 2004 arbitrio
1717 1951 1816 2005 ad-

277 2051 458 2091 versus
512 2036 915 2097 Valentinianus
971 2042 1026 2097 in
1089 2042 1278 2112 primis
1304 2049 1358 2097 et
1398 2041 1720 2112 Origenem;
1750 2041 1819 2095 ad

285 2140 435 2202 quem
461 2131 645 2187 doctus
673 2132 843 2186 editor
873 2132 971 2187 ista
1003 2134 1261 2202 praefatur
1297 2130 1371 2204 (υ)
1404 2151 1417 2186 :
1444 2151 1461 2183 ι
1490 2131 1713 2195 Damus,
1735 2133 1818 2185 in-

289 2225 419 2295 quit.
450 2224 552 2279 hoc
579 2240 701 2289 opus
731 2240 862 2295 pene
900 2226 1188 2295 integrum,
1226 2224 1405 2278 tribus
1437 2239 1532 2278 seu
1570 2222 1818 2292 partibus

289 2333 375 2372 seu
404 2321 664 2389 excerptis
682 2328 1014 2390 congestum.
1050 2318 1344 2373 Exordium
1392 2319 1818 2388 nonnullamque

282 2418 478 2480 partem
509 2413 745 2483 corporis
775 2413 1011 2469 ediderat
1035 2410 1272 2467 Joannes
1298 2411 1564 2466 Meursius
1588 2410 1688 2480 (ω),
1716 2426 1815 2465 cett

280 2503 470 2559 librum
502 2506 783 2575 integrum,
815 2520 881 2560 ne
914 2506 1101 2560 leviter
1156 2504 1373 2573 quidem
1415 2503 1693 2558 insinuato
1721 2502 1817 2557 de-

280 2594 437 2661 fectu,
469 2612 626 2667 quem
650 2598 833 2652 titulus
861 2599 993 2653 satis
1018 2598 1301 2668 arguebat.
1355 2594 1489 2649 Nam
1521 2595 1659 2649 nihil
1697 2602 1815 2651 erat

281 2696 385 2743 tota
421 2692 664 2746 oratione
700 2690 764 2745 de
794 2689 962 2743 libero
1008 2688 1256 2751 arbitrio,
1289 2688 1448 2757 cujus
1483 2688 1572 2743 ille
1614 2697 1816 2744 tracta-

283 2782 477 2836 tionem
499 2782 782 2837 indicabat.
810 2778 1034 2850 Reliqua
1072 2780 1299 2834 mutuati
1337 2795 1525 2835 sumus
1566 2796 1633 2835 ex
1670 2779 1814 2833 Pho-

282 2871 434 2925 tianis
466 2871 558 2941 (y),
590 2877 809 2940 excepto
836 2870 1048 2940 egregio
1070 2870 1182 2933 illo,
1214 2870 1281 2923 ad
1310 2869 1490 2931 linem,
1531 2877 1810 2940 excerpto,

287 2960 348 3015 de
366 2960 484 3031 ipso
519 2976 702 3015 revera
750 2961 917 3016 libero
939 2961 1183 3025 arbitrio,
1214 2962 1356 3031 quod
1388 2960 1452 3013 Β.
1483 2960 1545 3013 Ρ.
1576 2959 1812 3016 Jacobus

284 3049 590 3109 Sirmondus
623 3055 678 3107 S.
709 3052 755 3106 J.
790 3053 1177 3109 humanissime
1223 3053 1484 3108 utendum
1514 3052 1683 3118 dedit,
1716 3069 1813 3109 cu-

280 3142 363 3214 jus
404 3145 560 3199 etiam
610 3142 828 3200 Pbotius
879 3146 1109 3215 paucula
1154 3144 1539 3214 exscripserat,
1600 3154 1654 3200 et
1703 3159 1811 3213 quo

280 3232 481 3286 videtur
530 3230 821 3288 Metliodius
871 3234 1134 3289 clausisse
1188 3235 1384 3289 librum
1440 3235 1642 3301 istum;
1701 3236 1810 3290 nisi

280 3322 407 3378 forte
459 3323 722 3394 aliquibus
747 3326 939 3382 additis
988 3327 1054 3380 ad
1090 3337 1365 3390 ornatum,
1407 3343 1529 3397 qua:
1558 3325 1808 3391 Pbotius,

278 3416 372 3468 soli
403 3415 658 3471 doctrinm
700 3418 936 3482 studens,
988 3436 1096 3474 non
1146 3420 1491 3476 delibaverit.
1539 3418 1811 3474 Nonnulla

276 3507 603 3563 olTenderunt
632 3511 686 3563 in
719 3511 1006 3581 interprete
1056 3511 1271 3580 Pbotii;
1317 3522 1376 3567 ut
1422 3513 1808 3568 l'uerintetiam

276 3600 389 3668 ejus
439 3600 506 3655 de
558 3601 762 3672 integro
791 3604 1113 3672 reddenda;
1164 3614 1220 3660 et
1271 3621 1379 3676 quo
1431 3607 1594 3661 etiam
1618 3606 1808 3661 eodem

273 3693 407 3764 style
437 3694 737 3763 interpretis
765 3695 1073 3751 decurreret
1094 3707 1204 3752 tota
1232 3700 1427 3755 oratio.
1470 3718 1491 3751 ι
1533 3697 1808 3753 Hactenus

275 3786 383 3840 ille.
413 3785 509 3841 Est
531 3795 699 3842 autem
727 3788 861 3843 liber
890 3790 1197 3860 bujusmodi
1225 3792 1290 3846 ad
1349 3790 1578 3846 formam
1607 3791 1807 3860 dialogi

272 3879 607 3949 conscriptus
652 3881 790 3936 inter
838 3881 1271 3939 Valentinianum
1302 3892 1356 3939 et
1409 3883 1803 3948 Orthodoxum,

272 3986 433 4042 super
463 3974 790 4031 vexatissima
820 3980 1112 4046 qumstionc
1144 3983 1207 4032 de
1233 3979 1432 4048 origine
1454 3978 1610 4031 mali:
1641 3976 1807 4030 adeo-

274 4080 399 4136 que,
425 4082 531 4135 quo
568 4068 765 4123 clarius
806 4071 1064 4126 orationis
1124 4078 1412 4128 contextus
1446 4068 1719 4140 procedat,
1750 4069 1806 4123 in
1866 4139 1870 4142 ‘

270 4159 499 4214 editione
524 4169 704 4216 nostra
725 4177 978 4232 personas
1008 4165 1379 4233 colloquentes
1398 4162 1753 4218 distinximus
1787 4179 1801 4215 :

270 4247 569 4307 Combelisii
587 4255 1002 4320 observationes,
1020 4272 1137 4326 quze
1161 4257 1395 4327 primum
1424 4256 1628 4326 longea
1653 4260 1807 4308 textu

270 4334 557 4400 distabant,
587 4342 703 4395 suis
755 4358 994 4413 quasque
1039 4345 1175 4401 locis
1199 4346 1565 4409 restituimus,
1597 4344 1804 4399 notulis

268 4430 539 4483 nonnullis
561 4431 753 4487 alicubi
781 4434 1061 4505 inspersis.
1097 4437 1251 4503 Quod
1298 4438 1513 4507 quidem
1547 4444 1602 4492 et
1631 4436 1689 4490 in
1716 4452 1795 4492 re-

1922 1950 2227 2007 currissent
2247 1952 2490 2021 ejusdem
2535 1954 2814 2019 Metliodii,
2856 1957 2911 2010 in
2953 1975 3121 2014 unum
3181 1971 3490 2033 comportad

1920 2055 2056 2105 rem,
2087 2044 2516 2113 nonnullamque
2547 2046 2600 2098 in
2629 2048 2711 2101 eis
2746 2049 3087 2118 corrigendis
3120 2067 3239 2121 qua:
3294 2054 3488 2125 depra-
3518 2040 3519 2049 ‘

1920 2137 2044 2183 vata
2076 2130 2366 2185 admodum
2426 2132 2692 2197 viderem,
2724 2149 2944 2203 Operam
3001 2151 3283 2206 ponerem,
3320 2140 3489 2196 infrea

1920 2222 1997 2291 git
2027 2228 2204 2277 tamen
2229 2235 2480 2278 conatum
2504 2224 2685 2295 inopia
2705 2226 2988 2281 meliorum
3017 2229 3290 2294 codicum,
3321 2248 3487 2304 quam

1919 2315 2123 2384 quibus
2161 2324 2308 2371 esset
2340 2332 2473 2371 usus
2503 2318 2862 2387 politissimus
2906 2320 3175 2391 interpres
3198 2322 3490 2394 Epiphanii

1918 2407 2174 2465 Petavius
2194 2408 2250 2464 S.
2276 2408 2351 2474 1.,
2386 2425 2560 2480 eoque
2584 2411 2719 2466 satis
2744 2427 2775 2466 e
2798 2426 2857 2466 re
2883 2411 3153 2469 facturum
3197 2416 3349 2481 duxi,
3374 2434 3487 2475 mo-

1917 2498 1989 2553 do
2022 2514 2083 2555 ea
2119 2506 2329 2555 tantum
2360 2516 2424 2555 ex
2469 2499 2608 2553 libro
2637 2500 2726 2555 illo
2780 2499 2857 2555 De
2893 2504 3296 2570 resurrectione,
3320 2520 3490 2576 quem

1916 2593 2138 2647 circiter
2162 2592 2397 2647 medium
2438 2591 2800 2662 exscripsisse
2820 2608 2879 2649 se
2917 2594 3036 2664 ipse
3066 2594 3336 2667 signiﬁcat
3355 2596 3487 2670 Ερίο

1915 2686 2152 2757 phanius
2207 2684 2275 2738 ad
2310 2684 2508 2748 tinem,
2546 2685 2612 2739 de
2647 2700 2787 2740 novo
2840 2685 3078 2752 ederem,
3111 2704 3234 2758 qua:
3289 2689 3377 2745 vel
3403 2705 3491 2747 esv

1917 2785 2039 2832 sent
2069 2791 2209 2831 nova
2246 2785 2299 2831 et
2346 2775 2629 2839 ἀνέκδοτα,
2659 2776 2743 2830 vel
2802 2784 2863 2830 ut
2902 2793 3067 2841 nova,
3103 2779 3489 2838 emendations

1916 2874 2098 2923 textus
2127 2882 2230 2936 ope
2261 2866 2514 2921 codicum
2564 2865 2875 2930 meliorum,
2926 2881 3177 2938 novaque
3216 2869 3488 2939 quodam-

1916 2958 2099 3020 modo,
2152 2956 2600 3025 interpretatione
2622 2965 2833 3021 nostra,
2869 2954 3043 3011 videri
3085 2965 3329 3028 possent.
3370 2957 3488 3015 Du-

1913 3050 2040 3122 plici
2072 3049 2140 3105 ad
2169 3050 2273 3105 hoc
2299 3049 2587 3117 c-odieepsi
2618 3065 2832 3115 sumus,
2861 3050 3033 3105 altero
3064 3052 3487 3111 eminentissimi

1914 3142 2211 3198 cardinalis
2266 3141 2656 3211 Rupilucaldii,
2696 3157 2804 3212 quo
2863 3143 3054 3213 grandi
3087 3143 3364 3201 volumine
3415 3161 3488 3203 ac

1915 3236 2235 3305 perantiquo
2268 3235 2535 3288 habentur
2588 3233 2861 3289 Elementa
2915 3233 3275 3303 Damasceui;
3308 3238 3485 3295 altero

1914 3327 1979 3381 lt.
2013 3324 2076 3379 P.
2114 3324 2391 3380 Sirmondi
2444 3325 2501 3381 S.
2528 3323 2577 3380 J.
2612 3335 2665 3381 et
2710 3326 2830 3396 ipso
2880 3328 3123 3399 antiquo,
3188 3330 3486 3388 collectore

1914 3433 2185 3490 anonymo
2239 3418 2501 3472 adversus
2552 3416 2943 3489 Eutycbianos,
2995 3436 3093 3476 sua
3142 3421 3264 3492 ipso
3314 3437 3485 3480 manu

1910 3510 2256 3567 exscribente
2284 3510 2687 3579 bumaniusque
2718 3521 3059 3583 suggerente,
3089 3527 3190 3587 pro
3219 3527 3319 3569 sua
3363 3514 3484 3585 illa,

1910 3605 2060 3660 omni
2096 3604 2258 3659 modo
2285 3603 2624 3658 illustranda:
2655 3603 2997 3674 antiquitatis
3049 3620 3149 3661 suo
3190 3606 3482 3678 alienoque

1908 3698 2119 3753 calamo
2148 3736 2167 3765 ,
2213 3709 2403 3768 vegeta
2463 3697 2518 3751 in
2575 3697 2731 3752 senili
2764 3711 2992 3766 corpore
3026 3701 3414 3767 propensione.
3452 3719 3478 3755 ι

1906 3787 2077 3844 Porro
2124 3787 2266 3844 idem
2298 3788 2495 3852 editor,
2527 3787 2592 3842 ad
2625 3794 2882 3856 excerpta
2920 3786 3185 3842 Phatiana
3210 3790 3358 3860 quod
3397 3800 3485 3847 at-

1907 3881 2066 3949 tinet,
2132 3881 2247 3935 haec
2300 3880 2483 3935 subdit
2513 3878 2625 3949 (g):
2681 3897 2700 3930 ι
2756 3877 3051 3935 Videamur
3104 3879 3245 3938 forte
3294 3890 3482 3940 actum

1908 3984 2089 4040 agere,
2113 3970 2204 4039 qui
2231 3968 2578 4024 Methodiana
2609 3967 2725 4022 haec
2755 3967 2868 4037 jam
2924 3969 3070 4034 data,
3099 3970 3231 4027 dare
3275 3972 3480 4029 iterum

1905 4074 2286 4132 procuramus.
2347 4060 2533 4118 Fuerit
2591 4065 2982 4132 nihilominus,
3033 4074 3096 4123 ut
3143 4070 3480 4130 accuratiori

1905 4169 2090 4224 opera,
2145 4154 2326 4225 qualis
2359 4154 2472 4211 fere
2509 4164 2595 4212 est
2654 4159 2904 4229 angustis
2960 4160 3206 4219 terminis
3226 4163 3477 4231 dellnita,

1903 4248 2031 4304 novi
2051 4245 2255 4319 aliquid
2290 4249 2613 4305 illustrando
2662 4250 2936 4309 Methodio
2966 4261 3180 4320 nostro,
3242 4256 3365 4312 aliis
3388 4259 3475 4313 vel

1904 4341 2147 4411 neglecta
2200 4342 2284 4397 vel
2331 4344 2515 4397 minus
2563 4354 2870 4416 perspecta,
2923 4346 3032 4401 alio
3086 4346 3477 4406 festinantibus

1905 4431 2279 4502 grandiusque
2310 4434 2666 4490 molientibus
2691 4450 2851 4506 opus.
2886 4436 3252 4495 inveniamus.
3284 4439 3478 4511 Itaque

269 4515 431 4586 liquis
448 4536 543 4574 nos
565 4524 893 4591 praestitisse,
929 4527 1018 4581 bic
1044 4530 1210 4584 semel
1236 4528 1511 4584 indicasse
1547 4527 1797 4583 sumciat.
1833 4538 1876 4592 ι)
1906 4538 2099 4577 novam
2155 4526 2466 4581 versionem
2517 4525 2671 4597 (num
2695 4541 2819 4582 eam
2852 4528 3123 4595 inutilem,
3174 4530 3266 4586 alii
3297 4546 3357 4587 re
3384 4530 3475 4586 in-

338 4607 402 4664 ν.
428 4610 729 4682 Sequuntur
755 4629 1003 4688 excerpta
1029 4636 1094 4675 ex
1133 4619 1274 4675 libro
1309 4621 1385 4675 De
1417 4621 1798 4675 resurrectione

264 4710 453 4755 contra
484 4703 773 4777 Origenem,
809 4727 966 4781 quem
1006 4721 1231 4768 sanctus
1273 4712 1634 4785 Hieronymus
1669 4726 1794 4779 opus

263 4796 520 4863 earegium
548 4799 789 4870 appellat.
819 4801 1093 4858 Laudatur
1117 4812 1171 4859 et
1186 4805 1252 4859 ab
1278 4804 1565 4860 Eustatbio
1612 4804 1796 4859 Antio-

262 4886 439 4942 cheno
479 4889 558 4944 bis
604 4892 772 4947 verbis
796 4894 867 4965 (ι)
899 4914 913 4950 :
964 4896 1221 4959 Μεθὸδιος
1252 4896 1280 4947 ὁ
1306 4899 1405 4967 τῆς
1450 4895 1608 4964 ἁγίας
1648 4894 1794 4960 ἄξιος

265 4980 500 5051 μνήμης,
526 4981 746 5053 ἔγραψεν
767 4984 1124 5057 ἀποχρώντως
1148 4990 1227 5051 εἰς
1251 4988 1367 5041 τόδε
1404 4988 1465 5041 τὸ
1490 4987 1750 5060 θεώρημα
1775 5027 1789 5052 ,

259 5086 319 5123 at.
343 5088 396 5125 τ.
424 5072 470 5125 λ.
500 5072 553 5127 ld
573 5085 671 5139 est,
710 5076 898 5133 Allatio
916 5080 1204 5150 interprete
1241 5098 1259 5131 ε
1290 5099 1302 5135 :
1333 5079 1635 5135 Methodius
1662 5096 1791 5135 san-

258 5166 364 5213 ctae
404 5164 657 5219 memoria:
692 5165 744 5220 in
774 5152 900 5222 illud
922 5170 1206 5239 quaesitum
1240 5170 1374 5226 satis
1404 5172 1619 5226 abunde
1649 5171 1788 5226 scri-

256 5252 395 5320 psit,
431 5273 450 5305 »
482 5264 579 5311 etc.
612 5256 673 5311 Et
700 5259 842 5315 hunc
856 5277 1069 5332 quooue
1106 5263 1303 5319 librum
1328 5263 1398 5318 ad
1424 5262 1654 5321 formam
1681 5264 1796 5319 dias

328 5386 407 5469 (vi
426 5389 723 5469 QombelJn
740 5404 863 5469 _r_iot.
890 5398 953 5452 ad
976 5397 1230 5462 Method.,
1257 5415 1313 5469 ι).
1340 5400 1464 5457 462.

349 5460 412 5547 ξι)
438 5460 713 5547 Heursﬂn
740 5464 942 5547 Verior.
972 5471 1127 5525 divin.
1160 5460 1317 5527 libro.

328 5531 408 5667 (ιζ
437 5531 580 5587 Phot.
600 5534 729 5591 Bibl.
764 5539 882 5591 cod.
914 5554 1159 5597 ccxxxvt.

328 5601 402 5682 is
430 5601 664 5682 _E_Ins_tatln.
691 5606 765 5660 De
792 5621 1039 5682 mgnum,
1070 5628 1120 5682 p.
1152 5613 1274 5669 594.

254 5668 646 5793 ⁵³31)Ἂεώοά.
674 5680 810 5747 apud
829 5668 1042 5751 ῐηῖρῑριι.;
1059 5668 1182 5755 opp.
1208 5668 1339 5742 tom.
1365 5681 1406 5753 l,
1436 5700 1488 5758 p.
1508 5684 1632 5753 540,
1657 5683 1782 5752 56‘.

324 5778 405 5897 ib.)
430 5810 609 5880 Epiph.
636 5815 775 5873 Hm.
805 5835 943 5877 uiv.

1904 4622 2092 4683 specta
2146 4618 2467 4689 collatisque
2510 4618 2766 4676 omnibus
2798 4621 3139 4693 censuerint)
3163 4622 3231 4678 ad
3279 4623 3470 4679 Greca

1902 4721 2315 4779 componemus,
2374 4710 2713 4783 subindeque
2766 4714 3097 4779 notabimus,
3124 4716 3171 4771 si
3226 4715 3356 4786 quid
3402 4730 3469 4774 ex

1902 4801 2047 4864 aliis,
2075 4802 2379 4872 praesertim
2407 4803 2945 4873 Methodianis,lucis
2970 4806 3176 4879 aliquid
3202 4823 3269 4864 ex
3298 4806 3470 4863 colla~

1900 4891 2049 4948 tione
2083 4892 2274 4950 ail‘erre
2295 4895 2485 4965 possit.
2521 4894 2794 4954 Habemus
2818 4900 3297 4971 praeterimpressa
3326 4897 3470 4955 Pbo-

1900 4985 1986 5049 tii,
2037 4988 2201 5041 etiam
2259 4990 2534 5060 exscripta
2572 4989 2709 5044 ‘olim
2738 5004 2770 5044 a
2792 4990 2858 5047 R.
2890 4990 2953 5048 P.
2996 4991 3310 5057 Sit-mendo,
3346 5008 3469 5065 qua:

1898 5078 2112 5146 possint
2144 5080 2268 5133 usui
2297 5094 2439 5136 esse.
2476 5098 2498 5132 ι

1972 5169 2086 5224 lluc
2112 5187 2285 5242 usque
2311 5170 2676 5229 Combelisius
2700 5195 2713 5231 :
2748 5177 2840 5247 qui
2872 5176 3129 5247 deinceps
3161 5179 3343 5235 nobile
3370 5195 3467 5236 ex-

1896 5269 2143 5333 cerptum
2173 5279 2239 5318 ex-
2263 5262 2456 5319 eodem
2488 5264 2628 5321 libro
2658 5266 2735 5321 De
2766 5270 3164 5331 resurrectione,
3206 5270 3467 5343 deprom-

1994 5402 2041 5464 ε)
2075 5399 2233 5456 Phot.
2277 5401 2416 5455 Bibl.
2459 5402 2580 5458 cod.
2616 5419 2865 5459 ccxxxiv.
2930 5432 2943 5438 ~

1994 5406 2041 5464 c)
2077 5406 2233 5456 Phot.
2277 5406 2416 5455 Bibl.
2459 5406 2580 5458 cod.
2616 5419 2865 5459 ccxxxiv.
2930 5432 2943 5438 ~

1968 5406 2226 5597 ξίέόιοωι.
2260 5471 2508 5530 Damasc.
2557 5488 2698 5528 orat.
2727 5475 2761 5528 ὅ
2795 5474 2871 5528 De
2895 5475 3135 5548 imagin.,
3164 5495 3291 5553 opp.
3323 5493 3365 5539 t.
3390 5479 3459 5548 Υ,

1893 5557 1946 5612 p.
1980 5545 2107 5598 589.

1964 5618 2034 5685 (ι’)
2058 5614 2221 5669 Allat.
2269 5612 2443 5670 Diatr.
2488 5615 2552 5668 de
2607 5614 2841 5671 Met/rod.
2911 5620 3093 5688 script.
3133 5637 3257 5696 pag.
3315 5624 3461 5695 354,

1890 5699 2047 5756 seqq.

1962 5754 2302 5829 (099091)“.
2341 5756 2537 5829 ingnqt.
2575 5756 2640 5812 ad
2664 5755 2899 5813 Method.
2927 5774 2981 5829 p.
3013 5760 3140 5817 449,

1963 5829 2034 5898 (g)
2072 5826 2207 5882 ibid.
2244 5843 2362 5901 pag.
2393 5826 2516 5881 432.
