3964 6206
346 433 412 487 15
1255 422 1315 477 S.
1359 414 1756 475 METRODIUS
1788 409 2166 469 EPISCOPUS
2203 406 2290 462 ET
2331 402 2645 460 MARTYR.
3502 396 3570 449 16

343 560 497 621 ptum
528 565 559 606 e
586 547 789 604 Catena
845 541 1264 600 eminentissimi
1313 538 1610 595 cardinalis
1640 533 1901 591 Mazarini
1931 539 1977 595 Α
2003 529 2209 601 effugit.
2244 527 2320 581 Ex
2355 522 2701 579 Methodiano
2733 530 2983 573 sermone
3020 512 3098 568 De
3126 510 3445 584 martyribus
3479 525 3577 566 ex-

345 649 401 698 et
425 639 776 702 Corderiana,
818 636 1008 691 Latine
1040 633 1279 706 vulgavit
1301 632 1379 705 (It)
1436 630 1491 685 in
1539 644 1635 686 sua
1697 626 1902 682 Biblio-

347 733 495 791 theca
516 729 1075 793 concinnatoria,tom.
1095 725 1177 791 .ll,
1208 740 1329 796 pag.
1363 723 1492 788 265,
1520 738 1660 792 seq.,
1699 734 1805 791 qua
1841 717 1907 772 de

346 844 406 883 re
449 827 674 898 ipsemet
701 825 1031 879 mentionem
1078 821 1255 890 injicit
1314 820 1370 874 in
1399 818 1666 873 recensitis
1720 825 1905 870 aucto-

346 919 489 972 ribus
522 916 766 986 ejusdem
783 912 1139 978 Bibliothecw,
1165 921 1297 967 tom.
1330 910 1371 976 Ι,
1405 928 1526 982 pag.
1560 908 1648 964 50.
1679 906 1735 963 1d
1759 922 1908 962 emo-

349 1009 572 1064 lumenti
618 1023 729 1078 prae
778 1005 989 1061 caeteris
1037 1019 1101 1059 ex
1138 1003 1400 1073 praeclaro
1433 1000 1539 1055 isto
1604 998 1908 1069 fragmento

347 1114 627 1170 emergere
655 1098 929 1161 novimus,
960 1094 1103 1167 quod
1134 1110 1200 1149 ex
1251 1109 1315 1147 eo
1338 1092 1563 1148 alterius
1584 1090 1690 1146 loci
1720 1089 1909 1143 αὐθεν-

346 1191 436 1246 τῑα
496 1189 869 1251 conlirmatur,
904 1184 1193 1241 a'Joanne
1254 1182 1589 1237 Damasceno
1625 1179 1778 1235 relati
1803 1177 1905 1247 (i):

348 1283 638 1352 utrobique
666 1281 812 1335 enim
867 1290 1090 1335 sanctus
1117 1278 1207 1332 ille
1260 1285 1463 1347 martyr
1492 1268 1795 1343 dogmatice
1828 1284 1915 1325 ar-

348 1376 463 1448 guit
491 1390 520 1427 a
542 1373 849 1444 principum
881 1370 948 1424 ad
971 1386 1156 1426 sacras
1188 1369 1469 1439 imagines,
1488 1374 1547 1420 ut
1566 1366 1619 1419 in
1640 1365 1907 1434 utrisque,

347 1464 545 1519 honori
574 1462 659 1517 vel
684 1460 1023 1516 contumelia:
1044 1460 1307 1514 habeatur
1319 1464 1643 1529 prototypon
1658 1464 1711 1510 et
1730 1470 1911 1510 exem-

348 1554 467 1624 plar
503 1572 515 1608 :
554 1553 734 1608 verbis
764 1559 890 1605 utor
908 1550 1132 1606 editoris
1150 1550 1325 1606 nostri
1353 1549 1419 1603 ad
1448 1549 1602 1620 prius
1642 1547 1911 1618 fragmen-

348 1652 463 1699 tum
504 1644 892 1699 eDamasceno
951 1644 1315 1714 dcsumptum.
1362 1640 1514 1708 Quod
1550 1639 1765 1712 quidem
1818 1654 1911 1695 ea-

349 1744 571 1807 propter
595 1736 915 1791 observasse
938 1736 1196 1805 oportuit,
1228 1742 1287 1790 ut
1350 1732 1705 1804 improvidam
1730 1731 1909 1786 homi-

351 1831 436 1884 nis
465 1828 781 1884 heterodoxi
812 1827 875 1900 (j)
909 1842 1207 1897 censuram
1227 1827 1580 1889 dilueremus,
1609 1821 1702 1896 qui
1730 1838 1798 1878 ne
1822 1836 1912 1879 sa-

2012 622 2158 676 ltibet
2192 616 2325 673 illud
2347 612 2720 669 Theodoretus
2740 608 2832 679 (ᾳ).

2081 711 2365 768 Accedunt
2410 706 2656 775 ejusdem
2709 698 2964 756 Methodii
3008 696 3245 765 homilite
3271 694 3410 756 duae,
3436 707 3575 762 qua-

2013 823 2134 862 rum
2166 806 2358 865 altera,
2387 800 2463 855 De
2485 797 2737 868 Symeene
2767 803 2816 847 et
2834 794 3009 859 Anna,
3039 806 3139 861 quo
3159 789 3243 842 die
3262 787 3487 841 Domino
3516 785 3575 839 in

2016 897 2204 967 templo
2254 900 2627 954 occurrerunt,
2674 885 3023 951 inscribitur;
3062 882 3253 945 altera,
3293 878 3357 933 In
3396 894 3575 931 ramos

2019 988 2347 1043 Palmarum.
2386 984 2452 1037 Et
2486 982 2553 1036 ad
2580 996 2674 1036 eas
2732 976 2949 1049 quidem
2978 975 3093 1029 haec
3120 974 3279 1027 habet
3306 968 3578 1025 Combeli-

2016 1081 2130 1136 sius
2160 1076 2228 1149 (r)
2268 1097 2281 1131 :
2316 1095 2335 1127 ί
2372 1074 2684 1131 Orationem
2718 1072 2773 1124 in
2807 1067 3129 1140 Symeonem
3170 1070 3225 1117 et
3278 1062 3487 1116 Annam
3519 1060 3576 1113 in

2015 1170 2103 1225 die
2128 1168 2427 1231 Occursus,
2457 1164 2730 1234 vulgatam
2765 1160 2999 1230 primum
3023 1157 3184 1211 Petro
3213 1152 3462 1216 Pantino,
3488 1164 3578 1205 re-

2016 1269 2426 1333 praesentamus,
2460 1255 2731 1323 simulque
2758 1251 2939 1321 aliqua
2977 1248 3031 1302 in
3074 1246 3219 1300 notis
3244 1244 3573 1307 indicamus,

2015 1357 2214 1426 quibus
2246 1354 2312 1408 ad
2336 1366 2528 1407 novam
2561 1348 2861 1404 versionem
2921 1351 3044 1414 post
3088 1341 3235 1394 illam
3294 1336 3577 1391 Pantinia-

2017 1463 2141 1503 nam
2168 1445 2374 1500 inducti
2402 1456 2611 1498 sumus.
2670 1437 2806 1492 Esse
2840 1441 3020 1488 autem
3067 1430 3309 1500 ejusdem
3373 1426 3613 1506 oratioo’

2015 1554 2138 1595 nem
2171 1538 2311 1591 hanc
2339 1531 2843 1591 luculentissimam,
2875 1524 3032 1593 cujus
3067 1529 3192 1578 sunt
3234 1517 3577 1590 Symposium

2017 1626 2079 1682 de
2102 1627 2363 1688 castitate,
2394 1629 2449 1678 et
2472 1618 2726 1675 Methodii
2758 1612 2903 1690 illitis
2932 1610 3271 1683 Origenianis
3298 1608 3579 1664 erroribus

2016 1715 2391 1778 infensissimi,
2423 1715 2539 1784 ipse
2568 1720 2754 1765 auctor
2784 1708 2915 1762 sat-is
2943 1703 3210 1774 expressit
3238 1701 3330 1772 (s),
3363 1709 3423 1754 ut
3454 1699 3577 1753 nul-

2017 1814 2103 1866 lus
2134 1811 2205 1866 sit
2234 1804 2516 1863 dubitandi
2546 1803 2718 1857 locus.
2754 1798 3075 1854 lnscribitur
3098 1793 3384 1863 ὲπισκόπῳ
3407 1791 3577 1845 Πατά-

351 1934 569 1974 crarum
602 1919 898 1990 imaginum
930 1917 1135 1973 cultum
1160 1930 1454 1986 agnoscere
1470 1887 1775 1986 cogeretur,
1804 1911 1916 1981 jam
1946 1900 1989 1955 Β
2019 1920 2149 1975 ρων,
2174 1900 2261 1956 συί
2295 1898 2455 1953 eum“
2493 1894 2859 1948 0311135089115
2889 1891 2943 1943 in
3001 1887 3285 1942 Είθηιεηίίδ
3311 1901 3420 1940 “0"
3453 1892 3576 1939 ίίιη·

353 2009 552 2064 saeculo
586 2024 646 2063 ιιι
669 2007 949 2065 desinente
977 2010 1152 2063 sancti
1174 2005 1432 2062 Methodii
1493 2003 1820 2059 auctoritate
1852 2016 1915 2055 ac

352 2100 600 2155 doctrina
618 2098 925 2165 ﬁrmatum,
962 2097 1189 2153 Joannis
1245 2095 1563 2152 Damasceni
1612 2093 1769 2149 ﬁdem
1805 2092 1916 2147 ele-

350 2205 477 2246 vare
507 2205 793 2260 aggressus
830 2197 933 2246 est.

420 2279 511 2336 Vl.
543 2279 841 2351 Subjicitur
866 2297 931 2336 ex
964 2280 1159 2336 Photio
1187 2278 1258 2350 (k)
1290 2277 1492 2349 ἐκλογὴ
1527 2277 1655 2348 περὶ
1682 2276 1788 2329 τῶν
1824 2291 1917 2343 γε-

354 2373 550 2446 νητῶν,
592 2374 706 2429 sive
737 2381 1053 2444 excerptum
1114 2387 1183 2427 ex
1208 2371 1348 2425 libro
1399 2369 1474 2423 De
1496 2368 1709 2422 creatis.
1768 2366 1917 2435 Opus

351 2471 531 2519 autem
555 2464 629 2518 ita
660 2464 982 2534 inscriptum
1017 2463 1214 2517 litteris
1243 2460 1531 2515 mandasse
1561 2458 1915 2521 Methodium,

350 2554 499 2609 haud
550 2552 786 2623 produnt
827 2560 1059 2608 veteres.
1120 2550 1363 2605 Meminit
1400 2548 1617 2618 quidem
1648 2544 1916 2616 Hierony-

352 2659 475 2700 mus
507 2644 626 2713 ejus
649 2641 1156 2697 Commentariorum
1181 2642 1234 2695 in
1259 2637 1500 2703 Genesin,
1525 2652 1754 2708 quorum
1784 2634 1921 2705 frag-

352 2746 537 2792 menta
566 2736 826 2794 nonnulla
858 2735 914 2789 in
948 2735 1168 2791 Catenis
1226 2750 1363 2791 mss.
1395 2732 1575 2787 adhuc
1609 2736 1869 2801 superant
1902 2744 1915 2780 :

352 2825 498 2881 unde
517 2826 797 2881 nonnullis
829 2825 1007 2879 visum
1053 2840 1119 2879 ex
1142 2823 1335 2880 iisdem
1387 2819 1795 2878 commentariis
1825 2833 1921 2873 ex-

353 2925 596 2988 cerptum
631 2916 956 2972 Photianuni
1012 2915 1184 2971 fuisse
1216 2915 1580 2986 descriptum.
1633 2913 1767 2970 Utut
1812 2916 1916 2975 est,

352 3008 413 3064 in
437 3024 501 3064 eo
530 3008 771 3078 disputat
796 3008 990 3063 iterum
1015 3017 1237 3064 sanctus
1269 3013 1478 3079 martyr
1502 3003 1766 3060 adversus
1793 2999 1918 3057 Ori-

354 3117 567 3173 genem,
593 3116 753 3171 quem
786 3110 1089 3155 centaurum
1111 3100 1355 3172 appellat
1368 3097 1429 3170 (l)
1456 3117 1471 3167 ;
1502 3105 1667 3168 atque
1698 3108 1919 3167 μαργα-

355 3191 512 3263 ρίτας
531 3190 624 3245 τοῦ
648 3190 896 3258 ξενῶνος,
926 3191 1028 3246 hoc
1060 3201 1162 3259 est,
1204 3191 1478 3247 sanctiora
1502 3186 1707 3244 Christi
1739 3184 1919 3240 Eccle-

354 3286 451 3342 sia:
470 3284 724 3356 dogmata
753 3284 987 3340 ethnicis
1010 3284 1226 3354 placitis
1260 3286 1439 3354 ipsum
1464 3281 1765 3337 intexuisse
1790 3293 1924 3349 que-

354 3377 514 3433 ritur.
541 3376 791 3433 Occurrit
813 3392 920 3432 vox
948 3376 1038 3430 illa
1065 3374 1290 3440 ξενῶνος
1317 3376 1420 3431 sub
1463 3373 1706 3443 excerpti
1757 3369 1921 3440 hujus

353 3468 595 3534 initium,
623 3470 718 3523 ubi
752 3470 902 3524 varia
932 3469 1158 3539 conjicit
1187 3465 1563 3524 Combellsius.
1597 3464 1798 3522 Verum
1835 3464 1921 3518 in-

353 3567 566 3631 terpres
598 3559 778 3615 Photii
802 3576 922 3616 eam
986 3575 1084 3629 pro
1118 3560 1380 3613 communi
1412 3549 1644 3613 omnium
1674 3556 1918 3625 hospitio,

355 3654 471 3709 sive
491 3668 589 3723 pro
611 3662 755 3707 cmtu
786 3653 1045 3718 fidelium,
1074 3668 1195 3708 esse
1241 3652 1616 3722 accipiendam
1658 3659 1826 3715 recte,
1863 3656 1921 3703 ut

355 3744 589 3809 videtur,
623 3744 918 3801 existimat.
957 3743 1048 3799 Sic
1079 3746 1224 3800 enim
1256 3751 1309 3800 et
1344 3743 1540 3799 Suidas
1585 3744 1731 3797 illam
1762 3758 1922 3798 usur-

354 3841 449 3906 pat
482 3831 602 3907 (ιιι).
627 3835 948 3891 Consulesis
981 3843 1034 3891 et
1066 3836 1213 3891 viros
1269 3834 1515 3891 eruditos
1546 3833 1614 3888 ad
1646 3832 1918 3889 Pollucem

357 3924 434 3997 (η)
469 3933 631 3994 atque
661 3924 990 3997 Hesychium
1024 3926 1122 3999 (ο).

425 4014 692 4071 Praeterea
731 4017 1038 4074 Methodius
1070 4020 1277 4089 primus
1309 4018 1551 4076 omnium
1576 4018 1641 4074 ad
1676 4018 1922 4076 veritatis

359 4106 731 4163 defensionem
754 4110 1042 4178 scripsisse
1073 4111 1321 4165 adversus
1378 4111 1732 4182 Porphyrium
1765 4125 1920 4165 com-

357 4200 586 4271 peritur,
625 4212 785 4271 quem
809 4210 998 4272 postea
1027 4212 1155 4256 sunt
1178 4203 1352 4258 secuti
1381 4202 1649 4257 Eusebius
1679 4210 1734 4258 et
1754 4202 1919 4272 Apol-

358 4290 572 4347 linaris.
605 4291 737 4363 Ejus
765 4308 924 4363 opus,
956 4290 1232 4346 veteribus
1282 4292 1516 4345 maxime
1568 4292 1920 4355 celebratum,

358 4401 533 4456 usque
563 4384 629 4439 ad
661 4385 848 4440 decem
895 4383 1064 4438 millia
1095 4396 1351 4438 versuum
1386 4387 1751 4450 processerat,
1783 4387 1925 4436 teste

359 4477 690 4547 Hieronymo
716 4475 790 4548 (p)
820 4495 832 4530 :
865 4475 959 4531 sed
995 4475 1220 4540 interiit,
1258 4472 1446 4545 paucis
1490 4472 1813 4542 quihusdam
1844 4472 1926 4525 la-

2017 2006 2130 2050 tum
2162 1992 2438 2064 Symposia
2461 1988 2673 2049 tribuit,
2709 1983 2805 2040 sed
2829 1983 2991 2038 etiam
3032 1981 3230 2035 librum
3266 1978 3407 2045 Hepl
3437 1978 3576 2031 ἀνα-

2015 2087 2307 2151 στάσεως.
2336 2082 2474 2137 Hinc
2514 2080 2621 2135 Leo
2656 2077 2886 2131 Allatius
2934 2071 3175 2128 Gretseri
3214 2072 3576 2141 opinationem

2016 2181 2208 2236 merito
2236 2176 2481 2233 exsulllat
2510 2172 2595 2243 (ε),
2631 2171 2757 2226 dum
2794 2168 2939 2223 nulla
2971 2165 3184 2219 ratione
3213 2164 3435 2218 molitur
3461 2178 3579 2218 eam

2018 2272 2318 2328 orationem
2379 2267 2640 2336 abrogare
2683 2261 2957 2317 Mcthodio
3009 2259 3230 2330 martyri
3258 2273 3322 2311 ac
3353 2256 3575 2319 seniori,

2019 2372 2073 2417 et
2106 2360 2348 2415 tribuere
2387 2351 3015 2422 Constantinopolitano,
3078 2362 3195 2402 cum
3244 2353 3441 2416 praeter
3480 2357 3573 2396 eos

2020 2456 2365 2510 characteres
2386 2463 2525 2519 quos
2558 2446 2720 2501 modo
2754 2442 3129 2503 indicavimus,
3183 2445 3331 2491 tanta
3359 2436 3429 2489 sit
3458 2448 3545 2487 nia

2016 2547 2188 2617 jestas
2229 2540 2432 2613 operis,
2459 2547 2519 2594 ut
2575 2539 2660 2594 vel
2686 2537 2920 2592 maxime
2950 2547 3201 2604 magnum
3243 2527 3572 2584 Methodium

2021 2640 2225 2693 deceat.
2258 2657 2276 2687 ι
2300 2634 2469 2690 Alteri
2499 2647 2628 2688 vero
2656 2631 2722 2687 de
2754 2633 3018 2695 Occursu,
3041 2623 3375 2693 subditidem
3414 2620 3574 2675 Com.

2021 2730 2240 2786 bclisius
2255 2726 2359 2798 (u):
2385 2743 2401 2774 ι
2439 2724 2652 2778 Hancce
2674 2725 2751 2785 εἰς
2765 2720 2832 2774 τὰ
2852 2721 2990 2774 Βάῖσι
3016 2718 3324 2773 Orationem
3346 2711 3575 2767 annecti-

2020 2837 2164 2884 mus,
2196 2834 2307 2873 uno
2336 2817 2484 2889 regio
2523 2817 2710 2871 codice
2740 2830 2891 2869 num.
2930 2812 3036 2867 922
3083 2808 3349 2865 assereuti
3376 2804 3582 2861 Metho-

2022 2914 2111 2968 dio
2165 2909 2411 2979 martyri,
2472 2909 2660 2977 utique
2699 2905 2892 2975 Magno
2942 2903 3018 2957 illi
3051 2909 3105 2956 et
3143 2899 3367 2958 seniori.
3426 2896 3586 2966 cujus

2022 3010 2149 3059 sunt
2176 3010 2229 3057 et
2252 3001 2530 3072 Symposia
2560 3009 2613 3053 et
2638 2998 2742 3051 alia
2788 2997 3070 3067 prteclara,
3106 2993 3189 3047 vel
3235 2993 3286 3046 in
3319 2988 3584 3061 supersti-

2022 3097 2170 3151 tibus
2230 3093 2494 3165 reliquiis,
2525 3090 2722 3162 ingenii
2758 3098 2811 3145 et
2855 3090 2956 3159 piae
2987 3085 3185 3140 mentis
3217 3093 3582 3138 monumenta.

2022 3187 2189 3243 Favet
2216 3187 2380 3240 etiam
2411 3185 2584 3256 stylus
2610 3191 2663 3238 ct
2717 3185 2997 3239 sentcntiae
3027 3180 3263 3235 afﬁnitas
3289 3193 3412 3232 cum
3447 3190 3584 3246 pra:-

2025 3280 2237 3336 cedeuti
2291 3297 2303 3332 :
2344 3291 2654 3348 quanquam
2711 3276 2848 3329 alter
2894 3275 3086 3337 codex,
3146 3274 3260 3343 ipse
3308 3270 3493 3327 forsan
3528 3268 3586 3322 in

2024 3373 2476 3443 Chrysostomum
2525 3367 2771 3432 effusior,
2816 3367 2865 3422 ei
2914 3366 3141 3430 tribuat,
3175 3364 3334 3419 titulo
3388 3363 3466 3425 εἰς
3494 3359 3587 3414 τὸν

2025 3461 2412 3534 εὐλογημένον,
2468 3475 2575 3530 quo
2629 3457 2866 3514 Savilius
2902 3455 3143 3511 Graecam
3190 3455 3381 3510 edidit.
3410 3451 3591 3506 Facile

2026 3557 2226 3611 habent
2257 3552 2452 3618 Graeci,
2479 3560 2539 3606 ut
2562 3552 2765 3622 quaevis
2798 3544 3070 3603 ἀδέσποτα
3126 3548 3242 3603 viro
3289 3553 3444 3600 tanto
3485 3542 3589 3598 tri-

2025 3651 2214 3723 buant.
2248 3667 2267 3700 ι
2303 3645 2578 3700 Hactenus
2604 3643 2979 3723 Combelisius.

2097 3739 2449 3797 Orationibus
2474 3738 2624 3794 hisce
2655 3718 3015 3792 Methodianis
3046 3737 3087 3787 ‘a
3118 3731 3445 3789 Combelisio
3474 3729 3590 3785 edi-

2025 3837 2117 3901 tis,
2152 3832 2456 3904 adjecimus
2485 3836 2586 3885 tria
2625 3830 2927 3902 fragmenta
2959 3844 3027 3884 ex
3053 3827 3280 3882 homilia
3336 3825 3413 3878 De
3439 3838 3591 3877 cruce

2022 3926 2238 3984 Domini
2264 3924 2436 3980 nostri
2470 3923 2600 3978 Iesu
2648 3920 2867 3989 Christi,
2927 3930 2985 3975 ut
3037 3920 3273 3986 videtur,
3308 3924 3585 3986 excerpta.

2023 4021 2142 4075 Duo
2164 4020 2349 4090 priora
2380 4034 2447 4073 ex
2498 4032 2604 4072 ms.
2640 4015 2828 4071 codice
2871 4012 3215 4068 bibliotheca:
3261 4010 3589 4078 Augustanaz

2025 4112 2081 4166 in
2110 4112 2285 4165 lucem
2318 4107 2512 4163 extulit
2537 4106 2772 4161 Jacobus
2800 4103 3085 4158 Gretserus
3111 4104 3216 4171 (e);
3250 4100 3485 4163 tertium,
3516 4112 3582 4153 ex

2024 4203 2211 4258 eadem
2266 4198 2595 4256 bibliotheca
2629 4196 2739 4252 Leo
2766 4195 2995 4249 Allatius
3024 4194 3134 4266 (x);
3175 4193 3264 4262 qui
3294 4198 3346 4245 et
3395 4189 3583 4245 isthtec

2028 4294 2328 4366 fragmenta
2356 4294 2537 4349 omnia
2587 4297 2778 4345 nostro
2837 4288 3109 4343 Methodio
3151 4282 3396 4341 asseruit.
3425 4281 3589 4338 Gret—

2024 4401 2148 4442 sero
2208 4385 2351 4440 enim
2384 4383 2653 4440 dubitanti
2676 4380 2917 4436 occurrit
2951 4379 3037 4435 his
3065 4377 3242 4435 verbis
3274 4392 3288 4429 :
3325 4393 3345 4426 ‹
3383 4371 3459 4429 De
3487 4373 3589 4427 bo-

2028 4485 2171 4532 rum’
2199 4477 2622 4550 fragmentorum
2671 4482 2890 4530 auctore
2949 4472 3160 4528 dubitat
3206 4468 3509 4525 Gretserus.
3535 4472 3593 4519 et

360 4569 521 4623 είιιίίε
551 4568 814 4639 exceptis.
844 4584 964 4638 quae
987 4574 1109 4638 Ροει
1142 4565 1525 4622 CombeﬂSium
1579 4580 1643 4620 ex
1682 4564 1923 4621 Patalle-
1957 4596 2001 4651 Ι)
2030 4586 2152 4626 cum
2186 4586 2251 4626 eo
2279 4570 2531 4624 dubitare
2566 4569 2778 4625 videtur
2808 4567 3080 4623 Aubertus
3105 4563 3306 4618 Mireus
3339 4580 3354 4617 :
3390 4580 3409 4613 ι
3436 4559 3591 4625 Quis,

359 4664 427 4717 lis
455 4660 856 4716 Damascenicis
890 4661 943 4715 in
975 4659 1210 4715 medium
1235 4658 1578 4729 protulimus.

430 4754 528 4811 His
549 4769 713 4825 porro
736 4755 1079 4811 subdidimus
1108 4755 1320 4826 insigne
1358 4754 1516 4825 plane
1558 4751 1923 4823 fragmentum

360 4851 429 4907 de
458 4849 661 4907 Christi
691 4849 995 4915 divinitate,
1031 4850 1175 4921 quod
1225 4847 1536 4904 Combefisii
1593 4845 1925 4919 diligentiam

437 5096 513 5167 (ἡ)
565 5095 751 5154 Graece
813 5103 867 5151 et
920 5095 1112 5167 Latine
1171 5096 1360 5151 Simon
1412 5094 1508 5167 de_
1529 5090 1803 5167 Magistris
1868 5089 1922 5144 in

364 5161 513 5222 Actis
528 5179 831 5239 martyrum
886 5167 955 5221 ad
987 5166 1139 5239 Ostia
1179 5167 1443 5221 Tiberina.
1469 5161 1819 5239 EDIT.PA'_I'B.

365 5240 498 5365 38g)
520 5236 605 5293 Jo.
637 5232 791 5292 Dam.
823 5245 963 5295 orat.
1009 5238 1043 5293 5
1076 5237 1150 5292 De
1194 5239 1378 5308 imag.,
1415 5251 1542 5307 opp.
1564 5241 1699 5289 tom.
1729 5232 1770 5295 1,
1801 5246 1924 5303 pag.

437 5381 505 5449 (ἱ)
544 5378 681 5449 Cav.
716 5377 858 5433 Hist.
888 5379 991 5435 litt.
1026 5376 1391 5444 ad'ann.290,
1426 5384 1559 5433 tum.
1593 5374 1635 5443 l,
1661 5389 1782 5446 pag.
1805 5372 1920 5427 l5‘2.

457 5452 509 5520 Ii)
537 5448 695 5503 Phot.
731 5449 872 5520 Bibl.
904 5451 1026 5505 cod.
1050 5464 1279 5505 ccxxxv.

460 5519 497 5592 ι)
523 5519 865 5592 Method._De
903 5520 1125 5592 crcat.7§
1148 5521 1202 5575 2.

435 5586 712 5664 (rh)_Suid.
749 5589 877 5664 Lex.
905 5598 1048 5664 tom.
1072 5586 1134 5657 ll,
1166 5607 1221 5661 p.
1257 5588 1465 5664 646,}.
1492 5586 1784 5664 Ξενᾶξγ-ος.

436 5658 520 5730 (ni
542 5662 746 5717 Polluc.
777 5661 965 5718 Onam.
996 5661 1089 5715 lib.
1116 5658 1199 5723 ιιῖ,
1226 5677 1345 5730 cap.
1378 5659 1432 5717 4.
1463 5675 1609 5730 num.
1641 5658 1728 5730 59.

436 5727 514 5873 ἑο)
550 5732 791 5805 Ηρεγοῑιη
815 5731 943 5786 Lex.
1006 5740 1137 5787 tom.
1203 5731 1268 5792 ll,
1296 5727 1422 5801 pag.
1462 5729 1582 5784 702.
1618 5745 1669 5782 v.
1706 5727 1922 5782 Ξενὼν.

457 5814 510 5873 p)
543 5802 759 5861 Hieron.
797 5804 955 5873 epist.
983 5802 1069 5870 7U,
1103 5802 1170 5857 ad
1209 5801 1389 5871 Magn.
1419 5810 1553 5855 orat.
1589 5816 1739 5854 num.
1765 5799 1816 5854 5.

457 5799 510 5873 ρ)
543 5799 759 5861 Hieron.
782 5799 955 5873 'epist.
983 5802 1069 5870 7U,
1103 5802 1170 5857 ad
1209 5799 1392 5871 Magn;
1419 5810 1553 5855 orat.
1589 5816 1739 5854 num.
1765 5799 1816 5854 5.

1748 6148 1921 6176 Δ-

2037 4682 2055 4714 ‹
2079 4662 2274 4732 inquit,
2313 4661 2414 4716 iste
2440 4661 2743 4717 Methodius
2781 4659 2961 4725 fuerit,
3004 4673 3099 4729 pro
3120 4663 3271 4711 certo
3328 4652 3596 4707 afﬁrmare

2038 4774 2057 4806 c
2084 4770 2311 4824 nequeo.
2339 4752 2476 4807 Illud
2507 4754 2841 4824 exploratum
2863 4760 2968 4817 est,
3000 4766 3110 4805 non
3156 4748 3328 4803 fuisse
3357 4751 3597 4799 veterem

2038 4864 2055 4894 ιι
2087 4846 2237 4899 illum
2263 4844 2591 4898 Mcthndium
2614 4845 2904 4899 sanctitate
2927 4851 2980 4898 et
3004 4839 3249 4912 martyrii
3278 4836 3449 4909 gloria
3479 4834 3588 4889 ela-

2034 5091 2468 5218 37(q)Theodor.
2505 5089 2650 5144 Dial.
2677 5107 2693 5145 1
2717 5090 3006 5157 Ἀτρεπτ.,
3048 5103 3174 5158 Opp.
3197 5082 3437 5149 tom.lV,
3468 5098 3596 5154 pag.

2104 5233 2174 5303 (r)
2206 5231 2449 5288 Combef.
2478 5233 2531 5286 in
2558 5241 2670 5287 not.
2709 5231 2779 5303 ad_
2824 5228 3083 5303 Method.,
3139 5243 3261 5298 pag.
3300 5224 3428 5303 469,
3460 5231 3512 5279 et
3543 5223 3598 5277 in

2033 5297 2240 5359 recens.
2266 5314 2473 5357 auctor.
2503 5305 2566 5357 ad
2598 5311 2727 5357 tom.
2764 5301 2780 5353 l
2815 5301 2950 5354 Bibl.
2984 5297 3244 5363 conciam,
3280 5302 3335 5367 p'.
3367 5297 3452 5367 5οτ

2107 5376 2173 5446 (δ’)
2208 5374 2444 5446 Method.
2474 5375 2624 5429 Orat.
2649 5373 2888 5446 (ις-89η.
2924 5384 2968 5425 et
2998 5373 3162 5446 dum,
3197 5365 3409 5446 §§_'l_et
3437 5365 3523 5420 l5.

2102 5438 2166 5513 (ι)
2187 5446 2344 5499 Allat.
2379 5444 2548 5499 Dialr.
2582 5451 2645 5497 de
2674 5438 2902 5496 Method.
2934 5443 3136 5511 script.,
3175 5438 3383 5513 ρ’ζδΜ.

2108 5512 2185 5585 (u)
2215 5514 2460 5571 Combef.
2491 5517 2544 5570 in
2576 5525 2688 5570 not.
2711 5516 2774 5567 ad
2796 5513 3052 5571 Method..
3080 5529 3132 5582 p.
3162 5512 3285 5585 ηδ.

2108 5576 2389 5657 (ιῆίϐτοιε.
2426 5595 2557 5641 ιοιιι.
2595 5585 2636 5638 ll
2669 5586 2742 5639 De
2785 5606 2830 5641 ε.
2875 5600 3044 5647 cruce,
3081 5576 3138 5652 ᾖ).
3172 5580 3411 5635 401-404
3462 5576 3596 5634 edit.

2033 5656 2159 5711 nov.
2190 5656 2399 5712 Ratisb.
2436 5658 2592 5711 1754.

2108 5727 2183 5797 (as)
2233 5728 2396 5781 Allat.
2456 5727 2633 5783 Diatr.
2678 5728 2742 5782 de
2790 5725 3022 5782 Method.
3072 5726 3278 5794 script.,
3330 5737 3448 5794 pag.
3494 5718 3599 5774 5w

2036 5816 2150 5866 seq.
