3964 6226
388 181 456 237 Π
1588 176 1920 232 VETEBUM
1958 174 2396 231 TESTIMONIA.
3549 175 3617 231 18

392 322 414 357 ι
452 305 754 368 rissimum,
780 301 875 373 qui
922 302 1023 358 sub
1064 301 1403 370 Diocletiano
1437 302 1682 372 martyrii
1714 301 1947 371 palmam
1978 352 1981 359 ,

2065 299 2153 362 σᾶς
2172 297 2334 363 ἕξεως
2358 299 2449 352 ἐπὶ
2472 297 2777 369 σκεδασμῷ,
2802 296 2862 351 τὸ
2887 295 3226 368 σταυροειδὲς
3251 296 3617 368 παραλαμϐα-

396 416 418 449 ι
453 397 677 466 adeptus
705 402 809 459 est,
831 410 952 449 cum
975 394 1073 449 iste
1089 402 1275 450 noster
1301 393 1608 449 meminerit
1632 394 1950 447 vexillorum

2065 388 2235 445 »εσθαι
2254 390 2558 460 αἰσθόμενοι
2584 389 2786 461 σχῆμα,
2810 387 2877 442 τὰ
2912 386 3215 459 καλούμενα
3233 390 3297 460 τῇ
3343 388 3618 459 Ῥωμαϊκῇ

398 510 419 543 ο
454 505 485 543 a
513 488 840 544 Christianis
862 487 1347 557 imperatoribusin
1366 487 1589 542 formam
1601 486 1781 541 crucis
1803 500 1953 541 com-

395 598 414 631 ι
456 587 788 633 mutatorum
806 586 832 631 ‘:
859 578 926 632 de
952 592 1058 646 qua
1089 577 1387 632 mutatione
1407 577 1508 633 sub
1526 576 1855 632 Diocletiano
1885 592 1954 631 ne

391 688 410 721 ι
449 670 678 740 cogitari
704 669 918 739 quidem
941 676 1175 738 emptum
1205 675 1342 734 erat,
1377 669 1629 725 omnibus
1657 669 1834 723 adhuc
1862 685 1956 739 pu-

391 779 411 813 ι
453 762 613 816 blicis
647 762 782 817 locis
803 761 871 815 ab
896 761 1197 835 idoiolatria
1226 761 1525 831 occupatis.
1565 780 1584 813 ι

458 851 672 919 Quibus
694 852 923 907 Allatius
959 853 1171 922 reponit
1204 871 1217 906 :
1260 870 1278 903 ι
1314 851 1380 905 Et
1417 852 1775 906 nihilominus
1812 849 1952 905 idem

388 943 677 1000 Gretserus
709 945 1048 1013 apertissime
1080 945 1212 1010 dicit
1235 944 1331 1015 (υ),
1359 955 1484 1000 ante
1510 943 1954 1006 Constantinum,

390 1047 637 1115 tempore
659 1036 880 1100 Justini,
910 1036 1231 1092 Tertulliani
1252 1045 1307 1093 et
1357 1036 1579 1091 Minucii
1619 1035 1839 1101 Felicis,
1874 1051 1960 1090 ve-

391 1130 523 1183 xilla
544 1128 803 1184 militaria
828 1128 941 1197 jam
969 1129 1152 1185 crucis
1206 1132 1442 1199 speciem
1494 1127 1787 1183 retulisse:
1822 1126 1957 1181 adeo

392 1229 453 1276 ut
484 1221 576 1276 isti
605 1228 718 1276 tres
741 1221 1038 1290 scriptores
1081 1220 1341 1276 audacter
1368 1219 1604 1275 ethnicis
1633 1217 1955 1287 objecerint,

390 1316 545 1385 ipsos
600 1314 790 1374 eodem
848 1314 1077 1369 crimine
1137 1313 1310 1369 teneri
1342 1328 1467 1367 cum
1529 1310 1879 1372 Christianis,
1913 1310 1960 1364 si

389 1421 615 1462 crucem
672 1406 851 1461 colere
886 1405 1095 1460 crimen
1147 1413 1314 1470 esset,
1345 1414 1550 1460 cumet
1604 1403 1709 1474 ipsi
1738 1417 1957 1457 crucem

389 1499 575 1553 colant
596 1506 651 1553 et
685 1497 932 1561 adorent,
961 1497 1189 1553 colendo
1232 1503 1287 1552 et
1313 1495 1588 1551 adorando
1643 1495 1798 1564 signa
1826 1492 1963 1546 mili-

390 1590 550 1643 taria.
607 1587 675 1642 Et
722 1589 880 1658 longe
926 1598 1052 1643 ante
1103 1587 1449 1644 Constantini
1504 1594 1716 1642 aetatem
1743 1595 1959 1641 exstare

2053 482 2313 552 διαλέκτῳ
2365 480 2587 553 βήξιλλα
2634 482 3067 553 ἐμηχανήσαντο,
3112 496 3169 534 κ.
3192 497 3240 534 τ.
3264 479 3315 534 λ.
3348 477 3462 534 Hoc
3487 486 3573 534 est
3588 469 3616 534 ἐ

2061 573 2199 626 Hinc
2219 574 2556 643 imperatores
2605 574 2695 643 qui
2747 573 2885 626 hisce
2914 573 2970 625 in
3002 571 3132 625 locis
3167 572 3443 640 imperant,
3505 570 3620 627 sive

2056 666 2221 720 etiam
2250 666 2295 721 si
2322 666 2425 730 vis,
2451 665 2619 720 nostri
2664 664 2880 735 (nempe
2910 664 3004 734 qui
3052 662 3210 719 nobis
3231 663 3617 729 dominantur;

2057 753 2203 823 quod
2230 761 2407 823 potest
2429 754 2654 824 intelligi
2679 754 2841 807 etiam
2888 753 2955 808 de
2985 752 3221 808 ethnicis
3257 771 3272 807 :
3317 750 3619 806 Christiani

2057 846 2200 899 enim
2256 855 2381 900 ante
2436 845 2855 901 Constantinum
2905 844 3325 915 imperatoribus
3389 842 3619 898 ethnicis

2059 936 2422 992 subdebantur
2447 938 2660 1008 illisque
2685 936 3052 1010 obediebant),
3080 953 3197 991 cum
3228 936 3456 991 viderent
3485 936 3620 1005 [igu-

2058 1052 2176 1090 ram
2226 1034 2397 1086 crucis
2453 1032 2655 1085 assumi
2705 1029 2772 1084 ad
2820 1029 3062 1084 universa
3113 1029 3259 1082 mala
3285 1026 3616 1096 dissipanda,

2060 1143 2174 1200 qua:
2212 1125 2449 1180 Romano
2487 1138 2724 1177 sermone
2751 1121 2945 1176 vexilla
2997 1129 3383 1189 nuncupantur,
3413 1120 3621 1188 excogi-

2063 1227 2262 1283 tarunt,
2292 1227 2395 1272 etc.
2426 1213 2581 1270 Licet
2603 1229 2735 1284 ergo
2759 1213 2940 1269 omnia
2997 1213 3118 1266 loca
3152 1212 3254 1267 sub
3285 1211 3617 1267 Diocletiano

2062 1308 2366 1367 idololatria
2396 1315 2708 1377 occuparet,
2740 1303 2944 1358 ethnici
2973 1319 3039 1358 ex
3062 1319 3211 1359 more
3232 1318 3353 1370 suo,
3374 1303 3621 1358 nescien-

2063 1411 2144 1458 tes
2172 1400 2301 1471 quid
2332 1398 2589 1461 facerent,
2622 1396 2831 1453 vexilla'
2845 1394 3123 1450 eﬁormata
3159 1395 3215 1449 in
3238 1394 3464 1448 formam
3495 1408 3622 1448 cru-

2064 1494 2144 1549 cis
2175 1492 2566 1556 conﬁciebant;
2599 1505 2829 1560 quorum
2881 1504 3003 1559 ope,
3042 1488 3194 1558 signo
3251 1500 3441 1555 nempe
3474 1500 3537 1539 ac
3560 1484 3622 1539 li-

2064 1600 2196 1655 gura
2216 1584 2417 1647 crucis,
2454 1591 2513 1637 ut
2535 1582 2837 1637 Christiani
2868 1580 3058 1635 Patres
3105 1577 3618 1648 interpretabantur,

389 1694 649 1733 nummos
705 1693 960 1744 excusos,
992 1678 1084 1747 qui
1128 1678 1323 1734 vexilla
1355 1677 1609 1731 militaria
1673 1676 1729 1728 in
1776 1674 1957 1729 crucis
1989 1654 2030 1709 Β
2060 1676 2220 1731 noxia
2257 1675 2636 1739 amolirentur,
2697 1682 2750 1729 et
2772 1682 2970 1729 cuncta
3017 1687 3278 1743 prospera
3323 1686 3624 1741 conseque-

388 1770 631 1841 speciem
651 1770 931 1825 eﬁormata
959 1778 1322 1824 continerent.
1360 1768 1497 1822 llinc
1525 1776 1753 1823 conatur
1805 1777 1959 1836 post-

385 1859 611 1914 modum
636 1859 991 1929 respondere,
1022 1857 1293 1929 quomodo
1323 1857 1717 1912 Constantinus
1746 1855 1961 1909 dicatur

384 1951 662 2006 Labarum
685 1954 741 2006 in
778 1968 996 2008 crucem
1031 1957 1418 2013 commutasse,
1448 1950 1494 2004 si
1518 1949 1671 2021 signa
1703 1947 1960 2002 militaria

391 2041 547 2111 prius
573 2040 797 2095 formam
819 2041 998 2095 crucis
1030 2056 1138 2110 prae
1164 2055 1222 2094 se
1247 2039 1510 2094 ferebant.

469 2131 625 2198 Quod
654 2132 696 2187 si
726 2134 899 2187 multo
929 2140 1055 2188 ante
1087 2130 1433 2187 Constantini
1454 2136 1669 2183 natalem
1705 2126 1961 2181 militaria

401 2226 602 2280 vexilla
628 2226 958 2280 ethnicorum
982 2224 1207 2295 ﬁguram
1240 2223 1419 2289 crucis
1458 2237 1567 2291 prae
1597 2236 1655 2277 se
1694 2220 1959 2284 ferebant,

401 2314 578 2384 potuit
606 2313 880 2368 commode
914 2311 1229 2368 Patarensis
1277 2310 1580 2367 Mclhodius
1633 2325 1818 2366 eorum
1848 2325 1963 2365 me-

396 2405 648 2469 minisse;
705 2420 881 2474 neque
929 2406 999 2461 ob
1045 2405 1188 2459 hanc
1246 2421 1469 2460 causam
1516 2405 1621 2469 illa.
1660 2403 1961 2475 fragmenta

390 2495 671 2552 Metliodio
720 2496 1039 2567 deneganda
1096 2503 1246 2562 sunt,
1287 2512 1410 2550 cum
1452 2511 1519 2550 ex
1574 2495 1748 2566 ipsius
1781 2496 1960 2550 verbis

388 2587 544 2642 nullo
574 2587 739 2642 modo
763 2588 1011 2642 eliciatur
1039 2602 1164 2642 eum
1189 2588 1257 2642 de
1310 2586 1642 2642 Christianis
1666 2588 1963 2657 imperato-

387 2683 546 2737 ribus
588 2683 751 2738 verba
812 2681 1007 2738 facere.
1057 2681 1231 2737 Locus
1275 2680 1652 2736 Methodianus
1693 2679 1958 2751 ejusmodi

386 2783 473 2831 est
507 2774 584 2847 (κ)
617 2794 631 2829 :
691 2774 970 2830 Ἐντεῦθεν
1011 2776 1059 2827 οἱ
1102 2775 1229 2845 τῇδε
1272 2773 1540 2844 βασιλεῖς,
1574 2773 1756 2844 πάσης
1793 2788 1961 2840 πονη-

488 2950 545 3019 y)
576 2949 755 3007 Grets.
783 2959 914 3006 tom.
949 2949 972 3003 Ι
1033 2950 1106 3004 De
1138 2966 1308 3017 cruce,
1339 2951 1434 3006 lib.
1461 2966 1522 3015 ll,
1554 2964 1672 3019 cap.
1699 2951 1787 3005 59.

489 3026 539 3080 ι)
574 3021 810 3080 Method.
835 3022 975 3075 hom.
1002 3020 1066 3073 de
1093 3037 1265 3081 cruce.

487 3090 540 3158 α)
576 3089 786 3146 Tillem.
825 3089 986 3145 Χέθη.
1024 3101 1153 3147 tom.
1185 3089 1251 3157 V,
1281 3106 1335 3161 p.
1367 3090 1472 3144 472
1506 3106 1619 3160 seq.

2059 1776 2265 1823 rentur.
2298 1766 2389 1821 Sic
2415 1768 2609 1821 borum
2628 1765 3049 1837 fragmentorum
3081 1780 3189 1819 non
3217 1771 3301 1819 est
3332 1778 3430 1817 cur
3456 1762 3621 1817 alium

2064 1857 2392 1913 Methodium
2450 1871 2481 1909 a
2540 1855 2821 1909 Patarensi
2882 1868 3190 1925 quaeramus
3238 1860 3535 1907 auctorem.
3597 1870 3617 1903 ι

2061 1943 2338 1998 Hactenus
2384 1943 2636 1999 Allatius.
2681 1943 2881 1997 Allatio
2914 1943 3179 1997 accedunt
3238 1941 3621 1997 Tillemontius

2064 2034 2163 2106 (a),
2204 2042 2257 2089 et
2284 2034 2494 2089 Caveus
2526 2034 2621 2105 (ὁ).
2656 2034 2725 2087 At
2755 2034 3038 2088 Fabricius
3068 2034 3210 2088 hanc
3234 2034 3511 2088 homiliam
3547 2032 3625 2087 De

2063 2143 2214 2180 cruce
2240 2125 2510 2181 Methodio
2532 2125 2635 2179 CP.
2656 2123 3032 2196 attribuit;(c);
3066 2124 3272 2178 nullum
3296 2134 3476 2179 tamen
3501 2124 3625 2180 all‘ec

2063 2235 2190 2274 rens
2220 2224 2619 2289 argumentum,
2647 2232 2756 2288 quo
2779 2232 2932 2273 suam
2963 2217 3284 2272 sententiam
3317 2216 3619 2272 conﬁrmet.

2132 2311 2306 2381 Atque
2327 2311 2442 2365 haec
2469 2309 2537 2365 de
2573 2325 2768 2380 magno
2791 2308 3067 2365 Methodio
3100 2309 3355 2381 episcopo
3385 2317 3438 2364 et
3485 2324 3624 2363 mar-

2062 2412 2181 2475 tyre
2240 2404 2394 2459 satis.
2450 2403 2531 2457 Ad
2580 2402 2787 2472 reliqua
2835 2400 2977 2455 enim
3025 2401 3269 2470 subjecta
3325 2400 3622 2472 fragmenta

2063 2495 2206 2566 quod
2255 2495 2467 2557 attinet,
2522 2493 2657 2547 nihil
2702 2498 2787 2548 est
2809 2508 2864 2545 In
2898 2501 3150 2562 promptu
3201 2492 3343 2562 quod
3375 2490 3621 2561 profera-

2063 2604 2205 2652 mus,
2246 2596 2439 2660 praater
2467 2593 2750 2641 auctorum
2787 2584 3280 2640 ecclesiasticorum
3323 2584 3443 2639 loca
3480 2582 3625 2640 unde

2064 2683 2156 2737 illa
2177 2680 2588 2752 descripsimus,
2622 2695 2742 2750 quae
2776 2678 3069 2748 unicuique
3112 2675 3434 2747 prmﬁgenda
3466 2691 3625 2731 cura-

2065 2777 2261 2832 vimus.

2138 2952 2212 3017 (b)
2251 2953 2380 3008 Cav.
2419 2952 2559 3006 Hist.
2595 2952 2698 3005 litt.
2733 2951 2797 3005 ad
2825 2964 2953 3003 ann.
2980 2947 3106 3013 290,
3142 2962 3195 3017 p.
3224 2947 3344 3002 155.

2138 2954 2191 3013 (ὁ
2251 2954 2380 3008 Cav.
2419 2954 2559 3006 Hist.
2595 2954 2698 3005 litt.
2733 2954 2797 3005 ad
2825 2964 2953 3003 ann.
2980 2954 3106 3013 290,
3142 2962 3195 3017 p.
3224 2954 3265 3000 li

2137 2954 2212 3097 (c;
2239 3023 2452 3079 Fabric.
2494 3022 2636 3077 Bibl.
2669 3019 2761 3075 Gr.
2788 3030 2918 3075 tom.
2947 3017 3016 3085 γ,
3050 3034 3103 3089 p.
3138 3017 3265 3071 260.

1515 3222 3609 3248 .———.—-—————-——_—.——————————————

1314 3338 1892 3434 VETEBUM
1966 3336 2715 3428 TESTIMONIA

1233 3542 1322 3596 DE
1383 3539 1439 3597 S.
1507 3536 1860 3595 METHODIO
1921 3536 2255 3593 EPISCOPO
2310 3536 2398 3590 ET
2464 3535 2818 3592 MABTYRE.

1996 3769 2040 3825 Ι.

992 3886 1051 3941 S.
1081 3885 1430 3941 HIEBONYIUS
1465 3881 1540 3938 De
1567 3885 1669 3940 vir.
1692 3883 1890 3939 illustr.
1912 3896 2026 3935 can.
2052 3876 2141 3945 83,
2170 3894 2287 3933 cum
2326 3886 2489 3931 vetere
2518 3876 2795 3945 interprete
2820 3872 3024 3931 Graeco.

468 4001 725 4065 Μεθόδιος
775 4000 850 4072 (a)
889 4000 1159 4072 Ὀλύμπου
1209 4000 1434 4064 Λυκίας,
1482 4000 1576 4053 καὶ
1626 3999 1761 4070 μετὰ
1791 3996 1960 4051 ταῦτα

2135 3992 2462 4055 Methodius,
2493 3988 2705 4061 Olympi
2736 3988 2914 4061 Lyciae
2936 3995 2991 4043 et
3031 3994 3216 4058 postea
3242 3987 3371 4062 Tyri
3411 3991 3625 4063 episco-

394 4095 576 4166 ’Ῑύρου
627 4092 939 4156 ἐπίσκοπος,
968 4090 1219 4164 λαμπροῦ
1262 4091 1358 4146 καὶ
1406 4090 1760 4162 συγκειμένου
1806 4089 1962 4158 λόγου

392 4185 550 4239 κατὰ
587 4183 924 4253 Πορφυρίων
962 4182 1215 4249 συνέταξε
1255 4183 1453 4254 τεύχη·
1491 4183 1582 4236 καὶ
1618 4182 1966 4251 Συμπόσιον

393 4274 545 4329 δέκα
581 4273 921 4342 παρθένων·
968 4274 1107 4342 Περὶ
1149 4272 1535 4339 ἀναστάσεως
1558 4272 1712 4342 λόγον
1747 4272 1964 4345 ἄριστον

398 4366 543 4419 κατὰ
578 4366 921 4436 Ὠριγένουςσ
972 4366 1112 4418 κατὰ
1149 4365 1241 4420 τοῦ
1288 4364 1449 4418 αὑτοῦ
1488 4365 1629 4434 Περὶ
1656 4366 1963 4419 Πυθωνίσ-

397 4468 538 4519 σης,
563 4454 657 4506 καὶ
680 4454 819 4521 Περὶ
850 4453 1241 4518 αὐτεξουσιου
1261 4472 1274 4485 ·
1305 4458 1392 4520 εἰς
1438 4454 1550 4523 τὴν
1591 4456 1846 4508 Γένεσίιν
1881 4472 1961 4521 τε,

401 4545 492 4595 καὶ
518 4546 606 4609 εις
648 4544 721 4597 τὰ
749 4545 1009 4614 ᾍσματα
1050 4543 1167 4597 τῶν
1212 4544 1495 4613 ᾀσμάτων
1531 4543 1958 4613 Ὑπομνήματα,

473 4676 549 4746 (a)
593 4675 804 4746 Eadem,
823 4675 932 4731 fere
986 4691 1049 4730 ac
1071 4677 1262 4733 iisdem
1287 4677 1463 4732 verbis
1512 4677 1729 4741 Suidas,
1758 4678 1963 4733 exscri-
1994 4726 1998 4730 .

401 4745 538 4802 beas
560 4754 614 4801 et
634 4751 749 4815 ipse
766 4745 1183 4817 Hieronymum:
1210 4756 1416 4801 tantum
1440 4749 1637 4815 adjecit
1660 4748 1727 4801 ad
1755 4749 1964 4817 Ὀλύμ-

401 4828 524 4870 που
550 4818 904 4882 Λυκίαςτὸ,
944 4817 1076 4885 ἦτοι
1129 4817 1430 4885 Πατάρων.
1464 4817 1790 4888 Signiﬁcans
1810 4834 1962 4872 eain-

400 4889 527 4957 dem
589 4894 820 4955 utioque
878 4889 1091 4957 nomine
1141 4889 1314 4940 notari
1369 4888 1661 4951 civitatem,
1712 4890 1870 4957 cujus
1894 4889 1961 4952 is,

400 4956 720 5029 priusquam
747 4956 1133 5029 transferretur
1144 4957 1371 5029 fl‘yrum,
1392 4960 1760 5028 episcopatum
1783 4956 1964 5029 gesse-

403 5026 478 5099 rit
505 5044 519 5077 :
545 5040 786 5099 necesse
818 5026 981 5099 alium
1033 5026 1363 5099 Methodium
1400 5026 1964 5099 quem—Hieronymus

398 5094 603 5148 dixerit
623 5093 855 5216 Olymti,
875 5105 928 5149 et
959 5113 1118 5164 quem
1142 5096 1313 5151 Graeci
1343 5093 1616 5151 celebrant
1642 5093 1963 5151 Patararum

399 5167 742 5216 eoisconuin.
806 5165 1039 5216 'nuidem
1070 5182 1137 5216 ne
1167 5167 1455 5216 vestiaium
1485 5170 1632 5216 nolui
1660 5169 1963 5216 deprellen-

399 5165 742 5237 episcopum.
776 5165 1039 5237 Equidem
1070 5182 1137 5220 ne
1167 5167 1455 5237 vestigium
1484 5170 1633 5237 potui
1660 5169 1965 5236 deprehen-

401 5236 537 5309 dere
575 5236 696 5309 novi
727 5235 891 5309 hujus
943 5237 1199 5309 bleﬁtbodii
1226 5235 1533 5309 Patarensis
1576 5235 1777 5293 diversi
1806 5253 1835 5309 a
1859 5237 1966 5309 Ty-

400 5304 521 5369 rio;
557 5305 920 5375 tribuentibus
946 5306 1143 5375 ubique
1171 5307 1453 5361 codicibus
1484 5307 1756 5363 Metliodio
1806 5304 1965 5361 Pata-

402 5388 576 5446 rensi,
605 5390 738 5446 qua:
768 5374 1128 5446 Hieronynius
1181 5378 1371 5446 tribuit
1408 5392 1508 5431 suo
1561 5379 1634 5430 illi
1692 5377 1963 5432 Methodio

397 5442 647 5518 ριγιυρὶζ
690 5459 754 5497 ac
800 5442 987 5518 postea
1034 5444 1219 5515 Tyrio.
1241 5444 1321 5499 lta
1367 5457 1562 5515 printer
1587 5449 1724 5503 alios
1759 5450 1962 5518 passim

398 5512 773 5591 Qa'iiiascenus
800 5512 858 5568 in
888 5512 1172 5591 Elementis
1211 5512 1625 5591 eminentissimi
1671 5512 1965 5591 cardinalis

400 5581 805 5639 Bunil‘ucaldii:
838 5587 1144 5649 mirumque
1176 5587 1440 5651 videatur,
1475 5595 1529 5641 ut
1569 5588 1763 5651 Graeci,
1797 5589 1968 5644 solius

2067 4102 2190 4159 pus,
2214 4084 2370 4138 nitidi
2409 4082 2806 4152 compositique
2837 4081 3107 4137 sermonis
3127 4120 3143 4147 ,
3183 4082 3458 4136 adversum
3489 4076 3629 4131 Por—

2065 4177 2311 4249 phyrium
2344 4171 2576 4228 confecit
2608 4173 2778 4228 libros
2804 4181 2893 4240 ;et
2924 4171 3260 4242 Symposium
3307 4171 3481 4225 decem
3519 4173 3626 4226 vir-

2063 4273 2242 4341 ginum
2258 4284 2278 4333 ;
2306 4266 2383 4321 De
2428 4266 2806 4321 resurrectione
2826 4280 2962 4334 opus
2984 4263 3260 4335 egregium
3291 4272 3481 4318 contra
3509 4261 3629 4321 Ori-

2066 4375 2288 4431 genein:
2315 4365 2370 4412 et
2390 4356 2651 4412 adversus
2679 4354 2928 4410 eumdem
2953 4353 3016 4407 de
3051 4352 3386 4424 Pythonissa,
3413 4363 3468 4408 et
3487 4353 3628 4422 Περὶ

2068 4446 2487 4512 αὐτεξουσίου.
2537 4444 2603 4498 1η
2646 4444 2885 4499 Genesim
2943 4458 3161 4513 quoque
3205 4450 3260 4498 et
3300 4444 3355 4497 in
3403 4442 3628 4499 Cantica

2070 4540 2395 4595 canticorum
2435 4538 2871 4602 commentarios;
2896 4543 2951 4591 et
2982 4538 3152 4590 multa
3177 4536 3283 4590 alia
3321 4552 3442 4607 quae
3466 4535 3627 4608 vulgo

2068 4676 2381 4732 Patarensis
2423 4674 2759 4731 obscurioris
2810 4673 3127 4727 memoriam
3181 4673 3480 4728 solemnem
3529 4673 3630 4727 ha-

2068 4747 2251 4811 beant,
2283 4761 2547 4815 nusquam
2575 4760 2702 4799 vero
2731 4742 2872 4813 apud
2893 4750 3185 4815 eosAerstet
3212 4745 3471 4815 memoria
3523 4743 3632 4815 Ty-

2072 4818 2156 4880 rii.
2190 4818 2236 4872 si
2266 4812 2603 4887 quidemille
2665 4812 2804 4868 alius
2833 4820 2937 4887 est.
2973 4812 3408 4887 Quare__a:stimo
3456 4812 3629 4887 levius

2070 4880 2454 4956 pronuntiasse
2480 4885 2773 4956 Bai-uniuni
2823 4885 2889 4937 ad
2922 4880 3515 4956 notasAAMartgroCad
3549 4884 3631 4937 al-

2071 4951 2243 5011 ierum
2292 4957 2619 5010 Methodium
2651 4951 3332 5023 ConstantinOpolitanum,
3377 4952 3446 5005 14
3476 4951 3627 5021 .Ιιιιι.,

2030 5052 2034 5057 λ
2070 5029 2197 5081 dum
2235 5044 2299 5082 ex
2351 5027 2498 5083 brevi
2536 5026 2624 5079 illa
2660 5024 2916 5078 citatione
2940 5023 3281 5088 Damasceni,
3311 5033 3448 5076 orat.
3489 5024 3523 5077 '5
3555 5024 3632 5078 De

2070 5098 2230 5166 imag.
2262 5096 2511 5151 lllethodii
2543 5094 2854 5166 Patareusis
2883 5101 2936 5149 et
2974 5097 3250 5166 martyris,
3290 5110 3489 5166 novum
3524 5094 3631 5166 sibi

2070 5163 2327 5236 contingit
2351 5165 2699 5236 Metliodiuin.
2725 5163 3022 5236 Hesychius
3053 5163 3278 5219 Pataras
3309 5163 3496 5236 urbem
3519 5163 3630 5218 Pa.

2072 5238 2211 5290 tarin
2237 5233 2411 5299 v'ocat,
2444 5250 2552 5304 quo
2578 5235 2741 5288 etiam
2783 5233 3001 5304 nomine
3052 5241 3287 5288 montem
3354 5233 3627 5302 nominat;

2069 5323 2170 5376 ego
2189 5310 2435 5376 eumdem
2460 5303 2779 5376 putoatque
2805 5303 3109 5376 Olympum,
3162 5303 3333 5376 Lycia:
3364 5313 3627 5376 montem,

2071 5373 2230 5445 cujus
2255 5378 2367 5445 ipse
2401 5373 2706 5431 bletliodius
2756 5384 2813 5427 ut
2865 5373 3149 5430 familiaris
3180 5373 3234 5445 in
3267 5378 3407 5429 libro
3435 5373 3512 5428 De
3548 5391 3603 5428 re

2070 5442 2292 5500 surrect'.
2350 5446 2614 5518 meminit,
2657 5461 2688 5497 a
2730 5462 2837 5514 quo
2866 5444 3155 5518 AetAcivitas
3202 5442 3462 5518 Olympus
3485 5446 3631 5518 dicta

2072 5518 2177 5581 sit;
2206 5531 2303 5571 nec
2329 5516 2473 5570 aliud
2496 5531 2556 5570 ea
2581 5516 2647 5568 de
2673 5530 2729 5570 re
2747 5515 3071 5571 certioribus
3103 5515 3469 5574 monumentis
3502 5516 3632 5572 hac.

2074 5595 2230 5643 tenus
2253 5587 2511 5643 occurrit.
2537 5588 2812 5642 (lenaeus.
