3964 6226
340 166 400 220 l9
1256 166 1315 220 s.
1357 164 1757 222 uernomus
1796 166 2172 225 EPISCOPUS
2207 167 2294 224 ET
2336 148 2651 223 MABTYR.
3490 168 3562 223 eo

276 352 281 355 _
331 286 664 342 lectitantur.
699 286 765 341 Et
814 286 881 341 ad
916 293 1220 343 extremum
1268 287 1578 343 novissimae
1633 304 1886 359 persecu-

2000 291 2081 345 ιιαὶ
2106 291 2267 363 ἕτερα
2296 291 2463 344 πολλά
2493 285 2661 362 χύδην
2692 290 3193 361 ἀναγινωσκόμενα.
3216 289 3311 351 Ὃς
3342 288 3469 358 περὶ
3492 286 3562 341 τὰ

329 375 516 444 tionis,
551 378 685 445 sive,
722 386 782 432 ut
813 379 905 433 alii
936 377 1224 444 alllrmant,
1253 379 1328 450 (α)
1362 380 1464 434 sub
1490 378 1654 435 Decio
1683 389 1736 436 et
1772 379 1884 436 Va-

2000 383 2273 437 τελευταῖαι
2315 384 2408 436 τοῦ
2455 382 2719 454 διωγμοῦ,
2749 382 2784 453 ἢ
2820 382 2998 446 καθώς
3024 398 3167 444 τινες
3201 378 3558 450 βεϐαιοῦνται,

326 470 566 536 leriano,
614 472 671 525 in
703 471 960 529 Chalcide
1005 469 1226 526 Graecia:
1278 472 1539 543 martyrio
1591 481 1887 530 coronatus

2000 474 2085 527 ἐπὶ
2112 475 2299 529 Δεκέου
2322 478 2415 529 καὶ
2441 474 2768 548 Βαλεριανοῦ
2796 474 2854 528 ὲν
2882 472 3106 528 Χαλκίδι
3140 472 3241 543 τῆς
3277 469 3562 543 ’Δνατολῆς

324 570 427 617 est.
1994 569 2348 639 μαρτυρήσας
2381 567 2749 639 ἐστεφανώθη.

738 681 907 747 Idem,
937 686 1086 753 epist.
1121 685 1210 751 48,
1237 684 1306 739 ad
1332 684 1755 748 Pammachium,
1782 702 1925 740 num.
1958 688 2048 755 15,
2077 688 2210 759 Opp.
2242 700 2367 743 lam.
2406 688 2448 751 l,
2483 707 2603 760 pag.
2644 690 2770 754 220,
2801 688 2929 745 edit.
2965 688 3155 743 Veron.

395 802 678 883 Origenes,
719 804 1048 873 lit-ﬁsodius,
1098 806 1386 873 Eusebius,
1428 807 1781 877 Apollinaris,
1836 809 2022 864 multis
2072 825 2328 864 versuum
2361 810 2603 864 millibus
2650 809 2900 864 scribunt
2943 807 3203 864 adversus
3241 805 3460 862 Celsum
3505 812 3560 860 et

319 908 702 979 Porphyrium.
1793 936 1826 960 ο.

984 1026 1155 1088 Idem.
1187 1028 1341 1097 epist.
1365 1027 1456 1094 70,
1484 1022 1837 1096 adﬁagnum
1858 1031 2146 1087 oratorem,
2175 1038 2323 1077 num.
2361 1023 2416 1087 5,
2442 1021 2594 1089 ibid.,
2627 1038 2748 1093 pag.
2780 1021 2905 1077 425.

387 1145 738 1217 Scripserunt
780 1153 972 1202 contra
1018 1161 1118 1200 nos
1165 1144 1359 1199 Celsus
1387 1152 1549 1213 atque
1586 1140 1948 1213 Porphyrius:
1992 1140 2160 1211 priori
2217 1139 2498 1210 Origenes,
2564 1139 2718 1194 alteri
2778 1136 3118 1200 Methodius,
3185 1134 3452 1190 Eusebius
3504 1142 3559 1189 et

317 1240 642 1310 Apollinaris
670 1239 965 1293 fortissime
1000 1236 1423 1308 responderunt.
1462 1234 1708 1301 Quorum
1752 1233 2019 1305 Origenes
2072 1240 2197 1287 octo
2231 1233 2454 1304 scripsit
2490 1232 2657 1289 libros
2690 1250 2704 1298 ;
2734 1231 3038 1288 Methodius
3055 1243 3227 1298 usque
3260 1228 3326 1280 ad
3370 1225 3559 1281 decem

320 1335 487 1393 millia
516 1334 758 1406 procedit
779 1349 1056 1397 versuum,
1089 1341 1194 1387 etc.

912 1451 1060 1509 Idem
1083 1451 1135 1507 in
1158 1451 1370 1521 pra’fat.
1403 1450 1470 1504 ad
1501 1448 1811 1505 Comment.
1840 1461 1897 1500 In
1922 1442 2223 1507 Danielem,
2254 1440 2383 1496 ibid.
2412 1450 2539 1495 tom.
2579 1437 2647 1503 ι’,
2672 1453 2792 1509 pag.
2825 1436 2950 1493 617.

388 1568 686 1639 Porphyrio
740 1569 1099 1623 solertissime
1143 1568 1541 1638 responderunt
1589 1562 1858 1621 Eusebius
1904 1559 2261 1616 Caesariensis
2310 1560 2601 1629 episcopus
2661 1557 2837 1614 tribus
2884 1555 3293 1618 voluminibus,
3341 1554 3395 1609 id
3442 1560 3559 1622 est,

318 1668 511 1718 octavo
536 1663 746 1719 decimo
786 1671 838 1719 et
863 1680 1007 1717 nono
1046 1664 1259 1718 decimo
1287 1671 1341 1718 et
1380 1663 1640 1718 vicesimo
1672 1680 1687 1728 ;
1744 1658 2113 1730 Apollinarius
2151 1672 2367 1727 quoque
2414 1672 2523 1713 uno
2580 1655 2772 1727 grandi
2809 1654 2971 1722 libro,
3024 1653 3127 1713 hoc
3176 1662 3262 1708 est
3300 1652 3557 1709 vicesimo

318 1767 499 1826 sexto;
530 1770 584 1815 et
605 1768 731 1814 ante
761 1760 860 1816 hos
882 1777 948 1814 ex
986 1769 1136 1830 parte
1166 1758 1490 1815 Methodius.

958 1880 1103 1934 Idem
1140 1881 1193 1934 in
1221 1879 1527 1935 Comment.
1560 1877 1627 1932 ad
1663 1873 1871 1931 Daniel.
1901 1890 2016 1945 cap.
2052 1889 2175 1935 xm.
2204 1872 2356 1939 ibid.,
2384 1883 2510 1927 tom.
2541 1870 2607 1933 γ,
2635 1887 2755 1941 pag.
2792 1870 2914 1926 750.

384 1998 555 2068 Cujus
616 1998 943 2071 (Porphyrii)
987 1999 1277 2083 calumniae
1325 1998 1539 2069 plenius
1586 1993 1985 2066 responderunt
2027 1991 2296 2048 Eusebius
2346 1989 2736 2053 Ctesariensis,
2792 1986 3165 2059 Apollinarius
3192 1985 3554 2050 Laodicenus,

318 2098 373 2151 et
402 2106 468 2145 ex
492 2102 647 2167 parte
681 2090 1080 2149 disertissimus
1107 2093 1190 2147 vir
1219 2100 1427 2162 martyr
1454 2090 1780 2146 Methodius.

982 2209 1130 2264 Idem
1161 2209 1255 2264 lib.
1287 2226 1324 2264 ιι
1353 2220 1540 2264 contra
1564 2207 1840 2271 Ruﬁnum,
1869 2222 2014 2260 num.
2041 2204 2131 2269 ⁸53,
2154 2203 2308 2266 ibid.,
2342 2212 2467 2257 tam.
2493 2199 2576 2265 II,
2607 2217 2728 2271 pag.
2753 2200 2878 2255 527.

384 2330 467 2388 Ex
529 2347 595 2387 eo
642 2333 788 2403 quod
839 2332 1082 2395 asserui,
1135 2330 1494 2403 Porphyrium
1547 2337 1737 2384 contra
1792 2329 1938 2383 hunc
1985 2328 2305 2398 prephetam
2363 2322 2689 2395 (Danielem)
2739 2321 2908 2374 multa
2956 2319 3195 2383 dixisse,
3260 2317 3559 2386 vocavique

318 2425 479 2496 hujus
507 2425 586 2479 rei
619 2432 787 2480 testes
822 2423 1177 2491 Methodium,
1212 2422 1502 2479 Eusebium
1532 2430 1586 2477 et
1620 2419 2042 2491 Apollinarium,
2073 2418 2165 2489 qui
2203 2417 2387 2471 multis
2423 2429 2679 2469 versuum
2731 2412 2976 2465 millibus
3008 2410 3154 2464 illius
3203 2409 3437 2463 vesaniae
3470 2422 3558 2461 re-

319 2518 674 2588 sponderunt,
723 2534 808 2573 me
841 2534 1099 2573 accusare
1153 2518 1353 2588 poterit
1401 2533 1571 2587 quare
1603 2533 1714 2574 non
1758 2517 1812 2570 in
1852 2513 2269 2586 praefatiuncula
2297 2520 2486 2565 contra
2512 2507 2799 2579 Porphyrii
2828 2506 2998 2561 libros
3027 2505 3366 2576 scripserim.

321 2747 379 2811 ε.
415 2748 721 2811 Caesonius
744 2749 1037 2817 Nrsssuus,
1061 2752 1138 2806 Ex
1169 2764 1357 2824 qumst.
1381 2752 1449 2809 de
1473 2768 1539 2809 eo
1722 2755 1814 2879 sis,
1845 2754 1933 2879 ad)
1941 2754 2238 2878 ὶιιιξιείὶιὲειὲ
2253 2750 2348 2806 Dei
2365 2757 2418 2805 et
2446 2748 2513 2804 ad
2540 2743 2973 2807 similitudinem,
3004 2739 3136 2809 Opp.
3169 2746 3296 2794 tam.
3320 2736 3403 2802 II,
3431 2751 3553 2807 pag.

1685 2866 1699 2879 .
1731 2843 1758 2879 e
1798 2835 1858 2879 ιε.
1937 2843 2067 2879 aris.
2173 2842 2205 2878 ο
2245 2863 2260 2877 .

1685 2866 1699 2889 ,
1731 2835 1858 2880 edit.
1887 2835 2067 2879 Paris.
2104 2835 2260 2878 ιϋῧδ.

391 2937 600 2993 Idcirco
631 2946 685 2992 et
716 2938 982 3003 animam,
1021 2939 1196 3010 inquit
1225 2939 1529 2997 Methodius
1563 2941 1619 2996 in
1654 2939 1881 3010 Sympo-

321 3031 421 3093 sio,
481 3029 745 3086 immensa
790 3031 1023 3100 quadam
1062 3040 1115 3088 et
1173 3034 1523 3089 inenarrabili
1582 3034 1883 3106 pulchritu-

320 3122 445 3174 dine
478 3121 711 3190 pollere;
745 3136 973 3191 eamque
993 3124 1064 3177 ob
1113 3140 1333 3179 causam
1364 3125 1885 3195 quadamvelulize-

325 3213 522 3284 lotypia
546 3219 599 3268 et
627 3228 810 3268 amore
837 3214 981 3270 illius
1005 3214 1231 3287 ﬂagrare
1256 3218 1481 3288 spiritus
1514 3217 1881 3282 adversarios,

325 3312 511 3374 utpote
541 3318 661 3373 quae
691 3307 1066 3374 [praestantiore
1086 3324 1248 3377 quam
1281 3309 1384 3379 ipsi
1404 3348 1420 3371 .
1451 3310 1577 3365 licet
1607 3310 1886 3381 spiritales

324 3402 379 3459 et
405 3396 766 3468 intelligentes
797 3397 927 3464 sint,
964 3397 1137 3454 forma
1167 3401 1238 3458 sit
1269 3401 1493 3472 praedita
1522 3401 1620 3474 (b).

1873 3468 1961 3524 llI.

2062 2938 2223 2993 Ὅθεν
2248 2938 2341 2991 καί
2367 2952 2497 3007 φησι
2536 2932 2635 3004 τὴν
2659 2926 2834 2999 ψυχὴν
2860 2929 2917 2981 ὲν
2941 2927 3018 2999 τῷ
3046 2926 3364 2997 Συμποσίῳ
3393 2928 3421 2980 ὁ
3450 2926 3555 2980 Με-

1988 3032 2160 3095 θὸδιος
2182 3032 2462 3102 ἀμήχανον
2484 3030 2577 3082 καὶ
2596 3028 2883 3099 ἀδιήγητον
2904 3023 3096 3085 κάλλος
3119 3020 3260 3092 ἔχειν
3278 3037 3291 3050 ·
3319 3022 3414 3074 καὶ
3435 3017 3553 3073 τού-

1986 3144 2078 3179 του
2130 3125 2286 3195 χάριν
2336 3122 2522 3192 ὥσπερ
2567 3117 2979 3191 ξηλοτυπεῖσθαι
3009 3116 3102 3171 καὶ
3129 3113 3355 3187 ἐρᾶσθαι
3384 3111 3552 3182 αὐτὴν

1991 3219 2095 3272 ὑπὸ
2140 3216 2245 3270 τῶν
2289 3214 2539 3269 ἐναντίων
2584 3211 2923 3283 πνευμάτων,
2948 3210 3023 3274 ὡς
3068 3208 3349 3281 κρείττονα
3376 3204 3555 3260 αὐτῶν

1990 3311 2098 3364 τῶν
2126 3309 2326 3382 νοερῶν
2357 3306 2740 3379 περικειμένην
2772 3304 3004 3375 μορφήν.

1440 3594 1497 3652 S.
1533 3594 1872 3658 Ertpnsmus,
1898 3595 2027 3649 luer.
2051 3608 2199 3657 LXIV,
2228 3607 2341 3660 cap.
2366 3591 2454 3646 63.

396 3711 572 3782 Atque
598 3711 713 3767 hac
742 3722 914 3769 sunte
941 3714 1085 3770 beati
1115 3714 1391 3781 Methodii,
1414 3718 1505 3788 qui
1536 3726 1589 3772 et
1620 3715 1883 3773 Eubulius

328 3803 509 3859 dictus
531 3813 634 3868 est,
663 3804 882 3873 scriptis
909 3805 1099 3860 ordine
1138 3806 1414 3877 decerpta.
1448 3837 1518 3847 —-
1546 3806 1713 3863 Multa
1740 3807 1888 3862 enim

329 3894 398 3953 ad
440 3895 581 3951 idem
611 3905 1009 3967 argumentum,
1047 3896 1351 3953 Methodius
1382 3898 1490 3960 ille,
1538 3898 1616 3954 vir
1646 3898 1890 3968 apprime

327 3990 545 4053 doctus,
580 3989 987 4058 acerrimusque
1018 3990 1261 4045 veritatis
1291 3999 1574 4060 patronus,
1608 3990 1664 4044 in
1695 3989 1887 4046 eodem

329 4081 469 4142 libro
496 4080 701 4152 (contra
733 4079 1032 4152 Origenem)
1061 4081 1380 4151 disputavit.

398 4279 691 4352 (a)lsthmc
718 4282 813 4336 sub
855 4280 1006 4335 Decio
1050 4291 1098 4352 et
1140 4279 1434 4352 Yaleriano
1465 4280 1628 4335 verba
1674 4280 1727 4333 in
1767 4296 1889 4335 om-

329 4349 477 4405 nium
504 4352 952 4421 praestantissimo
982 4350 1103 4406 cod.
1139 4349 1438 4404 Veronensi
1477 4366 1583 4404 non
1638 4358 1798 4415 sunt;
1825 4367 1893 4406 ex

330 4438 439 4491 quo
494 4424 637 4478 venit
673 4424 727 4476 in
779 4430 1013 4475 mentem
1065 4421 1330 4491 suspicari
1366 4421 1525 4491 etiam
1569 4421 1681 4483 illa,
1707 4422 1812 4474 sive
1835 4431 1892 4474 ut

330 4490 425 4562 alii
451 4493 733 4562 afﬁrmant,
765 4507 796 4548 e
836 4490 1343 4562 glossatorismanu
1388 4490 1650 4560 profecta,
1687 4492 1891 4562 sensim

328 4561 381 4616 in
415 4560 617 4618 textum
652 4560 954 4631 irrepsisse.
982 4561 1057 4617 lie
1088 4572 1263 4615 autem
1290 4563 1405 4629 ipsa
1438 4577 1541 4615 non
1572 4562 1729 4615 habet
1763 4560 1891 4614 Sui-

328 4640 447 4699 das,
474 4633 507 4704 ἢ
540 4632 718 4696 καθώς
753 4649 895 4704 τινες
927 4632 1377 4704 διαϐεϐαιοῦνται.
1403 4632 1508 4704 sive
1540 4642 1595 4684 ut
1637 4632 1894 4704 aliiamr-

329 4697 727 4770 maat,'tametsi
770 4702 947 4773 jungit
978 4705 1067 4757 ἐπὶ
1095 4703 1281 4756 Δεκίου
1298 4701 1391 4773 καὶ
1418 4697 1771 4773 Βαληριανοῦ,
1792 4697 1891 4755 sub

337 4777 487 4832 Decio
518 4782 567 4829 et
629 4771 943 4839 Valeriano,
992 4771 1446 4841 quemadmodum
1485 4771 1650 4826 etiam
1700 4782 1894 4827 auctor

331 4845 617 4915 Menoiogii
639 4859 668 4897 a
691 4843 886 4899 Sirlcto
908 4844 1059 4899 editi.
1113 4844 1219 4897 Sed
1265 4843 1378 4897 hate
1408 4842 1517 4915 duo
1545 4843 1766 4915 nomina
1796 4843 1894 4897 ad-

330 4917 530 4972 diderit
547 4913 828 4971 nonnemo
860 4915 926 4968 ad
957 4914 1079 4969 libri
1106 4929 1278 4977 oram,
1326 4920 1385 4965 ut
1408 4913 1500 4981 qui
1537 4914 1892 4967 novissimam

333 4986 762 5057 persecutionem
795 4993 1078 5057 moverunt
1101 4987 1590 5057 imperatores,‘suo
1618 4999 1780 5037 sensu
1809 4983 1895 5037 in-

332 5054 569 5117 dicaret;
600 5057 737 5110 alius
767 5070 895 5110 vero
926 5054 1114 5109 eadem
1169 5055 1418 5108 illaturus
1475 5054 1531 5107 in
1577 5061 1800 5115 textum,
1836 5063 1894 5107 ut

334 5128 519 5182 fucum
572 5125 770 5180 iaceret
799 5126 1218 5196 credibiliorem,
1267 5123 1641 5196 praeposuerit,
1693 5125 1798 5177 sive
1837 5133 1893 5177 ut

334 5197 431 5251 alii
485 5195 764 5321 agirmant.
827 5193 1110 5265 Utcunque
1150 5212 1208 5249 se
1259 5193 1346 5249 res
1383 5193 1652 5257 habuerit,
1685 5205 1893 5249 certum

334 5275 419 5321 est
444 5281 505 5321 su
570 5267 718 5320 hisce
746 5268 1183 5321 imperatoribus.
1216 5265 1319 5319 hoc
1348 5273 1429 5318 est
1459 5280 1600 5317 anno
1628 5262 1754 5321 254,
1785 5263 1893 5318 Me-

334 5275 419 5323 est
444 5262 546 5321 sub
570 5267 718 5320 hisce
746 5262 1183 5336 imperatoribus,
1216 5265 1319 5319 hoc
1348 5273 1429 5318 est
1459 5280 1600 5317 anno
1628 5262 1762 5336 254,
1785 5263 1896 5336 Με-

335 5337 581 5393 thodium
616 5334 877 5405 martyrio
905 5352 1019 5391 non‘
1042 5337 1211 5390 fuisse
1244 5343 1592 5399 coronatum;
1624 5334 1893 5401 siquidem

337 5416 459 5478 post
480 5420 652 5478 annos
685 5407 1115 5478 quatuordecim,
1150 5406 1315 5478 id~est
1343 5405 1469 5478 Ξββ,
1512 5405 1808 5475 l’orphyrio
1839 5406 1893 5458 in

336 5474 675 5545 Christianos
694 5474 1022 5530 bbtrectanti
1052 5474 1347 5545 respondit.
1382 5474 1652 5528 VALLARS.

412 5548 485 5616 (b)
518 5544 702 5599 Exstat
733 5545 884 5616 locus
910 5544 1162 5616 Methodii
1185 5563 1213 5598 a
1244 5545 1771 5616 NyssenoAlaudatus
1792 5544 1895 5616 sub

340 5613 553 5679 initium
587 5623 721 5671 orat.
747 5615 798 5671 6.
828 5613 1039 5673 Videsis
1085 5613 1337 5672 Allatiuin
1377 5616 1431 5672 in
1476 5614 1654 5671 Diatr.
1682 5615 1744 5670 de
1781 5613 1893 5671 Με-

2063 3713 2248 3768 Ταῦτα
2281 3713 2378 3784 μὲν
2405 3707 2499 3765 οὖν
2525 3711 2671 3763 ἐστιν
2715 3708 2822 3763 ἀπὸ
2855 3707 3052 3779 μέρους
3089 3705 3210 3760 καθ’
3236 3705 3424 3777 εἱρμὸν
3452 3705 3557 3759 τῶν

1996 3807 2099 3860 ὑπὸ
2128 3806 2219 3859 τοῦ
2257 3805 2557 3877 μακαρίτου
2580 3801 2967 3866 Μεθοδίου,τοῦ
2985 3800 3078 3852 καὶ
3096 3797 3385 3852 Εὐὸουλίου
3418 3796 3554 3868 (c)...

1953 3957 1958 3963 ,
1994 3897 2170 3952 Πολλά
2200 3898 2308 3969 γὰρ
2336 3897 2428 3950 καὶ
2455 3896 2617 3967 ἕτερα
2647 3896 2703 3948 ὲν
2727 3897 2792 3965 τῇ
2825 3893 2955 3966 περὶ
2981 3892 3078 3962 τῆς
3104 3891 3408 3954 ὑποθέσεως
3439 3891 3557 3944 ἀκο-

1993 3990 2178 4062 λουθίᾳ
2224 3990 2301 4060 τῷ
2348 3988 2731 4061 προειρημένῳ
2764 3985 3027 4054 Μεθοδίῳ,
3060 3984 3211 4055 ἀνδρὶ
3237 3982 3400 4053 λογίῳ
3425 3982 3556 4044 ὄντι,

1994 4083 2085 4135 καὶ
2108 4081 2309 4152 σφόδρα
2338 4080 2464 4152 περὶ
2488 4080 2587 4150 τῆς
2608 4079 2860 4151 ἀληθείας
2885 4077 3277 4147 ἀγωνισαμένῳ
3298 4073 3556 4145 εἰρημένα

1993 4172 2227 4245 εἴρηται.
2404 4179 2417 4192 ⁸

1995 4285 2291 4339 thodiorum
2314 4285 2544 4351 scriptis,
2574 4299 2706 4354 pag.
2724 4281 2849 4345 516,
2870 4280 3000 4336 edit.
3035 4280 3190 4354 liora.
3217 4278 3374 4354 1656.

2064 4358 2139 4425 (c)
2166 4356 2242 4413 Ita
2286 4347 2810 4425 Epiphanius:th
2840 4354 3093 4425 indicant
3133 4350 3435 4425 Convirium
3466 4347 3557 4425 de-

1993 4420 2101 4482 cem
2125 4420 2409 4496 'virginu'm',
2442 4428 2496 4479 in
2525 4423 2920 4496 quoEnbulius
2937 4437 3182 4491 persona:
3206 4422 3365 4496 unius
3390 4420 3557 4496 e_pri-

1994 4500 2098 4552 mis
2157 4491 2353 4550 nomen
2408 4491 3068 4556 est[celebratissimum
3144 4494 3228 4547 sui
3290 4491 3559 4545 excellen-

1995 4569 2066 4620 tia
2099 4583 2399 4634 cognomen
2442 4565 2658 4620 Eubulii
2694 4565 2904 4618 auctori
2963 4562 3233 4634 Methodio
3270 4561 3557 4634 adjegisse.

1994 4637 2126 4690 Nam
2169 4630 2254 4688 'vn
2315 4637 2545 4705 primum
2598 4637 2679 4689 vel
2740 4637 2881 4689 inter
2934 4634 3104 4705 prima
3144 4630 3399 4705 Melhouii
3456 4631 3558 4705 hoc

1993 4723 2132 4778 opus
2180 4701 2401 4778 exiisse.
2433 4706 2670 4760 indicant
2721 4706 2808 4778 illa
2856 4701 3346 4778 ejusdcm_P_atris_
3394 4701 3557 4778 verba

1996 4770 2049 4831 in
2076 4778 2342 4847 principio
2370 4776 2626 4847 ihotnilim
2669 4782 2723 4828 ιἰι
2757 4770 3062 4847 διμιιὲοιιεηι
3084 4790 3102 4827 :
3125 4774 3296 4847 ῌάλαι
3334 4770 3554 4847 ἱκανῶς,

1994 4839 2211 4911 ὼςόἷόν
2243 4839 2322 4908 ὗε,
2361 4846 2448 4899 διὰ
2491 4844 2732 4916 βραχέων
2755 4839 2822 4900 τᾶ
2869 4846 2995 4916 περὶ
3042 4844 3333 4916 παρθενίας
3359 4843 3416 4916 ἐν
3434 4839 3560 4916 τρῖς

1990 4918 2127 4987 περὶ
2164 4918 2403 4985 ἁγνείας
2459 4911 2827 4987 Σίνμὲέοσίοις
2875 4911 3325 4987 κατεστρωκότων
3381 4911 3555 4987 ἡμῶν.

1997 4984 2109 5043 [loc
2138 4984 2221 5043 est
2254 5007 2265 5041 :
2296 4987 2427 5041 Cum
2463 4984 2579 5055 jam
2632 4986 2862 5054 quidem,
2913 5002 3027 5055 qua:
3058 4984 3163 5038 dici
3194 4994 3472 5053 potuerunt
3496 4984 3559 5055 de

1997 5060 2311 5127 virginitate,
2367 5054 2610 5112 Convivia
2666 5069 2845 5110 nostra
2893 5054 2956 5110 de
2984 5057 3227 5109 castitate
3275 5054 3571 5127 integrari-.-

1997 5124 2132 5192 mus,
2158 5138 2260 5183 etc.
2291 5128 2410 5182 Jam
2439 5130 2651 5197 quidem
2677 5130 2821 5181 hunc
2853 5144 2881 5181 a
2905 5143 2971 5197 se,
2999 5128 3193 5179 librum
3224 5128 3299 5197 ait
3328 5124 3558 5197 editum,

1995 5215 2118 5253 cum
2171 5200 2317 5253 illam
2354 5194 2628 5252 humilium
2663 5200 2901 5252 haberet.
2937 5195 3058 5249 Fuit
3106 5197 3217 5249 haec
3244 5195 3409 5264 igitur
3441 5194 3559 5259 ejus

1996 5270 2079 5323 vel
2104 5270 2278 5339 prima
2298 5270 2380 5324 vel
2413 5271 2551 5322 inter
2599 5269 2800 5337 primas
2832 5266 3138 5322 lucubratio
3170 5282 3180 5315 :
3219 5281 3285 5339 ex
3306 5283 3436 5339 qua2
3456 5268 3559 5322 sic-

1997 5346 2057 5392 ut
2104 5334 2367 5394 ‘Clemens
2390 5334 2783 5393 Alexainzriuus
2805 5354 2833 5392 e
2860 5339 2975 5393 suis
3008 5334 3368 5404 Stpwpdtwic
3398 5334 3559 5388 Com-

1998 5410 2299 5469 mentariis.
2337 5408 2641 5471 Stromatei,
2670 5418 2722 5463 et
2751 5406 3008 5471 Joannes,
3047 5409 3220 5461 Scalae
3252 5416 3458 5468 auctor,
3492 5419 3558 5458 ex

2003 5480 2094 5533 illo
2115 5495 2214 5533 suo
2243 5479 2403 5542 libro.
2453 5479 2676 5534 Climaci
2706 5492 2724 5530 :
2757 5480 2836 5533 sic
2867 5478 3174 5533 Methodius
3208 5476 3419 5529 Επιὺαίἱὶ
3469 5488 3562 5528 co-

2002 5565 2232 5620 gnomen
2263 5550 2419 5628 facile
2452 5550 2664 5607 trahere
2692 5551 2885 5621 potuit.
2922 5551 3131 5605 horren
3151 5549 3449 5603 Luesnecs.
