3964 6226
322 234 388 291 21
1509 237 1838 296 VETERUM
1880 242 2318 302 TESTIMONIA.
3508 270 3580 324 23

1910 380 2001 438 ιν.

1135 494 1386 552 Αιωιιιιιε
1412 494 1780 554 Οεςιιιιεκειε
1808 499 1862 553 in
1887 500 2109 572 Apocal.
2137 519 2292 557 serm.
2321 503 2407 566 ll,
2442 521 2559 575 cap.
2595 505 2683 561 55.

403 608 459 662 '0
499 606 559 662 δὲ
607 607 780 679 μέγας
822 608 1079 675 Μεθόδιος
1124 615 1203 677 είς
1243 614 1342 685 τὴν
1376 615 1536 682 ἁγίαν
1575 616 1899 687 Ἐκκλησίαν

2063 604 2132 673 ἈΙ
2169 635 2396 690 magnus
2436 621 2742 680 Methodius
2788 625 2854 681 ad
2901 626 3199 685 Ecclesiam
3247 633 3470 699 retulit,
3519 633 3577 690 in

323 699 596 766 ἐξέλαϐεν,
639 701 952 772 ἀνάρμοστα
978 707 1042 774 τῇ
1075 705 1362 778 δεσποτικῇ
1397 710 1648 779 γεννήσει
1675 709 1740 762 τᾶ
1772 710 1898 781 περὶ

2003 710 2298 766 Dominicae
2324 714 2623 771 nativitatis
2639 718 2955 788 mysterium
2977 736 3170 790 parum
3187 737 3248 777 ea
3280 727 3576 782 convenire.

322 792 494 861 αὐτῆς
521 793 888 863 ἡγησάμενος,
915 795 1001 848 διὰ
1027 797 1087 849 τὸ
1129 797 1227 868 ἥδη
1269 799 1372 871 πρὸ
1413 799 1606 853 πολλοῦ
1649 801 1897 871 τετέχθαι

322 885 413 937 τὸν
440 883 645 956 Κύριον
671 884 846 954 ἡμῶν.
876 886 1052 939 Καλὸν
1084 888 1140 941 δὲ
1174 891 1266 943 καὶ
1292 890 1470 944 αὐτῶν
1499 891 1606 945 τῶν
1641 894 1898 963 ῥημάτων

321 976 418 1030 τοῦ
455 975 728 1046 μακαρίου
771 977 1030 1030 Μεθοδίου
1075 982 1398 1051 μεμνῆσθαι,
1425 984 1483 1045 ὃς
1511 1001 1672 1052 φησιν
1717 987 1772 1037 ἐν
1822 984 1897 1056 τῷ

322 1069 599 1140 λεγομένῳ
647 1071 969 1137 Συμποσίῳ
1013 1073 1077 1124 ἐκ
1116 1073 1404 1144 προσώπου
1445 1075 1692 1147 Πρόκλης
1746 1078 1897 1148 (lege

322 1159 641 1230 Προκίλλης)
673 1160 874 1225 οὕτως’
923 1163 984 1218 Ἠ
1008 1164 1179 1232 γυνὴ,
1209 1166 1302 1219 καὶ
1329 1167 1395 1219 τὰ
1422 1167 1566 1238 ἑξῆς.

2003 808 2158 856 ratus
2183 817 2302 872 quae
2325 801 2426 856 hoc
2466 804 2586 859 loco
2611 805 2678 860 de
2709 807 2801 861 illo
2835 819 3131 864 narrantur
3163 831 3175 866 :
3212 815 3445 872 maxime
3478 833 3570 872 ve-

2004 909 2065 948 ro
2088 895 2232 964 quod
2262 893 2523 952 Dominus
2549 908 2734 954 noster
2767 899 3120 974 dudumpnte
3154 904 3479 974 patefactam
3504 909 3574 963 lia

2002 984 2082 1038 bri
2115 985 2278 1055 hujus
2321 988 2661 1058 prophetiam
2697 1000 2856 1045 natus
2894 990 3076 1048 fuerit.
3110 994 3178 1049 At
3203 996 3433 1067 ipsamet
3460 997 3572 1053 Me-

1997 1075 2170 1130 thodii
2195 1078 2358 1134 verba
2386 1080 2442 1133 in
2493 1081 2736 1136 medium
2781 1083 2972 1138 aﬂ‘erre
3027 1086 3191 1142 lubet.
3229 1087 3327 1143 Hic
3352 1105 3482 1161 ergo
3514 1092 3570 1147 in

1996 1175 2230 1222 tractatu
2255 1183 2419 1237 quem
2437 1168 2749 1243 Symposion
2774 1171 3151 1246 inscripsit,ex
3169 1190 3404 1246 persona
3432 1179 3566 1239 Pro-

1997 1257 2133 1311 cilla:
2164 1259 2388 1328 virginis
2421 1261 2495 1314 ita
2530 1261 2721 1318 scribit
2756 1282 2768 1317 :
2798 1263 3016 1328 Mulier,
3037 1269 3143 1322 etc.

1285 1487 1538 1540 Aneruss
1574 1489 1629 1541 in
1663 1487 1885 1560 Apocal.
1919 1507 2032 1554 cap.
2066 1493 2156 1558 55,
2187 1511 2307 1566 pag.
2345 1496 2464 1551 752.

391 1604 609 1676 Ἐτεροι
636 1603 696 1656 δὲ
725 1606 821 1658 καὶ
844 1603 1005 1658 πάλιν
1034 1605 1234 1675 ταύτην
1260 1605 1358 1677 τὴν
1381 1604 1612 1675 γυναῖκα
1634 1609 1730 1677 τὴν
1769 1605 1890 1659 Ἐκ-

2068 1609 2306 1665 Rursum
2359 1626 2484 1667 vero
2536 1612 2626 1666 alii
2656 1613 2796 1668 hanc
2840 1613 3120 1669 mulierem
3162 1612 3417 1669 dixerunt
3444 1627 3567 1670 esse

318 1697 542 1768 κλησίαν
575 1696 786 1766 ἔφασαν
808 1693 965 1762 εἶναι,
994 1697 1117 1768 ἣτις
1144 1699 1234 1751 τὸν
1263 1699 1358 1768 τῆς
1383 1697 1724 1768 δικαιοσύνης
1743 1698 1891 1769 ἥλιον

2006 1701 2317 1768 Ecclesiam,
2367 1721 2488 1775 qua:
2521 1706 2637 1761 sole
2663 1706 2890 1776 justitiae
2920 1706 3144 1762 Christo
3199 1707 3396 1777 Stipata
3446 1715 3568 1771 est,

317 1789 550 1860 Χριστὸν
579 1788 990 1861 περιϐέϐληται,
1027 1791 1119 1842 καὶ
1143 1791 1240 1860 τὴν
1266 1790 1490 1861 σελήνην
1519 1791 1616 1860 τὴν
1639 1791 1889 1860 Συναγω-

2006 1799 2048 1847 et
2074 1793 2278 1858 lunam,
2309 1793 2363 1848 id
2384 1804 2468 1850 est
2499 1794 2860 1868 Synagogam,
2883 1797 2986 1852 sub
3014 1796 3243 1867 pedibus
3271 1796 3412 1866 ejus,
3445 1804 3570 1850 tan-

324 1883 415 1953 τὴν
450 1884 712 1936 ὑποκάτω
740 1883 851 1937 τῶν
884 1881 1059 1936 ποδῶν
1097 1884 1171 1947 ὼς
1200 1884 1300 1955 ἤδη
1340 1883 1736 1937 παλαιωθείσαν
1768 1885 1893 1956 ἐθη-

2006 1898 2156 1954 ιιιίιιῐι
2182 1885 2296 1954 jam
2330 1887 2686 1942 vetustiorem
2718 1886 2965 1943 ellectam
2997 1888 3202 1960 posuit.
3235 1886 3300 1942 Et
3323 1904 3444 1958 quae
3475 1904 3569 1943 se-

316 1993 397 2031 ιε.
429 1975 543 2028 Καὶ
575 1976 644 2030 τὰ
691 1975 821 2046 ἐξῆς
853 1977 1027 2030 πάντα
1057 1976 1344 2048 ἁρμοδίως,
1395 1978 1470 2040 ὡς
1513 1978 1765 2049 Ἀνδρέας
1798 1977 1890 2030 καὶ

2006 1984 2238 2046 quuntur
2269 1978 2452 2032 omnia
2495 1994 2737 2052 congruo
2767 1981 2927 2036 modo
2977 1984 3326 2053 adaptarunt.
3359 1988 3419 2035 ut
3449 1981 3566 2035 An-

318 2067 607 2132 Iaﬁéaiog.
1997 2067 2158 2124 dreas
2187 2076 2240 2123 et
2268 2069 2597 2126 Methodius.

1898 2177 1985 2234 Vl.

1197 2299 1468 2356 Lsonrws
1498 2297 1822 2361 BYZANTIUS,
1851 2297 1942 2352 lib.
1988 2297 2060 2353 De
2083 2300 2269 2366 sectis,
2296 2308 2402 2352 act.
2435 2315 2519 2352 ιιι.

411 2413 677 2481 Ἐγένοντο
715 2414 773 2467 δὲ
820 2416 878 2467 ἐν
909 2417 1020 2477 τοῖς
1048 2414 1260 2486 χρόνοις
1303 2416 1414 2476 τοῖς
1441 2413 1548 2467 ἀπὸ
1578 2413 1675 2484 τῆς
1707 2412 1896 2482 γεννή-

324 2523 454 2568 σεως
478 2505 574 2558 τοῦ
607 2505 843 2578 Χριστοῦ
875 2507 1033 2578 μέχρι
1065 2507 1163 2577 τῆς
1189 2504 1458 2576 βασιλείας
1485 2504 1892 2559 Κωνσταντίνου

314 2597 625 2651 διδάσκαλοι
677 2599 768 2650 καὶ
820 2599 1063 2670 Πατὲρες
1109 2598 1513 2667 οἵδε,’1γνὰτιος
1547 2600 1576 2650 ό
1616 2596 1889 2667 θεοφόρος,

314 2688 626 2758 Εἰρηναῖος,
646 2689 926 2753 Ἰουστίνος
956 2690 1243 2760 φιλόσοφος
1268 2690 1361 2744 καὶ
1381 2691 1616 2762 μάρτυρ,
1637 2688 1890 2760 Κλήμης,

313 2781 405 2834 καὶ
447 2781 763 2844 Ἱππόλυτος
787 2781 1076 2846 ἐπίσκοπος
1124 2782 1360 2854 Ῥώμης,
1394 2781 1666 2845 Διονύσιος
1711 2784 1892 2856 Ἀρεο-

315 2873 572 2943 παγίτης,
629 2874 886 2938 Μεθόδιος
944 2875 1237 2938 ἐπίσκοπος
1274 2876 1560 2946 Πατάρων,
1595 2877 1633 2928 Γ
1639 2878 1891 2949 ρηγόριος

314 2966 341 3016 3
365 2964 816 3037 Θαυματουργὺς,
849 2967 1048 3038 Πέτρος
1086 2970 1114 3020 ό
1159 2967 1558 3040 Ἀλεξανδρείας
1595 2970 1890 3036 ἐπίσκοπος

317 3057 407 3108 καὶ
441 3057 674 3126 μάρτυς.

2069 2415 2094 2466 ιε
2112 2421 2309 2469 uerunt
2350 2423 2532 2469 autem
2564 2413 2619 2468 in
2649 2414 2986 2485 temporibus
3005 2429 3035 2467 a
3053 2411 3255 2470 Christi
3279 2413 3564 2472 nativitate

1993 2521 2168 2576 usque
2181 2505 2247 2560 ad
2266 2505 2550 2577 imperium
2567 2506 2912 2561 Constantini
2929 2506 3182 2562 doctores
3198 2506 3251 2561 hi
3268 2514 3321 2562 et
3336 2505 3558 2565 Patres:

1993 2596 2231 2668 lgnatius
2244 2597 2620 2668 TheOphorus,
2643 2597 2901 2663 lrenzeus,
2916 2597 3187 2663 Justinus,
3205 2598 3561 2670 philosophus

1993 2698 2046 2744 ct
2077 2697 2304 2761 martyr,
2356 2689 2631 2755 Clemens,
2670 2699 2723 2746 et
2755 2689 3077 2762 Hippolytus
3130 2691 3315 2746 Romae
3345 2678 3562 2764 episco-

1995 2797 2120 2852 pus,
2179 2783 2470 2854 Dionysius
2512 2783 2857 2854 AreOpagita,
2897 2782 3199 2839 Methodius
3245 2783 3558 2839 Patarensis

1995 2875 2304 2946 episcopus,
2322 2876 2615 2946 Gregorius
2629 2873 3088 2948 Thaumaturgus,
3107 2874 3302 2932 Petrus
3326 2873 3560 2930 Alexan-

1995 2967 2124 3022 dria:
2143 2967 2432 3040 cpiscopus
2463 2977 2517 3023 et
2544 2976 2769 3042 martyr.

1897 3179 2010 3234 Vll.

912 3296 968 3352 S.
1000 3297 1253 3354 Munius
1284 3299 1338 3352 in
1367 3298 1532 3353 schol.
1565 3298 1633 3352 ad
1659 3298 1904 3370 Dionysii
1926 3299 2180 3368 Areopag.
2206 3315 2321 3367 cap.
2356 3299 2390 3352 5
2447 3296 2521 3352 De
2551 3295 2747 3351 eccles.
2779 3293 3050 3350 hierarch.

382 3413 462 3483 (α)
509 3412 803 3481 ’Δνάγνωθι
831 3414 1089 3468 Μεθοδίου
1129 3415 1221 3468 τοῦ
1271 3415 1423 3485 ἁγίου
1466 3417 1754 3488 μάρτυρος,
1791 3419 1887 3469 καὶ

322 3503 624 3575 Ὀλυμπίου
665 3505 1144 3576 Ἀδριανουπόλεως
1196 3508 1490 3561 ἐπισκόπου
1539 3509 1639 3580 τῆς
1688 3509 1889 3575 Λυκίας

309 3594 381 3646 τά
403 3594 530 3647 κατ’
556 3593 722 3646 αὑτοῦ
751 3595 1054 3666 Ὠριγένους
1085 3596 1172 3649 ὑπ’
1197 3597 1374 3652 αὐτῶν
1392 3615 1458 3650 πε
1469 3599 1520 3667 pl.
1543 3598 1890 3661 ἀναστάσεως

312 3687 619 3758 γραφέντα,
658 3689 749 3741 καὶ
794 3690 1144 3762 Ἀντιπάτρου
1170 3689 1262 3742 τοῦ
1293 3690 1542 3761 Βόστρων
1565 3691 1888 3756 ἐπισκόπου,

311 3779 407 3830 καὶ
459 3777 677 3849 μαθήσῃ
709 3778 805 3851 τὴν
839 3778 1056 3850 μυθώδη
1085 3779 1245 3833 αὐτοῦ
1271 3780 1364 3835 καὶ
1393 3780 1676 3834 ἀλλόκοτον
1706 3781 1881 3853 ληρῳ-

311 3868 432 3923 δίαν

2063 3415 2202 3487 Lege
2237 3415 2295 3471 S.
2329 3413 2588 3470 Methodii
2622 3413 2898 3484 martyris,
2935 3421 2989 3467 et
3019 3409 3254 3481 Olympii
3285 3405 3554 3461 Adriano-

1994 3509 2222 3580 politani
2249 3508 2490 3579 episcopi
2523 3507 2722 3579 Lyciae,
2763 3521 2864 3561 nec
2893 3520 3003 3560 non
3031 3500 3303 3572 Antipatri
3332 3498 3554 3554 Bostro-

1994 3617 2116 3657 rum
2143 3601 2383 3672 episcopi
2417 3600 2585 3657 libros
2611 3613 2751 3669 quos
2785 3597 2840 3650 in
2868 3610 2993 3652 eum
3040 3592 3326 3664 Origenem
3370 3589 3438 3645 de
3470 3604 3554 3643 re-

1994 3693 2334 3748 surrectione
2391 3689 2871 3759 conscripserunt;
2922 3694 2976 3741 et
3006 3685 3187 3739 disces
3245 3680 3552 3736 fabulosum

1985 3785 2104 3854 ejus
2131 3800 2195 3839 ac
2219 3793 2626 3840 monstruosum
2657 3780 3093 3836 deliramentum.

1895 3981 2032 4038 Vlll.

314 4104 551 4161 lanatas
583 4105 1113 4172 Tussswmcmsrs,
1145 4108 1285 4179 apud
1305 4107 1368 4163 L.
1401 4107 1659 4161 Allutium
1688 4107 1742 4160 in
1765 4106 1930 4164 diatr.
1959 4105 2036 4162 De
2063 4104 2460 4160 Methodiorum
2485 4102 2723 4172 scriptis,
2754 4117 2876 4171 pag.
2907 4100 3032 4164 555,
3055 4096 3180 4152 edit.
3203 4094 3356 4150 Rom.
3389 4092 3547 4149 1656.

382 4225 499 4280 Καὶ
533 4227 690 4280 τοῦτο
718 4227 942 4290 πολλοὺς
966 4227 1073 4281 τῶν
1101 4228 1267 4298 ἁγίων
1289 4228 1443 4299 ἡμῶν
1466 4228 1724 4300 Πατέρων
1753 4245 1879 4299 φρο-

316 4322 582 4391 νήσαντας
633 4320 982 4390 εὑρίσκομεν
1027 4314 1102 4374 ὧν
1151 4323 1265 4374 ἐστι
1307 4320 1579 4383 Βασίλειος
1610 4321 1638 4372 ὁ
1669 4320 1876 4388 Μέγας,

319 4414 414 4464 καὶ
457 4415 484 4464 ὁ
525 4415 584 4465 ἐν
625 4414 800 4480 ἁγίοις
837 4413 1175 4481 Ἀθανάσιος,
1218 4414 1311 4468 καὶ
1337 4414 1367 4468 ὁ
1396 4412 1566 4485 μέγας
1596 4411 1876 4477 Μεοόδιος,

322 4504 420 4555 καί
448 4506 490 4556 οξ
521 4505 658 4574 ἀμφ’
686 4505 901 4569 αύτούς.

2055 4227 2120 4280 Et
2163 4227 2267 4282 hoc
2299 4225 2498 4280 multos
2532 4232 2844 4279 sanctorum
2878 4219 3094 4274 Patrum
3131 4216 3370 4272 sensisse
3401 4215 3552 4270 inve-

1985 4320 2198 4386 nimus;
2229 4331 2460 4388 quorum
2483 4323 2568 4372 est
2597 4313 2834 4371 Basilius
2869 4313 2960 4368 ille
2987 4311 3230 4382 Magnus,
3263 4315 3317 4364 et
3351 4314 3552 4364 sancta)

1985 4411 2263 4465 memoria:
2289 4407 2641 4476 Athanasius,
2673 4417 2833 4478 atque
2876 4420 3105 4476 magnus
3135 4400 3461 4467 Methodius,
3495 4406 3550 4455 et

1985 4503 2078 4573 qui
2099 4517 2195 4557 eos
2223 4509 2544 4573 sequuntur.

1888 4617 1978 4672 IX.

1278 4739 1514 4797 Pnorms
1535 4740 1674 4795 Bibl.
1707 4739 1825 4796 cod.
1849 4754 2126 4807 ccxxxvu,
2154 4755 2310 4810 pagg.
2343 4737 2596 4794 950-965.

397 4856 735 4927 ’Δνεγνιὶισθη
784 4857 876 4910 τοῦ
917 4859 1072 4928 ἁγίου
1118 4860 1386 4935 μάρτυρος
1415 4863 1524 4919 ’καὶ
1581 4863 1874 4918 ἐπισκόπου

305 4950 578 5006 ὶίεθοδίου
625 4953 689 5004 ἐκ
732 4951 823 5004 τοῦ
875 4954 1014 5021 Περὶ
1065 4954 1305 5024 ἁγνείας
1331 4956 1404 5020 ὼς
1450 4959 1507 5009 ἐν
1551 4956 1718 5026 ὁμοίῳ
1760 4972 1876 5008 συν·

305 5045 490 5114 άᾷεως
522 5043 597 5112 (b)
641 5043 852 5116 ἐξεδόθη
894 5044 1116 5116 τύπῳ...
1145 5046 1478 5118 Σημειωτέον
1507 5047 1597 5119 (c),
1620 5048 1695 5111 ὡς
1728 5064 1881 5110 ουτος

386 5178 467 5244 (a)
496 5175 750 5232 Putarem
798 5177 1104 5246 legendum,
1160 5180 1454 5248 ’Ᾱνάγνωθι
1491 5178 1748 5233 Μεθοδίω
1781 5179 1873 5232 τοῦ

307 5249 476 5319 ἁγίου
539 5248 830 5319 μάρτυρος
864 5248 1133 5319 Ὀλύμπου
1187 5251 1483 5304 ἐπισκόπου
1517 5250 1614 5318 τῆς
1647 5249 1870 5312 Λυκίας.

309 5315 641 5392 Legesne“?
699 5315 954 5392 Methodii
995 5315 1260 5392 martyris
1294 5320 1506 5392 Olympi
1562 5315 1737 5392 Lycia:
1761 5321 1876 5388 epi-

309 5386 483 5461 scopi.
538 5386 668 5461 Quis
710 5389 852 5461 enim
901 5390 990 5461 hic
1030 5386 1308 5461 Olympius
1355 5386 1870 5461 Adrianopolitanus

310 5460 607 5539 episcopus
642 5457 858 5528 Lyciae?
886 5459 1016 5525 Quae
1031 5457 1408 5541 Adria'nopolis
1438 5462 1490 5514 in
1534 5457 1735 5531 Lycia?
1767 5463 1875 5513 Ai.-

314 5543 440 5581 u'r.
481 5527 655 5582 Matr.
690 5529 753 5580 de
785 5527 1018 5584 Method.
1042 5541 1247 5585 scunt"
1280 5547 1332 5585 ι).
1361 5531 1486 5585 5'28.

314 5543 440 5581 ut.
481 5541 655 5582 mur.
690 5541 753 5580 de
785 5541 1018 5584 method.
1042 5541 1247 5600 scnpt.,
1279 5547 1332 5603 p.
1361 5541 1486 5586 5'18.

317 5598 653 5726 ιῑίξὶιός...
667 5602 1002 5668 σιν-ὅψεως.
1021 5601 1160 5673 Lege
1179 5601 1311 5669 ὃς...
1335 5602 1699 5672 συμποσίου.
1720 5599 1874 5654 Eon.

363 5684 522 5722 ἱῬΔΙο

2056 4861 2254 4917 Lectus
2286 4867 2370 4916 est
2400 4859 2578 4914 sancti
2610 4858 2865 4929 martyris
2904 4864 2958 4913 et
3003 4858 3245 4928 episcopi
3290 4856 3548 4914 Methodii

1985 4954 2120 5009 liber
2155 4953 2227 5008 De
2259 4955 2504 5007 castitate
2544 4949 2612 5004 ad
2648 4949 2874 5004 formam
2908 4947 3144 5004 Convivii
3187 4950 3548 5021 compositus.

1985 5075 2053 5087 —-
2082 5043 2493 5099 Observandum
2543 5048 2629 5096 est
2679 5040 2826 5095 hunc
2878 5039 3181 5112 Dialogum,
3213 5041 3302 5094 cui
3357 5041 3549 5096 titulus

2053 5179 2122 5249 (c)
2155 5177 2235 5249 Ad
2268 5175 2474 5249 Photii_
2495 5188 2785 5249 censuram
2831 5174 2975 5249 Quod
3021 5173 3236 5249 attinet.
3264 5172 3547 5249 videbatur

1981 5243 2070 5304 illa
2100 5243 2232 5300 mihi
2260 5248 2422 5316 paulo
2444 5244 2665 5309 durior;
2699 5244 2846 5316 quod
2868 5245 3160 5316 pracipue
3180 5257 3291 5316 non
3324 5243 3548 5316 videan-

1979 5331 2068 5373 tur
2094 5311 2280 5371 Ariani
2309 5317 2598 5369 admodum
2625 5311 2842 5368 usi'hac
2866 5311 3117 5367 .‘llethodii
3151 5313 3546 5374 lucubratione,

1979 5395 2073 5442 aut
2099 5403 2164 5441 ex
2188 5387 2279 5439 ilia
2303 5391 2622 5455 argumenta
2669 5385 2969 5452 sumpsisse
3003 5402 3014 5436 :
3049 5383 3142 5455 ubi
3174 5390 3354 5438 tamen
3381 5383 3548 5455 paulo

1983 5453 2389 5527 diligentiorem
2413 5456 2462 5509 ei
2495 5456 2718 5527 adhibui
2767 5469 3009 5527 operam,
3048 5453 3432 5527 ipsequemihi
3463 5468 3546 5506 re-

1986 5522 2197 5589 censui,
2228 5527 2448 5596 gravius
2503 5526 2751 5579 laborare
2797 5522 3547 5596 deprehendi,Aisubindeque

1986 5599 2168 5654 notavi
2196 5593 2316 5665 quae
2356 5596 2437 5651 vel
2470 5595 2667 5648 molliri
2696 5593 2941 5664 possent,
2981 5594 3062 5649 vel
3089 5593 3290 5649 nullam
3313 5610 3546 5650 excusa-

1987 5671 2207 5735 tionem,
2227 5681 2348 5722 meo
2367 5682 2499 5723 sane
2530 5680 2716 5731 sensu,
2737 5665 3082 5722 admitterent
3106 5683 3119 5721 :
3152 5680 3271 5732 qua:
3299 5666 3414 5732 ipsa
3443 5680 3546 5721 non
