3964 6226
387 257 459 311 2’5
1307 250 1366 309 S.
1410 248 1810 305 METHODIUS
1849 245 2229 304 EPISCOPUS
2265 243 2352 301 ET
2392 228 2704 339 bIARTYR.
3552 222 3625 299 2i

392 377 746 448 Symposium,
801 374 914 430 sive
974 372 1050 425 De
1110 372 1396 436 castitate,
1447 387 1697 442 magnam
1752 379 1955 442 partem

2081 392 2087 419 ι
2141 367 2406 436 διάλογος,
2444 357 2488 432 ᾧ
2543 363 2577 433 ἡ
2627 360 2928 433 ἐπιγραφὴ,
2979 362 3344 429 Συμπόσιον,
3383 357 3439 430 ἢ,
3487 357 3625 423 Περὶ

391 446 757 524 adulteratam
809 481 932 521 esse
962 484 974 519 :
1006 462 1248 518 offendes
1293 463 1439 518 enim
1486 464 1542 517 in
1576 464 1668 517 illo
1717 464 1959 533 adjectas

2081 458 2337 527 ἱγνείας,
2389 451 2677 527 παραπολὺ
2721 449 3100 520 νενοθευμένος
3149 448 3327 501 ἐστίν·
3374 446 3628 517 εὑρήσεις

391 561 558 617 etiam
576 558 863 613 Arianicas
878 570 1155 626 variasque
1181 555 1526 625 opinationes
1550 555 1794 625 aliasque
1818 554 1959 609 male

2081 550 2168 620 (ap
2202 549 2258 600 ὲν
2286 544 2433 615 αυτῷ
2458 541 2949 615 παραϐεϐλημένας
2990 542 3082 593 καὶ⁴
3119 536 3457 610 Ἀρειανικὰς
3482 535 3628 604 δοξο-

388 651 744 710 sentientium
781 648 1011 703 fabulas.

2059 640 2275 702 κοπίας,
2310 638 2403 691 καὶ
2435 636 2636 707 ἑτέρων
2672 632 2833 687 τινῶν
2872 630 3301 698 κακοδοξούντων
3333 626 3627 700 μυθολογή-

2063 748 2227 803 ματα.

1523 849 1668 904 Idem
1697 848 1849 915 ibid.,
1874 848 1988 905 cod.
2022 865 2157 911 LXII,
2182 865 2302 920 pag.
2334 847 2457 902 547.

462 970 763 1027 Conﬁrmat
827 948 1023 1026 deinde
1087 970 1377 1042 (Eusebius
1428 969 1957 1039 Thessalonicensis)

393 1063 558 1131 hasce
584 1078 714 1119 suas
747 1064 1199 1134 reprehensiones
1231 1079 1261 1119 e
1282 1063 1438 1118 libris
1468 1077 1639 1118 sacrae
1663 1060 1979 1132 Scriptum,

392 1155 593 1212 veteris
643 1154 798 1225 juxta
846 1170 908 1210 ac
955 1155 1080 1210 novi
1125 1153 1478 1209 lnstrumenti
1506 1172 1519 1208 :
1547 1152 1771 1207 Patrum
1823 1154 1954 1208 item

394 1246 813 1302 lectissimorum
844 1246 1153 1308 sententiis,
1180 1244 1484 1307 Athanasii,
1528 1253 1581 1300 et
1625 1244 1787 1299 trium
1819 1243 1954 1297 Gre-
1984 1310 1993 1319 ‘

394 1338 691 1404 coriorum,
726 1337 1169 1392 admirandorum
1201 1338 1423 1407 inquam
1464 1336 1611 1391 illius
1642 1335 1956 1406 patratoris,

376 1411 679 1499 3inteologi,
702 1440 756 1484 et
785 1430 955 1484 divini
999 1428 1253 1501 Nysseni,
1289 1428 1472 1484 Basilii
1507 1427 1759 1493 similiter
1780 1428 1961 1482 (laesa-

396 1535 501 1575 reae
566 1521 845 1585 antistitis,
906 1530 959 1576 et
1018 1519 1245 1576 Joannis
1311 1520 1709 1591 Chrysostomi,
1772 1517 1961 1590 Cyriili

398 1611 772 1677 Alexandrini,
813 1620 867 1667 et
896 1611 1113 1667 Proculi
1168 1610 1419 1681 praesulis
1467 1605 1964 1676 Constantinopoli-

396 1704 505 1757 tani
536 1719 550 1755 :
585 1704 760 1763 sancti
788 1704 974 1759 adhtcc
1008 1703 1266 1774 martyris
1286 1699 1564 1763 Methodii,
1587 1707 1642 1753 et
1676 1696 1957 1765 Quadrati.

396 1793 766 1860 Quorumdam
809 1796 955 1850 enim
1005 1810 1072 1850 ex
1106 1795 1192 1850 his
1231 1793 1378 1849 dicta
1430 1790 1677 1862 quaedam
1715 1788 1963 1844 Andreas

398 1886 690 1960 (Inclusus)
721 1887 1014 1952 avulserat,
1040 1893 1093 1940 et
1127 1890 1461 1955 perverterat
1486 1902 1499 1936 :
1530 1880 1802 1951 simulque
1843 1892 1963 1933 ma-

400 1979 576 2034 litiose
604 1987 698 2032 aut
726 1979 972 2049 imperite
998 1974 1424 2046 interpretando,
1455 1988 1696 2030 errorem
1723 1985 1883 2029 suum
1896 1985 1965 2029 ex

397 2058 529 2139 iilis,
566 2078 625 2125 ut
663 2069 769 2137 sibi
804 2070 1024 2142 quidem
1069 2068 1357 2140 persuasit,
1385 2064 1753 2122 conﬁrmarat.

1971 2180 2041 2237 Χ.

2136 966 2474 1041 Παρατίθησι
2504 964 2560 1018 δὲ
2593 962 2691 1029 τὰς
2720 962 2860 1017 κατὰ
2890 977 3015 1024 τους
3056 958 3304 1028 ἐλέγχους
3329 953 3627 1022 ἀποδείξεις

2064 1060 2126 1115 ἐκ
2154 1079 2211 1115 τε
2246 1060 2346 1131 τῆς
2370 1060 2611 1132 Γραφῆς,
2646 1054 2881 1119 παλαιᾶς
2910 1070 2970 1106 τε
3002 1051 3097 1106 καὶ
3124 1048 3273 1113 νέας.
3296 1046 3390 1102 καὶ
3431 1047 3497 1099 ὲκ
3517 1046 3626 1100 τῶν

2063 1152 2298 1222 λογάδων
2321 1151 2597 1222 Πατέρων,
2614 1147 2946 1209 Ἀθανασίου,
2975 1143 3069 1197 καὶ
3095 1140 3202 1193 τῶν
3227 1137 3389 1211 τριῶν
3420 1138 3627 1208 Γρηγο-

2065 1245 2213 1316 ρίων,
2239 1242 2332 1296 τοῦ
2358 1260 2418 1296 τε
2446 1236 2871 1311 Θαυματουργοῦ
2899 1235 3060 1304 λέγω,
3092 1233 3187 1285 καὶ
3216 1230 3310 1283 τοῦ
3343 1228 3624 1297 Θεολόγου,
3672 1293 3675 1297 .

2067 1336 2158 1390 καὶ
2195 1335 2287 1389 τοῦ
2320 1334 2607 1388 θεσπεσίου
2639 1332 2878 1400 Νύσσης,
2912 1324 3190 1380 Βασιλείου
3214 1340 3274 1376 τε
3298 1322 3392 1375 τοῦ
3418 1319 3627 1374 Καισα-

2070 1428 2237 1500 ρείας,
2267 1428 2361 1481 καὶ
2398 1426 2639 1480 Ἰωάννου
2674 1422 2767 1476 τοῦ
2795 1416 3196 1491 Χρυσοστόμου,
3228 1414 3493 1485 Κυρίλλου
3531 1410 3625 1465 τοῦ

2079 1518 2508 1589 Ἀλεξανδρείας,
2562 1518 2655 1570 καὶ
2700 1513 2792 1568 τοῦ
2838 1507 3446 1568 Κωνσταντινουπόλεως
3490 1504 3622 1576 Πρό-

2067 1611 2195 1664 κλου
2217 1626 2230 1639 ·
2264 1610 2397 1663 ἀλλὰ
2443 1608 2506 1680 δὴ
2544 1610 2638 1662 καὶ
2672 1604 2931 1662 Μεθοδίου
2961 1600 3053 1654 τοῦ
3089 1599 3497 1671 ίερομὰρτυρος,
3533 1596 3627 1649 καὶ

2067 1695 2468 1773 Κοδράτου.Ὦν
2497 1700 2651 1753 ἐνίων
2680 1698 2775 1751 καὶ
2805 1699 2986 1769 ῥήσεις
3005 1694 3153 1758 τινὰς
3178 1695 3206 1745 ὁ
3232 1689 3482 1760 ’Δνδρέας
3500 1689 3627 1740 ἁπο-

2071 1793 2352 1866 σπαράξας
2377 1792 2472 1847 καὶ
2498 1789 3014 1862 παραπλασάμενος,
3042 1784 3079 1840 ἃ
3103 1785 3159 1837 δὲ
3182 1783 3276 1838 καὶ
3306 1779 3627 1852 κακούργως

2070 1885 2106 1962 ἢ
2142 1888 2233 1941 καὶ
2263 1887 2503 1957 ἀνοήτως
2531 1882 2847 1954 ὲξειληφὼς,
2875 1879 3101 1945 ἐκεῖθεν,
3133 1877 3208 1942 ὡς
3231 1875 3385 1947 ᾤετο,
3414 1874 3515 1946 τὴν
3548 1873 3628 1929 οι-

2070 1980 2225 2034 κείαν
2247 1978 2454 2050 πλάνην
2481 1977 2790 2049 ὲκράτυνεν.

1028 2306 1213 2365 Οιιεοι
1242 2304 1477 2362 ΩΑΝοιιιε
1504 2304 1560 2358 in
1592 2302 1867 2374 Sympos.,
1891 2299 1970 2356 οάι

2086 2342 2100 2367 ,
2128 2298 2266 2370 apud
2295 2298 2550 2351 Allatt’um
2571 2298 2608 2350 ι.
2632 2313 2703 2361 c.,
2728 2275 2847 2365 pag.
2876 2293 3001 2348 515.

473 2426 809 2498 Virginitatis
829 2426 1016 2489 decus,
1050 2434 1105 2479 et
1138 2423 1477 2479 castimoniae
1499 2419 1959 2491 pulchritudinem

396 2535 520 2575 cum
570 2518 943 2587 experimento
978 2514 1289 2578 didicisses,
1319 2528 1352 2568 ο
1408 2512 1664 2583 gloriose,
1714 2509 1965 2565 doctrina

398 2618 491 2665 tua
517 2617 572 2663 et
604 2623 916 2662 sermonum
959 2614 1242 2660 venustate
1268 2605 1583 2660 universam
1619 2617 1807 2657 eorum
1844 2601 1967 2672 pulo

395 2702 783 2765 chritudinem,
820 2701 1001 2755 divina
1055 2706 1236 2754 mente
1289 2697 1531 2768 praedite,
1581 2702 1635 2750 et
1687 2706 1964 2763 nunquam

399 2796 674 2851 ﬁnientem
735 2794 1063 2847 hilaritatem
1122 2798 1646 2845 commonstras.....
1710 2783 1967 2839 Firmiori

396 2888 520 2941 cibo
547 2885 913 2955 spiritualium
961 2883 1337 2938 conviviorum
1370 2890 1589 2935 tuorum
1622 2877 1832 2949 repleti,
1881 2890 1970 2930 sa-

400 2977 760 3049 pientissime,
790 2979 933 3031 veris
983 2975 1107 3030 inde
1161 2974 1362 3029 laetitiis
1394 2974 1637 3037 aluntur,
1669 2987 1790 3042 qua:
1831 2984 1972 3023 nun-

399 3084 563 3139 quam
607 3067 887 3132 deﬁciunt,
940 3066 1034 3121 sed
1080 3081 1293 3137 semper
1321 3066 1479 3121 novis
1524 3064 1767 3119 ﬁuxibus
1810 3059 1973 3117 simul

402 3173 524 3224 cum
553 3158 1004 3230 participantibus
1033 3163 1368 3212 enascuntur
1394 3163 1448 3211 et
1471 3162 1758 3226 augentur.

2141 2420 2253 2491 Τῆς
2285 2415 2581 2488 παρθενίας
2605 2414 2664 2466 τὸ
2700 2410 2891 2482 σεμνὸν
2915 2409 3010 2462 καὶ
3039 2405 3138 2475 τῆς
3165 2403 3384 2473 ἁγνείας
3415 2401 3633 2491 τδκᾷλ-

2070 2508 2160 2570 λος
2188 2505 2274 2558 διὰ
2320 2505 2535 2574 πείρας,
2570 2500 2765 2565 ἓνδοξε,
2798 2496 3005 2569 μαθὼν,
3036 2493 3195 2564 σοφίᾳ
3223 2494 3287 2562 τῇ
3319 2493 3382 2561 σῇ
3413 2490 3506 2543 κα)⁸
3546 2490 3634 2543 λό’

2070 2613 2181 2665 γων
2206 2594 2407 2666 χάριτι,
2428 2593 2607 2666 πᾶσαν
2619 2589 2716 2660 τὴν
2742 2586 2943 2641 τούτων
2963 2582 3219 2652 καλλονὴν
3242 2576 3631 2641 ὑποδεικνύεις,

2074 2687 2318 2758 θεόφρον,
2346 2684 2440 2737 καὶ
2463 2683 2562 2754 τὴν
2591 2678 2941 2743 αίωνίζουσαν
2968 2674 3362 2747 φαιδρότητα...
3396 2670 3632 2740 Στερεω-

2069 2778 2232 2851 τέρας
2266 2775 2464 2845 ἐδωδῆς
2480 2770 2857 2843 πνευματικῶν
2874 2765 3184 2840 συμποσίων
3211 2765 3233 2814 ὲ
3242 2760 3630 2834 μπλησθέντες,

2073 2872 2332 2939 πάνσοῳε,
2364 2868 2472 2922 τῶν
2513 2867 2641 2926 σῶν.
2677 2865 2772 2935 τὴν
2814 2863 2979 2927 ὅντως
3020 2860 3226 2933 τρυφὴν
3274 2854 3478 2911 ἐκεῖθεν
3504 2851 3635 2924 τρέ-

2074 2981 2262 3033 φονται
2304 2962 2404 3033 τὴν
2436 2960 2809 3030 διαμένουσαν,
2840 2955 2926 3009 ἀεὶ
2973 2950 3389 3025 συμφυουμένην
3438 2945 3638 3018 ἀρδεύο

2076 3075 2216 3121 στως
2240 3057 2335 3111 καὶ
2360 3051 2792 3123 συναυξουμένην
2816 3051 2925 3111 τοῖς
2953 3046 3285 3119 μετέχουσιν.

1973 3262 2066 3317 XL

1320 3385 1789 3441 Manrvnonocwu
1819 3382 2085 3439 Romanun
2112 3394 2201 3433 XIV
2251 3374 2380 3430 Kal.
2410 3370 2674 3429 Octobris.

472 3500 682 3556 Natalis
713 3501 889 3555 sancti
920 3499 1200 3564 Methodii,
1232 3496 1445 3570 Olympi
1475 3495 1652 3568 Lycia:
1677 3513 1740 3551 ac
1766 3504 1952 3567 postea
1985 3491 2116 3565 Tyri
2136 3487 2403 3560 episcopi,
2436 3483 2708 3540 sermonis
2733 3481 2911 3536 nitore
2954 3492 3018 3533 ac
3054 3476 3303 3534 doctrina
3341 3474 3634 3539 clarislmr;

404 3599 498 3669 qui
527 3599 593 3653 ad
617 3606 916 3653 extremum
946 3597 1256 3652 novissimae
1307 3594 1720 3666 persecutionis,
1748 3601 1806 3647 ut
1837 3590 2026 3648 scribit
2071 3596 2293 3644 sanctus
2334 3582 2712 3651 Hieronymus,
2745 3577 2800 3631 in
2829 3573 3087 3630 Chalcide
3124 3570 3344 3625 Graecia}
3374 3566 3638 3638 martyrio

405 3700 698 3748 cortnatus
724 3699 826 3747 est.

1978 3776 2095 3832 XII.

408 3904 764 3969 ἒίεαοιιοωυιι
799 3902 1128 3969 ϐιιιιεεοιιυιι,
1144 3904 1300 3974 jussu
1324 3900 1518 3955 Basilii
1549 3901 1880 3970 imperatoris
1901 3895 1970 4022 Si

1950 3983 1970 4020 π

2081 3910 2092 3946 2
2120 3892 2336 4016 iaggm,
2370 3885 2439 3941 ad
2468 3884 2601 3939 diem
2630 3880 2700 3936 9.0
2722 3879 2895 3945 Junii,
2921 3885 3062 3949 part.
3094 3893 3179 3942 ιιι,
3210 3890 3331 3945 pag.
3360 3870 3481 3936 {58,
3509 3868 3644 3924 edit.

2081 4005 2086 4018 .
2167 3978 2181 4015 ι
2262 3998 2279 4013 .

481 4094 788 4149 Methodius
837 4092 1041 4149 Christi
1082 4101 1473 4163 sacromartyr,
1505 4091 1573 4145 ab
1596 4088 1824 4144 infantia
1864 4086 1974 4141 Deo

408 4187 728 4245 honorabile
752 4200 847 4241 vas
890 4187 1128 4255 seipsum
1162 4184 1521 4247 consecravit,
1542 4182 1711 4238 divini
1739 4178 1973 4251 Spiritus

409 4278 812 4350 receptaculum
842 4276 1038 4333 factus.
1062 4276 1242 4347 Quare
1260 4274 1352 4329 Dei
1382 4274 1636 4344 suffragio
1659 4274 1973 4343 pontiﬁcatu

410 4372 606 4446 dignus
634 4370 856 4425 eﬁ‘ectus
881 4377 999 4425 est:
1030 4376 1353 4446 creatusque
1379 4365 1691 4421 Patarensis
1721 4361 1976 4418 Ecclesia:

410 4441 721 4534 episcopus,
756 4477 973 4533 gregem
1008 4478 1166 4517 suum
1204 4441 1408 4539 optime
1440 4457 1613 4536 pavit.
1643 4454 1976 4511 Gliscentem

409 4562 590 4609 autem
630 4554 882 4634 Origenis
911 4552 1159 4608 haeresim
1193 4567 1444 4614 cernens,
1482 4557 1542 4605 ut
1587 4549 1826 4624 optimus
1872 4560 1972 4614 pa-

412 4651 530 4699 stor
546 4644 733 4701 divino
755 4644 1097 4714 eloquiorum
1147 4658 1371 4699 suorum
1419 4642 1542 4712 igne
1572 4639 1832 4694 incendit.
1870 4636 1975 4693 Sed

413 4751 539 4791 cum
574 4734 828 4792 inimicus
852 4736 1103 4791 diabolus
1134 4735 1253 4804 ejus
1287 4734 1591 4789 libertatem
1619 4740 1672 4786 et
1716 4736 1977 4786 constan-

412 4828 546 4888 tiam
565 4825 707 4883 ferre
736 4843 845 4882 non
873 4835 1078 4900 posset,
1109 4827 1371 4882 satellites
1395 4839 1526 4880 suos
1557 4825 1612 4879 in
1639 4823 1760 4891 ejus
1788 4833 1976 4877 necem

414 4919 666 4988 armavit.
701 4917 793 4974 Ille
826 4931 955 4971 vero
1016 4927 1309 4987 antequam
1352 4917 1613 4987 martyrio
1642 4914 1976 4986 fungeretur,

413 5027 536 5073 cum
564 5009 1034 5079 mortiﬁcationem
1055 5008 1322 5062 viviﬁcam
1347 5007 1634 5074 induisset,
1661 5015 1715 5062 et
1737 5005 1979 5075 quotidie

415 5114 689 5159 mortuum
720 5120 778 5161 se
824 5109 1100 5174 reputaret
1146 5101 1446 5157 secundum
1480 5101 1723 5155 divinum
1760 5106 1979 5169 aposto-

415 5260 932 5335 atiundeaspersa,
963 5256 1057 5313 sed
1083 5256 1154 5335 ab
1205 5256 1325 5335 ipso
1368 5253 1595 5335 pialpgi‘
1626 5260 1851 5335 auctore

415 5341 559 5385 serta
586 5326 894 5395 vidcantur,
922 5344 1017 5396 pro
1046 5327 1167 5396 ejus
1195 5327 1294 5380 αενὶ
1341 5326 1712 5396 simplicitate,
1746 5335 1800 5377 et
1822 5330 1978 5396 ante-

414 5417 578 5471 quam
610 5400 693 5454 vel
732 5393 979 5471 θεολογία
1008 5393 1729 5471 veioixovopiat(Trinitatis
1772 5393 1981 5471 scilicet

415 5463 469 5525 et
495 5463 907 5525 lncarnationis'
940 5468 1211 5531 doctrina)
1240 5463 1597 5520 conciliorum
1645 5463 1976 5534 generalium

414 5542 556 5605 luce,
587 5540 799 5595 erudita
838 5538 1060 5593 Patrum
1083 5548 1259 5602 :rtate,
1296 5537 1587 5591 occasione
1607 5534 1978 5605 enascentiutu

414 5600 662 5665 errorum
692 5624 757 5663 ac
786 5610 1082 5677 haereseon,
1118 5600 1538 5667 satisillustrata
1566 5612 1730 5677 esset.
1763 5602 1820 5656 Si
1841 5600 1971 5672 quid

416 5697 544 5747 vero
597 5682 761 5749 altius
813 5683 987 5752 pressi
1046 5675 1266 5749 s'tylum,
1326 5677 1600 5746 indulgeat
1646 5675 1839 5737 lector,
1874 5687 1973 5727 nec

2154 4077 2415 4140 Μεθὸδιος
2462 4076 2491 4127 ὁ
2537 4072 2630 4127 τοῦ
2677 4070 2910 4143 Χριστοῦ
2964 4066 3290 4141 ἱερομάρτυς
3318 4066 3382 4116 ἐκ
3415 4059 3643 4131 βρέφους

2082 4171 2271 4227 ἑαυτὸν
2296 4167 2371 4238 τῷ
2391 4165 2510 4237 Θεῷ
2531 4162 2768 4229 ἀναθεὶς,
2802 4160 2990 4223 σκεῦος
3014 4160 3190 4228 τίμιον
3210 4155 3303 4208 καὶ
3325 4151 3524 4221 δοχεῖον
3548 4147 3641 4200 τοῦ

2082 4266 2224 4320 θείου
2252 4262 2566 4332 Πνεύματος
2598 4251 3007 4326 γέγονεν.”υθεν
3050 4248 3142 4302 κα)⁸
3186 4246 3349 4316 ψήφῳ
3381 4238 3514 4295 Θεοῦ
3547 4239 3644 4332 τῆς

2080 4330 2487 4430 ἀρχιερωσύνης
2518 4346 2787 4414 ἀξιωθεὶς,
2807 4343 2899 4397 καὶ
2927 4342 3023 4412 τῆς
3047 4342 3103 4393 ὲν
3135 4336 3405 4407 Πατάροις
3416 4330 3646 4430 ili-uuln-

2081 4423 2200 4512 σίας
2227 4423 2519 4507 ἐπίσκοπος
2542 4439 2796 4512 γεγονὼς,
2830 4434 3006 4497 καλῶς
3038 4431 3297 4500 ὲποίμανε
3318 4427 3377 4479 τὸ
3400 4423 3647 4494 ποίμνιον

2082 4540 2294 4596 ἑαυτοῦ.
2329 4538 2421 4592 Διὸ
2462 4536 2557 4590 καὶ
2588 4535 2687 4604 τὴν
2733 4529 3039 4602 Ὠριγένους
3083 4524 3290 4595 αἵρεσιν
3328 4517 3648 4581 πλεονάζου-

2084 4651 2183 4688 σαν
2213 4632 2353 4698 ίδὼν,
2382 4631 2458 4693 ὡς
2489 4628 2705 4700 ἄριστος
2732 4621 2931 4693 ποιμὴν
2963 4618 3041 4689 τῷ
3070 4616 3197 4686 θείῳ
3237 4612 3370 4685 πυρὶ
3399 4610 3505 4663 τῶν
3547 4608 3648 4700 αύ-

2078 4726 2172 4779 τοῦ
2203 4724 2376 4793 λόγων
2404 4699 2721 4789 κατέφλεξε.
2758 4716 2869 4769 Καὶ
2896 4712 2968 4784 μὴ
3002 4709 3181 4780 φέρων
3206 4707 3234 4759 ὁ
3263 4703 3453 4776 ἐχθρὸς
3478 4699 3651 4755 διάϐο-

2080 4818 2171 4881 λος
2193 4817 2290 4887 τὴν
2314 4812 2476 4868 αὑτοῦ
2504 4809 2812 4883 παρρησίαν
2841 4807 2934 4861 καὶ
2953 4803 3221 4863 ἔνστασιν,
3247 4794 3652 4887 ἐξώπλισεγτοὺς

2083 4883 2570 4975 αὑτοῦ-ὑπουργοὺς
2596 4902 2728 4973 πρὸς
2753 4900 2849 4980 τὴν
2870 4895 3058 4950 τούτου
3084 4892 3381 4963 ἀναίρεσιν.
3399 4888 3455 4941 Ὀ
3481 4886 3537 4939 δὲ
3558 4883 3656 4939 καὶ

2084 5002 2189 5073 πρὸ
2217 4998 2307 5065 τοῦ
2333 4997 2561 5051 θανάτου
2594 4993 2695 5068 τῆς
2723 4978 2885 5044 αὑτοῦ
2910 4984 3211 5059 μαρτυρίας
3231 4982 3496 5073 νέκρωεξιν
3520 4978 3656 5073 ζωτι-

2085 5067 2246 5163 φύρον
2278 5088 2656 5157 ἐνδυσάμενος,
2691 5082 2784 5135 καὶ
2813 5077 2930 5133 καθ’
2958 5077 3195 5146 ἑκάστην
3229 5068 3447 5144 ἡμέραν
3461 5067 3655 5140 νεκρὸν

2083 5250 2214 5304 mihi
2269 5248 2466 5308 solum,
2518 5244 2614 5299 sed
2642 5252 2696 5297 et
2747 5240 2855 5295 illis
2879 5237 3111 5310 gratiam
3152 5232 3349 5310 habeat
3395 5227 3486 5310 qui
3518 5224 3656 5310 mihi

2268 5294 2627 5390 iimivégfﬁtl
2650 5294 2953 5390 bonasque
2999 5308 3162 5390 horas
3194 5294 3655 5390 adtigit-audentiae

2083 5367 2421 5444 (sativis;
2439 5367 2713 5441 'C‘Jhi'iuia
2761 5367 3100 5436 collocarunt
3127 5389 3191 5429 ac
3236 5372 3446 5426 utiliter
3469 5367 3658 5447 edide-

2083 5468 2213 5514 runt
2247 5479 2259 5513 :
2287 5475 2386 5513 nec
2408 5457 2549 5512 desit
2577 5456 2734 5517 forte,
2768 5453 2860 5507 ubi
2888 5466 2975 5506 me
3021 5460 3239 5518 quoque
3268 5458 3374 5518 non
3395 5446 3534 5518 satis
3563 5451 3654 5489 asr

2084 5512 2619 5585 secutumiMethodii
2651 5512 2885 5578 tuentem
2934 5512 3055 5590 ipse
3100 5512 3478 5590 deprehendas
3492 5519 3655 5575 ;qua2

2084 5579 2725 5662 iiieauerra—tﬁaﬂcandore
2777 5603 2870 5648 tuo
2925 5579 3088 5646 velim
3132 5579 3405 5641 emendes.
3439 5579 3653 5640 Contai-

2080 5686 2182 5725 FIS.
