3964 6206
426 177 499 226 £5
1672 188 1996 247 VETERUM
2039 193 2477 255 TESTIMONIA.
3605 207 3673 264 26

429 292 626 397 εαυτον
669 292 1017 366 λογιζόμενος
1045 299 1184 352 κατά
1230 301 1320 355 τὸν
1361 302 1502 358 θετον
1546 307 1842 363 ἀπόστολον
1873 312 1986 366 Παῦ

2114 316 2223 371 lum
2276 317 2526 385 Paulum,
2565 319 2711 376 ferro
2740 328 2989 379 sanctum
3020 336 3084 377 ac
3110 322 3326 378 beatum
3355 333 3517 396 caput
3541 343 3670 397 prte-

432 386 545 448 λον,
579 385 719 476 ξίφει
762 388 864 460 τὴν
925 390 1075 476 ίεράν
1113 392 1204 445 καὶ
1257 397 1531 467 μακαρίαν
1574 399 1736 453 αὐτοῦ
1766 403 2003 476 κεφαλὴν

431 475 790 545 ἀποτμηθεὶς,
841 475 980 550 πρὸς
1031 480 1232 553 Κύριον
1292 484 1589 560 ὲξεδήμησε
1656 490 1859 563 χαίρων
1910 475 2004 549 καὶ

426 566 820 640 ἀγαλλόμενος.

2109 407 2399 466 cidendum
2424 411 2639 481 obtulit,
2670 420 2725 470 et
2751 413 2907 471 latus
2934 413 3284 487 gaudensque
3301 415 3369 471 ad
3385 416 3681 477 Dominum

2110 500 2380 573 migravit.

1989 696 2130 754 Xlll.

1448 815 1658 877 Aucta;
1677 816 2054 881 Summa
2083 821 2304 891 Meam,
2325 822 2409 878 die
2434 823 2500 878 10
2522 822 2679 879 Julii.

502 929 618 1015 Τοῦ
648 930 823 999 ἁγίου
845 934 1581 1078 ίερομάρῆζςοάὲωὒίεθοδίου
1600 946 1935 1003 ἐπισκόπου

495 1088 669 1161 Οὗτος
702 1099 732 1151 6
764 1098 1054 1171 μακάριος,
1086 1104 1150 1155 ὲκ
1178 1102 1382 1157 παίδων
1418 1105 1607 1161 ἑαυτὸν
1629 1106 1706 1177 τῷ
1732 1107 1852 1179 Θεῷ
1878 1110 2003 1164 ἀνα-

415 1190 562 1257 θεὶς,
616 1190 813 1254 σκεῦος
845 1191 987 1245 θεῖον
1026 1194 1118 1247 καὶ
1143 1194 1346 1266 δοχεῖον
1381 1196 1525 1251 θείου
1571 1197 1886 1270 Πνεῦματος
1916 1200 2003 1270 γέ-

414 1281 776 1349 γονεν.Ὅθεν
820 1281 914 1335 καὶ
957 1283 1060 1337 ὑπὸ
1097 1284 1196 1356 τῆς
1220 1285 1370 1351 θείας
1396 1287 1612 1359 χάριτος
1639 1287 1737 1360 τὴν
1773 1290 1997 1361 ἱερωσύ-

414 1392 517 1446 νην
546 1375 719 1447 ψήφῳ
751 1376 887 1429 Θεοῦ
909 1376 1107 1443 λαϐὼν,
1134 1379 1314 1444 καλῶς
1340 1382 1433 1435 καὶ
1457 1381 1713 1451 θεοφιλῶς
1738 1384 1999 1455 ὲποίμανε

412 1467 476 1521 τὸ
502 1467 873 1539 ἐμπιστευθὲν
912 1468 1061 1539 αὐτῷ
1084 1469 1350 1541 ποίμνιον,
1381 1472 1557 1540 λόγοις
1583 1475 1875 1545 προσηνέσι
1908 1493 2001 1529 κα-

409 1562 732 1629 τατρωτίσας
758 1562 823 1615 τὸ
852 1562 952 1632 τῆς
995 1563 1319 1633 Ἑκκλησίας
1344 1565 1629 1636 πλήρωμα.
1666 1567 1756 1619 Διὸ
1784 1567 1878 1620 καὶ
1898 1568 1996 1636 τὴν

2215 950 2403 1004 Sancti
2429 948 2681 1018 martyris
2703 944 2957 1001 Methodii
2976 944 3203 1016 episcopi
3229 943 3562 1003 Patamm's.

2170 1108 2272 1166 Hic
2299 1109 2491 1166 beatus
2513 1108 2618 1174 vir,
2648 1122 2773 1163 cum
2797 1122 2829 1161 a
2850 1122 3019 1178 puero
3043 1123 3103 1163 se
3130 1106 3243 1162 Deo
3264 1117 3662 1176 consecrasset,

2103 1203 2198 1259 Dei
2219 1201 2499 1259 vasculum
2529 1214 2593 1254 ac
2625 1197 2862 1270 Spiritus
2899 1198 3075 1254 sancti
3104 1198 3552 1268 conceptaculum
3582 1198 3665 1263 fa-

2101 1302 2222 1349 ctus
2242 1299 2345 1348 est.
2397 1288 2553 1346 Unde
2586 1300 2639 1345 et
2685 1289 2869 1344 divina
2923 1287 3098 1359 gratia
3150 1285 3353 1357 Deique
3381 1286 3660 1359 sull‘ragio,

2099 1385 2408 1442 sacerdotio
2440 1391 2714 1454 suscepto,
2745 1381 3011 1436 creditum
3051 1380 3153 1436 sibi
3185 1396 3399 1451 gregem
3432 1381 3571 1436 bene
3643 1400 3664 1437 ι

2099 1490 2335 1547 congrua
2382 1474 2598 1546 pietate,
2649 1470 2907 1527 Ecclesia:
2958 1477 3162 1525 emtum
3217 1470 3479 1525 suavibus
3539 1469 3665 1525 illu-

2101 1574 2287 1621 strans
2309 1564 2562 1633 eloquiis,
2592 1563 2758 1632 pavit.
2791 1560 2967 1627 Quare
2990 1560 3177 1626 etiam,
3216 1575 3340 1614 cum
3380 1558 3664 1630 Origenia-

421 1653 742 1724 Ὡριγένους
786 1653 992 1725 πλάνην
1034 1655 1459 1721 ἐπιπολάζουσαν
1502 1657 1643 1725 ἰδὼν,
1680 1657 1756 1721 ὡς
1780 1659 1986 1729 ἄριστος

2099 1672 2227 1711 num
2245 1670 2486 1711 errorem
2511 1668 2709 1707 novum
2747 1660 3112 1722 emergentem
3143 1650 3370 1715 videret,
3401 1658 3661 1721 tanquam

407 1743 620 1814 ποιμὴν
666 1744 806 1815 πυρὶ
855 1744 984 1815 θείῳ
1036 1745 1238 1816 ταύτην
1287 1748 1607 1818 κατέφλεξε,
1661 1751 1840 1803 πᾶσαν
1896 1748 1986 1819 τὴν

2096 1749 2270 1804 bonus
2292 1754 2496 1818 pastor,
2514 1744 2698 1801 divino
2718 1742 3168 1813 combussitigni,
3194 1742 3405 1812 dejecta
3432 1757 3660 1812 prorsus

405 1832 582 1904 ἀχλὺν
623 1834 725 1887 καὶ
758 1835 1122 1904 σκοτόμαιναν
1155 1835 1463 1905 ὲκμειώσας
1510 1838 1670 1910 σοφίᾳ
1697 1838 1869 1908 λόγων
1899 1839 1993 1891 καὶ

349 1955 353 1958 ~
411 1923 540 1994 θείᾳ
576 1925 786 1995 χάριτι.
805 1925 868 1977 Ἥ
912 1925 969 1978 δὲ
1000 1924 1107 1979 τῶν
1136 1925 1307 1995 λόγων
1332 1928 1495 1982 αὐτοῦ
1526 1929 1801 2002 ἀστραπὴ,
1831 1930 1926 1984 καὶ
1954 1932 1988 2001 ἠ

422 2014 524 2086 τῆς
551 2015 798 2083 γνώσεως
828 2016 1081 2085 σάλπιγξ.
1100 2020 1195 2085 είς-
1206 2017 1412 2073 πᾶσαν
1432 2019 1546 2089 τὴν
1567 2020 1684 2091 γῆν
1709 2020 1993 2088 ἐξελήλυ-

434 2113 564 2164 θεν.
581 2110 735 2164 Ὅθεν
759 2109 830 2182 μὴ
854 2110 1039 2182 φέρων
1067 2112 1095 2164 6
1126 2112 1316 2184 ἐχθρὸς
1336 2111 1433 2183 τὴν
1456 2113 1767 2185 παρρησίαν
1796 2114 1890 2167 καὶ
1916 2114 1993 2167 ἔν-

439 2214 631 2251 στασιν
656 2200 741 2252 τοῦ
781 2201 1038 2270 μεγάλου,
1076 2202 1283 2267 ὁπλίζει
1316 2203 1440 2266 τοὺς
1466 2203 1656 2257 ἑαυτοῦ
1688 2206 1990 2276 ὑπουργοὺς

431 2289 573 2360 πρὸς
604 2290 700 2361 τὴν
738 2290 927 2344 τούτου
963 2292 1260 2363 ἀναίρεσιν.
1291 2293 1349 2345 '0
1390 2293 1448 2346 δὲ
1484 2294 1588 2365 πρὸ
1634 2295 1732 2365 τῆς
1780 2312 1989 2366 μαρτυ-

419 2380 546 2449 ρίας
571 2381 833 2452 νέκρωσιν
863 2382 1144 2453 ζωηφόρον
1175 2383 1551 2454 ἐνδυσάμενος,
1585 2384 1727 2453 ξίφει
1752 2385 1851 2456 τὴν
1894 2404 1987 2440 κει

412 2472 592 2542 φαλὴν
620 2473 871 2543 τμηθεὶς,
902 2475 1038 2545 πρὸς
1074 2474 1170 2545 τὴν
1202 2476 1484 2546 κρείττονα
1514 2474 1654 2545 ζωὴν
1686 2476 1942 2547 μετετέθη
1958 2495 1984 2526 ,ο

410 2564 628 2635 πρῶτον
681 2565 779 2634 μὲν
831 2564 1128 2635 ἱερουργῶν
1156 2566 1248 2618 τὸν
1286 2566 1480 2636 Ἀμνὸν
1522 2566 1614 2619 τοῦ
1648 2565 1803 2630 Θεοῦ,
1832 2566 1988 2620 ὕστε-

406 2674 505 2729 ρον
531 2658 590 2711 δὲ
626 2658 912 2729 θυόμενος,
942 2660 1221 2733 προσήχθη
1244 2660 1323 2730 τῷ
1356 2660 1574 2733 Χριστῷ
1614 2661 1769 2714 θυσία
1816 2662 1983 2727 ζῶσα.

407 2749 577 2803 Ὅθεν
603 2751 701 2802 καὶ
727 2750 938 2813 διπλοῖς
965 2750 1246 2819 στεφάνοις
1285 2752 1685 2823 κατεκοσμήθη.
1703 2753 1761 2805 '0
1782 2752 1837 2805 δὲ
1865 2769 1987 2821 γεν-

405 2844 559 2903 ναῖος
589 2840 877 2911 πρόμαχος
902 2842 1001 2911 τῆς
1022 2840 1297 2912 ἀληθείας,
1329 2842 1523 2912 αἵμασι
1554 2845 1906 2913 μαρτυρικοϊς
1924 2843 1985 2898 τὸ

404 2932 563 2995 τέλος
606 2930 1076 3003 ἀπενεγκάμενος,
1109 2933 1449 2987 ἀνεπαύσατο
1474 2933 1720 2998 αίωνίως.
1758 2934 1926 2999 Αὐτὸς
1955 2937 1985 2989 6

413 3023 559 3087 eam;
583 3022 669 3092 τῷ
694 3024 811 3076 δντι
836 3024 929 3077 τοῦ
971 3023 1104 3077 Θεοῦ
1134 3023 1310 3096 ἱερεύς
1345 3041 1405 3078 τε
1436 3024 1529 3078 καὶ
1565 3025 1771 3096 μάρτυς
1791 3065 1806 3090 ,
1852 3042 1983 3079 κατ-

410 3116 601 3168 έλιπεν
624 3118 657 3186 ἡ
669 3119 762 3186 μῖν
785 3115 1191 3187 συγγράμματα
1212 3117 1312 3188 τῆς
1331 3117 1493 3170 αὑτοῦ
1514 3116 1843 3187 φιλοπονίας,
1873 3116 1981 3169 πά-

409 3224 511 3277 σης
567 3207 825 3276 γνώσεως
867 3207 960 3262 καὶ
999 3208 1264 3284 ὠφελείας
1301 3208 1653 3279 τυγχάνοντα.
1687 3207 1844 3262 Ἀλλά
1888 3208 1983 3263 καὶ

413 3298 546 3369 περὶ
594 3297 704 3350 τῶν
749 3298 1014 3368 μενόντων
1066 3300 1375 3367 σαφέστατα
1439 3299 1837 3372 προεθέσπισε,
1889 3302 1984 3355 καὶ

405 3391 823 3461 προηγόρευσεν
865 3390 1283 3461 εὖκρινέστατα·
1316 3391 1442 3463 περί
1478 3409 1537 3444 τε
1578 3391 1675 3455 τὰς
1719 3392 1981 3463 βασιλέων

399 3481 713 3549 διαλλαγὰς
771 3482 866 3533 καὶ
921 3481 1218 3551 μεταϐολὰς
1273 3482 1366 3536 καὶ
1419 3484 1830 3554 μεταποιήσεις,
1886 3485 1981 3537 καὶ

404 3571 581 3625 ἐθνῶν
611 3570 908 3642 ἐκδρομὰς,
943 3573 1037 3625 καὶ
1063 3571 1256 3643 χωρῶν
1310 3574 1404 3626 καὶ
1448 3574 1628 3627 τόπων
1674 3573 1981 3646 ὲρημὼσεις

407 3666 508 3718 καὶ
554 3663 894 3734 ἀφανισμούς
917 3681 929 3693 σ
967 3662 1094 3735 περί
1120 3681 1181 3716 τε
1217 3664 1509 3735 ὀρθοδόξων
1551 3666 1646 3720 καὶ
1688 3666 1978 3737 αίρετικῶν

417 3756 708 3826 βασιλέων’
744 3755 841 3809 καὶ
871 3757 997 3827 περὶ
1026 3757 1126 3827 τῆς
1159 3757 1461 3822 συντελείας
1490 3759 1583 3812 τοῦ
1613 3759 1815 3829 κόσμου
1842 3776 1854 3788 ·
1886 3758 1979 3811 καὶ

419 3848 556 3917 περὶ
582 3846 671 3898 τοῦ
711 3847 1081 3916 ’Δντιχρίστου
1125 3847 1343 3918 καὶτῆς
1367 3849 1529 3902 αὐτοῦ
1565 3849 1855 3920 βασιλείας,
1886 3849 1979 3902 καὶ

414 3936 518 3989 τοῦ
569 3938 865 4009 ἀφανισμοῦ
909 3939 1001 3992 καὶ
1045 3939 1399 4013 πανολεθρίας
1450 3942 1626 4012 πάσης
1659 3941 1855 4011 σαρκὸς
1882 3941 1978 3993 ἀν-

408 4029 705 4101 θρωπίνης.
734 4030 921 4084 Ταῦτα
967 4031 1140 4087 πάντα
1186 4033 1494 4102 σαφέστατα
1553 4035 1582 4086 ό
1629 4034 1769 4097 θεῖος
1824 4025 1978 4097 οὗτος

401 4118 796 4189 προεθέσπισε.

470 4276 557 4346 (σῄ)
587 4274 820 4330 Exstant
846 4276 1090 4346 quaedam
1121 4277 1381 4333 Methodii
1414 4278 1586 4332 nostri
1615 4278 1683 4333 de
1700 4279 1977 4335 Antichri-

407 4344 491 4419 sto
518 4344 718 4419 Latine
747 4344 887 4419 edita
921 4347 975 4419 in
1010 4347 1402 4419 Bibl._Patntm
1433 4348 1619 4403 Colon.
1662 4363 1727 4403 ac
1775 4365 1975 4419 nuper-

2095 1838 2323 1908 caligine
2351 1847 2404 1892 et
2448 1835 2682 1893 obscura
2714 1841 2895 1900 nocte,
2936 1847 3249 1888 sermonum
3296 1832 3565 1901 sapientia
3594 1847 3659 1886 ac

2094 1929 2268 2000 gratia
2295 1928 2497 1983 divina.
2520 1925 2712 1993 Porro,
2750 1939 3064 1981 sermonum
3090 1923 3210 1994 ejus
3232 1924 3405 1978 instar
3427 1922 3659 1993 fulguris

2092 2020 2303 2075 micans
2326 2018 2603 2089 splendor,
2638 2033 2704 2074 ac
2753 2019 2997 2076 scientiae
3023 2019 3171 2083 tuba,
3227 2019 3284 2072 in
3316 2034 3517 2087 omnem
3549 2027 3657 2073 ter-

2092 2128 2208 2166 ram
2234 2111 2410 2167 exivit.
2461 2109 2647 2180 quue
2688 2124 2798 2164 non
2834 2108 3014 2164 ferens
3061 2108 3233 2163 hostis
3262 2108 3506 2178 praeclari
3552 2107 3660 2165 viri

2091 2202 2394 2258 libertatem
2426 2215 2835 2272 pugnacemque
2863 2198 3123 2254 adversus
3157 2198 3338 2268 ipsum
3361 2199 3659 2255 contentio-

2090 2309 2234 2360 nem,
2265 2309 2394 2349 suos
2412 2294 2464 2348 in
2487 2294 2606 2363 ejus
2627 2308 2813 2349 necem
2843 2298 3015 2346 armat
3037 2290 3341 2347 ministros.
3394 2289 3444 2345 ls
3472 2298 3656 2347 autem

2089 2386 2182 2455 qui
2209 2392 2335 2441 ante
2383 2385 2710 2456 martyrium
2743 2383 3011 2439 viviﬁcam
3060 2380 3534 2436 mortiﬁcationem
3575 2383 3657 2437 in-

2087 2476 2317 2542 duisset,
2349 2481 2632 2545 amputato
2661 2474 2860 2544 capite,
2894 2472 2961 2549 ad
2981 2472 3258 2527 meliorem
3287 2470 3451 2526 vitam
3484 2481 3656 2528 trans-

2087 2568 2229 2623 latus
2250 2573 2372 2633 est;
2397 2581 2628 2636 cumque
2660 2565 2895 2636 primum
2963 2562 3057 2618 Dei
3082 2564 3293 2635 Agnum
3322 2565 3651 2631 immolaret,

2085 2659 2202 2729 ipse
2231 2658 2574 2729 postmodum
2605 2656 2933 2719 immolatus,
2952 2655 3171 2712 oblatus
3193 2663 3279 2712 est
3305 2655 3525 2711 Christo
3558 2655 3655 2710 ho-

2086 2750 2192 2805 stia
2214 2749 2421 2804 vivens.
2460 2746 2614 2803 Unde
2645 2746 2809 2802 etiam
2862 2745 3131 2815 duplicem
3165 2761 3419 2801 coronam
3452 2761 3651 2802 conse-

2084 2849 2245 2898 cutus
2272 2848 2377 2897 est.
2404 2839 2870 2910 Strenuusjtaque
2897 2839 3137 2894 veritatis
3167 2840 3335 2909 pugil,
3362 2855 3484 2894 cum
3512 2855 3652 2894 mar-

2081 2933 2210 3005 tyrii
2235 2932 2498 3003 sanguine
2535 2931 2823 3002 gloriosam
2856 2939 3188 3002 reportasset
3218 2932 3399 2998 linem,
3445 2930 3651 3001 sempi-

2086 3032 2299 3080 ternum
2329 3025 2613 3095 requievit.
2646 3022 2746 3078 Hic
2774 3023 2937 3091 plane
2969 3023 3307 3079 admirabilis
3337 3022 3431 3078 Dei
3466 3036 3650 3077 sacer-

2085 3116 2184 3171 dos
2213 3124 2266 3170 et
2294 3123 2497 3187 martyr
2512 3115 2681 3171 libros
2702 3115 2859 3170 nobis
2885 3114 2981 3170 abs
3004 3130 3062 3171 se
3082 3114 3388 3171 elaboratas
3406 3113 3645 3184 reliquit,

2084 3206 2310 3262 scientia
2334 3206 2482 3261 omni
2518 3206 2707 3276 plenos
2734 3220 2798 3260 ac
2826 3205 3169 3261 utilissimos.
3201 3204 3341 3270 Quin
3378 3213 3431 3258 et
3474 3201 3651 3258 defu-

2083 3301 2221 3357 turis
2243 3299 2546 3356 clarissime
2567 3296 2896 3353 vaticinatus
2922 3307 3027 3361 est,
3052 3312 3115 3351 ac
3144 3309 3405 3366 perquam
3436 3293 3649 3364 perspi-

2082 3409 2182 3451 cue
2210 3393 2489 3464 praedixit;
2523 3406 2745 3461 nempe,
2787 3391 2931 3461 quod
2979 3398 3189 3461 spectat
3232 3389 3301 3445 ad
3357 3402 3646 3461 regnorum

2081 3488 2335 3557 utrinque
2355 3484 2701 3541 mutationes.
2724 3484 2960 3553 gentium
2989 3483 3360 3548 excursiones,
3379 3483 3647 3538 locorum-

2080 3595 2185 3650 que
2212 3594 2277 3633 ac
2306 3576 2584 3647 regionum
2615 3574 2966 3629 vastationes.
2997 3574 3130 3629 Item
3170 3574 3314 3644 quod
3357 3574 3425 3628 ad
3453 3574 3645 3629 ortho-

2079 3670 2251 3727 doxos
2270 3687 2423 3743 reges
2452 3679 2506 3726 et
2531 3670 2845 3732 haereticos,
2880 3683 2981 3724 nec
3012 3683 3123 3723 non
3166 3668 3310 3739 quod
3349 3668 3417 3723 ad
3455 3667 3645 3723 mundi

2079 3763 2630 3827 consummationem,
2691 3768 2853 3831 atque
2901 3758 2978 3830 (a)
3026 3760 3093 3814 ad
3144 3758 3541 3813 Antichristum
3589 3765 3645 3814 et

2077 3857 2197 3927 ejus
2244 3871 2493 3927 regnum,
2525 3853 2824 3924 mundique
2875 3851 3335 3931 destructionem,
3367 3866 3431 3905 ac
3463 3850 3643 3907 omnis

2077 3949 2330 4004 humana:
2356 3947 2541 4003 carnis
2572 3946 2870 4001 interitum.
2897 3945 3045 4009 Haec,
3078 3946 3319 4016 inquam,
3350 3942 3531 4001 omnia
3559 3942 3644 3999 vir

2077 4038 2310 4094 eximius
2338 4036 2640 4092 clarissime
2670 4036 2993 4091 vaticinatus
3025 4043 3127 4091 est.

2071 4277 2308 4349 jicienda
2338 4276 2545 4348 putavi,
2588 4276 2871 4332 deﬁciente
2902 4274 3089 4349 Graeco
3132 4272 3338 4349 codice,
3366 4272 3431 4326 ad
3450 4258 3456 4263 ’
3477 4286 3639 4342 quem

2076 4342 2404 4409 conferrem.
2432 4357 2486 4401 et
2513 4362 2653 4417 opus
2676 4345 3246 4417 totumexpenderem.
3274 4342 3417 4417 Sane
3446 4352 3502 4417 ut
3526 4358 3637 4396 non

408 4416 550 4502 rima
569 4415 783 4502 Paris,
801 4417 918 4502 ipsa
944 4417 1177 4502 l’ortenad
1196 4435 1316 4499 qua;
1338 4419 1555 4502 respicit
1589 4425 1779 4502 au‘ctor
1808 4411 1975 4502 Spna-
2003 4416 2051 4475 υ
2075 4420 2254 4502 placet
2288 4418 2454 4471 nimia
2486 4411 3638 4502 in'hujusmodi"proplietisipropbegisque

406 4486 550 4557 aerii
594 4486 684 4557 ('j,
716 4501 1024 4557 quanquam
1070 4485 1396 4542 Bellarmino
1426 4485 1738 4543 Wideantur
1790 4485 1972 4545 minus
2075 4485 2229 4543 Extra
2256 4502 2518 4542 canoncm
2558 4485 2872 4550 credulitas,
2890 4486 2965 4538 ita
2993 4499 3093 4538 nec
3127 4485 3297 4537 levius
3315 4485 3633 4557 spreverim,

405 4556 518 4609 viro
540 4554 741 4626 sancto
765 4554 945 4625 digna.
979 4554 1121 4610 Nihil
1150 4573 1249 4626 ego
1279 4559 1762 4626 pronuntiaverim,
1788 4575 1847 4613 re
1869 4562 1973 4612 mi-

398 4639 506 4680 nus
539 4626 679 4679 mihi
707 4624 991 4694 discussa;
1031 4641 1095 4681 ac
1117 4624 1218 4683 nec
1248 4624 1605 4684 Methodianis
1643 4631 1845 4685 nostris
1875 4629 1971 4684 ad-

2075 4559 2121 4613 si
2175 4573 2282 4628 qua
2314 4558 2641 4628 praesertim
2677 4558 2822 4613 velut
2864 4562 3177 4611 sanctorum
3218 4553 3442 4624 antiqua
3496 4551 3637 4607 obti-

2076 4626 2260 4684 neant.
2298 4626 2583 4684 causam.

460 4778 525 4838 (⁸)
550 4778 669 4848 Hagc
692 4780 822 4829 baud
839 4780 1248 4848 duble_lletbodii
1265 4783 1474 4848 junioris
1494 4789 1626 4848 sunt.
1652 4784 2179 4848 constantinopolitani
2200 4784 2504 4848 patriarchae,
2529 4795 2657 4833 anno
2679 4780 2773 4831 διδ
2792 4778 3044 4845 ~defuncti.
3069 4776 3188 4830 Vide
3208 4775 3413 4827 Fabricii
3431 4773 3635 4840 {Biblio-

392 4836 584 4890 W
604 4842 848 4903 Grecam,
867 4843 947 4893 ed.
968 4842 1183 4905 Harles.,
1209 4836 1323 4894 ιοίιι.
1352 4846 1455 4908 VII,
1476 4860 1522 4909 p.
1549 4847 1657 4895 275.
1678 4847 1816 4895 Eutr.
1837 4836 1987 4896 Pun:
