  <div class='ocr_page' id='page_1' title='image "/cluster/home/n/w/nwhite01/storage/ocr_20150623/18/hvd.32044073501207/020.png"; bbox 0 0 3964 6226; ppageno 0'>
   <div class='ocr_carea' id='block_1_1' title="bbox 317 181 3542 252">
    <p class='ocr_par' dir='ltr' id='par_1_1' title="bbox 317 181 3542 252">
     <span class='ocr_line' id='line_1_1' title="bbox 317 181 3542 252; baseline 0.004 -15"><span class='ocrx_word' id='word_1_1' title='bbox 317 181 381 237; x_wconf 73' lang='lat'><strong>29</strong></span> <span class='ocrx_word' id='word_1_2' title='bbox 832 182 835 183; x_wconf 53' lang='grc'><strong><em>⁷</em></strong></span> <span class='ocrx_word' id='word_1_3' title='bbox 1400 181 1782 240; x_wconf 69' lang='lat' dir='ltr'><strong>CONVIVIUM</strong></span> <span class='ocrx_word' id='word_1_4' title='bbox 1824 182 2052 239; x_wconf 78' lang='lat' dir='ltr'><strong>DECEM</strong></span> <span class='ocrx_word' id='word_1_5' title='bbox 2088 183 2452 242; x_wconf 75' lang='lat' dir='ltr'><strong>VlRGlNUM.</strong></span> <span class='ocrx_word' id='word_1_6' title='bbox 3471 195 3542 252; x_wconf 81' lang='lat'><strong>30</strong></span> 
     </span>
    </p>
   </div>
   <div class='ocr_carea' id='block_1_2' title="bbox 315 298 1869 377">
    <p class='ocr_par' dir='ltr' id='par_1_2' title="bbox 315 298 1869 377">
     <span class='ocr_line' id='line_1_2' title="bbox 315 298 1869 377; baseline 0.001 -21"><span class='ocrx_word' id='word_1_7' title='bbox 315 298 534 370; x_wconf 70' lang='grc' dir='ltr'>ἁγνείας</span> <span class='ocrx_word' id='word_1_8' title='bbox 584 300 791 370; x_wconf 86' lang='grc' dir='ltr'>λόγων,</span> <span class='ocrx_word' id='word_1_9' title='bbox 825 302 970 365; x_wconf 79' lang='grc' dir='ltr'>τινες</span> <span class='ocrx_word' id='word_1_10' title='bbox 1008 298 1167 374; x_wconf 75' lang='grc' dir='ltr'>ἦσαν.</span> <span class='ocrx_word' id='word_1_11' title='bbox 1207 303 1344 358; x_wconf 72' lang='grc' dir='ltr'>Φασὶ</span> <span class='ocrx_word' id='word_1_12' title='bbox 1386 302 1493 377; x_wconf 84' lang='grc' dir='ltr'>γὰρ</span> <span class='ocrx_word' id='word_1_13' title='bbox 1535 302 1739 375; x_wconf 81' lang='grc' dir='ltr'>σφόδρα</span> <span class='ocrx_word' id='word_1_14' title='bbox 1782 321 1869 375; x_wconf 82' lang='grc' dir='ltr'>με·</span> 
     </span>
    </p>
   </div>
   <div class='ocr_carea' id='block_1_3' title="bbox 1983 298 3543 377">
    <p class='ocr_par' dir='ltr' id='par_1_3' title="bbox 1983 302 3543 369">
     <span class='ocr_line' id='line_1_3' title="bbox 1983 302 3543 369; baseline 0.006 -11"><span class='ocrx_word' id='word_1_15' title='bbox 1983 302 2401 360; x_wconf 84' lang='lat' dir='ltr'><strong>decastimonia</strong></span> <span class='ocrx_word' id='word_1_16' title='bbox 2451 320 2735 363; x_wconf 80' lang='lat' dir='ltr'><strong>sermones</strong></span> <span class='ocrx_word' id='word_1_17' title='bbox 2789 307 3157 363; x_wconf 88' lang='lat' dir='ltr'><strong>contulerunt.</strong></span> <span class='ocrx_word' id='word_1_18' title='bbox 3203 307 3373 364; x_wconf 80' lang='lat' dir='ltr'><strong>Aiunt</strong></span> <span class='ocrx_word' id='word_1_19' title='bbox 3397 312 3543 369; x_wconf 80' lang='lat' dir='ltr'><strong>enim</strong></span> 
     </span>
    </p>
   </div>
   <div class='ocr_carea' id='block_1_4' title="bbox 318 388 1877 464">
    <p class='ocr_par' dir='ltr' id='par_1_4' title="bbox 318 388 1877 464">
     <span class='ocr_line' id='line_1_4' title="bbox 318 388 1877 464; baseline -0.001 -19"><span class='ocrx_word' id='word_1_20' title='bbox 318 390 671 462; x_wconf 83' lang='grc' dir='ltr'>γαλοπρεπῶς</span> <span class='ocrx_word' id='word_1_21' title='bbox 709 388 883 455; x_wconf 79' lang='grc' dir='ltr'>οὕτως</span> <span class='ocrx_word' id='word_1_22' title='bbox 924 391 1091 455; x_wconf 81' lang='grc' dir='ltr'>αύτάς</span> <span class='ocrx_word' id='word_1_23' title='bbox 1135 392 1226 445; x_wconf 71' lang='grc' dir='ltr'><strong>καὶ</strong></span> <span class='ocrx_word' id='word_1_24' title='bbox 1272 390 1506 464; x_wconf 73' lang='grc' dir='ltr'>ἰσχυρῶς</span> <span class='ocrx_word' id='word_1_25' title='bbox 1545 390 1877 462; x_wconf 79' lang='grc' dir='ltr'>ἠγωνίσθαι,</span> 
     </span>
    </p>
   </div>
   <div class='ocr_carea' id='block_1_5' title="bbox 322 479 1880 556">
    <p class='ocr_par' dir='ltr' id='par_1_5' title="bbox 322 479 1880 556">
     <span class='ocr_line' id='line_1_5' title="bbox 322 479 1880 556; baseline 0.003 -22"><span class='ocrx_word' id='word_1_26' title='bbox 322 484 395 546; x_wconf 78' lang='grc' dir='ltr'><strong>ὡς</strong></span> <span class='ocrx_word' id='word_1_27' title='bbox 416 482 639 554; x_wconf 75' lang='grc' dir='ltr'>μηδενὸς</span> <span class='ocrx_word' id='word_1_28' title='bbox 669 479 807 535; x_wconf 83' lang='grc' dir='ltr'>εἶναι</span> <span class='ocrx_word' id='word_1_29' title='bbox 834 482 942 535; x_wconf 86' lang='grc' dir='ltr'><strong>τῶν</strong></span> <span class='ocrx_word' id='word_1_30' title='bbox 972 487 1052 547; x_wconf 70' lang='grc' dir='ltr'><strong>εἰς</strong></span> <span class='ocrx_word' id='word_1_31' title='bbox 1073 485 1134 538; x_wconf 75' lang='grc' dir='ltr'><strong>τὸ</strong></span> <span class='ocrx_word' id='word_1_32' title='bbox 1164 484 1542 556; x_wconf 80' lang='grc' dir='ltr'><strong>περικείμενον</strong></span> <span class='ocrx_word' id='word_1_33' title='bbox 1573 485 1880 553; x_wconf 81' lang='grc' dir='ltr'>ἀναγκαίων</span> 
     </span>
    </p>
   </div>
   <div class='ocr_carea' id='block_1_6' title="bbox 320 570 1881 647">
    <p class='ocr_par' dir='ltr' id='par_1_6' title="bbox 320 570 1881 647">
     <span class='ocr_line' id='line_1_6' title="bbox 320 570 1881 647; baseline 0.001 -19"><span class='ocrx_word' id='word_1_34' title='bbox 320 574 561 638; x_wconf 78' lang='grc' dir='ltr'>ἐπιδεεῖς.</span> <span class='ocrx_word' id='word_1_35' title='bbox 599 575 663 627; x_wconf 80' lang='lat' dir='ltr'><strong>Et</strong></span> <span class='ocrx_word' id='word_1_36' title='bbox 695 570 788 628; x_wconf 78' lang='grc' dir='ltr'><strong>οὖν</strong></span> <span class='ocrx_word' id='word_1_37' title='bbox 835 576 1021 646; x_wconf 80' lang='grc' dir='ltr'>ἐτέρου</span> <span class='ocrx_word' id='word_1_38' title='bbox 1069 577 1213 638; x_wconf 82' lang='grc' dir='ltr'>τινὸς</span> <span class='ocrx_word' id='word_1_39' title='bbox 1267 577 1427 630; x_wconf 81' lang='grc' dir='ltr'>ἓνεκα</span> <span class='ocrx_word' id='word_1_40' title='bbox 1478 572 1671 647; x_wconf 82' lang='grc' dir='ltr'>ἦλθες,</span> <span class='ocrx_word' id='word_1_41' title='bbox 1721 576 1881 630; x_wconf 75' lang='grc' dir='ltr'>τοῦτο</span> 
     </span>
    </p>
   </div>
   <div class='ocr_carea' id='block_1_7' title="bbox 316 663 1879 741">
    <p class='ocr_par' dir='ltr' id='par_1_7' title="bbox 316 663 1879 741">
     <span class='ocr_line' id='line_1_7' title="bbox 316 663 1879 741; baseline 0.002 -21"><span class='ocrx_word' id='word_1_42' title='bbox 316 665 557 729; x_wconf 78' lang='grc' dir='ltr'>εἰσαῦθις</span> <span class='ocrx_word' id='word_1_43' title='bbox 585 666 1025 739; x_wconf 77' lang='grc' dir='ltr'>ἀναϐαλλομένη,</span> <span class='ocrx_word' id='word_1_44' title='bbox 1071 666 1144 740; x_wconf 82' lang='grc' dir='ltr'><strong>μὴ</strong></span> <span class='ocrx_word' id='word_1_45' title='bbox 1194 670 1429 741; x_wconf 74' lang='grc' dir='ltr'>ὀκνήσῃς</span> <span class='ocrx_word' id='word_1_46' title='bbox 1472 667 1599 733; x_wconf 78' lang='grc' dir='ltr'>νῦν,</span> <span class='ocrx_word' id='word_1_47' title='bbox 1639 669 1767 741; x_wconf 78' lang='grc' dir='ltr'>περὶ</span> <span class='ocrx_word' id='word_1_48' title='bbox 1804 663 1879 724; x_wconf 83' lang='grc' dir='ltr'>ὧν</span> 
     </span>
    </p>
   </div>
   <div class='ocr_carea' id='block_1_8' title="bbox 320 759 1882 834">
    <p class='ocr_par' dir='ltr' id='par_1_8' title="bbox 320 759 1882 834">
     <span class='ocr_line' id='line_1_8' title="bbox 320 759 1882 834; baseline 0.003 -22"><span class='ocrx_word' id='word_1_49' title='bbox 320 759 700 830; x_wconf 81' lang='grc' dir='ltr'>πυνθανόμεθά</span> <span class='ocrx_word' id='word_1_50' title='bbox 757 777 850 814; x_wconf 88' lang='grc' dir='ltr'><strong>σου</strong></span> <span class='ocrx_word' id='word_1_51' title='bbox 870 800 886 826; x_wconf 91' lang='grc'><strong>,</strong></span> <span class='ocrx_word' id='word_1_52' title='bbox 932 760 1237 827; x_wconf 82' lang='grc' dir='ltr'><strong>ἀκολούθως</strong></span> <span class='ocrx_word' id='word_1_53' title='bbox 1291 764 1422 834; x_wconf 75' lang='grc' dir='ltr'>ἡμῖν</span> <span class='ocrx_word' id='word_1_54' title='bbox 1476 762 1689 816; x_wconf 75' lang='grc' dir='ltr'>ἅπαντα</span> <span class='ocrx_word' id='word_1_55' title='bbox 1742 762 1882 817; x_wconf 87' lang='grc' dir='ltr'>διελ-</span> 
     </span>
    </p>
   </div>
   <div class='ocr_carea' id='block_1_9' title="bbox 319 849 451 906">
    <p class='ocr_par' dir='ltr' id='par_1_9' title="bbox 319 849 451 906">
     <span class='ocr_line' id='line_1_9' title="bbox 319 849 451 906; baseline 0.023 -3"><span class='ocrx_word' id='word_1_56' title='bbox 319 849 451 906; x_wconf 86' lang='grc' dir='ltr'>θεῖν.</span> 
     </span>
    </p>
   </div>
   <div class='ocr_carea' id='block_1_10' title="bbox 383 1055 1879 1132">
    <p class='ocr_par' dir='ltr' id='par_1_10' title="bbox 383 1055 1879 1132">
     <span class='ocr_line' id='line_1_10' title="bbox 383 1055 1879 1132; baseline 0.005 -24"><span class='ocrx_word' id='word_1_57' title='bbox 383 1055 668 1110; x_wconf 77' lang='grc' dir='ltr'><strong>ΓΡΗΓΟΡ.</strong></span> <span class='ocrx_word' id='word_1_58' title='bbox 712 1056 1045 1127; x_wconf 80' lang='grc' dir='ltr'>Ἥμϐροτον,</span> <span class='ocrx_word' id='word_1_59' title='bbox 1085 1058 1159 1123; x_wconf 84' lang='grc' dir='ltr'><strong>ὡς</strong></span> <span class='ocrx_word' id='word_1_60' title='bbox 1187 1058 1349 1122; x_wconf 80' lang='grc' dir='ltr'>ἔοικε.</span> <span class='ocrx_word' id='word_1_61' title='bbox 1377 1060 1476 1132; x_wconf 79' lang='grc' dir='ltr'><strong>τῆς</strong></span> <span class='ocrx_word' id='word_1_62' title='bbox 1502 1060 1733 1128; x_wconf 75' lang='grc' dir='ltr'><strong>ἐλπίδος,</strong></span> <span class='ocrx_word' id='word_1_63' title='bbox 1760 1062 1879 1115; x_wconf 84' lang='grc' dir='ltr'>ἐτέ-</span> 
     </span>
    </p>
   </div>
   <div class='ocr_carea' id='block_1_11' title="bbox 313 1146 1880 1225">
    <p class='ocr_par' dir='ltr' id='par_1_11' title="bbox 313 1146 1880 1225">
     <span class='ocr_line' id='line_1_11' title="bbox 313 1146 1880 1225; baseline 0.005 -26"><span class='ocrx_word' id='word_1_64' title='bbox 313 1164 406 1218; x_wconf 84' lang='grc' dir='ltr'><strong>ρου</strong></span> <span class='ocrx_word' id='word_1_65' title='bbox 451 1148 978 1219; x_wconf 78' lang='grc' dir='ltr'>προαναγγεῐλαντος</span> <span class='ocrx_word' id='word_1_66' title='bbox 1179 1170 1244 1205; x_wconf 90' lang='grc' dir='ltr'><strong>πε</strong></span> <span class='ocrx_word' id='word_1_67' title='bbox 1255 1152 1306 1223; x_wconf 76' lang='grc' dir='ltr'>ρὶ</span> <span class='ocrx_word' id='word_1_68' title='bbox 1344 1146 1418 1207; x_wconf 83' lang='grc' dir='ltr'>ὧν</span> <span class='ocrx_word' id='word_1_69' title='bbox 1470 1155 1698 1225; x_wconf 80' lang='grc' dir='ltr'>ἐρωτᾷς.</span> <span class='ocrx_word' id='word_1_70' title='bbox 1740 1153 1880 1224; x_wconf 87' lang='grc' dir='ltr'>Ἐγὼ</span> 
     </span>
    </p>
   </div>
   <div class='ocr_carea' id='block_1_12' title="bbox 310 1240 1879 1315">
    <p class='ocr_par' dir='ltr' id='par_1_12' title="bbox 310 1240 1879 1315">
     <span class='ocr_line' id='line_1_12' title="bbox 310 1240 1879 1315; baseline 0.004 -23"><span class='ocrx_word' id='word_1_71' title='bbox 310 1240 416 1309; x_wconf 76' lang='grc' dir='ltr'>γὰρ</span> <span class='ocrx_word' id='word_1_72' title='bbox 441 1240 669 1312; x_wconf 82' lang='grc' dir='ltr'>μηδέπω</span> <span class='ocrx_word' id='word_1_73' title='bbox 693 1241 857 1313; x_wconf 85' lang='grc' dir='ltr'>μηδὲν</span> <span class='ocrx_word' id='word_1_74' title='bbox 875 1242 1165 1311; x_wconf 82' lang='grc' dir='ltr'>ἀκηκοέναι</span> <span class='ocrx_word' id='word_1_75' title='bbox 1194 1243 1464 1315; x_wconf 84' lang='grc' dir='ltr'>νομίσασά</span> <span class='ocrx_word' id='word_1_76' title='bbox 1496 1262 1555 1298; x_wconf 84' lang='grc' dir='ltr'><strong>σε</strong></span> <span class='ocrx_word' id='word_1_77' title='bbox 1587 1244 1695 1298; x_wconf 83' lang='grc' dir='ltr'>τῶν</span> <span class='ocrx_word' id='word_1_78' title='bbox 1721 1262 1879 1315; x_wconf 88' lang='grc' dir='ltr'>γεγο-</span> 
     </span>
    </p>
   </div>
   <div class='ocr_carea' id='block_1_13' title="bbox 307 1330 1877 1406">
    <p class='ocr_par' dir='ltr' id='par_1_13' title="bbox 307 1330 1877 1406">
     <span class='ocr_line' id='line_1_13' title="bbox 307 1330 1877 1406; baseline 0.005 -24"><span class='ocrx_word' id='word_1_79' title='bbox 307 1330 492 1392; x_wconf 78' lang='grc' dir='ltr'>νότων,</span> <span class='ocrx_word' id='word_1_80' title='bbox 522 1331 727 1401; x_wconf 79' lang='grc' dir='ltr'>σφόδρα</span> <span class='ocrx_word' id='word_1_81' title='bbox 755 1331 897 1402; x_wconf 90' lang='grc' dir='ltr'>μέγα</span> <span class='ocrx_word' id='word_1_82' title='bbox 929 1333 1186 1404; x_wconf 80' lang='grc' dir='ltr'>ἐφρόνουν</span> <span class='ocrx_word' id='word_1_83' title='bbox 1215 1336 1307 1387; x_wconf 77' lang='grc' dir='ltr'><strong>ἐπὶ</strong></span> <span class='ocrx_word' id='word_1_84' title='bbox 1345 1334 1520 1406; x_wconf 83' lang='grc' dir='ltr'>τούτῳ</span> <span class='ocrx_word' id='word_1_85' title='bbox 1540 1377 1552 1400; x_wconf 94' lang='grc'><strong>,</strong></span> <span class='ocrx_word' id='word_1_86' title='bbox 1587 1336 1681 1389; x_wconf 77' lang='grc' dir='ltr'><strong>καὶ</strong></span> <span class='ocrx_word' id='word_1_87' title='bbox 1714 1335 1877 1390; x_wconf 77' lang='grc' dir='ltr'>ἐκαλ-</span> 
     </span>
    </p>
   </div>
   <div class='ocr_carea' id='block_1_14' title="bbox 305 1420 1880 1496">
    <p class='ocr_par' dir='ltr' id='par_1_14' title="bbox 305 1420 1880 1496">
     <span class='ocr_line' id='line_1_14' title="bbox 305 1420 1880 1496; baseline 0.004 -22"><span class='ocrx_word' id='word_1_88' title='bbox 305 1420 623 1491; x_wconf 76' lang='grc' dir='ltr'>λωπιζόμην</span> <span class='ocrx_word' id='word_1_89' title='bbox 663 1422 739 1486; x_wconf 88' lang='grc' dir='ltr'><strong>ὠς</strong></span> <span class='ocrx_word' id='word_1_90' title='bbox 768 1422 957 1495; x_wconf 80' lang='grc' dir='ltr'><strong>πρώτη</strong></span> <span class='ocrx_word' id='word_1_91' title='bbox 993 1440 1075 1478; x_wconf 89' lang='grc' dir='ltr'><strong>σοι</strong></span> <span class='ocrx_word' id='word_1_92' title='bbox 1108 1425 1375 1496; x_wconf 87' lang='grc' dir='ltr'>μέλλουσα</span> <span class='ocrx_word' id='word_1_93' title='bbox 1406 1427 1764 1496; x_wconf 81' lang='grc' dir='ltr'>ἐξαγγέλλειν.</span> <span class='ocrx_word' id='word_1_94' title='bbox 1789 1429 1880 1482; x_wconf 82' lang='grc' dir='ltr'><strong>Διὸ</strong></span> 
     </span>
    </p>
   </div>
   <div class='ocr_carea' id='block_1_15' title="bbox 301 1510 1875 1592">
    <p class='ocr_par' dir='ltr' id='par_1_15' title="bbox 301 1510 1875 1592">
     <span class='ocr_line' id='line_1_15' title="bbox 301 1510 1875 1592; baseline 0.007 -28"><span class='ocrx_word' id='word_1_95' title='bbox 301 1510 366 1584; x_wconf 79' lang='grc' dir='ltr'>δὴ</span> <span class='ocrx_word' id='word_1_96' title='bbox 411 1513 506 1566; x_wconf 74' lang='grc' dir='ltr'><strong>καὶ</strong></span> <span class='ocrx_word' id='word_1_97' title='bbox 547 1513 879 1578; x_wconf 75' lang='grc' dir='ltr'>ἐσπούδαζον</span> <span class='ocrx_word' id='word_1_98' title='bbox 921 1515 1109 1587; x_wconf 82' lang='grc' dir='ltr'>τάχιον</span> <span class='ocrx_word' id='word_1_99' title='bbox 1140 1517 1299 1592; x_wconf 84' lang='grc' dir='ltr'>δεῦρο</span> <span class='ocrx_word' id='word_1_100' title='bbox 1331 1518 1503 1572; x_wconf 87' lang='grc' dir='ltr'>ἐλθεῖν</span> <span class='ocrx_word' id='word_1_101' title='bbox 1539 1522 1675 1591; x_wconf 79' lang='grc' dir='ltr'>πρὸς</span> <span class='ocrx_word' id='word_1_102' title='bbox 1710 1521 1875 1591; x_wconf 81' lang='grc' dir='ltr'>ὑμᾶς,</span> 
     </span>
    </p>
   </div>
   <div class='ocr_carea' id='block_1_16' title="bbox 301 1606 1949 1706">
    <p class='ocr_par' dir='ltr' id='par_1_16' title="bbox 301 1606 1949 1706">
     <span class='ocr_line' id='line_1_16' title="bbox 301 1606 1949 1706; baseline 0.006 -49"><span class='ocrx_word' id='word_1_103' title='bbox 301 1606 557 1706; x_wconf 42' lang='grc' dir='ltr'><strong>αὐτὸ.-δὴ</strong></span> <span class='ocrx_word' id='word_1_104' title='bbox 609 1606 771 1660; x_wconf 77' lang='grc' dir='ltr'>τοῦτο</span> <span class='ocrx_word' id='word_1_105' title='bbox 823 1606 1215 1681; x_wconf 78' lang='grc' dir='ltr'>εύλαὸηθεῖσα,</span> <span class='ocrx_word' id='word_1_106' title='bbox 1262 1610 1322 1664; x_wconf 79' lang='grc' dir='ltr'><strong>τὸ</strong></span> <span class='ocrx_word' id='word_1_107' title='bbox 1375 1611 1448 1683; x_wconf 80' lang='grc' dir='ltr'>μὴ</span> <span class='ocrx_word' id='word_1_108' title='bbox 1500 1611 1876 1688; x_wconf 83' lang='grc' dir='ltr'>προληφθῆναι</span> <span class='ocrx_word' id='word_1_109' title='bbox 1904 1646 1949 1706; x_wconf 66' lang='grc' dir='ltr'><strong>Β</strong></span> 
     </span>
    </p>
   </div>
   <div class='ocr_carea' id='block_1_17' title="bbox 301 1699 609 1754">
    <p class='ocr_par' dir='ltr' id='par_1_17' title="bbox 301 1699 609 1754">
     <span class='ocr_line' id='line_1_17' title="bbox 301 1699 609 1754; baseline 0.006 -2"><span class='ocrx_word' id='word_1_110' title='bbox 301 1699 393 1752; x_wconf 79' lang='grc' dir='ltr'><strong>ὑπ’</strong></span> <span class='ocrx_word' id='word_1_111' title='bbox 423 1699 609 1754; x_wconf 71' lang='grc' dir='ltr'>ἄλλου.</span> 
     </span>
    </p>
   </div>
   <div class='ocr_carea' id='block_1_18' title="bbox 366 1814 1874 1893">
    <p class='ocr_par' dir='ltr' id='par_1_18' title="bbox 366 1814 1874 1893">
     <span class='ocr_line' id='line_1_18' title="bbox 366 1814 1874 1893; baseline 0.005 -25"><span class='ocrx_word' id='word_1_112' title='bbox 366 1815 668 1869; x_wconf 77' lang='grc' dir='ltr'>ΕΥΒΟΥΛ.</span> <span class='ocrx_word' id='word_1_113' title='bbox 709 1816 941 1889; x_wconf 82' lang='grc' dir='ltr'><strong>Θάρσει·</strong></span> <span class='ocrx_word' id='word_1_114' title='bbox 970 1817 1063 1872; x_wconf 73' lang='grc' dir='ltr'><strong>καὶ</strong></span> <span class='ocrx_word' id='word_1_115' title='bbox 1095 1817 1199 1889; x_wconf 85' lang='grc' dir='ltr'>γὰρ</span> <span class='ocrx_word' id='word_1_116' title='bbox 1224 1819 1374 1874; x_wconf 84' lang='grc' dir='ltr'>οὐδὲν</span> <span class='ocrx_word' id='word_1_117' title='bbox 1398 1819 1659 1893; x_wconf 76' lang='grc' dir='ltr'>ἀκριϐῶς,</span> <span class='ocrx_word' id='word_1_118' title='bbox 1692 1814 1737 1875; x_wconf 81' lang='grc' dir='ltr'><strong>ὦ</strong></span> <span class='ocrx_word' id='word_1_119' title='bbox 1767 1838 1874 1893; x_wconf 83' lang='grc' dir='ltr'>μα-</span> 
     </span>
    </p>
   </div>
   <div class='ocr_carea' id='block_1_19' title="bbox 296 1908 1877 1987">
    <p class='ocr_par' dir='ltr' id='par_1_19' title="bbox 296 1908 1877 1987">
     <span class='ocr_line' id='line_1_19' title="bbox 296 1908 1877 1987; baseline 0.005 -26"><span class='ocrx_word' id='word_1_120' title='bbox 296 1908 500 1981; x_wconf 67' lang='grc' dir='ltr'>καρία,</span> <span class='ocrx_word' id='word_1_121' title='bbox 555 1910 887 1980; x_wconf 78' lang='grc' dir='ltr'>πεπύσμεθα</span> <span class='ocrx_word' id='word_1_122' title='bbox 930 1911 1041 1964; x_wconf 81' lang='grc' dir='ltr'><strong>τῶν</strong></span> <span class='ocrx_word' id='word_1_123' title='bbox 1077 1913 1397 1980; x_wconf 83' lang='grc' dir='ltr'>γεγονότων.</span> <span class='ocrx_word' id='word_1_124' title='bbox 1441 1916 1515 1967; x_wconf 81' lang='grc' dir='ltr'><strong>Οὐ</strong></span> <span class='ocrx_word' id='word_1_125' title='bbox 1570 1916 1678 1987; x_wconf 88' lang='grc' dir='ltr'><strong>γὰρ</strong></span> <span class='ocrx_word' id='word_1_126' title='bbox 1717 1913 1877 1986; x_wconf 81' lang='grc' dir='ltr'>ἔσχεν</span> 
     </span>
    </p>
   </div>
   <div class='ocr_carea' id='block_1_20' title="bbox 294 2000 1876 2076">
    <p class='ocr_par' dir='ltr' id='par_1_20' title="bbox 294 2000 1876 2076">
     <span class='ocr_line' id='line_1_20' title="bbox 294 2000 1876 2076; baseline 0.003 -21"><span class='ocrx_word' id='word_1_127' title='bbox 294 2004 323 2055; x_wconf 84' lang='grc' dir='ltr'><strong>ό</strong></span> <span class='ocrx_word' id='word_1_128' title='bbox 361 2000 629 2071; x_wconf 76' lang='grc' dir='ltr'>ἀγγείλας</span> <span class='ocrx_word' id='word_1_129' title='bbox 675 2001 1065 2074; x_wconf 78' lang='grc' dir='ltr'>ἀφηγήσασθαι</span> <span class='ocrx_word' id='word_1_130' title='bbox 1103 2003 1266 2057; x_wconf 82' lang='grc' dir='ltr'>πλέον</span> <span class='ocrx_word' id='word_1_131' title='bbox 1318 2004 1352 2076; x_wconf 78' lang='grc' dir='ltr'><strong>ἢ</strong></span> <span class='ocrx_word' id='word_1_132' title='bbox 1408 2005 1488 2058; x_wconf 80' lang='grc' dir='ltr'><strong>ὅτι</strong></span> <span class='ocrx_word' id='word_1_133' title='bbox 1518 2005 1751 2075; x_wconf 86' lang='grc' dir='ltr'>διάλογοι</span> <span class='ocrx_word' id='word_1_134' title='bbox 1783 2023 1876 2076; x_wconf 82' lang='grc' dir='ltr'>γε·</span> 
     </span>
    </p>
   </div>
   <div class='ocr_carea' id='block_1_21' title="bbox 293 2094 1875 2169">
    <p class='ocr_par' dir='ltr' id='par_1_21' title="bbox 293 2094 1875 2169">
     <span class='ocr_line' id='line_1_21' title="bbox 293 2094 1875 2169; baseline 0.003 -24"><span class='ocrx_word' id='word_1_135' title='bbox 293 2094 560 2164; x_wconf 80' lang='grc' dir='ltr'>γένηντο·</span> <span class='ocrx_word' id='word_1_136' title='bbox 621 2094 768 2158; x_wconf 77' lang='grc' dir='ltr'>τίνες</span> <span class='ocrx_word' id='word_1_137' title='bbox 823 2094 913 2160; x_wconf 86' lang='grc' dir='ltr'><strong>δὲ,</strong></span> <span class='ocrx_word' id='word_1_138' title='bbox 971 2095 1065 2148; x_wconf 75' lang='grc' dir='ltr'><strong>καὶ</strong></span> <span class='ocrx_word' id='word_1_139' title='bbox 1130 2095 1317 2161; x_wconf 83' lang='grc' dir='ltr'>ὅπως,</span> <span class='ocrx_word' id='word_1_140' title='bbox 1383 2095 1875 2169; x_wconf 85' lang='grc' dir='ltr'>ἐπανερωτώμενος</span> 
     </span>
    </p>
   </div>
   <div class='ocr_carea' id='block_1_22' title="bbox 295 2182 515 2252">
    <p class='ocr_par' dir='ltr' id='par_1_22' title="bbox 295 2182 515 2252">
     <span class='ocr_line' id='line_1_22' title="bbox 295 2182 515 2252; baseline -0.009 0"><span class='ocrx_word' id='word_1_141' title='bbox 295 2182 515 2252; x_wconf 62' lang='grc' dir='ltr'>ἠγνόει-</span> 
     </span>
    </p>
   </div>
   <div class='ocr_carea' id='block_1_23' title="bbox 376 2294 1875 2370">
    <p class='ocr_par' dir='ltr' id='par_1_23' title="bbox 376 2294 1875 2370">
     <span class='ocr_line' id='line_1_23' title="bbox 376 2294 1875 2370; baseline 0.005 -23"><span class='ocrx_word' id='word_1_142' title='bbox 376 2294 556 2348; x_wconf 87' lang='grc' dir='ltr'><strong>ῐῬΗΓ</strong></span> <span class='ocrx_word' id='word_1_143' title='bbox 556 2297 656 2351; x_wconf 85' lang='grc' dir='ltr'><strong>ΟΡ.</strong></span> <span class='ocrx_word' id='word_1_144' title='bbox 699 2295 913 2351; x_wconf 75' lang='grc' dir='ltr'>Οὐκοῦν</span> <span class='ocrx_word' id='word_1_145' title='bbox 954 2296 1242 2369; x_wconf 85' lang='grc' dir='ltr'>βούλεσθε,</span> <span class='ocrx_word' id='word_1_146' title='bbox 1283 2297 1471 2370; x_wconf 79' lang='grc' dir='ltr'>ἐπειδὴ</span> <span class='ocrx_word' id='word_1_147' title='bbox 1518 2298 1587 2353; x_wconf 86' lang='grc' dir='ltr'>δι’</span> <span class='ocrx_word' id='word_1_148' title='bbox 1620 2299 1751 2354; x_wconf 78' lang='grc' dir='ltr'>αὐτὸ</span> <span class='ocrx_word' id='word_1_149' title='bbox 1790 2301 1875 2355; x_wconf 84' lang='grc' dir='ltr'>ἐν-</span> 
     </span>
    </p>
   </div>
   <div class='ocr_carea' id='block_1_24' title="bbox 303 2386 1872 2462">
    <p class='ocr_par' dir='ltr' id='par_1_24' title="bbox 303 2386 1872 2462">
     <span class='ocr_line' id='line_1_24' title="bbox 303 2386 1872 2462; baseline 0.003 -22"><span class='ocrx_word' id='word_1_150' title='bbox 303 2386 475 2441; x_wconf 69' lang='grc' dir='ltr'>ταῦθα</span> <span class='ocrx_word' id='word_1_151' title='bbox 520 2389 895 2461; x_wconf 81' lang='grc' dir='ltr'>παρεγενόμην</span> <span class='ocrx_word' id='word_1_152' title='bbox 920 2429 935 2454; x_wconf 89' lang='grc'><strong>,</strong></span> <span class='ocrx_word' id='word_1_153' title='bbox 971 2390 1226 2443; x_wconf 84' lang='grc' dir='ltr'>ἁπάντων</span> <span class='ocrx_word' id='word_1_154' title='bbox 1267 2388 1327 2456; x_wconf 83' lang='grc' dir='ltr'>ἐξ</span> <span class='ocrx_word' id='word_1_155' title='bbox 1359 2391 1533 2462; x_wconf 82' lang='grc' dir='ltr'>ἀρχῆς</span> <span class='ocrx_word' id='word_1_156' title='bbox 1571 2390 1872 2446; x_wconf 77' lang='grc' dir='ltr'>ἐπακοῦσαι</span> 
     </span>
    </p>
   </div>
   <div class='ocr_carea' id='block_1_25' title="bbox 298 2479 1871 2555">
    <p class='ocr_par' dir='ltr' id='par_1_25' title="bbox 298 2479 1871 2555">
     <span class='ocr_line' id='line_1_25' title="bbox 298 2479 1871 2555; baseline 0.004 -23"><span class='ocrx_word' id='word_1_157' title='bbox 298 2479 403 2532; x_wconf 82' lang='grc' dir='ltr'><strong>τῶν</strong></span> <span class='ocrx_word' id='word_1_158' title='bbox 431 2481 775 2552; x_wconf 69' lang='grc' dir='ltr'>είρημέ·.ιων;</span> <span class='ocrx_word' id='word_1_159' title='bbox 809 2482 840 2554; x_wconf 84' lang='grc' dir='ltr'>ἢ</span> <span class='ocrx_word' id='word_1_160' title='bbox 884 2482 951 2536; x_wconf 81' lang='grc' dir='ltr'><strong>τὰ</strong></span> <span class='ocrx_word' id='word_1_161' title='bbox 992 2484 1092 2554; x_wconf 86' lang='grc' dir='ltr'>μὲν</span> <span class='ocrx_word' id='word_1_162' title='bbox 1127 2483 1473 2555; x_wconf 71' lang='grc' dir='ltr'>παραλείψω,</span> <span class='ocrx_word' id='word_1_163' title='bbox 1507 2483 1614 2537; x_wconf 85' lang='grc' dir='ltr'><strong>τῶν</strong></span> <span class='ocrx_word' id='word_1_164' title='bbox 1655 2484 1710 2537; x_wconf 89' lang='grc' dir='ltr'><strong>δέ</strong></span> <span class='ocrx_word' id='word_1_165' title='bbox 1748 2486 1871 2538; x_wconf 89' lang='grc' dir='ltr'>ἐπι-</span> 
     </span>
    </p>
   </div>
   <div class='ocr_carea' id='block_1_26' title="bbox 294 2570 1800 2646">
    <p class='ocr_par' dir='ltr' id='par_1_26' title="bbox 294 2570 1800 2646">
     <span class='ocr_line' id='line_1_26' title="bbox 294 2570 1800 2646; baseline 0.005 -24"><span class='ocrx_word' id='word_1_166' title='bbox 294 2570 551 2642; x_wconf 79' lang='grc' dir='ltr'>μνησθῶ,</span> <span class='ocrx_word' id='word_1_167' title='bbox 584 2570 622 2625; x_wconf 70' lang='grc' dir='ltr'>ἂ</span> <span class='ocrx_word' id='word_1_168' title='bbox 658 2572 1128 2644; x_wconf 79' lang='grc' dir='ltr'>ἀξιομνημόνευτα</span> <span class='ocrx_word' id='word_1_169' title='bbox 1169 2574 1405 2646; x_wconf 79' lang='grc' dir='ltr'>ἡγοῦμαι</span> <span class='ocrx_word' id='word_1_170' title='bbox 1432 2574 1800 2646; x_wconf 82' lang='grc' dir='ltr'>τυγχάνοντα;</span> 
     </span>
    </p>
   </div>
   <div class='ocr_carea' id='block_1_27' title="bbox 368 2684 1870 2761">
    <p class='ocr_par' dir='ltr' id='par_1_27' title="bbox 368 2684 1870 2761">
     <span class='ocr_line' id='line_1_27' title="bbox 368 2684 1870 2761; baseline 0.003 -23"><span class='ocrx_word' id='word_1_171' title='bbox 368 2686 667 2740; x_wconf 81' lang='grc' dir='ltr'><strong>ΕΥΒΟΥΛ.</strong></span> <span class='ocrx_word' id='word_1_172' title='bbox 710 2684 877 2740; x_wconf 73' lang='grc' dir='ltr'>Οὔπω</span> <span class='ocrx_word' id='word_1_173' title='bbox 906 2687 1124 2751; x_wconf 81' lang='grc' dir='ltr'>πάντως</span> <span class='ocrx_word' id='word_1_174' title='bbox 1148 2687 1223 2758; x_wconf 78' lang='grc'>(2)</span> <span class='ocrx_word' id='word_1_175' title='bbox 1243 2704 1257 2718; x_wconf 86' lang='grc'><strong>·</strong></span> <span class='ocrx_word' id='word_1_176' title='bbox 1289 2687 1403 2741; x_wconf 85' lang='grc' dir='ltr'>ἀλλ’</span> <span class='ocrx_word' id='word_1_177' title='bbox 1428 2688 1489 2753; x_wconf 80' lang='grc' dir='ltr'>ἐξ</span> <span class='ocrx_word' id='word_1_178' title='bbox 1517 2689 1690 2761; x_wconf 85' lang='grc' dir='ltr'>ἀρχῆς</span> <span class='ocrx_word' id='word_1_179' title='bbox 1720 2690 1870 2760; x_wconf 80' lang='grc' dir='ltr'>ἡμῖν,</span> 
     </span>
    </p>
   </div>
   <div class='ocr_carea' id='block_1_28' title="bbox 289 2772 1872 2852">
    <p class='ocr_par' dir='ltr' id='par_1_28' title="bbox 289 2772 1872 2852">
     <span class='ocr_line' id='line_1_28' title="bbox 289 2772 1872 2852; baseline 0.002 -21"><span class='ocrx_word' id='word_1_180' title='bbox 289 2772 341 2831; x_wconf 72' lang='grc' dir='ltr'>ὧ</span> <span class='ocrx_word' id='word_1_181' title='bbox 372 2778 700 2850; x_wconf 81' lang='grc' dir='ltr'>Γρηγόριον,</span> <span class='ocrx_word' id='word_1_182' title='bbox 724 2779 938 2851; x_wconf 83' lang='grc' dir='ltr'>πρῶτον</span> <span class='ocrx_word' id='word_1_183' title='bbox 970 2780 1281 2851; x_wconf 72' lang='grc' dir='ltr'>εἰσήγησαι,</span> <span class='ocrx_word' id='word_1_184' title='bbox 1309 2780 1410 2852; x_wconf 83' lang='grc' dir='ltr'><strong>τήν</strong></span> <span class='ocrx_word' id='word_1_185' title='bbox 1440 2796 1500 2832; x_wconf 85' lang='grc' dir='ltr'>τε</span> <span class='ocrx_word' id='word_1_186' title='bbox 1541 2779 1872 2844; x_wconf 87' lang='grc' dir='ltr'>συνέλευσιν,</span> 
     </span>
    </p>
   </div>
   <div class='ocr_carea' id='block_1_29' title="bbox 292 2870 1868 2944">
    <p class='ocr_par' dir='ltr' id='par_1_29' title="bbox 292 2870 1868 2944">
     <span class='ocr_line' id='line_1_29' title="bbox 292 2870 1868 2944; baseline 0.001 -20"><span class='ocrx_word' id='word_1_187' title='bbox 292 2870 427 2925; x_wconf 70' lang='grc' dir='ltr'>ἔνθα</span> <span class='ocrx_word' id='word_1_188' title='bbox 450 2870 708 2942; x_wconf 75' lang='grc' dir='ltr'>ἐγενήθη,</span> <span class='ocrx_word' id='word_1_189' title='bbox 744 2871 839 2924; x_wconf 78' lang='grc' dir='ltr'>καὶ</span> <span class='ocrx_word' id='word_1_190' title='bbox 880 2870 987 2924; x_wconf 85' lang='grc' dir='ltr'><strong>τῶν</strong></span> <span class='ocrx_word' id='word_1_191' title='bbox 1029 2871 1341 2943; x_wconf 77' lang='grc' dir='ltr'>ἐδεσμάτων</span> <span class='ocrx_word' id='word_1_192' title='bbox 1366 2870 1466 2936; x_wconf 84' lang='grc' dir='ltr'><strong>τὰς</strong></span> <span class='ocrx_word' id='word_1_193' title='bbox 1485 2871 1835 2944; x_wconf 82' lang='grc' dir='ltr'>παρασκευάς</span> <span class='ocrx_word' id='word_1_194' title='bbox 1853 2889 1868 2904; x_wconf 68' lang='grc' dir='ltr'><strong>υ</strong></span> 
     </span>
    </p>
   </div>
   <div class='ocr_carea' id='block_1_30' title="bbox 300 2963 1131 3034">
    <p class='ocr_par' dir='ltr' id='par_1_30' title="bbox 300 2963 1131 3034">
     <span class='ocr_line' id='line_1_30' title="bbox 300 2963 1131 3034; baseline 0.001 -17"><span class='ocrx_word' id='word_1_195' title='bbox 300 2964 535 3034; x_wconf 74' lang='grc' dir='ltr'>σεαυτήν</span> <span class='ocrx_word' id='word_1_196' title='bbox 565 2981 625 3017; x_wconf 88' lang='grc' dir='ltr'>τε</span> <span class='ocrx_word' id='word_1_197' title='bbox 650 2963 770 3027; x_wconf 83' lang='grc' dir='ltr'>πῶς</span> <span class='ocrx_word' id='word_1_198' title='bbox 796 2963 1131 3034; x_wconf 80' lang='grc' dir='ltr'>ᾠνοχόησας.</span> 
     </span>
    </p>
   </div>
   <div class='ocr_carea' id='block_1_31' title="bbox 412 3069 1454 3140">
    <p class='ocr_par' dir='ltr' id='par_1_31' title="bbox 412 3069 1454 3140">
     <span class='ocr_line' id='line_1_31' title="bbox 412 3069 1454 3140; baseline -0.002 -14"><span class='ocrx_word' id='word_1_199' title='bbox 412 3112 426 3126; x_wconf 93' lang='grc'><strong>.</strong></span> <span class='ocrx_word' id='word_1_200' title='bbox 448 3112 463 3126; x_wconf 94' lang='grc'><strong>.</strong></span> <span class='ocrx_word' id='word_1_201' title='bbox 484 3111 500 3124; x_wconf 93' lang='grc'><strong>.</strong></span> <span class='ocrx_word' id='word_1_202' title='bbox 522 3112 536 3125; x_wconf 93' lang='grc'><strong>.</strong></span> <span class='ocrx_word' id='word_1_203' title='bbox 554 3111 571 3125; x_wconf 94' lang='grc'><strong>.</strong></span> <span class='ocrx_word' id='word_1_204' title='bbox 606 3074 677 3126; x_wconf 78' lang='grc' dir='ltr'><strong>Αἱ</strong></span> <span class='ocrx_word' id='word_1_205' title='bbox 709 3070 776 3125; x_wconf 82' lang='grc' dir='ltr'>δὲ</span> <span class='ocrx_word' id='word_1_206' title='bbox 806 3070 1091 3140; x_wconf 81' lang='grc' dir='ltr'>χρυσέοις</span> <span class='ocrx_word' id='word_1_207' title='bbox 1120 3069 1454 3126; x_wconf 78' lang='grc' dir='ltr'>δεπάεσσιν</span> 
     </span>
    </p>
   </div>
   <div class='ocr_carea' id='block_1_32' title="bbox 379 3141 1868 3213">
    <p class='ocr_par' dir='ltr' id='par_1_32' title="bbox 379 3141 1868 3213">
     <span class='ocr_line' id='line_1_32' title="bbox 379 3141 1868 3213; baseline 0.003 -18"><span class='ocrx_word' id='word_1_208' title='bbox 379 3141 665 3211; x_wconf 79' lang='grc' dir='ltr'><strong>Δειδέχατ’</strong></span> <span class='ocrx_word' id='word_1_209' title='bbox 689 3141 985 3206; x_wconf 72' lang='grc' dir='ltr'>ἀλλήλας,</span> <span class='ocrx_word' id='word_1_210' title='bbox 999 3142 1191 3212; x_wconf 76' lang='grc' dir='ltr'>μέγαν</span> <span class='ocrx_word' id='word_1_211' title='bbox 1216 3141 1477 3210; x_wconf 79' lang='grc' dir='ltr'>οὐρανὸν</span> <span class='ocrx_word' id='word_1_212' title='bbox 1499 3146 1868 3213; x_wconf 77' lang='grc' dir='ltr'>εἰσορόωσαι.</span> 
     </span>
    </p>
   </div>
   <div class='ocr_carea' id='block_1_33' title="bbox 384 3254 1872 3330">
    <p class='ocr_par' dir='ltr' id='par_1_33' title="bbox 384 3254 1872 3330">
     <span class='ocr_line' id='line_1_33' title="bbox 384 3254 1872 3330; baseline 0.005 -23"><span class='ocrx_word' id='word_1_213' title='bbox 384 3255 659 3309; x_wconf 82' lang='grc' dir='ltr'><strong>ΓΡΗΙὈΡ.</strong></span> <span class='ocrx_word' id='word_1_214' title='bbox 712 3255 823 3307; x_wconf 80' lang='grc' dir='ltr'>’Δεὶ</span> <span class='ocrx_word' id='word_1_215' title='bbox 847 3254 1019 3318; x_wconf 79' lang='grc' dir='ltr'>δεινὸς</span> <span class='ocrx_word' id='word_1_216' title='bbox 1060 3256 1118 3308; x_wconf 91' lang='grc' dir='ltr'><strong>ἐν</strong></span> <span class='ocrx_word' id='word_1_217' title='bbox 1155 3257 1274 3318; x_wconf 84' lang='grc' dir='ltr'>ταῖς</span> <span class='ocrx_word' id='word_1_218' title='bbox 1313 3256 1552 3327; x_wconf 74' lang='grc' dir='ltr'>ὁμιλίαις</span> <span class='ocrx_word' id='word_1_219' title='bbox 1597 3261 1690 3313; x_wconf 73' lang='grc' dir='ltr'><strong>καὶ</strong></span> <span class='ocrx_word' id='word_1_220' title='bbox 1723 3261 1872 3330; x_wconf 78' lang='grc' dir='ltr'>φιλο-</span> 
     </span>
    </p>
   </div>
   <div class='ocr_carea' id='block_1_34' title="bbox 319 3388 1875 3449">
    <p class='ocr_par' dir='ltr' id='par_1_34' title="bbox 319 3388 1875 3449">
     <span class='ocr_line' id='line_1_34' title="bbox 319 3388 1875 3449; baseline 0.002 -4"><span class='ocrx_word' id='word_1_221' title='bbox 319 3392 407 3445; x_wconf 85' lang='lat' dir='ltr'><strong>hic</strong></span> <span class='ocrx_word' id='word_1_222' title='bbox 430 3391 708 3447; x_wconf 76' lang='lat' dir='ltr'><strong>manifeste</strong></span> <span class='ocrx_word' id='word_1_223' title='bbox 736 3389 1042 3446; x_wconf 79' lang='lat' dir='ltr'><strong>Methodius</strong></span> <span class='ocrx_word' id='word_1_224' title='bbox 1076 3389 1360 3446; x_wconf 68' lang='lat' dir='ltr'><strong>aemulatus</strong></span> <span class='ocrx_word' id='word_1_225' title='bbox 1402 3397 1502 3444; x_wconf 85' lang='lat' dir='ltr'><strong>est.</strong></span> <span class='ocrx_word' id='word_1_226' title='bbox 1540 3388 1709 3446; x_wconf 82' lang='lat' dir='ltr'><strong>Porro</strong></span> <span class='ocrx_word' id='word_1_227' title='bbox 1740 3391 1875 3449; x_wconf 91' lang='lat' dir='ltr'><strong>Gre-</strong></span> 
     </span>
    </p>
   </div>
   <div class='ocr_carea' id='block_1_35' title="bbox 325 3460 1874 3533">
    <p class='ocr_par' dir='ltr' id='par_1_35' title="bbox 325 3460 1874 3533">
     <span class='ocr_line' id='line_1_35' title="bbox 325 3460 1874 3533; baseline 0.002 -18"><span class='ocrx_word' id='word_1_228' title='bbox 325 3463 538 3533; x_wconf 80' lang='lat' dir='ltr'><strong>gorium.</strong></span> <span class='ocrx_word' id='word_1_229' title='bbox 564 3463 692 3517; x_wconf 88' lang='lat' dir='ltr'><strong>licet</strong></span> <span class='ocrx_word' id='word_1_230' title='bbox 722 3460 939 3523; x_wconf 82' lang='lat' dir='ltr'><strong>mulier,</strong></span> <span class='ocrx_word' id='word_1_231' title='bbox 965 3461 1102 3533; x_wconf 82' lang='lat' dir='ltr'><strong>citra</strong></span> <span class='ocrx_word' id='word_1_232' title='bbox 1136 3460 1299 3533; x_wconf 80' lang='lat' dir='ltr'><strong>ullam</strong></span> <span class='ocrx_word' id='word_1_233' title='bbox 1329 3460 1633 3533; x_wconf 84' lang='grc' dir='ltr'>ἀπρέπειαν</span> <span class='ocrx_word' id='word_1_234' title='bbox 1655 3463 1874 3533; x_wconf 84' lang='lat' dir='ltr'><strong>ﬁngitur</strong></span> 
     </span>
    </p>
   </div>
   <div class='ocr_carea' id='block_1_36' title="bbox 325 3530 1873 3601">
    <p class='ocr_par' dir='ltr' id='par_1_36' title="bbox 325 3530 1873 3601">
     <span class='ocr_line' id='line_1_36' title="bbox 325 3530 1873 3601; baseline 0.001 -15"><span class='ocrx_word' id='word_1_235' title='bbox 325 3533 376 3586; x_wconf 91' lang='lat' dir='ltr'><strong>in</strong></span> <span class='ocrx_word' id='word_1_236' title='bbox 392 3532 701 3587; x_wconf 80' lang='lat' dir='ltr'><strong>familiarem</strong></span> <span class='ocrx_word' id='word_1_237' title='bbox 726 3546 945 3585; x_wconf 86' lang='lat' dir='ltr'><strong>reversa</strong></span> <span class='ocrx_word' id='word_1_238' title='bbox 975 3530 1217 3601; x_wconf 84' lang='lat' dir='ltr'><strong>domum,</strong></span> <span class='ocrx_word' id='word_1_239' title='bbox 1249 3531 1362 3584; x_wconf 69' lang='lat' dir='ltr'><strong>haec</strong></span> <span class='ocrx_word' id='word_1_240' title='bbox 1394 3530 1514 3601; x_wconf 73' lang='lat' dir='ltr'><strong>quae</strong></span> <span class='ocrx_word' id='word_1_241' title='bbox 1545 3530 1755 3599; x_wconf 55' lang='lat' dir='ltr'><strong>partim&#39;</strong></span> <span class='ocrx_word' id='word_1_242' title='bbox 1794 3534 1873 3588; x_wconf 92' lang='lat' dir='ltr'><strong>vi-</strong></span> 
     </span>
    </p>
   </div>
   <div class='ocr_carea' id='block_1_37' title="bbox 325 3600 1874 3671">
    <p class='ocr_par' dir='ltr' id='par_1_37' title="bbox 325 3600 1874 3671">
     <span class='ocr_line' id='line_1_37' title="bbox 325 3600 1874 3671; baseline 0 -15"><span class='ocrx_word' id='word_1_243' title='bbox 325 3601 481 3665; x_wconf 81' lang='lat' dir='ltr'><strong>derat,</strong></span> <span class='ocrx_word' id='word_1_244' title='bbox 536 3602 733 3671; x_wconf 83' lang='lat' dir='ltr'><strong>partim</strong></span> <span class='ocrx_word' id='word_1_245' title='bbox 773 3600 1152 3671; x_wconf 12' lang='lat' dir='ltr'><strong>reseierat,iad</strong></span> <span class='ocrx_word' id='word_1_246' title='bbox 1185 3600 1424 3655; x_wconf 89' lang='lat' dir='ltr'><strong>virorum</strong></span> <span class='ocrx_word' id='word_1_247' title='bbox 1483 3609 1685 3657; x_wconf 70' lang='lat' dir='ltr'><strong>emtum</strong></span> <span class='ocrx_word' id='word_1_248' title='bbox 1731 3604 1874 3658; x_wconf 88' lang='lat' dir='ltr'><strong>reci-</strong></span> 
     </span>
    </p>
   </div>
   <div class='ocr_carea' id='block_1_38' title="bbox 327 3670 1872 3731">
    <p class='ocr_par' dir='ltr' id='par_1_38' title="bbox 327 3670 1872 3731">
     <span class='ocr_line' id='line_1_38' title="bbox 327 3670 1872 3731; baseline 0.001 -6"><span class='ocrx_word' id='word_1_249' title='bbox 327 3679 473 3727; x_wconf 84' lang='lat' dir='ltr'><strong>tasse.</strong></span> <span class='ocrx_word' id='word_1_250' title='bbox 503 3670 657 3727; x_wconf 84' lang='lat' dir='ltr'><strong>Alios</strong></span> <span class='ocrx_word' id='word_1_251' title='bbox 688 3671 831 3726; x_wconf 89' lang='lat' dir='ltr'><strong>enim</strong></span> <span class='ocrx_word' id='word_1_252' title='bbox 874 3687 997 3725; x_wconf 91' lang='lat' dir='ltr'><strong>cum</strong></span> <span class='ocrx_word' id='word_1_253' title='bbox 1046 3670 1275 3725; x_wconf 86' lang='lat' dir='ltr'><strong>Eubulio</strong></span> <span class='ocrx_word' id='word_1_254' title='bbox 1307 3671 1496 3731; x_wconf 80' lang='lat' dir='ltr'><strong>fuisse.</strong></span> <span class='ocrx_word' id='word_1_255' title='bbox 1545 3688 1673 3726; x_wconf 93' lang='lat' dir='ltr'><strong>non-</strong></span> <span class='ocrx_word' id='word_1_256' title='bbox 1702 3674 1872 3729; x_wconf 93' lang='lat' dir='ltr'><strong>semel</strong></span> 
     </span>
    </p>
   </div>
   <div class='ocr_carea' id='block_1_39' title="bbox 327 3740 1872 3812">
    <p class='ocr_par' dir='ltr' id='par_1_39' title="bbox 327 3740 1872 3812">
     <span class='ocr_line' id='line_1_39' title="bbox 327 3740 1872 3812; baseline 0.001 -17"><span class='ocrx_word' id='word_1_257' title='bbox 327 3742 583 3797; x_wconf 86' lang='lat' dir='ltr'><strong>indicatur</strong></span> <span class='ocrx_word' id='word_1_258' title='bbox 620 3759 633 3793; x_wconf 94' lang='lat'><strong>:</strong></span> <span class='ocrx_word' id='word_1_259' title='bbox 670 3749 730 3795; x_wconf 93' lang='lat' dir='ltr'><strong>ut</strong></span> <span class='ocrx_word' id='word_1_260' title='bbox 784 3742 1102 3812; x_wconf 81' lang='lat' dir='ltr'><strong>illisverbis</strong></span> <span class='ocrx_word' id='word_1_261' title='bbox 1126 3740 1360 3812; x_wconf 82' lang='lat' dir='ltr'><strong>_Eubulii</strong></span> <span class='ocrx_word' id='word_1_262' title='bbox 1412 3741 1655 3812; x_wconf 87' lang='lat' dir='ltr'><strong>ejusdem</strong></span> <span class='ocrx_word' id='word_1_263' title='bbox 1712 3744 1872 3812; x_wconf 89' lang='lat' dir='ltr'><strong>paulo</strong></span> 
     </span>
    </p>
   </div>
   <div class='ocr_carea' id='block_1_40' title="bbox 322 3805 1874 3935">
    <p class='ocr_par' dir='ltr' id='par_1_40' title="bbox 322 3805 1874 3935">
     <span class='ocr_line' id='line_1_40' title="bbox 322 3805 1874 3935; baseline 0.001 -70"><span class='ocrx_word' id='word_1_264' title='bbox 322 3822 449 3935; x_wconf 44' lang='grc' dir='ltr'>ἔπι,</span> <span class='ocrx_word' id='word_1_265' title='bbox 476 3814 568 3882; x_wconf 82' lang='grc' dir='ltr'><strong>Μὴ</strong></span> <span class='ocrx_word' id='word_1_266' title='bbox 593 3813 827 3897; x_wconf 39' lang='grc' dir='ltr'><strong>ὀκνήασῃς</strong></span> <span class='ocrx_word' id='word_1_267' title='bbox 854 3810 948 3866; x_wconf 79' lang='grc' dir='ltr'>νῦν</span> <span class='ocrx_word' id='word_1_268' title='bbox 972 3813 1098 3882; x_wconf 81' lang='grc' dir='ltr'>περὶ</span> <span class='ocrx_word' id='word_1_269' title='bbox 1118 3805 1191 3897; x_wconf 58' lang='lat' dir='ltr'><strong>div</strong></span> <span class='ocrx_word' id='word_1_270' title='bbox 1211 3805 1590 3893; x_wconf 65' lang='grc' dir='ltr'>πυνθανόμεθα</span> <span class='ocrx_word' id='word_1_271' title='bbox 1611 3805 1728 3869; x_wconf 67' lang='grc' dir='ltr'>σουξ</span> <span class='ocrx_word' id='word_1_272' title='bbox 1747 3813 1874 3866; x_wconf 87' lang='grc' dir='ltr'>ἀκο-</span> 
     </span>
     <span class='ocr_line' id='line_1_41' title="bbox 376 3880 1869 3935; baseline -0.001 0"><span class='ocrx_word' id='word_1_273' title='bbox 376 3883 508 3935; x_wconf 74' lang='grc' dir='ltr'>υθωε</span> <span class='ocrx_word' id='word_1_274' title='bbox 532 3885 663 3935; x_wconf 71' lang='grc' dir='ltr'>ἡμῖν</span> <span class='ocrx_word' id='word_1_275' title='bbox 710 3898 926 3935; x_wconf 86' lang='grc' dir='ltr'>απαντα</span> <span class='ocrx_word' id='word_1_276' title='bbox 950 3881 1173 3935; x_wconf 82' lang='grc' dir='ltr'>διελθειν</span> <span class='ocrx_word' id='word_1_277' title='bbox 1199 3900 1211 3934; x_wconf 92' lang='lat'>:</span> <span class='ocrx_word' id='word_1_278' title='bbox 1246 3889 1301 3935; x_wconf 86' lang='lat' dir='ltr'><strong>et</strong></span> <span class='ocrx_word' id='word_1_279' title='bbox 1334 3881 1440 3934; x_wconf 82' lang='lat' dir='ltr'><strong>IIIIS</strong></span> <span class='ocrx_word' id='word_1_280' title='bbox 1465 3898 1636 3935; x_wconf 84' lang='lat' dir='ltr'><strong>Insms</strong></span> <span class='ocrx_word' id='word_1_281' title='bbox 1664 3880 1869 3935; x_wconf 68' lang='lat' dir='ltr'><strong>Grego-</strong></span> 
     </span>
    </p>
   </div>
   <div class='ocr_carea' id='block_1_41' title="bbox 376 3880 1869 3953">
    <p class='ocr_par' dir='ltr' id='par_1_41' title="bbox 376 3880 1869 3953">
     <span class='ocr_line' id='line_1_42' title="bbox 376 3880 1869 3953; baseline 0.001 -18"><span class='ocrx_word' id='word_1_282' title='bbox 376 3883 508 3947; x_wconf 81' lang='grc' dir='ltr'>ύθως</span> <span class='ocrx_word' id='word_1_283' title='bbox 532 3880 663 3953; x_wconf 68' lang='grc' dir='ltr'>ἡμῖν</span> <span class='ocrx_word' id='word_1_284' title='bbox 710 3880 926 3953; x_wconf 76' lang='grc' dir='ltr'>ἅπαντα</span> <span class='ocrx_word' id='word_1_285' title='bbox 950 3880 1173 3953; x_wconf 67' lang='grc' dir='ltr'>διελθεῖν</span> <span class='ocrx_word' id='word_1_286' title='bbox 1199 3900 1211 3934; x_wconf 92' lang='lat'>:</span> <span class='ocrx_word' id='word_1_287' title='bbox 1246 3889 1301 3953; x_wconf 81' lang='lat' dir='ltr'><strong>et</strong></span> <span class='ocrx_word' id='word_1_288' title='bbox 1334 3880 1636 3953; x_wconf 46' lang='lat' dir='ltr'><strong>illis&#39;ipsius</strong></span> <span class='ocrx_word' id='word_1_289' title='bbox 1664 3880 1869 3953; x_wconf 81' lang='lat' dir='ltr'><strong>Grego-</strong></span> 
     </span>
    </p>
   </div>
   <div class='ocr_carea' id='block_1_42' title="bbox 319 3950 1873 4022">
    <p class='ocr_par' dir='ltr' id='par_1_42' title="bbox 319 3950 1873 4022">
     <span class='ocr_line' id='line_1_43' title="bbox 319 3950 1873 4022; baseline -0.001 -16"><span class='ocrx_word' id='word_1_290' title='bbox 319 3952 376 4006; x_wconf 88' lang='lat' dir='ltr'><strong>rii</strong></span> <span class='ocrx_word' id='word_1_291' title='bbox 398 3970 519 4007; x_wconf 86' lang='lat' dir='ltr'><strong>mox</strong></span> <span class='ocrx_word' id='word_1_292' title='bbox 548 3950 923 4022; x_wconf 62' lang='lat' dir='ltr'><strong>respondentis</strong></span> <span class='ocrx_word' id='word_1_293' title='bbox 950 3972 963 4006; x_wconf 89' lang='lat'><strong>:</strong></span> <span class='ocrx_word' id='word_1_294' title='bbox 1004 3951 1095 4022; x_wconf 70' lang='grc' dir='ltr'><strong>Διζ)</strong></span> <span class='ocrx_word' id='word_1_295' title='bbox 1117 3950 1302 4022; x_wconf 14' lang='grc' dir='ltr'>δὴγκαὶ</span> <span class='ocrx_word' id='word_1_296' title='bbox 1331 3951 1656 4022; x_wconf 75' lang='grc' dir='ltr'>ἐσπούδαζον</span> <span class='ocrx_word' id='word_1_297' title='bbox 1688 3950 1873 4021; x_wconf 71' lang='grc' dir='ltr'>τάχιον</span> 
     </span>
    </p>
   </div>
   <div class='ocr_carea' id='block_1_43' title="bbox 316 4019 1870 4094">
    <p class='ocr_par' dir='ltr' id='par_1_43' title="bbox 316 4019 1870 4094">
     <span class='ocr_line' id='line_1_44' title="bbox 316 4019 1870 4094; baseline 0.001 -19"><span class='ocrx_word' id='word_1_298' title='bbox 316 4022 459 4094; x_wconf 71' lang='grc' dir='ltr'>δεῦρο</span> <span class='ocrx_word' id='word_1_299' title='bbox 488 4019 662 4075; x_wconf 82' lang='grc' dir='ltr'>ἐλθεῖν</span> <span class='ocrx_word' id='word_1_300' title='bbox 687 4021 824 4094; x_wconf 80' lang='grc' dir='ltr'>πρὸς</span> <span class='ocrx_word' id='word_1_301' title='bbox 847 4023 1010 4093; x_wconf 83' lang='grc' dir='ltr'>ὑμᾶς.</span> <span class='ocrx_word' id='word_1_302' title='bbox 1042 4020 1120 4076; x_wconf 87' lang='lat' dir='ltr'><strong>Ex</strong></span> <span class='ocrx_word' id='word_1_303' title='bbox 1151 4019 1235 4094; x_wconf 73' lang='lat' dir='ltr'><strong>his</strong></span> <span class='ocrx_word' id='word_1_304' title='bbox 1268 4019 1870 4094; x_wconf 33' lang='lat' dir='ltr'><strong>conjectamnrAnomen</strong></span> 
     </span>
    </p>
   </div>
   <div class='ocr_carea' id='block_1_44' title="bbox 317 4090 1869 4164">
    <p class='ocr_par' dir='ltr' id='par_1_44' title="bbox 317 4090 1869 4164">
     <span class='ocr_line' id='line_1_45' title="bbox 317 4090 1869 4164; baseline -0.001 -18"><span class='ocrx_word' id='word_1_305' title='bbox 317 4090 486 4148; x_wconf 76' lang='lat' dir='ltr'><strong>verum</strong></span> <span class='ocrx_word' id='word_1_306' title='bbox 509 4094 697 4164; x_wconf 77' lang='lat' dir='ltr'><strong>prima:</strong></span> <span class='ocrx_word' id='word_1_307' title='bbox 719 4090 1146 4164; x_wconf 52' lang='lat' dir='ltr'><strong>hujns&#39;persona’</strong></span> <span class='ocrx_word' id='word_1_308' title='bbox 1170 4092 1223 4146; x_wconf 90' lang='lat' dir='ltr'><strong>in</strong></span> <span class='ocrx_word' id='word_1_309' title='bbox 1246 4099 1395 4164; x_wconf 69' lang='lat' dir='ltr'><strong>recte</strong></span> <span class='ocrx_word' id='word_1_310' title='bbox 1415 4106 1535 4147; x_wconf 90' lang='lat' dir='ltr'><strong>esse</strong></span> <span class='ocrx_word' id='word_1_311' title='bbox 1564 4090 1869 4164; x_wconf 74' lang='grc' dir='ltr'>Εὐϐούλιος,</span> 
     </span>
    </p>
   </div>
   <div class='ocr_carea' id='block_1_45' title="bbox 310 4160 1873 4235">
    <p class='ocr_par' dir='ltr' id='par_1_45' title="bbox 310 4160 1873 4235">
     <span class='ocr_line' id='line_1_46' title="bbox 310 4160 1873 4235; baseline -0.004 -15"><span class='ocrx_word' id='word_1_312' title='bbox 310 4166 492 4235; x_wconf 79' lang='lat' dir='ltr'><strong>sicque</strong></span> <span class='ocrx_word' id='word_1_313' title='bbox 512 4160 529 4164; x_wconf 65' lang='grc'>’</span> <span class='ocrx_word' id='word_1_314' title='bbox 556 4164 754 4231; x_wconf 82' lang='lat' dir='ltr'><strong>ubique</strong></span> <span class='ocrx_word' id='word_1_315' title='bbox 797 4160 1212 4233; x_wconf 79' lang='lat' dir='ltr'><strong>rescripsimus.</strong></span> <span class='ocrx_word' id='word_1_316' title='bbox 1242 4160 1647 4235; x_wconf 45' lang='grc' dir='ltr'><strong>ΔΝεξίιιιε-θηίιιι</strong></span> <span class='ocrx_word' id='word_1_317' title='bbox 1671 4177 1873 4235; x_wconf 54' lang='lat' dir='ltr'><strong>exem-</strong></span> 
     </span>
    </p>
   </div>
   <div class='ocr_carea' id='block_1_46' title="bbox 339 4230 1874 4302">
    <p class='ocr_par' dir='ltr' id='par_1_46' title="bbox 339 4230 1874 4302">
     <span class='ocr_line' id='line_1_47' title="bbox 339 4230 1874 4302; baseline -0.003 -15"><span class='ocrx_word' id='word_1_318' title='bbox 339 4230 448 4287; x_wconf 74' lang='lat' dir='ltr'><strong>lnin</strong></span> <span class='ocrx_word' id='word_1_319' title='bbox 468 4234 637 4287; x_wconf 91' lang='lat' dir='ltr'><strong>ullum</strong></span> <span class='ocrx_word' id='word_1_320' title='bbox 668 4230 885 4287; x_wconf 76' lang='lat' dir='ltr'><strong>exstare</strong></span> <span class='ocrx_word' id='word_1_321' title='bbox 918 4230 1170 4301; x_wconf 81' lang='lat' dir='ltr'><strong>putamus</strong></span> <span class='ocrx_word' id='word_1_322' title='bbox 1205 4232 1307 4286; x_wconf 90' lang='lat' dir='ltr'><strong>viri</strong></span> <span class='ocrx_word' id='word_1_323' title='bbox 1338 4232 1429 4302; x_wconf 87' lang='lat' dir='ltr'><strong>qui</strong></span> <span class='ocrx_word' id='word_1_324' title='bbox 1453 4230 1637 4286; x_wconf 64' lang='lat' dir='ltr'><strong>Grmce</strong></span> <span class='ocrx_word' id='word_1_325' title='bbox 1671 4231 1874 4302; x_wconf 69' lang='grc' dir='ltr'>Εὐϐού-</span> 
     </span>
    </p>
   </div>
   <div class='ocr_carea' id='block_1_47' title="bbox 300 4250 1863 4372">
    <p class='ocr_par' dir='ltr' id='par_1_47' title="bbox 300 4250 1863 4372">
     <span class='ocr_line' id='line_1_48' title="bbox 339 4250 1863 4302; baseline -0.003 -15"><span class='ocrx_word' id='word_1_326' title='bbox 339 4250 637 4287; x_wconf 78' lang='lat' dir='ltr'><strong>tnmuuum</strong></span> <span class='ocrx_word' id='word_1_327' title='bbox 669 4250 885 4287; x_wconf 72' lang='lat' dir='ltr'><strong>exsrare</strong></span> <span class='ocrx_word' id='word_1_328' title='bbox 918 4250 1170 4301; x_wconf 82' lang='lat' dir='ltr'><strong>putamus</strong></span> <span class='ocrx_word' id='word_1_329' title='bbox 1205 4250 1307 4286; x_wconf 87' lang='lat' dir='ltr'><strong>vm</strong></span> <span class='ocrx_word' id='word_1_330' title='bbox 1338 4250 1429 4302; x_wconf 80' lang='lat' dir='ltr'><strong>qui</strong></span> <span class='ocrx_word' id='word_1_331' title='bbox 1453 4250 1637 4286; x_wconf 63' lang='lat' dir='ltr'><strong>uraace</strong></span> <span class='ocrx_word' id='word_1_332' title='bbox 1672 4250 1863 4284; x_wconf 70' lang='lat' dir='ltr'><strong>nuneu-</strong></span> 
     </span>
     <span class='ocr_line' id='line_1_49' title="bbox 300 4250 1863 4372; baseline 0 -16"><span class='ocrx_word' id='word_1_333' title='bbox 300 4250 412 4357; x_wconf 55' lang='grc' dir='ltr'>ξιον</span> <span class='ocrx_word' id='word_1_334' title='bbox 461 4311 709 4357; x_wconf 78' lang='lat' dir='ltr'><strong>vocetur.</strong></span> <span class='ocrx_word' id='word_1_335' title='bbox 764 4303 951 4372; x_wconf 83' lang='lat' dir='ltr'><strong>Itaque</strong></span> <span class='ocrx_word' id='word_1_336' title='bbox 1002 4320 1108 4359; x_wconf 91' lang='lat' dir='ltr'><strong>non</strong></span> <span class='ocrx_word' id='word_1_337' title='bbox 1153 4303 1465 4358; x_wconf 81' lang='lat' dir='ltr'><strong>dubitamus</strong></span> <span class='ocrx_word' id='word_1_338' title='bbox 1514 4300 1799 4364; x_wconf 79' lang='grc' dir='ltr'>Εὐϐούλιος</span> <span class='ocrx_word' id='word_1_339' title='bbox 1831 4318 1863 4356; x_wconf 87' lang='lat' dir='ltr'><strong>a</strong></span> 
     </span>
    </p>
   </div>
   <div class='ocr_carea' id='block_1_48' title="bbox 1980 393 3544 471">
    <p class='ocr_par' dir='ltr' id='par_1_48' title="bbox 1980 393 3544 471">
     <span class='ocr_line' id='line_1_50' title="bbox 1980 393 3544 471; baseline 0.004 -23"><span class='ocrx_word' id='word_1_340' title='bbox 1980 407 2075 449; x_wconf 86' lang='lat' dir='ltr'><strong>cas</strong></span> <span class='ocrx_word' id='word_1_341' title='bbox 2107 393 2391 464; x_wconf 78' lang='lat' dir='ltr'><strong>magniﬁce</strong></span> <span class='ocrx_word' id='word_1_342' title='bbox 2429 393 2566 450; x_wconf 88' lang='lat' dir='ltr'><strong>adeo</strong></span> <span class='ocrx_word' id='word_1_343' title='bbox 2591 410 2655 450; x_wconf 88' lang='lat' dir='ltr'><strong>ac</strong></span> <span class='ocrx_word' id='word_1_344' title='bbox 2684 396 2930 471; x_wconf 82' lang='lat' dir='ltr'><strong>gnaviter</strong></span> <span class='ocrx_word' id='word_1_345' title='bbox 2952 412 3052 467; x_wconf 91' lang='lat' dir='ltr'><strong>pro</strong></span> <span class='ocrx_word' id='word_1_346' title='bbox 3083 412 3144 453; x_wconf 86' lang='lat' dir='ltr'><strong>se</strong></span> <span class='ocrx_word' id='word_1_347' title='bbox 3173 414 3447 469; x_wconf 85' lang='lat' dir='ltr'><strong>quamque</strong></span> <span class='ocrx_word' id='word_1_348' title='bbox 3486 400 3544 454; x_wconf 88' lang='lat' dir='ltr'><strong>in</strong></span> 
     </span>
    </p>
   </div>
   <div class='ocr_carea' id='block_1_49' title="bbox 1979 485 3543 552">
    <p class='ocr_par' dir='ltr' id='par_1_49' title="bbox 1979 485 3543 552">
     <span class='ocr_line' id='line_1_51' title="bbox 1979 485 3543 552; baseline 0.004 -13"><span class='ocrx_word' id='word_1_349' title='bbox 1979 498 2043 540; x_wconf 88' lang='lat' dir='ltr'><strong>ea</strong></span> <span class='ocrx_word' id='word_1_350' title='bbox 2072 485 2420 541; x_wconf 83' lang='lat' dir='ltr'><strong>contentione</strong></span> <span class='ocrx_word' id='word_1_351' title='bbox 2468 501 2591 542; x_wconf 88' lang='lat' dir='ltr'><strong>esse</strong></span> <span class='ocrx_word' id='word_1_352' title='bbox 2647 498 2918 552; x_wconf 86' lang='lat' dir='ltr'><strong>versatas,</strong></span> <span class='ocrx_word' id='word_1_353' title='bbox 2959 495 3018 542; x_wconf 92' lang='lat' dir='ltr'><strong>ut</strong></span> <span class='ocrx_word' id='word_1_354' title='bbox 3061 489 3196 543; x_wconf 85' lang='lat' dir='ltr'><strong>nihil</strong></span> <span class='ocrx_word' id='word_1_355' title='bbox 3249 489 3543 547; x_wconf 84' lang='lat' dir='ltr'><strong>admodum</strong></span> 
     </span>
    </p>
   </div>
   <div class='ocr_carea' id='block_1_50' title="bbox 1978 576 3544 651">
    <p class='ocr_par' dir='ltr' id='par_1_50' title="bbox 1978 576 3544 651">
     <span class='ocr_line' id='line_1_52' title="bbox 1978 576 3544 651; baseline 0.004 -20"><span class='ocrx_word' id='word_1_356' title='bbox 1978 576 2284 642; x_wconf 89' lang='lat' dir='ltr'><strong>omiserint,</strong></span> <span class='ocrx_word' id='word_1_357' title='bbox 2312 578 2457 648; x_wconf 91' lang='lat' dir='ltr'><strong>quod</strong></span> <span class='ocrx_word' id='word_1_358' title='bbox 2488 578 2554 633; x_wconf 85' lang='lat' dir='ltr'><strong>ad</strong></span> <span class='ocrx_word' id='word_1_359' title='bbox 2586 580 2744 635; x_wconf 87' lang='lat' dir='ltr'><strong>istius</strong></span> <span class='ocrx_word' id='word_1_360' title='bbox 2769 580 3072 649; x_wconf 77' lang='lat' dir='ltr'><strong>argumenti</strong></span> <span class='ocrx_word' id='word_1_361' title='bbox 3109 581 3320 651; x_wconf 86' lang='lat' dir='ltr'><strong>plenam</strong></span> <span class='ocrx_word' id='word_1_362' title='bbox 3345 590 3544 637; x_wconf 82' lang='lat' dir='ltr'><strong>tracta-</strong></span> 
     </span>
    </p>
   </div>
   <div class='ocr_carea' id='block_1_51' title="bbox 1978 668 3544 742">
    <p class='ocr_par' dir='ltr' id='par_1_51' title="bbox 1978 668 3544 742">
     <span class='ocr_line' id='line_1_53' title="bbox 1978 668 3544 742; baseline 0.004 -20"><span class='ocrx_word' id='word_1_363' title='bbox 1978 668 2182 724; x_wconf 88' lang='lat' dir='ltr'><strong>tionem</strong></span> <span class='ocrx_word' id='word_1_364' title='bbox 2208 668 2380 725; x_wconf 78' lang='lat' dir='ltr'><strong>videri</strong></span> <span class='ocrx_word' id='word_1_365' title='bbox 2421 670 2793 726; x_wconf 88' lang='lat' dir='ltr'><strong>necessarium</strong></span> <span class='ocrx_word' id='word_1_366' title='bbox 2839 672 3030 741; x_wconf 85' lang='lat' dir='ltr'><strong>possit.</strong></span> <span class='ocrx_word' id='word_1_367' title='bbox 3074 669 3132 726; x_wconf 92' lang='lat' dir='ltr'><strong>Si</strong></span> <span class='ocrx_word' id='word_1_368' title='bbox 3178 689 3307 742; x_wconf 76' lang='lat' dir='ltr'><strong>ergo</strong></span> <span class='ocrx_word' id='word_1_369' title='bbox 3348 674 3544 730; x_wconf 80' lang='lat' dir='ltr'><strong>venisti</strong></span> 
     </span>
    </p>
   </div>
   <div class='ocr_carea' id='block_1_52' title="bbox 1978 761 3542 833">
    <p class='ocr_par' dir='ltr' id='par_1_52' title="bbox 1978 761 3542 833">
     <span class='ocr_line' id='line_1_54' title="bbox 1978 761 3542 833; baseline 0.002 -17"><span class='ocrx_word' id='word_1_370' title='bbox 1978 761 2058 818; x_wconf 86' lang='lat' dir='ltr'><strong>rei</strong></span> <span class='ocrx_word' id='word_1_371' title='bbox 2071 761 2296 820; x_wconf 84' lang='lat' dir='ltr'><strong>alterius</strong></span> <span class='ocrx_word' id='word_1_372' title='bbox 2311 772 2503 830; x_wconf 86' lang='lat' dir='ltr'><strong>causa,</strong></span> <span class='ocrx_word' id='word_1_373' title='bbox 2517 776 2638 819; x_wconf 88' lang='lat' dir='ltr'><strong>eam</strong></span> <span class='ocrx_word' id='word_1_374' title='bbox 2653 777 2836 831; x_wconf 82' lang='lat' dir='ltr'><strong>quaeso</strong></span> <span class='ocrx_word' id='word_1_375' title='bbox 2860 763 2914 816; x_wconf 84' lang='lat' dir='ltr'><strong>in</strong></span> <span class='ocrx_word' id='word_1_376' title='bbox 2942 770 3154 833; x_wconf 88' lang='lat' dir='ltr'><strong>tempus</strong></span> <span class='ocrx_word' id='word_1_377' title='bbox 3184 764 3330 819; x_wconf 84' lang='lat' dir='ltr'><strong>aliud</strong></span> <span class='ocrx_word' id='word_1_378' title='bbox 3352 765 3542 831; x_wconf 87' lang='lat' dir='ltr'><strong>dilata,</strong></span> 
     </span>
    </p>
   </div>
   <div class='ocr_carea' id='block_1_53' title="bbox 1979 853 3546 925">
    <p class='ocr_par' dir='ltr' id='par_1_53' title="bbox 1979 853 3546 925">
     <span class='ocr_line' id='line_1_55' title="bbox 1979 853 3546 925; baseline 0.004 -18"><span class='ocrx_word' id='word_1_379' title='bbox 1979 868 2049 908; x_wconf 90' lang='lat' dir='ltr'><strong>ne</strong></span> <span class='ocrx_word' id='word_1_380' title='bbox 2081 853 2339 908; x_wconf 85' lang='lat' dir='ltr'><strong>continue</strong></span> <span class='ocrx_word' id='word_1_381' title='bbox 2383 853 2625 924; x_wconf 77' lang='lat' dir='ltr'><strong>graveris</strong></span> <span class='ocrx_word' id='word_1_382' title='bbox 2656 854 2974 925; x_wconf 78' lang='lat' dir='ltr'><strong>rogantibus</strong></span> <span class='ocrx_word' id='word_1_383' title='bbox 3013 855 3171 910; x_wconf 88' lang='lat' dir='ltr'><strong>nobis</strong></span> <span class='ocrx_word' id='word_1_384' title='bbox 3215 863 3414 911; x_wconf 84' lang='lat' dir='ltr'><strong>cuncta</strong></span> <span class='ocrx_word' id='word_1_385' title='bbox 3452 870 3546 913; x_wconf 77' lang='lat' dir='ltr'><strong>or-</strong></span> 
     </span>
    </p>
   </div>
   <div class='ocr_carea' id='block_1_54' title="bbox 1978 943 2364 1001">
    <p class='ocr_par' dir='ltr' id='par_1_54' title="bbox 1978 943 2364 1001">
     <span class='ocr_line' id='line_1_56' title="bbox 1978 943 2364 1001; baseline 0 -2"><span class='ocrx_word' id='word_1_386' title='bbox 1978 944 2106 1001; x_wconf 89' lang='lat' dir='ltr'><strong>dine</strong></span> <span class='ocrx_word' id='word_1_387' title='bbox 2140 943 2364 999; x_wconf 82' lang='lat' dir='ltr'><strong>referre.</strong></span> 
     </span>
    </p>
   </div>
   <div class='ocr_carea' id='block_1_55' title="bbox 2049 1055 3543 1129">
    <p class='ocr_par' dir='ltr' id='par_1_55' title="bbox 2049 1055 3543 1129">
     <span class='ocr_line' id='line_1_57' title="bbox 2049 1055 3543 1129; baseline -0.001 -14"><span class='ocrx_word' id='word_1_388' title='bbox 2049 1057 2252 1115; x_wconf 78' lang='lat' dir='ltr'><strong>GREG.</strong></span> <span class='ocrx_word' id='word_1_389' title='bbox 2292 1056 2419 1127; x_wconf 87' lang='lat' dir='ltr'><strong>Spe,</strong></span> <span class='ocrx_word' id='word_1_390' title='bbox 2446 1072 2590 1123; x_wconf 91' lang='lat' dir='ltr'><strong>reor,</strong></span> <span class='ocrx_word' id='word_1_391' title='bbox 2636 1055 2898 1113; x_wconf 84' lang='lat' dir='ltr'><strong>frustrata</strong></span> <span class='ocrx_word' id='word_1_392' title='bbox 2937 1072 3057 1112; x_wconf 91' lang='lat' dir='ltr'><strong>sum</strong></span> <span class='ocrx_word' id='word_1_393' title='bbox 3102 1076 3116 1113; x_wconf 92' lang='lat'><strong>:</strong></span> <span class='ocrx_word' id='word_1_394' title='bbox 3158 1058 3543 1129; x_wconf 63' lang='lat' dir='ltr'><strong>praeripuitque</strong></span> 
     </span>
    </p>
   </div>
   <div class='ocr_carea' id='block_1_56' title="bbox 1978 1148 3543 1221">
    <p class='ocr_par' dir='ltr' id='par_1_56' title="bbox 1978 1148 3543 1221">
     <span class='ocr_line' id='line_1_58' title="bbox 1978 1148 3543 1221; baseline 0 -16"><span class='ocrx_word' id='word_1_395' title='bbox 1978 1151 2111 1206; x_wconf 89' lang='lat' dir='ltr'><strong>mihi</strong></span> <span class='ocrx_word' id='word_1_396' title='bbox 2150 1151 2347 1220; x_wconf 87' lang='lat' dir='ltr'><strong>aliquis</strong></span> <span class='ocrx_word' id='word_1_397' title='bbox 2399 1150 2627 1221; x_wconf 82' lang='lat' dir='ltr'><strong>gratiam</strong></span> <span class='ocrx_word' id='word_1_398' title='bbox 2687 1149 2847 1219; x_wconf 91' lang='lat' dir='ltr'><strong>primi</strong></span> <span class='ocrx_word' id='word_1_399' title='bbox 2883 1148 3095 1215; x_wconf 89' lang='lat' dir='ltr'><strong>nuntii,</strong></span> <span class='ocrx_word' id='word_1_400' title='bbox 3135 1164 3324 1204; x_wconf 90' lang='lat' dir='ltr'><strong>earum</strong></span> <span class='ocrx_word' id='word_1_401' title='bbox 3357 1165 3543 1205; x_wconf 88' lang='lat' dir='ltr'><strong>rerum</strong></span> 
     </span>
    </p>
   </div>
   <div class='ocr_carea' id='block_1_57' title="bbox 1979 1240 3543 1313">
    <p class='ocr_par' dir='ltr' id='par_1_57' title="bbox 1979 1240 3543 1313">
     <span class='ocr_line' id='line_1_59' title="bbox 1979 1240 3543 1313; baseline -0.001 -15"><span class='ocrx_word' id='word_1_402' title='bbox 1979 1243 2047 1301; x_wconf 91' lang='lat' dir='ltr'><strong>de</strong></span> <span class='ocrx_word' id='word_1_403' title='bbox 2084 1243 2285 1313; x_wconf 89' lang='lat' dir='ltr'><strong>quibus</strong></span> <span class='ocrx_word' id='word_1_404' title='bbox 2327 1242 2650 1297; x_wconf 91' lang='lat' dir='ltr'><strong>sciscitaris.</strong></span> <span class='ocrx_word' id='word_1_405' title='bbox 2692 1240 2807 1312; x_wconf 89' lang='lat' dir='ltr'><strong>Ego</strong></span> <span class='ocrx_word' id='word_1_406' title='bbox 2844 1255 2976 1296; x_wconf 90' lang='lat' dir='ltr'><strong>vero</strong></span> <span class='ocrx_word' id='word_1_407' title='bbox 3026 1240 3162 1295; x_wconf 89' lang='lat' dir='ltr'><strong>nihil</strong></span> <span class='ocrx_word' id='word_1_408' title='bbox 3195 1241 3392 1295; x_wconf 88' lang='lat' dir='ltr'><strong>horum</strong></span> <span class='ocrx_word' id='word_1_409' title='bbox 3421 1247 3476 1297; x_wconf 92' lang='lat' dir='ltr'><strong>te</strong></span> <span class='ocrx_word' id='word_1_410' title='bbox 3512 1256 3543 1296; x_wconf 86' lang='lat' dir='ltr'><strong>a</strong></span> 
     </span>
    </p>
   </div>
   <div class='ocr_carea' id='block_1_58' title="bbox 1976 1332 3543 1406">
    <p class='ocr_par' dir='ltr' id='par_1_58' title="bbox 1976 1332 3543 1406">
     <span class='ocr_line' id='line_1_60' title="bbox 1976 1332 3543 1406; baseline -0.002 -17"><span class='ocrx_word' id='word_1_411' title='bbox 1976 1349 2249 1406; x_wconf 90' lang='lat' dir='ltr'><strong>quoquam</strong></span> <span class='ocrx_word' id='word_1_412' title='bbox 2287 1332 2563 1388; x_wconf 88' lang='lat' dir='ltr'><strong>audivisse</strong></span> <span class='ocrx_word' id='word_1_413' title='bbox 2596 1332 2914 1387; x_wconf 86' lang='lat' dir='ltr'><strong>existimans</strong></span> <span class='ocrx_word' id='word_1_414' title='bbox 2937 1372 2952 1396; x_wconf 91' lang='lat'><strong>,</strong></span> <span class='ocrx_word' id='word_1_415' title='bbox 2985 1332 3278 1401; x_wconf 81' lang='lat' dir='ltr'><strong>gestiebam</strong></span> <span class='ocrx_word' id='word_1_416' title='bbox 3313 1332 3543 1397; x_wconf 88' lang='lat' dir='ltr'><strong>scilicet,</strong></span> 
     </span>
    </p>
   </div>
   <div class='ocr_carea' id='block_1_59' title="bbox 1978 1422 3543 1500">
    <p class='ocr_par' dir='ltr' id='par_1_59' title="bbox 1978 1422 3543 1500">
     <span class='ocr_line' id='line_1_61' title="bbox 1978 1422 3543 1500; baseline -0.003 -18"><span class='ocrx_word' id='word_1_417' title='bbox 1978 1428 2369 1500; x_wconf 87' lang='lat' dir='ltr'><strong>placebamque</strong></span> <span class='ocrx_word' id='word_1_418' title='bbox 2408 1440 2518 1479; x_wconf 91' lang='lat' dir='ltr'><strong>non</strong></span> <span class='ocrx_word' id='word_1_419' title='bbox 2556 1438 2748 1495; x_wconf 89' lang='lat' dir='ltr'><strong>parum</strong></span> <span class='ocrx_word' id='word_1_420' title='bbox 2779 1423 2934 1486; x_wconf 89' lang='lat' dir='ltr'><strong>mihi,</strong></span> <span class='ocrx_word' id='word_1_421' title='bbox 2963 1439 3028 1479; x_wconf 92' lang='lat' dir='ltr'><strong>eo</strong></span> <span class='ocrx_word' id='word_1_422' title='bbox 3057 1422 3203 1494; x_wconf 87' lang='lat' dir='ltr'><strong>quod</strong></span> <span class='ocrx_word' id='word_1_423' title='bbox 3235 1423 3333 1479; x_wconf 86' lang='lat' dir='ltr'><strong>tibi</strong></span> <span class='ocrx_word' id='word_1_424' title='bbox 3368 1424 3543 1494; x_wconf 89' lang='lat' dir='ltr'><strong>prima</strong></span> 
     </span>
    </p>
   </div>
   <div class='ocr_carea' id='block_1_60' title="bbox 1978 1514 3545 1583">
    <p class='ocr_par' dir='ltr' id='par_1_60' title="bbox 1978 1514 3545 1583">
     <span class='ocr_line' id='line_1_62' title="bbox 1978 1514 3545 1583; baseline -0.002 -8"><span class='ocrx_word' id='word_1_425' title='bbox 1978 1521 2227 1575; x_wconf 89' lang='lat' dir='ltr'><strong>nuntium</strong></span> <span class='ocrx_word' id='word_1_426' title='bbox 2251 1519 2480 1573; x_wconf 85' lang='lat' dir='ltr'><strong>allatura</strong></span> <span class='ocrx_word' id='word_1_427' title='bbox 2496 1531 2667 1572; x_wconf 90' lang='lat' dir='ltr'><strong>eram.</strong></span> <span class='ocrx_word' id='word_1_428' title='bbox 2686 1515 2865 1583; x_wconf 84' lang='lat' dir='ltr'><strong>Quare</strong></span> <span class='ocrx_word' id='word_1_429' title='bbox 2885 1514 3211 1571; x_wconf 83' lang='lat' dir='ltr'><strong>festinabam</strong></span> <span class='ocrx_word' id='word_1_430' title='bbox 3233 1517 3417 1571; x_wconf 87' lang='lat' dir='ltr'><strong>venire</strong></span> <span class='ocrx_word' id='word_1_431' title='bbox 3438 1517 3545 1572; x_wconf 88' lang='lat' dir='ltr'><strong>huc</strong></span> 
     </span>
    </p>
   </div>
   <div class='ocr_carea' id='block_1_61' title="bbox 1978 1609 3546 1685">
    <p class='ocr_par' dir='ltr' id='par_1_61' title="bbox 1978 1609 3546 1685">
     <span class='ocr_line' id='line_1_63' title="bbox 1978 1609 3546 1685; baseline -0.001 -18"><span class='ocrx_word' id='word_1_432' title='bbox 1978 1613 2044 1667; x_wconf 89' lang='lat' dir='ltr'><strong>ad</strong></span> <span class='ocrx_word' id='word_1_433' title='bbox 2071 1629 2191 1679; x_wconf 91' lang='lat' dir='ltr'><strong>vos,</strong></span> <span class='ocrx_word' id='word_1_434' title='bbox 2229 1614 2284 1669; x_wconf 89' lang='lat' dir='ltr'><strong>id</strong></span> <span class='ocrx_word' id='word_1_435' title='bbox 2315 1615 2491 1685; x_wconf 90' lang='lat' dir='ltr'><strong>ipsum</strong></span> <span class='ocrx_word' id='word_1_436' title='bbox 2527 1612 2700 1669; x_wconf 89' lang='lat' dir='ltr'><strong>verita</strong></span> <span class='ocrx_word' id='word_1_437' title='bbox 2733 1609 2879 1682; x_wconf 87' lang='lat' dir='ltr'><strong>quod</strong></span> <span class='ocrx_word' id='word_1_438' title='bbox 2915 1609 3147 1676; x_wconf 89' lang='lat' dir='ltr'><strong>accidit,</strong></span> <span class='ocrx_word' id='word_1_439' title='bbox 3187 1624 3257 1665; x_wconf 89' lang='lat' dir='ltr'><strong>ne</strong></span> <span class='ocrx_word' id='word_1_440' title='bbox 3294 1611 3420 1680; x_wconf 84' lang='lat' dir='ltr'><strong>quis</strong></span> <span class='ocrx_word' id='word_1_441' title='bbox 3457 1609 3546 1665; x_wconf 85' lang='lat' dir='ltr'><strong>ad-</strong></span> 
     </span>
    </p>
   </div>
   <div class='ocr_carea' id='block_1_62' title="bbox 1974 1711 2740 1775">
    <p class='ocr_par' dir='ltr' id='par_1_62' title="bbox 1974 1711 2740 1775">
     <span class='ocr_line' id='line_1_64' title="bbox 1974 1711 2740 1775; baseline -0.008 -13"><span class='ocrx_word' id='word_1_442' title='bbox 1974 1713 2192 1762; x_wconf 85' lang='lat' dir='ltr'><strong>ventum</strong></span> <span class='ocrx_word' id='word_1_443' title='bbox 2218 1721 2398 1762; x_wconf 90' lang='lat' dir='ltr'><strong>meum</strong></span> <span class='ocrx_word' id='word_1_444' title='bbox 2430 1711 2740 1775; x_wconf 85' lang='lat' dir='ltr'><strong>occuparet.</strong></span> 
     </span>
    </p>
   </div>
   <div class='ocr_carea' id='block_1_63' title="bbox 2044 1816 3545 1897">
    <p class='ocr_par' dir='ltr' id='par_1_63' title="bbox 2044 1816 3545 1897">
     <span class='ocr_line' id='line_1_65' title="bbox 2044 1816 3545 1897; baseline -0.001 -23"><span class='ocrx_word' id='word_1_445' title='bbox 2044 1819 2296 1876; x_wconf 87' lang='lat' dir='ltr'><strong>EUBUL.</strong></span> <span class='ocrx_word' id='word_1_446' title='bbox 2328 1819 2478 1875; x_wconf 89' lang='lat' dir='ltr'><strong>Bono</strong></span> <span class='ocrx_word' id='word_1_447' title='bbox 2510 1819 2697 1874; x_wconf 84' lang='lat' dir='ltr'><strong>animo</strong></span> <span class='ocrx_word' id='word_1_448' title='bbox 2724 1828 2854 1897; x_wconf 33' lang='lat' dir='ltr'><strong>.esto</strong></span> <span class='ocrx_word' id='word_1_449' title='bbox 2885 1833 2900 1872; x_wconf 89' lang='lat'><strong>:</strong></span> <span class='ocrx_word' id='word_1_450' title='bbox 2937 1816 3073 1873; x_wconf 85' lang='lat' dir='ltr'><strong>nihil</strong></span> <span class='ocrx_word' id='word_1_451' title='bbox 3111 1816 3281 1882; x_wconf 89' lang='lat' dir='ltr'><strong>enim,</strong></span> <span class='ocrx_word' id='word_1_452' title='bbox 3301 1832 3337 1873; x_wconf 91' lang='grc' dir='ltr'><strong>ο</strong></span> <span class='ocrx_word' id='word_1_453' title='bbox 3367 1817 3545 1887; x_wconf 89' lang='lat' dir='ltr'><strong>bona,</strong></span> 
     </span>
    </p>
   </div>
   <div class='ocr_carea' id='block_1_64' title="bbox 1973 1907 3546 1981">
    <p class='ocr_par' dir='ltr' id='par_1_64' title="bbox 1973 1907 3546 1981">
     <span class='ocr_line' id='line_1_66' title="bbox 1973 1907 3546 1981; baseline -0.003 -13"><span class='ocrx_word' id='word_1_454' title='bbox 1973 1920 2163 1968; x_wconf 88' lang='lat' dir='ltr'><strong>exacte</strong></span> <span class='ocrx_word' id='word_1_455' title='bbox 2212 1912 2598 1981; x_wconf 90' lang='lat' dir='ltr'><strong>comperimus.</strong></span> <span class='ocrx_word' id='word_1_456' title='bbox 2669 1908 2780 1965; x_wconf 87' lang='lat' dir='ltr'><strong>Nec</strong></span> <span class='ocrx_word' id='word_1_457' title='bbox 2834 1909 2925 1980; x_wconf 84' lang='lat' dir='ltr'><strong>qui</strong></span> <span class='ocrx_word' id='word_1_458' title='bbox 2981 1908 3247 1962; x_wconf 79' lang='lat' dir='ltr'><strong>nuntiavit</strong></span> <span class='ocrx_word' id='word_1_459' title='bbox 3299 1907 3546 1965; x_wconf 81' lang='lat' dir='ltr'><strong>indicare</strong></span> 
     </span>
    </p>
   </div>
   <div class='ocr_carea' id='block_1_65' title="bbox 1974 1997 3547 2072">
    <p class='ocr_par' dir='ltr' id='par_1_65' title="bbox 1974 1997 3547 2072">
     <span class='ocr_line' id='line_1_67' title="bbox 1974 1997 3547 2072; baseline 0 -16"><span class='ocrx_word' id='word_1_460' title='bbox 1974 2002 2120 2057; x_wconf 89' lang='lat' dir='ltr'><strong>aliud</strong></span> <span class='ocrx_word' id='word_1_461' title='bbox 2158 2003 2368 2071; x_wconf 89' lang='lat' dir='ltr'><strong>potuit,</strong></span> <span class='ocrx_word' id='word_1_462' title='bbox 2430 2015 2593 2072; x_wconf 90' lang='lat' dir='ltr'><strong>quam</strong></span> <span class='ocrx_word' id='word_1_463' title='bbox 2633 2015 2951 2054; x_wconf 86' lang='lat' dir='ltr'><strong>communes</strong></span> <span class='ocrx_word' id='word_1_464' title='bbox 2989 2013 3269 2055; x_wconf 87' lang='lat' dir='ltr'><strong>sermones</strong></span> <span class='ocrx_word' id='word_1_465' title='bbox 3328 1997 3547 2056; x_wconf 84' lang='lat' dir='ltr'><strong>habitos</strong></span> 
     </span>
    </p>
   </div>
   <div class='ocr_carea' id='block_1_66' title="bbox 1976 2088 3547 2164">
    <p class='ocr_par' dir='ltr' id='par_1_66' title="bbox 1976 2088 3547 2164">
     <span class='ocr_line' id='line_1_68' title="bbox 1976 2088 3547 2164; baseline -0.003 -15"><span class='ocrx_word' id='word_1_466' title='bbox 1976 2108 2138 2150; x_wconf 89' lang='lat' dir='ltr'><strong>esse:</strong></span> <span class='ocrx_word' id='word_1_467' title='bbox 2183 2093 2409 2164; x_wconf 88' lang='lat' dir='ltr'><strong>quinam</strong></span> <span class='ocrx_word' id='word_1_468' title='bbox 2445 2106 2575 2147; x_wconf 90' lang='lat' dir='ltr'><strong>vero</strong></span> <span class='ocrx_word' id='word_1_469' title='bbox 2614 2098 2709 2146; x_wconf 88' lang='lat' dir='ltr'><strong>aut</strong></span> <span class='ocrx_word' id='word_1_470' title='bbox 2734 2090 2927 2146; x_wconf 87' lang='lat' dir='ltr'><strong>unales</strong></span> <span class='ocrx_word' id='word_1_471' title='bbox 2967 2088 3200 2154; x_wconf 81' lang='lat' dir='ltr'><strong>iuerint,</strong></span> <span class='ocrx_word' id='word_1_472' title='bbox 3240 2090 3547 2161; x_wconf 77' lang='lat' dir='ltr'><strong>interroga-</strong></span> 
     </span>
    </p>
   </div>
   <div class='ocr_carea' id='block_1_67' title="bbox 1974 2187 2351 2242">
    <p class='ocr_par' dir='ltr' id='par_1_67' title="bbox 1974 2187 2351 2242">
     <span class='ocr_line' id='line_1_69' title="bbox 1974 2187 2351 2242; baseline -0.003 -2"><span class='ocrx_word' id='word_1_473' title='bbox 1974 2194 2063 2242; x_wconf 90' lang='lat' dir='ltr'><strong>tus</strong></span> <span class='ocrx_word' id='word_1_474' title='bbox 2098 2187 2351 2242; x_wconf 90' lang='lat' dir='ltr'><strong>nescivit.</strong></span> 
     </span>
    </p>
   </div>
   <div class='ocr_carea' id='block_1_68' title="bbox 2045 2292 3542 2368">
    <p class='ocr_par' dir='ltr' id='par_1_68' title="bbox 2045 2292 3542 2368">
     <span class='ocr_line' id='line_1_70' title="bbox 2045 2292 3542 2368; baseline -0.003 -17"><span class='ocrx_word' id='word_1_475' title='bbox 2045 2297 2251 2353; x_wconf 75' lang='lat' dir='ltr'><strong>GREG.</strong></span> <span class='ocrx_word' id='word_1_476' title='bbox 2274 2295 2454 2352; x_wconf 78' lang='lat' dir='ltr'><strong>Vultis</strong></span> <span class='ocrx_word' id='word_1_477' title='bbox 2474 2297 2659 2368; x_wconf 78' lang='lat' dir='ltr'><strong>igitur,</strong></span> <span class='ocrx_word' id='word_1_478' title='bbox 2690 2295 2948 2367; x_wconf 90' lang='lat' dir='ltr'><strong>quoniam</strong></span> <span class='ocrx_word' id='word_1_479' title='bbox 2981 2295 3086 2349; x_wconf 88' lang='lat' dir='ltr'><strong>huc</strong></span> <span class='ocrx_word' id='word_1_480' title='bbox 3116 2308 3180 2349; x_wconf 88' lang='lat' dir='ltr'><strong>ea</strong></span> <span class='ocrx_word' id='word_1_481' title='bbox 3208 2308 3373 2349; x_wconf 87' lang='lat' dir='ltr'><strong>causa</strong></span> <span class='ocrx_word' id='word_1_482' title='bbox 3392 2292 3542 2359; x_wconf 84' lang='lat' dir='ltr'><strong>veni,</strong></span> 
     </span>
    </p>
   </div>
   <div class='ocr_carea' id='block_1_69' title="bbox 1974 2387 3545 2459">
    <p class='ocr_par' dir='ltr' id='par_1_69' title="bbox 1974 2387 3545 2459">
     <span class='ocr_line' id='line_1_71' title="bbox 1974 2387 3545 2459; baseline 0.001 -16"><span class='ocrx_word' id='word_1_483' title='bbox 1974 2404 2004 2443; x_wconf 89' lang='lat' dir='ltr'><strong>a</strong></span> <span class='ocrx_word' id='word_1_484' title='bbox 2034 2388 2303 2459; x_wconf 89' lang='lat' dir='ltr'><strong>principio</strong></span> <span class='ocrx_word' id='word_1_485' title='bbox 2342 2387 2534 2443; x_wconf 89' lang='lat' dir='ltr'><strong>audire</strong></span> <span class='ocrx_word' id='word_1_486' title='bbox 2567 2394 2766 2443; x_wconf 89' lang='lat' dir='ltr'><strong>cuncta</strong></span> <span class='ocrx_word' id='word_1_487' title='bbox 2804 2402 2925 2456; x_wconf 66' lang='lat' dir='ltr'><strong>quae</strong></span> <span class='ocrx_word' id='word_1_488' title='bbox 2962 2387 3108 2441; x_wconf 89' lang='lat' dir='ltr'><strong>dicta</strong></span> <span class='ocrx_word' id='word_1_489' title='bbox 3137 2396 3296 2454; x_wconf 87' lang='lat' dir='ltr'><strong>sunt;</strong></span> <span class='ocrx_word' id='word_1_490' title='bbox 3336 2401 3407 2446; x_wconf 88' lang='lat' dir='ltr'><strong>an</strong></span> <span class='ocrx_word' id='word_1_491' title='bbox 3444 2400 3545 2456; x_wconf 83' lang='lat' dir='ltr'><strong>p0-</strong></span> 
     </span>
    </p>
   </div>
   <div class='ocr_carea' id='block_1_70' title="bbox 1973 2477 3546 2550">
    <p class='ocr_par' dir='ltr' id='par_1_70' title="bbox 1973 2477 3546 2550">
     <span class='ocr_line' id='line_1_72' title="bbox 1973 2477 3546 2550; baseline 0 -15"><span class='ocrx_word' id='word_1_492' title='bbox 1973 2480 2082 2537; x_wconf 91' lang='lat' dir='ltr'><strong>tius</strong></span> <span class='ocrx_word' id='word_1_493' title='bbox 2102 2480 2224 2535; x_wconf 88' lang='lat' dir='ltr'><strong>aliis</strong></span> <span class='ocrx_word' id='word_1_494' title='bbox 2261 2479 2503 2544; x_wconf 89' lang='lat' dir='ltr'><strong>omissis,</strong></span> <span class='ocrx_word' id='word_1_495' title='bbox 2545 2494 2733 2534; x_wconf 90' lang='lat' dir='ltr'><strong>eorum</strong></span> <span class='ocrx_word' id='word_1_496' title='bbox 2773 2477 3039 2533; x_wconf 80' lang='lat' dir='ltr'><strong>duntaxat</strong></span> <span class='ocrx_word' id='word_1_497' title='bbox 3077 2479 3392 2536; x_wconf 86' lang='lat' dir='ltr'><strong>meminisse</strong></span> <span class='ocrx_word' id='word_1_498' title='bbox 3425 2491 3546 2550; x_wconf 68' lang='lat' dir='ltr'><strong>qua</strong></span> 
     </span>
    </p>
   </div>
   <div class='ocr_carea' id='block_1_71' title="bbox 1972 2570 2813 2642">
    <p class='ocr_par' dir='ltr' id='par_1_71' title="bbox 1972 2570 2813 2642">
     <span class='ocr_line' id='line_1_73' title="bbox 1972 2570 2813 2642; baseline -0.002 -16"><span class='ocrx_word' id='word_1_499' title='bbox 1972 2578 2278 2627; x_wconf 78' lang='lat' dir='ltr'><strong>memoratu</strong></span> <span class='ocrx_word' id='word_1_500' title='bbox 2312 2572 2477 2642; x_wconf 81' lang='lat' dir='ltr'><strong>digna</strong></span> <span class='ocrx_word' id='word_1_501' title='bbox 2516 2570 2813 2642; x_wconf 86' lang='lat' dir='ltr'><strong>putavero?</strong></span> 
     </span>
    </p>
   </div>
   <div class='ocr_carea' id='block_1_72' title="bbox 2044 2684 3545 2756">
    <p class='ocr_par' dir='ltr' id='par_1_72' title="bbox 2044 2684 3545 2756">
     <span class='ocr_line' id='line_1_74' title="bbox 2044 2684 3545 2756; baseline 0.001 -17"><span class='ocrx_word' id='word_1_502' title='bbox 2044 2684 2295 2741; x_wconf 87' lang='lat' dir='ltr'><strong>EUBUL.</strong></span> <span class='ocrx_word' id='word_1_503' title='bbox 2338 2684 2490 2741; x_wconf 89' lang='lat' dir='ltr'><strong>Haud</strong></span> <span class='ocrx_word' id='word_1_504' title='bbox 2529 2701 2663 2742; x_wconf 87' lang='lat' dir='ltr'><strong>sane</strong></span> <span class='ocrx_word' id='word_1_505' title='bbox 2704 2705 2717 2740; x_wconf 91' lang='lat'><strong>:</strong></span> <span class='ocrx_word' id='word_1_506' title='bbox 2759 2685 2855 2741; x_wconf 91' lang='lat' dir='ltr'><strong>sed</strong></span> <span class='ocrx_word' id='word_1_507' title='bbox 2894 2686 3052 2742; x_wconf 92' lang='lat' dir='ltr'><strong>nobis</strong></span> <span class='ocrx_word' id='word_1_508' title='bbox 3091 2699 3122 2739; x_wconf 91' lang='lat' dir='ltr'><strong>a</strong></span> <span class='ocrx_word' id='word_1_509' title='bbox 3160 2684 3468 2756; x_wconf 81' lang='lat' dir='ltr'><strong>principio,</strong></span> <span class='ocrx_word' id='word_1_510' title='bbox 3509 2701 3545 2741; x_wconf 89' lang='grc' dir='ltr'><strong>ο</strong></span> 
     </span>
    </p>
   </div>
   <div class='ocr_carea' id='block_1_73' title="bbox 1973 2774 3545 2850">
    <p class='ocr_par' dir='ltr' id='par_1_73' title="bbox 1973 2774 3545 2850">
     <span class='ocr_line' id='line_1_75' title="bbox 1973 2774 3545 2850; baseline -0.001 -16"><span class='ocrx_word' id='word_1_511' title='bbox 1973 2776 2330 2850; x_wconf 66' lang='lat' dir='ltr'><strong>Gregorium,</strong></span> <span class='ocrx_word' id='word_1_512' title='bbox 2372 2778 2606 2847; x_wconf 89' lang='lat' dir='ltr'><strong>primum</strong></span> <span class='ocrx_word' id='word_1_513' title='bbox 2645 2778 2901 2841; x_wconf 85' lang='lat' dir='ltr'><strong>insinua,</strong></span> <span class='ocrx_word' id='word_1_514' title='bbox 2956 2784 3011 2831; x_wconf 90' lang='lat' dir='ltr'><strong>et</strong></span> <span class='ocrx_word' id='word_1_515' title='bbox 3065 2774 3395 2846; x_wconf 74' lang='lat' dir='ltr'><strong>congressus</strong></span> <span class='ocrx_word' id='word_1_516' title='bbox 3450 2777 3545 2833; x_wconf 89' lang='lat' dir='ltr'><strong>ubi</strong></span> 
     </span>
    </p>
   </div>
   <div class='ocr_carea' id='block_1_74' title="bbox 1973 2868 3545 2942">
    <p class='ocr_par' dir='ltr' id='par_1_74' title="bbox 1973 2868 3545 2942">
     <span class='ocr_line' id='line_1_76' title="bbox 1973 2868 3545 2942; baseline -0.001 -17"><span class='ocrx_word' id='word_1_517' title='bbox 1973 2870 2173 2934; x_wconf 83' lang='lat' dir='ltr'><strong>fuerit,</strong></span> <span class='ocrx_word' id='word_1_518' title='bbox 2214 2869 2355 2924; x_wconf 88' lang='lat' dir='ltr'><strong>etde</strong></span> <span class='ocrx_word' id='word_1_519' title='bbox 2387 2876 2651 2941; x_wconf 87' lang='lat' dir='ltr'><strong>apparatu</strong></span> <span class='ocrx_word' id='word_1_520' title='bbox 2679 2868 2959 2938; x_wconf 88' lang='lat' dir='ltr'><strong>ciborum;</strong></span> <span class='ocrx_word' id='word_1_521' title='bbox 2998 2868 3065 2925; x_wconf 92' lang='lat' dir='ltr'><strong>de</strong></span> <span class='ocrx_word' id='word_1_522' title='bbox 3100 2877 3153 2926; x_wconf 90' lang='lat' dir='ltr'><strong>te</strong></span> <span class='ocrx_word' id='word_1_523' title='bbox 3190 2886 3451 2942; x_wconf 87' lang='lat' dir='ltr'><strong>quoque,</strong></span> <span class='ocrx_word' id='word_1_524' title='bbox 3486 2875 3545 2929; x_wconf 87' lang='lat' dir='ltr'><strong>ut</strong></span> 
     </span>
    </p>
   </div>
   <div class='ocr_carea' id='block_1_75' title="bbox 1971 2961 2492 3021">
    <p class='ocr_par' dir='ltr' id='par_1_75' title="bbox 1971 2961 2492 3021">
     <span class='ocr_line' id='line_1_77' title="bbox 1971 2961 2492 3021; baseline 0.002 -1"><span class='ocrx_word' id='word_1_525' title='bbox 1971 2964 2099 3020; x_wconf 88' lang='lat' dir='ltr'><strong>vina</strong></span> <span class='ocrx_word' id='word_1_526' title='bbox 2122 2962 2229 3019; x_wconf 88' lang='lat' dir='ltr'><strong>illis</strong></span> <span class='ocrx_word' id='word_1_527' title='bbox 2262 2961 2492 3021; x_wconf 78' lang='lat' dir='ltr'><strong>foderis.</strong></span> 
     </span>
    </p>
   </div>
   <div class='ocr_carea' id='block_1_76' title="bbox 2116 3073 3194 3146">
    <p class='ocr_par' dir='ltr' id='par_1_76' title="bbox 2116 3073 3194 3146">
     <span class='ocr_line' id='line_1_78' title="bbox 2116 3073 3194 3146; baseline 0.001 -17"><span class='ocrx_word' id='word_1_528' title='bbox 2116 3073 2238 3146; x_wconf 62' lang='lat' dir='ltr'><strong>[the</strong></span> <span class='ocrx_word' id='word_1_529' title='bbox 2260 3085 2435 3130; x_wconf 81' lang='lat' dir='ltr'><strong>autem</strong></span> <span class='ocrx_word' id='word_1_530' title='bbox 2461 3076 2655 3145; x_wconf 79' lang='lat' dir='ltr'><strong>pateris</strong></span> <span class='ocrx_word' id='word_1_531' title='bbox 2681 3075 2958 3146; x_wconf 81' lang='lat' dir='ltr'><strong>genialiter</strong></span> <span class='ocrx_word' id='word_1_532' title='bbox 2982 3076 3159 3130; x_wconf 80' lang='lat' dir='ltr'><strong>aureis</strong></span> <span class='ocrx_word' id='word_1_533' title='bbox 3177 3113 3194 3140; x_wconf 88' lang='lat'><strong>,</strong></span> 
     </span>
    </p>
   </div>
   <div class='ocr_carea' id='block_1_77' title="bbox 2121 3145 3260 3201">
    <p class='ocr_par' dir='ltr' id='par_1_77' title="bbox 2121 3145 3260 3201">
     <span class='ocr_line' id='line_1_79' title="bbox 2121 3145 3260 3201; baseline 0.001 -1"><span class='ocrx_word' id='word_1_534' title='bbox 2121 3145 2188 3200; x_wconf 88' lang='lat' dir='ltr'><strong>Ut</strong></span> <span class='ocrx_word' id='word_1_535' title='bbox 2220 3162 2275 3200; x_wconf 77' lang='lat' dir='ltr'><strong>se</strong></span> <span class='ocrx_word' id='word_1_536' title='bbox 2295 3146 2571 3201; x_wconf 70' lang='lat' dir='ltr'><strong>inuitarint</strong></span> <span class='ocrx_word' id='word_1_537' title='bbox 2593 3145 2761 3201; x_wconf 73' lang='lat' dir='ltr'><strong>oculis</strong></span> <span class='ocrx_word' id='word_1_538' title='bbox 2785 3145 2852 3200; x_wconf 86' lang='lat' dir='ltr'><strong>ad</strong></span> <span class='ocrx_word' id='word_1_539' title='bbox 2870 3145 3048 3200; x_wconf 77' lang='lat' dir='ltr'><strong>sidera</strong></span> <span class='ocrx_word' id='word_1_540' title='bbox 3077 3147 3260 3201; x_wconf 78' lang='lat' dir='ltr'><strong>versis.</strong></span> 
     </span>
    </p>
   </div>
   <div class='ocr_carea' id='block_1_78' title="bbox 2044 3259 3540 3334">
    <p class='ocr_par' dir='ltr' id='par_1_78' title="bbox 2044 3259 3540 3334">
     <span class='ocr_line' id='line_1_80' title="bbox 2044 3259 3540 3334; baseline 0.001 -18"><span class='ocrx_word' id='word_1_541' title='bbox 2044 3259 2247 3316; x_wconf 83' lang='lat' dir='ltr'><strong>GREG.</strong></span> <span class='ocrx_word' id='word_1_542' title='bbox 2280 3259 2353 3317; x_wconf 87' lang='lat' dir='ltr'><strong>Ut</strong></span> <span class='ocrx_word' id='word_1_543' title='bbox 2370 3274 2586 3333; x_wconf 87' lang='lat' dir='ltr'><strong>semper</strong></span> <span class='ocrx_word' id='word_1_544' title='bbox 2602 3262 2657 3316; x_wconf 92' lang='lat' dir='ltr'><strong>in</strong></span> <span class='ocrx_word' id='word_1_545' title='bbox 2688 3262 2977 3334; x_wconf 88' lang='lat' dir='ltr'><strong>colloquiis</strong></span> <span class='ocrx_word' id='word_1_546' title='bbox 3000 3262 3153 3317; x_wconf 84' lang='lat' dir='ltr'><strong>valde</strong></span> <span class='ocrx_word' id='word_1_547' title='bbox 3178 3261 3323 3317; x_wconf 89' lang='lat' dir='ltr'><strong>aeris</strong></span> <span class='ocrx_word' id='word_1_548' title='bbox 3348 3277 3540 3333; x_wconf 75' lang='lat' dir='ltr'><strong>aggre-</strong></span> 
     </span>
    </p>
   </div>
   <div class='ocr_carea' id='block_1_79' title="bbox 1974 3397 3538 3472">
    <p class='ocr_par' dir='ltr' id='par_1_79' title="bbox 1974 3397 3538 3472">
     <span class='ocr_line' id='line_1_81' title="bbox 1974 3397 3538 3472; baseline 0.001 -19"><span class='ocrx_word' id='word_1_549' title='bbox 1974 3399 2282 3472; x_wconf 72' lang='lat' dir='ltr'><strong>loquentem</strong></span> <span class='ocrx_word' id='word_1_550' title='bbox 2336 3399 2567 3472; x_wconf 85' lang='lat' dir='ltr'><strong>inducit,</strong></span> <span class='ocrx_word' id='word_1_551' title='bbox 2624 3415 2757 3469; x_wconf 65' lang='lat' dir='ltr'><strong>quae.</strong></span> <span class='ocrx_word' id='word_1_552' title='bbox 2798 3398 3095 3472; x_wconf 81' lang='grc' dir='ltr'>φιλομαθίᾳ</span> <span class='ocrx_word' id='word_1_553' title='bbox 3143 3397 3317 3469; x_wconf 81' lang='lat' dir='ltr'><strong>magis</strong></span> <span class='ocrx_word' id='word_1_554' title='bbox 3360 3398 3538 3472; x_wconf 80' lang='lat' dir='ltr'><strong>virum</strong></span> 
     </span>
    </p>
   </div>
   <div class='ocr_carea' id='block_1_80' title="bbox 1974 3469 3539 3540">
    <p class='ocr_par' dir='ltr' id='par_1_80' title="bbox 1974 3469 3539 3540">
     <span class='ocr_line' id='line_1_82' title="bbox 1974 3469 3539 3540; baseline -0.001 -16"><span class='ocrx_word' id='word_1_555' title='bbox 1974 3469 2252 3540; x_wconf 69' lang='lat' dir='ltr'><strong>praeferret</strong></span> <span class='ocrx_word' id='word_1_556' title='bbox 2307 3484 2368 3523; x_wconf 91' lang='lat' dir='ltr'><strong>ac</strong></span> <span class='ocrx_word' id='word_1_557' title='bbox 2407 3470 2684 3523; x_wconf 91' lang='lat' dir='ltr'><strong>alumnum</strong></span> <span class='ocrx_word' id='word_1_558' title='bbox 2740 3469 3194 3540; x_wconf 48' lang='lat' dir='ltr'><strong>sapientimz’qug</strong></span> <span class='ocrx_word' id='word_1_559' title='bbox 3216 3484 3379 3540; x_wconf 87' lang='lat' dir='ltr'><strong>sensu</strong></span> <span class='ocrx_word' id='word_1_560' title='bbox 3402 3469 3539 3522; x_wconf 83' lang='grc' dir='ltr'>ὑπο-</span> 
     </span>
    </p>
   </div>
   <div class='ocr_carea' id='block_1_81' title="bbox 1973 3537 3539 3612">
    <p class='ocr_par' dir='ltr' id='par_1_81' title="bbox 1973 3537 3539 3612">
     <span class='ocr_line' id='line_1_83' title="bbox 1973 3537 3539 3612; baseline 0 -19"><span class='ocrx_word' id='word_1_561' title='bbox 1973 3537 2280 3612; x_wconf 75' lang='grc' dir='ltr'>κοριστικόν</span> <span class='ocrx_word' id='word_1_562' title='bbox 2308 3540 2511 3612; x_wconf 85' lang='lat' dir='ltr'><strong>aliquid</strong></span> <span class='ocrx_word' id='word_1_563' title='bbox 2550 3555 2613 3612; x_wconf 87' lang='lat' dir='ltr'><strong>ea</strong></span> <span class='ocrx_word' id='word_1_564' title='bbox 2644 3555 2786 3612; x_wconf 76' lang='lat' dir='ltr'><strong>voce</strong></span> <span class='ocrx_word' id='word_1_565' title='bbox 2807 3537 3129 3612; x_wconf 30' lang='lat' dir='ltr'><strong>’denotetur‘.</strong></span> <span class='ocrx_word' id='word_1_566' title='bbox 3161 3537 3266 3612; x_wconf 83' lang='lat' dir='ltr'><strong>Sed</strong></span> <span class='ocrx_word' id='word_1_567' title='bbox 3319 3539 3539 3612; x_wconf 58' lang='lat' dir='ltr'><strong>incede-</strong></span> 
     </span>
    </p>
   </div>
   <div class='ocr_carea' id='block_1_82' title="bbox 1972 3607 3534 3679">
    <p class='ocr_par' dir='ltr' id='par_1_82' title="bbox 1972 3607 3534 3679">
     <span class='ocr_line' id='line_1_84' title="bbox 1972 3607 3534 3679; baseline -0.001 -15"><span class='ocrx_word' id='word_1_568' title='bbox 1972 3607 2147 3671; x_wconf 80' lang='lat' dir='ltr'><strong>viora,</strong></span> <span class='ocrx_word' id='word_1_569' title='bbox 2177 3624 2341 3679; x_wconf 88' lang='lat' dir='ltr'><strong>quam</strong></span> <span class='ocrx_word' id='word_1_570' title='bbox 2376 3607 2433 3663; x_wconf 84' lang='lat' dir='ltr'><strong>ut</strong></span> <span class='ocrx_word' id='word_1_571' title='bbox 2464 3611 2518 3664; x_wconf 89' lang='lat' dir='ltr'><strong>in</strong></span> <span class='ocrx_word' id='word_1_572' title='bbox 2549 3611 2628 3665; x_wconf 91' lang='lat' dir='ltr'><strong>eis</strong></span> <span class='ocrx_word' id='word_1_573' title='bbox 2653 3608 2858 3665; x_wconf 88' lang='lat' dir='ltr'><strong>diutius</strong></span> <span class='ocrx_word' id='word_1_574' title='bbox 2884 3609 3280 3679; x_wconf 77' lang='lat' dir='ltr'><strong>immorandum</strong></span> <span class='ocrx_word' id='word_1_575' title='bbox 3305 3609 3397 3679; x_wconf 88' lang='lat' dir='ltr'><strong>sit.</strong></span> <span class='ocrx_word' id='word_1_576' title='bbox 3420 3607 3534 3662; x_wconf 82' lang='lat' dir='ltr'><strong>Hoc</strong></span> 
     </span>
    </p>
   </div>
   <div class='ocr_carea' id='block_1_83' title="bbox 1973 3677 3534 3739">
    <p class='ocr_par' dir='ltr' id='par_1_83' title="bbox 1973 3677 3534 3739">
     <span class='ocr_line' id='line_1_85' title="bbox 1973 3677 3534 3739; baseline -0.001 -7"><span class='ocrx_word' id='word_1_577' title='bbox 1973 3688 2154 3735; x_wconf 91' lang='lat' dir='ltr'><strong>tamen</strong></span> <span class='ocrx_word' id='word_1_578' title='bbox 2180 3677 2485 3736; x_wconf 80' lang='lat' dir='ltr'><strong>existimem</strong></span> <span class='ocrx_word' id='word_1_579' title='bbox 2511 3679 2860 3739; x_wconf 76' lang='lat' dir='ltr'><strong>Metliodium.</strong></span> <span class='ocrx_word' id='word_1_580' title='bbox 2881 3680 3056 3733; x_wconf 91' lang='lat' dir='ltr'><strong>virum</strong></span> <span class='ocrx_word' id='word_1_581' title='bbox 3084 3677 3534 3739; x_wconf 85' lang='lat' dir='ltr'><strong>ecclesiasticum,</strong></span> 
     </span>
    </p>
   </div>
   <div class='ocr_carea' id='block_1_84' title="bbox 1974 3749 3538 3820">
    <p class='ocr_par' dir='ltr' id='par_1_84' title="bbox 1974 3749 3538 3820">
     <span class='ocr_line' id='line_1_86' title="bbox 1974 3749 3538 3820; baseline -0.001 -17"><span class='ocrx_word' id='word_1_582' title='bbox 1974 3751 2147 3820; x_wconf 80' lang='lat' dir='ltr'><strong>magis</strong></span> <span class='ocrx_word' id='word_1_583' title='bbox 2178 3766 2429 3806; x_wconf 86' lang='lat' dir='ltr'><strong>versasse</strong></span> <span class='ocrx_word' id='word_1_584' title='bbox 2460 3752 2640 3820; x_wconf 85' lang='lat' dir='ltr'><strong>animo</strong></span> <span class='ocrx_word' id='word_1_585' title='bbox 2668 3749 3006 3820; x_wconf 78' lang='lat' dir='ltr'><strong>evangelicas</strong></span> <span class='ocrx_word' id='word_1_586' title='bbox 3043 3762 3204 3820; x_wconf 82' lang='lat' dir='ltr'><strong>voces</strong></span> <span class='ocrx_word' id='word_1_587' title='bbox 3232 3753 3286 3820; x_wconf 81' lang='lat' dir='ltr'><strong>et</strong></span> <span class='ocrx_word' id='word_1_588' title='bbox 3317 3755 3538 3820; x_wconf 81' lang='lat' dir='ltr'><strong>apnsto-</strong></span> 
     </span>
    </p>
   </div>
   <div class='ocr_carea' id='block_1_85' title="bbox 1972 3816 3534 3889">
    <p class='ocr_par' dir='ltr' id='par_1_85' title="bbox 1972 3816 3534 3889">
     <span class='ocr_line' id='line_1_87' title="bbox 1972 3816 3534 3889; baseline -0.001 -18"><span class='ocrx_word' id='word_1_589' title='bbox 1972 3816 2127 3884; x_wconf 71' lang='lat' dir='ltr'><strong>lieas,</strong></span> <span class='ocrx_word' id='word_1_590' title='bbox 2157 3835 2223 3874; x_wconf 88' lang='lat' dir='ltr'><strong>ex</strong></span> <span class='ocrx_word' id='word_1_591' title='bbox 2251 3822 2448 3889; x_wconf 83' lang='lat' dir='ltr'><strong>quibus</strong></span> <span class='ocrx_word' id='word_1_592' title='bbox 2475 3827 2528 3875; x_wconf 93' lang='lat' dir='ltr'><strong>et</strong></span> <span class='ocrx_word' id='word_1_593' title='bbox 2556 3816 2835 3873; x_wconf 84' lang='lat' dir='ltr'><strong>denarium</strong></span> <span class='ocrx_word' id='word_1_594' title='bbox 2868 3818 3136 3889; x_wconf 79' lang='lat' dir='ltr'><strong>virginum</strong></span> <span class='ocrx_word' id='word_1_595' title='bbox 3180 3816 3448 3889; x_wconf 80' lang='lat' dir='ltr'><strong>habuerit,</strong></span> <span class='ocrx_word' id='word_1_596' title='bbox 3477 3823 3534 3871; x_wconf 89' lang='lat' dir='ltr'><strong>et</strong></span> 
     </span>
    </p>
   </div>
   <div class='ocr_carea' id='block_1_86' title="bbox 1974 3884 3534 3947">
    <p class='ocr_par' dir='ltr' id='par_1_86' title="bbox 1974 3884 3534 3947">
     <span class='ocr_line' id='line_1_88' title="bbox 1974 3884 3534 3947; baseline -0.001 -5"><span class='ocrx_word' id='word_1_597' title='bbox 1974 3904 2081 3943; x_wconf 92' lang='lat' dir='ltr'><strong>non</strong></span> <span class='ocrx_word' id='word_1_598' title='bbox 2105 3904 2227 3944; x_wconf 89' lang='lat' dir='ltr'><strong>esse</strong></span> <span class='ocrx_word' id='word_1_599' title='bbox 2255 3884 2308 3942; x_wconf 80' lang='lat' dir='ltr'><strong>in</strong></span> <span class='ocrx_word' id='word_1_600' title='bbox 2338 3890 2418 3944; x_wconf 88' lang='lat' dir='ltr'><strong>eis</strong></span> <span class='ocrx_word' id='word_1_601' title='bbox 2466 3889 2767 3944; x_wconf 87' lang='lat' dir='ltr'><strong>masculum</strong></span> <span class='ocrx_word' id='word_1_602' title='bbox 2811 3895 2864 3942; x_wconf 91' lang='lat' dir='ltr'><strong>et</strong></span> <span class='ocrx_word' id='word_1_603' title='bbox 2895 3884 3168 3947; x_wconf 83' lang='lat' dir='ltr'><strong>feminam,</strong></span> <span class='ocrx_word' id='word_1_604' title='bbox 3211 3884 3303 3939; x_wconf 92' lang='lat' dir='ltr'><strong>sed</strong></span> <span class='ocrx_word' id='word_1_605' title='bbox 3338 3901 3534 3941; x_wconf 89' lang='lat' dir='ltr'><strong>novam</strong></span> 
     </span>
    </p>
   </div>
   <div class='ocr_carea' id='block_1_87' title="bbox 1973 3953 3532 4027">
    <p class='ocr_par' dir='ltr' id='par_1_87' title="bbox 1973 3953 3532 4027">
     <span class='ocr_line' id='line_1_89' title="bbox 1973 3953 3532 4027; baseline -0.003 -15"><span class='ocrx_word' id='word_1_606' title='bbox 1973 3959 2028 4012; x_wconf 90' lang='lat' dir='ltr'><strong>in</strong></span> <span class='ocrx_word' id='word_1_607' title='bbox 2050 3958 2269 4013; x_wconf 86' lang='lat' dir='ltr'><strong>Christo</strong></span> <span class='ocrx_word' id='word_1_608' title='bbox 2290 3967 2621 4025; x_wconf 86' lang='lat' dir='ltr'><strong>creaturam,</strong></span> <span class='ocrx_word' id='word_1_609' title='bbox 2649 3973 2808 4027; x_wconf 89' lang='lat' dir='ltr'><strong>quam</strong></span> <span class='ocrx_word' id='word_1_610' title='bbox 2856 3957 3163 4027; x_wconf 83' lang='lat' dir='ltr'><strong>convivium</strong></span> <span class='ocrx_word' id='word_1_611' title='bbox 3191 3953 3532 4027; x_wconf 76' lang='lat' dir='ltr'><strong>Socraticum</strong></span> 
     </span>
    </p>
   </div>
   <div class='ocr_carea' id='block_1_88' title="bbox 1973 4025 3538 4098">
    <p class='ocr_par' dir='ltr' id='par_1_88' title="bbox 1973 4025 3538 4098">
     <span class='ocr_line' id='line_1_90' title="bbox 1973 4025 3538 4098; baseline -0.001 -16"><span class='ocrx_word' id='word_1_612' title='bbox 1973 4029 2116 4098; x_wconf 83' lang='lat' dir='ltr'><strong>apud</strong></span> <span class='ocrx_word' id='word_1_613' title='bbox 2143 4026 2419 4081; x_wconf 87' lang='lat' dir='ltr'><strong>Platonem</strong></span> <span class='ocrx_word' id='word_1_614' title='bbox 2448 4046 2464 4094; x_wconf 89' lang='lat'><strong>;</strong></span> <span class='ocrx_word' id='word_1_615' title='bbox 2494 4025 2728 4096; x_wconf 80' lang='lat' dir='ltr'><strong>hincque</strong></span> <span class='ocrx_word' id='word_1_616' title='bbox 2761 4026 3018 4081; x_wconf 78' lang='lat' dir='ltr'><strong>feminino</strong></span> <span class='ocrx_word' id='word_1_617' title='bbox 3056 4025 3300 4098; x_wconf 73' lang='lat' dir='ltr'><strong>proclive</strong></span> <span class='ocrx_word' id='word_1_618' title='bbox 3320 4042 3538 4098; x_wconf 89' lang='lat' dir='ltr'><strong>mascu-</strong></span> 
     </span>
    </p>
   </div>
   <div class='ocr_carea' id='block_1_89' title="bbox 1972 4095 3535 4166">
    <p class='ocr_par' dir='ltr' id='par_1_89' title="bbox 1972 4095 3535 4166">
     <span class='ocr_line' id='line_1_91' title="bbox 1972 4095 3535 4166; baseline 0 -14"><span class='ocrx_word' id='word_1_619' title='bbox 1972 4095 2143 4152; x_wconf 83' lang='lat' dir='ltr'><strong>linum</strong></span> <span class='ocrx_word' id='word_1_620' title='bbox 2168 4098 2416 4166; x_wconf 74' lang='lat' dir='ltr'><strong>junxisse</strong></span> <span class='ocrx_word' id='word_1_621' title='bbox 2437 4100 2489 4152; x_wconf 89' lang='lat' dir='ltr'><strong>in</strong></span> <span class='ocrx_word' id='word_1_622' title='bbox 2523 4095 2828 4159; x_wconf 78' lang='grc' dir='ltr'>Εὐϐούλιον,</span> <span class='ocrx_word' id='word_1_623' title='bbox 2861 4107 2913 4150; x_wconf 80' lang='lat' dir='ltr'><strong>et</strong></span> <span class='ocrx_word' id='word_1_624' title='bbox 2942 4113 3046 4166; x_wconf 89' lang='lat' dir='ltr'><strong>qua</strong></span> <span class='ocrx_word' id='word_1_625' title='bbox 3076 4096 3242 4164; x_wconf 85' lang='lat' dir='ltr'><strong>hujus</strong></span> <span class='ocrx_word' id='word_1_626' title='bbox 3270 4095 3535 4152; x_wconf 87' lang='lat' dir='ltr'><strong>dramatis</strong></span> 
     </span>
    </p>
   </div>
   <div class='ocr_carea' id='block_1_90' title="bbox 1973 4166 3535 4237">
    <p class='ocr_par' dir='ltr' id='par_1_90' title="bbox 1973 4166 3535 4237">
     <span class='ocr_line' id='line_1_92' title="bbox 1973 4166 3535 4237; baseline -0.002 -14"><span class='ocrx_word' id='word_1_627' title='bbox 1973 4171 2147 4237; x_wconf 88' lang='lat' dir='ltr'><strong>prima</strong></span> <span class='ocrx_word' id='word_1_628' title='bbox 2180 4169 2577 4237; x_wconf 83' lang='lat' dir='ltr'><strong>interloquente</strong></span> <span class='ocrx_word' id='word_1_629' title='bbox 2594 4182 2845 4237; x_wconf 81' lang='lat' dir='ltr'><strong>persona.</strong></span> <span class='ocrx_word' id='word_1_630' title='bbox 2870 4166 3085 4220; x_wconf 87' lang='lat' dir='ltr'><strong>Euhulii</strong></span> <span class='ocrx_word' id='word_1_631' title='bbox 3106 4181 3302 4221; x_wconf 87' lang='lat' dir='ltr'><strong>nomen</strong></span> <span class='ocrx_word' id='word_1_632' title='bbox 3327 4166 3535 4237; x_wconf 82' lang='lat' dir='ltr'><strong>Metho-</strong></span> 
     </span>
    </p>
   </div>
   <div class='ocr_carea' id='block_1_91' title="bbox 1974 4236 3532 4306">
    <p class='ocr_par' dir='ltr' id='par_1_91' title="bbox 1974 4236 3532 4306">
     <span class='ocr_line' id='line_1_93' title="bbox 1974 4236 3532 4306; baseline -0.003 -14"><span class='ocrx_word' id='word_1_633' title='bbox 1974 4236 2065 4293; x_wconf 85' lang='lat' dir='ltr'><strong>dio</strong></span> <span class='ocrx_word' id='word_1_634' title='bbox 2114 4238 2339 4293; x_wconf 63' lang='lat' dir='ltr'><strong>haesisse</strong></span> <span class='ocrx_word' id='word_1_635' title='bbox 2376 4236 2558 4306; x_wconf 85' lang='lat' dir='ltr'><strong>potius</strong></span> <span class='ocrx_word' id='word_1_636' title='bbox 2585 4236 2851 4298; x_wconf 81' lang='lat' dir='ltr'><strong>videatur,</strong></span> <span class='ocrx_word' id='word_1_637' title='bbox 2905 4252 3066 4306; x_wconf 88' lang='lat' dir='ltr'><strong>quam</strong></span> <span class='ocrx_word' id='word_1_638' title='bbox 3100 4237 3395 4290; x_wconf 86' lang='lat' dir='ltr'><strong>binomium</strong></span> <span class='ocrx_word' id='word_1_639' title='bbox 3419 4236 3532 4306; x_wconf 87' lang='lat' dir='ltr'><strong>jam</strong></span> 
     </span>
    </p>
   </div>
   <div class='ocr_carea' id='block_1_92' title="bbox 1971 4305 3536 4378">
    <p class='ocr_par' dir='ltr' id='par_1_92' title="bbox 1971 4305 3536 4378">
     <span class='ocr_line' id='line_1_94' title="bbox 1971 4305 3536 4378; baseline -0.003 -16"><span class='ocrx_word' id='word_1_640' title='bbox 1971 4309 2127 4364; x_wconf 91' lang='lat' dir='ltr'><strong>initio</strong></span> <span class='ocrx_word' id='word_1_641' title='bbox 2157 4309 2341 4365; x_wconf 77' lang='lat' dir='ltr'><strong>fuisse.</strong></span> <span class='ocrx_word' id='word_1_642' title='bbox 2368 4305 2593 4378; x_wconf 74' lang='lat' dir='ltr'><strong>Luparze</strong></span> <span class='ocrx_word' id='word_1_643' title='bbox 2618 4309 2803 4363; x_wconf 84' lang='lat' dir='ltr'><strong>titulus</strong></span> <span class='ocrx_word' id='word_1_644' title='bbox 2835 4305 2949 4376; x_wconf 84' lang='lat' dir='ltr'><strong>ipse</strong></span> <span class='ocrx_word' id='word_1_645' title='bbox 2976 4307 3305 4378; x_wconf 82' lang='lat' dir='ltr'><strong>diminutus:</strong></span> <span class='ocrx_word' id='word_1_646' title='bbox 3331 4305 3536 4375; x_wconf 83' lang='lat' dir='ltr'><strong>placuit</strong></span> 
     </span>
    </p>
   </div>
   <div class='ocr_carea' id='block_1_93' title="bbox 297 4371 3229 4448">
    <p class='ocr_par' dir='ltr' id='par_1_93' title="bbox 297 4371 3229 4448">
     <span class='ocr_line' id='line_1_95' title="bbox 297 4371 3229 4448; baseline 0.002 -19"><span class='ocrx_word' id='word_1_647' title='bbox 297 4371 905 4448; x_wconf 61' lang='lat' dir='ltr'><strong>lethodio_scriptnm,</strong></span> <span class='ocrx_word' id='word_1_648' title='bbox 942 4383 1196 4448; x_wconf 63' lang='lat' dir='ltr'><strong>caeterum</strong></span> <span class='ocrx_word' id='word_1_649' title='bbox 1249 4388 1317 4427; x_wconf 84' lang='lat' dir='ltr'><strong>ex</strong></span> <span class='ocrx_word' id='word_1_650' title='bbox 1364 4372 1715 4448; x_wconf 75' lang='lat' dir='ltr'><strong>similitudine</strong></span> <span class='ocrx_word' id='word_1_651' title='bbox 1762 4388 1863 4448; x_wconf 57' lang='lat' dir='ltr'><strong>uo-</strong></span> <span class='ocrx_word' id='word_1_652' title='bbox 1895 4371 1937 4425; x_wconf 85' lang='grc' dir='ltr'><strong>Ι)</strong></span> <span class='ocrx_word' id='word_1_653' title='bbox 1963 4380 2288 4443; x_wconf 79' lang='lat' dir='ltr'><strong>Allatianus,</strong></span> <span class='ocrx_word' id='word_1_654' title='bbox 2317 4371 2465 4448; x_wconf 83' lang='lat' dir='ltr'><strong>apud</strong></span> <span class='ocrx_word' id='word_1_655' title='bbox 2475 4395 2631 4448; x_wconf 90' lang='lat' dir='ltr'><strong>quem</strong></span> <span class='ocrx_word' id='word_1_656' title='bbox 2658 4380 2792 4433; x_wconf 67' lang='lat' dir='ltr'><strong>alios</strong></span> <span class='ocrx_word' id='word_1_657' title='bbox 2821 4371 2959 4433; x_wconf 81' lang='lat' dir='ltr'><strong>vide.</strong></span> <span class='ocrx_word' id='word_1_658' title='bbox 2979 4377 3229 4448; x_wconf 62' lang='grc' dir='ltr'>βοηθεῖ.</span> 
     </span>
    </p>
   </div>
   <div class='ocr_carea' id='block_1_94' title="bbox 300 4441 1863 4514">
    <p class='ocr_par' dir='ltr' id='par_1_94' title="bbox 300 4441 1863 4514">
     <span class='ocr_line' id='line_1_96' title="bbox 300 4441 1863 4514; baseline -0.002 -15"><span class='ocrx_word' id='word_1_659' title='bbox 300 4444 510 4511; x_wconf 84' lang='lat' dir='ltr'><strong>minis,</strong></span> <span class='ocrx_word' id='word_1_660' title='bbox 576 4443 893 4514; x_wconf 80' lang='grc' dir='ltr'>Γρηγόριον,</span> <span class='ocrx_word' id='word_1_661' title='bbox 949 4441 1163 4514; x_wconf 78' lang='lat' dir='ltr'><strong>errandi</strong></span> <span class='ocrx_word' id='word_1_662' title='bbox 1222 4444 1564 4514; x_wconf 89' lang='lat' dir='ltr'><strong>occasionem</strong></span> <span class='ocrx_word' id='word_1_663' title='bbox 1624 4443 1863 4514; x_wconf 85' lang='lat' dir='ltr'><strong>librariis</strong></span> 
     </span>
    </p>
   </div>
   <div class='ocr_carea' id='block_1_95' title="bbox 293 4512 1861 4583">
    <p class='ocr_par' dir='ltr' id='par_1_95' title="bbox 293 4512 1861 4583">
     <span class='ocr_line' id='line_1_97' title="bbox 293 4512 1861 4583; baseline -0.003 -13"><span class='ocrx_word' id='word_1_664' title='bbox 293 4516 559 4570; x_wconf 80' lang='lat' dir='ltr'><strong>oblatam.</strong></span> <span class='ocrx_word' id='word_1_665' title='bbox 589 4512 769 4579; x_wconf 85' lang='lat' dir='ltr'><strong>Cujus</strong></span> <span class='ocrx_word' id='word_1_666' title='bbox 808 4513 1081 4583; x_wconf 84' lang='lat' dir='ltr'><strong>opinionis</strong></span> <span class='ocrx_word' id='word_1_667' title='bbox 1112 4514 1167 4583; x_wconf 87' lang='lat' dir='ltr'><strong>in</strong></span> <span class='ocrx_word' id='word_1_668' title='bbox 1202 4512 1665 4583; x_wconf 78' lang='lat' dir='ltr'><strong>conﬁrmationem</strong></span> <span class='ocrx_word' id='word_1_669' title='bbox 1688 4513 1861 4566; x_wconf 87' lang='lat' dir='ltr'><strong>trahi-</strong></span> 
     </span>
    </p>
   </div>
   <div class='ocr_carea' id='block_1_96' title="bbox 286 4582 1865 4653">
    <p class='ocr_par' dir='ltr' id='par_1_96' title="bbox 286 4582 1865 4653">
     <span class='ocr_line' id='line_1_98' title="bbox 286 4582 1865 4653; baseline -0.004 -11"><span class='ocrx_word' id='word_1_670' title='bbox 286 4601 426 4642; x_wconf 87' lang='lat' dir='ltr'><strong>mus</strong></span> <span class='ocrx_word' id='word_1_671' title='bbox 447 4585 591 4653; x_wconf 91' lang='lat' dir='ltr'><strong>quod</strong></span> <span class='ocrx_word' id='word_1_672' title='bbox 639 4584 708 4637; x_wconf 90' lang='lat' dir='ltr'><strong>ab</strong></span> <span class='ocrx_word' id='word_1_673' title='bbox 738 4582 1037 4653; x_wconf 78' lang='lat' dir='ltr'><strong>Epiphanio</strong></span> <span class='ocrx_word' id='word_1_674' title='bbox 1074 4582 1220 4638; x_wconf 72' lang='lat' dir='ltr'><strong>Ilwr.</strong></span> <span class='ocrx_word' id='word_1_675' title='bbox 1248 4599 1394 4648; x_wconf 77' lang='lat' dir='ltr'><strong>LXIV,</strong></span> <span class='ocrx_word' id='word_1_676' title='bbox 1437 4582 1693 4653; x_wconf 77' lang='lat' dir='ltr'><strong>Eubulius</strong></span> <span class='ocrx_word' id='word_1_677' title='bbox 1730 4583 1865 4637; x_wconf 82' lang='lat' dir='ltr'><strong>alte-</strong></span> 
     </span>
    </p>
   </div>
   <div class='ocr_carea' id='block_1_97' title="bbox 288 4652 1862 4710">
    <p class='ocr_par' dir='ltr' id='par_1_97' title="bbox 288 4652 1862 4710">
     <span class='ocr_line' id='line_1_99' title="bbox 288 4652 1862 4710; baseline -0.003 0"><span class='ocrx_word' id='word_1_678' title='bbox 288 4671 424 4710; x_wconf 82' lang='lat' dir='ltr'><strong>rum</strong></span> <span class='ocrx_word' id='word_1_679' title='bbox 455 4652 655 4708; x_wconf 83' lang='lat' dir='ltr'><strong>nomen</strong></span> <span class='ocrx_word' id='word_1_680' title='bbox 689 4652 961 4708; x_wconf 78' lang='lat' dir='ltr'><strong>Methodio</strong></span> <span class='ocrx_word' id='word_1_681' title='bbox 990 4655 1244 4708; x_wconf 87' lang='lat' dir='ltr'><strong>tribuitur</strong></span> <span class='ocrx_word' id='word_1_682' title='bbox 1269 4672 1281 4708; x_wconf 90' lang='lat'><strong>:</strong></span> <span class='ocrx_word' id='word_1_683' title='bbox 1319 4655 1432 4709; x_wconf 88' lang='lat' dir='ltr'><strong>sive</strong></span> <span class='ocrx_word' id='word_1_684' title='bbox 1458 4652 1511 4706; x_wconf 91' lang='lat' dir='ltr'><strong>id</strong></span> <span class='ocrx_word' id='word_1_685' title='bbox 1535 4653 1775 4708; x_wconf 88' lang='lat' dir='ltr'><strong>evenerit</strong></span> <span class='ocrx_word' id='word_1_686' title='bbox 1795 4668 1862 4706; x_wconf 84' lang='lat' dir='ltr'><strong>ex</strong></span> 
     </span>
    </p>
   </div>
   <div class='ocr_carea' id='block_1_98' title="bbox 286 4722 1859 4794">
    <p class='ocr_par' dir='ltr' id='par_1_98' title="bbox 286 4722 1859 4794">
     <span class='ocr_line' id='line_1_100' title="bbox 286 4722 1859 4794; baseline -0.003 -15"><span class='ocrx_word' id='word_1_687' title='bbox 286 4727 425 4779; x_wconf 84' lang='lat' dir='ltr'><strong>libri</strong></span> <span class='ocrx_word' id='word_1_688' title='bbox 459 4725 627 4791; x_wconf 87' lang='lat' dir='ltr'><strong>bn&#39;jus</strong></span> <span class='ocrx_word' id='word_1_689' title='bbox 660 4725 831 4794; x_wconf 90' lang='lat' dir='ltr'><strong>ipsius</strong></span> <span class='ocrx_word' id='word_1_690' title='bbox 860 4724 1195 4787; x_wconf 84' lang='lat' dir='ltr'><strong>celebritate,</strong></span> <span class='ocrx_word' id='word_1_691' title='bbox 1231 4739 1270 4794; x_wconf 10' lang='lat' dir='ltr'><strong>a7</strong></span> <span class='ocrx_word' id='word_1_692' title='bbox 1292 4724 1488 4794; x_wconf 86' lang='lat' dir='ltr'><strong>primo,</strong></span> <span class='ocrx_word' id='word_1_693' title='bbox 1522 4730 1579 4777; x_wconf 93' lang='lat' dir='ltr'><strong>ut</strong></span> <span class='ocrx_word' id='word_1_694' title='bbox 1611 4738 1752 4794; x_wconf 59' lang='lat' dir='ltr'><strong>saepe</strong></span> <span class='ocrx_word' id='word_1_695' title='bbox 1784 4722 1859 4786; x_wconf 78' lang='lat' dir='ltr'><strong>iit,</strong></span> 
     </span>
    </p>
   </div>
   <div class='ocr_carea' id='block_1_99' title="bbox 284 4792 1862 4858">
    <p class='ocr_par' dir='ltr' id='par_1_99' title="bbox 284 4792 1862 4858">
     <span class='ocr_line' id='line_1_101' title="bbox 284 4792 1862 4858; baseline -0.004 -7"><span class='ocrx_word' id='word_1_696' title='bbox 284 4795 566 4851; x_wconf 81' lang='lat' dir='ltr'><strong>vocabulo</strong></span> <span class='ocrx_word' id='word_1_697' title='bbox 595 4792 1088 4849; x_wconf 78' lang='lat' dir='ltr'><strong>denominationem</strong></span> <span class='ocrx_word' id='word_1_698' title='bbox 1134 4792 1309 4858; x_wconf 57' lang='lat' dir='ltr'><strong>nacti,</strong></span> <span class='ocrx_word' id='word_1_699' title='bbox 1347 4800 1400 4849; x_wconf 89' lang='lat' dir='ltr'><strong>et</strong></span> <span class='ocrx_word' id='word_1_700' title='bbox 1432 4808 1628 4848; x_wconf 90' lang='lat' dir='ltr'><strong>nomen</strong></span> <span class='ocrx_word' id='word_1_701' title='bbox 1657 4792 1862 4847; x_wconf 87' lang='lat' dir='ltr'><strong>adven-</strong></span> 
     </span>
    </p>
   </div>
   <div class='ocr_carea' id='block_1_100' title="bbox 284 4862 1864 4933">
    <p class='ocr_par' dir='ltr' id='par_1_100' title="bbox 284 4862 1864 4933">
     <span class='ocr_line' id='line_1_102' title="bbox 284 4862 1864 4933; baseline -0.002 -12"><span class='ocrx_word' id='word_1_702' title='bbox 284 4867 501 4922; x_wconf 87' lang='lat' dir='ltr'><strong>titium.</strong></span> <span class='ocrx_word' id='word_1_703' title='bbox 528 4866 746 4933; x_wconf 86' lang='lat' dir='ltr'><strong>proprio</strong></span> <span class='ocrx_word' id='word_1_704' title='bbox 771 4866 973 4927; x_wconf 88' lang='lat' dir='ltr'><strong>notius,</strong></span> <span class='ocrx_word' id='word_1_705' title='bbox 1010 4863 1215 4919; x_wconf 87' lang='lat' dir='ltr'><strong>auctori</strong></span> <span class='ocrx_word' id='word_1_706' title='bbox 1248 4863 1623 4926; x_wconf 87' lang='lat' dir='ltr'><strong>conciliantis,</strong></span> <span class='ocrx_word' id='word_1_707' title='bbox 1657 4871 1714 4917; x_wconf 92' lang='lat' dir='ltr'><strong>ut</strong></span> <span class='ocrx_word' id='word_1_708' title='bbox 1740 4862 1864 4918; x_wconf 79' lang='lat' dir='ltr'><strong>Cle-</strong></span> 
     </span>
    </p>
   </div>
   <div class='ocr_carea' id='block_1_101' title="bbox 284 4933 1867 5006">
    <p class='ocr_par' dir='ltr' id='par_1_101' title="bbox 284 4933 1867 5006">
     <span class='ocr_line' id='line_1_103' title="bbox 284 4933 1867 5006; baseline -0.001 -16"><span class='ocrx_word' id='word_1_709' title='bbox 284 4952 455 4990; x_wconf 80' lang='lat' dir='ltr'><strong>mens</strong></span> <span class='ocrx_word' id='word_1_710' title='bbox 492 4935 899 5006; x_wconf 78' lang='grc' dir='ltr'>Στρωματεύς,</span> <span class='ocrx_word' id='word_1_711' title='bbox 945 4942 1000 4990; x_wconf 90' lang='lat' dir='ltr'><strong>et</strong></span> <span class='ocrx_word' id='word_1_712' title='bbox 1028 4934 1322 5004; x_wconf 82' lang='lat' dir='ltr'><strong>Gregorius</strong></span> <span class='ocrx_word' id='word_1_713' title='bbox 1367 4933 1621 5006; x_wconf 65' lang='lat' dir='ltr'><strong>Dialogus</strong></span> <span class='ocrx_word' id='word_1_714' title='bbox 1667 4948 1867 5006; x_wconf 78' lang='lat' dir='ltr'><strong>cogno-</strong></span> 
     </span>
    </p>
   </div>
   <div class='ocr_carea' id='block_1_102' title="bbox 287 5004 1863 5072">
    <p class='ocr_par' dir='ltr' id='par_1_102' title="bbox 287 5004 1863 5072">
     <span class='ocr_line' id='line_1_104' title="bbox 287 5004 1863 5072; baseline -0.001 -13"><span class='ocrx_word' id='word_1_715' title='bbox 287 5007 490 5059; x_wconf 82' lang='lat' dir='ltr'><strong>minati</strong></span> <span class='ocrx_word' id='word_1_716' title='bbox 527 5004 698 5059; x_wconf 35' lang='lat' dir='ltr'><strong>sunt‘:</strong></span> <span class='ocrx_word' id='word_1_717' title='bbox 730 5009 846 5060; x_wconf 90' lang='lat' dir='ltr'><strong>sive</strong></span> <span class='ocrx_word' id='word_1_718' title='bbox 882 5004 993 5072; x_wconf 89' lang='lat' dir='ltr'><strong>jam</strong></span> <span class='ocrx_word' id='word_1_719' title='bbox 1023 5014 1181 5059; x_wconf 87' lang='lat' dir='ltr'><strong>antea</strong></span> <span class='ocrx_word' id='word_1_720' title='bbox 1228 5005 1525 5059; x_wconf 89' lang='lat' dir='ltr'><strong>binominis</strong></span> <span class='ocrx_word' id='word_1_721' title='bbox 1557 5004 1863 5060; x_wconf 83' lang='lat' dir='ltr'><strong>Methodius</strong></span> 
     </span>
    </p>
   </div>
   <div class='ocr_carea' id='block_1_103' title="bbox 285 5073 1863 5144">
    <p class='ocr_par' dir='ltr' id='par_1_103' title="bbox 285 5073 1863 5144">
     <span class='ocr_line' id='line_1_105' title="bbox 285 5073 1863 5144; baseline -0.003 -14"><span class='ocrx_word' id='word_1_722' title='bbox 285 5091 425 5130; x_wconf 77' lang='lat' dir='ltr'><strong>sese</strong></span> <span class='ocrx_word' id='word_1_723' title='bbox 468 5074 560 5129; x_wconf 83' lang='lat' dir='ltr'><strong>hic</strong></span> <span class='ocrx_word' id='word_1_724' title='bbox 614 5075 793 5129; x_wconf 90' lang='lat' dir='ltr'><strong>minus</strong></span> <span class='ocrx_word' id='word_1_725' title='bbox 836 5076 1035 5129; x_wconf 89' lang='lat' dir='ltr'><strong>usitato</strong></span> <span class='ocrx_word' id='word_1_726' title='bbox 1085 5075 1317 5144; x_wconf 71' lang='lat' dir='ltr'><strong>signavit</strong></span> <span class='ocrx_word' id='word_1_727' title='bbox 1369 5075 1605 5129; x_wconf 88' lang='lat' dir='ltr'><strong>nomine.</strong></span> <span class='ocrx_word' id='word_1_728' title='bbox 1652 5073 1863 5127; x_wconf 76' lang='grc' dir='ltr'>Εοιτοιι</span> 
     </span>
    </p>
   </div>
   <div class='ocr_carea' id='block_1_104' title="bbox 284 5143 1863 5210">
    <p class='ocr_par' dir='ltr' id='par_1_104' title="bbox 284 5143 1863 5210">
     <span class='ocr_line' id='line_1_106' title="bbox 284 5143 1863 5210; baseline 0 -11"><span class='ocrx_word' id='word_1_729' title='bbox 284 5144 510 5199; x_wconf 62' lang='lat' dir='ltr'><strong>Lemn.</strong></span> <span class='ocrx_word' id='word_1_730' title='bbox 534 5174 605 5186; x_wconf 89' lang='lat'><strong>--</strong></span> <span class='ocrx_word' id='word_1_731' title='bbox 636 5147 987 5200; x_wconf 79' lang='grc' dir='ltr'>Εὑϐοὐλιον.</span> <span class='ocrx_word' id='word_1_732' title='bbox 1032 5143 1122 5198; x_wconf 86' lang='lat' dir='ltr'><strong>Sic</strong></span> <span class='ocrx_word' id='word_1_733' title='bbox 1145 5143 1368 5198; x_wconf 17' lang='lat' dir='ltr'><strong>illabent</strong></span> <span class='ocrx_word' id='word_1_734' title='bbox 1397 5158 1584 5200; x_wconf 89' lang='lat' dir='ltr'><strong>omnes</strong></span> <span class='ocrx_word' id='word_1_735' title='bbox 1616 5145 1863 5210; x_wconf 86' lang='lat' dir='ltr'><strong>codices;</strong></span> 
     </span>
    </p>
   </div>
   <div class='ocr_carea' id='block_1_105' title="bbox 286 5213 1865 5286">
    <p class='ocr_par' dir='ltr' id='par_1_105' title="bbox 286 5213 1865 5286">
     <span class='ocr_line' id='line_1_107' title="bbox 286 5213 1865 5286; baseline -0.001 -18"><span class='ocrx_word' id='word_1_736' title='bbox 286 5214 534 5286; x_wconf 81' lang='lat' dir='ltr'><strong>proinde</strong></span> <span class='ocrx_word' id='word_1_737' title='bbox 559 5231 666 5270; x_wconf 90' lang='lat' dir='ltr'><strong>non</strong></span> <span class='ocrx_word' id='word_1_738' title='bbox 700 5215 859 5270; x_wconf 75' lang='lat' dir='ltr'><strong>facile</strong></span> <span class='ocrx_word' id='word_1_739' title='bbox 884 5216 1135 5283; x_wconf 86' lang='lat' dir='ltr'><strong>nudaque</strong></span> <span class='ocrx_word' id='word_1_740' title='bbox 1175 5215 1490 5286; x_wconf 80' lang='lat' dir='ltr'><strong>conjectura</strong></span> <span class='ocrx_word' id='word_1_741' title='bbox 1515 5230 1638 5269; x_wconf 91' lang='lat' dir='ltr'><strong>eum</strong></span> <span class='ocrx_word' id='word_1_742' title='bbox 1681 5213 1865 5270; x_wconf 82' lang='lat' dir='ltr'><strong>Possi-</strong></span> 
     </span>
    </p>
   </div>
   <div class='ocr_carea' id='block_1_106' title="bbox 286 5284 1863 5356">
    <p class='ocr_par' dir='ltr' id='par_1_106' title="bbox 286 5284 1863 5356">
     <span class='ocr_line' id='line_1_108' title="bbox 286 5284 1863 5356; baseline -0.003 -16"><span class='ocrx_word' id='word_1_743' title='bbox 286 5284 417 5346; x_wconf 73' lang='lat' dir='ltr'><strong>hic,</strong></span> <span class='ocrx_word' id='word_1_744' title='bbox 448 5286 567 5356; x_wconf 86' lang='lat' dir='ltr'><strong>sive</strong></span> <span class='ocrx_word' id='word_1_745' title='bbox 597 5287 804 5356; x_wconf 75' lang='lat' dir='ltr'><strong>coqui</strong></span> <span class='ocrx_word' id='word_1_746' title='bbox 849 5287 969 5354; x_wconf 89' lang='lat' dir='ltr'><strong>ejus</strong></span> <span class='ocrx_word' id='word_1_747' title='bbox 1001 5285 1221 5339; x_wconf 85' lang='lat' dir='ltr'><strong>editioni</strong></span> <span class='ocrx_word' id='word_1_748' title='bbox 1272 5284 1507 5354; x_wconf 68' lang='lat' dir='ltr'><strong>praefuit,</strong></span> <span class='ocrx_word' id='word_1_749' title='bbox 1545 5286 1863 5356; x_wconf 86' lang='lat' dir='ltr'><strong>mutandum</strong></span> 
     </span>
    </p>
   </div>
   <div class='ocr_carea' id='block_1_107' title="bbox 291 5354 1863 5424">
    <p class='ocr_par' dir='ltr' id='par_1_107' title="bbox 291 5354 1863 5424">
     <span class='ocr_line' id='line_1_109' title="bbox 291 5354 1863 5424; baseline -0.003 -15"><span class='ocrx_word' id='word_1_750' title='bbox 291 5355 616 5418; x_wconf 72' lang='grc' dir='ltr'>Εὐϐούλιος.</span> <span class='ocrx_word' id='word_1_751' title='bbox 656 5354 810 5422; x_wconf 84' lang='lat' dir='ltr'><strong>Quod</strong></span> <span class='ocrx_word' id='word_1_752' title='bbox 859 5364 1037 5409; x_wconf 89' lang='lat' dir='ltr'><strong>tamen</strong></span> <span class='ocrx_word' id='word_1_753' title='bbox 1084 5355 1637 5424; x_wconf 58' lang='lat' dir='ltr'><strong>passinrmasculino</strong></span> <span class='ocrx_word' id='word_1_754' title='bbox 1664 5354 1863 5424; x_wconf 79' lang='lat' dir='ltr'><strong>jungit,</strong></span> 
     </span>
    </p>
   </div>
   <div class='ocr_carea' id='block_1_108' title="bbox 286 5421 1864 5495">
    <p class='ocr_par' dir='ltr' id='par_1_108' title="bbox 286 5421 1864 5495">
     <span class='ocr_line' id='line_1_110' title="bbox 286 5421 1864 5495; baseline -0.001 -16"><span class='ocrx_word' id='word_1_755' title='bbox 286 5429 483 5481; x_wconf 70' lang='lat' dir='ltr'><strong>virum</strong></span> <span class='ocrx_word' id='word_1_756' title='bbox 509 5427 631 5494; x_wconf 88' lang='lat' dir='ltr'><strong>quis</strong></span> <span class='ocrx_word' id='word_1_757' title='bbox 659 5426 923 5495; x_wconf 78' lang='lat' dir='ltr'><strong>suspicari</strong></span> <span class='ocrx_word' id='word_1_758' title='bbox 946 5421 1136 5494; x_wconf 80' lang='lat' dir='ltr'><strong>possit.</strong></span> <span class='ocrx_word' id='word_1_759' title='bbox 1170 5427 1257 5479; x_wconf 92' lang='lat' dir='ltr'><strong>cui</strong></span> <span class='ocrx_word' id='word_1_760' title='bbox 1292 5421 1609 5495; x_wconf 77' lang='lat' dir='ltr'><strong>Gregorium</strong></span> <span class='ocrx_word' id='word_1_761' title='bbox 1632 5421 1747 5494; x_wconf 89' lang='lat' dir='ltr'><strong>ipsa</strong></span> <span class='ocrx_word' id='word_1_762' title='bbox 1770 5421 1864 5495; x_wconf 81' lang='lat' dir='ltr'><strong>Te-</strong></span> 
     </span>
    </p>
   </div>
   <div class='ocr_carea' id='block_1_109' title="bbox 288 5493 1865 5566">
    <p class='ocr_par' dir='ltr' id='par_1_109' title="bbox 288 5493 1865 5566">
     <span class='ocr_line' id='line_1_111' title="bbox 288 5493 1865 5566; baseline -0.001 -16"><span class='ocrx_word' id='word_1_763' title='bbox 288 5498 477 5560; x_wconf 78' lang='lat' dir='ltr'><strong>mina,</strong></span> <span class='ocrx_word' id='word_1_764' title='bbox 517 5493 715 5550; x_wconf 75' lang='lat' dir='ltr'><strong>referat</strong></span> <span class='ocrx_word' id='word_1_765' title='bbox 757 5493 902 5549; x_wconf 80' lang='lat' dir='ltr'><strong>dicta</strong></span> <span class='ocrx_word' id='word_1_766' title='bbox 932 5493 1381 5566; x_wconf 81' lang='lat' dir='ltr'><strong>virginum;eum</strong></span> <span class='ocrx_word' id='word_1_767' title='bbox 1410 5493 1511 5549; x_wconf 82' lang='lat' dir='ltr'><strong>illa</strong></span> <span class='ocrx_word' id='word_1_768' title='bbox 1553 5493 1865 5566; x_wconf 78' lang='lat' dir='ltr'><strong>terminatio</strong></span> 
     </span>
    </p>
   </div>
   <div class='ocr_carea' id='block_1_110' title="bbox 294 5562 1861 5634">
    <p class='ocr_par' dir='ltr' id='par_1_110' title="bbox 294 5562 1861 5634">
     <span class='ocr_line' id='line_1_112' title="bbox 294 5562 1861 5634; baseline 0.002 -16"><span class='ocrx_word' id='word_1_769' title='bbox 294 5566 564 5620; x_wconf 65' lang='lat' dir='ltr'><strong>feminam</strong></span> <span class='ocrx_word' id='word_1_770' title='bbox 629 5567 836 5631; x_wconf 84' lang='lat' dir='ltr'><strong>innuat,</strong></span> <span class='ocrx_word' id='word_1_771' title='bbox 886 5574 946 5620; x_wconf 91' lang='lat' dir='ltr'><strong>nt</strong></span> <span class='ocrx_word' id='word_1_772' title='bbox 984 5562 1038 5619; x_wconf 77' lang='lat' dir='ltr'><strong>iii</strong></span> <span class='ocrx_word' id='word_1_773' title='bbox 1066 5565 1342 5634; x_wconf 80' lang='lat' dir='ltr'><strong>Gregorio,</strong></span> <span class='ocrx_word' id='word_1_774' title='bbox 1402 5566 1481 5621; x_wconf 88' lang='lat' dir='ltr'><strong>sic</strong></span> <span class='ocrx_word' id='word_1_775' title='bbox 1524 5566 1577 5619; x_wconf 92' lang='lat' dir='ltr'><strong>in</strong></span> <span class='ocrx_word' id='word_1_776' title='bbox 1612 5562 1861 5621; x_wconf 76' lang='lat' dir='ltr'><strong>Enb&#39;nlio.</strong></span> 
     </span>
    </p>
   </div>
   <div class='ocr_carea' id='block_1_111' title="bbox 293 5634 1861 5703">
    <p class='ocr_par' dir='ltr' id='par_1_111' title="bbox 293 5634 1861 5703">
     <span class='ocr_line' id='line_1_113' title="bbox 293 5634 1861 5703; baseline 0.002 -17"><span class='ocrx_word' id='word_1_777' title='bbox 293 5634 439 5691; x_wconf 59' lang='lat' dir='ltr'><strong>Sam</strong></span> <span class='ocrx_word' id='word_1_778' title='bbox 498 5636 750 5693; x_wconf 85' lang='lat' dir='ltr'><strong>servandi</strong></span> <span class='ocrx_word' id='word_1_779' title='bbox 805 5635 1016 5691; x_wconf 87' lang='lat' dir='ltr'><strong>decoris</strong></span> <span class='ocrx_word' id='word_1_780' title='bbox 1066 5651 1251 5703; x_wconf 86' lang='lat' dir='ltr'><strong>causa,</strong></span> <span class='ocrx_word' id='word_1_781' title='bbox 1311 5636 1589 5691; x_wconf 89' lang='lat' dir='ltr'><strong>mulierem</strong></span> <span class='ocrx_word' id='word_1_782' title='bbox 1648 5634 1861 5691; x_wconf 73' lang='lat' dir='ltr'><strong>mulieri</strong></span> 
     </span>
    </p>
   </div>
   <div class='ocr_carea' id='block_1_112' title="bbox 2033 4444 3531 4521">
    <p class='ocr_par' dir='ltr' id='par_1_112' title="bbox 2033 4444 3531 4521">
     <span class='ocr_line' id='line_1_114' title="bbox 2033 4444 3531 4521; baseline -0.003 -19"><span class='ocrx_word' id='word_1_783' title='bbox 2033 4449 2119 4521; x_wconf 10' lang='lat'>(&#39;2),</span> <span class='ocrx_word' id='word_1_784' title='bbox 2145 4444 2591 4521; x_wconf 51' lang='lat' dir='ltr'><strong>Oiitchcirt&#39;wg.</strong></span> <span class='ocrx_word' id='word_1_785' title='bbox 2628 4449 2720 4503; x_wconf 88' lang='lat' dir='ltr'><strong>Sic</strong></span> <span class='ocrx_word' id='word_1_786' title='bbox 2773 4463 2843 4521; x_wconf 62' lang='lat' dir='ltr'><strong>ex</strong></span> <span class='ocrx_word' id='word_1_787' title='bbox 2870 4446 3179 4521; x_wconf 66' lang='lat' dir='ltr'><strong>conjectura</strong></span> <span class='ocrx_word' id='word_1_788' title='bbox 3223 4444 3531 4521; x_wconf 70' lang='lat' dir='ltr'><strong>restitntunt</strong></span> 
     </span>
    </p>
   </div>
   <div class='ocr_carea' id='block_1_113' title="bbox 1962 4515 3531 4585">
    <p class='ocr_par' dir='ltr' id='par_1_113' title="bbox 1962 4515 3531 4585">
     <span class='ocr_line' id='line_1_115' title="bbox 1962 4515 3531 4585; baseline -0.004 -10"><span class='ocrx_word' id='word_1_789' title='bbox 1962 4515 2067 4580; x_wconf 72' lang='lat' dir='ltr'><strong>est.</strong></span> <span class='ocrx_word' id='word_1_790' title='bbox 2091 4515 2230 4574; x_wconf 53' lang='lat' dir='ltr'><strong>&#39;loco</strong></span> <span class='ocrx_word' id='word_1_791' title='bbox 2268 4518 2421 4572; x_wconf 74' lang='grc' dir='ltr'>οὔπω</span> <span class='ocrx_word' id='word_1_792' title='bbox 2480 4520 2694 4583; x_wconf 81' lang='grc' dir='ltr'>πάντως</span> <span class='ocrx_word' id='word_1_793' title='bbox 2727 4518 2932 4571; x_wconf 85' lang='lat' dir='ltr'><strong>codicis</strong></span> <span class='ocrx_word' id='word_1_794' title='bbox 2981 4516 3122 4574; x_wconf 83' lang='lat' dir='ltr'><strong>Vat..</strong></span> <span class='ocrx_word' id='word_1_795' title='bbox 3146 4516 3290 4585; x_wconf 90' lang='lat' dir='ltr'><strong>quod</strong></span> <span class='ocrx_word' id='word_1_796' title='bbox 3317 4515 3531 4570; x_wconf 72' lang='lat' dir='ltr'><strong>difﬁcile</strong></span> 
     </span>
    </p>
   </div>
   <div class='ocr_carea' id='block_1_114' title="bbox 2006 4585 3532 4644">
    <p class='ocr_par' dir='ltr' id='par_1_114' title="bbox 2006 4585 3532 4644">
     <span class='ocr_line' id='line_1_116' title="bbox 2006 4585 3532 4644; baseline -0.003 0"><span class='ocrx_word' id='word_1_797' title='bbox 2006 4590 2198 4644; x_wconf 88' lang='lat' dir='ltr'><strong>uadrat</strong></span> <span class='ocrx_word' id='word_1_798' title='bbox 2221 4589 2273 4643; x_wconf 90' lang='lat' dir='ltr'><strong>in</strong></span> <span class='ocrx_word' id='word_1_799' title='bbox 2304 4590 2450 4643; x_wconf 90' lang='lat' dir='ltr'><strong>hunc</strong></span> <span class='ocrx_word' id='word_1_800' title='bbox 2497 4591 2695 4643; x_wconf 90' lang='lat' dir='ltr'><strong>locum.</strong></span> <span class='ocrx_word' id='word_1_801' title='bbox 2731 4587 3143 4641; x_wconf 80' lang='lat' dir='ltr'><strong>Hemistichium</strong></span> <span class='ocrx_word' id='word_1_802' title='bbox 3176 4585 3441 4640; x_wconf 82' lang='lat' dir='ltr'><strong>deﬂexum</strong></span> <span class='ocrx_word' id='word_1_803' title='bbox 3463 4600 3532 4639; x_wconf 79' lang='lat' dir='ltr'><strong>ex</strong></span> 
     </span>
    </p>
   </div>
   <div class='ocr_carea' id='block_1_115' title="bbox 2011 4655 3537 4783">
    <p class='ocr_par' dir='ltr' id='par_1_115' title="bbox 2011 4655 3537 4783">
     <span class='ocr_line' id='line_1_117' title="bbox 2011 4655 3537 4783; baseline -0.005 -69"><span class='ocrx_word' id='word_1_804' title='bbox 2011 4658 2379 4783; x_wconf 57' lang='lat' dir='ltr'><strong>omeJ&#39;oA,</strong></span> <span class='ocrx_word' id='word_1_805' title='bbox 2407 4676 2550 4715; x_wconf 91' lang='lat' dir='ltr'><strong>vers.</strong></span> <span class='ocrx_word' id='word_1_806' title='bbox 2578 4660 2632 4725; x_wconf 76' lang='grc'>5,</span> <span class='ocrx_word' id='word_1_807' title='bbox 2654 4658 2708 4722; x_wconf 77' lang='grc'>4,</span> <span class='ocrx_word' id='word_1_808' title='bbox 2744 4659 2823 4713; x_wconf 93' lang='lat' dir='ltr'><strong>sic</strong></span> <span class='ocrx_word' id='word_1_809' title='bbox 2843 4656 3097 4711; x_wconf 89' lang='lat' dir='ltr'><strong>mendose</strong></span> <span class='ocrx_word' id='word_1_810' title='bbox 3126 4655 3537 4726; x_wconf 88' lang='lat' dir='ltr'><strong>concipiebatur</strong></span> 
     </span>
     <span class='ocr_line' id='line_1_118' title="bbox 2011 4745 2369 4783; baseline 0 0"><span class='ocrx_word' id='word_1_811' title='bbox 2011 4749 2019 4783; x_wconf 91' lang='lat' dir='ltr'><strong>l</strong></span> <span class='ocrx_word' id='word_1_812' title='bbox 2050 4745 2114 4783; x_wconf 92' lang='lat' dir='ltr'><strong>co</strong></span> <span class='ocrx_word' id='word_1_813' title='bbox 2158 4771 2171 4783; x_wconf 94' lang='lat'><strong>.</strong></span> <span class='ocrx_word' id='word_1_814' title='bbox 2251 4745 2280 4782; x_wconf 91' lang='lat' dir='ltr'><strong>a</strong></span> <span class='ocrx_word' id='word_1_815' title='bbox 2312 4751 2369 4783; x_wconf 84' lang='lat'><strong>.:</strong></span> 
     </span>
    </p>
   </div>
   <div class='ocr_carea' id='block_1_116' title="bbox 1962 4728 2369 4786">
    <p class='ocr_par' dir='ltr' id='par_1_116' title="bbox 1962 4728 2369 4786">
     <span class='ocr_line' id='line_1_119' title="bbox 1962 4728 2369 4786; baseline 0.005 -2"><span class='ocrx_word' id='word_1_816' title='bbox 1962 4730 2019 4785; x_wconf 93' lang='lat' dir='ltr'><strong>in</strong></span> <span class='ocrx_word' id='word_1_817' title='bbox 2050 4730 2171 4785; x_wconf 90' lang='lat' dir='ltr'><strong>cod.</strong></span> <span class='ocrx_word' id='word_1_818' title='bbox 2205 4728 2327 4783; x_wconf 79' lang='lat' dir='ltr'><strong>Vat.</strong></span> <span class='ocrx_word' id='word_1_819' title='bbox 2354 4751 2369 4786; x_wconf 83' lang='lat'><strong>:</strong></span> 
     </span>
    </p>
   </div>
   <div class='ocr_carea' id='block_1_117' title="bbox 2173 4818 3325 4888">
    <p class='ocr_par' dir='ltr' id='par_1_117' title="bbox 2173 4818 3325 4888">
     <span class='ocr_line' id='line_1_120' title="bbox 2173 4818 3325 4888; baseline -0.002 -15"><span class='ocrx_word' id='word_1_820' title='bbox 2173 4861 2188 4873; x_wconf 93' lang='lat'><strong>.</strong></span> <span class='ocrx_word' id='word_1_821' title='bbox 2232 4863 2247 4877; x_wconf 94' lang='lat'><strong>.</strong></span> <span class='ocrx_word' id='word_1_822' title='bbox 2293 4862 2307 4875; x_wconf 95' lang='lat'><strong>.</strong></span> <span class='ocrx_word' id='word_1_823' title='bbox 2353 4864 2364 4874; x_wconf 94' lang='lat'><strong>.</strong></span> <span class='ocrx_word' id='word_1_824' title='bbox 2409 4858 2424 4871; x_wconf 96' lang='lat'><strong>.</strong></span> <span class='ocrx_word' id='word_1_825' title='bbox 2464 4824 2532 4874; x_wconf 76' lang='grc' dir='ltr'><strong>Αἱ</strong></span> <span class='ocrx_word' id='word_1_826' title='bbox 2559 4819 2627 4873; x_wconf 83' lang='grc' dir='ltr'>δὲ</span> <span class='ocrx_word' id='word_1_827' title='bbox 2644 4818 2927 4888; x_wconf 82' lang='grc' dir='ltr'>χρυσέοις</span> <span class='ocrx_word' id='word_1_828' title='bbox 2963 4818 3325 4873; x_wconf 79' lang='grc' dir='ltr'>δεπάεσσιν-</span> 
     </span>
    </p>
   </div>
   <div class='ocr_carea' id='block_1_118' title="bbox 2036 4888 3529 4963">
    <p class='ocr_par' dir='ltr' id='par_1_118' title="bbox 2036 4888 3529 4963">
     <span class='ocr_line' id='line_1_121' title="bbox 2036 4888 3529 4963; baseline -0.006 -17"><span class='ocrx_word' id='word_1_829' title='bbox 2036 4893 2325 4963; x_wconf 79' lang='grc' dir='ltr'><strong>Δειδέχατ’</strong></span> <span class='ocrx_word' id='word_1_830' title='bbox 2344 4891 2641 4959; x_wconf 74' lang='grc' dir='ltr'>ἀλλήλας,</span> <span class='ocrx_word' id='word_1_831' title='bbox 2657 4890 2850 4960; x_wconf 72' lang='grc' dir='ltr'>μέγαν</span> <span class='ocrx_word' id='word_1_832' title='bbox 2875 4893 2961 4956; x_wconf 74' lang='grc' dir='ltr'><strong>εἰς</strong></span> <span class='ocrx_word' id='word_1_833' title='bbox 2977 4888 3235 4957; x_wconf 79' lang='grc' dir='ltr'>οὐρανὸν</span> <span class='ocrx_word' id='word_1_834' title='bbox 3256 4889 3529 4955; x_wconf 70' lang='grc' dir='ltr'>ὁρόωσαιι</span> 
     </span>
    </p>
   </div>
   <div class='ocr_carea' id='block_1_119' title="bbox 1963 4998 3532 5075">
    <p class='ocr_par' dir='ltr' id='par_1_119' title="bbox 1963 4998 3532 5075">
     <span class='ocr_line' id='line_1_122' title="bbox 1963 4998 3532 5075; baseline -0.004 -17"><span class='ocrx_word' id='word_1_835' title='bbox 1963 5021 2083 5075; x_wconf 69' lang='lat' dir='ltr'><strong>qua:</strong></span> <span class='ocrx_word' id='word_1_836' title='bbox 2104 5019 2262 5059; x_wconf 90' lang='lat' dir='ltr'><strong>nemo</strong></span> <span class='ocrx_word' id='word_1_837' title='bbox 2290 5003 2595 5075; x_wconf 38' lang='lat' dir='ltr'><strong>nonuvidet,</strong></span> <span class='ocrx_word' id='word_1_838' title='bbox 2625 5016 2788 5071; x_wconf 90' lang='lat' dir='ltr'><strong>quam</strong></span> <span class='ocrx_word' id='word_1_839' title='bbox 2817 5003 3127 5075; x_wconf 70' lang='lat' dir='ltr'><strong>necessario</strong></span> <span class='ocrx_word' id='word_1_840' title='bbox 3166 4998 3232 5051; x_wconf 90' lang='lat' dir='ltr'><strong>ad</strong></span> <span class='ocrx_word' id='word_1_841' title='bbox 3271 5010 3532 5075; x_wconf 69' lang='lat' dir='ltr'><strong>unmeros</strong></span> 
     </span>
    </p>
   </div>
   <div class='ocr_carea' id='block_1_120' title="bbox 1962 5065 3534 5132">
    <p class='ocr_par' dir='ltr' id='par_1_120' title="bbox 1962 5065 3534 5132">
     <span class='ocr_line' id='line_1_123' title="bbox 1962 5065 3534 5132; baseline -0.004 -3"><span class='ocrx_word' id='word_1_842' title='bbox 1962 5065 2359 5131; x_wconf 65' lang='lat' dir='ltr'><strong>reduxerimus.</strong></span> <span class='ocrx_word' id='word_1_843' title='bbox 2390 5073 2485 5127; x_wconf 78' lang='lat' dir='ltr'><strong>Et).</strong></span> <span class='ocrx_word' id='word_1_844' title='bbox 2509 5065 2711 5127; x_wconf 56' lang='grc' dir='ltr'>Βορέα.</span> <span class='ocrx_word' id='word_1_845' title='bbox 2741 5102 2812 5112; x_wconf 91' lang='grc'><strong><em>-</em></strong></span> <span class='ocrx_word' id='word_1_846' title='bbox 2841 5070 3014 5125; x_wconf 82' lang='grc' dir='ltr'>Οὔπω</span> <span class='ocrx_word' id='word_1_847' title='bbox 3035 5070 3286 5132; x_wconf 75' lang='grc' dir='ltr'>πάντως.</span> <span class='ocrx_word' id='word_1_848' title='bbox 3315 5065 3534 5123; x_wconf 84' lang='lat' dir='ltr'><strong>Primus</strong></span> 
     </span>
    </p>
   </div>
   <div class='ocr_carea' id='block_1_121' title="bbox 1962 5138 3580 5215">
    <p class='ocr_par' dir='ltr' id='par_1_121' title="bbox 1962 5138 3580 5215">
     <span class='ocr_line' id='line_1_124' title="bbox 1962 5138 3580 5215; baseline -0.005 -16"><span class='ocrx_word' id='word_1_849' title='bbox 1962 5145 2186 5215; x_wconf 72' lang='lat' dir='ltr'><strong>Lupara:</strong></span> <span class='ocrx_word' id='word_1_850' title='bbox 2206 5146 2380 5215; x_wconf 77' lang='lat' dir='ltr'><strong>editor</strong></span> <span class='ocrx_word' id='word_1_851' title='bbox 2401 5143 2670 5215; x_wconf 82' lang='lat' dir='ltr'><strong>emendat,</strong></span> <span class='ocrx_word' id='word_1_852' title='bbox 2701 5150 2860 5215; x_wconf 76' lang='lat' dir='ltr'><strong>atque</strong></span> <span class='ocrx_word' id='word_1_853' title='bbox 2891 5138 3274 5215; x_wconf 64' lang='lat' dir='ltr'><strong>obtm_reporiit</strong></span> <span class='ocrx_word' id='word_1_854' title='bbox 3294 5178 3310 5203; x_wconf 92' lang='lat'><strong>,</strong></span> <span class='ocrx_word' id='word_1_855' title='bbox 3343 5144 3533 5215; x_wconf 59' lang='lat' dir='ltr'><strong>cnntra</strong></span> <span class='ocrx_word' id='word_1_856' title='bbox 3577 5170 3580 5173; x_wconf 57' lang='grc' dir='ltr'><strong>λ</strong></span> 
     </span>
    </p>
   </div>
   <div class='ocr_carea' id='block_1_122' title="bbox 1964 5204 3534 5284">
    <p class='ocr_par' dir='ltr' id='par_1_122' title="bbox 1964 5204 3534 5284">
     <span class='ocr_line' id='line_1_125' title="bbox 1964 5204 3534 5284; baseline -0.007 -12"><span class='ocrx_word' id='word_1_857' title='bbox 1964 5204 2250 5284; x_wconf 71' lang='grc' dir='ltr'>ευῖἰρείιιε</span> <span class='ocrx_word' id='word_1_858' title='bbox 2284 5211 2677 5284; x_wconf 14' lang='lat' dir='ltr'><strong>codicis‘ftden)</strong></span> <span class='ocrx_word' id='word_1_859' title='bbox 2710 5204 3057 5284; x_wconf 61' lang='lat' dir='ltr'><strong>ct&#39;Methodji</strong></span> <span class='ocrx_word' id='word_1_860' title='bbox 3092 5204 3342 5262; x_wconf 82' lang='lat' dir='ltr'><strong>mentem.</strong></span> <span class='ocrx_word' id='word_1_861' title='bbox 3368 5204 3534 5261; x_wconf 85' lang='lat' dir='ltr'><strong>Plane</strong></span> 
     </span>
    </p>
   </div>
   <div class='ocr_carea' id='block_1_123' title="bbox 1964 5278 3534 5354">
    <p class='ocr_par' dir='ltr' id='par_1_123' title="bbox 1964 5278 3534 5354">
     <span class='ocr_line' id='line_1_126' title="bbox 1964 5278 3534 5354; baseline -0.004 -15"><span class='ocrx_word' id='word_1_862' title='bbox 1964 5278 2114 5341; x_wconf 70' lang='lat' dir='ltr'><strong>enini</strong></span> <span class='ocrx_word' id='word_1_863' title='bbox 2138 5292 2399 5354; x_wconf 77' lang='lat' dir='ltr'><strong>neganter</strong></span> <span class='ocrx_word' id='word_1_864' title='bbox 2432 5282 2795 5354; x_wconf 79' lang='lat' dir='ltr'><strong>inferendum,</strong></span> <span class='ocrx_word' id='word_1_865' title='bbox 2821 5296 2929 5335; x_wconf 91' lang='lat' dir='ltr'><strong>non</strong></span> <span class='ocrx_word' id='word_1_866' title='bbox 2944 5278 3229 5354; x_wconf 74' lang='lat' dir='ltr'><strong>aliirmate,</strong></span> <span class='ocrx_word' id='word_1_867' title='bbox 3258 5292 3364 5330; x_wconf 90' lang='lat' dir='ltr'><strong>non</strong></span> <span class='ocrx_word' id='word_1_868' title='bbox 3405 5292 3534 5354; x_wconf 72' lang='lat' dir='ltr'><strong>esse</strong></span> 
     </span>
    </p>
   </div>
   <div class='ocr_carea' id='block_1_124' title="bbox 1963 5348 3531 5428">
    <p class='ocr_par' dir='ltr' id='par_1_124' title="bbox 1963 5348 3531 5428">
     <span class='ocr_line' id='line_1_127' title="bbox 1963 5348 3531 5428; baseline -0.005 -20"><span class='ocrx_word' id='word_1_869' title='bbox 1963 5348 2234 5426; x_wconf 64' lang='lat' dir='ltr'><strong>pimcipua</strong></span> <span class='ocrx_word' id='word_1_870' title='bbox 2281 5354 2455 5408; x_wconf 92' lang='lat' dir='ltr'><strong>solum</strong></span> <span class='ocrx_word' id='word_1_871' title='bbox 2497 5352 2807 5428; x_wconf 87' lang='lat' dir='ltr'><strong>delibanda,</strong></span> <span class='ocrx_word' id='word_1_872' title='bbox 2865 5349 2959 5428; x_wconf 78' lang='lat' dir='ltr'><strong>sed</strong></span> <span class='ocrx_word' id='word_1_873' title='bbox 3013 5348 3224 5418; x_wconf 78' lang='lat' dir='ltr'><strong>singula</strong></span> <span class='ocrx_word' id='word_1_874' title='bbox 3269 5357 3329 5428; x_wconf 78' lang='lat' dir='ltr'><strong>ut</strong></span> <span class='ocrx_word' id='word_1_875' title='bbox 3387 5348 3531 5428; x_wconf 61' lang='lat' dir='ltr'><strong>dicta</strong></span> 
     </span>
    </p>
   </div>
   <div class='ocr_carea' id='block_1_125' title="bbox 1965 5416 3531 5496">
    <p class='ocr_par' dir='ltr' id='par_1_125' title="bbox 1965 5416 3531 5496">
     <span class='ocr_line' id='line_1_128' title="bbox 1965 5416 3531 5496; baseline -0.006 -16"><span class='ocrx_word' id='word_1_876' title='bbox 1965 5416 2223 5496; x_wconf 63' lang='lat' dir='ltr'><strong>&#39;gestaque</strong></span> <span class='ocrx_word' id='word_1_877' title='bbox 2253 5430 2380 5479; x_wconf 87' lang='lat' dir='ltr'><strong>sunt</strong></span> <span class='ocrx_word' id='word_1_878' title='bbox 2400 5423 2837 5496; x_wconf 56' lang='lat' dir='ltr'><strong>prosequenda;</strong></span> <span class='ocrx_word' id='word_1_879' title='bbox 2868 5420 3075 5496; x_wconf 82' lang='lat' dir='ltr'><strong>sicque_</strong></span> <span class='ocrx_word' id='word_1_880' title='bbox 3109 5416 3210 5473; x_wconf 82' lang='lat' dir='ltr'><strong>nec</strong></span> <span class='ocrx_word' id='word_1_881' title='bbox 3256 5419 3413 5496; x_wconf 75' lang='lat' dir='ltr'><strong>aliter</strong></span> <span class='ocrx_word' id='word_1_882' title='bbox 3447 5416 3531 5471; x_wconf 62' lang='lat' dir='ltr'><strong>div</strong></span> 
     </span>
    </p>
   </div>
   <div class='ocr_carea' id='block_1_126' title="bbox 1964 5487 3528 5565">
    <p class='ocr_par' dir='ltr' id='par_1_126' title="bbox 1964 5487 3528 5565">
     <span class='ocr_line' id='line_1_129' title="bbox 1964 5487 3528 5565; baseline -0.006 -15"><span class='ocrx_word' id='word_1_883' title='bbox 1964 5487 2088 5551; x_wconf 65' lang='lat' dir='ltr'><strong>cere</strong></span> <span class='ocrx_word' id='word_1_884' title='bbox 2113 5487 2267 5564; x_wconf 76' lang='lat' dir='ltr'><strong>jubet</strong></span> <span class='ocrx_word' id='word_1_885' title='bbox 2292 5487 2454 5565; x_wconf 72' lang='lat' dir='ltr'><strong>paulo</strong></span> <span class='ocrx_word' id='word_1_886' title='bbox 2488 5487 2938 5565; x_wconf 54' lang='lat' dir='ltr'><strong>postEubuliiLm,</strong></span> <span class='ocrx_word' id='word_1_887' title='bbox 2964 5487 3031 5543; x_wconf 87' lang='lat' dir='ltr'><strong>ne</strong></span> <span class='ocrx_word' id='word_1_888' title='bbox 3062 5489 3182 5544; x_wconf 88' lang='lat' dir='ltr'><strong>loco</strong></span> <span class='ocrx_word' id='word_1_889' title='bbox 3216 5487 3433 5559; x_wconf 87' lang='lat' dir='ltr'><strong>quidem</strong></span> <span class='ocrx_word' id='word_1_890' title='bbox 3463 5499 3528 5544; x_wconf 81' lang='lat' dir='ltr'><strong>ac</strong></span> 
     </span>
    </p>
   </div>
   <div class='ocr_carea' id='block_1_127' title="bbox 1964 5559 3076 5634">
    <p class='ocr_par' dir='ltr' id='par_1_127' title="bbox 1964 5559 3076 5634">
     <span class='ocr_line' id='line_1_130' title="bbox 1964 5559 3076 5634; baseline -0.005 -12"><span class='ocrx_word' id='word_1_891' title='bbox 1964 5559 2194 5622; x_wconf 76' lang='lat' dir='ltr'><strong>convivii</strong></span> <span class='ocrx_word' id='word_1_892' title='bbox 2218 5559 2445 5634; x_wconf 81' lang='lat' dir='ltr'><strong>dapibus</strong></span> <span class='ocrx_word' id='word_1_893' title='bbox 2475 5559 2803 5633; x_wconf 78' lang='lat' dir='ltr'><strong>suppressis.</strong></span> <span class='ocrx_word' id='word_1_894' title='bbox 2838 5559 3076 5617; x_wconf 74' lang='lat' dir='ltr'><strong>Conaer;</strong></span> 
     </span>
    </p>
   </div>
  </div>
