3964 6206
440 293 553 307 ἣν

355 329 420 383 55

1446 336 1821 393 (Ιυκνιγιωι
1861 340 2085 396 DECEM
2123 343 2477 402 VIRGlXUM.

3514 369 3585 421 34

355 443 547 497 Θέκλαν
583 447 684 499 καὶ
712 445 813 517 τὴν
871 446 1107 519 Ἀγάθην
1148 450 1243 503 καὶ
1274 452 1372 522 τὴν
1404 454 1752 525 Μαρκέλλαν,
1790 456 1864 526 μεῖ

1968 465 1993 520 ι
2023 461 2370 531 loqueretur,
2405 464 2471 518 ad
2508 472 2752 535 septum,
2794 468 3005 539 inquit,
3044 488 3171 529 mox
3200 478 3579 546 pervenimus.

353 537 531 597 λούσας
560 539 822 591 δειπνεῖν.
853 538 1067 602 Εὐθέως
1095 537 1189 594 οὖν
1213 543 1311 611 τὴν
1342 543 1562 615 Ἀρετὴν
1588 546 1690 617 ἔφη
1724 548 1916 614 φάναι·

2019 567 2140 606 cum
2165 554 2397 609 necdum
2429 554 2576 611 fores
2615 558 2815 614 clausae
2842 570 3026 617 essent
3058 582 3071 618 :
3111 565 3333 637 jamque
3377 571 3580 641 ingres-

346 625 500 679 Δεῦτε
542 630 610 700 δὴ
643 630 740 684 καλ⁸
764 631 944 700 ὑμεῖς,
978 632 1108 703 περὶ
1136 634 1232 696 τὰς
1262 634 1600 705 ὁμοτρόπους
1637 639 1765 708 ὑμῖν
1788 657 1864 693 ται

2018 656 2107 698 sas
2136 641 2394 699 Theclam
2419 654 2473 702 et
2497 646 2762 719 Agatham
2802 660 2856 706 et
2894 625 3200 710 Marcellam
3222 625 3338 721 ,lad
3363 625 3576 717 cuinam

342 719 458 771 τασὶ
492 721 694 791 ἑφεξῆς
745 721 931 775 ἐνθάδε
982 724 1395 797 κατακλιθῆναι.
1437 724 1620 799 *Ημεν
1660 731 1799 803 γὰρ,
1842 732 1918 797 ὡς

342 804 510 885 οἶμαι,
546 815 722 866 πᾶσαι
758 814 847 867 τὸν
879 815 1110 886 ἀριθμὸν
1142 817 1258 870 ἐκεῖ
1288 818 1623 889 δαιτυμόνες,
1664 820 1767 892 ἔφη
1804 840 1913 892 μοι,

343 906 466 959 δέκα
497 904 594 975 (6).
640 900 751 957 Ἦν
782 904 840 957 δὲ
887 906 948 959 τὸ
992 907 1189 978 χωρίον
1232 909 1553 979 περικαλλὲς
1599 912 1910 982 ὑπερφυῶς,

2015 731 2290 789 accinctos
2352 735 2693 794 oﬂendimus.
2765 739 2959 797 Statim
3016 745 3182 815 igitur
3234 748 3436 805 dixisse
3498 753 3575 806 ait

2013 821 2210 878 Areten
2234 825 2285 879 ei
2318 843 2332 879 :
2365 824 2559 883 Venite
2580 836 2632 883 et
2660 846 2757 886 vos
2781 870 2797 895 ,
2831 839 2890 886 ut
2926 833 3015 889 hic
3048 837 3239 892 ordine
3268 854 3390 893 cum
3418 841 3575 898 vobis

2014 913 2180 968 studii
2212 930 2535 989 morumque
2583 920 2863 979 sodalibus
2917 925 3297 985 discumbatis.
3339 930 3570 989 Eramus

344 998 431 1050 καὶ
477 996 682 1064 πολλῆς
739 997 1101 1062 ἀναπαύσεως
1145 999 1591 1072 πεπληρωμένον.
1631 1004 1762 1075 Ἀὴρ
1816 1006 1864 1075 μὲ

2010 1005 2176 1070 enim,
2207 1006 2263 1060 ni
2292 1005 2469 1072 fallor,
2506 1010 2602 1074 ait,
2635 1026 2824 1068 omnes
2847 1017 3087 1071 convivae
3109 1018 3295 1074 decem
3319 1037 3568 1080 numero.

340 1091 444 1161 γὰρ
472 1089 706 1157 susp-:0
742 1088 1008 1160 καθαραῖς
1039 1090 1215 1158 φωτὸς
1247 1091 1426 1161 βολαῖς
1467 1094 1909 1167 ἀνακεκερασμὲ-

336 1198 438 1245 νος,
474 1181 698 1248 κούφως
734 1180 873 1251 μετὰ
910 1181 1106 1251 πολλῆς
1138 1182 1389 1247 εὐταξίας
1413 1201 1426 1214 ο
1457 1187 1549 1238 καὶ
1588 1188 1735 1257 πηγὴ
1770 1188 1908 1241 κατὰ

333 1277 388 1329 τὸ
416 1276 747 1347 μεσαίτατον
777 1276 993 1347 ἡσύχως
1035 1276 1214 1330 ἐλαίου
1254 1277 1407 1348 δίκην
1451 1279 1678 1351 ἀνέϐρυε
1706 1281 1905 1350 γλυκύ-

331 1386 483 1422 τατον
513 1370 701 1438 πόμα·
738 1368 829 1437 ἀφ’
868 1365 935 1440 ἧς
979 1368 1121 1441 ὕδωρ
1148 1370 1341 1434 διειόὲς
1374 1372 1466 1424 καὶ
1496 1373 1732 1445 καθαρὸν
1785 1376 1904 1446 ρἐν

329 1461 492 1513 ἐποίει
522 1463 760 1531 κρήνας.
794 1461 862 1513 Αἱ
895 1460 971 1525 δὲ,
1001 1462 1313 1533 ποταμηδὸν
1339 1465 1752 1536 ὑπερχεόμεναι,
1779 1467 1906 1519 ἐπό-

326 1552 466 1615 τιζον
513 1552 738 1606 ἅπαντα
787 1552 879 1605 τὸν
913 1553 1123 1624 χῶρον,
1166 1554 1393 1608 πλούσια
1435 1557 1766 1627 παρέχουσαι
1809 1559 1902 1612 νά-

324 1661 484 1714 ματα.
511 1642 727 1712 Δένδρα
759 1644 867 1715 γὰρ
886 1640 954 1713 ἦν
980 1645 1229 1717 διάφορα,
1249 1649 1468 1717 νεαραῖς
1489 1648 1730 1719 ὀπώραις
1760 1650 1898 1722 πλη-

321 1737 541 1790 θύνοντα
565 1738 645 1805 (7)
676 1738 816 1800 ἐκεῖ,
848 1738 926 1799 είς
970 1736 1027 1789 ἓν
1061 1737 1253 1802 κάλλος
1288 1738 1394 1791 τῶν
1433 1741 1657 1812 καρπῶν
1686 1743 1894 1798 ἀπαιω-

2007 1092 2185 1150 Locus
2217 1112 2382 1166 porro
2409 1109 2527 1154 erat
2565 1101 2961 1158 incredibiliter
3008 1120 3258 1163 amamus
3300 1113 3570 1181 tranquil-

2008 1186 2178 1256 laeque
2206 1188 2398 1256 plenus
2432 1192 2745 1262 voluptatis.
2778 1192 2935 1248 Levis
2955 1211 3052 1265 per
3080 1212 3202 1251 eum
3233 1216 3326 1255 aer
3357 1203 3564 1260 mollis-

2006 1278 2141 1334 sime
2178 1280 2599 1349 diﬂundebatur,
2645 1302 2794 1355 pura:
2840 1287 2981 1343 lucis
3030 1289 3195 1344 radiis
3244 1295 3565 1353 suavissime

2004 1379 2460 1442 contemperatus.
2511 1374 2679 1431 Vivus
2719 1378 2770 1431 in
2802 1379 2982 1433 medio
3022 1383 3360 1437 scaturiebat
3404 1385 3562 1456 fons,

2005 1463 2283 1519 lenissimo
2314 1466 2460 1520 ﬂuxu
2485 1467 2664 1522 oleum
2698 1469 2942 1537 imitans,
2982 1472 3333 1531 dulcissimus
3364 1477 3430 1532 ad
3463 1495 3562 1549 po-

1999 1563 2146 1624 tum;
2184 1558 2326 1612 unde
2351 1559 2530 1627 liquor
2555 1560 2856 1629 pellucidus
2876 1571 2928 1617 ct
2958 1579 3129 1633 purus
3153 1566 3301 1621 varie
3323 1567 3378 1622 in
3411 1569 3558 1628 rivos

1998 1647 2239 1713 divisus,
2296 1652 2496 1720 passim
2526 1652 2836 1709 errantibus
2873 1655 3025 1711 venis
3076 1657 3391 1714 universum
3450 1660 3557 1719 late

1998 1740 2211 1797 hortum
2257 1740 2537 1813 irrigabat.
2594 1746 2714 1810 Quo
2739 1745 2902 1800 ebria:
2929 1746 3187 1815 humore,
3224 1751 3401 1805 omnis
3431 1766 3557 1821 pas-

322 1830 597 1900 ρουμένων
635 1828 871 1899 ἱλαρῶς’
903 1830 997 1882 καὶ
1031 1829 1293 1900 λειμῶνες
1327 1831 1617 1897 ἁειθαλεῖς,
1646 1834 1862 1889 εὖπνόοι

1996 1832 2097 1887 sim
2133 1834 2347 1903 generis
2391 1833 2577 1890 felices
2609 1837 2832 1892 arbores
2864 1846 3079 1909 compta
3116 1842 3430 1898 recentibus
3458 1860 3556 1914 po-

320 1920 502 1973 ἇνθεσι
524 1920 621 1973 καὶ
649 1919 919 1984 ποικίλοις
938 1921 1372 1991 κατεστρωμένοι
1397 1922 1494 1993 (8),
1518 1924 1608 1992 ἀφ’
1627 1917 1700 1978 ὦν
1725 1942 1890 1996 προσ-

330 2012 515 2065 έϐαλεν
543 2012 718 2081 ἠπίως
753 2011 971 2081 πνεῦμα
1011 2011 1208 2082 πολλὴν
1249 2014 1472 2067 εὐωδίαν
1504 2014 1666 2086 φέρον
1688 2033 1701 2046 '
1732 2012 1799 2087 ἦν
1829 2016 1884 2070 δὲ

343 2106 502 2172 ἐγγὺς
546 2105 715 2171 ἄγνος,
756 2103 974 2175 δένδρον
1003 2104 1201 2175 ὑψηλὸν
1224 2105 1323 2176 (9),
1356 2106 1444 2174 ὑφ’
1471 2100 1515 2174 ᾧ
1540 2108 1883 2179 ἀνεπαυόμε-

347 2194 416 2247 Θα
442 2194 525 2247 διὰ
552 2193 610 2246 τὸ
637 2193 741 2246 λίαν
784 2193 1100 2263 ἁμφιλαφὲς
1140 2195 1271 2248 αὐτὸ
1301 2194 1393 2248 καὶ
1430 2194 1646 2250 σύσκιον
1682 2198 1885 2269 τυγχά-

349 2306 398 2341 νε
404 2306 464 2343 ιν.

1994 1924 2099 1979 mis
2120 1925 2294 1995 capita
2310 1925 2613 1995 jactabant,
2640 1927 2696 1980 in
2720 1927 2823 1983 hoc
2847 1929 2949 1984 late
2970 1932 3335 2000 pendentibus
3359 1935 3554 1992 fructi-

1990 2014 2128 2078 bus,
2163 2023 2223 2068 ut
2267 2016 2443 2069 solum
2474 2015 2640 2072 decus
2679 2032 2742 2071 ac
2778 2028 3030 2073 ornatum
3065 2023 3379 2091 praeberent.
3431 2024 3549 2082 Jam

1990 2119 2119 2159 vero
2147 2114 2303 2175 prata
2329 2106 2518 2160 aeterni
2547 2107 2691 2162 veris
2716 2108 3006 2163 immortali
3043 2113 3239 2167 adorea
3263 2115 3548 2185 adornata,

1990 2197 2311 2252 suavissime
2331 2196 2664 2267 spirantibus
2679 2199 2879 2253 etmire
2908 2202 3074 2257 variis
3095 2212 3370 2259 constrata
3401 2206 3548 2263 ﬂori-

1987 2290 2090 2346 bus
2122 2309 2135 2344 :
2169 2304 2265 2359 per
2293 2303 2432 2365 quos
2465 2289 2601 2345 lenis
2636 2304 2767 2343 aura
2799 2304 3111 2348 commeans
3131 2334 3146 2359 ,
3179 2296 3399 2351 odorem
3440 2298 3547 2355 late

339 2384 764 2453 iucundissimum
795 2387 1105 2455 spargebat.
1151 2384 1280 2439 Erat
1321 2396 1497 2441 autem
1524 2402 1689 2457 prepe
1712 2402 1903 2457 agnus.
1945 2387 2108 2441 arbor
2133 2385 2369 2450 excelsa,
2422 2384 2525 2440 sub
2557 2399 2663 2455 qua
2692 2385 2846 2440 nobis
2885 2387 3314 2456 considentibus,
3362 2392 3541 2448 locum

335 2491 677 2550 Opportunum
714 2480 853 2534 rami
876 2481 996 2549 ejus
1019 2480 1175 2536 densi
1204 2480 1349 2536 loliis
1381 2490 1435 2536 et
1458 2484 1640 2553 patule
1671 2482 1852 2538 diﬂusi
1880 2485 2246 2553 praebuerunt.

399 2615 687 2694 (6)-τζ1μεν⁸
704 2621 833 2688 γὰρ,
853 2620 1029 2694 οἶμαι,
1076 2620 1263 2694 micat
1314 2627 1417 2677 τὸν
1463 2625 1728 2694 ἀριθμὸν,
1761 2624 1876 2694 ἔφη

333 2709 436 2767 μοι,
458 2689 622 2767 gem.
671 2688 748 2767 Ita
785 2688 915 2767 coda
940 2690 1060 2767 Vat.
1087 2694 1155 2767 At
1188 2693 1339 2767 llas.
1383 2694 1464 2748 sic
1545 2688 1723 2767 Ἦμεν
1745 2688 1872 2767 γᾶρ,

432 2756 593 2835 οίμὶαι,
651 2762 822 2835 πεῖσαι
870 2762 961 2814 τὸν
1013 2762 1244 2835 ἀριθμὸν
1290 2764 1602 2835 δαιτυμόνες
1627 2756 1874 2835 ’ἔφη’μοι

333 2830 466 2908 δὲκαὶ
482 2831 676 2908 _Recte_
716 2832 983 2908 interpres
1028 2830 1108 2908 iit
1122 2830 1382 2886 Vaticano
1405 2830 1670 2908 __correxit
1687 2830 1874 2908 ἐὖῴη-

338 2918 415 2969 μοι
443 2901 579 2955 δέκα.
617 2902 705 2953 Ait
739 2901 995 2973 nimirum
1048 2902 1353 2973 Theopatra
1396 2905 1530 2973 (haec
1583 2906 1726 2960 enim
1754 2901 1870 2973 ser-

334 2986 537 3046 mmiem
575 2971 810 3026 resumit
863 2972 1060 3046 abillo
1093 2969 1215 3046 lo_co
1238 2969 1378 3043 ἦμεν
1402 2969 1532 3046 γάρ,
1560 2986 1689 3036 etc..
1726 2969 1869 3031 unde

335 3043 383 3091 in
412 3043 645 3096 versione
677 3042 1044 3110 reponendum
1076 3060 1088 3095 :
1122 3042 1347 3098 Eramus
1382 3042 1574 3107 autem,
1597 3045 1750 3111 (δια),
1800 3048 1873 3101 ait

1983 2624 2339 2679 insternunt:
2374 2630 2433 2676 ut
2487 2621 2632 2691 quod
2682 2629 2875 2677 natura
2925 2622 3061 2687 ruri,
3113 2623 3169 2678 id
3202 2624 3279 2678 illi
3316 2634 3431 2683 arte
3459 2626 3540 2684 la-

1982 2693 2328 2758 ciantdomi;
2363 2709 2469 2746 non
2513 2693 2704 2746 ﬂorum
2753 2708 3030 2760 coronam,
3065 2694 3159 2749 sed
3204 2702 3456 2762 stratum,
3487 2707 3540 2755 et

1980 2764 2138 2833 quasi
2167 2764 2464 2833 stragulam
2496 2777 2559 2817 ac
2608 2770 2863 2833 tapetem.
2915 2763 3070 2830 Quod
3102 2772 3391 2833 utrumque
3416 2784 3535 2822 ma-

1977 2831 2153 2887 lorum
2176 2831 2356 2889 verbis
2383 2831 2700 2903 expressum
2748 2831 2875 2901 Sap.
2904 2850 2962 2896 ιι,
2992 2834 3025 2887 8
3056 2851 3067 2886 :
3100 2831 3416 2891 Coroneinus
3441 2854 3536 2894 nos

1976 2904 2111 2957 rosis
2146 2913 2425 2973 antequam
2449 2913 2807 2977 marcescant;
2832 2904 3033 2977 nullum
3061 2906 3127 2958 sit
3152 2915 3362 2974 pratum
3390 2909 3535 2977 quod

1975 2990 2079 3027 non
2099 2983 2427 3043 pertranseat
2460 2974 2672 3027 luxuria
2707 2982 2909 3027 nostra.
2946 2974 3234 3031 ϐοηθείης.

2043 3040 2120 3116 (9)
2150 3040 2259 3099 Ἦν
2287 3044 2371 3099 δέ.
2402 3045 2625 3099 Arboris
2659 3047 2714 3116 in_
2739 3045 2861 3099 cod.
2888 3043 3007 3097 Vat.
3038 3046 3405 3114 innominatze,
3437 3048 3531 3103 sed

335 3112 548 3182 inquam,
575 3128 704 3166 cum
734 3106 1113 3186 consedissent
1159 3123 1365 3168 vocata:
1396 3106 1656 3185 virgines.
1691 3106 1869 3185 reper-
1896 3106 1938 3163 C
1971 3106 2223 3182 gene'rico
2249 3123 2459 3169 tantum
2492 3116 2658 3169 verbo
2684 3113 3000 3186 designatio,
3028 3116 3198 3171 codex
3222 3116 3357 3169 Maz.
3392 3106 3532 3186 'pro-

331 3190 428 3254 tum
453 3197 541 3237 eas
584 3197 709 3237 esse
757 3183 981 3236 omnino
1048 3185 1255 3245 decem,
1309 3183 1588 3254 auspicato
1620 3195 1672 3240 et
1729 3183 1864 3243 bene

328 3252 542 3324 ominato
585 3268 652 3307 ex
701 3254 1012 3324 evangelica
1068 3255 1323 3324 parabola
1380 3252 1626 3310 numero.
1661 3257 1864 3311 Alludit

327 3320 620 3377 observatas
647 3320 925 3378 veteribus
954 3320 1369 3393 superstitiones
1421 3328 1675 3383 omnibus
1706 3337 1861 3383 notas

327 3392 379 3445 in
426 3407 652 3466 numero
701 3392 1059 3466 convivalium
1110 3395 1519 3466 ccetuumublox
1557 3407 1862 3466 opportune

324 3461 676 3534 suggeritcod.
707 3461 842 3534 Mar.
874 3464 1109 3534 ἡσύχως,
1135 3467 1276 3534 quod
1296 3465 1348 3518 in
1376 3463 1495 3520 Vat.
1526 3461 1725 3522 deerat.
1760 3467 1860 3522 Ubi

323 3533 449 3585 ratio
476 3532 848 3588 similitudinis
898 3532 1053 3603 aqua:
1080 3532 1431 3591 scaturientis
1464 3552 1495 3591 e
1530 3536 1696 3601 fonte,
1734 3553 1858 3593 cum

328 3606 452 3664 oleo,
480 3603 746 3665 innuitur,
785 3605 838 3655 in
872 3604 1091 3659 lenitate
1123 3606 1376 3659 nimirum
1408 3605 1586 3661 ﬂuxus
1638 3609 1860 3663 minime

327 3674 591 3747 praecipitis
613 3675 739 3747 sita.
772 3674 846 3747 ξι)
888 3672 1096 3747 Lemn.
1121 3705 1192 3747 5—
1210 3678 1351 3747 Ἔφη
1382 3695 1489 3746 μοι.
1517 3676 1720 3731 Laudat
1749 3679 1858 3732 edi-

328 3742 405 3798 tor
433 3742 1098 3815 LuparensisVaticanum
1131 3742 1499 3815 interpretem,
1540 3749 1593 3801 id
1625 3756 1708 3802 est
1730 3747 1859 3803 Pos-

330 3815 696 3887 sinium,quod
718 3813 952 3887 εὔφημοι
984 3814 1114 3868 δέκα
1143 3813 1470 3871 correxerit:
1503 3833 1601 3887 ego
1627 3818 1859 3872 fallenti-

328 3886 422 3938 bus
439 3886 591 3939 oculis
624 3884 901 3940 divinasse
923 3894 1122 3954 putem,
1158 3888 1301 3955 quod
1350 3884 1618 3955 nusquam
1645 3888 1854 3942 Metho-

324 3955 408 4027 ί]ῐο
449 3955 495 4007 in
530 3962 781 4027 mentem,
824 3957 991 4019 venit,
1043 3955 1315 4027 nimisque
1362 3962 1557 4011 durum
1616 3958 1850 4013 exsistit.

319 4023 588 4095 Optimum,
635 4026 785 4099 quod
849 4041 1046 4099 omnes
1093 4023 1253 4082 codd.
1284 4036 1697 4099 repraesentant,
1750 4028 1853 4099 ἔφη

315 4114 397 4169 μοι
427 4113 440 4147 :
469 4106 541 4161 ut,
573 4096 719 4167 quod
744 4097 857 4167 jam
887 4097 1050 4151 semel
1080 4104 1134 4151 et
1164 4096 1359 4152 iterum
1379 4097 1506 4153 fecit
1534 4096 1852 4169 Gregorium

313 4168 530 4237 facitque
581 4169 956 4237 sequentibus,
1013 4182 1125 4221 suae
1174 4178 1448 4223 auctorem
1503 4168 1849 4233 narrationis,

310 4235 953 4308 Theopatram'arcessat,
989 4246 1293 4308 cunctaque
1328 4239 1441 4292 haec
1481 4238 1581 4293 sub
1606 4239 1724 4308 ejus
1747 4240 1849 4293 ﬁde

317 4322 365 4363 se
387 4307 629 4375 ποίη-πᾳ
655 4307 938 4377 signiﬁcet.
991 4307 1098 4362 Nec
1146 4307 1301 4363 video
1329 4324 1448 4378 qua:
1502 4309 1572 4361 sit
1605 4307 1735 4364 ﬁdes
1765 4311 1851 4363 in-

317 4382 566 4449 terpretis,
595 4378 687 4448 qui
713 4378 794 4431 sic
822 4380 1008 4447 plana,
1032 4394 1139 4431 uno
1164 4381 1405 4433 omnium
1435 4379 1682 4433 codicum
1714 4394 1848 4434 con-

1972 3189 2148 3254 prium
2191 3186 2515 3240 vocabulum
2569 3185 2846 3254 exprimit,
2882 3185 2962 3239 sic
3014 3186 3192 3240 locum
3254 3185 3527 3254 etIerens:

1962 3250 2070 3307 Ἦν
2085 3255 2140 3327 δὲ
2163 3256 2326 3327 ἐγγὺς
2342 3256 2449 3327 γὰρ
2471 3250 2684 3325 δένδρον
2714 3254 2933 3325 ὑψηλὸν,
2962 3255 3141 3323 ἄγνος,
3178 3256 3265 3324 ὑφ’
3394 3255 3529 3323 Quae

1962 3325 2146 3396 omnia
2169 3325 2398 3381 libenter
2420 3325 2717 3395 recipimus
2742 3364 2757 3389 ,
2789 3334 2842 3379 et
2890 3326 3391 3396 interpretationem
3424 3327 3527 3382 La-

1961 3395 2131 3447 tinam
2168 3396 2260 3466 sic
2279 3396 2347 3448 ad
2382 3404 2587 3450 textum
2646 3396 2991 3449 emendatum
3027 3395 3392 3466 reﬁngendam
3423 3413 3527 3466 pu—

1961 3470 2143 3519 tamus
2176 3483 2188 3517 :
2217 3464 2348 3518 Erat
2382 3474 2554 3518 autem
2598 3480 2755 3532 prope
2779 3466 2936 3519 arbor
2962 3464 3189 3527 excelsa}
3234 3467 3393 3521 vitex.
3423 3464 3525 3523 Est

1960 3534 2123 3602 ἄγνος
2156 3532 2380 3602 Gracis,
2444 3534 2657 3607 Latinis
2708 3535 2861 3601 vitex,
2914 3534 3309 3607 recentioribus
3354 3554 3523 3607 agnus

1960 3614 2158 3666 castus.
2191 3607 2352 3661 arbor
2373 3604 2633 3669 castiﬁca,
2668 3617 2851 3673 aptum
2874 3606 3362 3661 ideodiversorium
3387 3604 3524 3662 con-

1958 3674 2086 3728 vivii
2112 3677 2408 3746 virginalis.
2466 3677 2540 3729 De
2571 3690 2633 3729 ea
2662 3674 3033 3746 Dioscorides,
3062 3676 3152 3746 lib.
3184 3692 3221 3737 ι,
3251 3692 3371 3746 cap.
3426 3677 3517 3742 26,

1958 3746 2037 3798 sic
2068 3744 2226 3800 habet
2241 3763 2304 3801 ex
2333 3746 2775 3813 interpretatione
2804 3745 3037 3798 Marcelli
3070 3745 3308 3813 Virgilii:
3329 3744 3517 3803 Grmca

1955 3816 2099 3869 enim
2131 3817 2198 3870 ad
2225 3832 2443 3870 manum
2476 3815 2588 3870 haec
2625 3815 2885 3870 scribenti
2932 3829 3041 3884 non
3097 3823 3252 3868 erant
3282 3834 3295 3871 :
3326 3816 3515 3884 Agnon

1954 3895 2076 3937 sunt
2099 3887 2187 3953 qui
2219 3902 2438 3955 agonon,
2461 3888 2549 3955 qui
2572 3885 2743 3954 lygon,
2768 3885 2857 3954 qui
2882 3883 3241 3954 tridactylum,
3263 3886 3352 3954 qui
3378 3883 3518 3941 ami-

1954 3957 2270 4026 ctomireum,
2300 3958 2389 4026 qui
2422 3956 2868 4026 ibists‘anguinem,
2900 3955 2989 4025 qui
3010 3956 3155 4026 piper
3179 3965 3398 4025 agreste,
3425 3959 3517 4025 qui

1954 4023 2253 4091 ligusticum
2278 4023 2472 4080 vocent.
2515 4024 2573 4079 Η
2577 4023 2660 4095 agi
2688 4023 2921 4088 semnon,
2977 4023 3375 4095 Aigyptii‘sum.
3401 4023 3511 4081 Ro-

1951 4096 2097 4148 mani
2118 4096 2332 4149 salicem
2362 4097 2650 4167 amerinam
2681 4096 2965 4167 appellant.
3022 4096 3369 4167 Arborescens
3391 4098 3514 4167 fru-

1952 4172 2039 4218 tex
2064 4166 2326 4238 gitex‘est.
2362 4165 2617 4219 Nascitur
2646 4167 2843 4235 asperis
2866 4175 2915 4238 et
2946 4165 3177 4238 incultis
3203 4167 3333 4221 locis
3352 4165 3512 4238 prope

1948 4236 2261 4304 proﬂuentes
2292 4245 2569 4298 torrentes,
2604 4234 2768 4305 aquas
2790 4246 2839 4289 et
2860 4236 3102 4304 ﬂumina.
3137 4234 3388 4291 Ramulos
3419 4234 3513 4292 lia-

1951 4306 2032 4359 bet
2064 4306 2244 4376 longos
2271 4308 2496 4361 vitilium
2518 4310 2673 4360 modo
2695 4306 2902 4376 tentare
2925 4322 3019 4359 suo
3048 4306 3341 4376 infragiles,
3371 4307 3507 4375 folia

1949 4376 2099 4438 olete,
2131 4375 2387 4431 teneriora
2420 4387 2611 4431 tamen.
2660 4375 2873 4431 Fiorem
2920 4376 3142 4430 alterum
3186 4375 3300 4446 ejus
3344 4393 3504 4447 genus

310 4447 453 4504 sensu
486 4447 858 4519 comprobata,
886 4449 989 4503 levi
1018 4449 1326 4519 conjectura
1370 4449 1471 4503 sibi
1506 4450 1759 4503 mutanda
1789 4458 1843 4504 et
1875 4449 1917 4503 D
1947 4447 2170 4519 candido
2208 4464 2325 4519 cum
2366 4463 2648 4519 purpureo,
2716 4449 2941 4502 alterum
2988 4462 3245 4519 purpureo
3300 4456 3503 4501 tantum

302 4518 625 4591 emendanda
655 4520 809 4590 (mihi
862 4520 1033 4591 magis
1058 4520 1211 4588 quasi
1261 4521 1437 4591 plagio
1480 4518 1846 4591 depravanda)

296 4589 743 4663 indulgeattatque
768 4589 1066 4663 permittat,
1096 4605 1267 4663 eoque
1283 4590 1500 4663 nomine
1525 4589 1848 4663 eruditionis

291 4658 500 4716 laudein
532 4658 769 4731 aliquam
797 4658 1146 4729 praeferentes
1174 4658 1322 4715 viros
1354 4660 1657 4715 laudatores
1689 4661 1845 4716 inve-

288 4734 417 4785 niat.
446 4732 736 4786 COIBEFIS.

354 4804 434 4873 (7)
460 4802 875 4873 Πληθιξνοντα.
924 4798 1057 4873 Cod.
1107 4797 1254 4864 Vat.,
1313 4799 1650 4873 nntium/ra;
1681 4800 1840 4866 Maz.,

286 4871 504 4936 melius,
538 4871 896 4942 πληθύνοντα,
922 4871 1089 4942 utiet
1111 4885 1236 4942 mox
1293 4871 1558 4942 εὐπνόοις,
1588 4887 1686 4941 pro
1741 4873 1840 4942 ἐμ-

282 4945 461 5006 πνόοις
485 4962 500 4998 :
524 4939 832 5012 quanquam
848 4939 991 5012 quod
1009 4940 1234 5012 inferius
1260 4941 1482 5003 εὐωδίας
1505 4939 1601 5012 ﬁat
1616 4939 1837 5008 mentio,

281 5008 790 5083 éprwéoiq'retineri
850 5008 1039 5082 possit.
1070 5011 1138 5062 At
1189 5008 1310 5083 Vat.
1347 5011 1587 5066 vicissim
1637 5013 1838 5069 rectius

281 5080 443 5155 versu
484 5098 617 5155 mox;
645 5080 890 5151 sequenti
914 5080 1339 5155 κατεστεμμένοι
1375 5097 1470 5151 pro
1524 5099 1836 5155 κατεστρωτ

282 5154 452 5223 μένοι,
476 5152 619 5222 quod
640 5150 1274 5223 tamenetipsumuferri
1299 5161 1498 5221 posset.
1531 5150 1659 5207 Item
1692 5150 1835 5220 quod

277 5219 454 5291 ἧπὶως
482 5219 648 5276 verbo
673 5219 1033 5292 προσέϐαλλεν
1056 5219 1322 5292 adjungit,
1350 5223 1491 5291 quod
1522 5219 1833 5278 adverbium

274 5289 330 5346 in
365 5293 500 5347 Max.
533 5307 637 5346 non
660 5289 961 5361 comparet.
988 5289 1083 5361 Eo.
1113 5291 1315 5345 Luna.

343 5362 420 5433 (8)
447 5360 943 5433 Κατεστρωμένοι.
992 5360 1151 5433 Allat.
1184 5370 1237 5415 et
1285 5361 1404 5415 cod.
1459 5360 1833 5433 Mazar.,_pro—

274 5431 492 5502 pio—sed
520 5432 898 5502 metaphoram
911 5447 1069 5499 quam
1097 5432 1157 5484 τὸ
1196 5434 1653 5501 κατεστεμμένοι
1685 5431 1827 5495 Vat.,

273 5499 414 5572 quod
439 5499 850 5572 praefert'editor
878 5499 1076 5569 Lupar.
1107 5503 1292 5557 Potius
1317 5499 1459 5557 enim
1487 5499 1658 5557 strata
1684 5502 1831 5556 ﬁori-

272 5573 373 5628 bus
399 5573 546 5627 dicas
578 5579 734 5642 prata
766 5586 927 5643 quam
948 5580 1204 5627 coronata
1238 5591 1250 5626 :
1278 5574 1376 5627 etsi
1409 5575 1650 5643 excerpti
1704 5573 1829 5627 inde

270 5643 426 5698 ﬂores
466 5645 518 5696 in
548 5641 698 5697 serta
736 5641 931 5695 cedant
949 5650 1001 5695 et
1040 5656 1291 5704 coronas,
1327 5643 1413 5698 bis
1441 5644 1531 5713 qui
1568 5641 1670 5699 sibi
1702 5645 1826 5697 illo-

270 5730 387 5766 rum
414 5714 670 5768 adhibent
724 5720 1064 5782 ornamenta,
1105 5727 1214 5768 non
1263 5713 1421 5767 etiam
1451 5715 1542 5782 qui
1597 5715 1698 5769 sibi
1730 5727 1825 5769 eos

1948 4518 2119 4588 colore
2142 4518 2363 4587 profert.
2396 4527 2501 4573 etc.
2539 4518 2701 4572 Addit
2726 4519 2885 4588 paulo
2909 4527 3031 4586 post
3054 4537 3065 4571 :
3098 4518 3278 4586 Agnus
3305 4527 3499 4584 autem,

1949 4587 2005 4658 id
2036 4597 2114 4642 est
2142 4601 2315 4642 castus
2342 4589 2537 4658 frutex.
2555 4589 2637 4641 hic
2660 4605 2692 4641 a
2721 4587 2914 4642 Cra'cis
2943 4590 3112 4641 dictus
3132 4597 3230 4653 est,
3253 4589 3502 4658 quoniam

1947 4657 2000 4711 in
2041 4657 2461 4728 Thesmophoriis
2502 4659 2799 4713 castitatem
2841 4659 3186 4728 custodientes
3255 4657 3500 4728 mulieres

1944 4729 2089 4796 foliis
2118 4730 2231 4798 ejus
2264 4727 2473 4782 cubitus
2496 4729 2595 4781 sibi
2623 4727 3037 4798 substernebant.
3074 4727 3196 4798 Haec
3225 4727 3351 4798 ille:
3378 4743 3500 4796 qua:

1943 4795 2237 4869 patientius
2279 4799 2687 4868 descripsimus,
2716 4797 2862 4867 quod
2910 4812 2977 4851 ex
3024 4798 3107 4851 his
3160 4795 3497 4865 intelligatur

1941 4884 2102 4939 quam
2143 4878 2266 4939 apte
2308 4870 2374 4924 ad
2429 4870 2763 4939 propositum
2808 4869 2928 4921 loco
2959 4870 3067 4921 alto
3109 4874 3172 4939 _et
3204 4875 3496 4939 prazrupto,

1940 4935 2136 5010 vicinis
2170 4935 2326 5009 aquis
2358 4935 2584 5010 perﬂuo,
2625 4938 2855 5010 ﬁngatur
2909 4937 3215 5010 excrevisse
3250 4935 3374 4989 talis
3404 4951 3495 5010 ar-

1939 5008 2057 5072 bor,
2081 5019 2135 5063 et
2157 5004 2456 5077 opportune
2488 5004 2747 5062 delectam
2767 5008 2886 5077 ejus
2913 5008 3158 5062 umbram
3171 5004 3493 5077 instruendo

1939 5075 2369 5149 celebrandaque
2431 5079 2701 5147 virginum
2759 5075 2937 5149 epulo.
2994 5078 3089 5149 Eo.
3122 5146 3131 5149 _
3168 5075 3365 5149 Lursn.
3425 5105 3497 5117 —-

1942 5146 2435 5218 'Arroc,6éf6por
2448 5150 2707 5216 ὑψηλόν.
2731 5146 2947 5218 ”Δ”γνος,
2972 5150 3040 5202 al.
3074 5146 3254 5215 λόγος.
3284 5148 3492 5218 llictam

1936 5216 2095 5286 ἄγνον
2127 5216 2394 5281 arborem,
2433 5220 2587 5287 quasi
2616 5216 2825 5287 ἄγονον,
2878 5229 2931 5274 et
2979 5219 3121 5288 quod
3147 5219 3387 5288 ἁγνίζειν
3411 5216 3494 5288 ἠιτ-

1935 5285 2064 5354 είίειι,
2101 5289 2373 5359 perdenda
2419 5285 2472 5344 et
2527 5285 2921 5359 exstinguenda
2953 5285 3136 5343 semen
3160 5285 3488 5354 ,‘communi

1934 5369 2215 5415 auctorum
2265 5374 2561 5430 consensu
2632 5360 2799 5429 liquet
2841 5376 2855 5411 :
2899 5361 3249 5430 quamobrem
3325 5360 3489 5413 etiam

1932 5432 2188 5487 mulieres
2248 5429 2473 5505 Athenis
2519 5431 2572 5483 in
2617 5429 3059 5505 Thesmopli’oriis
3122 5430 3489 5505 virginitatem

1931 5512 2208 5556 servantes
2238 5501 2338 5555 sibi
2372 5516 2488 5554 eam
2523 5500 2869 5563 sternebant,
2905 5510 2966 5556 ut
3015 5500 3321 5556 auctor'est
3362 5500 3492 5553 Dio-

1930 5587 2072 5627 scor.
2102 5574 2194 5626 lib.
2224 5587 2263 5632 l,
2294 5587 2428 5642 cap.
2462 5572 2589 5635 l55;
2618 5570 2754 5642 Plin.
2775 5573 2881 5642 lib.
2914 5588 3063 5637 xxiv,
3096 5588 3216 5642 cap.
3256 5573 3341 5626 l9.
3372 5572 3491 5637 Qua

1928 5642 1993 5695 de
2024 5658 2081 5696 re
2110 5643 2375 5699 videndus
2405 5641 2642 5695 Joannes
2676 5640 2903 5698 Bodaans
2932 5660 2961 5698 a
2992 5640 3177 5712 Stapel
3216 5645 3281 5697 ad
3309 5642 3490 5696 Theo-

1967 5716 2130 5785 !irast.
2163 5714 2271 5785 tib.
2301 5728 2363 5768 ιιι
2404 5712 2657 5785 Historiis
2692 5712 3015 5781 plantarum,
3052 5730 3173 5785 pag.
3203 5713 3332 5785 mibi
3359 5712 3490 5767 264.

267 5793 551 5850 sternunt;
587 5782 674 5838 vel
704 5781 871 5836 etiam
925 5782 1182 5850 triclinio,
1234 5784 1372 5851 solo,
1428 5781 1587 5852 lecto,
1625 5798 1824 5840 mensa
1924 5781 2092 5839 Valde
2146 5783 2446 5840 diminutus
2480 5783 2777 5841 Vaticanus
2807 5786 2999 5850 codex,
3033 5781 3089 5840 in
3123 5781 3235 5843 auo
3276 5782 3490 5840 deesse!
