3964 6226
168 244 249 303 ιι
1275 243 1658 301 CONV'VIUM
1699 242 1929 301 DECEM
1969 242 2328 302 VIRGINUM.
2886 245 2891 251 ’
3349 244 3422 302 ιε

176 364 279 427 εἰς
294 362 394 436 τὴν
424 360 527 416 τῶν
575 360 836 434 μειζόνων
875 364 1105 434 ἄσκησιν
1150 364 1622 437 πιραπεμφθῶοι·
1656 366 1755 421 κά-

1860 363 2063 431 viendi,
2094 364 2162 420 ad
2193 364 2484 436 magistros
2506 376 2615 419 una
2639 377 2763 420 cum
2790 363 2870 419 eis
2896 360 3278 427 balbutientes,
3309 364 3428 434 pri—

184 455 379 511 κεῖθεν
415 452 565 519 αὖθις
608 457 688 520 είς
726 456 826 528 τὴν
870 455 976 512 τῶν
1001 457 1079 512 ἔτι
1123 457 1399 529 μειζόνων.
1435 456 1616 531 Ταύτῃ
1649 459 1758 531 γὰρ

190 549 294 606 καὶ
320 547 405 602 τὸν
433 545 564 601 Θεὸν
595 547 689 600 καὶ
721 547 939 620 Πατέρα
985 549 1092 603 τῶν
1130 549 1264 604 ὅλων
1294 549 1523 622 ἡγητέον
1550 568 1758 624 προση-

189 636 374 707 νέχθαι
397 639 512 701 τοῖς
542 637 648 710 πρὸ
673 637 850 708 ἡμῶν.
879 639 997 692 Ἔτι
1017 639 1166 712 γὰρδ
1197 639 1423 712 κόσμος,
1457 640 1758 714 ἀνθρώπων

182 727 513 799 ἀπλήρωτος
550 725 645 790 ὣν,
695 726 772 791 ὡς
822 730 1014 801 νήπιος
1053 724 1121 802 ἦν
1154 732 1247 784 καὶ
1292 732 1459 803 ἐχρῆν
1491 731 1650 786 αὐτὸν
1678 733 1759 797 εἰς

176 817 391 889 πλῆθος
408 818 684 891 πρότερον,
701 821 764 872 ὲκ
780 820 980 875 τούτων
994 821 1351 895 ἀνδρωθέντα,
1365 823 1755 897 πληθυνθῆναι.

187 908 334 964 Ἀλλ’
364 910 453 963 ὅτε
488 909 671 964 λοιπὸν
705 911 812 965 ἀπὸ
845 912 1094 986 περάτων
1143 916 1234 969 ἐπὶ
1267 916 1477 986 πέρατα
1526 917 1759 989 κατῳκί-

176 1001 315 1072 σθη,
350 1002 450 1072 τῆς
476 999 897 1076 ἀνθρωπότητος
938 1008 1017 1071 είς
1043 1006 1268 1080 ἄπειρον
1309 1010 1635 1082 κεχυμένης,
1657 1013 1758 1065 οὐκ

172 1093 263 1146 ἔτι
298 1096 415 1155 τοῖς
444 1093 630 1157 αὐτοῖς
669 1094 948 1165 ἐπιμένειν
978 1096 1066 1151 τὸν
1088 1096 1371 1165 ἄνθρωπον
1403 1100 1702 1173 ἐπέτρεπεν
1730 1104 1759 1155 ὁ

173 1182 335 1247 Θεὸς,
382 1184 601 1239 σκοπῶν
640 1186 805 1251 ὅπως,
857 1187 1022 1243 τῶνδε
1052 1190 1131 1254 είς
1161 1190 1287 1244 τάδε
1322 1191 1755 1263 μεταϐαίνοντες,

172 1274 572 1349 πλησιαίτερον
623 1279 998 1350 προκόπτωσιν
1036 1280 1287 1353 ἔρχεσθαι
1324 1283 1432 1337 τῶν
1469 1285 1715 1357 οὐρανῶν
1738 1326 1754 1351 ,

175 1367 383 1438 μέχρις
413 1368 500 1433 ἂν,
545 1370 626 1433 είς
660 1370 791 1424 αὐτὸ
820 1370 881 1424 τὸ
915 1371 1169 1451 μέγιστον
1204 1373 1430 1446 μάθημα
1463 1378 1554 1431 καὶ⁸
1598 1395 1758 1450 κορυ-

174 1456 479 1523 φαιότατον
517 1457 616 1530 τὴν
654 1459 951 1529 παρθενίαν
1002 1461 1327 1531 φθάσαντες.
1364 1464 1753 1520 τελειωθῶσιν

174 1548 286 1602 ἀπὸ
326 1550 429 1619 τῆς
481 1550 869 1622 ἀδελφομιξίας
908 1553 1227 1619 ὁδεύσαντες
1283 1556 1497 1629 πρῶτον
1552 1561 1633 1623 εἰς
1696 1559 1759 1613 τὸ

174 1640 391 1704 ὀθνείας
414 1642 719 1711 ἐπάγεσθαι
742 1646 986 1715 γαμετάς
1003 1663 1017 1676 ο
1043 1648 1297 1703 κάκεῖθεν
1344 1651 1423 1714 είς
1449 1649 1508 1704 τὸ
1561 1651 1757 1723 μηκέτι

1858 472 2055 528 maque
2089 456 2399 513 rudimenta
2450 472 2513 511 ac
2549 457 2813 511 elementa
2848 456 3137 519 docentes,
3167 470 3263 511 eos
3293 456 3422 509 mit-

1857 554 2001 614 tunt,
2034 546 2209 603 donec
2240 546 2474 603 infantili
2502 547 2649 601 velut
2672 547 2907 615 quadam
2943 545 3138 602 mentis
3166 545 3427 617 lanugine

1858 639 2035 709 posita
2060 679 2075 702 ,
2124 638 2193 694 ad
2247 638 2513 708 majorum
2544 636 2961 708 disciplinarum
3000 637 3425 694 exercitamenta

1858 734 2257 795 transmittant,
2303 738 2467 802 atque
2513 730 2641 787 hinc
2684 729 2753 784 ad
2786 731 2889 784 alia
2947 729 3033 786 his
3080 730 3421 788 sublimiora.

1860 820 2038 878 Simili
2088 819 2308 894 quoque
2352 823 2568 879 ratione
2603 822 3027 878 existimandum
3078 838 3137 878 se
3188 823 3427 894 gessisse

1856 929 1986 986 erga
2013 915 2247 982 majores
2268 924 2489 971 nostros
2510 913 2679 970 Deum
2706 914 3087 970 universorum
3105 931 3168 970 ac
3185 915 3424 977 Patrem.

1858 1009 1995 1064 Tum
2020 1009 2286 1080 siquidem
2312 1009 2570 1076 mundus,
2590 1008 2822 1065 necdum
2845 1008 3125 1064 hominum
3147 1009 3429 1067 confertus

1857 1101 2185 1176 frequentia,
2237 1102 2383 1158 velut
2438 1101 2620 1158 infans
2655 1109 2809 1166 erat,
2857 1102 3192 1172 decebatque
3240 1103 3429 1175 augeri

1857 1195 2011 1264 prius
2038 1194 2092 1249 in
2122 1193 2547 1259 multitudinem,
2581 1209 2649 1248 ex
2677 1209 2784 1265 qua
2815 1193 2869 1248 in
2893 1193 3070 1248 virum
3100 1196 3257 1265 quasi
3291 1196 3428 1251 ado-

1858 1287 2107 1344 lesceret.
2154 1287 2223 1341 At
2257 1287 2349 1341 ubi
2383 1287 2496 1357 jam
2528 1287 2596 1341 ab
2623 1286 2884 1342 extremis
2910 1286 2977 1341 ad
3001 1296 3245 1343 extrema
3278 1288 3430 1343 colo-

1859 1380 1966 1435 niis
2028 1381 2399 1450 frequentatus
2450 1387 2565 1445 est,
2611 1379 2850 1433 humana
2882 1379 3069 1434 sobole
3114 1380 3168 1434 in
3198 1380 3431 1436 immen-

1858 1486 1979 1527 sum
1998 1485 2389 1541 usquequaque
2409 1469 2551 1534 fusa,
2570 1486 2677 1525 non
2700 1469 2936 1540 amplius
2967 1470 3159 1525 iisdem
3184 1486 3248 1526 ac
3275 1474 3433 1540 prius

1856 1559 2000 1616 Deus
2016 1560 2289 1615 hominem
2313 1560 2562 1626 permisit
2581 1559 2833 1615 insistere
2848 1561 3093 1615 moribus
3110 1577 3125 1620 ;
3155 1560 3209 1614 id
3237 1575 3434 1630 nempe

1857 1649 2178 1721 providens,
2224 1657 2285 1705 ut
2337 1650 2542 1706 sensim
2586 1665 2653 1705 ex
2707 1647 2831 1705 aliis
2860 1648 2926 1704 ad
2961 1649 3066 1702 alia
3094 1648 3322 1721 gradum
3357 1650 3434 1703 fa-

179 1733 406 1798 πολλαῖς
463 1735 768 1790 ἐπιϐαίνειν
817 1739 1163 1810 τετραπόδων
1190 1742 1359 1813 νόμῳ,
1389 1743 1638 1815 καθάπερ
1674 1745 1755 1808 είς

1860 1742 2061 1798 cientes
2083 1781 2098 1806 ,
2148 1742 2356 1811 majore
2391 1742 2635 1813 profectu
2666 1742 3027 1814 propinquius
3055 1742 3211 1798 caelis
3240 1758 3431 1798 assur-

176 1825 359 1895 ἀλείαν
387 1827 721 1895 γεγονόταςο
757 1829 1048 1884 κάντεῦθεν
1086 1835 1166 1897 είς
1206 1834 1267 1887 τὸ
1314 1834 1387 1906 μὴ
1417 1836 1637 1906 μοιχοὺς
1665 1852 1755 1904 γε-

1860 1841 2039 1906 gerent
2068 1852 2081 1888 :
2110 1835 2289 1905 quoad
2319 1835 2375 1889 in
2406 1836 2703 1891 maximum
2739 1835 2919 1906 ipsum
2967 1850 3031 1891 ac
3061 1836 3431 1892 celsissimum

176 1917 389 1987 γονέναι
412 1936 426 1947 ’
457 1920 550 1973 καὶ
576 1915 643 1974 αὖ
676 1921 833 1975 πάλιν
871 1923 950 1986 εἰς
984 1924 1357 1997 σωφροσύνην,
1389 1927 1482 1979 καὶ
1512 1923 1621 1979 ἀπὸ
1655 1942 1755 1978 σω-

1860 1924 2149 1980 evadentes
2174 1925 2503 1995 virginitatis
2528 1925 2936 1990 documentum,
2956 1926 3101 1997 quod
3132 1929 3432 1998 perfectum

179 2009 456 2080 φροσύνης
509 2013 591 2076 είς
644 2013 972 2086 παρθενίαν·
1019 2014 1146 2069 ἔνθα
1208 2016 1601 2087 μελετήσαντες
1656 2016 1755 2087 τῆς

1860 2024 1945 2070 est
1978 2015 2433 2086 adipiscerentur,
2486 2031 2517 2070 a
2566 2017 2798 2072 fratrum
2844 2034 3205 2089 sororumque
3256 2019 3436 2075 mistis

183 2102 391 2169 σαρκὸς
437 2103 817 2174 ὑπερφρονεῖν,
861 2107 940 2170 εἰς
980 2106 1070 2160 τὸν
1103 2106 1202 2178 τῆς
1240 2106 1551 2178 ἀφθαρσίας
1582 2105 1754 2162 εὖδιον

1860 2106 2130 2178 conjugiis
2157 2108 2393 2178 primum
2438 2108 2845 2179 progredientes
2882 2117 2943 2163 ut
2976 2119 3231 2165 externas
3266 2110 3435 2167 duce-

187 2189 414 2255 ἀφὸϐως
433 2192 791 2263 ὲνορμίζονται
819 2194 1014 2266 χῶρον.

1860 2207 1979 2254 rent
1997 2215 2196 2255 uxores
2220 2218 2233 2255 :
2266 2198 2482 2266 deinde,
2506 2208 2564 2253 ut
2581 2216 2648 2255 ne
2664 2201 2851 2255 multis
2864 2203 3279 2273 quadrupedum
3302 2204 3432 2268 ritu,

195 2281 351 2334 velut
384 2282 436 2335 in
459 2296 605 2336 unam
639 2284 780 2339 hanc
812 2300 923 2340 rem
957 2287 1095 2352 nati,
1157 2288 1628 2353 congrederentur
1659 2309 1671 2345 :
1699 2289 1825 2346 inde
1873 2303 1934 2347 ut
1963 2292 2196 2348 adulteri
2228 2308 2340 2348 non
2360 2300 2569 2358 essent,
2628 2302 2792 2364 atque
2826 2294 2955 2349 hinc
3011 2310 3205 2351 rursus
3245 2304 3304 2352 ut
3340 2312 3434 2352 ca-

203 2375 461 2439 stitatem,
514 2391 681 2448 eaque
727 2379 1032 2448 perfuncti,
1068 2380 1437 2452 virginitatem
1473 2383 1753 2439 colerent:
1793 2385 1883 2441 ubi
1917 2401 1977 2441 se
2006 2387 2059 2439 in
2096 2387 2280 2442 carnis
2313 2394 2632 2457 contemptu
2676 2398 3016 2456 exercentes,
3062 2389 3119 2444 in
3165 2393 3437 2462 tranquil-

208 2470 304 2524 Ium
350 2470 783 2544 incorruptionis
837 2474 1052 2541 locum,
1087 2477 1237 2533 velut
1271 2478 1545 2535 tutissimo
1572 2489 1767 2552 portu,
1801 2489 1948 2537 metu
1979 2481 2147 2537 soluti
2167 2482 2524 2553 appellerent.

195 2592 312 2650 ου.
347 2593 435 2649 111.
461 2595 753 2652 Abrahami
773 2598 1171 2657 circumcisione
1208 2603 1421 2677 sublata
1456 2605 1992 2677 sororumrconjugia.
2024 2604 2422 2677 Appropheticis
2448 2603 2768 2675 temporibus
2793 2605 3074 2674 repudiata
3105 2606 3433 2676 polggamia.

1207 2674 1443 2729 Castitas
1470 2676 1788 2747 conjugalis,
1818 2674 1944 2746 Vipsa
1971 2674 2143 2732 modis
2163 2677 2407 2731 coercita.

253 2783 312 2839 ΕΞ
336 2784 396 2837 δέ
422 2803 511 2849 τις
560 2786 637 2849 ὡς
674 2786 990 2860 ἀμάρτυρον
1018 2788 1125 2842 τῶν
1154 2790 1384 2862 Γραφῶν
1405 2792 1753 2847 αἰτιάσασθαι

1928 2789 2008 2851 Νε
2033 2794 2159 2866 quis
2212 2809 2341 2851 vero
2399 2793 2701 2850 orationem
2750 2803 2809 2849 ut
2831 2792 3237 2865 Scripturarum
3284 2795 3437 2851 testi-

190 2876 438 2948 τολμήσαι
473 2877 562 2929 τὸν
593 2877 769 2945 λόγον,
789 2878 919 2951 φέρε
941 2879 1027 2951 δὴ,
1060 2881 1398 2952 παραθέντες
1430 2883 1523 2936 καὶ
1551 2882 1618 2937 τὰ
1645 2882 1752 2936 τῶν

1860 2888 2063 2945 moniis
2083 2886 2399 2944 destitutam
2413 2886 2611 2942 audeat
2630 2886 2895 2951 cavillari,
2924 2902 3044 2958 age,
3065 2886 3434 2957 producamus

188 2968 475 3041 προφητῶν
497 3008 512 3032 ,
558 2968 897 3043 ἀληθέστερα
968 2970 1167 3041 μᾶλλον
1243 2973 1611 3045 ἀποδείξωμεν
1686 2972 1755 3027 τὰ

1862 2979 2251 3051 prophetarum
2293 2978 2465 3044 locos,
2502 2978 2678 3049 iisque
2703 2985 2854 3034 certo
2871 2979 3075 3034 certius
3109 2978 3342 3042 veriora,
3368 2994 3433 3035 ea

190 3062 575 3133 προειρημένα.
620 3062 677 3115 '0
705 3062 836 3130 γοῦν
884 3063 1154 3136 ’Λϐραὰμ,
1189 3065 1403 3138 πρῶτος
1434 3069 1492 3119 ὲν
1522 3065 1755 3139 διαθήκῃ

1864 3089 1985 3144 qua:
2013 3073 2162 3128 dicta
2189 3088 2221 3127 a
2251 3071 2412 3127 nobis
2441 3080 2590 3134 sunt,
2618 3070 2988 3127 ostendemus.
3016 3069 3231 3127 Primus
3252 3072 3435 3142 itaque

188 3156 282 3225 τὴν
304 3157 604 3228 περιτομὴν
636 3155 835 3219 λαϐὼν,
880 3156 1031 3211 οὐδὲν
1073 3159 1258 3230 ἕτερον
1298 3160 1631 3212 αἰνίσσεσθαι
1672 3158 1755 3211 δο-

1862 3164 2162 3230 Abraham,
2184 3173 2409 3237 accepto
2420 3166 2858 3221 circumcisionis
2880 3163 3104 3229 fmdere,
3127 3165 3262 3219 nihil
3288 3164 3436 3220 aliud

189 3250 284 3311 κεῖ,
307 3248 366 3301 τὸ
398 3252 605 3303 οἰκεῖον
648 3250 757 3321 (20)
809 3252 1264 3325 περιτεμνόμενος
1285 3252 1385 3324 τῆς
1431 3253 1628 3326 σαρκὸς
1656 3254 1755 3306 αὑ-

1860 3257 2074 3313 videtur
2094 3257 2341 3323 innuere,
2364 3258 2644 3329 pr0prium
2666 3257 2852 3312 carnis
2871 3272 2984 3314 sua:
3011 3257 3314 3313 membrum
3335 3272 3438 3326 pu-

191 3339 272 3392 τοῦ
300 3342 487 3411 μέλος,
519 3343 553 3413 ἦ
587 3345 761 3410 τοῦτο,
782 3348 844 3400 τὸ
871 3348 1067 3419 μηκέτι
1088 3348 1153 3400 τὰ
1180 3348 1245 3401 ὲκ
1270 3345 1364 3400 τοῦ
1397 3346 1562 3399 αὐτοῦ
1588 3348 1755 3418 σπέρ·

194 3451 344 3503 ματος
382 3437 858 3511 δημιουργηθέντα
897 3440 1310 3512 παιδοσπορεῖν·
1349 3440 1459 3493 ἀπὸ
1490 3440 1587 3511 τῆς
1620 3439 1755 3503 ιδίας

193 3532 402 3587 tunc»
458 3530 723 3587 διδάσκων
780 3533 1035 3604 ἀδελφῆς,
1065 3527 1152 3587 οἶα
1178 3532 1398 3604 σαρκὸς,
1431 3532 1754 3603 ἀποτέμνειν

198 3624 278 3695 τὴν
303 3624 449 3680 κατὰ
485 3625 770 3678 συνουσίαν
786 3626 997 3696 ἡδονήν.
1025 3626 1185 3678 ’Ὥστε
1213 3625 1274 3678 τὸ
1294 3624 1633 3696 πλησιάζειν,
1661 3625 1756 3679 καὶ

194 3714 425 3784 ὀμεύνοις
480 3715 714 3787 χρῆσθαι
753 3720 869 3780 ταῖς
898 3715 1049 3786 σφῶν
1080 3716 1354 3786 ἀδελφαῖς,
1386 3716 1495 3771 ἀπὸ
1526 3716 1634 3770 τῶν
1659 3714 1753 3770 τοῦ

206 3806 443 3879 Ἀϐραὰμ
470 3807 744 3862 πέπαυται
774 3809 980 3881 καιρῶν
998 3826 1012 3840 ·
1038 3810 1099 3863 τὸ
1124 3809 1183 3863 δὲ
1208 3808 1466 3864 πλειόνων
1497 3808 1759 3863 συναλλα-

197 3902 294 3964 γιῖς
352 3900 697 3973 ἁρμόζεσθαι
747 3902 1047 3971 γυναικῶν,
1099 3902 1207 3956 ἀπὸ
1247 3901 1355 3956 τῶν
1403 3901 1756 3973 προφητικῶν

195 3990 452 4066 ἀνῄρηται
485 3995 706 4065 χρόνων.
752 3996 967 4049 Ὀπίσω
996 3996 1104 4069 γάρ
1132 4010 1248 4051 σου
1278 3993 1395 4049 τῶν
1430 3993 1757 4064 ἐπιθυμιῶν

188 4085 262 4153 μὴ
289 4088 609 4158 αορευθῇς,
636 4090 736 4145 καί
768 4090 887 4145 ἀ.τό
917 4090 1034 4144 τῶν
1068 4088 1320 4157 όρέξεών
1337 4102 1453 4143 σου
1484 4089 1718 4143 κωλύοι)
1736 4105 1751 4120 ⁸

192 4176 355 4250 οἶνος
387 4182 499 4254 γὰρ
533 4182 633 4237 καί
662 4182 942 4252 γυναῖκες
974 4182 1401 4250 ἀποστήσουσι
1434 4182 1750 4249 συνετούς.

187 4269 291 4325 Καὶ
307 4275 364 4325 ὲν
402 4275 591 4346 ἑτέρῳ·
624 4272 703 4328 ἰι
728 4272 888 4344 πηγή
922 4291 1039 4330 σου
1074 4274 1180 4329 τοῦ
1220 4273 1437 4341 ὕδατος
1460 4272 1616 4328 ἔστω
1651 4284 1752 4329 σοι

257 4411 282 4441 ⁸
315 4408 471 4465 Eccli.
512 4427 670 4476 xvm,
705 4412 794 4466 30.
870 4414 913 4445 ¹⁰
953 4412 1115 4467 Eccli.
1151 4429 1266 4479 XIX,
1295 4413 1352 4469 2.

1862 3348 2052 3415 tando,
2095 3363 2282 3419 quam,
2320 3349 2464 3404 haud
2495 3350 2727 3421 amplius
2754 3350 2918 3406 licere
2942 3366 3065 3406 cum
3091 3365 3155 3406 ea
3184 3366 3306 3423 quas
3342 3349 3437 3408 iis-

1862 3440 1985 3496 dem
2014 3450 2135 3495 orta
2164 3439 2483 3510 parentibus
2510 3442 2614 3505 sit,
2640 3457 2756 3497 rem
2787 3441 3090 3498 maritalem
3123 3442 3351 3510 habere;
3401 3459 3433 3499 a

1862 3533 2087 3603 propria
2114 3547 2386 3603 quemque
2420 3547 2632 3595 sorore,
2661 3534 2809 3589 velut
2827 3549 3041 3590 acarne
3067 3535 3308 3606 propria,
3335 3537 3436 3591 do-

1863 3641 1996 3681 cens
2043 3640 2394 3697 congressum
2442 3636 2745 3697 amputare.
2801 3624 2987 3695 Itaque
3035 3628 3104 3681 ab
3138 3627 3433 3682 Abrahami

1863 3727 2045 3785 aetate,
2068 3735 2274 3775 morem
2300 3719 2448 3774 illum
2469 3735 2579 3790 quo
2598 3732 2816 3774 sorores
2836 3718 3097 3774 fratribus
3116 3720 3431 3789 nuptiarum

1864 3813 2069 3870 findere
2098 3815 2491 3886 jungehantur,
2525 3813 2798 3890 sublatum
2832 3810 3101 3866 videmus.
3129 3810 3326 3866 Multas
3342 3826 3433 3865 au-

1873 3911 1981 3960 tem
2000 3905 2160 3960 simul
2176 3906 2245 3959 ab
2264 3921 2371 3959 uno
2391 3904 2576 3961 haberi
2596 3918 2795 3959 uxores
2813 3918 2844 3956 a
2865 3902 3200 3973 propheticis
3217 3910 3431 3973 tempo-

1862 3996 2016 4052 ribus
2061 3996 2288 4067 perinde
2320 3998 2585 4052 abolitum
2623 4004 2727 4051 est.
2807 3994 2942 4049 Post
2978 3996 3429 4064 concupiscentias

1860 4090 2005 4145 enim
2030 4099 2150 4145 tuas
2169 4130 2184 4153 ,
2219 4090 2432 4159 inquit,
2465 4104 2634 4145 necas
2655 4127 2670 4152 ,
2702 4096 2753 4142 et
2781 4105 2814 4142 a
2843 4086 3115 4143 desideriis
3149 4088 3252 4143 tuis
3281 4106 3434 4143 aver-

1862 4193 1969 4238 tere
2010 4184 2031 4216 ’
2069 4198 2089 4236 :
2135 4181 2325 4236 Vinum
2357 4183 2501 4237 enim
2548 4191 2599 4236 et
2630 4181 2875 4237 mulieres
2906 4191 3208 4248 apostatare
3233 4181 3434 4252 facient

1861 4271 2122 4343 sapientes
2155 4272 2222 4330 ‘°.
2242 4270 2306 4325 Et
2323 4271 2431 4327 alio
2450 4272 2571 4327 loco
2595 4271 2778 4328 :Fons
2801 4281 2920 4326 tuus
2939 4287 3090 4343 aqua:
3101 4272 3169 4325 sit
3196 4272 3291 4326 tibi
3303 4287 3432 4342 pro-

270 4528 382 4599 (20)
399 4531 646 4613 planior.
672 4528 993 4613 Valac‘o‘dex
1009 4572 1024 4595 ,
1053 4534 1249 4613 οἰκεῖον
1273 4531 1748 4613 περιτεμνόμενος.

1860 4531 2112 4603 deinceps
2139 4532 2383 4586 illicitam
2412 4530 2639 4585 fratrum
2660 4546 2783 4586 cum
2822 4530 3105 4586 sororibus
3130 4529 3253 4613 _(qui
3285 4532 3433 4613 velut

189 4596 331 4683 κει.
364 4596 549 4683 οξκείον
585 4600 1083 4683 περιστελλόμενος.
1130 4596 1372 4657 Vaticani
1402 4596 1778 4683 τδπεριτεμχ

187 4670 413 4753 νόμενος
444 4672 592 4753 Ιρηεε
621 4670 805 4753 aptius
823 4670 928 4752 est.
958 4674 1226 4753 Ciete‘rum
1257 4682 1486 4753 uterque
1518 4670 1667 4753 errat
1690 4670 1752 4753 in

187 4755 316 4795 voce
343 4744 556 4796 οἰκεῖον·
588 4744 772 4812 agitur
798 4746 942 4797 enim
971 4746 1037 4799 de
1065 4744 1502 4805 circumcisione,
1520 4755 1574 4797 et
1602 4745 1753 4798 desi-

1856 4619 2026 4657 unum
2069 4616 2270 4672 corpus
2325 4613 2677 4664 censeantur,
2732 4618 2839 4655 uno
2888 4617 2954 4656 ex
3010 4612 3219 4657 semine
3267 4612 3430 4673 atque

1857 4674 2034 4736 utero)
2062 4676 2309 4744 copulam
2343 4693 2355 4727 ;
2393 4675 2631 4744 nec_l'nit
2661 4687 2906 4744 necesse,
2942 4686 3000 4725 re
3033 4672 3429 4744 cunctisnota,

1857 4741 2159 4798 membrum
2193 4747 2369 4812 ipsum
2418 4742 2574 4797 virile
2597 4743 2921 4812 eXprimere,
2955 4741 3189 4811 quadam
3219 4743 3430 4812 piarum

189 4822 384 4878 gnatnr
420 4812 728 4884 membrum
771 4814 827 4867 in
871 4829 978 4884 quo
1010 4830 1074 4869 ea
1105 4815 1218 4868 lieri
1249 4824 1606 4870 consueverat
1638 4833 1650 4868 :
1684 4814 1750 4868 ad
1854 4815 2069 4867 aurium
2122 4813 2452 4884 offensione;
2483 4814 2573 4866 illa
2606 4813 2903 4884 praesertim
2929 4828 3084 4884 voce
3105 4852 3119 4874 .
3154 4829 3261 4883 qua
3292 4829 3430 4868 nus-

192 4884 325 4948 quod
378 4883 542 4937 nimis
586 4884 837 4953 generica
873 4883 956 4938 est
997 4900 1099 4938 vox
1139 4885 1357 4948 οἰκεῖον,
1385 4900 1504 4954 quae
1532 4885 1749 4949 manui,

244 4954 302 5006 :di
338 4963 395 5008 et
446 4956 703 5009 omnibus
753 4955 875 5009 aliis
900 4957 1146 5025 partibus
1184 4956 1430 5025 corporis
1473 4956 1750 5010 convenit.

259 5026 480 5097 ripserit
505 5041 635 5097 ergo
658 5024 962 5097 Methodius
982 5027 1158 5097 ὀχεῖον
1183 5044 1207 5097 εν
1231 5024 1418 5080 notum
1446 5026 1591 5080 enim
1617 5024 1750 5097 quid

186 5096 255 5151 sit
270 5094 480 5167 Graecis
507 5094 735 5165 ὀχεύειν,
764 5104 818 5150 ει
844 5096 968 5150 inde
994 5094 1341 5167 ἀμειελὸχεία
1373 5103 1427 5151 ει
1448 5094 1753 5167 ὀχεῖοςξυί-

184 5166 389 5222 narcho
426 5167 592 5238 ζππος
630 5168 805 5238 ὀχεῖος
832 5182 1005 5236 equus
1036 5165 1393 5221 admissarius
1414 5205 1429 5230 ,
1460 5165 1514 5222 et
1543 5166 1758 5222 Aristo-

182 5242 271 5289 teli
318 5252 385 5308 gl
423 5236 629 5293 Hister.
660 5236 837 5291 Anim.
869 5238 1106 5307 generali
1140 5237 1401 5308 vocabulo
1430 5238 1583 5308 ὀχεῖα
1603 5278 1617 5299 ,
1643 5254 1759 5308 ma-

310 5305 407 5360 Sic
438 5309 587 5379 enim
615 5308 727 5379 illic
753 5305 914 5379 habet
950 5322 1071 5377 cap.
1116 5307 1184 5379 I8
1221 5326 1234 5362 :
1267 5307 1350 5361 Τὰ
1382 5305 1535 5379 ὀχεῖα
1561 5309 1624 5360 ὲκ
1648 5307 1756 5360 τῶν

184 5373 410 5450 θηλειῶν
424 5377 523 5429 οὐκ
535 5377 829 5450 ἐξαίρουσι.
849 5373 1034 5450 Mores
1049 5395 1080 5431 a
1097 5378 1307 5449 feminis
1331 5373 1447 5434 ηοιῖ
1460 5388 1755 5450 segregant.

326 5447 533 5503 Luna.
564 5478 634 5520 -έ
657 5444 747 5520 ’Υό
775 5448 993 5502 οἰκεῖον
1021 5444 1533 5520 περιτεμνόμενοςξ
1568 5444 1755 5520 Εἱιίιοι·

184 5511 382 5588 Lupar.
413 5533 551 5588 pene
571 5519 769 5588 plagio,
794 5527 981 5573 contra
1008 5511 1251 5574 omnium
1275 5511 1526 5575 codicum
1569 5519 1751 5584 ﬁdem,

182 5586 354 5655 ὀχεῖον
378 5586 585 5661 mutat,
620 5586 800 5661 aitque
818 5605 1000 5661 errare
1022 5590 1260 5652 codices,
1296 5591 1413 5661 ipse
1440 5592 1614 5660 magis
1662 5605 1753 5645 er-

185 5670 330 5730 rans.
373 5658 522 5713 Salis
552 5660 650 5712 fuit
690 5657 980 5721 Methodio,
1010 5667 1070 5714 ut
1102 5657 1333 5730 propriai
1360 5657 1553 5715 carnis
1577 5676 1752 5715 mem-

182 5723 262 5780 bri
290 5732 662 5799 amputatione
691 5730 926 5793 diceret,
957 5723 1319 5800 signiiicaium
1354 5732 1409 5786 iu
1438 5732 1751 5787 Abrahamo

504 5825 768 5886 PATROL.
813 5824 930 5887 Gtt.
976 5822 1207 5884 XVIII.

1897 4899 2018 4937 nam
2051 4898 2149 4939 usa
2181 4883 2464 4949 Scriptura
2495 4892 2588 4936 aut
2642 4882 2855 4945 Patres,
2889 4882 2979 4937 ubi
3012 4883 3119 4937 illis
3142 4882 3322 4939 sermo
3344 4890 3431 4938 est

1897 4902 2018 4937 nam
2051 4902 2149 4939 “$3
2182 4902 2464 4949 διτιβιυτιι
2495 4902 2588 4936 θυι
2642 4902 2855 4945 ιἐιιτεδ,
2889 4902 2979 4937 1101
3012 4902 3119 4937 IIIIS
3142 4902 3322 4939 δοτιηο
3344 4902 3431 4938 εει

1855 4902 1924 5030 ge
1950 4955 2402 5019 cireumcisione;
2435 4968 2687 5030 quae‘nec
2718 4953 2859 5030 apud
2887 4952 3145 5023 profanos
3175 4953 3433 5030 pudenda

1860 5028 1981 5095 ipsa
2007 5031 2386 5096 veretrumque
2406 5022 2694 5096 significet,
2721 5022 2815 5079 seu
2840 5024 3011 5092 ipsam
3041 5025 3199 5094 quasi
3227 5022 3435 5080 admis-

1860 5111 2068 5151 Stonem
2127 5095 2403 5166 ntarisQue
2456 5095 2745 5166 insilientis
2789 5096 3275 5166 congressionem;
3331 5109 3432 5152 seu

1858 5180 2037 5219 mares
2070 5166 2219 5235 ipsos
2248 5163 2329 5220 sic
2359 5165 2675 5235 congressui
2717 5163 3042 5220 destinatos.
3075 5163 3184 5218 Sua
3203 5180 3305 5220 suo
3333 5181 3433 5220 no-

1858 5235 2004 5290 mine
2021 5235 2207 5299 edant,
2235 5237 2381 5297 Iicet,
2415 5237 2594 5306 magni
2623 5236 2695 5289 illi
2719 5235 3029 5306 aristarchi,
3061 5235 3107 5289 si
3138 5235 3194 5291 in
3224 5237 3433 5289 mundo

1857 5308 2238 5361 auctoritatem
2275 5304 2594 5373 inveniunt;
2637 5322 2746 5360 non
2781 5322 2845 5361 ea
2875 5304 3091 5362 levitate
3112 5321 3176 5361 es
3212 5313 3317 5364 Suo
3348 5307 3433 5362 in-

1858 5378 2018 5446 genio
2046 5384 2284 5448 veterum
2332 5385 2688 5448 monumenta
2724 5384 3088 5448 componant,
3119 5378 3309 5448 eisque
3333 5379 3435 5448 oli-

1858 5449 2102 5503 trudant.
2156 5447 2338 5518 Longe
2379 5446 2593 5518 diversa
2651 5446 2770 5518 γει.
2824 5447 2985 5501 lectio
3016 5463 3045 5500 a
3075 5446 3333 5518 reliquis.
3370 5447 3434 5502 τὸ

1863 5518 2058 5591 μηκέτι
2089 5521 2169 5583 εἰς
2191 5517 2292 5590 τὴν
2310 5521 2375 5573 ἐκ
2395 5517 2488 5572 τοῦ
2513 5517 2679 5591 αὐτοῦ
2708 5517 2941 5591 αἵματος
2970 5518 3146 5590 σάρκα
3167 5517 3429 5591 δημιουρ

1860 5586 2121 5663 meam
2147 5586 2555 5663 παιδοσπορεῖν·
2588 5588 2684 5663 sed
2706 5586 3089 5663 idemAsensuit,
3121 5590 3193 5645 τὰ
3226 5586 3293 5645 ἔκ
3333 5586 3432 5646 τοῦ

1859 5658 2023 5715 αὗτοῦ
2051 5664 2275 5733 αἵματος
2308 5658 2791 5735 δημιουργηθέντα.
2832 5658 3122 5716 Couesrts.

3072 5824 3110 5885 2
