3964 6206
491 250 562 303 ιδ
1448 246 1503 302 s.
1548 245 1876 303 umnoon
1916 244 2224 304 EPISCOPI
2264 247 2352 302 ET
2393 247 2748 305 MARTYRIS
3068 222 3073 227 ⁷
3653 254 3727 308 ιι

487 368 669 437 prius,
722 374 770 421 et
811 363 1109 435 jucundare
1136 379 1253 417 cum
1286 378 1478 427 uxore,
1509 379 1624 433 qua:
1656 363 1748 415 tibi
1775 362 1997 416 adltwsit
2027 381 2040 416 ι

2164 366 2280 417 ἰδία
2304 364 2436 436 (21),
2492 365 2592 419 καί
2631 367 3076 434 συνευφραίνου
3116 367 3265 435 μετὰ
3304 367 3585 437 γυναικὸς
3614 367 3727 438 τῆς

486 457 756 522 iuventute
780 466 871 508 tua
903 455 978 520 ¹¹;
1014 453 1293 523 repudiata
1324 453 1530 506 scilicet
1558 452 1793 522 plurium
1825 467 2057 506 uxorum

488 536 728 604 licentia.
761 545 1024 601 Jercmias
1040 560 1198 612 vero,
1232 544 1409 614 Equos
1433 553 1696 597 amatores
1713 553 1760 597 et
1783 544 2056 597 emissores

488 661 582 702 eos
616 643 901 699 manifeste
932 642 1172 702 vocat",
1199 642 1290 711 qui
1324 656 1383 695 se
1412 641 1467 694 in
1502 640 1839 694 diversarum
1867 639 2058 694 mulie-

488 753 607 791 rum
644 750 855 791 amores
903 733 1186 790 eii'undunt
1217 752 1228 787 :
1273 732 1568 801 Multigena
1601 732 1744 787 enim
1776 732 2056 799 impiorum

488 827 773 883 multitudo
819 843 921 880 non
949 826 1048 879 erit
1078 825 1245 886 utilis,
1280 833 1330 877 et
1358 823 1673 878 adulterina?
1702 821 2054 892 plantationes

487 938 587 975 non
616 918 815 972 dabunt
842 916 1041 971 radices
1071 918 1209 970 altas
1230 917 1299 948 "-

558 1010 664 1067 Sed
689 1027 755 1066 ne
777 1010 972 1081 prolixi
1000 1009 1173 1064 simus
1203 1006 1526 1078 colligendis
1550 1004 1881 1077 pr0pbeticis
1908 1004 2055 1059 voci-

484 1104 588 1160 bus
613 1144 629 1170 ,
684 1120 782 1176 age
807 1146 822 1168 ,
862 1113 1173 1159 astruamus
1206 1117 1423 1156 rursum
1452 1100 1724 1170 quomodo
1747 1096 2055 1152 voluntaria

486 1199 712 1254 castitas
734 1197 977 1268 legitimo
997 1197 1163 1251 etiam
1187 1196 1311 1249 usui
1333 1191 1626 1264 singularis
1641 1205 1763 1245 cum
1786 1204 1895 1244 una
1918 1203 2052 1241 con-

478 1293 615 1365 jugii
637 1292 993 1349 successerit:
1020 1291 1288 1360 tantisper
1307 1289 1518 1345 scilicet
1578 1285 1908 1340 subtrahens
1932 1298 2055 1339 car-

483 1389 570 1441 nis
598 1384 854 1440 libidines
873 1425 888 1449 ,
926 1383 1052 1438 dum
1077 1382 1317 1453 perfecte
1341 1380 1636 1452 proclivem
1661 1393 1726 1433 ex
1754 1381 2051 1431 consuetu-

483 1479 609 1533 dine
640 1479 695 1532 in
728 1477 978 1547 copulam
1012 1476 1272 1545 impetum
1302 1488 1365 1528 ac
1395 1487 1533 1543 pene
1565 1470 1820 1527 etirenem
1843 1482 2054 1539 repres-

482 1566 634 1621 serit.
690 1565 883 1620 Statim
939 1579 1073 1620 sane
1104 1563 1389 1619 manifeste.
1437 1560 1736 1624 inducitur,
1767 1560 1861 1629 qui
1911 1559 2051 1613 hanc

480 1656 737 1726 deinceps
783 1654 1201 1724 occupationem
1252 1669 1282 1708 a
1325 1669 1385 1710 se
1417 1652 1726 1716 amoliatur,
1759 1652 1887 1706 dum
1927 1652 2045 1706 ait:

2157 457 2225 510 ἐκ
2255 458 2533 525 νεότητός
2563 473 2678 511 σου
2700 475 2714 487 ·
2744 457 2984 528 δηλονότι
3008 460 3438 530 παραιτούμενος
3473 458 3571 523 τὰς
3598 459 3730 513 πολ-ο

2155 545 2270 610 λάς.
2314 547 2372 600 ’0
2396 547 2451 598 δὲ
2487 546 2775 619 Ἱερεμίας,
2812 547 3054 614 Ἵππους
3095 547 3445 615 θηλυμανεῑς
3489 548 3731 618 ἀναφαν-

2155 635 2243 689 δὸν
2267 636 2393 699 τοὺς
2448 637 2528 700 είς
2579 635 2867 709 διαφόρους
2912 636 3232 708 μαργῶν-δας
3261 640 3521 705 γυναῖκας
3548 638 3726 694 καλεῖ.

2154 729 2502 797 Πολύγονον
2568 728 2676 800 (22)
2717 728 2854 802 γὰρ,
2878 730 3063 800 φησὶν,
3107 728 3341 783 ἀσεϐῶν
3382 730 3613 799 πλῆθος
3651 736 3727 787 οὐ

2155 821 2562 890 χρησιμεύσει,
2581 822 2767 877 καὶὲκ
2795 825 2986 877 νόθων
3008 821 3438 893 μοσχευμάτων
3454 825 3526 877 οὐ
3546 822 3729 879 δώσει

2146 911 2318 978 ῥίζαν
2343 915 2431 978 είς
2448 911 2659 979 βάθος.

2237 1002 2395 1055 Ἀλλὰ
2460 1002 2567 1075 γὰρ
2617 1004 2701 1058 ἵνα
2750 1002 2824 1075 μὴ
2873 1002 3301 1075 μακρηγορῶμεν
3337 1004 3428 1057 ἐπὶ
3459 1003 3593 1057 πολὺ
3623 1002 3727 1070 τὰς

2155 1095 2495 1165 πωφητικὰς
2542 1095 2926 1167 ἀναλεγόμενοι
2968 1096 3166 1165 φωνὰς,
3203 1097 3332 1168 φέρε
3359 1096 3421 1169 δὴ
3444 1098 3726 1168 συστήσω-

2157 1201 2254 1254 μεν
2301 1185 2483 1249 πάλιν,
2533 1188 2683 1252 ὅπως
2729 1187 3026 1257 διαδέχεται
3080 1186 3179 1258 τὴν
3234 1187 3327 1241 ἐπὶ
3363 1191 3458 1259 μιᾷ
3501 1187 3724 1257 γυναικὶ

2154 1276 2488 1349 συναλλαγὴν
2519 1280 2551 1349 ή
2584 1281 2925 1352 σωφροσύνη,
2961 1280 3146 1351 μέχρις
3183 1278 3247 1333 ἂν
3278 1279 3476 1351 ὲκλύσῃ
3500 1277 3724 1343 τελείοις

2152 1369 2249 1441 τὴν
2278 1372 2343 1423 ἐκ
2364 1369 2458 1423 τοῦ
2483 1369 2636 1435 ἔθους
2657 1373 2748 1425 ἐπὶ
2774 1371 2872 1443 τὴν
2911 1372 3193 1425 συνουσίαν
3218 1372 3553 1443 καταφορὰν,
3583 1372 3724 1444 πρὸς

2151 1462 2329 1531 ὀλίγον
2396 1465 2771 1536 ἀφαιρουμένη
2822 1464 2920 1528 τὰς
2964 1464 3060 1535 τῆς
3112 1463 3313 1534 σαρκὸς
3367 1463 3722 1535 ἡδυπαθείας.

2150 1553 2358 1606 Αὐτίκα
2379 1552 2508 1622 γοῦν
2536 1553 2810 1622 εἰσάγεται
2832 1552 3183 1625 τιςὲμφανῶς
3217 1552 3316 1625 ἤδη
3347 1552 3532 1608 λοιπὸν
3567 1571 3722 1625 παρ-

2150 1645 2465 1716 αιτούμενος
2508 1647 2717 1699 τουτονὶ
2749 1647 2837 1699 τὸν
2880 1645 3278 1717 περισπασμδν,
3308 1645 3501 1714 Κύριε,
3523 1645 3719 1714 λέγων,

479 1746 723 1811 Domine,
742 1745 901 1800 Pater
921 1756 969 1799 et
991 1745 1294 1799 dominantur
1310 1746 1429 1799 vita:
1454 1761 1600 1808 mew,
1628 1760 1690 1797 ne
1717 1743 2040 1813 derelinquas

2149 1738 2340 1807 Πάτερ
2388 1739 2487 1792 καὶ
2526 1737 2796 1793 δέσποτα
2830 1736 2941 1807 τῆς
2974 1735 3117 1805 ζωῆς
3136 1755 3274 1806 μου,
3295 1736 3382 1805 μὴ
3410 1739 3722 1807 ἐγκαταλίο

479 1853 560 1889 me
593 1838 644 1890 in
676 1838 894 1891 consilio
932 1853 1134 1892 eorum.
1170 1835 1550 1889 Extollentiam
1573 1836 1844 1889 oculorum
1870 1851 2049 1888 amove

478 1945 510 1981 a
544 1945 642 1981 me.
675 1926 862 1982 Cordis
889 1928 1309 1997 concupiscentia
1336 1937 1384 1981 et
1405 1915 1709 1981 conc'ubitus
1738 1944 1841 1980 non
1871 1943 2049 1996 appre-

476 2017 705 2074 hendant
733 2037 813 2075 me
839 2020 905 2076 “.
938 2020 995 2073 ln
1025 2021 1165 2074 libro
1193 2028 1371 2074 autem
1398 2020 1707 2091 Sapientiae,
1741 2035 1847 2090 quo
1869 2019 2047 2075 omnis

475 2109 695 2165 virtutis
744 2111 1034 2165 traduntur
1082 2111 1440 2174 documenta,
1492 2113 1669 2182 palam
1696 2111 1808 2181 jam
1837 2122 1891 2167 et
1929 2111 2046 2167 sine

476 2200 1012 2271 ambage.auditores
1040 2202 1106 2256 ad
1134 2203 1531 2258 continentiam
1557 2210 1608 2256 ct
1630 2203 1935 2256 castitatem
1966 2209 2049 2255 at-

475 2294 698 2348 traliens
728 2293 963 2364 Spiritus
996 2303 1241 2358 sanctus,
1277 2296 1404 2350 talia
1446 2294 1760 2349 modulatur
1799 2312 1813 2348 :
1856 2292 2049 2347 Melior

472 2394 551 2440 est
590 2386 875 2440 liberorum
923 2386 1123 2441 orbitas
1155 2404 1273 2440 cum
1312 2387 1534 2450 virtute,
1583 2386 1919 2449 inclamans;
1950 2386 2051 2437 im-

473 2479 775 2531 mortalitas
824 2478 961 2532 enim
994 2488 1071 2532 est
1116 2479 1170 2531 in
1210 2479 1461 2531 memoria
1512 2477 1686 2542 illius,
1720 2478 1967 2547 quoniam
2001 2484 2051 2531 et

473 2571 613 2638 apud
645 2568 809 2623 Deum
839 2582 966 2624 nota
997 2578 1095 2633 est,
1128 2579 1178 2622 et
1207 2568 1347 2638 apud
1367 2569 1623 2624 homines.
1647 2570 1780 2624 Cum
1812 2585 2044 2639 pra'sens

469 2670 570 2725 est,
601 2661 776 2715 colunt
807 2661 979 2725 illam,
1011 2670 1061 2716 et
1092 2660 1395 2716 desiderant
1429 2678 1543 2716 eam
1569 2679 1688 2715 cum
1727 2677 1783 2717 se
1806 2660 2042 2716 abdume-

469 2750 583 2807 rit:
623 2760 673 2805 et
718 2752 775 2805 in
817 2760 1118 2820 perpetuum
1157 2760 1412 2806 coronata
1460 2751 1779 2822 triumphat,
1843 2751 2043 2805 incoin-

473 2844 805 2913 quinatorum
832 2844 1177 2897 certaminum
1199 2860 1363 2914 agone
1395 2853 1639 2913 superato
1674 2844 1739 2898 ".

2150 1843 2269 1900 πῃς
2297 1849 2372 1900 με
2394 1831 2465 1885 ἐν
2487 1829 2691 1900 ,βουλῇ
2721 1829 2936 1884 αὐτῶν.
2965 1829 3376 1901 Μετεωρισμὸν
3400 1832 3723 1903 ὀφθαλμῶν

2149 1921 2334 1991 ἄφελε
2361 1924 2463 1977 ἀπ’
2493 1922 2638 1993 ἐμοῦ
2656 1939 2669 1952 ·
2712 1921 2959 1990 καρδίας
2981 1921 3093 1992 (25)
3124 1921 3312 1989 ὄρεξις
3345 1922 3442 1976 καὶ
3490 1939 3722 1979 συνου-

2150 2015 2408 2084 σιασμὸς
2433 2017 2519 2084 μὴ
2551 2013 3045 2068 καταλαϐέτωσάν
3087 2030 3179 2082 με.
3211 2016 3321 2067 Καὶ
3342 2015 3400 2068 ὲν
3430 2017 3496 2086 τῇ
3546 2032 3723 2070 πανσ-

2153 2108 2292 2180 ρέτῳ
2311 2107 2367 2160 δὲ
2386 2107 2575 2177 Σοφίᾳ,
2596 2106 2819 2178 γυμνῶς
2845 2107 2946 2178 ἤδη
2958 2108 3084 2169 τοὺς
3113 2107 3384 2178 ἀκροατὰς
3409 2109 3485 2172 είς
3508 2109 3721 2182 ὲγκρά-

2142 2219 2291 2256 τειαν
2346 2200 2702 2270 ἐφελκόμενον
2743 2199 2837 2253 καὶ
2888 2199 3237 2272 σωφροσύνην
3299 2200 3369 2254 eo
3396 2201 3616 2273 Πνεῦμα
3653 2202 3719 2257 τὸ

2146 2294 2319 2362 ἆγιον,
2382 2292 2604 2346 τοιαῦτα
2659 2291 2884 2363 μελῳδεί
2906 2308 2920 2323 ⁸
2977 2292 3275 2361 Κρεῖσσον
3316 2293 3426 2364 (21)
3471 2296 3717 2349 ἀτεχνία

2143 2385 2267 2457 μετ’
2313 2383 2546 2453 ἀρετῆς,
2586 2384 2887 2455 κεκραγός·
2931 2385 3227 2439 ἀθανασιά
3274 2382 3382 2454 γάρ
3426 2386 3598 2438 ἐστιν
3640 2387 3715 2440 ἐν

2143 2474 2348 2544 μνήμῃ
2375 2472 2585 2541 αὐτῆς,
2623 2472 2712 2526 ὅτι
2755 2474 2852 2526 καὶ
2896 2473 3055 2540 παρὰ
3085 2472 3201 2538 Θεῷ
3224 2471 3573 2541 γινώσκεται
3603 2475 3706 2528 καί

2149 2562 2307 2631 παρὰ
2321 2563 2672 2631 ἀνθρώποις.
2690 2563 3016 2631 Παροῦσὰν
3032 2581 3095 2618 τε
3113 2563 3356 2634 τιμῶσιν
3366 2564 3579 2633 αὐτὴν,
3602 2568 3704 2620 καὶ

2144 2651 2439 2706 ποθοῦσιν
2467 2651 2886 2706 ἀπελθοῦσαν·
2928 2654 3026 2707 καὶ
3066 2655 3137 2708 ἐν
3167 2654 3244 2720 τῷ
3286 2655 3448 2709 αἰῶνι
3485 2671 3705 2726 στεφα-

2144 2744 2494 2813 νηφοροῦσα
2548 2746 2857 2811 πομπεύει,
2915 2745 3025 2800 τὸν
3053 2745 3171 2800 τῶν
3197 2747 3486 2817 ἀμιάντων
3507 2748 3704 2803 ἄθλων

2143 2837 2344 2909 ἀγῶνα
2366 2835 2690 2904 νικήσασα.

471 2960 598 3018 Car.
636 2960 723 3017 IV.
756 2958 899 3015 Unus
926 2959 1168 3041 Christus
1192 2963 1546 3033 uirginitatem
1576 2960 1807 3045 edocuit,
1848 2970 2027 3085 apertle
2052 2956 2359 3101 prwdiiians
2386 2972 2608 3081 sequam
2638 2959 2908 3013 caelorum.
2942 2958 3039 3015 Dei
3064 2960 3385 3026 similitudo,
3417 2960 3710 3016 diuinarum

1708 3042 1961 3087 uirtutum
2014 3048 2106 3085 uce
2135 3046 2227 3099 per
2269 3045 2383 3083 cten
2426 3046 2478 3084 α.

1708 3042 1961 3087 uirtutum
1992 3042 2106 3085 tuce
2135 3042 2478 3099 perficienda.

539 3150 613 3207 De
644 3151 881 3209 humano
910 3154 1093 3226 itaque
1124 3171 1321 3227 genere
1369 3154 1575 3212 dictum
1626 3162 1730 3223 est,
1759 3153 2036 3227 quomodo

2204 3150 2338 3224 napi.
2387 3150 2486 3221 μὲν
2539 3146 2631 3205 οῦν
2684 3150 2889 3222 καιρῶν
2934 3150 3036 3221 τῆς
3085 3151 3523 3224 ἀνθρωπότητος,
3566 3153 3710 3218 ὅπως

470 3259 498 3297 a
525 3259 773 3300 sororum
796 3247 1064 3319 conjugiis
1090 3248 1157 3302 ad
1191 3248 1581 3303 continentiam
1613 3263 1807 3319 usque,
1836 3247 2040 3303 sensim

469 3355 564 3407 per
591 3347 807 3393 aetatum
829 3343 1030 3412 gradus
1051 3341 1378 3413 profecerit;
1405 3351 1654 3413 superest
1676 3351 1735 3397 ut
1760 3350 1814 3396 et
1834 3341 1901 3397 de
1929 3342 2041 3396 vir-

468 3433 693 3503 ginitate
725 3432 993 3490 dicamus.
1022 3434 1134 3490 Hoc
1164 3435 1330 3505 igitur
1355 3446 1559 3506 quanta
1588 3434 1751 3490 fuerit
1781 3434 2036 3499 facultas,

469 3525 626 3581 nobis
657 3527 1068 3582 connitendum.
1106 3527 1281 3598 Atque
1323 3528 1376 3582 id
1424 3528 1479 3581 in
1533 3527 1730 3594 primis
1761 3526 2039 3596 disquira-

467 3633 588 3673 mus
616 3633 840 3674 necesse
871 3627 975 3682 est,
1006 3619 1133 3689 quid
1158 3618 1374 3674 tandem
1405 3633 1585 3674 causa
1605 3619 1697 3682 sit,
1727 3632 1850 3672 cum
1881 3616 2036 3671 multi

466 3710 741 3780 propheta!
768 3718 821 3764 et
845 3710 977 3779 justi
1005 3711 1172 3764 multa
1202 3725 1267 3764 ac
1300 3710 1561 3780 praeclara
1594 3717 1707 3763 tum
1727 3709 2033 3776 docuerint,

466 3808 577 3852 tum
615 3799 718 3868 ipsi
775 3799 1159 3869 praestiterint,
1218 3799 1404 3861 nullus
1454 3808 1635 3854 tamen
1669 3798 2035 3869 virginitatem

463 3901 559 3944 aut
582 3892 836 3946 laudibus
859 3891 1171 3956 celebrarit,
1201 3899 1297 3946 aut
1316 3893 1651 3963 propositum
1679 3892 1800 3962 ejus
1822 3907 2036 3947 assum-

462 3984 630 4053 pserit
655 3980 806 4037 ?So!i
846 3985 1103 4038 nimirum
1139 3985 1371 4039 Domino
1398 3985 1690 4056 disciplina
1743 3984 1859 4039 haec
1907 4000 2035 4040 san~

462 4074 655 4127 cienda
687 4073 1028 4135 servabatur,
1063 4073 1157 4143 qui
1199 4084 1254 4128 et
1292 4075 1443 4130 solus
1474 4075 1526 4128 in
1573 4073 1834 4128 mundum
1864 4071 2030 4126 adve-

463 4164 641 4226 niens,
673 4164 922 4218 homines
957 4164 1143 4218 docuit
1184 4165 1238 4218 in
1300 4164 1467 4220 Deum
1502 4167 1755 4221 transire.
1800 4164 2033 4219 Decebat

462 4254 605 4308 enim
636 4256 728 4326 qui
776 4256 1029 4326 princeps
1081 4255 1424 4310 sacerdotum
1476 4265 1621 4311 esset
1668 4258 2031 4326 princepsque

460 4351 848 4418 prophetarum
879 4356 932 4402 et
948 4349 1204 4418 princeps
1225 4349 1566 4419 angelorum,
1593 4347 1842 4402 eumdem
1866 4348 2029 4402 etiam

462 4440 732 4509 virginum
769 4442 1068 4510 principem
1093 4439 1304 4495 audire.
1329 4437 1646 4507 Antiquitus
1677 4446 1854 4494 autem
1900 4452 2030 4493 nec-

2144 3243 2421 3316 ὰρξαμένη
2455 3242 2562 3296 ἀπὸ
2591 3242 2692 3313 τῆς
2738 3242 3139 3314 ἀδελφομιξίας,
3186 3242 3421 3298 ὦδευσεν
3471 3245 3564 3298 ἐπὶ
3613 3247 3715 3316 τὴν

2142 3337 2487 3409 ἐγκράτειαν,
2519 3336 2764 3406 sim-car
2801 3335 2928 3405 περὶ
2981 3334 3038 3387 δὲ
3081 3335 3381 3406 παρθενίας
3426 3335 3712 3390 λείπεταιο

2141 3427 2264 3480 ὅσον
2295 3422 2386 3479 οὖν
2416 3426 2659 3489 δυνατὸν,
2708 3422 2993 3493 πειρατέον
3024 3423 3228 3496 φράσαι
3257 3424 3389 3493 (25).
3421 3424 3532 3478 Καὶ
3560 3424 3714 3496 πρῶ.

2139 3534 2230 3571 τον
2260 3515 2591 3581 ἐξεταστέον,
2623 3515 2689 3568 δι’
2713 3516 2782 3587 ἣν
2825 3514 3001 3569 αἰτίαν
3048 3515 3257 3569 πολλῶν
3300 3516 3593 3588 προφητῶν
3620 3516 3717 3571 καὶ

2138 3607 2363 3663 δικαίων
2380 3606 2551 3661 πολλὰ
2574 3608 2669 3661 καὶ
2685 3606 2824 3660 καλὰ
2838 3606 3164 3672 διδαξάντων
3188 3608 3283 3661 καὶ
3301 3608 3713 3681 ἐργασαμένων,

2139 3699 2438 3769 παρθενίαν
2484 3700 2658 3763 οὐδεὶς
2701 3698 2824 3752 οὔτε
2872 3699 3300 3769 ὲνεγκωμίασεν,
3346 3699 3469 3752 οὔτε
3516 3699 3711 3756 εἵλετο.

2138 3793 2299 3864 Μόνῳ
2326 3792 2429 3865 γὰρ
2452 3793 2560 3864 ἄρα
2584 3793 2915 3862 ἐφυλάσσετο
2948 3791 3105 3846 τοῦτο
3146 3792 3481 3864 πρεσϐεῦσαι
3517 3794 3578 3847 τὸ
3613 3795 3719 3865 μά.

2138 3886 2288 3958 θημα
2329 3885 2406 3957 τῷ
2440 3886 2650 3958 Κυρίῳ,
2684 3886 2806 3938 ἐπεὶ
2851 3886 2944 3939 καὶ
2980 3886 3140 3956 μόνος
3181 3885 3466 3957 παρελθὼν
3503 3887 3715 3958 ἄνθρω-

2136 3993 2234 4030 πον
2263 3975 2465 4041 ἐδίδαξε
2502 3978 2699 4047 χωρεῖν
2727 3978 2806 4039 είς
2839 3976 3247 4048 Θεόν.”Επρεπε
3270 3976 3378 4048 γὰρ
3408 3977 3484 4047 τῷ
3523 3979 3712 4049 ἀρχιε-

2137 4071 2222 4140 ρεῖ
2247 4069 2339 4121 καὶ
2366 4069 2750 4140 ἀρχιπροφήτῃ
2783 4068 2875 4121 κα)⁸
2919 4068 3262 4138 ἀρχαγγὲλῳ,
3288 4067 3459 4138 τούτῳ
3491 4070 3583 4120 καὶ
3616 4070 3709 4140 ἀρ-

2133 4161 2446 4233 χιπαρθένῳ
2490 4160 3017 4231 προσαγορευθῆναι.
3043 4161 3112 4213 Τὸ
3160 4160 3214 4213 δὲ
3244 4160 3467 4213 παλαιὸν
3492 4160 3708 4215 οὐδέπω

2132 4252 2333 4316 τέλειος
2367 4253 2652 4324 ἄνθρωπος
2681 4248 2748 4322 ἦν
2773 4268 2787 4281 ·
2821 4253 2915 4305 καὶ
2943 4252 3033 4305 διὰ
3057 4248 3208 4304 τοῦτο
3235 4250 3293 4303 τὸ
3322 4249 3525 4303 τέλειον
3560 4250 3711 4303 οὺδέο

2132 4362 2219 4398 πω
2263 4345 2509 4416 χωρῆσαι
2529 4344 2627 4416 τὴν
2661 4343 2958 4415 παρθενίαν
2989 4344 3315 4416 ἴσχυεν.Ἔτι
3340 4342 3447 4414 γὰρ
3480 4340 3703 4416 ἔχρῃζε,

2131 4438 2248 4491 κατ’
2281 4437 2463 4491 εἰκόνα
2487 4438 2622 4491 Θεοῦ
2644 4436 2905 4509 γεγονὼς,
2935 4438 3028 4491 καὶ
3058 4437 3119 4491 τὸ
3142 4436 3261 4491 καθ’
3284 4436 3543 4507 ὁμοίωσιν
3576 4437 3715 4489 ἀπο-

459 4529 589 4583 dum
639 4529 801 4585 homo
855 4530 1129 4601 perfectus
1173 4539 1290 4586 erat
1337 4548 1350 4584 :
1392 4544 1457 4583 ac
1497 4528 1619 4584 ideo
1660 4529 2025 4600 virginitatem

2146 4529 2317 4585 λιαὸεῖν
2343 4547 2355 4558 °
2392 4531 2527 4602 ὅπερ
2551 4531 2995 4604 τελεσιουργῆσαι
3035 4529 3448 4601 καταπεμφθεὶς
3479 4529 3508 4580 ὁ
3537 4528 3712 4603 Λὸῃος

462 4626 598 4691 (rem
643 4622 831 4694 utique
877 4620 1214 4693 perfectam)
1256 4635 1450 4690 capere
1498 4619 1731 4675 necdum
1788 4627 2023 4690 poterat.

460 4715 652 4769 Adhuc
683 4716 826 4769 enim
858 4715 949 4785 qui
996 4714 1063 4768 ad
1102 4713 1196 4768 Dei
1243 4712 1533 4781 imaginem
1576 4711 1842 4765 formatus
1888 4719 2024 4777 erat,

463 4807 516 4862 id
542 4823 759 4879 quoque
797 4806 944 4877 quod
996 4807 1173 4863 estad
1211 4805 1621 4863 similitudinem
1650 4804 1895 4875 recipere
1933 4805 2029 4860 de-

459 4901 640 4958 bebat.
692 4900 844 4969 Quod
902 4908 959 4955 ut
1009 4901 1311 4971 perliceret,
1362 4897 1599 4954 Verbum
1651 4898 1706 4951 in
1763 4896 2025 4952 mundum

460 4992 709 5058 missum,
742 5002 985 5048 nostram
1016 4993 1168 5062 prius
1200 4991 1430 5046 formam
1455 4988 1642 5043 multis
1673 4998 2023 5059 peccatorum

2134 4624 2213 4685 είς
2240 4621 2331 4675 τὸν
2364 4621 2586 4693 κόσμον,
2616 4622 2716 4695 τὴν
2746 4622 3020 4694 ἡμετέραν
3057 4622 3268 4693 μορφὴν
3294 4622 3553 4693 πρότερον
3585 4619 3710 4673 ἀνέ-

2132 4714 2283 4780 λαϐε,
2309 4714 2522 4778 πολλοῖς
2552 4716 2909 4787 ἁμαρτήμασι
2940 4714 3389 4784 κατεστιγμένην,
3416 4713 3501 4765 ἴνα
3524 4711 3587 4781 δὴ
3606 4710 3707 4782 τὴν

2136 4806 2287 4861 θείαν
2321 4810 2499 4879 ἡμεῖς,
2535 4807 2602 4860 δι’
2635 4807 2728 4871 οὒς
2774 4808 2934 4872 αὐτὸς
2978 4807 3226 4877 ὲφόρεσε,
3254 4804 3413 4860 πάλιν
3457 4804 3709 4877 χωρῆσαι

2132 4899 2466 4973 δυνηθῶμεν.
2530 4900 2665 4954 Καθ’
2695 4901 2953 4972 ὁμοίωσιν
3006 4898 3114 4969 γὰρ
3170 4897 3537 4971 ἀκριϐωθῆναι
3584 4895 3709 4949 τότε

2135 4991 2365 5063 πάρεστι
2397 4990 2553 5054 Θεοῦ,
2588 4991 2750 5044 ὁπότε
2776 4990 2840 5061 δὴ
2870 4991 2992 5053 τοὺς
3024 4988 3189 5042 αὑτοῦ
3224 4989 3577 5061 χαρακτῆρας
3606 4988 3711 5058 τῆς

532 5133 571 5165 ³¹
615 5131 772 5187 Prov.
805 5148 861 5195 ν,
898 5129 983 5193 15,
1022 5128 1107 5185 18.
1180 5130 1222 5160 ¹²
1256 5127 1388 5197 Cap.
1425 5144 1478 5195 ν,
1514 5144 1626 5181 vers
1655 5127 1709 5181 8.
1794 5126 1836 5158 ⁸³
1860 5125 1988 5182 San.
2015 5142 2040 5181 ι’

2146 5128 2171 5180 ι.
2250 5127 2294 5159 ¹⁸
2323 5127 2487 5183 Eccli.
2524 5145 2678 5193 χχιιι,
2714 5128 2763 5190 1,
2796 5128 2849 5194 5,
2872 5126 2926 5182 6.
3009 5127 3051 5158 ”
3075 5125 3204 5196 δίῳ.
3237 5143 3314 5192 ιν,
3350 5128 3401 5195 1,
3433 5126 3489 5182 2.

531 5270 642 5339 (21)
685 5270 847 5325 Ἰδία.
879 5268 1001 5325 Non
1026 5268 1160 5324 bene
1187 5266 1491 5329 Possinius.
1518 5267 1633 5322 sive
1661 5266 1753 5338 qui
1774 5265 1823 5321 ei
1860 5266 2034 5339 impo-

461 5337 601 5403 suit,
622 5337 919 5410 imperitus
955 5341 1133 5396 scriba
1154 5379 1168 5401 ,
1200 5339 1369 5410 ἡδεῖα,
1392 5340 1593 5401 dulcis;
1626 5337 1731 5407 qua
1754 5352 1886 5392 voce
1913 5337 2029 5410 haec

459 5408 757 5468 auctoritas
789 5412 922 5465 nihil
952 5413 1018 5465 ad
1043 5408 1307 5466 intentum
1362 5410 1617 5465 Methodii
1670 5411 1901 5471 faceret,
1960 5408 2027 5461 de

462 5481 841 5552 singularitate
868 5483 1106 5552 conjugii
1128 5522 1142 5544 ,
1197 5496 1305 5534 non
1336 5480 1403 5535 de
1432 5481 1595 5552 illius
1609 5494 1706 5552 seu
1755 5478 1829 5531 rei
1862 5477 2028 5531 mari-

462 5549 584 5609 talis
634 5552 939 5606 dulcedine.
997 5549 1146 5607 Alide
1175 5552 1309 5605 nihil
1351 5549 1618 5619 ejusmodi
1658 5563 1877 5605 sacrum
1910 5555 2028 5601 tex-

464 5636 575 5680 tum
606 5624 682 5676 sic
716 5621 958 5690 pervium
992 5622 1210 5676 habere.
1249 5624 1537 5678 Couasrts.

530 5692 642 5749 t22l
698 5686 1069 5751 Πολύγονον.
1115 5690 1249 5747 Vide
1306 5693 1670 5753 Augustinum
1722 5686 1795 5743 De
1852 5686 2021 5742 doctr.

449 5743 485 5752 ι.

2138 5266 2363 5330 ϐίη-ἰείη
2396 5268 2489 5322 lib.
2524 5283 2584 5330 ιι,
2612 5281 2733 5334 cap.
2766 5265 2852 5327 12,
2888 5280 2941 5318 ιι,
2970 5264 3054 5318 18.
3090 5263 3166 5319 lo.

2199 5339 2310 5412 (25)
2352 5338 2634 5407 Καρδίας.
2674 5331 2836 5403 Sixt.,
2862 5335 3090 5401 κοιλίας,
3110 5337 3324 5390 ventris.
3347 5333 3439 5390 Sic
3457 5343 3511 5389 et
3541 5331 3708 5405 Vu'g.

2125 5407 2310 5548 ID.(2i)
2366 5480 2683 5547 Κρεῖσσον.
2716 5477 2885 5535 Paulo
2921 5480 3080 5535 aliter
3113 5477 3298 5549 Vulg.,
3329 5475 3433 5533 etsi
3475 5475 3709 5532 totidem

2126 5552 2310 5606 verbis
2340 5552 2515 5605 reddit
2546 5550 2849 5605 Possinius.
2887 5552 2960 5606 Ιυ.

2197 5622 2308 5694 (25)
2345 5621 2593 5688 Φράσαι.
2631 5621 2767 5679 Cod.
2804 5621 2950 5690 Vat.,
2982 5621 3164 5692 φάναι.
3200 5618 3275 5675 lo.
