3964 6226
261 304 336 360 £5
1358 308 1744 367 CONVIVIUM
1782 310 2015 370 DECEM
2056 310 2419 369 VIRGINUM.
3441 316 3511 369 ιε

266 426 410 480 κατὰ
451 425 732 499 ἄνθρωπον
778 428 1068 495 πολιτείας,
1106 430 1409 502 ζωγράφων
1435 432 1588 503 δίκην
1613 433 1838 503 ἐπιστη-

1942 433 2169 489 maeulis
2201 439 2582 503 compunctam
2608 435 2865 505 suscepit,
2895 443 2954 488 ut
2991 450 3093 492 nos
3141 435 3350 492 scilicet
3378 451 3510 507 pro-

275 519 461 591 μόνων,
479 522 536 572 ὲν
562 521 775 585 ἑαυτοῖς
799 521 990 593 ὥσπερ
1009 524 1216 577 σανίσιν
1246 523 1686 593 ἐντυπωσάμενοι
1714 539 1837 576 κατ-

268 610 498 682 έχωμεν,
532 612 599 683 ἢν
633 613 793 677 αὐτὸς
851 615 1162 687 ὲφανέρωσε
1200 615 1593 687 μαθητεύοντες
1624 614 1830 686 τρίϐον.

268 702 447 775 Ταύτῃ
498 703 607 774 γὰρ
655 705 944 776 ᾑρετίσατο
985 706 1084 777 τὴν
1131 706 1476 778 ἀνθρωπίνην
1511 706 1832 760 ἐνδύσασθαι

263 794 442 873 σάρκα
475 796 606 859 Θεὸς
638 796 734 859 ὣν,
764 798 932 861 ὅπως,
979 798 1165 871 ὥσπερ
1191 800 1248 853 ἐν
1284 801 1469 852 πίνακι
1504 798 1645 852 θεῖον
1675 799 1831 852 ὲκτύ-

260 903 434 958 πωμα
469 887 583 957 βίου
605 888 912 959 βλέποντες,
936 890 1147 960 ἔχωμεν
1172 891 1267 944 καὶ
1296 892 1455 962 ἡμεῖς
1479 890 1571 943 τὸν
1601 889 1837 962 γράψαν-

262 995 331 1030 τα
367 979 660 1048 μιμεῖσθαι.
696 982 769 1034 Οὐ
796 981 923 1053 γὰρ,
957 982 1117 1053 ἕτερα
1164 979 1407 1052 φρονῶν,
1430 979 1595 1052 ἕτερα
1621 979 1793 1032 ἐποίει
1818 996 1831 1009 ·

262 1070 384 1122 οὐδὲ
437 1070 559 1141 μὴν,
596 1073 760 1144 ἕτερα
813 1073 1046 1143 νομίζων
1080 1068 1218 1125 εἶναι
1262 1072 1329 1126 τὰ
1366 1070 1529 1135 καλὰ,
1560 1070 1835 1125 ἐδίδασκεν

259 1161 451 1233 ἓτερςν
502 1163 617 1216 ἀλλ’
663 1167 807 1238 ἅπερ
851 1162 917 1238 ἦν
974 1164 1186 1236 ἀληθῶς
1242 1165 1491 1236 ὠφέλιμα
1534 1166 1626 1218 καὶ
1672 1164 1832 1231 καλὰ,

253 1253 430 1307 ταῦτα
454 1257 547 1310 καὶ
578 1258 826 1312 ἐδίδασκε
857 1260 949 1313 καὶ
983 1260 1174 1313 ἐποίει.

1942 535 2063 597 pter
2089 541 2228 597 quos
2254 527 2515 596 gestavit,
2543 527 2784 583 divinam
2833 544 3025 585 rursus
3056 544 3252 599 capere
3303 532 3512 586 valere-

1940 634 2083 674 mus.
2118 618 2198 672 Ad
2247 618 2340 674 Dei
2374 619 2518 674 enim
2577 621 2988 677 similitudinem
3035 631 3288 679 accurate
3333 623 3509 695 etlingi

1940 710 1992 765 id
2031 711 2248 766 demum
2280 720 2397 776 est,
2426 712 2546 781 ejus
2589 713 2935 770 characteres
2975 722 3031 769 et
3081 715 3406 770 lineamenta
3454 716 3508 771 in

1937 803 2064 859 vitae
2108 803 2356 858 humanae
2389 805 2839 860 consuetudinem
2874 805 3136 860 imitando
3165 806 3506 862 transferre:

1937 894 2058 963 pari
2096 902 2213 948 arte
2240 908 2348 963 qua
2386 895 2547 965 periti
2598 897 2860 966 pictores,
2893 898 3089 966 objecti
3122 898 3298 952 oculis
3320 914 3508 953 exem-

1940 987 2110 1057 plaris
2152 987 2354 1043 ductus
2397 998 2451 1042 et
2503 989 2716 1045 colores
2750 989 2803 1043 in
2837 991 3043 1059 paratis
3087 991 3287 1047 tabulis
3319 991 3384 1044 ad
3427 993 3509 1045 vi-

1938 1093 2063 1133 vum
2088 1079 2431 1148 exprimunt;
2468 1081 2611 1148 quod
2651 1096 3029 1151 assequemur,
3056 1080 3184 1135 dum
3230 1096 3508 1137 ostensam

1939 1172 2008 1226 ab
2036 1189 2101 1228 eo
2133 1173 2278 1226 viam
2310 1188 2373 1227 ac
2421 1173 2767 1244 disciplinam
2806 1174 3189 1229 condiscamus
3227 1184 3389 1245 atque
3418 1191 3506 1230 se-

1938 1278 2191 1331 quamur.
2228 1261 2305 1317 Eo
2326 1264 2526 1333 quippe
2559 1263 2790 1318 consilio
2820 1263 3026 1334 placuit
3058 1264 3350 1319 humanam
3384 1248 3508 1319 car-

252 1363 403 1409 nem,
446 1349 590 1405 Deus
628 1368 754 1406 cum
792 1365 971 1420 esset,
1009 1355 1254 1418 induere,
1284 1361 1346 1408 ut
1380 1355 1526 1409 velut
1570 1358 1626 1410 in
1665 1356 1851 1410 tabula
1903 1356 2146 1412 divinum
2173 1360 2297 1414 vita:
2338 1360 2615 1430 exemplar
2653 1360 2991 1430 propositum
3047 1369 3354 1424 cernentes,
3404 1375 3507 1415 nos

250 1460 475 1515 quoque
534 1458 814 1503 auctorem
881 1450 1080 1505 imitari
1134 1467 1441 1522 possemus.
1484 1450 1605 1505 Non
1667 1452 1812 1507 enim
1840 1452 1945 1507 alia
1986 1454 2251 1518 sentiens,
2284 1455 2388 1508 alia
2444 1453 2712 1520 faciebat;
2746 1462 2801 1509 at
2845 1468 3022 1524 neque
3077 1455 3182 1508 alia
3217 1454 3355 1510 bona
3383 1469 3509 1510 esse

248 1537 597 1604 existimans,
622 1539 728 1593 alia
759 1538 989 1595 docebat
1025 1559 1040 1596 :
1083 1540 1178 1598 sed
1210 1556 1329 1612 qua:
1360 1558 1486 1598 vere
1518 1541 1675 1597 utilia
1720 1543 2061 1614 honestaque
2090 1551 2268 1608 erant,
2293 1544 2408 1599 haec
2438 1555 2491 1600 et
2523 1544 2753 1601 docebat
2774 1554 2936 1617 atque
2973 1548 3284 1617 praestabat.

272 1678 409 1739 CAP.
436 1680 503 1736 Υ.
530 1680 772 1737 Christus
803 1682 1163 1752 incorruptam
1196 1693 1405 1731 carnem
1433 1678 1485 1729 in
1521 1676 1824 1745 virginitate
1857 1692 2102 1752 servans,
2139 1676 2209 1752 ad
2252 1676 2607 1746 virginitatem
2636 1676 2977 1732 excolendam
3002 1679 3192 1734 allicit.
3236 1678 3512 1752 Virginum

1077 1751 1290 1819 exiguus
1321 1764 1589 1813 numerus,
1619 1762 1729 1814 pra:
1758 1746 2096 1800 multitudine
2132 1748 2357 1800 aliorum
2385 1759 2710 1802 sanctorum.

330 1885 400 1938 Ti
424 1880 520 1939 οὖν
545 1888 574 1938 ὁ
596 1886 820 1959 Κύριος,
847 1890 879 1960 ἠ
920 1888 1146 1960 ἀλήθεια
1187 1888 1279 1942 καὶ⁸
1308 1889 1424 1958 φῶς
1454 1872 1839 1961 ἐπραγματεύ-

2013 1890 2153 1957 Quid
2188 1891 2354 1960 igitur
2375 1889 2658 1955 Dominus,
2689 1890 2806 1960 ipse
2829 1890 3031 1945 veritas
3059 1899 3113 1944 et
3150 1890 3355 1956 lumen,
3399 1907 3519 1947 mo-

263 1994 394 2031 σατο
427 1977 701 2032 κατελθών
723 1996 738 2045 ;
763 1980 1032 2051 Ἀφθορον
1065 1979 1326 2050 ἐφύλαξεν
1359 1982 1416 2034 ὲν
1444 1980 1714 2053 παρθενίᾳ
1740 1981 1839 2053 τὴν

263 2070 448 2141 σάρκα
478 2073 762 2143 κοσμήσας
792 2071 925 2143 (26)·
954 2074 1050 2126 καὶ
1101 2074 1261 2144 ἡμεῖς
1307 2073 1436 2145 ἄρα,
1474 2075 1522 2127 εί
1555 2073 1841 2145 μέλλοιμεν

264 2163 395 2217 καθ’
427 2165 675 2234 ὁμοίωσιν
720 2164 941 2219 ἔσεσθαι
968 2165 1103 2219 Θεοῦ
1136 2168 1231 2220 καὶ
1255 2167 1513 2239 Χριστοῦ,
1548 2166 1840 2238 φιλοτιμιῦ-

276 2253 420 2324 μεθα
454 2256 547 2326 τὴν
569 2256 867 2327 παρθενίαν
894 2259 1079 2328 τιμᾷν.
1098 2256 1387 2328 Ὀμοίωσις
1414 2256 1523 2329 γὰρ
1558 2256 1690 2311 Θεοῦ
1722 2257 1843 2326 φθο-

274 2346 375 2417 ρᾶς
406 2345 805 2418 ἀποφυγή.”οτι
848 2347 905 2401 δὲ
949 2348 1044 2401 καὶ
1089 2347 1507 2419 ἀρχιπαρθένος,
1543 2347 1602 2400 ὃν
1644 2346 1841 2419 τρόπον

272 2437 362 2490 καὶ
408 2438 739 2511 ἀρχιποιμὴν
783 2440 875 2493 καὶ
924 2441 1339 2512 ἀρχιπροφήτης
1366 2440 1587 2509 γέγονεν
1616 2442 1643 2492 ὁ
1671 2440 1842 2508 Λόγος

265 2529 697 2602 ὲνανθρωπήσας
728 2532 827 2602 τῆς
874 2532 1222 2604 Ἐκκλησίας,
1254 2533 1346 2586 καὶ
1371 2534 1399 2585 ὁ
1430 2532 1840 2604 Χριστόληπτος

258 2621 396 2691 ἡμῖν
423 2623 765 2695 παρέστησεν
792 2619 1061 2695 statera},
1092 2626 1192 2695 τῆς
1220 2624 1636 2696 ’Δποκαλύψεως
1670 2624 1842 2678 Ἰωάν-

258 2730 382 2785 νης,
418 2713 593 2781 λέγων
616 2732 630 2745 θ
665 2716 773 2770 Kal
810 2712 998 2770 εἶδον·
1036 2715 1134 2769 καὶ
1158 2715 1284 2769 ἰδοὺ
1309 2715 1375 2769 τὸ
1408 2717 1631 2786 Ἀρνίον
1650 2714 1840 2781 ἑστὼς

257 2805 360 2859 ἐπὶ
386 2805 451 2857 τὸ·
473 2806 612 2873 ὅρος
639 2805 810 2872 Σιὼν,
836 2808 933 2860 καὶ
962 2806 1287 2877 μετάὺτοῦ
1309 2807 1528 2861 ἑκατὸν
1548 2807 1841 2874 τεσσαρά-

259 2914 446 2950 κοντα
479 2897 774 2968 τέσσαρες
799 2900 1066 2969 χιλιάδες
1083 2900 1333 2970 ἔχουσαι
1358 2902 1422 2954 τὸ
1447 2901 1631 2969 ὄνομα
1652 2900 1839 2954 αὐτοῦ

257 2991 359 3043 καὶ
387 2990 453 3043 τὸ
485 2991 673 3060 ὄνομα
696 2991 801 3045 τοῦ
826 2993 1057 3060 Πατρός
1093 2993 1278 3047 αὑτοῦ
1309 2984 1713 3062 γεγραμμένον
1739 2992 1838 3045 ἐπὶ

260 3080 383 3133 τῶν
410 3080 695 3150 μετώπων
721 3080 937 3136 αὐτῶν.
977 3081 1082 3135 Καὶ
1111 3080 1347 3149 ἥκουσα
1376 3078 1586 3148 φωνὴν
1623 3079 1691 3131 ἐκ
1732 3077 1839 3131 τοῦ

258 3173 545 3241 οἰῬανοῦ,
576 3174 657 3239 ὡς
689 3172 899 3242 φωνὴν
923 3170 1157 3227 ὑδάτων
1184 3170 1447 3232 πολλῶν,
1482 3170 1580 3223 καὶ
1605 3170 1685 3236 ὡς
1718 3186 1838 3238 φω-

1942 1983 2074 2037 litus
2107 1990 2211 2044 est,
2237 1982 2291 2036 in
2314 1981 2575 2036 mundum
2606 1981 3088 2053 veniens?Nempe
3121 1983 3283 2036 homo
3316 1983 3515 2046 factus,

1942 2076 2319 2144 incorruptam
2347 2088 2564 2129 carnem
2597 2074 2652 2127 in
2682 2074 2993 2144 virginitate
3020 2079 3277 2130 servavit.
3319 2074 3383 2129 Et
3413 2091 3518 2131 nos

1944 2160 2150 2230 itaque,
2184 2160 2231 2215 si
2269 2159 2335 2214 ad
2375 2160 2584 2216 Christi
2624 2160 2721 2216 Dei
2752 2163 2925 2216 nostri
2957 2162 3374 2218 similitudinem
3399 2165 3519 2219 eni-

1941 2254 2134 2316 timur,
2169 2253 2538 2323 virginitatem
2594 2253 2774 2308 colere
2835 2254 3121 2324 magniﬁce
3171 2254 3512 2314 Studeamus.

1942 2341 2038 2397 Dei
2059 2342 2206 2397 enim
2238 2343 2618 2407 simulacrum,
2653 2344 3025 2413 corruptionis
3058 2345 3206 2416 fuga.
3241 2346 3394 2412 Quod
3419 2365 3517 2404 au-

1941 2440 2051 2488 tem
2105 2435 2272 2489 etiam
2328 2435 2628 2505 principem
2669 2436 2982 2507 virginum,
3033 2437 3177 2492 haud
3235 2454 3396 2495 secus
3453 2456 3519 2496 ac

1940 2528 2240 2597 principem
2267 2538 2546 2598 pastorum
2576 2544 2639 2583 ac
2664 2529 3050 2599 prophetarum
3083 2530 3358 2605 Ecclesiae,
3379 2530 3517 2586 Ver-

1943 2619 2071 2673 bum
2120 2620 2283 2673 homo
2316 2619 2515 2675 factum
2567 2621 2887 2691 praetulerit,
2937 2622 3053 2692 ipse
3100 2623 3260 2678 nobis
3312 2624 3519 2679 Christi

1940 2709 2165 2764 numine
2191 2709 2404 2764 amatus
2433 2707 2671 2765 Joannes
2714 2712 2772 2771 in
2816 2711 2955 2766 libro
2977 2712 3298 2783 Apocalysis
3330 2720 3520 2767 ostcno

1941 2801 2040 2865 dit,
2075 2802 2274 2871 quibus
2326 2803 2401 2854 ait
2436 2821 2447 2855 :
2490 2799 2556 2854 Et
2603 2801 2744 2865 vidi;
2777 2812 2826 2856 et
2862 2819 2978 2857 erce
3006 2803 3184 2875 Agnus
3225 2814 3373 2859 stans
3420 2822 3516 2859 su-

1941 2909 2038 2964 pra
2089 2904 2316 2947 montem
2368 2893 2517 2959 Sion,
2550 2904 2598 2948 et
2639 2912 2758 2949 cum
2796 2912 2855 2950 eo
2905 2906 3111 2951 centum
3161 2896 3517 2968 quadraginta

1940 2995 2169 3053 quatuor
2192 2984 2385 3049 millia,
2415 2985 2661 3040 habentes
2684 3003 2870 3040 nomen
2890 2986 3004 3055 ejus
3037 2996 3084 3040 et
3113 3004 3299 3041 nomen
3331 2987 3515 3043 Patris

1941 3077 2075 3146 ejus,
2101 3078 2352 3146 scriptum
2400 3079 2455 3131 in
2484 3079 2746 3148 frontibus
2770 3080 2901 3134 suis.
2954 3078 3018 3149 Et
3055 3080 3232 3134 audivi
3284 3097 3458 3135 vocem
3490 3100 3519 3135 e

1941 3170 2089 3235 coelo,
2114 3178 2361 3236 tanquam
2385 3186 2556 3224 vocem
2582 3186 2839 3240 aquarum
2864 3170 3172 3236 multarum,
3190 3179 3236 3224 et
3265 3180 3517 3240 tanquam

254 3266 671 3336 νὴνβροντῆς
701 3266 999 3337 μεγάλης·
1046 3265 1141 3319 καὶ
1180 3267 1217 3334 ἡ
1256 3263 1421 3333 φωνὴ
1464 3262 1544 3331 ἢν
1578 3262 1835 3331 ἤκουσα,

1942 3279 2114 3316 vocem
2164 3265 2384 3317 tonitrui
2428 3264 2625 3334 magni.
2659 3262 2728 3316 Et
2768 3278 2867 3317 vox
2924 3280 3081 3333 quam
3129 3263 3327 3328 audivi,
3380 3265 3517 3319 sicut

252 3361 338 3426 ὡς
384 3360 553 3429 φωνὴ
594 3358 930 3428 κιθαρῳδῶν
978 3356 1388 3426 κιθαριζόντων
1431 3356 1502 3408 ἐν
1527 3354 1655 3421 ταῖς
1676 3352 1837 3409 κιθά-

246 3467 392 3520 ραις
421 3449 641 3505 αὐτῶν.
691 3452 798 3504 Kal
841 3450 1058 3517 ᾄδουσι
1106 3447 1324 3515 καινὴν
1367 3446 1531 3515 ᾠδὴν
1584 3444 1840 3500 ἐνώπιον

254 3546 368 3600 τοῦ
392 3545 608 3612 θρόνου
634 3543 731 3598 καὶ
770 3541 1027 3596 ἐνώπιον
1057 3539 1177 3593 τῶν
1209 3540 1520 3608 τεσσάρων
1548 3537 1703 3599 ζώων
1738 3536 1838 3590 καὶ

256 3638 383 3693 τῶν
405 3636 842 3706 πρεσϐυτέρων.
866 3635 973 3690 Kal
998 3632 1195 3698 οὐδεὶς
1215 3632 1476 3699 ἠδύνατο
1494 3631 1706 3700 μαθεῖν
1725 3630 1841 3699 τὴν

255 3729 423 3797 ᾠδὴν
448 3733 501 3784 εὶ
523 3727 612 3798 μὴ
638 3732 696 3781 αι
728 3726 945 3781 ἑκατὸν
974 3722 1425 3792 τεσσαράκοντα
1446 3721 1737 3790 τέσσαρες
1760 3739 1840 3790 χιοι

254 3822 485 3887 λιὰδες,
507 3824 562 3875 οἱ
595 3819 991 3890 ἠγορασμένοι
1024 3814 1142 3872 ἀπὸ
1173 3813 1282 3883 τῆς
1308 3813 1439 3884 τῆς.
1476 3811 1653 3871 Οὗτοί
1682 3817 1839 3868 εἰσιν

256 3916 317 3968 cI
330 3915 480 3983 μετὰ
502 3912 799 3983 γυναικῶν
817 3916 927 3967 οὐκ
947 3913 1370 3981 ἐμολύνθησαν
1392 3927 1405 3940 ·
1429 3908 1706 3977 παρθένοι
1730 3906 1838 3977 γάρ

256 4008 437 4059 εἰσιν.
469 4001 648 4059 Οὗτοί
675 4007 833 4058 εἰσιν
869 4005 922 4057 οἱ
958 4001 1483 4069 ἀκολουθήσαντες
1516 3997 1594 4063 τῷ
1641 3997 1839 4064 Ἀρνίῳ

260 4098 415 4151 ὅπου
437 4096 513 4151 ἂν
536 4096 757 4166 ὑπάγῃ.
784 4095 890 4149 Τοῦ
922 4094 1082 4166 χοροῦ
1104 4095 1211 4148 τῶν
1235 4092 1514 4165 παρθένων
1541 4090 1837 4161 ἐξάρχοντα

259 4190 524 4243 εεικνύων
555 4191 644 4243 τὸν
678 4189 901 4261 Κύριον.

348 4281 668 4353 Ἐπίστησον
711 4282 767 4335 δὲ
801 4282 935 4352 πρὸς
967 4281 1192 4346 τούτοις,
1232 4282 1379 4344 ὅπως
1404 4279 1465 4334 τὸ
1493 4276 1708 4349 ἀξίωμα
1741 4276 1838 4347 τῆς

254 4374 561 4445 παρθενίας
584 4375 839 4445 μέγιστον
867 4374 1016 4445 παρὰ
1043 4374 1121 4444 τῷ
1149 4372 1286 4444 Θεῷ.
1306 4368 1481 4429 Οὗτοι
1499 4368 1836 4441 ἠγοράσθη-

258 4480 393 4519 σαν
420 4467 531 4519 ἀπὸ
571 4466 691 4519 τῶν
716 4466 1041 4535 ἀνθρώπων
1073 4467 1182 4539 (27)
1205 4466 1445 4537 ἀπαρχὴ
1480 4464 1559 4531 τῷ
1583 4464 1704 4530 Θεῷ
1738 4464 1833 4518 καὶ

263 4557 354 4622 τῷ
388 4559 596 4625 Ἁρνίῳ,
628 4559 726 4612 καὶ
766 4560 837 4612 ἐν
868 4558 948 4625 τῷ
983 4561 1231 4629 στόματι
1251 4557 1449 4614 αὐτῶν
1482 4560 1595 4628 οὐχ
1623 4558 1833 4626 εὑρέθη

1942 3371 2041 3409 vox
2088 3355 2498 3409 citharwrlorum
2539 3356 2972 3410 cit/iarizantium
3024 3357 3078 3410 in
3129 3356 3348 3411 citharis
3378 3358 3512 3413 suis.

1943 3448 2014 3501 Et
2045 3446 2330 3502 cantabant
2373 3449 2526 3517 quasi
2578 3451 2839 3502 canticum
2895 3466 3083 3504 novum
3133 3451 3187 3503 in
3237 3461 3517 3520 conspectu

1944 3539 2137 3604 throni,
2177 3549 2225 3592 et
2255 3547 2484 3608 quatuor
2512 3539 2825 3591 animalium
2848 3549 2896 3592 et
2923 3540 3210 3592 seniorum.
3244 3537 3311 3592 Et
3365 3555 3514 3595 nemo

1940 3641 2146 3703 poterat
2173 3631 2372 3686 discere
2392 3632 2678 3695 canticum,
2696 3631 2798 3684 nisi
2815 3630 2912 3685 illa
2934 3639 3139 3685 centum
3161 3631 3519 3700 quadraginta

1940 3735 2169 3795 quatuor
2199 3724 2390 3787 millia,
2413 3725 2503 3794 qui
2537 3725 2698 3792 empti
2724 3733 2843 3777 sunt
2886 3722 2949 3775 de
2978 3731 3142 3774 terra.
3169 3720 3243 3773 Hi
3270 3731 3390 3775 sunt
3427 3723 3517 3791 qui

1941 3831 2054 3868 cum
2089 3813 2395 3868 mulieribus
2442 3832 2544 3868 non
2573 3824 2695 3869 sunt
2733 3815 3056 3882 cainquiuati
3089 3816 3352 3886 :virgi-nes
3377 3817 3513 3870 enim

1940 3915 2079 3960 sunt.
2117 3904 2189 3958 Hi
2220 3914 2508 3975 sequuntur
2532 3906 2741 3976 Agnum
2770 3921 3073 3975 quocunque
3108 3905 3224 3958 ierit
3250 3905 3313 3960 ¹⁶.
3341 3905 3418 3958 En
3453 3916 3515 3961 ut

1941 3995 2227 4050 Dominum
2300 3997 2599 4067 principem
2675 3995 2923 4051 ostendat
2998 4004 3161 4066 atque
3239 3996 3513 4067 auspiccm

1941 4089 2094 4144 chori
2127 4088 2424 4160 virginum.

2013 4269 2401 4326 Animadverte
2429 4272 2652 4340 insuper
2676 4283 2839 4340 quam
2880 4282 3008 4322 vere
3033 4266 3270 4321 maxima
3301 4265 3372 4320 sit
3397 4267 3508 4321 vir.

1940 4364 2183 4434 ginitatis
2211 4362 2446 4434 dignitas
2475 4361 2617 4434 apud
2648 4361 2839 4416 Deum.
2880 4359 2953 4414 Hi
2986 4360 3145 4430 empti
3181 4371 3303 4414 sunt
3328 4376 3393 4415 ea:
3414 4361 3510 4415 Iza-

1941 4455 2169 4509 minibus
2218 4456 2468 4524 primitiaz
2502 4455 2611 4508 Deo
2643 4463 2693 4509 et
2742 4461 2914 4525 Agna,
2945 4464 2992 4507 et
3034 4454 3085 4506 in
3144 4470 3233 4507 ore
3279 4455 3516 4518 ipsorum

1944 4565 2047 4602 non
2102 4556 2179 4602 est
2227 4548 2489 4602 inventum
2543 4546 2874 4601 mendacium
2905 4562 2922 4600 :
2958 4547 3070 4600 sine
3119 4546 3328 4599 macula
3376 4547 3515 4600 cnim

256 4651 491 4720 ψεῦδος
510 4670 524 4682 ·
557 4651 779 4722 ἄμωμοι
804 4651 911 4721 γάρ
944 4655 1082 4716 εἱσι,
1105 4654 1202 4706 καί
1224 4650 1646 4714 ἀκολουθοῦσι,
1682 4650 1835 4720 φησὶ,

1942 4651 2094 4705 sunt;
2135 4648 2185 4695 et
2216 4650 2504 4713 sequuntur
2532 4640 2759 4709 Agnum,
2804 4639 3003 4708 inquit,
3035 4654 3337 4708 quocunque
3371 4638 3510 4693 ierit.

258 4745 343 4811 τῷ
377 4746 575 4812 Ἀρνίῳ
617 4746 773 4798 ὅπου
795 4745 872 4798 ἂν
891 4746 1115 4813 ὑπάγῃ.
1150 4742 1343 4812 Σαφῶς
1372 4743 1518 4814 ἡμᾶς
1548 4739 1843 4795 κάντεῦθεν

258 4837 538 4890 διδάσκειν
565 4836 831 4905 βούλεται,
849 4839 931 4891 ὅτι
961 4839 1017 4889 ὲν
1043 4835 1258 4907 ἀριθμῷ
1281 4833 1539 4905 τοσούτῳ,
1565 4832 1843 4886 τουτέστιν

260 4930 462 4983 ἑκατὸν
492 4930 891 5000 τεσσαράκοντα
925 4928 1018 4981 καὶ
1045 4927 1306 4997 τέσσαρσι
1333 4924 1586 4995 χιλιάσιν,
1616 4922 1841 4977 ἀπάνω-

264 5021 355 5075 θεν
387 5023 448 5074 τὸ
474 5020 675 5092 πλῆθος
715 5020 1043 5092 περιώριστο
1065 5019 1173 5072 τῶν
1205 5017 1508 5090 παρθένων,
1539 5016 1646 5069 τῶν
1669 5015 1841 5071 ἄλλων

256 5115 441 5182 ἁγίων
476 5117 553 5177 εἰς
578 5113 779 5184 πλῆθος
811 5115 1059 5184 ἀόριστον
1089 5110 1540 5182 ὀχλιζςμένων.Τί
1562 5109 1670 5179 γὰρ
1698 5125 1841 5180 παρ-

257 5208 443 5276 ετξυᾷ
490 5208 583 5259 καὶ
634 5206 762 5277 περὶ
815 5206 923 5258 τῶν
970 5204 1168 5257 λοιπῶν
1212 5203 1614 5272 διαλεγόμενος,
1670 5217 1838 5273 προσ-

255 5299 477 5353 εκτέον.
506 5300 609 5353 Καὶ
636 5296 800 5351 εἶδον
824 5297 941 5352 ἀπὸ
975 5295 1178 5365 πάσης
1212 5295 1476 5365 γλώττης
1513 5293 1612 5347 καὶ
1640 5291 1843 5361 φυλῆς

251 5392 361 5445 ml
420 5392 645 5458 παντὸς
686 5391 901 5456 ἔθνους
940 5387 1167 5457 πλῆθος
1206 5388 1399 5449 πολὺ,
1446 5386 1475 5439 ὃ
1520 5383 1843 5454 ἀριθμῆσαι

377 5547 422 5579 ¹⁶
450 5548 612 5616 Apoc.
649 5564 760 5611 xw,
798 5547 908 5602 ι-ι.
987 5547 1031 5577 ¹⁷
1055 5546 1215 5614 Apoc.
1260 5559 1354 5611 vn,
1384 5544 1437 5599 9.

363 5706 455 5773 26)
486 5705 685 5772 Σὰρκα
707 5703 1039 5773 κοσμήσας.
1081 5703 1549 5773 Ἐνανθρωπήσας.
1584 5699 1655 5754 In.

1939 4733 2098 4788 Clare
2137 4749 2239 4787 nos
2266 4743 2317 4788 et
2342 4732 2471 4786 hinc
2504 4729 2705 4786 docere
2739 4730 2877 4791 vult,
2913 4730 3125 4784 tantqu
3149 4743 3379 4783 numero
3407 4728 3515 4798 (ni-

1939 4826 2137 4878 mirum
2174 4823 2534 4894 quadraginta
2586 4831 2820 4893 quatuor
2864 4821 3118 4891 millium)
3177 4818 3453 4874 deiinitam
3481 4832 3515 4872 a

1938 4916 2208 4988 principio
2242 4916 2412 4972 fuisse
2447 4914 2852 4970 multitudinem
2886 4912 3184 4981 virginum,
3226 4925 3350 4964 cum
3390 4907 3512 4962 inli-

1939 5006 2052 5060 nita
2087 5006 2372 5060 multitudo
2399 5007 2471 5060 sit
2522 5004 2755 5058 aliorum
2806 5012 3142 5057 sanctorum.
3196 4999 3337 5066 Quid
3369 4999 3513 5053 enim

1939 5109 1993 5154 et
2036 5098 2103 5154 de
2144 5098 2264 5154 aliis
2296 5099 2574 5153 disserens
2624 5096 2887 5163 insinuet,
2930 5093 3411 5149 considerandum.
3446 5090 3515 5147 Et

1939 5192 2045 5245 ridi
2073 5208 2137 5247 ea:
2175 5192 2314 5245 omni
2345 5189 2483 5246 tribu
2511 5199 2559 5244 et
2589 5191 2766 5260 lingua
2791 5198 2839 5243 et
2856 5204 2924 5244 ea:
2948 5188 3089 5242 omni
3112 5188 3345 5251 natione,
3378 5184 3517 5239 ntul-

1943 5286 2217 5340 titudinem
2279 5301 2526 5355 magnam
2575 5301 2733 5355 quam
2788 5283 3126 5337 dinumerare
3172 5296 3322 5334 nemo
3369 5290 3516 5346 pote-

1945 5390 2027 5433 rat
2048 5380 2109 5432 ¹⁷.
2146 5378 2373 5434 Constat
2409 5377 2593 5449 igitur,
2627 5385 2687 5431 ut
2708 5376 2987 5440 dicebam,
3023 5373 3256 5429 aliorum
3290 5371 3513 5444 quidem

486 5758 867 5845 :Aa'rtipcbzwi'.
888 5758 1189 5839 possimus,
1238 5758 1443 5836 ἐθνῶν,
1476 5788 1539 5823 ω’
1581 5769 1836 5839 gentibus,

1942 5780 1985 5817 .n
2016 5765 2173 5819 bene.
2205 5758 2282 5813 in.
