3964 6226
484 291 556 349 Π
1429 285 1489 342 S.
1528 282 1858 341 METEOD]!
1893 279 2201 339 EPISCOPI
2241 276 2328 334 ΕΤ
2368 266 2733 334 MARTYRIS
3631 289 3700 346 ιδ

485 414 803 466 sanctorum
826 418 1063 461 numero
1093 400 1432 475 superiorem
1462 401 1866 461 multitudinem
1892 399 2050 457 indu-

2148 395 2293 453 αὐτό
2315 394 2512 464 οὐδεὶς
2544 397 2827 466 ἠδύνατο.
2852 398 3062 454 Οὐκοῦν
3094 400 3436 475 συνέστηκεν,
3456 402 3530 468 ὡς
3552 403 3699 478 ἔφην,

482 516 641 565 cere;
674 498 944 570 virginum
987 511 1117 553 vero
1157 497 1410 568 exiguum
1460 496 1619 567 plane
1650 510 1964 558 numerum,
2000 493 2048 551 si

482 595 604 663 ejus
641 606 766 647 cum
808 589 1043 644 aliorum
1083 588 1370 644 innumera
1404 586 1752 673 multitudine
1778 586 1921 641 ratio
1951 584 2047 641 ha-

480 684 674 743 heatur

555 871 679 928 Haec
697 886 836 936 mea,
872 886 906 928 ο
927 871 1109 938 Arete,
1140 872 1209 928 de
1234 873 1566 945 virginitate,
1599 873 1694 940 ait,
1716 874 1893 930 oratio
1911 880 1995 930 est
2027 893 2042 930 :

481 963 538 1020 in
568 979 674 1036 qua
716 964 763 1020 si
811 963 942 1035 quid
984 964 1166 1028 omisi,
1198 965 1465 1036 suppleat,
1494 964 1586 1021 cui
1625 965 1929 1038 lampadem
1962 965 2047 1020 di-

481 1067 650 1114 ctum
678 1056 857 1123 trado,
886 1054 1207 1128 TheOphila.

1628 1148 1666 1196 Ζ»

917 1301 1373 1397 ORATIO
1467 1305 1602 1394 ΙΙ.

1056 1470 1467 1531 THEOPHILA.

2152 488 2246 542 ἐπὶ
2280 488 2378 559 μὲν
2407 486 2516 542 τῶν
2546 487 2719 542 ἄλλων
2749 490 2917 559 ἁγίων
2949 491 3109 545 αὐτὸν
3136 491 3343 562 πληθὺν
3368 495 3568 562 ἄφατον
3594 498 3706 550 εισ-

2152 580 2335 650 άγειν·
2366 580 2458 635 ἐπὶ
2485 581 2544 635 δὲ
2570 578 2676 635 τῶν
2700 583 2759 635 ὲν
2797 582 3065 655 παρθενίᾳ
3102 584 3435 656 βραχύτατον
3458 584 3705 659 ἀριθμὸν,

2146 673 2227 738 ὡς
2257 673 2393 746 πρὸς
2418 673 2703 747 σύγκρισιν
2722 674 2831 729 τῶν
2860 676 2940 739 είς
2970 675 3336 749 ἀναρίθμητον
3364 676 3560 751 πλῆθος
3591 694 3711 731 συν-

2150 763 2465 820 τελούντων.

2224 872 2413 945 Οῦτος,
2439 875 2487 936 ὦ
2536 881 2747 956 Ἀρετὴ,
2777 885 2805 937 ὁ
2839 884 2969 957 παρ’
3003 883 3134 955 ἐμοῦ
3165 902 3244 939 σοι
3268 900 3397 955 περι
3424 881 3714 956 παρθενίας

2149 970 2325 1042 λόγος.
2353 973 2418 1028 Et
2463 974 2520 1028 δέ
2545 993 2597 1030 τι
2624 976 2945 1048 παρέλιπον,
2975 976 3377 1050 ἀποπληρούτω
3400 976 3716 1049 διαδεξαμέ-

2149 1081 2216 1138 νη
2251 1083 2318 1138 με
2336 1066 2585 1138 Θεοφίλα.

2668 1321 3030 1410 ΛΟΓΟΣ
3090 1326 3152 1409 Β
3174 1388 3196 1409 .

2775 1484 3079 1540 ΘΕΟΦΙΛΔ.

1350 1663 1477 1719 Car.
1503 1662 1542 1719 l.
1568 1663 1693 1722 Non
1713 1667 1939 1726 sublata:
1963 1669 2177 1742 nuptia',
2211 1671 2527 1744 uirginitatis
2558 1670 2841 1741 pra'conio.

550 1794 612 1852 In
649 1795 737 1851 his
770 1795 954 1866 itaque
972 1812 1179 1855 exorsa
1225 1796 1526 1871 Theophila
1553 1810 1657 1858 est.
1689 1804 2045 1878 Quandoqui-

2213 1809 2399 1869 Είπεῖν
2429 1804 2522 1863 οὖν
2549 1808 2652 1879 ἔφη
2683 1806 2784 1879 τὴν
2807 1804 3220 1875 Θεοφίλαν.“’οτι
3244 1805 3401 1860 δοκεῖ
3433 1822 3526 1877 μοι
3555 1805 3731 1876 ἀνατ-

480 1886 605 1941 dem
644 1903 807 1958 quam
850 1887 1105 1944 Marcella
1134 1890 1274 1945 bene
1306 1895 1897 1963 cmperat‘orationem,
1932 1914 2044 1954 non

481 1979 812 2036 sufﬁcienter
861 1982 1113 2046 absolvit,
1157 1997 1337 2053 operae
1373 1985 1606 2055 pretium
1664 1988 1940 2055 existimo,
1987 2000 2048 2046 ut

480 2069 640 2128 ﬁnem
664 2074 903 2128 sermoni
935 2073 1213 2144 imponere
1234 2083 1500 2147 satagam.
1534 2076 1749 2134 Etenim
1776 2080 1845 2135 ad
1878 2082 2047 2153 virgi-

477 2164 703 2220 nitatem
752 2181 848 2236 per
895 2165 1180 2221 intervalla
1239 2166 1539 2238 profecisse
1596 2171 1891 2238 hominem,
1936 2173 2048 2229 Deo

477 2257 630 2311 illum
683 2259 851 2314 certis
903 2258 1116 2315 vicibus
1157 2266 1319 2329 atque
1367 2261 1627 2331 gradibus
1668 2273 2043 2333 promovente,

478 2348 739 2419 praeclare
786 2349 919 2405 mihi
976 2350 1315 2421 disputatum
1366 2362 1624 2422 apparet;
1670 2354 1816 2425 quod
1865 2365 2044 2411 autem

478 2441 683 2504 intulit,
715 2457 826 2496 nun
852 2456 977 2497 esse
998 2441 1262 2511 deinceps
1296 2444 1650 2512 procreandis
1691 2445 1879 2502 liberis
1907 2445 2044 2501 dan-

477 2532 602 2587 dam
631 2547 874 2603 operam,
911 2532 1055 2588 haud
1097 2533 1330 2604 prohare
1368 2537 1594 2605 possim.
1642 2535 1925 2611 Manifeste
1967 2537 2045 2594 si-

477 2622 695 2695 quidem
731 2640 797 2679 ex
846 2622 1148 2695 Scripturis
1198 2626 1332 2681 mihi
1379 2626 1677 2698 intelligere
1696 2627 1905 2694 videor,
1940 2644 2046 2685 no-

478 2714 649 2771 luisse
675 2714 768 2771 Dei
799 2714 1057 2782 Verbum,
1090 2726 1377 2790 postquam
1423 2719 1788 2791 virginitatem
1840 2722 2043 2777 mundo

479 2806 685 2873 intulit,
703 2806 926 2861 omnino
953 2807 1219 2880 abrogare
1238 2810 1573 2881 conjugium.
1597 2810 1717 2867 Non
1742 2812 1887 2868 enim
1916 2829 2049 2884 quo-

477 2903 625 2958 niam
664 2899 939 2957 sideribus
987 2901 1114 2956 luna
1161 2902 1337 2973 major
1366 2912 1471 2968 est,
1503 2905 1764 2961 continuo
1817 2914 2044 2962 caetera-

477 3007 603 3048 rum
637 2992 916 3048 stellarum
948 2992 1132 3049 lumen
1160 2994 1545 3066 exstinguitur.

548 3104 881 3177 incipiamus
932 3115 1113 3163 autem
1163 3121 1192 3161 a
1252 3106 1469 3177 Genesi,
1528 3116 1589 3163 ut
1649 3108 2043 3178 antiquissima:

479 3197 779 3269 Scriptura:
822 3213 984 3253 suum
1044 3198 1255 3254 ordinis
1307 3203 1601 3270 primatum
1672 3201 2038 3272 assignemus.

472 3286 725 3345 Profecto
754 3288 849 3345 Dei
892 3291 1161 3345 sententia
1189 3298 1244 3347 et
1288 3299 1616 3362 praeceptum
1665 3293 1796 3348 illud
1820 3294 1861 3326 ¹⁸
1918 3309 2045 3366 pro-

476 3381 708 3451 pagandi
749 3381 985 3452 generis,
1009 3383 1170 3438 etiam
1193 3381 1356 3439 hodie
1374 3384 1517 3455 viget
1543 3391 1598 3439 et
1623 3394 1908 3441 servatur:
1934 3386 2043 3443 Deo

473 3471 771 3527 etiamnum
820 3472 1057 3528 hominis
1106 3472 1375 3528 formandi
1433 3472 1643 3544 opifice.
1698 3474 1813 3531 Hoc
1842 3477 2042 3533 etenim

474 3561 636 3632 plane
670 3560 1016 3617 manifestum
1038 3571 1141 3627 est,
1160 3578 1308 3618 nunc
1338 3578 1555 3635 quoque
1585 3565 1731 3620 velut
1759 3566 1936 3637 pictor
1959 3574 2043 3622 ta-

472 3651 693 3716 bellam,
724 3652 805 3708 sic
828 3652 994 3708 Deum
1041 3654 1303 3709 mundum
1349 3654 1580 3720 efﬁcere,
1609 3656 1688 3710 uti
1719 3672 1850 3713 sane
1877 3660 2040 3715 etiam

473 3741 737 3798 Dominus
759 3743 966 3810 docuit,
994 3743 1123 3800 dum
1164 3745 1241 3799 ait
1282 3764 1295 3800 :
1335 3744 1500 3800 Pater
1527 3762 1671 3801 meus
1697 3764 1859 3820 usque
1889 3749 2040 3803 modo

473 3846 722 3905 operatur
741 3837 806 3892 ι’.
834 3835 1034 3893 Verum
1060 3837 1152 3893 ubi
1177 3837 1403 3893 ﬂumina
1432 3854 1655 3895 cursum
1672 3855 1830 3895 suum
1862 3840 2042 3897 absol-

472 3929 670 3992 verint,
721 3944 889 3998 seque
926 3936 1082 3986 vasto
1126 3930 1296 3988 maris
1334 3932 1486 3988 alveo
1530 3931 1897 4001 reddiderint;
1944 3933 2039 3989 ubi

472 4012 657 4075 lumen
698 4036 727 4074 a
770 4020 1008 4077 tenebris
1041 4023 1281 4092 perfecte
1323 4036 1629 4096 separatum
1679 4025 1841 4082 fuerit
1873 4025 2038 4099 (nunc

469 4112 616 4169 enim
654 4111 834 4166 adhuc
888 4112 944 4166 in
986 4113 1089 4168 ista
1136 4116 1481 4185 separatione
1532 4118 1900 4191 laboramus);
1943 4119 2037 4174 ubi

473 4201 687 4259 fructus
708 4218 838 4259 suos
862 4220 986 4258 cum
1021 4206 1306 4275 reptilibus
1333 4215 1388 4261 et
1410 4209 1857 4280 quadrupedibus
1877 4211 2038 4266 edere

412 4334 419 4341 .
470 4295 728 4366 deinceps
767 4296 919 4351 arida
947 4297 1193 4361 desierit,
1226 4305 1280 4352 et
1313 4298 1559 4368 expletus
1588 4302 1694 4355 erit
1733 4301 2036 4371 praefinitus

470 4383 754 4439 hominum
785 4402 1065 4452 numerus,
1099 4395 1232 4443 tunc
1260 4402 1395 4443 sane
1448 4403 1479 4442 a
1525 4391 1835 4459 generando
1864 4391 2034 4447 absti-

2150 1903 2305 1955 καῖον
2348 1895 2507 1964 εἶναι,
2561 1897 2747 1969 ἐπειδὴ
2780 1897 2961 1962 καλῶς
3010 1898 3043 1967 ἡ
3097 1897 3403 1969 Μαρκέλλα
3441 1899 3733 1971 ὁρμήσασα

2146 1991 2238 2045 ἐπὶ
2265 1991 2357 2045 τὸν
2385 1990 2565 2060 λόγον,
2594 1991 2693 2061 οὐχ
2720 1990 2919 2054 ἱκανῶς
2939 1988 3273 2060 ἐπλήρωσεν,
3296 1991 3407 2062 ἐμὲ
3434 1993 3730 2063 πειρᾶσθαι

2144 2084 2296 2147 τέλος
2324 2082 2589 2137 ἐπιθεῖναι
2618 2081 2694 2152 τῷ
2724 2081 2889 2152 λόγῳ,
2909 2081 2982 2135 Τὸ
3010 2082 3151 2152 μετὰ
3179 2082 3288 2154 γὰρ
3316 2085 3403 2147 είς
3428 2083 3728 2157 παρθενίαν

2147 2178 2213 2229 ὲκ
2241 2173 2558 2247 προϐάσεως
2588 2171 2861 2245 προκόψαι
2887 2172 2978 2226 τὸν
3021 2173 3325 2245 ἄνθρωπον,
3349 2173 3491 2228 Θεοῦ
3517 2190 3728 2247 παρορ-

2149 2267 2417 2337 μήσαντος
2461 2263 2624 2317 αὑτὸν
2670 2262 2812 2317 κατὰ
2857 2262 3044 2336 καιρὸν
3072 2264 3166 2317 καὶ
3209 2264 3421 2335 καιρὸν,
3454 2264 3605 2318 δοκεί
3632 2282 3728 2337 μοι

2146 2357 2323 2421 καλῶς
2365 2355 2669 2410 διελέσθαι·
2713 2355 2774 2410 τὺ
2806 2355 2864 2410 δὲ
2898 2349 3089 2427 μηκέτι
3114 2354 3311 2427 χρῆναι
3343 2355 3526 2425 λέγειν
3568 2357 3725 2411 τούν-

2144 2447 2332 2504 τεῦθεν
2359 2450 2713 2517 τεκνογονεῖν,
2744 2448 2806 2501 οὐ
2840 2447 3034 2510 καλῶς.
3055 2447 3193 2517 Ἐγὼ
3224 2447 3332 2520 γὰρ
3362 2446 3724 2518 καθεωρακέ-

2144 2559 2232 2597 ναι
2261 2559 2351 2612 μοι
2377 2542 2519 2596 δοκῶ
2547 2542 2731 2612 σαφῶς
2759 2541 2865 2595 ἀπὸ
2894 2541 3001 2594 τῶν
3022 2540 3274 2612 Γραφῶν,
3302 2542 3382 2595 ὅτι
3410 2540 3719 2612 παρθενίας

2134 2602 2425 2704 ἐλθούσης,
2450 2632 2478 2685 ὁ
2503 2602 2672 2700 Λόγός
2696 2602 2795 2685 οὐκ
2822 2631 2996 2684 ἀνεῖλε
3224 2602 3324 2703 την
3341 2602 3715 2698 τεκνογονιαν,

2144 2725 2221 2779 Οὐ
2253 2725 2360 2796 γὰρ
2398 2723 2584 2795 ἐπειδὴ
2613 2723 2721 2778 τῶν
2759 2722 3060 2795 ἀστέρωνή
3098 2722 3292 2795 σελήνη
3326 2722 3528 2795 μείζων
3568 2721 3713 2785 ἐστὶ,

2140 2816 2297 2889 παρὰ
2324 2816 2479 2870 τοῦτο
2510 2815 2617 2869 τῶν
2648 2816 2821 2871 ἄλλων
2867 2815 3111 2888 ἀστέρων
3144 2816 3205 2871 τὸ
3242 2815 3356 2886 φῶς
3380 2816 3714 2886 ἀναιρεῖται.

2227 3105 2541 3180 ’Δρξὼμεθα
2570 3106 2627 3161 δὲ
2656 3105 2763 3161 an?)
2783 3107 2883 3178 τῆς
2912 3107 3202 3172 Γενέσεως,
3232 3106 3319 3161 ἵνα
3353 3106 3417 3178 δὴ
3441 3124 3542 3162 κιαι
3585 3122 3731 3180 πρε.

2143 3199 2422 3271 σϐεῠωμεν
2469 3198 2666 3271 μᾶλλον
2701 3198 2799 3272 τὴν
2828 3201 3070 3271 Γραφήν.
3090 3201 3153 3253 Ἦ
3180 3204 3287 3272 γὰρ
3318 3200 3599 3270 ἀπόφασις
3626 3195 3728 3252 τοῦ

2141 3292 2297 3357 Θεοῦ,
2327 3293 2422 3347 καὶ
2454 3292 2516 3346 τὸ
2542 3293 2816 3364 διάταγμα
2852 3292 2915 3346 τὸ
2949 3294 3042 3347 ἐπὶ
3064 3294 3160 3365 τῆς
3190 3293 3560 3357 τεκνοποιίας,
3592 3294 3733 3363 δμο-

2141 3377 2481 3450 λογουμένως
2510 3380 2671 3453 μέχρι
2703 3381 2796 3434 καὶ
2837 3379 2933 3435 νῦν
2974 3381 3417 3454 συμπληροῦται·
3454 3383 3734 3438 πλάσσον-

2139 3486 2231 3532 τος
2262 3470 2350 3523 τὸν
2374 3468 2658 3542 ἄνθρωπον
2682 3470 2761 3523 ἔτι
2781 3470 2875 3523 τοῦ
2903 3469 3254 3543 δημιουργοῦ.
3285 3472 3455 3526 Τοῦτο
3485 3472 3605 3545 γὰρ
3632 3473 3737 3527 καὶ

2141 3560 2317 3631 πάντη
2349 3561 2674 3630 καταφανὲς,
2693 3560 2769 3624 ὡς
2798 3560 2905 3632 ἄρα
2928 3560 3019 3614 τὸν
3046 3561 3248 3631 κόσμον
3274 3561 3459 3632 ἀκμὴν
3476 3562 3734 3633 ἐργάζε-

2139 3670 2229 3706 ται
2263 3650 2564 3727 ζωγραφῶν
2594 3655 2624 3706 ό
2652 3654 2802 3717 Θεὸς,
2834 3653 3023 3725 ὥσπερ
3050 3653 3114 3724 δὴ
3140 3655 3234 3707 καὶ
3255 3656 3283 3707 ὁ
3307 3653 3516 3725 Κύριος
3541 3655 3738 3709 ἐδίδα-

2141 3741 2249 3809 ξεν,
2286 3746 2433 3811 Ἕως
2455 3742 2584 3814 ἄρτι
2615 3747 2648 3798 ό
2670 3743 2871 3813 Πατήρ
2886 3762 3005 3813 μου
3023 3744 3336 3815 ἐργάζεται,
3356 3744 3558 3814 λέγων.
3580 3746 3734 3800 Ἀλλ’

2138 3837 2336 3891 ὁπόταν
2368 3839 2416 3891 οἱ
2451 3837 2685 3909 ποταμοὶ
2716 3836 2815 3909 ἤδη
2841 3837 3184 3908 λωφήσωσιν,
3208 3839 3288 3901 είς
3305 3837 3367 3890 τὸ
3388 3837 3488 3909 τῆς
3520 3837 3740 3892 θαλάσ-

2141 3944 2240 3999 σης
2272 3926 2643 3993 είσὸάλλοντες
2672 3929 2909 3999 ἀγγεῖον,
2943 3929 3035 3983 καὶ
3058 3927 3118 3981 τὸ
3151 3927 3267 3998 φῶς
3295 3928 3517 3992 τελείως
3553 3946 3739 4000 χωρι-

2138 4018 2237 4090 σθῇ
2286 4018 2379 4073 τοῦ
2432 4020 2674 4087 σκότους,
2710 4020 2845 4091 (νῦν
2893 4020 3001 4095 γὰρ
3039 4020 3118 4073 ἔτι
3148 4020 3589 4094 διαχωρίξεται
3626 4019 3738 4074 καὶ

2134 4111 2263 4175 τοὺς
2306 4114 2552 4183 καρποὺς
2597 4111 2733 4184 μετὰ
2784 4112 2893 4167 τῶν
2940 4112 3182 4185 ἑρπετῶν
3229 4112 3323 4166 καὶ
3362 4111 3737 4183 τετραπόδων

2135 4203 2436 4258 ἀναδιδόναι
2486 4203 2760 4277 παύσηται
2809 4204 2990 4259 λοιπὸν
3017 4206 3050 4275 ἡ
3082 4203 3240 4278 ξηρὰ,
3267 4204 3360 4257 καὶ
3399 4205 3427 4257 ὀ
3468 4220 3737 4275 προωρι-

2138 4297 2333 4368 σμένος
2360 4295 2469 4351 τῶν
2495 4295 2794 4369 ἀνθρώπων
2819 4295 3048 4367 ἀριθμὸς
3070 4293 3430 4367 ἀναπληρωθῇ
3453 4311 3466 4325 ⁸
3489 4295 3626 4348 τότε
3656 4296 3733 4369 δὴ

2135 4384 2321 4444 λοιπὸν
2337 4388 2548 4459 καὶτῆς
2562 4388 2902 4451 παιδοποιίας
2924 4388 3207 4456 ἀφεκτέον.
3225 4386 3338 4441 Νῦν
3368 4386 3477 4457 γὰρ
3504 4388 3594 4451 είς
3622 4390 3735 4461 τὴν

472 4476 713 4531 nendum
747 4479 873 4532 erit.
903 4477 1061 4533 Nunc
1083 4479 1229 4535 enim
1252 4478 1462 4535 edenda
1495 4479 1585 4535 Dei
1615 4481 1850 4552 imagine
1879 4497 2035 4538 suam

2147 4482 2322 4536 είκόνα
2347 4479 2438 4533 τοῦ
2465 4479 2600 4533 Θεοῦ
2629 4480 2720 4533 τὸν
2752 4478 3034 4551 ἄνθρωπον
3058 4480 3268 4551 ἀνάγκη
3299 4481 3612 4550 συνεργεῖν,
3643 4481 3742 4535 ἔτι

469 4566 742 4623 hominem
765 4569 1014 4627 conferre
1047 4586 1269 4642 operam
1311 4586 1539 4627 necesse
1564 4581 1671 4638 est,
1699 4575 1827 4628 dum
1859 4574 2037 4630 adhuc

2147 4570 2467 4632 συνεστῶτος
2508 4569 2603 4623 τοῦ
2657 4570 2861 4641 κόσμου
2906 4569 3000 4623 καὶ
3044 4570 3480 4641 τεκταινομένου.
3510 4570 3739 4635 Αὐξά-

469 4666 576 4715 stat
596 4659 854 4724 mundus,
876 4661 1141 4733 novisque
1164 4662 1404 4733 quotidie
1422 4663 1657 4721 molibus
1686 4664 1804 4735 ejus
1830 4664 2036 4721 fabrica

2147 4664 2313 4716 νέσθε
2348 4660 2476 4732 γὰρ,
2509 4660 2721 4733 ἐλέχθη,
2777 4660 2876 4715 καὶ
2926 4660 3326 4729 πληθύνεσθε.
3360 4661 3470 4713 Καὶ
3502 4661 3567 4714 οὐ
3614 4661 3742 4735 χρὴ

473 4751 821 4821 adimpletur.
878 4751 1132 4819 Crescite,
1174 4754 1344 4820 enim,
1381 4755 1580 4826 inquit,
1609 4765 1660 4811 et
1712 4756 2036 4826 multiplica-

2147 4752 2194 4805 τὸ
2224 4750 2500 4822 διάταγμα
2535 4750 2913 4822 βδελύσσεσθαι
2946 4748 3040 4804 τοῦ
3068 4748 3429 4822 Δημιουργοῦ,
3461 4748 3522 4814 ἐξ
3554 4746 3627 4805 οὗ
3663 4751 3741 4825 δὴ

468 4843 601 4898 mini
617 4845 683 4896 ὀ.
702 4842 812 4899 Nec
841 4843 923 4900 l‘as
951 4853 1035 4900 est
1056 4845 1332 4903 Creatoris
1361 4854 1686 4919 praeceptum
1710 4848 2033 4915 abominari,

2147 4845 2228 4899 καὶ
2254 4844 2412 4898 αὑταὶ
2436 4845 2757 4917 γεγόναμεν.
2775 4843 2940 4916 Ἀρχὴ
2965 4843 3074 4916 γὰρ
3110 4843 3374 4912 γενέσεως
3405 4842 3742 4915 ἀνθρώπων

467 4952 535 4992 ex
558 4951 668 5007 quo
698 4938 856 4993 nobis
880 4946 963 4992 est
988 4938 1131 5009 quod
1164 4939 1502 4994 exsistimus.
1521 4939 1858 5011 Principium
1888 4941 2034 4995 enim

2147 4938 2165 5008 ἡ
2198 4935 2291 4989 τοῦ
2322 4936 2633 5008 σπέρματος
2658 4937 2736 4999 είς
2763 4935 2888 4999 τοὺς
2915 4933 3155 4997 αὔλακας
3178 4933 3278 5003 τῆς
3313 4935 3527 5004 μήτρας
3561 4935 3742 5003 γίνε-

467 5030 836 5100 generationis
886 5028 1166 5084 hominum
1219 5031 1444 5087 seminis
1493 5031 1548 5085 in
1580 5031 1812 5103 genitale
1843 5046 2035 5086 arvum

2147 5046 2220 5083 rat
2254 5027 2545 5099 καταϐολὴ,
2572 5028 2720 5091 ὃπως
2746 5028 2809 5080 τὸ
2833 5029 2897 5080 ἐκ
2924 5026 3031 5082 τῶν
3058 5025 3259 5079 ὀστέων
3295 5025 3507 5091 όστοῦν,
3543 5027 3656 5081 καὶ
3701 5031 3743 5101 ἡ

467 5119 730 5176 demissio
755 5129 860 5186 est,
887 5130 947 5175 ut
971 5137 1039 5177 ex
1068 5123 1287 5178 ossibus
1314 5138 1377 5180 os
1406 5130 1461 5178 et
1488 5139 1554 5178 ex
1583 5138 1750 5179 carne
1781 5138 1932 5187 caro,
1953 5139 2037 5179 ar-

2147 5127 2198 5174 ὲκ
2237 5121 2336 5191 τῆς
2381 5121 2583 5191 σαρκὸς
2625 5119 2761 5192 σὰρξ
2809 5119 2996 5191 ἔτερος
3043 5117 3328 5189 ἄνθρωπος
3357 5117 3583 5189 ἀοράτῳ
3621 5118 3743 5191 λη-

468 5224 604 5264 cana
620 5214 673 5265 vi
698 5210 1004 5283 desumpta.
1027 5211 1081 5267 in
1103 5212 1332 5268 alterum
1357 5228 1549 5270 rursus
1582 5214 1855 5271 hominem
1887 5216 2037 5288 ejus-

2147 5213 2335 5285 pOév-ra.
2370 5214 2595 5285 δυνάμει
2644 5208 2965 5267 πάλιν’ὰπὸ
3008 5211 3103 5265 τοῦ
3153 5209 3318 5265 αὑτοῦ
3348 5211 3599 5283 τεχνίτου
3628 5213 3749 5286 δη..

469 5299 592 5355 dem
621 5301 843 5358 artificis
869 5318 1033 5374 opera
1063 5302 1390 5357 condantur.
1424 5303 1515 5360 Sic
1538 5306 1683 5361 enim
1707 5306 1919 5377 impleri
1939 5322 2033 5377 pu-

2147 5305 2529 5379 μιουργηθῶσι.
2557 5305 2740 5378 Ταύτῃ
2790 5303 2898 5377 γὰρ
2946 5304 3159 5373 ἐκείνην
3188 5303 3417 5375 ἡγητέον
3465 5302 3742 5377 πληροῦ-

465 5394 690 5449 tandum
717 5411 836 5450 eam
862 5401 1189 5454 sententiam
1226 5417 1240 5453 :
1275 5397 1390 5453 Hoc
1436 5415 1574 5454 nunc
1626 5416 1683 5457 os
1710 5414 1776 5452 ea:
1825 5400 2031 5454 ossibus

2147 5399 2256 5453 τθαι
2284 5401 2383 5472 τὴν
2413 5401 2614 5471 φωνήν
2650 5398 2829 5454 Τοῦτο
2849 5396 2965 5452 νῦν
2994 5396 3218 5452 ὀστοῦν
3243 5395 3312 5451 ἐκ
3333 5395 3451 5450 τῶν
3478 5395 3750 5455 da'téw

466 5489 614 5553 meis,
643 5500 692 5543 et
721 5507 847 5545 caro
869 5491 933 5546 de
953 5508 1111 5547 carne
1132 5508 1247 5547 mea
1268 5493 1335 5547 ".

2147 5510 2267 5558 nov,
2298 5491 2397 5547 καί
2426 5491 2582 5561 σὰρξ
2600 5492 2671 5546 ἐκ
2692 5488 2802 5560 τῆς
2820 5490 3051 5560 σαρκός
3067 5508 3207 5561 μου.

540 5690 583 5725 ¹⁸
605 5688 736 5748 Ceu.
772 5709 813 5759 ι,
839 5692 930 5749 28.
1012 5694 1054 5729 ι’
1078 5694 1241 5751 Jahn.
1273 5713 1327 5763 v,
1358 5697 1446 5755 Π.
1519 5698 1568 5730 ⁸⁸
1600 5695 1727 5755 Gen.
1760 5712 1801 5765 ι,
1830 5697 1924 5755 28.
1997 5698 2037 5730 ¹¹

2147 5715 2211 5753 τι.
2247 5714 2307 5767 ιι,
2342 5697 2435 5755 9.3.
