3964 6226
287 285 359 343 19
1383 290 1768 353 CONVIVIUM
1809 295 2038 354 DECEM
2081 298 2446 362 VIRGINUM.
3406 364 3409 371 ,
3464 308 3537 367 50

290 412 421 473 Chr.
441 415 505 471 ll.
531 416 832 487 Generatio,
863 423 1046 493 afﬁnis
1072 426 1262 495 prima:
1290 422 1417 483 ane
1443 444 1511 484 ex
1534 440 1686 486 costa
1719 442 1768 487 et
1802 449 1914 487 csse
1940 434 2073 517 ᾼάιε
2105 436 2436 507 [ονηιοιίοηί.
2476 438 2614 496 Deus
2635 442 2903 499 hominum
2930 443 3174 503 conditor
3205 449 3258 502 in
3283 464 3531 509 consueta

1733 516 2087 573 generatione.
3011 545 3017 551 ι

245 568 254 599 ί
360 603 530 658 Τοῦτο
559 606 670 678 γὰρ
700 608 830 671 ἴσως
862 609 1111 681 ᾐνίσσετο
1161 614 1256 667 καὶ
1299 615 1333 686 ἡ
1384 616 1521 687 μετὰ
1568 617 1659 674 τὸν
1697 619 1837 676 ὕπνοι

2037 623 2095 679 ld
2148 624 2293 680 enim
2347 624 2890 685 forsitan-innuebat
2948 629 3042 685 illa
3092 647 3190 703 per
3254 635 3528 691 somnium

279 692 544 762 ἔκστασις
592 696 945 771 ἑπισληθείσα
985 701 1064 774 τῷ
1106 705 1534 778 πρωτοπλάστῳ,
1572 709 1862 781 προδιατυ-

278 792 533 862 ,πυμένη
574 790 671 864 τὴν
700 792 792 845 ἐπὶ
837 793 940 864 τῆς
976 794 1289 868 φιλοτησίας
1320 797 1495 866 θέλξιν
1526 799 1621 856 τοῦ
1647 801 1858 875 ἀνδρὸς,

278 883 449 938 ὁπότε
500 884 732 957 διψήσας
778 884 984 941 τέκνων
1031 887 1325 954 ἐξίσταται,
1349 893 1471 956 ταῖς
1522 893 1861 964 παιδογόνοις

280 976 645 1049 θηλυνόμενος
688 980 809 1034 καθ’
842 979 1008 1034 ὕπνον
1052 981 1284 1053 ⁴ἡδοναῖς,
1320 984 1407 1037 ἵνα
1458 984 1621 1039 πάλιν
1648 1002 1724 1052 τι,
1750 986 1860 1041 άπὸ

276 1067 395 1121 τῶν
424 1067 597 1121 ὀστῶν
618 1069 781 1123 αὐτοῦ
808 1071 901 1124 καὶ
928 1072 1028 1142 τῆς
1054 1072 1253 1144 σαρκὸς
1278 1074 1646 1143 ἀποσπασθὲν,
1675 1077 1860 1151 ἕτερος

270 1159 587 1233 ἄνθρωπος,
617 1162 694 1225 ὡς
745 1161 903 1234 ἔφην,
946 1164 1859 1242 ὰναπληρωθῇ.⁹Εκταρασσομένης

269 1252 388 1325 γὰρ
424 1253 523 1324 τῆς
552 1253 819 1325 ἁρμονίας
842 1254 949 1308 τῶν
976 1256 1244 1327 σωμάτων
1280 1261 1339 1313 ὲν
1365 1263 1478 1324 τοῖς
1505 1261 1647 1317 κατά
1671 1281 1858 1319 συνου-

270 1343 400 1397 σίαν
444 1344 774 1417 ἐρεθισμοῖς,
810 1347 886 1409 ὡς
931 1350 981 1402 οί
1030 1350 1403 1423 τετελεσμένοι
1448 1354 1547 1427 τὴν
1587 1356 1855 1427 γαμήλιον

264 1436 425 1505 ἡμᾶς
454 1436 769 1492 διδάσκουσι
798 1441 1041 1514 τελετὴν,
1072 1445 1181 1500 πᾶν
1206 1445 1267 1499 τὺ
1290 1447 1561 1518 μυελῶδες
1578 1448 1673 1503 τοῦ
1696 1451 1857 1522 αἵμα-

263 1543 363 1591 τος
418 1529 514 1582 καὶ
557 1531 945 1603 γονιμώτατον,
975 1537 1113 1608 ὅπερ
1147 1540 1294 1593 ἐστὶν
1337 1540 1502 1613 ὑγρὸν
1548 1543 1758 1610 ὀστοῦν,
1790 1547 1855 1599 ἐκ

262 1620 493 1675 πάντων
524 1625 977 1699 ἐπαθροιζόμενον
1003 1628 1113 1683 τῶν
1139 1631 1334 1701 μελῶν,
1358 1633 1732 1707 ἁφροποιῆσαν
1758 1636 1853 1690 καὶ

263 1714 613 1786 θρομ6ωθὲν,
643 1719 731 1773 διὰ
762 1720 869 1774 τῶν
898 1721 1232 1791 παιδογόνων
1262 1727 1340 1790 είς
1364 1725 1462 1798 τὴν
1482 1727 1723 1800 ἔμψυχον
1751 1732 1851 1803 τῆς

262 1806 493 1878 θηλείας
534 1810 744 1876 ὲξῦεται
776 1813 900 1883 γῆν.
924 1815 1163 1881 Εἰκότως
1195 1818 1300 1889 ἄρα
1326 1819 1510 1873 ἕνεκεν
1533 1820 1723 1876 τούτου
1752 1841 1850 1877 κα-

260 1900 515 1954 ταλιπεῖν
554 1903 803 1959 λέλεκται
830 1907 922 1962 τὸν
949 1910 1158 1982 πατέρα
1188 1911 1282 1964 καὶ
1314 1912 1415 1985 τὴν
1461 1914 1694 1987 μητέρα,
1726 1917 1847 1970 τότε

1961 715 2138 786 primo
2169 717 2373 771 homini
2397 718 2597 788 injecta
2625 720 2882 784 exstasis,
2927 721 3033 777 viri
3063 723 3206 779 inter
3232 726 3528 783 muliebres

1961 808 2243 879 amplexus
2264 809 2622 866 mulcedinem
2646 812 2795 866 illam
2831 814 3205 886 przeﬁgurans,
3236 834 3361 874 cum
3388 821 3529 877 libe-

1960 915 2146 957 rorum
2177 900 2368 957 sitiens
2399 918 2428 957 a
2486 919 2546 959 se
2577 906 2737 974 quasi
2793 907 3029 974 excedit,
3075 909 3401 980 genitalibus
3429 929 3531 984 per

1957 1006 2208 1047 somnum
2236 991 2576 1050 effeminatus
2603 993 2834 1060 deliciis,
2863 1004 2923 1051 ut
2951 1013 3170 1059 rursum
3197 1002 3268 1057 ab
3286 1003 3407 1074 ejus
3434 1020 3531 1061 os-

1957 1083 2112 1140 sibus
2148 1092 2202 1139 et
2234 1100 2400 1142 carne
2429 1085 2720 1156 decerptus
2772 1088 3170 1163 delibatusque,
3228 1095 3391 1162 alius,
3443 1099 3524 1153 uti

1956 1180 2225 1246 dicebam,
2253 1181 2419 1238 homo
2441 1182 2747 1252 impleatur.
2781 1182 3021 1242 Turbata
3049 1188 3195 1244 enim
3233 1206 3524 1263 corporum

1955 1272 2240 1327 harmonia
2262 1275 2667 1333 titillationibus
2694 1278 2897 1343 coitus.
2927 1281 3006 1334 uti
3052 1296 3153 1337 nos
3183 1282 3401 1349 docent,
3428 1285 3524 1354 qui

1954 1381 2097 1437 opus
2123 1370 2370 1425 maritale
2399 1373 2605 1442 experti
2661 1381 2809 1438 sunt,
2862 1375 3162 1431 medullosa
3202 1393 3430 1448 qumque
3458 1392 3525 1433 ac

1952 1458 2208 1529 proliﬁca.
2254 1475 2381 1531 pars
2413 1462 2718 1533 sanguinis,
2756 1465 2901 1535 quod
2944 1480 3008 1520 os
3048 1466 3322 1538 quoddam
3353 1468 3519 1539 liqui-

1951 1550 2081 1606 dum
2111 1559 2219 1620 est,
2250 1568 2313 1609 ex
2343 1555 2561 1610 cunctis
2590 1565 2779 1611 coacta
2808 1558 3089 1624 membris,
3108 1574 3367 1630 spumoso
3394 1576 3524 1617 coa-

1949 1642 2076 1714 gulo
2102 1658 2486 1709 concrescens,
2548 1662 2646 1718 per
2678 1649 2957 1705 naturales
2990 1658 3202 1706 meatus
3235 1651 3290 1706 in
3343 1651 3520 1708 vivam

1950 1732 2163 1788 feminae
2195 1733 2417 1788 humum
2434 1735 2727 1806 expluitur.
2747 1735 2937 1792 Merito
2955 1725 3177 1808 propﬁar
3198 1741 3300 1794 hoc
3314 1738 3521 1794 dictum

1947 1837 2051 1890 est,
2086 1826 2472 1883 derelicturum
2496 1828 2769 1884 hominem
2795 1837 3000 1900 patrem
3028 1839 3081 1886 et
3105 1842 3351 1898 matrem,
3383 1847 3523 1887 cun-

1948 1921 2051 1974 ctis
2078 1928 2300 1989 repente
2325 1936 2423 1990 per
2451 1920 2564 1976 haec
2628 1922 2914 1977 intervalla
2943 1924 3201 1979 memoria
3255 1926 3518 1982 elabenli-

261 1994 485 2047 trav-tur:
515 1994 729 2068 ἀθρόως
754 1998 1163 2073 άμνημονήσας,
1190 2002 1277 2055 ὅτε
1305 2002 1676 2077 φιλοστόργοις
1699 2007 1837 2060 ἑνού-

1948 2009 2072 2074 bus,
2119 2012 2245 2065 dum
2300 2011 2675 2081 conjngalibus
2708 2014 2922 2068 mulieri
2948 2016 3313 2086 agglutinatus
3364 2033 3519 2074 com-

263 2101 433 2156 μενος
453 2089 516 2157 τῇ
544 2090 764 2156 γυναικὶ
793 2091 1151 2162 συμπλοκαῖς,
1184 2094 1414 2166 κάτοχος
1442 2099 1733 2169 ἐπιθυμίας
1753 2100 1839 2169 γί-

264 2193 425 2229 νεται
457 2181 791 2253 γεννητικῆς,
820 2184 1076 2255 παρέχων
1112 2186 1460 2258 ἀφαιρεῖσθαι
1488 2190 1564 2261 τῷ
1587 2191 1715 2263 θείῳ
1742 2191 1841 2266 τὴν

265 2268 508 2340 τύευρὰν
535 2271 873 2347 δημιουργῷ,
913 2278 1061 2343 ὅπως
1085 2279 1144 2348 ea
1175 2282 1292 2336 υἱοῦ
1326 2283 1391 2357 δὴ
1424 2285 1518 2338 καὶ
1543 2285 1704 2350 αὐτὸς
1730 2304 1839 2342 πα-

264 2360 369 2434 τὴρ
400 2363 559 2418 πάλιν
581 2368 814 2440 ἐκφανῇ.

332 2455 543 2508 οὐκοῦν
568 2458 735 2513 εἰσέτι
768 2459 1098 2528 πλάσσοντος
1141 2464 1236 2519 καὶ
1277 2465 1372 2521 νῦν
1422 2466 1485 2540 δὴ
1516 2467 1606 2522 τὸν
1632 2468 1836 2542 ἄνθρω-

256 2561 362 2600 πον
384 2546 478 2601 τοῦ
504 2548 662 2615 Θεοῦ,
701 2551 818 2615 πῶς
838 2554 898 2605 οὐ
926 2555 1195 2628 τολμηρὸν
1235 2557 1297 2611 τὸ
1326 2558 1713 2629 βδελύσσεσθαι
1738 2565 1840 2636 τὴν

253 2639 635 2712 παιδουργίαν,
659 2644 726 2713 ἦν
757 2645 917 2710 αὐτὸς
945 2648 1044 2701 οὐκ
1068 2650 1453 2721 ἐπαισχύνεται
1496 2657 1614 2719 ταῖς
1644 2656 1843 2728 ἀμιάν-

250 2747 369 2796 τοις
409 2733 439 2785 6
478 2734 880 2812 Παντοκράτωρ
929 2740 1296 2814 ἐργαζόμενος
1344 2746 1535 2819 χερσί;
1579 2748 1698 2817 Πρὸ
1730 2750 1837 2805 τοῦ

254 2824 366 2896 γάρ
398 2844 475 2895 με
512 2828 742 2883 πλάσαι
779 2848 853 2886 σε
879 2832 951 2888 ἐν
990 2836 1207 2902 κοιλίᾳ,
1256 2837 1579 2908 ἐπίσταμαί
1625 2858 1718 2908 σε,
1759 2841 1837 2914 τῷ

264 2917 509 2992 Ἱερεμίᾳ.
542 2924 693 2992 φησί.
728 2924 818 2996 Τῷ
837 2926 894 2980 δὲ
934 2928 1055 2983 Ἰώό
1079 2946 1092 2960 ·
1125 2929 1222 3000 Μὴ
1249 2932 1353 2999 σὺ,
1390 2932 1594 2988 λαϐὼν
1613 2935 1845 3004 πηλὸν,

249 3009 533 3087 ἔπλασας
557 3011 725 3079 ζῶον,
748 3015 848 3070 καί
878 3020 1149 3088 λαλητὸν
1179 3021 1328 3076 αὐτὸ
1367 3022 1841 3095 ἐποίησαςάφητ

249 3102 349 3155 ἐπὶ
384 3101 491 3171 τῆς
528 3104 678 3174 γῆς;
706 3107 816 3162 Καὶ
854 3110 882 3163 ό
919 3108 1038 3164 Ἰὼϐ
1076 3111 1214 3184 πρὸς
1242 3113 1401 3168 αὐτὸν
1429 3114 1695 3180 εὐκτωιῶς
1724 3115 1835 3188 (28)

247 3193 500 3266 φέρεται,
529 3197 704 3266 λέγων
731 3200 819 3254 τό·
847 3206 915 3257 At
937 3204 1133 3272 χεῖρές
1153 3219 1269 3260 σου
1297 3206 1595 3275 ἐποίησάν
1616 3224 1713 3278 με,
1734 3209 1833 3264 καὶ

244 3286 534 3342 {aleariae
584 3307 681 3359 με.
718 3290 843 3356 Πῶς
895 3292 951 3346 δὲ
1006 3295 1106 3349 οὐκ
1151 3296 1348 3351 ἄτοπον
1381 3297 1461 3364 τὸ,
1494 3300 1835 3372 ἀπαγορεύε-

248 3377 379 3432 σθαι
429 3381 624 3450 γάμων
669 3384 1008 3455 συναλλαγὰς
1029 3426 1045 3451 ,
1101 3390 1569 3462 προσδοκωμένων
1613 3392 1693 3445 ἔτι
1738 3394 1833 3449 καὶ
1859 3380 1902 3439 C

248 3469 373 3541 μεθ’
401 3474 551 3541 ἡμᾶς
581 3472 797 3529 ἔσεσθαι
835 3476 1148 3551 μαρτύρων,
1181 3481 1404 3535 καὶτῶν
1434 3482 1829 3555 ἀντιτασσομέ-

245 3578 357 3615 νων
382 3563 463 3634 τῷ
503 3565 747 3638 πονηρῷ,
773 3567 840 3621 δι’
872 3568 966 3635 οὓς
1007 3570 1072 3642 δὴ
1101 3573 1195 3626 καὶ
1236 3571 1334 3637 τὰς
1366 3574 1582 3647 ἡμέρας
1608 3577 1637 3629 6
1674 3574 1831 3644 λόγος

243 3654 615 3724 ἐπηγγείλατο
665 3659 1166 3733 κολοϐωθήσεσθαι;
1218 3666 1277 3719 Ei
1324 3665 1432 3740 γὰρ
1477 3667 1697 3738 φαῦλον,
1751 3670 1828 3734 ὡς

243 3745 402 3817 ἔφης,
437 3749 772 3804 άπεντεῦθεν
817 3753 1127 3824 νενόμισται
1160 3756 1238 3827 τῷ
1265 3757 1382 3829 Θεῷ
1428 3757 1489 3812 τὸ
1534 3760 1831 3815 παιδοσπο-

244 3841 381 3908 ρείν,
415 3839 485 3893 δι’
512 3842 580 3912 ῆν
622 3844 799 3898 αἰτίαν
829 3847 879 3899 οἱ
921 3846 1071 3918 παρὰ
1108 3847 1285 3919 δόγμα
1320 3851 1575 3922 φυόμενοι
1603 3854 1697 3907 καὶ⁵
1726 3853 1826 3926 τὴν

246 3930 442 4003 βουλὴν
473 3934 575 4006 τὴν
621 3934 788 4000 θείαν,
818 3939 1099 4010 εὐάρεστοι
1127 3941 1443 4013 δυνήσονται
1477 3945 1824 4017 παραστῆναι

240 4024 323 4096 τῷ
363 4027 518 4098 Θεῷ;
566 4028 634 4083 Ἣ
665 4031 783 4095 πῶς
810 4034 909 4087 οὐκ
941 4034 1152 4108 ἀνάγκη
1206 4031 1346 4090 εἶναι
1385 4037 1653 4110 κίϐδηλον,
1689 4037 1826 4093 ἀλλὰ

245 4117 323 4190 μὴ
349 4118 582 4190 θεοφυὲς
613 4121 727 4190 (29)
754 4123 814 4178 τὸ
838 4126 1048 4197 τεχθὲν,
1083 4129 1132 4181 εἰ
1155 4127 1308 4197 παρὰ
1343 4130 1443 4201 τὴν
1474 4128 1705 4203 γνώμην
1727 4130 1823 4184 καὶ

240 4211 306 4265 τὺ
340 4212 618 4287 διάταγμα
650 4216 808 4290 δίκην
844 4221 1349 4294 παραχαράγματος
1390 4223 1687 4278 πλάσσεται
1722 4225 1823 4296 τῆς

234 4300 558 4375 δυνάμεωςς
592 4308 682 4361 ἵνα
734 4309 800 4382 δὴ
856 4313 951 4366 καὶ
993 4312 1300 4387 ἀνθρώποις
1349 4314 1608 4370 δύνασθαι
1637 4315 1818 4388 δῶμεν

234 4396 783 4470 ἀνθρωποπλαστεῖν.

1944 2101 2215 2172 plexibns,
2240 2103 2491 2174 genitalis
2520 2104 2696 2175 impos
2720 2104 2963 2160 libidinis
2984 2107 3196 2163 evadit:
3225 2110 3517 2168 tollendam

1941 2195 2149 2243 costam
2170 2190 2358 2246 divino
2399 2192 2648 2261 praebens
2677 2192 2892 2259 artiﬁci,
2925 2203 2983 2249 ut
3005 2210 3069 2250 ex
3098 2196 3364 2255 ﬁlioidem
3390 2218 3521 2257 rura

1941 2296 2038 2336 sus
2066 2288 2216 2352 pater
2235 2282 2485 2338 exsistat.

2007 2463 2395 2534 Quamonrem,
2425 2464 2536 2524 Deo
2562 2470 2859 2526 etiamnum
2887 2472 3131 2544 quotidie
3162 2490 3259 2546 per
3298 2477 3522 2548 nuptia-

1939 2557 2043 2613 lem
2068 2559 2337 2629 ejusmodi
2359 2575 2715 2631 congressum
2740 2564 3014 2620 hominem
3049 2565 3347 2636 formante,
3376 2585 3515 2640 quo-

1939 2649 2107 2705 modo
2133 2666 2244 2715 non
2269 2652 2618 2709 temerarium
2675 2655 2842 2711 fuerit
2869 2657 3171 2713 abominari
3218 2659 3512 2716 liberorum

1937 2745 2394 2815 procreationem.
2447 2746 2536 2801 cui
2590 2762 2722 2804 suas
2780 2750 3159 2808 immaculatas
3206 2751 3514 2809 immiscere

1936 2852 2134 2892 manus
2153 2838 2502 2909 omnipotens
2528 2839 2758 2895 Creator
2782 2841 2926 2896 haud
2960 2841 3280 2898 indecorum
3310 2842 3516 2899 ducat?

1937 2925 2258 3001 Priusquam
2296 2933 2486 2997 enim,
2531 2933 2741 3003 inquit,
2789 2933 3075 3003 formarem
3130 2945 3188 2990 te
3229 2936 3284 2990 in
3339 2944 3510 3005 utero,

1936 3023 2054 3076 novi
2084 3031 2151 3088 te,
2184 3021 2476 3079 Jeremiam
2503 3024 2784 3096 alloquens
2807 3028 2872 3081 ".
2888 3025 2957 3082 Et
2986 3026 3123 3084 Jobo
3151 3029 3323 3085 ait“:
3354 3027 3511 3083 Nunc

1934 3112 2059 3185 quid
2090 3126 2149 3168 tu
2185 3117 2543 3185 acceptolimo
2577 3118 2823 3189 eﬁinxisti
2862 3120 3085 3184 animat,
3138 3131 3188 3176 et
3222 3123 3398 3177 vocale
3437 3122 3509 3178 il-

1935 3204 2027 3260 lud
2061 3206 2233 3276 fecisti
2258 3223 2416 3277 super
2444 3213 2681 3266 terram?
2733 3210 2905 3268 Jobus
2949 3221 3130 3268 autem
3178 3222 3369 3268 contra
3397 3213 3511 3272 Deo

1935 3299 2160 3369 supplex
2196 3299 2426 3364 accedit,
2458 3300 2648 3358 dicens
2676 3303 2728 3336 ’δ
2760 3321 2775 3358 :
2806 3302 3000 3360 Manus
3027 3314 3132 3359 tua:
3151 3305 3383 3376 fecerunt
3404 3321 3507 3370 me,

1933 3402 1983 3447 et
2016 3394 2411 3462 plasmaverunt
2441 3412 2540 3452 me.
2575 3394 2859 3462 Quomodo
2905 3413 3034 3454 vero
3072 3414 3182 3455 non
3209 3397 3507 3454 absurdum

1936 3482 2102 3539 fuerit
2122 3483 2415 3555 prohibere
2445 3499 2776 3557 congressus
2805 3487 3098 3559 nuptiales,
3151 3504 3278 3544 cum
3310 3503 3507 3560 exspe-

1934 3584 2154 3632 ctentur
2184 3579 2350 3633 etiam
2375 3587 2498 3648 post
2526 3593 2633 3634 nos
2679 3578 2847 3634 futuri
2869 3587 3160 3652 martyres,
3203 3588 3258 3635 et
3286 3580 3378 3651 qui
3410 3595 3508 3636 ne-

1935 3668 2201 3739 quissimo
2228 3669 2475 3725 restituri
2528 3678 2680 3735 sunt,
2734 3670 2808 3726 ob
2846 3685 2987 3740 quos
3036 3673 3200 3725 etiam
3261 3670 3510 3726 brevian-

1932 3761 2033 3817 dos
2061 3762 2178 3817 dies
2199 3762 2322 3818 illos
2345 3762 2618 3832 pollicitus
2635 3772 2721 3819 est
2745 3762 2965 3818 divinus
2984 3777 3166 3818 sermo
3185 3762 3256 3817 ⁸⁸2
3280 3760 3435 3830 Quod
3458 3766 3504 3819 si

1930 3851 2156 3914 malum,
2181 3858 2240 3905 ut
2263 3851 2473 3917 aiebas,
2507 3867 2574 3906 ex
2619 3852 2723 3907 hoc
2750 3859 2993 3923 tempore
3024 3850 3136 3908 Deo
3180 3852 3354 3909 visum
3396 3863 3503 3918 est,

1929 3941 2116 3999 liberis
2135 3957 2356 4013 operam
2374 3944 2523 4007 dare,
2545 3959 2654 4014 quo
2676 3951 2842 4014 pacto
2867 3943 2944 3998 illi
2957 3960 3097 4016 quos
3114 3942 3327 4001 futuros
3343 3942 3506 4000 Chri-

1929 4038 2048 4087 stus
2077 4031 2348 4102 prmdixit,
2405 4041 2673 4105 martyres
2695 4041 2750 4087 et
2772 4034 2971 4099 sancti,
3022 4042 3217 4090 contra
3247 4034 3342 4091 Dei
3366 4035 3505 4092 adeo
3577 4060 3581 4065 ο

1930 4123 2189 4192 placitura
2219 4135 2272 4181 et
2308 4125 2641 4182 voluntatem
2668 4127 2806 4193 nati,
2865 4144 3041 4199 usque
3065 4129 3115 4185 ei
3147 4130 3299 4185 cliari
3329 4138 3384 4185 et
3410 4144 3504 4186 ac-

1928 4217 2070 4287 cepti
2108 4232 2231 4273 esse
2296 4219 2589 4289 poterunt?
2615 4219 2725 4275 Aut
2779 4222 3053 4292 quomodo
3080 4238 3190 4278 non
3239 4223 3502 4294 plagiaria

1923 4308 2112 4365 nescio
2146 4323 2253 4380 qua
2286 4312 2633 4382 suppositum
2667 4321 2786 4369 arte
2835 4329 2901 4368 ac
2952 4329 3143 4379 manu,
3175 4329 3286 4368 non
3312 4313 3501 4369 divina

1923 4402 2134 4459 satione
2156 4410 2342 4457 natum
2370 4401 2504 4457 illud
2534 4402 2901 4476 quodcunque
2928 4404 3085 4460 fateri
3132 4419 3357 4461 necesse
3388 4413 3494 4470 est,

243 4490 394 4557 ‘luod
460 4502 658 4561 preter
707 4505 943 4553 mentem
995 4515 1058 4556 ac
1079 4508 1269 4557 contra
1332 4502 1707 4574 praescriptum
1752 4500 1995 4557 creantis
2039 4497 2294 4569 potentiae
2358 4497 2705 4553 subdititium
2731 4498 3039 4554 exstiterit?
3084 4506 3144 4554 ut
3167 4504 3222 4555 et
3264 4499 3497 4557 faculta-

231 4584 355 4637 tem
377 4583 639 4639 condendi
671 4583 907 4649 hominis
943 4589 1261 4648 hominibus
1291 4593 1643 4649 tribuendam
1682 4593 1808 4664 quis
1839 4593 1990 4647 velit.

556 4720 686 4776 CAP.
726 4720 816 4781 lli.
852 4722 1025 4780 Locus
1050 4723 1339 4795 Scriptura:
1363 4737 1602 4783 vexatus.
1627 4728 1832 4800 Spurii,
1864 4744 1970 4784 non
1992 4727 2165 4784 solum
2188 4726 2392 4799 ﬁdeles.
2422 4726 2514 4782 sed
2535 4735 2586 4783 et
2608 4727 2919 4800 quandoque
2938 4730 3170 4799 prwtati.

302 4840 421 4894 Kal.
472 4843 507 4913 ἡ
550 4845 845 4917 Μαρκέλλα
894 4847 1260 4914 ὑπολαϐοῦσα,
1292 4852 1338 4905 ὼ
1375 4850 1629 4922 Θεοφίλα,
1675 4851 1827 4924 μέγα

1993 4849 2094 4907 Hic
2115 4849 2368 4906 Marcella
2395 4849 2770 4921 interpellans,
2807 4848 3002 4908 Gravis
3052 4868 3229 4917 error,
3250 4868 3284 4910 ο
3315 4850 3494 4909 Theo-

234 4932 482 5003 σφάλμα,
516 4935 639 5007 ἔφη,
671 4938 768 4992 καὶ
809 4940 1052 4995 ἐναντίον
1096 4935 1178 5006 οἷς
1224 4938 1386 5008 εἴπας
1417 4945 1774 5015 ἀναφαίνεται
1797 4962 1812 4977 ο

232 5026 330 5079 καὶ
369 5026 471 5079 οἴει
500 5026 779 5101 λεληθέναι
828 5034 1203 5107 παρωσαμένη
1248 5036 1564 5109 τηλικοῦτον
1617 5039 1813 5110 νέφος;

233 5118 402 5171 Ἦκει
434 5120 541 5192 γὰρ
576 5125 782 5188 ἐκεῖνος
809 5128 838 5180 6
870 5125 1045 5196 λόγος,
1069 5127 1128 5182 ὃν
1161 5130 1310 5194 ἴσως,
1337 5130 1582 5185 ἀπαιτῶν
1630 5149 1691 5186 σε
1733 5149 1816 5198 τις

226 5207 307 5274 ὥς
334 5215 673 5286 σοφωτάτην,
707 5216 867 5284 λέξει.
902 5220 1036 5293 Περὶ
1073 5220 1181 5277 τῶν
1213 5223 1279 5276 ὲκ
1321 5223 1565 5295 μοιχείας
1595 5226 1814 5297 ἀνόμως

228 5302 517 5371 φυομένων
544 5305 596 5359 τί
618 5308 759 5379 φῂς;
794 5309 1040 5377 Ἐδωκας
1062 5313 1171 5386 γὰρ
1201 5314 1464 5369 εἰσελθεῖν
1496 5318 1578 5380 είς
1604 5315 1697 5371 τὸν
1721 5316 1813 5372 κό-

1917 4944 2088 5017 pbila,
2122 4946 2176 5001 in
2208 4954 2321 5009 tua,
2349 4944 2550 5016 inquit,
2577 4944 2829 5000 oratione
2857 4956 3101 5017 apparet,
3143 4948 3237 5019 qui
3265 4963 3384 5004 eam
3408 4961 3496 5004 so-

1916 5053 2040 5097 cum
2072 5038 2248 5110 ipsam
2294 5039 2607 5103 committit,
2667 5040 2948 5094 contraria
2999 5041 3207 5112 priusa
3255 5040 3496 5098 tediclis

1916 5138 2170 5188 astruens
2201 5151 2215 5188 :
2241 5140 2296 5187 et
2324 5140 2489 5203 putas
2519 5138 2574 5188 te
2603 5132 2775 5187 latere
2802 5140 2953 5188 tanta
2981 5132 3165 5187 oil‘usa
3181 5132 3365 5190 nube?
3387 5129 3494 5189 0c-

1915 5224 2088 5279 currit
2110 5232 2293 5280 tamen
2320 5226 2412 5280 ille
2446 5224 2543 5281 tibi
2573 5241 2641 5282 ex
2678 5225 2910 5283 adverso
2941 5241 3144 5290 sermo,
3175 5240 3285 5298 quo
3306 5232 3360 5282 te
3385 5227 3491 5282 ali-

1916 5317 2040 5389 quis
2062 5328 2122 5373 ut
2145 5318 2607 5390 sapientissimum
2640 5322 2833 5379 adiens
2863 5323 3204 5394 interrogare
3249 5324 3358 5380 isto
3396 5338 3498 5396 pa-

295 5463 347 5492 "
375 5462 493 5523 Jer.
525 5484 564 5531 I,
595 5468 647 5524 5.
725 5472 771 5505 ”
798 5472 899 5527 Job
930 5490 1156 5539 xxxun,
1190 5476 1277 5536 14,
1315 5494 1419 5536 sec.
1461 5476 1634 5533 LXX.
1711 5479 1758 5511 "
1778 5478 1879 5534 Job
1920 5497 1974 5543 ι,
1998 5480 2071 5555 ι8.
2148 5480 2194 5511 ’³
2227 5475 2423 5536 Matth.
2453 5494 2608 5545 niv,
2639 5477 2746 5546 22;
2781 5477 2956 5538 Haec.
2986 5495 3108 5543 xm.
3141 5480 3233 5537 20.

304 5602 418 5675 (98)
450 5608 773 5681 ΕΪίθκτηιῶς.
803 5610 1055 5679 Allatius,
1089 5614 1342 5681 εὐσεῦῶς.
1389 5615 1481 5672 Sic
1534 5625 1589 5673 et
1635 5618 1804 5675 codex

228 5671 433 5731 ﬂazar.
471 5671 761 5735 Couneris.

1987 5618 2407 5690 (εωθεοφυές.
2442 5619 2518 5675 Ita
2557 5593 2681 5675 cdd.
2737 5616 2860 5676 Vat.
2918 5620 2985 5678 At
3017 5624 3249 5682 Allatius
3297 5632 3353 5683 et
3379 5639 3488 5683 ms.

1916 5688 2117 5743 Μιλτᾶν.
2138 5729 2153 5753 ,
2176 5688 2440 5761 θεοφιλές,
2475 5691 2584 5746 Deo
2616 5693 2832 5746 charum
2890 5690 2965 5748 In.
