3964 6226
481 291 543 348 si
1427 302 1483 358 s.
1528 305 1858 362 nemon"
1898 309 2204 369 EPISCOPI
2244 314 2331 368 ET
2373 310 2730 371 MARTYRIS
3473 351 3480 359 η
3642 308 3701 366 5‘2

479 418 569 461 ctu
595 410 785 478 possit.
820 410 894 467 De
925 412 991 467 iis
1014 415 1106 484 qui
1158 431 1222 469 ex
1274 417 1541 472 adulterio
1566 420 1832 490 illigitime
1882 437 2044 493 gene-

2151 444 2283 498 σμον
2327 428 2607 500 ἀμήχανον
2655 429 2794 483 εἶναι
2828 431 2919 485 καὶ
2951 431 3229 498 ἀδύνατον,
3264 433 3336 505 μὴ
3380 451 3704 509 χειραγωγη-

480 509 694 563 rantur,
730 501 863 557 heus
899 513 952 557 tu
976 505 1106 574 quid
1138 507 1314 563 dicis?
1341 511 1672 565 (Ioncessisti
1720 513 1864 566 enim
1895 515 2046 569 nulla

481 606 642 660 posse
677 594 883 648 ratione
915 596 1029 650 fieri
1052 608 1109 651 ut
1132 601 1255 669 quis
1284 602 1540 657 veniatin
1580 604 1865 669 mundum,
1912 607 2045 676 quin

479 682 678 737 divinae
707 685 755 738 ei
791 686 1089 755 majestatis
1116 702 1283 747 nutus
1312 693 1508 748 ductor
1529 696 1820 762 exstiterit,
1857 708 2047 768 parato

477 777 526 831 ci
556 778 648 847 qui
679 779 749 831 sit
782 781 1115 846 nasciturus,
1147 798 1177 837 a
1217 782 1325 840 Deo
1346 789 1693 857 corpusculo.
1724 788 1787 842 Et
1816 806 1885 844 ne
1910 806 2044 857 con-

478 868 658 939 fugias
686 871 829 924 velut
862 874 915 926 in
948 889 1126 929 arcem
1178 892 1451 943 securam,
1492 881 1703 948 prolato
1734 881 2047 938 testimonio

478 960 808 1031 Scripturfn,
868 963 1102 1020 dicentis
1158 986 1170 1022 :
1243 966 1374 1023 Filii
1450 980 1624 1025 autem
1685 974 2047 1033 adulterorum

476 1054 839 1108 maturitatem
872 1073 972 1110 non
1005 1072 1384 1131 consequentur
1408 1063 1453 1095 ’⁸
1469 1079 1489 1127 ;
1522 1064 1730 1120 refellet
1753 1075 1804 1121 te
1830 1068 2046 1135 leniter,

475 1143 664 1203 dicens
704 1167 716 1201 :
749 1149 912 1220 Atqui
945 1151 1192 1207 videmus
1221 1155 1363 1210 haud
1391 1172 1517 1213 raro
1537 1157 1829 1229 illegitimis
1852 1176 2049 1218 conce-

476 1247 602 1308 ptos
633 1245 846 1311 copulis
870 1253 1241 1303 maturescere
1269 1250 1322 1303 in
1350 1258 1542 1321 partus
1574 1252 1761 1310 vitales
1778 1256 2048 1311 valentes-

473 1350 580 1405 que
613 1336 947 1394 adolescere.

547 1426 604 1480 Si
635 1434 818 1483 autem
886 1440 1076 1501 argute
1105 1431 1301 1487 iterum
1337 1434 1681 1508 distinguens
1711 1436 1887 1504 dicas,
1935 1438 2047 1511 Ego

473 1535 628 1583 vero,
658 1520 794 1575 heus
820 1528 899 1587 tu,
931 1526 1266 1582 maturitatis
1296 1528 1517 1584 nomine
1559 1546 1723 1600 quam
1782 1547 1891 1587 non
1923 1548 2051 1588 con-

474 1620 796 1681 sequantur,
824 1614 1092 1683 justitiam
1134 1616 1503 1674 Christianam
1574 1621 1833 1694 intelligo,
1891 1624 2048 1695 cujus

474 1704 553 1758 illi
582 1715 1015 1777 compotesonon
1058 1717 1206 1774 sunt,
1236 1721 1462 1782 reponet
1512 1714 1695 1768 statim
1725 1735 1737 1769 :
1795 1716 1982 1785 Atqui,
2014 1732 2046 1771 0

2147 518 2308 572 θέντα
2328 519 2406 590 τῷ
2433 519 2694 591 θελήματι
2719 520 2817 593 τῆς
2848 523 3215 595 μεγαλοσύνης
3243 525 3371 594 (50),
3403 543 3698 582 κατασκευσ

2145 611 2400 676 ασθέντος
2433 613 2593 667 αὑτοῦ
2627 613 2720 666 τοῦ
2759 614 3112 685 σκηνώματος
3140 617 3274 687 πρὸς
3301 616 3393 669 τοῦ
3423 617 3577 673 Θεοῦ.
3600 619 3703 674 Καὶ

2146 704 2232 758 ἵνα
2264 704 2337 777 μὴ
2379 705 2695 779 καταφύγῃς
2722 705 2909 770 ὥσπερ
2932 709 3011 771 είς
3034 709 3231 779 τειχίον
3265 710 3542 780 ἐχέγγυον,
3571 730 3702 785 προ-

2147 798 2487 871 χειριζομένη
2518 800 2617 870 τὴν
2643 800 2904 868 λέγουσαν
2930 801 3170 873 Γραφὴν,
3201 803 3383 857 Τέκνα
3403 805 3470 857 δὲ
3483 806 3705 874 μοιχῶν

2146 890 2615 959 ἀτελεσφόρητα,
2650 891 3047 962 ἀποκρούσεταί
3076 910 3133 945 σε
3171 894 3359 964 πράως
3387 895 3575 959 εἰπὼν,
3601 898 3699 953 6w

2147 981 2258 1035 Kal.
2293 981 2397 1053 μὴν
2435 982 2778 1053 τελεσφόροις
2812 982 3089 1053 πολλαχῶς
3121 985 3301 1038 ὠδῖσιν
3341 986 3546 1058 ῶριμον
3574 1006 3705 1060 καρ-

2149 1072 2248 1126 πὸν
2272 1074 2396 1136 τοὺς
2432 1075 2496 1126 ἐκ
2526 1074 2856 1145 παρανόμων
2902 1074 3297 1145 συλληφθέντας
3321 1072 3422 1135 ὧδε
3450 1080 3706 1136 συναλλα-

2149 1161 2257 1231 γῶν
2284 1163 2498 1235 ὁρῶμεν
2536 1166 2852 1237 φυομένους.

2218 1433 2281 1486 Ei
2308 1432 2351 1485 δ’
2386 1428 2451 1487 αὖ
2483 1431 2644 1486 πάλιν
2671 1431 2992 1502 σοφιζομένη
3030 1426 3290 1503 φαίης,’“Ὠ
3317 1450 3488 1498 ουτος,
3518 1432 3626 1500 ἐγὼ
3647 1434 3710 1491 τι

2145 1524 2574 1598 ἀτελεσφόρητον
2624 1525 2715 1577 ὲπὶ
2759 1524 2864 1576 τῶν
2902 1524 3287 1595 τελειουμένων
3323 1525 3561 1596 ἡγοῦμαι
3587 1527 3707 1582 τάσ·

2147 1615 2333 1668 σεσθαι
2362 1619 2426 1686 τῇ
2468 1613 2900 1685 Χριστοδιδάκτῳ
2927 1613 3258 1688 δικαιοσύνῃ,
3282 1615 3574 1683 λελέξεται·
3602 1619 3707 1673 Καὶ

2150 1705 2276 1777 μὴν,
2303 1700 2348 1758 ὦ
2387 1705 2649 1777 μακαρία,
2688 1705 2925 1758 πλεῖστοι
2960 1705 3238 1778 τεχθέντες
3270 1707 3331 1774 ἐξ
3365 1708 3550 1761 ἀδίκου
3589 1726 3709 1763 σπο-

471 1798 651 1864 lieata,
685 1800 838 1853 multi
865 1788 929 1854 οἷς
955 1802 1143 1872 iniquo
1191 1805 1294 1857 sati
1330 1806 1559 1873 semine,
1620 1806 1790 1865 nihilo
1841 1809 2043 1873 secius,

2151 1800 2250 1870 ρᾶς
2282 1798 2431 1851 οὐδὲν
2463 1793 2622 1869 ἧττον
2647 1798 2706 1850 οὐ
2741 1798 2898 1869 μόνον
2934 1801 2999 1869 τῇ
3028 1798 3228 1872 ποίμνῃ
3260 1801 3710 1869 συναγελάζεσθαι

472 1903 582 1941 non
620 1889 795 1943 solum
821 1891 971 1961 gregi
999 1892 1238 1946 ﬁdelium
1271 1893 1518 1960 adunati,
1558 1913 1745 1952 verum
1776 1897 1940 1953 etiam
1987 1907 2048 1955 ut

472 1978 582 2033 illis
611 1989 911 2049 praeessent
950 1983 1092 2037 haud
1134 2001 1260 2041 raro
1306 1989 1484 2041 sortiti
1516 1998 1664 2043 sunt.
1698 1988 1877 2055 Quare
1920 2004 2043 2045 cum

471 2072 750 2125 communi
774 2073 1015 2127 omnium
1052 2091 1216 2132 sensu
1254 2084 1308 2133 et
1339 2079 1675 2148 experientia
1699 2079 2048 2135 notissimum

472 2162 566 2226 sit,
596 2171 748 2220 ortos
777 2180 845 2220 ex
896 2165 1168 2223 adulterio
1233 2170 1442 2226 utrovis
1492 2172 1655 2226 modo
1692 2171 1839 2242 quod
1868 2171 2049 2242 perfe-

469 2262 621 2309 ctum
656 2266 741 2312 est
772 2259 1023 2329 adipisci,
1060 2277 1167 2317 non
1201 2272 1286 2318 est
1329 2263 1627 2332 putandum
1673 2264 1741 2319 de
1770 2266 2048 2335 concepti-

471 2347 574 2403 lius
605 2358 699 2404 aut
757 2354 1027 2422 partubus
1058 2355 1439 2424 propheticum
1472 2356 1605 2411 illud
1646 2355 1884 2427 Spiritus
1918 2372 2048 2411 san-

470 2443 545 2496 cti
576 2445 859 2499 oraculum
915 2462 1038 2501 esse
1073 2448 1483 2519 intelligendum
1509 2467 1533 2515 ',
1576 2449 1670 2503 sed
1696 2449 1836 2504 forte
1865 2449 2046 2519 potius

469 2534 538 2588 de
569 2535 675 2590 illis
700 2537 792 2605 qui
826 2538 1136 2593 adulterant
1164 2541 1445 2594 veritatem
1485 2560 1497 2594 :
1526 2541 1616 2610 qui
1671 2541 1925 2595 nimirum
1956 2555 2044 2596 εον

472 2625 725 2694 phisticis
760 2628 998 2683 decretis
1018 2637 1436 2699 corrumpenles
1468 2628 1807 2700 Scripturas,
1859 2631 2048 2685 imma-

470 2726 651 2771 turam
705 2720 934 2791 gignunt
965 2723 1324 2791 sapientiam,
1372 2723 1517 2793 quod
1564 2724 1748 2793 pietati
1800 2738 2045 2778 errorem

471 2812 888 2868 commisceam.
928 2812 1137 2884 Itaque,
1173 2816 1276 2870 hoc
1309 2831 1528 2886 quoque
1554 2816 1652 2870 tibi
1684 2816 1883 2885 eifugio
1906 2830 2046 2885 prae-

471 2903 652 2968 cluso,
690 2905 914 2970 imodo,
951 2916 1004 2961 et
1053 2923 1118 2962 ex
1155 2909 1425 2963 adulterio
1483 2923 1701 2978 quoque
1747 2917 2044 2976 conceptos

473 2995 640 3062 fetus,
679 3001 971 3070 responde,
1009 2999 1118 3055 Deo
1165 3002 1302 3057 bene
1336 3002 1551 3057 volente
1593 3000 1862 3071 generari.
1896 2998 2048 3053 Dixi-

2147 1892 2609 1963 καταριθμοῦνται
2640 1891 2746 1945 τῶν
2783 1891 3046 1961 ἀδελφῶν,
3083 1891 3216 1945 ἀλλά
3248 1894 3340 1946 καὶ
3363 1893 3711 1966 καθηγεῖσθαι

2146 1983 2352 2039 τούτων
2381 1983 2710 2056 κληροῦνται
2733 1983 3031 2054 πολλαχῶς.
3049 1984 3257 2038 Ούκοῦν
3283 1986 3432 2049 ὄντος
3456 1974 3710 2058 φανεροῦ,

2149 2076 2243 2128 καὶ
2273 2076 2488 2130 πάντων
2523 2075 2892 2145 ἱστορούντων,
2925 2075 3018 2128 καὶ⁵
3037 2075 3105 2128 τὰ
3124 2078 3187 2129 ὲκ
3208 2076 3449 2147 μοιχείας
3475 2078 3713 2147 φυόμενα

2146 2167 2663 2239 τελεσιουργεῖσθαι,
2705 2167 2765 2219 ού
2804 2167 2908 2239 χρὴ
2954 2168 3193 2238 νομίζειν
3241 2170 3370 2239 περὶ
3407 2169 3715 2239 συλλήψεων

2150 2262 2242 2314 καὶ
2270 2261 2444 2314 τόκων
2486 2261 2546 2313 τὸ
2592 2259 2813 2331 Πνεῦμα
2858 2259 3394 2331 προπεφητευκέναι·
3444 2259 3557 2313 ἀλλ’
3590 2260 3715 2325 ἴσως

2150 2353 2279 2423 περὶ
2308 2352 2414 2404 τῶν
2447 2351 2544 2422 τὴν
2566 2350 2824 2423 ἀλήθειαν
2853 2352 3222 2423 μοιχωμένων,
3257 2352 3450 2414 οἵτινες
3478 2350 3717 2421 κλεψισιὲ·

2149 2461 2269 2513 φοις
2297 2442 2602 2507 νοθεύοντες
2630 2444 2865 2515 δόγμασι
2893 2445 2991 2508 τὰς
3017 2443 3253 2515 Γραφάς,
3290 2443 3716 2514 ἀτελεσιρόρητον

2147 2536 2374 2606 γεννῶσι
2409 2536 2616 2605 σοφίαν,
2642 2540 2705 2607 τῇ
2744 2537 3018 2608 θεοσεϐείᾳ
3045 2536 3418 2607 συγκρίνοντες
3445 2537 3542 2607 τὴν
3576 2535 3715 2590 πλά-

2148 2641 2265 2695 νην.
2300 2623 2389 2676 Διὸ
2421 2625 2513 2677 καὶ
2538 2623 2737 2695 ταύτης
2764 2642 2855 2677 σου
2885 2624 2983 2695 τῆς
3006 2626 3323 2697 προφάσεως
3352 2624 3711 2699 ἐξῃρημένης,

2150 2714 2258 2769 ἴσθι
2286 2715 2371 2788 δὴ,
2405 2716 2454 2768 εἰ
2487 2715 2581 2767 καὶ⁵
2620 2716 2687 2769 τὰ
2722 2718 2785 2768 ἐκ
2822 2714 3064 2785 μοιχείας
3106 2714 3463 2778 εὐδοκοῦντος,
3494 2715 3718 2788 ἀπόκρι-

2149 2827 2257 2874 ναι,
2293 2808 2588 2877 γεννῶνται
2616 2807 2709 2860 τοῦ
2745 2806 3087 2879 Θεοῦ.Ἐφης
3115 2806 3241 2879 γὰρ,
3273 2803 3409 2862 εἶναι
3436 2807 3714 2873 ἀδύνατον,

2149 2899 2434 2972 ἀνθρώπου
2481 2898 2937 2971 τελεσφορηθῆναι
2988 2898 3172 2969 γονὴν,
3209 2900 3284 2971 μὴ
3336 2897 3716 2971 μορφώσαντος

2149 2992 2318 3064 αὐτὴν
2348 2991 2442 3045 καὶ
2473 2988 2824 3061 ψυχὼσαντος
2858 2990 2950 3043 τοῦ
2987 2990 3215 3063 Κυρίου.

474 3094 543 3149 sti
569 3095 739 3159 enim,
768 3100 882 3152 tieri
905 3114 1012 3152 non
1036 3114 1198 3168 posse
1223 3106 1280 3153 ut
1330 3098 1397 3152 ad
1423 3099 1794 3155 maturitatem
1825 3103 1880 3153 et
1933 3093 2460 3154 consummationem
2517 3087 2799 3159 perveniat
2843 3088 3116 3143 humanus
3170 3085 3337 3153 fetus,
3381 3086 3489 3141 nisi
3536 3083 3724 3142 Domi-

474 3204 591 3245 nus
606 3188 836 3245 formam
867 3191 1220 3263 animumque
1238 3191 1514 3248 indiderit.

1208 3309 1333 3365 Car.
1372 3308 1461 3366 1V.
1494 3308 1746 3365 Humana
1777 3306 2064 3380 generatio,
2088 3301 2286 3372 Deique
2317 3298 2457 3351 inea
2489 3310 2618 3364 opus
2650 3292 2999 3347 declaratum.

546 3424 647 3480 Hic
669 3425 995 3499 Theophila,
1030 3428 1179 3484 velut
1222 3430 1435 3486 robusti
1497 3429 1717 3485 lacertis
1746 3426 2047 3484 adversarii

2219 3419 2332 3473 Καὶ
2358 3420 2392 3490 ὴ
2423 3415 2679 3485 Θεοφίλα,
2703 3414 2811 3469 ἀπὸ
2843 3411 3089 3481 γενναίου
3114 3411 3303 3493 ὥσπερ
3328 3411 3590 3485 ληφθεῖσα
3615 3414 3728 3471 τῶν

476 3515 653 3568 media
683 3524 958 3586 correpta,
991 3518 1261 3589 vertigine
1278 3527 1484 3573 tentata
1514 3519 1748 3590 quadam
1780 3526 1896 3584 est;
1933 3526 2047 3572 tum

475 3621 619 3676 :egre
636 3607 853 3663 tandem
876 3610 1070 3678 spiritu
1108 3608 1414 3680 resumpto,
1447 3609 1603 3673 Rem,
1629 3610 1826 3680 inquit,
1857 3625 1891 3663 ο
1919 3609 2050 3663 bea-

474 3705 552 3761 ta,
584 3700 806 3769 quzeris,
840 3700 908 3754 ad
951 3703 1035 3756 sui
1086 3703 1302 3772 plenam
1337 3702 1764 3758 declarationem
1795 3702 2049 3771 exemplo

475 3793 713 3862 quodam
746 3794 1096 3865 indigentem,
1136 3796 1295 3865 cuius
1324 3795 1586 3851 beneficio
1607 3796 1806 3849 melius
1846 3794 2050 3849 intelli-

474 3900 593 3955 gas,
628 3884 721 3941 Dei
751 3887 860 3940 vim
891 3887 1208 3942 creatricem
1240 3903 1336 3958 per
1356 3889 1539 3943 omnia
1570 3886 1790 3957 quidem
1837 3887 2050 3957 pertiti»

474 3987 714 4050 gentem,
774 3981 1045 4050 praecipue
1103 3989 1284 4035 tamen
1331 3982 1503 4051 ipsam
1564 3994 1594 4033 a
1641 3995 1700 4034 se
1753 3979 2050 4033 humanam

476 4078 737 4139 praestare
772 4072 1202 4141 generationem,
1229 4073 1478 4142 augendo
1509 4088 1630 4142 qua:
1657 4073 1711 4126 in
1759 4072 2049 4143 genitalem

476 4168 611 4213 sunt
641 4163 909 4215 seminata
940 4170 1165 4217 terram.
1201 4161 1389 4232 Neque
1420 4164 1565 4218 enim
1600 4164 1652 4219 id
1706 4163 1853 4234 quod
1888 4162 2051 4218 semi-

474 4256 642 4303 natur
671 4251 1003 4319 culpandum
1033 4261 1118 4307 est
1146 4270 1158 4305 :
1185 4252 1281 4306 sed
1316 4253 1370 4305 in
1403 4268 1469 4307 eo
1515 4256 1695 4307 omnis
1728 4254 1889 4322 culpa
1917 4252 2051 4307 resi-

473 4342 587 4407 det,
610 4343 702 4412 qui
734 4344 789 4397 in
822 4345 1058 4400 alienum
1086 4359 1298 4415 agrum,
1347 4344 1564 4399 furtivis
1601 4345 1896 4407 cubilibus,
1931 4347 2049 4400 vel-

475 4435 557 4488 uti
622 4435 873 4490 mercede
904 4437 1084 4491 brevis
1105 4436 1421 4505 voluptatis,
1456 4437 1730 4507 propriam
1761 4435 2049 4507 impuden-

477 4534 560 4580 ter
595 4533 893 4581 sementem
929 4528 1135 4582 vendit.
1169 4527 1407 4583 lnt‘orma
1430 4527 1597 4590 enim,
1617 4542 1821 4596 quaeso,
1842 4529 2046 4592 animo,

476 4618 641 4673 talem
673 4618 964 4687 quamdam
998 4620 1292 4691 imaginem
1321 4619 1497 4674 nostri
1529 4620 1585 4672 in
1619 4621 1786 4673 vitam
1807 4626 1962 4674 ortus
1986 4635 2050 4673 ac

474 4710 863 4782 generationis.
904 4712 1097 4783 Cogita
1125 4713 1368 4779 domum,
1399 4711 1558 4781 cujus
1587 4711 1868 4767 altissimis
1895 4727 2049 4767 mon-

2153 3514 2331 3586 μέσων
2360 3507 2787 3579 ἀνταγωνιστοῦ,
2817 3505 3235 3572 ὲσκοτοδινίασε,
3264 3509 3359 3561 καὶ⁵
3393 3508 3536 3579 μάλα
3571 3509 3729 3580 μόλις

2149 3605 2552 3668 ἀναπνεύσασα,
2579 3604 2713 3674 ἔφη’
2754 3602 2991 3674 Ἐρωτᾷς
3033 3600 3291 3672 ἐρώτημα
3332 3601 3419 3654 διὰ
3465 3602 3733 3675 παραδεί-

2148 3716 2378 3772 γματος,
2427 3691 2471 3750 ὦ
2521 3695 2783 3768 μακαρία,
2839 3692 3037 3766 χρῇζον
3084 3693 3492 3764 ἀποδειχθῆναι,
3546 3695 3612 3748 ἵν’
3645 3694 3731 3750 ἔτι

2154 3791 2351 3864 μᾶλλον
2376 3789 2541 3860 εἰδῇς,
2570 3788 2644 3852 ὡς
2668 3787 2755 3841 διά
2784 3787 3000 3841 πάντων
3023 3788 3056 3856 ή
3083 3787 3336 3857 ποιητικὴ
3363 3786 3588 3858 δύναμις
3614 3787 3736 3859 διή-

2151 3902 2321 3939 κουσα
2352 3882 2446 3937 τοῦ
2475 3879 2631 3946 Θεοῦ,
2664 3879 2823 3933 πλέον
2866 3881 2945 3942 είς
2983 3878 3080 3949 τὴν
3109 3877 3215 3931 τῶν
3246 3877 3546 3949 ἀνθρώπων
3575 3878 3736 3949 γένει-

2151 3995 2235 4032 σιν
2278 3976 2587 4047 αὐτουργεῖ,
2620 3972 2857 4038 αύξουσα
2901 3972 2969 4025 τὰ
3008 3973 3089 4035 είς
3129 3970 3350 4041 γόνιμον
3388 3971 3738 4043 φυτευόμενα

2150 4070 2275 4140 γῆν.
2305 4069 2377 4122 Ού
2405 4067 2513 4138 γὰρ
2543 4066 2604 4119 τὸ
2626 4064 2979 4135 σπειρόμενον
3017 4062 3307 4129 αἰτιατέον,
3349 4062 3483 4116 ἀλλά
3508 4063 3601 4116 τὸν
3643 4065 3734 4130 είς

2150 4160 2431 4230 ἀλλοτρίαν
2461 4160 2698 4230 ἄρουραν
2729 4156 3084 4227 κλεψιγάμοις
3120 4155 3321 4219 εὐναῖς,
3343 4150 3431 4209 οἷα
3457 4155 3734 4226 μισθωτὸν

2150 4253 2336 4323 ὀλίγης
2379 4251 2590 4322 ἡδονῆς,
2617 4248 2714 4317 τὴν
2759 4246 2893 4301 ἰδίαν
2933 4246 3300 4317 ἀναισχύντως
3347 4249 3737 4318 πιπράσκοντα

2153 4339 2720 4415 σποράν.Ἀπείκασον
2759 4336 2867 4408 γὰρ
2910 4327 3133 4405 τοιούτῴ
3173 4336 3277 4388 τινὶ
3318 4334 3413 4404 τὴν
3450 4336 3739 4407 ἡμετέραν

2151 4436 2363 4505 γένεσιν
2401 4435 2482 4497 εἰς
2520 4432 2612 4485 τὸν
2654 4429 2786 4501 βίον,
2809 4424 2918 4483 οἷον
2951 4429 3084 4498 οίκῳ
3111 4430 3518 4498 παρακειμένην
3552 4427 3741 4500 ἔχοντι

2150 4528 2248 4598 τὴν
2277 4525 2479 4579 είσοδον
2519 4523 2701 4594 δρεσιν
2727 4520 2979 4593 ὑψηλοῖς⁸
3003 4520 3208 4592 διήκειν
3251 4520 3308 4573 δὲ
3348 4522 3439 4574 τὸν
3465 4517 3612 4574 οἷκον
3637 4523 3739 4578 ἐπὶ

2151 4620 2286 4672 πολὺ
2312 4617 2481 4681 κάτω,
2515 4616 2706 4687 μέχρις
2732 4615 2915 4686 ἄκρων
2936 4613 3034 4684 τῆς
3073 4612 3274 4665 εἰσόδου
3313 4611 3503 4682 ἔχοντα
3526 4614 3738 4678 πολλὰς

2151 4710 2291 4775 όπάς
2316 4711 2380 4762 ὲκ
2406 4707 2512 4760 τῶν
2537 4707 2730 4769 ὀπίσω,
2757 4705 2851 4759 καλ⁸
2890 4702 3160 4776 περιῲερῆ
3201 4703 3343 4757 κατὰ
3367 4703 3525 4757 τοῦτο
3552 4705 3613 4758 τὸ
3638 4706 3740 4774 μέμ

478 4803 630 4858 tibus
656 4806 941 4874 ingressus
964 4805 1233 4874 adjaccat,
1272 4805 1500 4875 ipsaque
1537 4804 1695 4874 longe
1724 4805 1779 4857 in
1811 4803 2040 4858 multam

2152 4820 2241 4876 ρος
2264 4800 2538 4870 γεγονότα.
2561 4796 2971 4860 -Ἀπεικάζω,
2994 4795 3097 4865 ἔφη
3120 4797 3152 4867 ἡ
3174 4796 3561 4867 Μαρκέλλα.-
3580 4797 3735 4850 0:3):-

475 4901 529 4945 ct
549 4890 763 4947 inferne
791 4907 1047 4962 capacem
1076 4894 1313 4949 demissa
1338 4896 1408 4948 sit
1434 4892 1893 4963 profunditatem;
1927 4908 2048 4963 quae

476 4985 711 5054 denique
737 5000 766 5038 a
797 5000 1011 5039 summo
1065 4987 1241 5055 capite
1272 4987 1342 5041 ab
1396 4989 1644 5057 ingressu
1681 4987 1851 5040 multa
1902 4995 2048 5041 retro

476 5077 745 5134 foramina
779 5078 997 5144 habeat,
1031 5095 1093 5133 ac
1127 5082 1289 5147 cujus
1343 5080 1513 5151 ﬁgura
1565 5095 1629 5134 ea
1654 5088 1807 5150 parte
1832 5081 2050 5135 orbicu-

478 5168 611 5222 laris
637 5171 885 5224 exsistat.
910 5200 981 5211 -—
1022 5168 1285 5235 Informo,
1319 5170 1496 5241 inquit
1548 5169 1826 5233 Marcella,
1883 5185 2048 5239 quam

473 5262 636 5330 jabes
671 5263 984 5333 imaginem.
1012 5294 1081 5304 —-
1107 5262 1227 5317 Jam
1260 5263 1563 5333 imaginare
1593 5265 1869 5319 sedentem
1898 5264 2048 5317 intus

477 5356 693 5423 operari
723 5357 934 5424 plasten
963 5364 1176 5412 statuas
1206 5358 1491 5426 plurimas,
1523 5372 1589 5411 ex
1644 5357 1774 5410 limo
1802 5373 1961 5426 quem
1997 5357 2047 5410 ei

478 5462 576 5515 per
599 5461 663 5500 ea
686 5463 805 5516 qua:
847 5448 960 5502 dixi
1018 5449 1309 5512 foramina,
1344 5448 1498 5502 multi
1547 5448 1769 5504 assidue
1798 5446 2047 5501 homines

551 5604 595 5635 "
625 5603 753 5674 Sap.
787 5622 866 5668 ιιι,
902 5605 987 5660 16.

2148 4895 2245 4949 οῦν
2291 4891 2529 4947 ἀπόλαϐε
2568 4889 2713 4943 ἔνδον
2744 4889 3103 4959 καθεζόμενον
3129 4888 3454 4959 ἐργάζεσθαι
3479 4888 3732 4960 πλάστην

2152 4984 2381 5046 πολλοὺς
2411 4984 2732 5056 ἀνδριάντας
2758 5000 2771 5013 ·
2792 4982 2965 5052 τούτῳ
2985 4981 3031 5034 δ’
3053 4978 3119 5035 αὖ
3147 4983 3244 5051 τὴν
3277 4981 3407 5052 ὓλην
3426 4981 3520 5035 τοῦ
3550 4982 3736 5053 πηλοῦ

2150 5078 2240 5132 διὰ
2279 5078 2388 5130 τῶν
2423 5076 2570 5129 ὀπῶν
2606 5075 2801 5140 ἔξωθεν
2828 5074 3015 5143 νόησον
3054 5074 3157 5124 ὑπὸ
3202 5073 3401 5126 πολλῶν
3423 5073 3744 5146 ἀνθρώπων

2155 5169 2415 5232 ἀνενδεῶς
2439 5167 2805 5239 χορηγεῖσθαι,
2830 5164 3043 5226 ούδενὸς
3066 5164 3227 5216 αὑτὸν
3256 5164 3488 5234 ὁρῶντος
3520 5167 3611 5221 τὸν
3646 5185 3747 5220 τε-

2157 5263 2362 5334 χνίτην.
2388 5261 2486 5323 Δὸς
2504 5261 2561 5313 δὲ
2583 5257 2915 5327 κεκαλύφθαι
2937 5257 3026 5310 τὸν
3045 5252 3190 5310 οἷκον
3212 5256 3410 5329 ὁμίχλῃ
3447 5257 3544 5310 καὶ
3580 5261 3749 5326 νεφέ..

2157 5355 2297 5418 λαις,
2324 5353 2419 5407 καὶ
2443 5351 2606 5423 μηδὲν
2628 5347 2811 5411 αὐτοῖς
2837 5348 3031 5413 ἔξωθεν
3070 5344 3206 5402 εἶναι
3240 5361 3546 5417 καταφανές
3568 5344 3603 5416 ἤ
3632 5348 3741 5417 μό-

2159 5465 2256 5511 νας
2277 5446 2373 5510 τὰς
2392 5444 2549 5508 ὀπάς.
2574 5441 2834 5507 Δεδόσθω,
2858 5441 2983 5514 ἔφη,
3007 5443 3100 5495 καὶ
3136 5440 3508 5514 τοῦτο.”Εχειν
3533 5439 3586 5493 δὲ
3610 5438 3748 5493 ἕκα-

552 5728 665 5789 ιδο)
695 5728 1150 5795 Μεγτιιιοσύνης,
1186 5727 1285 5784 Ms.
1321 5728 1455 5784 Μαι.
1490 5736 1541 5784 ει
1567 5727 1747 5793 Allat.,
1779 5726 2047 5797 δυνάμεως

2151 5727 2403 5783 iounizris.
