3964 6206
292 263 362 315 53,

1350 257 1735 317 CONVWIUM
1774 257 2005 316 DECEM
2052 258 2407 316 ViRGlNUM.

3471 269 3539 323 54

295 394 425 431 στον
446 375 615 429 ab:th
637 374 745 429 τῶν
768 375 1181 446 συμπονοῦντων
1205 375 1284 441 είς
1305 376 1406 447 τὴν
1426 375 1518 429 τοῦ
1546 374 1716 449 τηλοῦ
1742 393 1872 442 συγ-

1973 384 2292 449 congerant,
2344 377 2561 433 nemine
2621 377 2800 449 ipsum
2848 378 3106 435 artiflcem
3168 379 3408 436 vidente.
3432 378 3542 437 Fac

296 467 521 538 κομιδὴν
556 466 977 538 ἀπονεμημὲδην
1024 466 1170 538 αὑτῴ
1220 467 1345 538 μίαν
1371 466 1626 550 ὀπὴν,εἰς
1659 466 1724 538 ἢν
1766 465 1872 538 χρὴ

303 560 457 632 μόνον
486 558 645 612 αὐτὸν
686 558 919 629 φέροντα
956 557 1053 630 τὴν
1085 558 1216 613 ἰδίαν
1238 558 1368 631 ὓλην
1394 558 1763 622 ἀποτίθεσθαι,
1796 556 1869 630 μὴ

297 651 597 722 ἀπτόμενον
620 651 832 722 ἐτέρας.
857 652 919 704 Εἰ
941 651 984 704 δ’
1003 647 1067 704 αὖ
1091 651 1397 724 περιέργως
1420 650 1752 722 ἀνεῳγνύναι
1773 650 1870 723 τὴν

294 744 464 815 ἑτέρῳ
500 743 931 817 κεκληρωμένην
972 745 1293 816 ἐπιχειροίη,
1322 744 1431 818 πῦρ
1472 744 1619 815 αὐτῷ
1642 745 1736 799 καὶ
1773 745 1872 815 μά-

296 853 488 904 στιτας
512 835 856 906 ἀπειλητέον.

1975 468 2137 523 etiam
2159 469 2421 524 occultari
2448 468 2668 525 domum
2701 471 2913 527 nebulis
2939 487 3001 527 ac
3019 472 3268 544 caligine,
3301 473 3544 544 nihilque

1973 561 2082 618 illis
2114 561 2205 633 qui
2235 563 2477 618 exterius
2511 563 2794 618 materiam
2827 565 3165 631 ministrant,
3199 574 3394 636 praeter
3425 567 3544 621 sola

1975 652 2263 720 foramina,
2296 655 2655 726 conspicuum
2684 671 2826 712 esse.
2860 655 3049 722 Detur,
3095 657 3293 728 inquit,
3328 667 3383 714 et
3416 659 3538 714 hoc.

1974 745 2186 802 Habere
2218 748 2347 803 item
2376 764 2818 819 unumquemque
2846 750 3295 807 collaborantium
3326 752 3382 806 in
3443 751 3543 806 luti

1977 840 2463 909 comportationem
2520 839 2856 911 assignatum
2912 842 3016 898 sibi
3048 842 3292 898 foramen
3348 859 3540 907 unum,

297 949 395 1002 per
416 933 561 1003 quod
608 933 784 1015 solum
831 941 1045 1002 oportet
1088 949 1210 988 eum
1264 935 1545 990 materiam
1600 935 1878 1006 propriam
1929 934 2235 1008 deponere,
2285 936 2433 991 nulla
2485 936 2698 992 ratione
2742 937 3014 1008 tangendo
3062 938 3207 993 aliud
3255 937 3544 1010 quodcun-

297 1044 407 1099 que
439 1048 453 1082 :
485 1030 760 1099 proposita
792 1030 955 1084 etiam
1001 1046 1162 1101 poma
1214 1031 1355 1103 ignis
1389 1039 1444 1086 et
1493 1032 1802 1098 verberum,
1828 1032 1879 1088 ei
1918 1032 2013 1088 uui
2055 1031 2329 1089 curiosius
2363 1040 2663 1089 tentavertt.
2687 1033 2899 1105 aperire
2942 1032 3184 1088 foramen
3227 1033 3384 1089 alteri
3448 1048 3539 1089 as-

294 1121 591 1191 signatum.

360 1240 571 1295 Οὐκοῦν
596 1238 664 1293 τά
693 1238 832 1311 μετά
874 1240 1045 1296 ταῦτα
1071 1241 1254 1297 λοιπὸν
1290 1241 1354 1314 δὴ
1382 1242 1867 1316 θεώρησον.“Ενδο-

288 1334 381 1388 θεν
404 1333 497 1386 τὸν
517 1332 767 1404 πλάστην
801 1335 1220 1405 περιερχόμειιον
1238 1336 1337 1401 τὰς
1365 1338 1523 1401 ὀπὰς,
1547 1339 1639 1391 καὶ
1666 1338 1757 1392 τὸν
1779 1337 1867 1390 εὑ-

290 1424 618 1497 ρισκόμενον
661 1425 719 1475 ἐν
763 1423 969 1496 ἑκάστῃ
1005 1425 1171 1496 πηλὸν
1209 1430 1329 1480 κατ’
1358 1428 1490 1482 ἰδίαν
1527 1428 1869 1499 λαμϐάνοντα

290 1516 570 1580 πλάττειν,
595 1514 691 1567 καὶ
738 1514 921 1586 μηνῶν
962 1516 1225 1586 περιόδοις
1267 1518 1672 1583 ἀποπλάσαντα,
1708 1521 1869 1574 πάλιν

287 1608 600 1662 ἀποδιδόναι
617 1610 731 1671 τοῖς
751 1606 855 1672 ἔξω
877 1608 967 1662 διά
987 1608 1087 1679 τῆς
1110 1609 1283 1679 αὐτῆς
1317 1610 1404 1663 τὸν
1430 1610 1671 1684 πλάστην
1704 1611 1863 1683 ὀπῆς,

286 1702 477 1771 ἔχοντα
520 1698 780 1770 τοιαύτην
824 1700 1062 1771 ἐντολὴν,
1094 1701 1269 1754 πάντα
1307 1701 1397 1755 τὸν
1442 1702 1735 1774 δυνάμενον
1767 1704 1862 1775 δη-

2045 1239 2181 1295 Tum
2211 1240 2324 1311 jam
2349 1241 2482 1295 mihi
2509 1241 2766 1312 deinceps
2795 1240 3016 1313 figulum
3061 1240 3289 1296 interius
3322 1239 3542 1297 forami-

1974 1348 2046 1388 na
2092 1334 2521 1389 circumeuntem
2554 1333 2866 1398 considera,
2916 1341 2970 1388 et
3023 1348 3407 1405 quamcunque
3440 1337 3544 1391 sub

1974 1441 2303 1497 unoquoque
2333 1425 2616 1480 materiam
2660 1424 2967 1485 offenderit.
3027 1423 3169 1479 hanc
3227 1424 3539 1495 fingentem,

1974 1518 2247 1589 certisque
2295 1519 2564 1572 mensium
2604 1515 2847 1586 periodis
2904 1514 3240 1570 eﬂ'ormatam
3278 1523 3538 1579 statuam,

1974 1625 2073 1680 per
2093 1610 2233 1664 idem
2262 1624 2457 1664 rursus
2489 1608 2737 1663 foramen
2769 1606 3018 1662 emittere
3045 1606 3273 1677 :quippe
3302 1606 3388 1661 cui
3428 1607 3542 1663 lim

1970 1704 2146 1775 posita
2166 1704 2248 1759 lex
2266 1702 2358 1769 sit,
2378 1710 2434 1756 ut
2454 1702 2603 1757 nullo
2618 1700 2952 1761 discrimine,
2967 1713 3347 1769 quamcunque
3359 1690 3540 1768 aptam

287 1791 691 1863 μιουρτηθῆναι
731 1792 899 1861 πηλὸν
936 1792 1238 1863 ἀδιαφόρως
1277 1792 1622 1865 ἐργάζεσθαι,
1646 1795 1747 1849 κᾶν
1788 1799 1870 1860 εἰς

1969 1796 2118 1867 operi
2148 1795 2383 1851 oblatam
2418 1794 2522 1851 sibi
2552 1793 2797 1865 argillam
2830 1792 2995 1862 tingat
3026 1807 3090 1846 ac
3118 1790 3539 1861 figuret,etiam-

284 1881 572 1952 ἀλλοτρΞαν
600 1881 707 1934 ὑπό
724 1899 868 1944 τινος
892 1882 1289 1954 είσοχετεύηται
1328 1885 1681 1955 κακοτρόπως
1699 1885 1861 1956 ὀπήν.

284 1974 452 2026 056%:
490 1974 602 2045 γὰρ
638 1973 959 2044 ἠδικηκέναι
996 1974 1093 2045 τὴν
1114 1974 1269 2046 ὓλην·
1293 1975 1371 2029 διὸ
1393 1976 1467 2039 ὡς
1492 1978 1739 2032 ἀναιτίαν
1765 1978 1864 2049 μὲν

283 2062 354 2133 δὴ
374 2063 572 2133 χρῆναι
596 2063 925 2117 πλάττεσθαι
947 2064 1038 2117 καὶ
1061 2063 1414 2135 μορφοῦσθαι.
1433 2064 1535 2117 Τὸν
1556 2064 1612 2118 δὲ
1635 2065 1784 2138 παρά
1804 2067 1865 2119 τὸ

284 2155 568 2227 διάταγμα
588 2158 679 2210 καὶ
700 2157 799 2228 τὴν
824 2155 1043 2228 ἐντολὴν
1070 2159 1149 2221 εἰς
1169 2158 1454 2228 ἀλλοτρίαν
1476 2157 1644 2229 αὐτὴν
1672 2159 1862 2212 ἀποτι-

290 2250 517 2321 θέμενον
558 2252 695 2322 ὀπήν
737 2251 813 2314 ὡς
837 2251 1108 2323 ἀλάστορά
1130 2269 1185 2304 τε
1212 2251 1307 2305 καὶ
1334 2251 1654 2321 παραϐάτην
1689 2269 1864 2324 τιμω-

294 2345 518 2415 ρεῖσθαι.
545 2346 618 2399 Οὐ
639 2345 750 2416 γὰρ
768 2346 861 2399 τὸν
889 2345 1057 2417 πηλὸν
1080 2348 1371 2411 αἰτιατέον,
1406 2347 1519 2401 ἀλλ’
1545 2350 1752 2402 ἐκεῖνον
1776 2347 1887 2401 τὸν·

290 2437 437 2507 παρὰ
457 2438 521 2490 τὸ
540 2438 688 2490 ὅσιον
708 2438 866 2491 τοῦτο
889 2439 1223 2509 πεποιηκότα
1243 2456 1256 2469 ⁸
1283 2440 1556 2510 ἀκρασίας
1576 2438 1684 2511 γὰρ
1707 2440 1866 2511 χάριν

279 2532 360 2592 si;
383 2530 679 2601 ἀλλοτρίαν
719 2530 1059 2600 ἀποκομίσας
1083 2531 1221 2603 ὀπὴν
1253 2530 1482 2586 ἀπέθετο
1502 2532 1773 2604 λαθραίως
1795 2535 1860 2603 τῇ

278 2620 397 2693 βξα.
419 2655 491 2664 -
506 2621 873 2694 ’Λληθέστατα
902 2622 1099 2691 λέγεις.

1971 1892 2019 1946 si
2049 1904 2304 1960 perverse
2334 1904 2430 1958 per
2458 1888 2693 1942 alienum
2725 1901 2753 1939 a
2802 1884 3058 1956 quopiam
3106 1884 3345 1940 demissa
3392 1882 3539 1938 fora-

1969 1996 2093 2035 men
2118 1979 2300 2035 fuerit.
2327 1979 2473 2033 Nihil
2500 1979 2645 2033 enim
2674 1993 2931 2049 peccasse
2964 1977 3279 2041 materiam;
3319 1991 3382 2029 ac
3409 1992 3539 2045 pro-

1970 2082 2152 2142 pterea
2181 2079 2440 2142 tanquam
2473 2071 2752 2125 innoxiam
2786 2070 2915 2139 ﬁngi
2943 2084 3060 2123 eam
3094 2076 3345 2137 oportere
3376 2078 3540 2139 atque

1969 2163 2217 2219 formari.
2245 2162 2378 2217 Eum
2408 2178 2537 2219 vero
2566 2164 2658 2233 qui
2701 2170 2893 2216 contra
2945 2160 3292 2216 interdictum
3321 2162 3375 2215 in
3413 2162 3541 2217 alie-

1970 2271 2099 2311 num
2155 2256 2328 2326 ipsam
2389 2254 2629 2311 foramen
2694 2254 2970 2325 deposuit,
3023 2262 3083 2308 ut
3128 2254 3450 2308 sceleratum
3485 2263 3541 2309 et

1967 2355 2455 2419 transgressorem,
2515 2348 2709 2402 merito
2766 2362 2925 2415 pmna
2969 2354 3344 2400 niutctanuum
3393 2361 3538 2402 esse.

1966 2439 2086 2495 Non
2113 2441 2259 2495 enim
2316 2441 2372 2494 in
2419 2441 2593 2494 lutum
2640 2439 2797 2509 culpa
2825 2438 3135 2502 referenda,
3165 2438 3260 2493 sed
3291 2440 3346 2492 in
3382 2439 3535 2493 illum

1964 2534 2061 2603 qui
2097 2548 2212 2587 rem
2239 2541 2438 2603 praeter
2471 2531 2554 2587 fas
2576 2532 2766 2603 gessit.
2802 2530 3159 2601 lmpudicitia:
3187 2531 3335 2585 enim
3379 2538 3537 2584 actus

1965 2624 2226 2690 stimulis,
2273 2626 2329 2679 in
2372 2625 2602 2679 alienam
2643 2625 2693 2678 vi
2754 2623 2939 2678 furtim
2981 2621 3311 2677 destinatam
3340 2621 3536 2677 rimam

1963 2718 2147 2773 intulit
2176 2734 2240 2774 ac
2260 2718 2529 2789 deposuit.
2562 2748 2634 2760 —
2661 2717 2958 2774 Verissima
2991 2717 3249 2787 loqueris.

1141 2836 1252 2889 (ἶΑρ
1311 2835 1370 2889 ν.
1410 2834 1557 2890 Idem
1600 2850 1966 2910 argumentum
2000 2843 2329 2908 persequitur
2360 2839 2419 2896 S.
2456 2841 2641 2896 Pater.

354 2946 566 3000 υῦκοῦν
611 2946 797 3000 λοιπὸν
836 2946 902 3019 δὴ
953 2948 1143 3020 καιρὸς
1186 2947 1390 3003 τούτων
1440 2950 1537 3021 1ἤδη
1574 2951 1857 3023 προδιηνυο

2036 2952 2174 3026 Ergu
2202 2955 2286 3011 bis
2321 2955 2588 3009 haetenus
2618 2954 2692 3008 ita
2741 2955 3084 3025 praeparatis,
3138 2963 3308 3011 restat
3338 2962 3399 3009 ut
3418 2971 3510 3011 om

288 3054 521 3110 σμενων,
562 3038 764 3110 ταύτην
797 3057 855 3093 σε
890 3042 1067 3094 πᾶσαν
1094 3042 1447 3114 προσάπτειν,
1483 3037 1527 3094 ὦ
1558 3044 1861 3114 σοφωτάτη,

1969 3064 2091 3102 nem
2113 3049 2252 3104 hanc
2284 3048 2721 3113 similitudinem,
2765 3063 2798 3102 ο
2841 3048 3265 3120 sapientissima,
3297 3047 3384 3104 bis
3413 3064 3532 3120 quae

286 3134 389 3202 τὴν
434 3133 614 3186 εἰκόνα
647 3137 760 3197 τοῖς
795 3134 896 3205 ἤδη
928 3134 1233 3207 ἔμπροσθεν
1261 3134 1589 3207 εἰρημένοις.
1623 3138 1724 3190 Τὸν
1759 3138 1857 3209 μὲν

291 3220 434 3279 οἷκον
464 3226 833 3296 ἀφομοιοῦσαν
881 3230 947 3298 τῇ
1006 3228 1220 3299 ἀοράτῳ
1268 3229 1369 3299 τῆς
1409 3228 1672 3297 γενέσεως
1704 3233 1735 3302 ἡ
1745 3231 1859 3301 μῶν

296 3318 467 3389 cpiast:
492 3325 509 3341 ‘
525 3319 625 3390 τὴν
649 3319 706 3372 δὲ
726 3320 1122 3392 προσκειμένην
1144 3321 1345 3374 εἴσοδον
1362 3324 1473 3385 τοῖς
1496 3321 1645 3395 ὄρεσι
1665 3326 1731 3394 τῇ
1753 3324 1861 3377 ἀπὸ

298 3412 397 3464 τῶν
439 3412 687 3484 οὐρανῶν
717 3415 796 3475 είς
842 3412 909 3465 τά
959 3411 1181 3484 σώματα
1208 3413 1502 3468 καταϐάσει
1556 3415 1649 3469 καὶ¹
1694 3432 1862 3469 κατα-

305 3508 481 3575 πομπῇ
518 3505 630 3574 (31)
661 3503 768 3557 τῶν
795 3503 982 3574 ψυχῶν
1003 3521 1015 3534 ⁸
1049 3504 1145 3568 τάς
1177 3505 1232 3558 δὲ
1252 3504 1390 3570 ὀπάς
1413 3506 1490 3577 τῷ
1523 3507 1742 3578 θηλυκῷ
1766 3509 1859 3561 καί¹

306 3596 585 3664 γυναικείῳ
618 3594 800 3662 γένει’
839 3594 927 3647 τὸν
958 3595 1012 3648 δὲ
1041 3595 1282 3667 πλάστην
1311 3599 1377 3667 τῇ
1412 3600 1663 3669 ποιητικῇ
1705 3598 1863 3651 δυνά-

311 3702 391 3756 μει
434 3686 526 3739 τοῦ
578 3686 735 3750 Θεοῦ,
788 3688 931 3758 ἥτις,
986 3688 1394 3760 ἐπικαλύμματι
1447 3690 1544 3761 τῆς
1592 3690 1857 3759 γενέσεως

304 3778 446 3849 ἡμων
470 3783 533 3851 τῇ
560 3781 719 3849 φύσει
746 3781 1023 3853 χρωμένη,
1048 3781 1194 3835 ἔνδον
1217 3784 1363 3853 ἡμᾶς
1388 3784 1633 3853 ἀοράτως
1658 3783 1859 3855 ἀνθρω-

306 3872 589 3925 ποπλαστεῖ
622 3872 758 3943 (52),
788 3872 859 3926 τά
889 3873 1158 3944 ἐνδύματα
1186 3877 1303 3938 ταῖς
1328 3875 1529 3946 ψυχαῖς
1562 3873 1861 3946 ἐργαζομέ-

366 4038 472 4111 (3|)
506 4038 843 4094 Katao’do'et
878 4039 975 4093 καὶ
997 4040 1375 4111 καταπομπῇ.
1408 4040 1587 4098 Locus
1609 4041 1697 4111 hic
1719 4040 1861 4095 diffi-

301 4108 513 4183 cilior,
547 4125 685 4183 quo!
718 4112 935 4165 videtur
997 4108 1535 4182 Methodius'ipsam
1609 4110 1858 4183 Origenis

296 4181 739 4253 praessistentize
795 4182 1101 4253 animorum
1175 4181 1486 4252 opinionem
1543 4181 1726 4253 sequi,
1793 4198 1859 4238 ac

294 4252 443 4322 quasi
476 4251 555 4304 illi
614 4252 826 4322 pridem
857 4252 1131 4307 πολιτείαν
1166 4251 1321 4309 suam
1374 4254 1519 4309 nacti
1575 4251 1634 4307 iri
1674 4254 1854 4319 caelis,

292 4321 416 4392 inde
459 4321 515 4374 in
562 4321 797 4392 corpora
845 4323 924 4377 sic
953 4322 1115 4377 aDeo
1146 4323 1375 4379 formata
1430 4323 1763 4379 descendant
1790 4340 1855 4381 ac

1960 3140 2070 3209 jam
2104 3142 2356 3211 superius
2385 3141 2529 3196 dicta
2576 3150 2722 3208 sunt,
2754 3142 3037 3197 adhibeas.
3076 3141 3139 3195 Et
3167 3142 3386 3197 domum
3410 3144 3504 3213 qui

1962 3235 2083 3290 dem
2116 3235 2287 3298 illam,
2315 3235 2759 3307 inaspectabilem
2797 3236 3164 3307 generationis
3205 3242 3407 3290 nostra:
3428 3250 3530 3288 na-

1963 3337 2139 3382 turam
2173 3343 2295 3383 esse
2336 3329 2607 3398 intelligas
2655 3349 2668 3384 :
2716 3328 2922 3383 aditum
2953 3339 3134 3383 autem
3185 3327 3524 3397 adjacentem

1962 3420 2258 3483 montibus,
2291 3421 2615 3477 descensum
2634 3437 2663 3477 e
2691 3423 2845 3478 caelis
2870 3423 3172 3476 animarum
3199 3421 3254 3476 in
3276 3435 3528 3491 corpora,

1961 3520 2015 3567 et
2046 3513 2192 3584 (ιυοά
2228 3515 2282 3567 iu
2316 3514 2411 3568 illa
2442 3516 2735 3568 mittuntur
2786 3533 2801 3570 :
2853 3515 3119 3569 foramina
3159 3528 3310 3575 vero,
3371 3512 3528 3567 femi-

1960 3608 2148 3661 ninum
2174 3596 2362 3662 sexum
2386 3622 2450 3662 ac
2476 3607 2792 3662 muliebrem
2827 3627 2839 3662 :
2872 3609 3085 3677 plasten
3105 3621 3342 3677 quoque.
3373 3620 3526 3660 crea-

1959 3700 2148 3753 tricem
2183 3697 2277 3754 Dei
2311 3700 2631 3771 potentiam,
2662 3714 2785 3769 quise
2844 3714 2944 3768 pro
2986 3696 3352 3768 generationis
3382 3696 3522 3757 velo.

1960 3799 2146 3846 nostra
2172 3800 2331 3848 utens
2368 3802 2579 3857 natura,
2612 3791 2989 3861 inaspectabili
3013 3791 3224 3844 ratione
3249 3789 3396 3844 intus
3425 3803 3526 3842 nos

1959 3882 2195 3938 humana
2247 3884 2419 3940 forma
2451 3884 2673 3957 efﬁngit,
2717 3885 3022 3939 animarum
3046 3881 3364 3937 indumenta
3388 3894 3524 3934 con-

1959 4038 2131 4093 liastae
2159 4056 2319 4111 quem
2342 4040 2583 4111 adducit
2610 4040 2843 4095 Allatius
2868 4055 2934 4094 ex
2958 4056 3057 4095 suo
3080 4039 3287 4105 codice,
3320 4032 3533 4094 acerri-I

1958 4125 2105 4163 mum
2136 4110 2199 4166 ac
2226 4111 2500 4166 eruditum
2542 4110 2800 4165 Methodii
2833 4111 3097 4165 vindicem
3134 4131 3146 4164 :
3190 4125 3350 4181 quem
3374 4120 3522 4181 certe

1957 4185 2167 4234 tantum
2202 4181 2453 4250 Origenis
2495 4183 2892 4245 adversarium,
2919 4180 3215 4250 praecipuo
3238 4181 3342 4234 hoc
3369 4180 3517 4233 illius

1955 4265 2143 4324 errore
2170 4224 2328 4324 haudu
2349 4255 2648 4324 putandum
2683 4262 2769 4308 est
2809 4224 2892 4307 ita,
2922 4224 3204 4321 abreptum
3233 4266 3356 4306 esse
3386 4269 3404 4304 ι
3433 4252 3518 4305 vel

1958 4322 2151 4377 saltem
2182 4321 2422 4380 fautores
2449 4321 2697 4392 Origenis
2731 4325 2806 4378 illi
2860 4338 3025 4378 ausos
3057 4336 3365 4392 aspergere,
3396 4336 3517 4375 cum

290 4390 683 4483 demittantur}
721 4393 837 4447 sive
869 4393 1005 4483 azlia‘s
1034 4393 1148 4475 haec
1174 4395 1283 4450 illis
1333 4410 1492 4466 poena
1533 4403 1617 4483 est
1647 4402 1700 4450 et
1733 4410 1855 4479 car:
1890 4429 1931 4483 ο
1960 4394 2146 4483 statim
2196 4392 2346 4483 fraus
2372 4410 2438 4476 ex
2491 4390 2720 4483 reliquiis
2752 4395 2879 4483 viri.
2908 4390 3380 4483 seript'i'sipsaque
3418 4392 3519 4445 hac

291 4461 777 4535 cer._ut_(_lrigenes
822 4464 1027 4529 voluit;
1060 4464 1173 4519 sive
1198 4461 1415 4528 natura,
1464 4465 1610 4535 quod
1655 4467 1853 4535 exponi

400 4532 469 4605 sit
496 4531 818 4598 Methodius,
856 4550 955 4587 nec
1009 4537 1081 4588 ita
1133 4538 1308 4605 palam
1339 4531 1663 4591 adversatur
1707 4531 1852 4592 fidei.

339 4602 521 4658 rudite
548 4604 842 4658 admodum
876 4605 1017 4659 hanc
1062 4602 1297 4674 spartam
1332 4607 1617 4662 adornavit
1638 4606 1745 4661 Leo
1770 4607 1856 4661 Al-

285 4673 478 4733 latius.
507 4689 571 4748 ac
602 4674 933 4748 ﬁethodium
955 4673 1281 4748 vindicavit;
1323 4693 1446 4732 cum
1485 4677 1532 4731 is
1582 4679 1675 4748 qui
1708 4678 1854 4734 illius

282 4746 579 4816 occupavit
604 4744 934 4800 Methodiani
960 4745 1224 4816 Symposii
1260 4748 1573 4811 editionem,
1600 4744 1856 4804 subolere

284 4815 640 4889 sihidiﬂicile
665 4816 872 4889 aliquid
894 4815 1358 4873 neeindicaverit.
1383 4818 1573 4873 Putem
1595 4819 1712 4889 ipse
1743 4818 1855 4874 Me-

283 4885 533 4959 thodium
565 4885 699 4940 nihil
730 4887 875 4942 aliud
907 4889 1062 4951 velle,
1092 4889 1236 4958 quod
1284 4889 1357 4942 ita
1385 4885 1659 4958 exprimit,
1687 4904 1852 4959 quam

283 4957 594 5029 animorum
649 4965 919 5019 naturam.
947 4960 1284 5029 significare,
1326 4957 1501 5027 qtim’a
1546 4959 1654 5015 Deo
1694 4957 1764 5015 sit
1798 4966 1853 5014 et

280 5028 551 5099 caelestis,
575 5042 677 5082 nec
715 5043 745 5081 a
774 5028 1013 5082 materia
1054 5030 1446 5099 proficiscatur,
1486 5030 1629 5085 velut
1658 5031 1852 5085 anima:

281 5097 623 5171 reliquorum
662 5100 981 5164 viventium,
1021 5097 1115 5155 sed
1148 5117 1179 5154 a
1224 5100 1333 5155 Deo
1374 5102 1592 5171 proprio
1626 5108 1851 5171 parente

281 5184 452 5240 supra
492 5170 601 5221 vim
628 5184 843 5224 omnem
900 5172 1127 5225 actionis
1159 5170 1405 5226 humana:
1431 5170 1681 5240 illiusque
1720 5188 1852 5240 sup—

279 5239 580 5313 plemento,
622 5249 812 5313 egeat;
874 5241 980 5313 qui
1015 5243 1257 5297 singulas
1319 5244 1549 5313 singulis
1596 5239 1848 5313 formatis

279 5310 610 5385 rorppribus
658 5311 781 5380 jure
812 5312 987 5385 quasi
1038 5321 1282 5385 naturae,
1330 5310 1508 5385 eaque
1537 5312 1862 5385 quamsibi.

278 5380 514 5449 praefixit
564 5383 701 5448 lege,
737 5382 947 5436 animas
982 5383 1203 5447 tribuat,
1236 5400 1302 5438 ne
1329 5380 1571 5439 humana
1617 5384 1759 5437 actio
1778 5383 1843 5438 ad

280 5453 495 5524 prolem
521 5450 795 5515 ordinata,
817 5453 898 5507 sui
930 5452 1304 5524 insuf‘ficieutia
1342 5463 1395 5509 et
1423 5454 1735 5524 praestantia
1765 5453 1846 5507 ef-

283 5519 481 5584 fectus,
510 5539 671 5577 cassa
704 5530 937 5577 maneat.
981 5522 1117 5577 llinc
1146 5532 1291 5578 certe
1344 5519 1531 5580 nostra
1564 5524 1706 5579 dicta
1738 5540 1847 5580 coe-

282 5590 436 5645 lestis
462 5594 639 5662 origo,
670 5602 725 5647 et
750 5609 857 5661 qua
892 5594 1048 5648 nobis
1090 5594 1231 5649 inest
1256 5603 1315 5648 ut
1367 5597 1420 5649 in
1457 5597 1623 5651 Deum
1652 5606 1843 5649 aucto-

282 5674 397 5732 rem
422 5672 672 5719 nostrum
703 5678 1008 5732 vergamus,
1042 5665 1142 5719 etsi
1195 5663 1454 5720 ineflicaci
1488 5674 1706 5728 conatu,
1731 5665 1839 5719 nisi

282 5728 380 5786 Dei
432 5734 610 5804 ipsius
660 5728 836 5804 gratia
870 5736 1169 5803 anuvetur.
1208 5734 1328 5789 Haec
1354 5736 1464 5793 fere
1494 5752 1648 5792 mens
1676 5737 1841 5792 scho-

1958 4462 2079 4531 ejus
2134 4465 2507 4537 lucubratione
2538 4462 2815 4537 prodenda
2854 4462 3392 4537 foretfrﬂaceadem
3429 4478 3519 4516 ra-

1961 4537 2108 4590 tione
2143 4535 2438 4607 Gregorius
2471 4534 2781 4607 Tlieologus
2830 4537 2884 4590 i‘n
2926 4535 3131 4607 Christi
3182 4534 3432 4607 Natalem
3467 4543 3518 4607 et

1954 4616 2192 4661 sanctum
2227 4606 2453 4669 Pascha,
2501 4605 2779 4661 hominem
2829 4617 2985 4662 vocat
3008 4606 3253 4676 οὐράνιον
3278 4606 3370 4659 καὶ
3396 4605 3518 4657 ἐπί-

1952 4693 2099 4744 γειον
2122 4676 2258 4749 ζῶον
2282 4680 2375 4731 καὶ
2406 4678 2601 4749 μικρὸν
2653 4678 2856 4749 κόσμον
2884 4698 2900 4710 ·
2946 4677 3149 4731 cwlestc
3186 4687 3238 4749 et
3270 4684 3515 4729 terrestre

1953 4748 2157 4801 animat
2181 4766 2243 4803 ac
2268 4766 2486 4819 parvum
2509 4748 2760 4802 mundum
2788 4763 2809 4819 ς
2831 4756 3059 4818 utraque
3077 4748 3287 4803 scilicet
3318 4754 3511 4819 natura

1952 4816 2313 4882 constantem,
2369 4835 2478 4888 qua
2539 4820 2655 4889 ipse
2706 4818 2881 4886 major
2930 4816 3167 4874 mundus
3221 4816 3507 4889 conflatur,

1952 4890 2184 4959 spiritali
2239 4899 2293 4945 et
2348 4886 2611 4960 corporea
2655 4909 2667 4944 :
2713 4891 2806 4960 qui
2850 4891 2965 4960 ipse
2994 4890 3226 4945 maxime
3258 4902 3395 4960 opus
3416 4886 3506 4951 sit,

1948 4958 2159 5013 ratione
2187 4961 2345 5031 cujus
2376 4958 2533 5031 usdue
2565 4960 2719 5014 modo
2754 4958 2915 5014 Pater
2942 4972 3206 5029 operatur,
3237 4958 3509 5031 uti‘supra

1950 5031 2139 5085 citavit
2196 5027 2540 5086 Methodius:
2580 5047 2687 5087 non
2719 5033 2833 5086 sola
2886 5027 3089 5101 argillze
3120 5027 3374 5101 membris
3410 5031 3509 5082 bu-

1948 5101 2126 5156 manis
2149 5101 2540 5172 etl‘ormatione,
2575 5103 2668 5156 sed
2706 5102 2876 5172 magis
2909 5098 3096 5165 animi,
3136 5100 3225 5169 qui
3252 5098 3343 5152 Dei
3373 5113 3511 5172 prof-

1948 5172 2123 5240 prium
2155 5188 2292 5240 opus
2324 5188 2387 5226 ac
2416 5171 2643 5231 fabrica.
2666 5170 2886 5227 nom‘in
2920 5172 3076 5225 finem
3108 5184 3280 5239 usque
3298 5170 3509 5232 mundi,

1946 5256 2042 5310 per
2064 5242 2305 5311 singulas
2329 5242 2608 5296 hominum
2637 5244 3033 5310 generationes,
3064 5241 3323 5307 editione,
3362 5254 3396 5292 a
3424 5255 3510 5294 se-

1945 5327 2049 5381 que
2088 5313 2382 5367 creatione.
2411 5313 2701 5367 COMBEFIS.

2018 5382 2128 5453 (52)
2159 5384 2387 5450 Ἤτις...
2418 5380 2966 5452 ἀνθρωποπλαστεῗ.
2987 5381 3089 5453 rSic
3123 5388 3175 5437 et
3201 5377 3508 5453 Posstnlus.

1942 5449 2035 5507 At‘
2060 5449 2343 5507 Allatius’:
2379 5455 2500 5524 ἥτις
2525 5449 2690 5507 ἀἰτία
2728 5455 2827 5523 τῆς
2874 5452 3138 5524 γενέσεως
3180 5453 3348 5524 ᾲήμῶν
3374 5491 3388 5515 ,
3424 5449 3512 5524 ηὼς

1944 5525 2100 5596 ἔφην,
2130 5527 2196 5596 τῇ
2232 5522 2711 5596 φύσειχρωμένης
2758 5522 2904 5596 ἐστίν
2942 5541 2963 5596 Ἀ
2994 5523 3129 5596 αῦτη
3172 5522 3384 5596 defero;
3412 5522 3511 5574 ἀν·-

1943 5579 2375 5667 θρώποπλαστεῖ.
2410 5579 2595 5667 Neque
2658 5579 2825 5667 aliter,
2867 5594 2995 5657 legit
3032 5595 3086 5667 in
3120 5579 3267 5667 'eod.
3309 5579 3511 5646 lli-alar.

1943 5665 2119 5721 editor
2152 5666 2455 5735 Lupareus,
2488 5665 2709 5722 omissis
2753 5666 3095 5721 solummodo
3140 5665 3195 5717 δὲ
3234 5666 3359 5727 ἴσως
3389 5672 3540 5731 post,

1943 5737 2098 5800 αῦτη.
2125 5738 2395 5792 ϐιιωκο.
