3964 6226
471 308 545 367 55
1416 307 1473 364 S.
1517 305 1847 363 METHODII
1887 303 2193 362 EPISCOPI
2232 305 2320 361 ET
2362 294 2728 360 MARTYRIS
3620 310 3687 368 56

470 424 723 480 cinnans.
755 422 854 491 Qui
879 424 1115 495 denique
1158 424 1333 493 lutum
1379 426 1735 497 argillamque
1784 439 2035 495 compor-

2142 441 2221 496 νη.
2252 424 2389 487 Τοὺς
2417 423 2475 477 δὲ
2500 422 2821 494 κομίζοντας
2850 421 2947 494 τὴν
2991 420 3124 494 ὕλην
3148 420 3241 475 τοῦ
3267 421 3459 492 πηλοῦ,
3491 422 3567 495 τῷ
3597 426 3688 480 ἀν-

466 523 607 578 tant,
644 532 821 571 mares
841 531 903 571 ac
930 516 1076 572 viros
1099 516 1401 587 exprimere
1428 517 1701 588 cogitandi
1731 518 1878 581 sunt,
1906 531 2031 571 cum

469 607 549 661 illi
583 607 877 662 liberorum
919 614 1111 677 agente
1138 607 1229 662 siti
1270 606 1325 661 in
1348 607 1625 664 naturales
1652 607 1865 665 feminae
1888 620 2034 662 mea-

468 707 557 751 tus
579 711 762 752 semen
786 695 1061 765 injiciunt,
1112 696 1258 751 haud
1302 710 1463 754 secus
1492 712 1557 754 ac
1588 699 1665 754 illi
1707 699 1951 770 argillam
1978 697 2035 752 in

466 785 735 841 foramina
760 785 1076 856 important.
1115 785 1322 842 Semini
1375 788 1543 856 enim,
1565 788 1801 860 quadam
1837 789 2035 845 divinae

463 878 749 934 creatricis
799 882 1075 959 potentiae.
1125 888 1183 935 ut
1235 882 1319 937 sic
1368 882 1570 947 dicam,
1620 884 2037 955 participatione

464 985 712 1040 asperso,
743 971 886 1027 haud
909 972 1212 1043 imputandi
1261 983 1628 1032 exaestuantes
1658 976 1884 1047 impurae
1910 977 2035 1032 libi-

461 1062 606 1118 dinis
635 1063 884 1119 ardores.
917 1065 1023 1119 Ars
1053 1080 1216 1134 porro
1240 1065 1296 1119 in
1345 1065 1593 1137 subjecta
1643 1068 1747 1124 sibi
1783 1070 2033 1137 materia,

461 1155 607 1225 quod
641 1170 801 1210 suum
823 1166 926 1220 est,
960 1156 1091 1227 agit.
1123 1154 1337 1211 Nullam
1368 1172 1499 1213 vero
1533 1174 1646 1214 rem
1672 1172 1739 1213 ex
1762 1174 1822 1216 se
1846 1174 1911 1215 ac
1942 1177 2037 1231 per

459 1263 520 1303 se
543 1247 713 1319 ipsam
744 1248 942 1302 malam
973 1262 1115 1315 esse,
1149 1247 1574 1303 existimandum
1610 1257 1713 1313 est,
1748 1249 1843 1305 sed
1875 1251 2036 1306 talem

458 1340 577 1395 fieri
600 1356 697 1410 per
725 1340 1068 1395 abutentium
1100 1325 1490 1411 operationem.
1518 1339 1755 1397 Honeste
1785 1343 2038 1399 videlicet

463 1440 520 1486 et
549 1438 700 1487 caste
732 1430 995 1494 exhibita,
1052 1432 1280 1487 honesta
1304 1430 1523 1498 evadit;
1557 1432 1788 1502 turpiter
1828 1449 1959 1490 vero
1983 1442 2038 1490 et

458 1523 778 1578 indecenter
836 1522 1238 1588 administrata,
1292 1523 1473 1594 turpis
1519 1524 1597 1579 lit.
1660 1526 1721 1580 In
1759 1542 1867 1597 quo
1892 1527 2040 1582 enim

456 1618 599 1673 male
632 1616 832 1672 meruit
862 1616 1069 1671 ferrum
1100 1627 1327 1689 propter
1366 1618 1759 1689 agriculturam
1807 1627 1861 1674 et
1893 1626 2038 1675 artes

459 1710 761 1772 inventum,
787 1708 854 1764 de
884 1709 952 1763 iis
985 1709 1076 1779 qui
1102 1709 1168 1763 ad
1192 1717 1410 1766 mutuas
1434 1710 1565 1765 illud
1595 1710 1770 1766 caedes
1800 1712 2039 1767 acuunt?

2132 516 2294 590 δρείῳ
2340 516 2435 572 καὶ
2478 514 2754 589 ἀρρενικῷ
2784 514 3160 587 παραϐλητέον
3180 531 3194 545 ο
3227 514 3407 580 ὁπότε,
3436 515 3692 589 διψήσαν-

2132 628 2223 675 τες
2253 609 2476 675 τέκνων,
2511 612 2592 673 εις
2617 609 2746 673 τοὺς
2793 607 2934 662 κατά
2979 607 3139 678 φύσιν
3165 606 3266 677 τῆς
3294 605 3510 679 θηλείας
3540 626 3695 682 φερο-

2138 705 2331 777 μένους
2382 703 2582 775 πόρους
2628 699 3087 772 ὲγκαταϐάλλουσι
3131 698 3227 772 τὴν
3258 700 3483 772 σπορὰν,
3512 699 3696 776 ὥσπερ

2133 797 2294 850 κάκεῖ
2322 794 2413 849 τὸν
2445 794 2615 865 πηλὸν
2648 796 2727 858 είς
2769 791 2868 856 τὰς
2908 792 3067 857 όπάς.
3101 791 3260 856 Θείας
3306 790 3434 863 γάρ,
3463 790 3540 854 ὡς
3572 791 3697 856 ἔπος

2134 888 2325 951 εἰπεῖν,
2364 887 2556 960 μοίρας
2604 886 2702 955 τῆς
2748 883 3140 957 δημιουργικῆς
3172 883 3233 938 τὸ
3264 883 3484 955 σπέρμα
3535 902 3698 956 μετα-

2134 975 2428 1047 λαμϐἀνον,
2456 977 2555 1030 οὐκ
2607 976 2737 1030 αὐτὸ
2780 973 2951 1029 αἴτιον
2999 973 3275 1045 νομιστέον
3299 969 3442 1027 εἶναι
3466 973 3577 1027 τῶν
3605 973 3705 1044 τῆς

2135 1069 2427 1132 ἀκολασίας
2455 1068 2912 1138 ὑπεκκαυμάτων.
2931 1066 2993 1119 Ἦ
3021 1066 3116 1137 μὲν
3133 1064 3242 1137 γάρ
3270 1064 3438 1136 τέχνη
3462 1065 3563 1138 τὴν
3584 1065 3710 1119 ὑπο-

2135 1160 2391 1231 κειμένην
2420 1159 2550 1232 ὓλην
2569 1161 2656 1214 ἀεὶ
2685 1160 3039 1213 τεκταίνεται.
3055 1157 3219 1212 Οὐδὲν
3238 1157 3347 1230 γάρ
3370 1157 3565 1212 αὐτόθι
3586 1157 3706 1213 καθ’

2138 1252 2299 1305 ἑαυτὸ
2325 1251 2433 1305 τῶν
2461 1250 2796 1323 πραγμάτων
2818 1250 3047 1323 ἡγητέον
3070 1245 3209 1303 εἶναι
3237 1247 3431 1313 κακὸν,
3448 1247 3583 1302 ἀλλά
3605 1266 3709 1303 πα-

2141 1342 2211 1414 ρά
2238 1344 2336 1416 τὴν
2360 1342 2558 1416 πρᾶξιν
2589 1342 2697 1396 τῶν
2727 1343 3020 1414 χρωμένων
3048 1340 3267 1396 τοιῶσδε
3296 1340 3570 1410 γίνεσθαι.
3605 1342 3711 1393 Κο-

2140 1434 2313 1506 σμίως
2346 1435 2443 1505 μὲν
2469 1433 2577 1506 γὰρ
2611 1435 2976 1507 πραττόμενον
3013 1433 3106 1488 καὶ
3137 1432 3458 1505 σωφρόνως,
3490 1432 3713 1503 κόσμιον

2138 1527 2319 1598 ἀπέϐη
2338 1544 2351 1558 ·
2380 1527 2619 1601 αἰσχρῶς
2649 1528 2707 1582 δὲ
2738 1530 2830 1582 καὶ
2860 1528 3199 1600 ἀσχημόνως,
3227 1528 3479 1599 αἰσχρόν.
3510 1528 3576 1581 Τί
3606 1526 3714 1601 γὰρ

2138 1618 2364 1690 ἠδίκησε
2408 1619 2624 1692 σίδηρος
2666 1620 2976 1692 γεωργικῆς
3007 1620 3165 1692 χάριν
3197 1620 3290 1674 καὶ
3316 1619 3529 1691 τεχνῶν
3556 1621 3712 1692 εὑρε-

2140 1710 2271 1774 θεὶς,
2301 1712 2425 1775 τοὺς
2452 1712 2531 1774 εἰς
2556 1710 2942 1782 ἀλληλοφόνους
2984 1712 3143 1765 αὐτὸν
3177 1711 3449 1783 θήξαντας
3498 1713 3708 1782 μάχας;

459 1799 517 1854 In
550 1815 659 1870 quo
684 1815 878 1854 aurum
930 1809 1024 1854 aut
1055 1808 1359 1871 argentum,
1394 1807 1488 1855 aut
1531 1816 1627 1866 (es,
1661 1809 1735 1865 et,
1781 1810 1839 1857 ut
1867 1803 2032 1860 verbo

2142 1801 2197 1854 Τί
2226 1802 2282 1855 δὲ
2314 1802 2514 1875 χρυσὸς
2556 1803 2589 1874 ἢ
2632 1781 2929 1875 ἄργυρος,ἢ
2967 1803 3185 1874 χαλκὸς,
3219 1781 3315 1857 καὶ
3340 1781 3644 1875 συλλήϐδην
3674 1807 3708 1875 ἡ

458 1895 732 1964 colligam,
795 1893 975 1948 omnis
1031 1895 1255 1948 materia
1307 1901 1472 1965 atque
1521 1895 1760 1960 metalla,
1820 1895 1949 1950 dum
1974 1912 2033 1952 se

458 1986 645 2040 mollia
672 1985 917 2055 praebent
948 2000 1013 2040 ac
1073 1985 1401 2049 tractabilia,
1437 1985 1503 2040 de
1535 1985 1626 2041 his
1654 1988 1746 2058 qui
1804 1986 2033 2057 ingratis

457 2078 515 2130 in
548 2087 823 2133 auctorem
854 2092 1013 2133 suum
1066 2077 1288 2143 animis,
1338 2077 1394 2131 in
1421 2084 1634 2134 statuas
1665 2079 1815 2134 varie
1837 2078 2035 2135 distin-

457 2177 576 2224 ctas
605 2168 1042 2240 ell‘ormatasque.
1073 2169 1186 2224 haec
1215 2169 1492 2224 adoranda
1522 2172 1875 2242 proponunt?
1904 2171 2035 2227 Cer-

458 2269 513 2316 te
545 2260 591 2316 si
618 2261 744 2332 quis
776 2260 921 2317 furto
941 2261 1172 2332 quaesita
1202 2261 1405 2318 vellera
1442 2262 1692 2316 textrina:
1716 2263 2029 2331 praebuerit,

455 2353 513 2407 in
551 2367 719 2406 unum
754 2352 898 2407 hunc
927 2366 1152 2422 scopum
1207 2350 1430 2407 intuens
1489 2368 1600 2418 ars,
1651 2351 1798 2423 quod
1850 2353 2033 2422 subje—

454 2453 605 2499 ctum
635 2456 717 2501 est
749 2445 1069 2511 fabricatur,
1101 2454 1161 2500 ut
1207 2452 1540 2500 structuram
1588 2445 1859 2510 admittat,
1897 2446 2032 2500 nihil

455 2552 723 2609 respuens
758 2552 946 2593 eorum
975 2552 1097 2608 quae
1126 2538 1205 2593 illi
1237 2537 1305 2594 ad
1335 2553 1495 2593 usum
1533 2552 1693 2593 suum
1728 2546 1852 2609 apta
1876 2538 2030 2609 obje-

455 2639 547 2684 cta
600 2637 752 2699 sunt.
804 2627 941 2684 Nam
974 2645 1152 2702 neque
1202 2630 1347 2701 quod
1397 2628 1544 2687 furto
1580 2630 1817 2686 ablatum
1847 2640 1950 2695 est,
1974 2632 2031 2687 in

455 2722 664 2777 crimen
696 2722 1000 2778 vocandum
1052 2723 1145 2788 sit,
1195 2722 1399 2794 quippe
1451 2723 1772 2778 inanimum.
1827 2722 2031 2777 Lanam

458 2822 639 2885 itaque
656 2814 939 2871 elaborare
973 2829 1038 2870 ac
1060 2816 1412 2881 concinnare,
1463 2814 1600 2871 nihil
1631 2814 1913 2886 prohibet;
1938 2815 2032 2886 qui

459 2918 587 2959 vero
623 2903 823 2973 iniusta
853 2917 975 2959 eam
1018 2917 1184 2957 manu
1224 2903 1476 2974 furtoque
1511 2904 1756 2967 abstulit,
1790 2903 1836 2959 is
1868 2918 2032 2975 poma

458 2997 789 3053 alliciendus.
822 2995 913 3052 Sic
933 3004 1283 3068 corruptores
1309 2997 1642 3068 nuptiarum,
1666 3011 1731 3051 ac
1775 2995 1870 3067 qui
1898 3012 2033 3052 con-

458 3092 634 3146 cinnze
662 3097 938 3161 castaeque
962 3089 1104 3153 vitae,
1136 3090 1284 3145 velut
1301 3089 1545 3153 citharae,
1570 3096 1773 3145 temere
1795 3088 2029 3145 chordas

461 3189 738 3254 rumpunt,
773 3181 1001 3239 eﬂ‘renes
1051 3180 1396 3237 inflammatae
1425 3181 1741 3252 cupiditatis
1770 3191 1939 3239 mstus
1969 3181 2027 3237 in

459 3274 726 3331 adulteria
757 3274 1024 3340 laxantes,
1050 3274 1153 3346 ipsi
1179 3271 1397 3345 quidem
1420 3273 1702 3329 cruciandi
1740 3273 2028 3343 puniendi-

460 3381 565 3436 que
586 3374 755 3422 sunt:
791 3377 990 3423 nocent
1036 3366 1183 3422 enim
1231 3365 1490 3437 graviter,
1518 3380 1583 3420 ex
1626 3364 1819 3420 alienis
1850 3364 2028 3422 hortis

2132 1892 2459 1964 εὑέργαστος
2504 1891 2692 1946 ἀπασα
2738 1894 2833 1963 γῆ,
2868 1894 2993 1956 τοὺς
3040 1892 3499 1964 πλημμελοῦντας
3523 1894 3712 1965 ἀχαρί-

2134 2001 2272 2048 στως
2309 1986 2389 2049 είς
2426 1984 2516 2037 τὸν
2551 1984 2808 2054 σφέτερον
2843 1984 3194 2056 δημιουργὸν,
3229 1987 3285 2038 ὲν
3316 1984 3394 2055 τῷ
3432 1984 3708 2057 παρατρέ-

2132 2076 2327 2130 πεσθαι
2354 2076 2423 2130 τά
2458 2076 2552 2130 ἀπ’
2582 2076 2757 2131 αὐτῶν
2793 2075 3176 2147 ποικιλλόμενα
3211 2075 3375 2148 βρέτη
3406 2075 3558 2147 (55);
3592 2074 3708 2130 Κάν

2132 2168 2239 2242 γάρ
2264 2168 2372 2223 ἀπὸ
2403 2168 2739 2240 κλεψιμαίων
2763 2170 2830 2239 τῇ
2868 2168 3134 2239 ὑφαντικῇ
3164 2168 3459 2241 παρέχοιτό
3483 2186 3566 2232 τις
3588 2166 3708 2239 ἔρια

2132 2262 2315 2335 τέχνῃ,
2351 2261 2488 2333 πρὸς
2540 2260 2598 2316 ἒν
2648 2261 2807 2332 μόνον
2838 2260 3217 2314 ἀποϐλέπουσα
3244 2259 3403 2314 τοῦτο
3446 2263 3478 2332 ἠ
3523 2260 3705 2331 τέχνη,

2131 2353 2450 2425 δημιουργεῖ
2491 2354 2589 2423 τὴν
2640 2353 3031 2423 ὑποκειμένην,
3067 2353 3115 2405 εί
3160 2348 3369 2415 δέξεται
3416 2350 3514 2423 τὴν
3543 2368 3707 2405 κατα-

2134 2444 2353 2518 σκευὴν,
2386 2444 2536 2499 οὐδὲν
2564 2445 2972 2516 ἀποϐαλλομένη
3020 2442 3127 2497 τῶν
3169 2444 3333 2514 ἑαυτῇ
3379 2443 3663 2515 χρησίμων
3685 2460 3699 2473 ·

2131 2538 2252 2591 ἐπεὶ
2303 2537 2467 2610 μηδὲν
2506 2537 2678 2593 αἴτιόν
2710 2540 2858 2591 ἐστιν
2891 2536 3123 2591 ἐνταῦθα
3163 2534 3224 2588 τὸ
3267 2534 3468 2589 κλαπὲν
3500 2533 3701 2604 ἄψυχον

2131 2629 2211 2684 όν.
2246 2630 2337 2685 Διὸ
2381 2629 2445 2703 δὴ
2495 2631 2628 2685 αὐτὸ
2674 2631 2771 2702 μὲν
2803 2629 3096 2702 ἐργαστέον
3124 2628 3216 2683 καὶ
3248 2626 3543 2698 κοσμητέον
3566 2642 3580 2655 ·
3609 2625 3698 2678 τὸν

2129 2719 2185 2773 δὲ
2216 2720 2545 2792 ὑφελόμενον
2572 2720 2741 2792 ἀδίκῳ
2771 2722 2927 2794 φωρᾷ
2956 2718 3319 2792 τιμωρητέον.
3338 2716 3498 2788 Ἀτάρ
3519 2715 3581 2789 δὴ
3603 2715 3700 2771 καὶ

2130 2813 2256 2876 τοὺς
2287 2811 2418 2884 δηλή
2429 2829 2594 2883 μονας
2626 2811 2733 2865 τῶν
2761 2812 2976 2884 γάμων,
3009 2812 3103 2865 καὶ
3133 2810 3461 2882 διαρῤήκτας
3486 2808 3581 2880 τῆς
3613 2809 3701 2860 εὑ-

2131 2904 2433 2975 αρμοστίας
2464 2904 2556 2957 τοῦ
2592 2904 2707 2976 βίου
2748 2904 2855 2958 τῶν
2900 2902 3104 2976 χορδῶν
3164 2902 3589 2974 φλεγμαίνοντας
3624 2899 3703 2954 οἷο

2134 3012 2302 3068 στρῳ,
2333 2997 2428 3051 καὶ
2474 2996 2572 3068 τὴν
2624 2995 2802 3069 ὄρεξιν
2850 2997 2931 3061 εἰς
2988 2996 3227 3067 μοιχείαν
3257 2993 3705 3065 ὲκκαλουμένους,

2132 3089 2328 3154 αὐτοὺς
2364 3089 2462 3161 μὲν
2502 3088 2853 3161 βασανιστέον
2897 3090 2991 3142 καὶ
3022 3087 3359 3161 τιμωρητέον
3384 3104 3397 3117 ·
3431 3087 3526 3141 ἀπ’
3554 3083 3707 3140 ἀλλο-

2131 3181 2296 3254 τρίων
2324 3181 2432 3255 γὰρ
2465 3184 2654 3255 κήπων
2686 3181 2785 3247 τὰς
2819 3181 3166 3251 παιδογόνους
3196 3180 3546 3253 λυμαίνονται
3585 3177 3709 3231 κλέ-

2133 3292 2355 3340 πτοντες
2384 3276 2698 3347 συμπλοκάς
2722 3293 2735 3306 ⁸
2763 3276 2862 3346 τὴν
2890 3275 2947 3327 δὲ
2983 3273 3211 3345 σπορὰν,
3248 3273 3437 3345 ὥσπερ
3466 3272 3532 3344 δὴ
3560 3270 3712 3325 κάκεῖ

2136 3366 2204 3420 τά
2235 3367 2378 3440 ἔρια,
2416 3368 2728 3440 μορφωτέον
2754 3369 2849 3422 καὶ
2880 3368 3178 3439 ψυχωτέον.

461 3473 813 3516 mconcessos
839 3458 1074 3515 Iurando
1099 3458 1647 3522 concubitus;semen
1675 3473 1802 3514 vero
1833 3459 2034 3529 ipsum,
2075 3460 2155 3515 uti
2219 3469 2274 3517 et
2305 3461 2415 3516 illic
2454 3461 2677 3527 vellera,
2720 3459 3071 3516 formandum
3116 3469 3201 3516 est
3264 3461 3566 3529 animaque
3620 3453 3715 3509 d0-

462 3554 722 3610 nandum.

934 3697 1063 3752 Car.
1098 3695 1189 3752 Vl.
1225 3695 1405 3751 Etiam
1433 3695 1854 3750 adulterinorum
1885 3702 2134 3765 portuum
2171 3707 2302 3744 cura
2336 3689 2463 3753 Deo,
2506 3690 2571 3744 iis
2607 3690 2779 3759 angeli
2811 3697 3083 3743 curatores
3117 3688 3252 3743 dati.

534 3814 600 3868 Et
634 3815 766 3886 quid
796 3830 936 3887 opus
978 3824 1132 3871 tanta
1162 3815 1535 3887 exemplorum
1574 3814 1628 3869 vi
1665 3813 1866 3871 frustra
1912 3830 2033 3871 ser-

464 3923 679 3964 monem
712 3908 1036 3978 producere,
1086 3924 1213 3964 cum
1248 3908 1383 3965 satis
1419 3907 1625 3979 liqueat
1661 3905 1755 3963 Dei
1788 3906 2034 3979 profecto

463 4014 603 4071 Opus
654 4014 799 4063 esse,
854 4014 1148 4069 corporum
1191 4000 1565 4054 structuram?
1618 3997 1849 4065 Quando
1888 3998 2035 4052 enim

466 4098 662 4146 natura
691 4090 844 4147 brevi
890 4090 1027 4146 adeo
1061 4099 1324 4161 tempore,
1375 4092 1485 4148 nisi
1541 4090 1653 4148 Deo
1704 4092 2033 4161 adiutorium

466 4183 941 4248 Subministrante,
969 4190 1183 4237 tantum
1216 4198 1355 4253 opus
1377 4183 1705 4253 perliceret?
1732 4183 1866 4250 Quis
1887 4182 2035 4237 enim

466 4275 869 4347 incompactam
903 4274 1177 4346 compegit
1200 4274 1408 4331 ossium
1441 4276 1849 4331 substantiam?
1898 4274 2036 4340 Quis

467 4383 598 4424 vero
628 4367 924 4438 colligavit,
950 4375 1010 4422 ut
1036 4367 1220 4423 nervis
1242 4365 1670 4423 exlenderentur
1703 4381 1767 4420 ac
1792 4366 2038 4421 remitte-

2208 3810 2319 3865 Καὶ
2343 3811 2396 3864 τί
2418 3810 2499 3864 δεῖ
2520 3808 2921 3882 παραδείγμασι
2945 3807 3219 3871 τοσούτοις
3231 3806 3582 3881 κεχρημένην

2143 3902 2405 3975 μηκύνειν
2457 3901 2548 3954 τὸν
2597 3900 2795 3969 λόγον;
2832 3900 2965 3953 Οὐδὲ
2996 3900 3104 3970 γὰρ
3153 3898 3217 3953 ἂν
3268 3898 3442 3962 οὓτως
3465 3902 3524 3953 ὲν
3556 3901 3720 3974 ὀλίγῳ

2140 3997 2314 4070 χρόνῳ
2337 3994 2586 4048 τοσοῦτον
2611 3993 2715 4060 ἔξω
2744 3992 2895 4057 θείας
2921 3992 3151 4065 κομιδῆς
3182 3991 3340 4063 ἔργον
3370 3991 3597 4063 ἐξήνυσε
3620 3993 3719 4065 ratio

2141 4106 2244 4154 σις.
2274 4088 2370 4153 Τίς
2393 4087 2500 4159 γὰρ
2526 4086 2738 4154 ,ὀστέων
2777 4086 3017 4157 ἀπηκτον
3046 4084 3241 4158 ἔπηξεν
3274 4084 3457 4137 οὐσίαν
3482 4101 3496 4150 ;
3529 4086 3627 4150 Τίς
3657 4085 3714 4139 δὲ

2142 4181 2397 4253 ξυνέδησε
2423 4178 2786 4233 ἐπιτείνεσθαι
2819 4175 3028 4249 νεύροις
3064 4181 3158 4231 καὶ
3190 4177 3435 4232 ἀνίεσθαι
3459 4176 3589 4248 περὶ
3617 4176 3715 4241 τάς

2140 4273 2389 4346 ἁρμογὰς
2412 4271 2774 4342 καμπτόμενα
2792 4268 2858 4322 τὰ
2879 4269 3012 4341 μέλη
3036 4286 3051 4335 ;
3078 4269 3173 4334 Τίς
3191 4270 3235 4323 δ’
3252 4271 3554 4341 ὑπονόμους
3584 4286 3718 4323 κατ-

2143 4364 2431 4417 εσκεύασε.
2464 4362 2542 4434 τῷ
2589 4364 2779 4434 αἵματι
2816 4402 2831 4425 ,
2884 4363 2977 4416 καὶ⁹
3030 4362 3275 4435 μαλακὴν
3327 4361 3595 4435 ἀρτηρίαν
3639 4360 3717 4433 τῷ

468 4468 663 4516 rentur
691 4455 1069 4529 adjuncturas
1097 4468 1314 4515 artuum
1345 4459 1428 4514 sic
1459 4459 1703 4514 membra
1735 4456 2035 4514 flectentia?

2142 4457 2452 4529 πνεύματι;
2480 4460 2549 4511 Ἢ
2580 4458 2662 4521 τίς
2694 4456 2849 4521 ἄλλος
2878 4456 2990 4527 (55)
3021 4455 3271 4527 ἐζύμωσε
3313 4457 3483 4528 χυμὸν
3522 4456 3720 4521 δεύσας

468 4546 605 4614 Quis
633 4547 920 4604 cuniculos
951 4546 1228 4620 sanguini,
1258 4547 1589 4618 mollemque
1630 4546 1845 4617 spiritui
1895 4553 2042 4601 arte-

466 4637 609 4695 riam
635 4639 1000 4709 praeparavit?
1035 4640 1139 4695 Aut
1189 4639 1316 4711 quis
1370 4639 1514 4694 alius
1573 4638 1861 4693 humorem
1907 4653 2039 4693 san-

471 4734 638 4804 guine
661 4732 955 4800 imbutum,
985 4748 1164 4805 exque
1196 4732 1330 4788 limo
1372 4732 1589 4787 mollem
1649 4730 1887 4803 palpam,
1939 4729 2042 4787 fer-

472 4832 658 4879 mento
688 4837 855 4893 prope
884 4823 1165 4891 dilatavit;
1197 4822 1305 4879 nisi
1347 4820 1501 4879 solus
1533 4836 1787 4877 summus
1816 4817 2038 4885 artifex,

469 4914 565 4987 qui
600 4915 783 4969 vivum
816 4929 917 4970 nos
959 4913 1260 4982 hominem,
1301 4913 1623 4970 rationalem
1679 4913 1766 4970 sui
1812 4911 2042 4985 eﬂigiem

540 5068 653 5144 (3'5)
674 5070 1109 5144 Ποικμλόμεξα
1142 5068 1354 5144 βρέτη.
1408 5063 1628 5144 Variam
1662 5064 1962 5144 lectionem
1985 5062 2044 5120 in

468 5134 603 5213 voce
636 5134 1018 5213 ποικιλλόμενα
1043 5134 1765 5213 Vat._cod.'agnoscit_etiam
1785 5134 2041 5213 Allatius.

578 5205 1005 5296 hmﬁPossi‘nius
1036 5227 1136 5296 pro
1165 5210 1353 5296 βρέτη,
1377 5205 2041 5296 fallentibusjoculis,_vel

472 5228 553 5294 ad
578 5228 692 5294 meo
718 5228 1005 5268 rossmtus
1036 5228 1136 5296 pro
1165 5228 1195 5283 ρ
1236 5228 1353 5281 ετη,
1388 5228 1703 5291 rauenunus
1733 5228 1931 5270 ocuus,
1957 5228 2040 5261 γει

472 5292 635 5337 etiam
662 5283 921 5338 tlludcnte
942 5283 1143 5345 scriba,
1181 5228 1355 5354 βρρέφη
1388 5280 1516 5354 legit
1531 5297 1550 5354 ξ
1584 5278 1730 5354 quod
1748 5287 1818 5354 _et
1870 5292 2040 5354 con-a-

472 5362 565 5408 tur
594 5354 840 5417 reddere,
875 5368 1000 5410 cum
1061 5356 1131 5409 sit
1158 5348 1381 5421 nullius,
1411 5350 1499 5421 hic
1524 5348 1718 5421 frugis.
1748 5348 1870 5403 Non
1895 5349 2042 5403 enim

473 5423 692 5478 metalla
720 5432 1036 5479 enumerata
1079 5426 1216 5480 bene
1263 5422 1332 5477 ad
1371 5420 1571 5477 liberos
1618 5420 2038 5490 eomponantur,

475 5494 570 5549 sed
599 5494 666 5547 ad
693 5503 905 5548 statuas
930 5503 983 5548 et
1013 5495 1327 5555 simulacra.
1375 5506 1497 5562 qua:
1547 5492 1627 5547 sic
1650 5488 1800 5546 varia
1819 5504 1895 5562 ex
1939 5488 2047 5543 illis

475 5563 647 5619 Graeci
678 5564 905 5618 Colenda
934 5565 1311 5629 elTormabant,
1362 5561 1531 5618 invita
1564 5570 1778 5624 natura,
1816 5561 1869 5615 in
1909 5574 2042 5613 con-

476 5645 736 5706 temptum
797 5634 910 5688 Dei.
948 5633 1065 5706 Vox
1117 5650 1333 5706 quoque
1372 5633 1739 5706 πηλικωμένοι
1781 5633 1899 5702 ipsa
1931 5644 2039 5683 non

475 5703 612 5762 satis
650 5705 932 5767 Grzeca,ut
960 5703 1197 5773 undique
1218 5703 1609 5775 pateat.unam
1629 5703 1903 5775 duntaxat
1920 5715 2040 5770 pro-

475 5777 655 5833 batam
691 5776 995 5841 lectionem,
1028 5772 1190 5831 uuam
1219 5772 1301 5831 ἐι
1348 5775 1508 5829 Allat.
1535 5783 1588 5830 et
1628 5772 1763 5830 Μαι.
1798 5772 1921 5828 cod.
1948 5788 2035 5827 se.

2143 4549 2353 4619 αἵματι,
2388 4549 2482 4601 καὶ
2531 4545 2809 4618 μαλθακὴν
2857 4547 2920 4599 ἐκ
2967 4548 3092 4618 χοὸς
3144 4546 3355 4619 σάρκα;
3386 4547 3456 4599 Ἦ
3504 4547 3668 4617 μόνος
3694 4550 3724 4600 ό

2143 4639 2529 4713 ἀριστοτέχνης
2556 4639 2653 4710 τὴν
2682 4637 3052 4709 λογικωτάτην
3081 4637 3265 4692 εἰκόνα
3308 4637 3402 4691 κα)⁵
3449 4635 3719 4708 ἔμψυχον,

2141 4733 2242 4794 τὸν,
2265 4732 2570 4805 ἄνθρωπον,
2602 4733 2771 4803 ἡμᾶς,
2803 4731 2995 4785 ἑαυτοῦ
3022 4731 3456 4801 τεκταινόμενος,
3487 4728 3581 4783 καὶ⁸
3617 4747 3720 4801 κη-

2145 4825 2462 4900 ροπλαστῶν
2494 4824 2555 4891 ἐξ
2584 4824 2767 4897 ὑγρῶν
2800 4825 2893 4879 καὶ
2926 4823 3274 4896 βραχυτάτων
3299 4821 3633 4896 σπερμάτων
3662 4823 3721 4876 ὲν

2150 4922 2366 4996 μήτρας
2416 4920 2512 4985 Τίς
2564 4918 2673 4993 γάρ
2710 4921 2856 4974 ἐστιν
2886 4920 2915 4972 ό
2947 4914 3395 4989 προμηθούμενος
3444 4913 3521 4987 μὴ
3575 4929 3721 4986 συμ-

2142 5073 2643 5147 (ιιιιιιχΔίίοιιιςιεηεῑ.Δ
2843 5142 2852 5147 _
2875 5143 2907 5147 η
3130 5139 3168 5147 _
3272 5141 3285 5147 _
3538 5101 3540 5104 ν

2217 5144 2328 5219 (54)
2364 5143 2785 5271 ἕεχρημένην.
2827 5142 2991 5198 Allat.
3034 5150 3088 5198 et
3130 5139 3373 5204 Possim,
3427 5157 3719 5214 καταχρω-

2219 5235 2336 5271 νην.
2414 5231 2536 5271 ALL.

2219 5235 2336 5276 νην.
2364 5231 2536 5271 ιάλιις
3723 5238 3730 5276 l

2148 5217 2336 5291 μέντπν.
2364 5217 2536 5271 GALL.

2220 5260 2330 5360 (ὃὸ)
2357 5281 2546 5360 ’[Ηῄτίς
2586 5285 2794 5360 ἄλλος.
2829 5283 3071 5360 M_onst_ro
3105 5281 3338 5360 quodam
3379 5281 3550 5360 codex
3592 5281 3714 5360 Vat.

2146 5353 2333 5423 Ἦ’τίς
2356 5358 2488 5421 Θεός
2524 5373 2538 5387 ·
2569 5356 2713 5427 quod
2746 5364 2800 5410 et
2854 5353 3142 5427 Possinius
3172 5353 3441 5423 sequitur.
3491 5353 3714 5422 Accepi,

2142 5443 2251 5483 non
2278 5436 2338 5482 ut
2374 5443 2564 5481 novam
2586 5424 2902 5492 lectionem,
2933 5424 3027 5479 sed
3059 5434 3118 5480 ut
3143 5434 3352 5495 partem
3372 5432 3720 5495 textus,iquo

2152 5500 2445 5569 exponitur
2465 5497 2600 5551 mira
2625 5497 2828 5551 fabrica
2857 5497 3079 5550 humani
3104 5494 3365 5569 corporis
3402 5513 3414 5548 :
3458 5494 3599 5569 quod
3645 5507 3719 5547 ex

2148 5566 2317 5640 parvo
2349 5569 2577 5640 humore
2625 5583 2710 5640 ac_
2737 5583 2928 5639 Spuma
2961 5567 3118 5637 quasi
3170 5567 3433 5640 fermento
3456 5566 3719 5618 dilatetur

2150 5637 2331 5694 inassa
2361 5639 2633 5709 corporis,
2698 5637 2780 5692 ini
2801 5640 2939 5694 dura
2988 5653 3113 5692 ossa
3148 5652 3212 5690 ac
3244 5637 3459 5709 mallent
3491 5648 3731 5709 carnem

2143 5707 2535 5781 cruentumque
2565 5711 2842 5766 humorem
2868 5716 3205 5779 exporrecta.
3238 5707 3527 5762 Couscns.
