3964 6206
222 299 299 361 57
1052 364 1063 375 ,
1275 291 1664 354 convrvmn
1703 291 1788 348 DE

1891 290 1933 347 Μ
1973 288 2334 348 VlRGlNUM.
3394 295 3465 353 58

224 421 509 492 πνίγεσθαι
535 417 612 489 τῷ
645 417 797 492 ὑγρῷ
820 418 912 473 καὶ
934 421 999 491 τῇ
1028 422 1222 492 συνοχῇ
1250 417 1359 474 τῶν
1387 417 1642 488 ἀγγείων,
1675 415 1788 469 ἔπι-

1898 411 2214 478 l‘ahricatus,
2248 426 2314 467 ex
2348 406 2603 464 humanis
2650 407 3100 483 tenuissimisque
3133 411 3463 482 seminibus,

229 514 546 585 κλυζόμενον
578 511 686 565 ἔσω
708 511 770 565 τὸ
802 512 1065 585 ἔμϐρυονς
1091 514 1160 567 Ἦ
1183 511 1263 576 τίς
1295 513 1323 565 δ
1358 511 1494 583 μετὰ
1521 509 1581 564 τὸ
1604 509 1792 580 λοχευ-

230 607 381 677 θῆναι
413 605 503 659 καὶ⁵
532 605 614 669 είς
644 603 760 673 φῶς
792 603 1052 669 ἀνελθεῖν,
1086 606 1165 669 είς
1197 604 1426 677 μέγεθος
1468 602 1561 657 καὶ⁵
1601 601 1794 666 κάλλος

225 700 319 754 καὶ
357 697 549 770 ῥώμην
579 696 638 763 ἐξ
667 695 925 760 ἀσθενοῦς
974 696 1065 750 καὶ
1110 695 1339 769 βραχέος
1382 693 1790 768 μεταϐάλλωνῆ

223 790 301 865 μὴ
342 773 505 854 αὐτὸς
550 784 703 853 οὗτος
745 790 773 840 6
805 788 1208 861 ἀριστοτέχνης,
1238 787 1314 852 ὼς
1356 788 1510 859 ἔῳην,
1544 787 1696 852 Θεὸς,
1725 789 1792 860 τῇ

217 887 475 956 ποιητικῇ
522 885 748 954 δυνάμει
797 882 876 954 τῷ
920 882 1138 955 Χριστῷ
1181 880 1668 954 μετασχηματίζων
1700 880 1794 933 καὶ

220 976 669 1050 μεταζιιηιραφῶν
692 974 792 1039 τὰς
836 973 1007 1039 ίδὲας;
1043 977 1064 999 ⁶
1102 973 1262 1027 Ὅθεν
1316 972 1380 1044 δὴ
1409 972 1502 1027 κα)⁵
1527 970 1795 1043 τημελού-

213 1088 337 1143 χοις
360 1070 632 1137 ἀγγέλοις,
669 1068 771 1123 κᾶν
800 1069 864 1122 ὲκ
891 1067 1132 1139 μοιχείας
1155 1060 1255 1120 ὦσι
1279 1065 1346 1120 τὰ
1370 1065 1791 1136 ἁποτικτόμενα,

213 1160 606 1233 παραδίδοσθαι
654 1158 1068 1235 παρειλήφαμεν
1114 1159 1171 1233 εν
1208 1155 1585 1222 θεοπνεύστοις
1612 1155 1795 1227 γράμ-

210 1274 395 1329 μασιν.
433 1257 497 1309 ΕΞ
529 1255 641 1328 γάρ
673 1254 823 1327 παρὰ
855 1253 952 1326 τὴν
1002 1250 1228 1324 γνώμην
1280 1250 1519 1321 ἐγίνοντο
1564 1250 1658 1304 καὶ
1701 1249 1794 1303 τὸν

207 1350 411 1421 θεσμὸν
466 1350 570 1420 τῆς
603 1348 878 1420 μακαρίας
910 1346 1122 1417 ἐκείνης
1144 1345 1356 1417 φύσεως
1383 1344 1476 1399 τοῦ
1497 1343 1652 1409 Θεοῦ,
1678 1343 1793 1409 πῶς

205 1446 463 1515 ἀγγέλοις
511 1442 684 1498 ταῦτα
717 1440 1031 1513 παρεδίδοτο
1063 1438 1450 1510 τραφησόμενα
1485 1437 1623 1508 μετὰ
1664 1434 1792 1490 πολ-

205 1537 302 1606 λῆς
331 1534 706 1598 ἀναπαύσεως
741 1534 835 1588 καὶ
868 1530 1183 1605 ρᾳπὼνηςς
1213 1530 1336 1593 Πῶς
1357 1529 1411 1582 δὲ
1442 1530 1535 1583 καὶ
1558 1545 1794 1600 κατηγο-

209 1630 444 1700 ρήσοντα
468 1627 625 1697 σφῶν
653 1625 833 1680 αὐτῶν
856 1624 984 1688 τοὺς
1006 1627 1182 1693 γονεῖς
1209 1622 1694 1695 εὐπαρῤησιάστως
1714 1624 1792 1686 εἰς

204 1718 264 1773 τὸ
307 1719 670 1789 δικαστήριον
724 1715 1046 1788 ἐκίκλησκον
1106 1715 1200 1769 τοῦ
1247 1713 1522 1787 Χριστοῦ;
1576 1714 1648 1768 Σὺ
1693 1714 1792 1768 οὐκ

1894 504 2044 560 velut
2064 520 2128 559 es
2159 517 2306 565 cera,
2338 501 2395 555 in
2424 502 2582 555 vulva
2607 500 2848 574 ellingit?
2900 504 2981 559 Ad
3030 504 3193 576 cujus
3234 508 3379 561 enim
3411 508 3465 562 id

1896 611 2083 652 curam
2125 603 2357 667 spectat,
2400 608 2469 647 ne
2503 601 2616 647 tum
2649 592 2896 658 humido,
2947 604 3172 668 tumque
3213 599 3467 654 vasculo-

1895 703 2016 743 rum
2046 688 2315 760 angustiis
2349 686 2666 751 sullocetur,
2691 685 2841 740 intus
2875 687 3133 745 innatans
3162 698 3320 745 utero
3367 705 3465 761 ge-

1897 791 2075 838 status
2111 780 2466 851 imperfectus
2500 780 2677 836 fctus?
2704 779 2839 847 Quis
2868 795 2898 834 a
2930 788 3089 852 partu
3110 781 3222 852 jam
3255 783 3462 839 editum

1894 874 2060 945 inqtte
2112 874 2288 929 lucem
2324 883 2663 944 susceptum,
2702 874 2783 930 sic
2809 873 3136 929 imbecillem
3170 874 3461 945 exiguum“

1895 982 2002 1037 que
2023 967 2078 1021 in
2102 967 2298 1021 molem
2334 974 2388 1022 et
2415 967 2645 1022 formam
2672 982 2736 1022 ac
2767 968 2937 1022 robur
2958 966 3214 1022 idoneum
3264 981 3462 1037 prove-

1894 1059 2010 1115 hit?
2043 1060 2150 1116 nisi
2185 1059 2275 1116 ille
2305 1061 2469 1124 idem,
2502 1070 2559 1115 ut
2584 1061 2721 1125 dixi,
2745 1076 3039 1132 supremus
3073 1060 3266 1115 artifex
3294 1058 3461 1127 Deus,

1893 1152 2157 1207 creatrice
2186 1153 2261 1217 vi,
2291 1152 2451 1223 quasi
2501 1153 2723 1207 Christo
2772 1151 3070 1221 exemplari
3126 1149 3327 1222 ﬁguras
3357 1148 3456 1204 du-

1892 1255 2024 1295 cens
2054 1249 2218 1311 atque
2255 1240 2323 1295 ad
2377 1242 2560 1296 virum
2608 1241 2837 1312 species
2867 1240 3198 1312 depingens?
3226 1240 3379 1297 Unde
3409 1247 3465 1296 et

1892 1258 2024 1295 cens
2054 1258 2218 1311 atque
2255 1258 2323 1295 au
2377 1258 2560 1296 Virum
2608 1258 2840 1385 speet?
2867 1258 3197 1312 oepmgens:
3226 1258 3379 1297 unde
3409 1258 3464 1296 es

1891 1330 2222 1386 tutelarihus
2252 1330 2483 1402 angelis,
2517 1330 2681 1386 etiam
2740 1347 2770 1386 e
2862 1331 3132 1385 adulterio
3179 1338 3464 1402 susceptas

1891 1422 2074 1492 proles
2108 1422 2506 1488 commendari,
2538 1439 2605 1479 ex
2638 1422 2840 1479 divinis
2886 1423 3089 1478 litteris
3124 1422 3459 1493 accepimus.

1894 1512 1951 1567 Si
1978 1514 2123 1569 enim
2156 1514 2324 1568 invita
2370 1515 2541 1571 beatae
2594 1515 2743 1571 illius
2792 1523 3023 1578 naturae,
3078 1513 3175 1571 Dei
3227 1515 3461 1581 scilicet,

1890 1608 2193 1671 voluntate,
2221 1617 2528 1681 praeterque
2554 1609 2676 1679 ejus
2703 1610 2992 1665 consilium
3013 1624 3076 1664 ac
3099 1609 3271 1680 legem
3322 1608 3461 1666 exsi-

1892 1707 2120 1765 sterent,
2141 1703 2417 1771 quomodo
2442 1701 2649 1773 angelis
2683 1701 3029 1757 traderentur
3058 1701 3254 1757 blande
3282 1700 3462 1756 admo-

206 1811 509 1881 ὲφθόνησας
540 1812 699 1882 ἡμῖν,
729 1803 775 1863 ὦ
802 1807 997 1880 Κύριε,
1026 1808 1087 1861 τὸ
1126 1807 1323 1873 κοινὸν,
1357 1807 1604 1877 λέγοντα,
1632 1805 1788 1860 τοῦτο

1891 1792 2019 1846 dum
2079 1808 2143 1847 ac
2186 1792 2529 1864 indulgenter
2581 1793 2920 1849 educandae?
2970 1791 3254 1861 Quomodo
3298 1793 3459 1847 etiam

210 1904 348 1975 φῶς·
383 1899 536 1958 οὗτοι
560 1902 619 1955 δὲ
654 1903 802 1973 ἡμᾶς
834 1902 914 1963 εἰς
950 1899 1176 1954 θάνατον
1221 1897 1481 1964 ἐξέθεντο,
1518 1916 1793 1970 καταφρο-

210 1998 467 2068 νήσαντες
505 1995 610 2065 τῆς
650 1994 751 2065 σῆς
796 1992 1146 2063 ἐντολῆς.Ἐκ
1178 1990 1287 2064 γὰρ
1316 1992 1574 2065 ἁηόμων,
1606 1993 1789 2063 φησὶν,

212 2088 421 2140 ὗπνων
447 2086 556 2156 ('50)
586 2083 774 2139 τέκνα
815 2082 1152 2153 γεννώμενα
1192 2080 1491 2152 μάρτυρές
1536 2084 1652 2136 εισι
1687 2098 1792 2134 πο·-

209 2176 429 2242 νηρίιις
469 2174 615 2230 κατὰ
657 2174 886 2245 γονέων
926 2175 995 2228 ἐν
1032 2173 1343 2244 ἐξετασμῷ
1384 2172 1646 2229 πιθανῶν
1689 2174 1794 2228 λό-

216 2286 354 2339 των.

1886 1899 2017 1939 suos
2046 1884 2324 1955 genitores
2347 1891 2708 1950 accusatum,
2737 1885 2906 1940 libere
2940 1884 3007 1938 ad
3033 1883 3242 1939 Christi
3279 1884 3461 1938 tribu-

1886 1977 1976 2031 nal
2006 1976 2276 2032 citarent?
2311 1976 2394 2031 Tu
2443 1977 2686 2047 quidem,
2742 1976 2990 2041 Domine,
3036 1978 3313 2048 inquiunt,
3349 1989 3461 2032 non

1886 2070 2130 2125 invidisti
2161 2069 2319 2124 nobis
2340 2085 2629 2125 commune
2655 2070 2760 2125 hoc
2801 2070 3017 2137 lumen;
3045 2071 3102 2124 hi
3144 2078 3325 2125 autem
3355 2086 3459 2126 nos

1887 2164 1944 2219 in
1977 2171 2207 2219 mortem
2240 2171 2637 2234 exposuerunt,
2673 2171 2987 2233 contempto
3020 2173 3117 2216 tuo
3175 2163 3457 2219 mandato.

1890 2255 1976 2310 Ex
1998 2256 2288 2328 illegitimis
2318 2259 2461 2312 enim
2490 2258 2711 2324 somnis,
2744 2257 2941 2329 inquit,
2970 2257 3076 2327 ﬁlii
3101 2258 3191 2329 qui
3222 2274 3459 2313 nascun-

1889 2362 1996 2418 tur,
2030 2362 2182 2407 testes
2207 2362 2329 2407 sunt
2373 2353 2617 2423 nequitia:
2647 2351 2895 2407 adversus
2939 2362 3181 2423 parentes
3213 2370 3267 2408 ιη
3297 2354 3463 2413 inter-

1884 2447 2155 2517 rogatione
2181 2445 2611 2516 persuasibilium
2642 2462 2943 2501 sermonum
2965 2447 3031 2503 ".

475 2606 613 2663 Car.
640 2604 757 2663 VII.
786 2606 983 2661 Anima
1013 2608 1298 2663 rationalis
1326 2609 1391 2662 ab
1414 2609 1529 2677 ipso
1550 2607 1682 2664 Deo.
1715 2607 1955 2666 Castitas
1986 2629 2090 2667 non
2128 2628 2236 2667 una
2264 2613 2421 2677 bona,
2454 2612 2555 2667 etsi
2579 2611 2766 2667 melior
2786 2620 2837 2666 et
2859 2610 3191 2669 honoratior.

268 2726 387 2781 Καὶ
416 2727 559 2799 τάχα
590 2729 691 2799 μὲν
722 2725 817 2783 οὖν
848 2728 912 2802 δὴ
954 2732 1137 2803 χώραν
1164 2730 1272 2797 ἕξει
1301 2731 1667 2802 πιθανολογῶν
1704 2750 1786 2799 τις

205 2824 258 2878 ἑν
300 2825 369 2878 οὐ
420 2828 692 2897 κριτικοῖς
732 2826 828 2881 καὶ
856 2827 1139 2899 φρονίμοις
1168 2828 1413 2899 ἀνδράσι,
1447 2827 1537 2882 τὸν
1584 2828 1786 2900 χιτῶνα

204 2918 296 2989 τῆς
326 2918 517 2989 ψυχῆς
544 2918 640 2972 τὸν
668 2920 923 2989 σάρκινον
959 2920 1150 2975 τοῦτον
1190 2920 1300 2973 ὑπὸ
1345 2919 1647 2993 ἀνθρώπων
1693 2939 1787 2992 φυ-

202 3015 499 3085 τευόμενον
525 3015 794 3086 αὐτοματὶ
831 3014 1166 3088 μορφοῦσθαι
1195 3015 1346 3088 παρὰ
1380 3015 1479 3087 τὴν
1512 3015 1783 3085 ἀπόφασιν

202 3107 291 3162 τοῦ
339 3107 483 3161 Θεοῦ
507 3125 522 3139 ⁸
559 3108 622 3162 οὐ
655 3107 762 3179 μὴν
792 3107 896 3179 ήδη
929 3108 1039 3179 (57)
1070 3107 1163 3162 καὶ
1194 3108 1291 3180 τῆς
1320 3107 1495 3182 ψυχῆς
1522 3107 1619 3181 τὴν
1647 3108 1781 3164 ἀθά-

1963 2733 2030 2789 Et
2064 2735 2244 2790 adhuc
2269 2734 2454 2790 locum
2484 2734 2707 2790 habebit
2741 2733 2942 2806 aliquis
2973 2735 3330 2806 probabiliter
3344 2733 3464 2793 dis-

1893 2827 2118 2901 putandi
2154 2825 2299 2899 apud
2332 2826 2617 2897 imperitos
2680 2835 2734 2882 et
2786 2825 3179 2897 imprudentes,
3214 2828 3459 2883 tunicam

1892 2917 2033 2972 hanc
2057 2918 2251 2972 animas
2293 2933 2571 2982 carneam,
2633 2916 2701 2971 ab
2743 2917 3061 2974 hominibus
3095 2927 3293 2985 satam,
3324 2935 3457 2975 casu

1892 3010 2116 3067 formari
2150 3018 2345 3083 praeter
2376 3010 2468 3067 Dei
2495 3009 2850 3077 sententiam;
2887 3010 3248 3068 immortalem
3274 3022 3459 3069 tamen

1888 3104 2054 3159 animi
2082 3103 2444 3159 substantiam
2490 3118 2615 3158 cum
2660 3104 2879 3159 mortali
2912 3119 2978 3160 ac
3014 3103 3193 3175 fragili
3230 3119 3460 3175 corpore

201 3220 361 3256 ναῖον
394 3201 585 3256 οὐσίαν
629 3200 766 3273 μετὰ
806 3198 901 3254 τοῦ
946 3200 1141 3273 θνητοῦ
1172 3201 1487 3273 σπείρεσθαι
1514 3202 1781 3258 διδάσκων

1891 3198 2145 3255 seminari
2188 3197 2283 3268 qui
2318 3198 2529 3263 doceat,
2578 3196 2734 3254 ﬁdem
2762 3213 2872 3253 non
2919 3197 3251 3253 merebitur:
3301 3196 3458 3265 Quod

204 3294 635 3365 πιστευθήσεται
668 3293 937 3367 σώματος.
971 3294 1043 3347 Τὸ
1070 3298 1088 3317 ⁹
1113 3295 1220 3367 γὰρ
1249 3295 1511 3351 ἀθάνατον
1541 3296 1632 3350 καὶ
1656 3296 1787 3369 ἀγή-

209 3404 304 3459 ρων
355 3387 524 3459 μόνος
553 3390 583 3441 ό
618 3386 1018 3459 Παντοκράτωρ
1053 3388 1271 3458 ὲμφυσᾷ
1309 3387 1459 3458 ἡμῖν,
1494 3388 1590 3442 καὶ
1629 3386 1788 3459 μόνος

207 3479 300 3532 τῶν
328 3478 589 3550 ἀοράτων
613 3478 730 3531 ἐστὶ
757 3477 852 3531 καὶ
874 3476 1176 3549 άνολὲθρων
1200 3479 1447 3550 ποιητής.
1466 3479 1785 3547 Ἐνεςρύση-

212 3584 275 3621 σε
313 3568 439 3638 γὰρ
470 3569 560 3633 εἰς
598 3567 662 3621 τὸ
691 3568 1015 3636 πρόσωπον
1041 3567 1227 3622 αὐτοῦ
1256 3567 1454 3636 πνοὴν
1482 3566 1650 3636 ζωῆς,
1687 3568 1785 3623 καί

211 3661 468 3731 ἐγένετο,
519 3661 704 3733 φησιν,
757 3664 790 3716 ό
832 3660 1138 3736 ἄνθρωπος
1189 3663 1275 3727 εις
1318 3660 1530 3731 ψυχὴν
1571 3660 1782 3722 ζῶσαν.

223 3753 442 3825 Ἀμέλει
484 3754 615 3818 τοὺς
658 3752 1003 3825 χειροτέχνας
1034 3751 1255 3817 τούτους
1296 3751 1625 3825 ἀντιώμενος
1646 3755 1676 3806 ὁ
1700 3752 1788 3806 λό-

210 3864 321 3915 γος,
356 3846 450 3899 ἐπὶ
475 3846 625 3919 λύμῃ
648 3845 757 3901 τῶν
783 3844 1083 3918 ἀνθρώπων
1125 3845 1194 3899 τὰ
1234 3845 1578 3916 ἀνδροείκελα
1620 3862 1789 3899 κατα-

216 3938 575 4004 σκευάζοντας
602 3938 913 4010 ἀγάλματα,
944 3939 1044 3993 οὐκ
1076 3938 1371 4008 αίσθόμενα
1396 3938 1487 3991 τὸν
1516 3937 1644 3991 ῐδιον
1670 3955 1789 3990 ποι-

215 4033 369 4103 ητὴν,
404 4033 462 4084 ἐν
492 4036 561 4103 τῇ
594 4032 888 4105 παναρέτῳ
911 4030 1078 4104 Σοφίᾳ
1112 4032 1243 4103 φησί
1267 4049 1281 4062 ·
1314 4031 1547 4099 Σποδὸς
1584 4034 1624 4102 ἠ
1651 4049 1790 4101 καρ-

218 4122 306 4178 δία
333 4121 559 4189 αὐτῶν,
586 4123 686 4177 καὶ
713 4122 825 4194 τῆς
848 4123 1239 4193 εὐτελεστέρα
1279 4125 1319 4192 ἡ
1362 4123 1540 4191 ἐλπὶς
1569 4123 1785 4193 αὐτῶν,

218 4217 412 4285 πηλοῦ
451 4234 518 4271 τε
550 4218 896 4286 ἀτιμότερος
937 4220 970 4271 ό
1000 4217 1142 4283 ,ϐίος
1173 4215 1397 4272 αὐτῶν
1438 4216 1527 4270 ὅτι
1567 4218 1787 4288 ἠγνόη-

219 4325 334 4362 σαν
368 4309 473 4363 τὸν
500 4307 826 4363 κλάσαντα
850 4309 1089 4376 αὐτοὺς,
1112 4309 1211 4364 καὶ
1243 4310 1349 4365 τὸν
1369 4310 1790 4379 ἐμπνεύσαντα

220 4401 423 4467 αὐτοῖς
454 4401 665 4471 ψυχὴν
685 4401 1074 4472 ἐνεργοῦσαν,
1091 4402 1188 4457 καί
1215 4401 1655 4472 ἐμφυσήσαντα
1681 4403 1789 4457 αὐ-

221 4492 349 4558 τοῖς
366 4494 592 4563 πνεῦμα
618 4492 879 4555 ζωτικόν.
896 4486 1066 4552 Οὗτός
1097 4494 1213 4548 ἑστι
1244 4493 1462 4550 πάντων
1489 4491 1790 4566 ἀνθρώπιον

1885 3292 2029 3348 enim
2058 3291 2249 3346 mortis
2282 3291 2528 3360 seniique
2550 3306 2746 3362 expers
2780 3298 2885 3356 est,
2914 3291 3065 3347 solus
3088 3291 3275 3363 utique
3298 3291 3459 3347 nobis

1886 3384 2120 3455 inspirat
2146 3382 2524 3454 Omnipotens,
2570 3384 2834 3455 solusque
2873 3384 3229 3440 invisibilium
3273 3384 3461 3440 incor-

1886 3477 2335 3548 ruptibiliumqne
2369 3484 2585 3532 creator
2611 3483 2713 3532 est.
2754 3476 3041 3548 Inspiravit
3062 3480 3229 3543 enim,
3254 3478 3456 3549 inquit,

1885 3572 1941 3625 in
1968 3570 2156 3641 faciem
2177 3570 2293 3641 ejus
2317 3570 2647 3642 spiraculum
2678 3572 2795 3626 vitae
2832 3587 2851 3625 :
2893 3580 2944 3627 et
2990 3573 3165 3642 factus
3197 3582 3274 3627 est
3303 3572 3458 3628 homo

1887 3665 1941 3717 in
1973 3663 2205 3716 animam
2231 3662 2480 3717 viventem
2508 3662 2572 3716 ”.
2605 3661 2852 3732 Denique
2902 3663 3143 3716 artiﬁces
3201 3662 3325 3718 illos
3380 3662 3461 3716 in-

1887 3770 2121 3825 crepans
2152 3753 2457 3826 Scriptura,
2486 3755 2577 3826 qui
2605 3754 2673 3809 ad
2698 3754 2979 3808 hominum
3016 3752 3312 3824 perniciem
3355 3753 3460 3807 hn-

1887 3864 2046 3903 snana
2065 3851 2237 3904 forma
2270 3857 2481 3905 statuas
2509 3849 2927 3911 concinnarent,
2962 3847 3114 3900 nullo
3141 3846 3263 3916 ejus
3290 3862 3454 3902 sensu

1889 3941 2163 4011 praeditas,
2215 3956 2326 4010 quo
2378 3950 2602 3995 auctore
2656 3938 2807 4003 ﬁant,
2861 3938 2918 3992 in
2969 3938 3110 3992 libro
3139 3938 3452 4009 Sapientiae.

1889 4032 2069 4088 omnis
2096 4034 2309 4089 scilicet
2356 4032 2580 4089 virtutis
2617 4031 2852 4097 ollicina,
2891 4033 2968 4086 ait
3013 4051 3026 4087 :
3069 4030 3216 4088 Cinis
3258 4046 3338 4089 est
3367 4050 3458 4088 sor

1888 4141 2089 4191 eorum,
2119 4136 2168 4181 et
2203 4135 2345 4180 terra
2374 4141 2696 4196 supervacua
2725 4140 2839 4194 spes
2857 4140 3055 4189 eorum,
3090 4133 3138 4178 et
3162 4125 3272 4180 luto
3301 4125 3458 4181 uilior

1890 4220 1997 4272 vita
2026 4234 2245 4273 eorum:
2277 4219 2528 4290 quoniam
2549 4218 2862 4289 ignorarunt
2891 4218 2983 4288 qui
3006 4234 3061 4272 se
3094 4219 3269 4287 ﬁnxit,
3298 4228 3349 4273 et
3367 4219 3459 4290 qui

1889 4311 2166 4381 inspiravit
2193 4312 2303 4367 illis
2329 4312 2564 4367 animam
2594 4327 2711 4382 qua:
2731 4318 3008 4380 operatur;
3051 4320 3098 4365 et
3122 4311 3211 4382 qui
3234 4312 3460 4384 insufﬂa-

1890 4405 1963 4460 uit
1996 4408 2069 4458 eis
2090 4404 2329 4471 spiritum
2366 4398 2574 4455 vitalem
2594 4402 2659 4455 ³⁸.
2683 4401 2780 4461 llic
2799 4410 3123 4461 cunctorum
3175 4405 3457 4461 hominum

1891 4497 2146 4552 conditor
2169 4502 2276 4559 est,
2298 4494 2464 4551 Deus.
2491 4493 2915 4567 Pr0ptereaque,
2956 4503 3015 4550 ut
3060 4497 3253 4552 scribit
3309 4496 3459 4567 Apo-

224 4584 468 4656 ωιητὴς,
505 4587 535 4639 ὁ
580 4586 735 4650 Θεός.
758 4585 854 4640 Διὸ
900 4586 994 4641 καὶ
1011 4583 1241 4652 πάντας
1254 4581 1621 4653 ἀνθρώπους,
1649 4586 1788 4642 κατά

1894 4584 2093 4655 stolus,
2139 4584 2273 4641 'Vult
2316 4602 2491 4641 omnes
2521 4587 2757 4642 homines
2784 4586 2958 4643 salsos
2994 4589 3135 4658 ﬁeri,
3160 4597 3209 4643 et
3226 4587 3295 4642 ad
3315 4590 3462 4659 agni-

222 4676 310 4729 τὸν
356 4677 693 4743 ’Δπόστολον,
735 4673 1023 4738 σώζεσθαι
1050 4674 1357 4741 βούλεται,
1394 4673 1493 4729 καὶ
1541 4677 1630 4743 εις
1655 4676 1786 4730 ἐπι-

230 4785 443 4837 τνωσιν
469 4770 758 4840 ἀληθείας
789 4768 1006 4826 ἐλθεῖν.
1041 4767 1152 4823 Καὶ
1200 4766 1385 4840 ἐπειδὴ
1431 4766 1589 4821 τοῦτο
1637 4767 1789 4840 μόλις

229 4860 371 4926 τέλος
405 4862 554 4935 ἔσχε,
584 4862 774 4917 λοιπὸν
799 4861 863 4933 δὴ
889 4860 959 4915 τά
993 4860 1133 4933 μετὰ
1149 4858 1320 4915 ταῦτα
1343 4859 1584 4915 λεκτέον.
1601 4859 1792 4915 Ὀπότ·

1894 4674 2084 4731 tionem
2103 4679 2340 4733 veritatis
2360 4678 2530 4734 venire
2543 4678 2611 4733 ³⁸⁵.
2636 4677 2702 4734 Et
2724 4679 2983 4751 quoniam
3002 4680 3105 4737 hoc
3129 4680 3217 4737 vix
3239 4679 3459 4735 tandem

1892 4778 2056 4839 caput
2087 4768 2484 4841 expedivimus.
2540 4787 2663 4842 qua:
2712 4780 3014 4843 supersunt
3067 4771 3328 4842 deinceps
3372 4770 3462 4826 di-

1896 4859 2072 4916 cenda
2105 4867 2255 4915 sunt.
2286 4859 2390 4916 Ubi
2414 4860 2559 4917 enim
2589 4861 2716 4933 quis
2749 4876 2939 4918 eorum
2978 4878 3101 4935 quae
3128 4878 3196 4919 ex
3224 4860 3463 4918 humana

294 5039 340 5073 ³⁷
365 5038 497 5111 Sep.
524 5056 601 5107 tv,
629 5040 685 5097 6.
761 5037 808 5073 "
834 5037 963 5098 Gen.
991 5038 1191 5107 it,7..”
1223 5036 1351 5107 Sep.
1402 5054 1494 5106 xv,
1550 5036 1640 5106 10,
1695 5039 1783 5096 Η.

1891 5040 1904 5072 ⁸
1947 5037 1979 5094 1
2030 5038 2166 5095 Tim.
2205 5054 2267 5106 ιι,
2324 5039 2378 5095 4.

283 5206 393 5277 (36)
408 5208 663 5260 ἰ’πνων.
688 5206 780 5261 Sic
798 5205 1021 5277 etVulg.
1043 5210 1349 5281 emendata,
1373 5225 1622 5281 cumpro
1644 5229 1782 5271 sam.

235 5276 308 5329 ius
332 5280 631 5347 irrepsisset
651 5293 850 5343 omnes,
874 5287 931 5330 ut
951 5276 1177 5333 testatur
1190 5276 1455 5335 Nobilius.
1481 5276 1774 5341 censeris.

297 5356 403 5434 (ἴδῃ
437 5358 522 5434 oe
543 5356 844 5434 pijniidn.
882 5356 1107 5434 Planum
1151 5370 1530 5434 argumentum
1584 5361 1791 5434 Metho-

231 5424 321 5480 dii;
347 5425 498 5500 _Etsi_
545 5424 762 5500 admitti
804 5424 979 5499 possit
1025 5424 1240 5500 corpus
1258 5432 1338 5486 sic
1367 5447 1398 5486 a
1444 5440 1640 5487 natura
1678 5433 1789 5486 lor-

233 5497 383 5571 mari,
413 5497 570 5571 yelut
592 5498 706 5553 fere
728 5499 783 5571 in
805 5497 1035 5569 reliquis
1065 5497 1456 5571 anitnantibus,
1499 5504 1548 5556 vi
1573 5503 1787 5560 scilicet

1892 5220 2013 5296 ejus
2040 5223 2131 5293 qui
2156 5226 2223 5280 de
2253 5238 2482 5295 corpore
2507 5223 2582 5279 ita
2608 5226 2810 5291 sentit,
2845 5223 3000 5296 quasi
3044 5225 3463 5293 arguatMetho-

1892 5291 2214 5367 diusnnum
2240 5311 2305 5367 ex
2335 5291 2509 5351 altero
2534 5297 2687 5367 sequi
2710 5315 2723 5361 ;
2745 5291 2888 5367 quod
2912 5302 3057 5367 esset
3083 5291 3459 5365 argumentum

1890 5377 1923 5417 a
1963 5364 2158 5419 minori
2188 5365 2252 5436 ad
2293 5366 2470 5435 majus
2488 5364 2776 5430 alltrinate,
2795 5366 3021 5436 proinde
3042 5364 3245 5423 nullius
3269 5383 3464 5426 conse-

1888 5436 2146 5504 quentiae.
2203 5434 2429 5498 Contra,
2486 5437 2614 5492 dato
2664 5434 2845 5506 priore
2898 5436 3162 5500 membro,
3230 5440 3461 5496 alterum

1888 5506 2037 5559 nulla
2070 5506 2468 5576 probabilitatis
2507 5508 2688 5576 specie
2719 5507 2839 5563 dari
2897 5523 3058 5577 posse
3093 5516 3186 5562 aut
3228 5508 3463 5577 admitti,

234 5566 459 5650 seminis
490 5587 521 5650 ξ.
539 5569 608 5623 de
653 5570 838 5650 animo
860 5566 1037 5650 tamen
1073 5566 1784 5650 qui_sit__itnin:ortalis,_qui
1884 5566 2104 5650 cgips'a
2137 5578 2215 5632 rei
2248 5578 2432 5650 indole
2456 5566 2661 5650 evincit
2689 5587 2745 5632 et
2775 5566 2936 5650 locis
2957 5576 3287 5650 scriptura}:
3318 5566 3464 5650 (ιυοᾶ

232 5636 619 5715 dicgt,_nql|ant
650 5639 810 5715 [idem
846 5642 1062 5715 mereri,
1090 5636 1192 5697 sed
1227 5657 1255 5696 a
1288 5641 1398 5715 Deo
1426 5636 1783 5715 apécwclieri

235 5716 283 5785 et
304 5707 438 5760 dari.
464 5707 755 5785 Possinius
778 5717 980 5785 tamen,
1014 5711 1359 5785 interrogate
1385 5707 1589 5785 legens.
1623 5707 1675 5770 id
1699 5715 1781 5769 al“-

1891 5649 2079 5719 utique
2110 5649 2291 5718 gravis
2338 5648 2577 5716 theologi
2632 5657 2738 5705 est.
2785 5648 2939 5719 Apud
2991 5648 3247 5705 Allatinm
3298 5648 3465 5709 etiam

1887 5718 2153 5793 particula
2184 5719 2580 5793 non_obrepsit,
2629 5718 2923 5793 mendout
2971 5720 3183 5793 videtur
3208 5727 3464 5793 typogra-

236 5774 405 5831 ﬁrmat
433 5781 575 5851 quod
612 5791 773 5854 negat
814 5779 1117 5841 Methodius
1155 5802 1168 5839 :
1221 5774 1532 5857 quanquam
1578 5774 1645 5842 ex
1676 5785 1780 5845 ﬁde
1883 5774 2200 5861 phicogqua
2227 5774 2496 5862 submota,
2523 5774 3001 5850 omniaconstant.
3032 5774 3111 5850 in.
