3964 6226
494 269 568 327 ιθ

1439 274 1495 330 s.
1539 272 1869 332 nemon"
1907 275 2216 333 EPISCOPI
2256 276 2340 333 ET
2378 260 2750 333 nan'rmts
3652 286 3705 342 σο

492 399 705 448 ratione
744 392 949 447 homini
996 392 1272 460 accidunt,
1311 396 1805 452 considerationem
1853 405 2025 452 natur:

2149 416 2214 453 αν
2266 400 2374 473 γάρ
2420 418 2501 465 τις
2546 399 2646 471 τὴν
2703 392 2925 473 θεωρίαν
2971 401 3075 455 τῶν
3127 400 3267 457 κατά
3309 402 3400 456 τὸν
3441 403 3706 478 ἄνθρωπον

488 481 631 538 duce
664 484 951 555 diligenter
971 484 1245 552 didicerit,
1266 503 1399 543 sane
1434 490 1644 543 noverit
1674 489 1818 543 haud
1852 491 2055 545 abomi-

2156 494 2557 565 συμϐαινόντων
2600 493 2742 548 κατά
2786 495 2945 565 φύσιν
2983 495 3223 567 ἀκριϐῶς
3253 498 3485 571 ἐκμάθῃ,
3520 498 3707 555 εἵσεται

486 577 726 631 naudam
750 578 1042 631 liberorum
1075 582 1528 648 procreationem,
1567 598 1690 637 cum
1751 590 1933 637 tamen
1962 597 2024 636 ca

2157 586 2231 658 μὴ
2266 585 2645 657 βδελύσσεσθαι
2687 587 3057 641 παιδοποιίανο
3090 590 3328 642 ἐπαινεῖν
3365 588 3420 641 δέ
3463 590 3553 643 καὶ
3588 608 3707 662 προ-

484 668 748 725 stimonia
778 668 971 737 majori
1005 670 1163 726 laude
1190 680 1353 742 atque
1377 673 1582 728 honore
1615 674 1923 754 corpuanda
1958 676 2048 731 sit.

481 753 672 825 Neque
710 757 854 812 enim
905 774 969 812 eo
998 760 1142 829 quod
1196 764 1303 817 mel
1349 765 1562 819 caeteris
1604 764 1821 820 dulcius
1852 772 1936 820 est
1985 780 2050 820 ac

482 847 728 913 suavius,
751 849 1013 903 continuo
1042 852 1248 921 reliqua
1279 869 1464 908 amara
1483 866 1740 925 reputare
1765 856 2047 922 convenit,

480 954 819 1011 quacunque
849 943 902 995 in
928 942 1196 999 fructibus
1221 945 1450 1013 jucundi
1483 949 1695 1017 saporis
1710 958 1918 1018 partem
1949 950 2050 1002 ali-

478 1047 642 1102 quam
704 1047 733 1085 a
785 1042 979 1088 natura
1027 1035 1220 1090 sortita
1266 1045 1411 1090 sunt.
1465 1037 1529 1090 Et
1587 1038 1781 1093 horum
1827 1040 2047 1109 quidem

479 1123 732 1179 idoneum
775 1135 968 1182 testem
1022 1128 1388 1198 producemus
1441 1130 1695 1195 Paulum,
1757 1133 1917 1202 cujus
1955 1134 2045 1188 illa

478 1226 607 1272 sunt
636 1236 649 1272 :
684 1218 788 1284 Qui
820 1221 1154 1274 matrimonio
1184 1222 1362 1292 jungit
1396 1224 1645 1294 virginem
1694 1242 1870 1289 suam,
1919 1227 2045 1281 bene

476 1309 642 1378 facit;
672 1320 720 1364 et
737 1312 825 1381 qui
843 1329 944 1367 non
961 1305 1159 1383 jungﬂ
1188 1315 1373 1369 melius
1398 1317 1525 1386 facit
1548 1319 1610 1372 ³¹.
1635 1318 1752 1372 Non
1775 1321 1920 1374 enim
1942 1322 2045 1375 sci-

474 1402 599 1455 licet
642 1402 694 1455 id
731 1404 1084 1474 proponendo
1128 1406 1273 1475 quod
1316 1408 1513 1464 melius
1563 1425 1626 1466 ac
1669 1411 1885 1467 dulcius
1934 1420 2040 1478 est,

474 1497 618 1550 aliud
652 1498 875 1553 omnino
911 1496 1195 1569 Scriptura
1227 1502 1501 1556 sublatum
1545 1504 1744 1571 voluit;
1791 1506 1886 1561 sed
1918 1509 2042 1562 uni-

473 1586 672 1654 cuique
701 1588 847 1655 quod
879 1591 1157 1659 proprium
1184 1600 1269 1647 est
1298 1608 1363 1647 ac
1390 1594 1542 1655 utile,
1569 1595 1915 1651 tribuendum
1945 1599 2042 1654 de-

472 1678 669 1732 cernit.
708 1677 845 1732 Sunt
866 1680 1065 1749 quibus
1098 1684 1340 1738 nundum
1374 1686 1650 1740 concessit
1682 1689 1844 1756 potiri
1877 1689 2041 1761 virgi-

2150 678 2313 747 τιμᾷν
2349 677 2589 745 ἁγνείαν.
2624 677 2755 731 Οὑδέ
2800 677 2928 749 γὰρ,
2967 679 3152 751 ἐπειδὴ
3192 679 3299 732 τῶν
3338 680 3508 734 ἀλλων
3535 680 3712 751 ήδύτε-

2153 768 2244 838 ρόν
2283 770 2396 823 ἐστι
2447 770 2538 823 καὶ
2590 771 3015 842 προσηνέστερον
3064 772 3123 824 τὸ
3173 772 3312 843 μέλι,
3341 772 3407 825 τὰ
3451 773 3615 826 λοιπά
3652 774 3707 847 δὴ

2148 857 2318 930 ταύτῃ
2348 857 2661 929 νομίζεσθαι
2695 861 2959 931 προσήκει
2994 860 3184 932 πικρὰ,
3227 861 3397 914 ὁπόσα
3436 862 3498 933 δὴ
3529 865 3595 933 τῇ
3627 865 3708 934 ἐμ·

2150 950 2302 1020 φύτῳ
2330 950 2600 1021 γλυκασία
2627 950 2954 1022 κεκέρασται
2993 951 3102 1005 τῶν
3121 951 3574 1024 ἀκροδρύων.Καὶ
3600 954 3711 1007 τού-

2146 1058 2253 1094 των
2305 1043 2403 1113 μὲν
2450 1043 2708 1113 ἐχέγγυον
2755 1045 3006 1116 μάρτυρα
3037 1043 3341 1116 παρέξομαι
3369 1044 3458 1099 τὸν
3487 1043 3708 1111 Παῦλον,

2150 1132 2325 1186 Ὥστε
2348 1132 2446 1185 καὶ
2475 1136 2507 1186 ό
2535 1132 2804 1202 γαμίζων,
2829 1133 3074 1203 λέγοντα,
3105 1133 3218 1201 τὴν
3254 1134 3470 1187 ἑαυτοῦ
3506 1134 3713 1202 παρθέ-

2145 1242 2276 1289 νον,
2296 1223 2492 1291 καλῶς
2509 1225 2689 1278 ποιεῖ·
2710 1226 2805 1279 καὶ
2830 1226 2955 1295 ὁμὴ
2977 1224 3227 1296 γαμίζων
3241 1224 3526 1293 κρεῖσσον
3541 1227 3707 1285 ποιεῖ.

2145 1318 2220 1371 Οὐ
2253 1317 2360 1390 γὰρ
2396 1317 2459 1389 δὴ
2490 1319 2554 1389 τῇ
2582 1317 2675 1371 τοῦ
2706 1319 3010 1390 κρείττονος
3040 1320 3133 1372 καὶ
3168 1318 3500 1391 γλυκυτέρου
3542 1337 3712 1391 παρα-

2144 1405 2288 1460 θέσει
2333 1408 2393 1461 τὸ
2442 1408 2626 1480 ἕτερον
2672 1409 2875 1463 ἀνεῖλεν
2904 1409 3277 1480 ἀπαγορεῦσαι
3318 1412 3346 1463 ό
3370 1409 3524 1481 λόγος
3552 1428 3566 1441 ·
3597 1410 3705 1464 ἀλλ’

2142 1497 2355 1569 ἑκάστῳ
2377 1499 2437 1552 τὸ
2464 1500 2658 1553 οἰκεῖον
2686 1500 2777 1553 καὶ
2807 1498 3077 1561 λυσιτελὲς
3108 1498 3402 1569 ἀπονέμειν
3426 1499 3707 1571 διαθεσμο-

2141 1589 2302 1645 θετεῖ.
2336 1591 2460 1655 Τοῖς
2510 1593 2606 1662 μὲν
2655 1592 2762 1663 γὰρ
2807 1591 3013 1644 οὐδέπω
3045 1590 3388 1662 συνεχώρησε
3422 1590 3715 1662 παρθενίας

2140 1685 2320 1752 τυχεῖν
2342 1700 2355 1713 °
2386 1685 2512 1747 τοὺς
2556 1683 2611 1736 δέ
2658 1685 2840 1737 οὐκέτι
2873 1682 3117 1752 βούλεται
3148 1682 3463 1755 χραίνεσθαι
3510 1700 3709 1751 φοινισ-

468 1770 640 1826 nitate
678 1790 690 1825 :
725 1781 854 1827 sunt
893 1790 1033 1843 quos
1076 1791 1187 1831 non
1220 1779 1455 1846 amplius
1479 1780 1881 1837 titillationibus
1913 1799 2025 1838 eru-

2143 1773 2398 1845 σομένους
2423 1774 2749 1845 ἐρεθισμοῖς,
2795 1775 2928 1828 ἀλλά
2960 1774 3185 1845 μελετᾷν
3237 1772 3561 1828 ἀπεντεῦθεν
3609 1773 3704 1845 ἤδη

469 1861 756 1919 bescentes
779 1866 1052 1935 inquinari
1074 1870 1358 1938 permittit,
1386 1871 1600 1939 sedjam
1621 1873 1745 1930 inde
1762 1876 2034 1943 meditari,

466 1958 835 2029 deincepsque
862 1962 1103 2032 cogitare
1133 1966 1270 2030 vult,
1302 1967 1560 2037 angelicae
1595 1970 1848 2041 puritatis
1868 1987 2038 2027 armu-

464 2047 574 2105 lam
610 2066 900 2121 corporum
943 2054 1515 2125 transformationem;
1552 2060 1642 2113 ubi
1675 2060 1830 2130 juxta
1870 2078 2036 2118 verax

464 2137 678 2194 Domini
713 2143 996 2197 oraculum
1025 2162 1038 2197 :
1074 2143 1196 2198 Non
1225 2145 1445 2211 nubunt,
1483 2165 1641 2219 neque
1663 2151 1930 2205 nubuntur
1964 2152 2031 2209 ³³.

462 2230 914 2304 Quandoquidem
960 2252 1070 2291 non
1116 2238 1372 2293 omnibus
1424 2240 1888 2298 incontaminatus
1916 2244 2028 2309 ille,

460 2331 515 2378 et
546 2341 654 2394 quo
678 2343 900 2398 regnum
935 2331 1198 2384 cmlorum
1225 2333 1531 2399 praebeatur
1553 2332 1618 2397 ³³,
1637 2335 2030 2392 eunuchismus

460 2402 704 2470 creditur
738 2437 751 2472 :
785 2418 880 2473 sed
911 2419 1020 2473 illis
1050 2418 1337 2484 duntaxat,
1380 2423 1472 2490 qui
1529 2430 1582 2476 et
1612 2438 1827 2494 semper
1857 2426 2032 2481 viren-

457 2517 565 2563 tem
619 2519 673 2565 et
719 2512 1207 2569 incontaminatum
1261 2515 1592 2586 virginitatis
1626 2518 1810 2572 florem
1848 2519 2030 2574 valent

457 2616 695 2655 servare.
725 2602 1141 2661 Florentissimo
1181 2608 1326 2662 cnim
1370 2617 1423 2662 et
1471 2610 1707 2664 maxime
1750 2611 2029 2681 variegato

454 2698 611 2763 prato
638 2696 943 2764 comparari
966 2696 1265 2753 Ecclesiam
1313 2699 1475 2755 habet
1513 2701 1865 2771 propheticus
1910 2719 2030 2759 ser-

452 2796 564 2843 mo,
599 2798 705 2837 non
730 2785 891 2839 modo
924 2788 1252 2858 virginitatis
1278 2789 1593 2845 distinctam
1621 2800 1675 2847 et
1706 2802 2025 2849 coronatam

454 2869 701 2939 ﬂoribus,
726 2878 822 2933 sed
849 2886 903 2934 et
930 2880 1173 2952 conjugii
1207 2889 1261 2937 ct
1284 2885 1658 2939 continentiae.
1710 2883 1775 2938 In
1799 2886 2027 2955 ﬁm’briis

449 2968 599 3023 enim
629 2970 805 3025 aureis
847 2975 1117 3043 variegata
1170 2983 1313 3028 astat
1348 2976 1528 3046 regina
1561 2994 1595 3029 a
1625 2978 1825 3031 dextris
1858 2992 2024 3048 spon-

450 3060 498 3115 si
530 3060 595 3116 ".

517 3151 643 3209 Haec
677 3156 787 3226 tibi
835 3174 935 3228 pro
975 3159 1182 3215 viribus
1210 3177 1311 3232 ego
1343 3161 1500 3225 meis,
1530 3177 1563 3215 ο
1586 3161 1767 3226 Arete,
1798 3162 2022 3221 confero

448 3242 517 3297 ad
568 3255 881 3317 susceptum
941 3266 1041 3320 pro
1092 3252 1321 3307 veritate
1365 3252 2025 3319 sermonem—Quibus

446 3350 478 3390 a
511 3336 812 3409 Theophila
843 3340 1027 3411 dictis,
1059 3344 1177 3401 lene
1209 3362 1238 3399 a
1272 3346 1489 3401 cunctis
1524 3346 1834 3417 virginibus
1856 3348 2027 3403 exsti-

445 3429 581 3485 tisse
612 3447 861 3487 murmur
891 3437 1149 3491 narrabat
1190 3436 1520 3508 Theopatra,
1562 3439 1670 3493 illis
1718 3455 2023 3495 sermonem

445 3520 815 3583 laudantibus.
851 3526 952 3583 Ubi
984 3537 1167 3584 autem
1199 3546 1464 3585 susurrus
1498 3531 1721 3600 quievit,
1753 3539 1877 3601 post
1905 3532 2027 3585 lon-

442 3630 571 3687 gum
613 3620 912 3687 silentium,
966 3623 1342 3678 assurrexisse
1391 3622 1642 3677 Thaliam
1698 3623 1768 3694 (ei
1824 3624 2023 3694 quippe

440 3710 607 3765 tertio
655 3712 775 3768 loco
828 3715 1144 3770 mandatum
1187 3723 1307 3771 erat
1348 3723 1472 3787 post
1502 3714 1858 3787 TheOphiiam
1891 3731 2023 3771 con-

441 3805 699 3879 certare).
753 3805 826 3862 Ea
884 3808 1051 3879 igitur
1082 3825 1318 3866 seouens
1370 3809 1499 3864 hinc
1539 3817 1594 3865 et
1658 3814 1777 3880 Ipsa
1825 3825 2020 3865 exorsa

440 3901 544 3951 est.

870 4064 1325 4220 dﬂA'l‘lO
1404 4131 1590 4217 III.

1088 4279 1362 4334 THALIA.

2140 1867 2231 1919 καὶ
2258 1865 2618 1935 φαντάζεσθαι
2652 1867 2750 1937 τὴν
2791 1866 3072 1935 ίσάγγελον
3107 1864 3578 1937 μεταστοιχείωσιν
3602 1866 3717 1921 τῶν

2139 1960 2404 2030 σωμάτων
2427 1976 2440 1989 ·
2468 1958 2593 2012 ἔνθα
2617 1959 2756 2012 οὔτε
2787 1958 3104 2028 γαμοῦσιν,
3129 1958 3267 2011 οὔτε
3292 1959 3705 2027 γαμίσκονται,

2135 2052 2273 2105 κατά
2306 2053 2431 2117 τοὺς
2470 2051 2715 2121 ἀψευδεῖς
2744 2051 2838 2105 τοῦ
2876 2051 3079 2123 Κυρίου
3108 2050 3417 2122 χρησμούς·
3450 2052 3568 2105 ἐπεὶ
3608 2068 3709 2122 μη-

2133 2144 2189 2198 δέ
2218 2146 2381 2197 πᾶσιν
2407 2146 2435 2197 ὁ
2464 2144 2761 2215 ἀμόλυντος
2794 2144 2885 2196 καὶ
2914 2143 3240 2214 παρεκτικὸς
3291 2144 3389 2214 τῆς
3437 2143 3712 2213 βασιλείας

2132 2235 2239 2289 τῶν
2271 2235 2511 2307 οὐρανῶν
2539 2236 2886 2306 εὐνουχισμὸς
2915 2234 3295 2306 ἐμπιστεύεται
3315 2251 3329 2264 ο
3360 2234 3493 2287 ἀλλά
3529 2235 3713 2306 μόνοις

2131 2326 2371 2396 δηλονότι
2404 2330 2516 2391 τοῖς
2559 2328 2652 2381 καὶ
2678 2328 2995 2398 δυναμένοις
3028 2328 3087 2380 τὸ
3125 2326 3371 2390 ἀειθαλὲς
3401 2327 3580 2392 ἄνθος,
3611 2329 3709 2381 καὶ

2130 2416 2395 2488 ἄχραντον
2439 2418 2539 2487 τῆς
2583 2417 2877 2489 παρθενίας
2907 2417 3549 2489 τηρῆσαι.Ἀνθηροτάτῳ
3595 2417 3706 2491 γάρ

2131 2510 2223 2562 καὶ
2256 2508 2630 2581 ποικιλωτάτῳ
2673 2509 2897 2580 λειμῶνι
2948 2507 3333 2574 ἀπεικάζεσθαι
3377 2509 3530 2579 λόγος
3585 2509 3702 2580 ἔχει

2130 2600 2463 2671 προφητικὸς
2491 2600 2591 2670 τὴν
2618 2601 2959 2671 Ἐκκλησίαν,
2977 2603 3033 2654 οὐ
3061 2601 3217 2672 μόνον
3237 2603 3347 2661 τοῖς
3360 2601 3457 2672 τῆς
3482 2600 3702 2669 ἁγνείας

2129 2692 2555 2764 πεποικιλμένην
2588 2694 2680 2747 καὶ
2710 2694 3152 2764 κατεστεμμένην
3181 2692 3417 2756 ἄνθεσιν,
3448 2691 3581 2746 ἀλλά
3607 2694 3703 2746 καὶ

2126 2787 2236 2847 τοῖς
2264 2782 2362 2856 τῆς
2393 2786 2735 2854 τεκνογονίας
2764 2785 2857 2839 καὶ
2901 2788 3012 2848 τοῖς
3044 2785 3390 2856 ἐγκρατείας.
3410 2785 3505 2837 Ἐν
3524 2797 3703 2851 κροσ-

2125 2876 2338 2943 σωτοῖς
2362 2876 2471 2949 γὰρ
2500 2879 2750 2946 χρυσοῖς
2786 2877 3215 2946 πεποικαῑμένη
3256 2876 3373 2930 ἀπὸ
3418 2874 3628 2941 δεξιῶν
3662 2876 3704 2945 ἡ

2119 2968 2465 3034 βασίλισσα
2493 2970 2847 3038 παρίσταται
2877 2968 2970 3022 τοῦ
3000 2969 3254 3040 νυμφίου.

2201 3155 2387 3212 Ταῦτά
2428 3175 2510 3211 σοι
2554 3159 2691 3212 κατὰ
2735 3157 2961 3229 δύναμιν
3004 3158 3158 3226 κάγὼ
3189 3157 3279 3211 τὸν
3332 3158 3606 3229 ἐμαυτῆς,
3656 3151 3707 3211 ὦ

2143 3249 2357 3322 Ἀρετὴ,
2392 3251 2472 3314 εὶς
2504 3250 2593 3303 τὸν
2624 3252 2749 3322 περὶ¹
2784 3250 2879 3321 τῆς
2912 3250 3168 3321 ἀληθείας
3211 3251 3585 3321 συμϐάλλομαι
3617 3248 3709 3303 λό-

2129 3358 2244 3411 γον.
2279 3341 2642 3411 -Είπούσης
2692 3341 2748 3394 δὲ
2782 3341 2955 3395 ταῦτα
2999 3342 3098 3411 τῆς
3137 3341 3427 3409 Θεοφίλας,
3473 3338 3707 3412 θόρυϐον

2125 3436 2256 3507 ἡδὺν
2288 3437 2351 3489 ἐκ
2387 3434 2573 3488 πασῶν
2606 3436 2639 3504 ἡ
2672 3433 2957 3503 Θεοπάτρα
2976 3432 3079 3503 ἔφη
3113 3434 3392 3502 γεγονέναι
3422 3434 3529 3487 τῶν
3560 3450 3710 3502 παρ-

2126 3528 2312 3590 θένων,
2341 3525 2673 3580 ἐπαινουσῶν
2706 3526 2796 3578 τδν
2826 3524 2999 3594 λόγον.
3038 3526 3125 3588 Ὠς
3153 3526 3208 3578 δὲ
3243 3526 3535 3598 ἡσύχασεν,
3572 3543 3709 3579 σιω-

2126 3620 2236 3691 πῆς
2266 3622 2357 3674 ἐπὶ
2400 3619 2533 3673 πολὺ
2575 3618 2903 3691 γενομένης,
2944 3620 3237 3689 ἀναστῆναι
3282 3619 3383 3690 τὴν
3427 3618 3659 3672 Θάλειαν
3686 3636 3716 3649 '-

2126 3713 2299 3787 ταύτῃ
2330 3713 2438 3785 γὰρ
2477 3713 2541 3765 ἐκ
2565 3712 2745 3783 τρίτου
2780 3710 3152 3782 ἐπετέτραπτο
3184 3711 3321 3782 μετά
3364 3711 3464 3782 τὴν
3500 3710 3707 3777 Θεοφί-

2127 3805 2224 3858 λαν
2271 3800 2651 3873 ἀγωνίζεσθαι.
2712 3800 3088 3855 Ὑπολαϐοὖσα
3148 3796 3243 3854 οὖν
3303 3800 3581 3865 ἐντεῦθεν,
3618 3799 3708 3867 ὡς

2124 3894 2295 3970 οἶμαι,
2324 3897 2425 3969 ἥδη
2453 3897 2543 3950 καὶ
2576 3895 2734 3967 αὐτή.

2040 4046 2108 4059 —

2642 4122 3001 4210 ΛΟΓΟΣ
3077 4123 3186 4209 Γ.

2763 4273 3030 4326 ΘΑΛΕΙΑ.

819 4392 949 4450 CAP.
983 4392 1025 4453 ι,
1052 4393 1224 4448 Locus
1252 4392 1505 4449 Geneseos
1539 4410 1598 4458 ιι,
1625 4395 1716 4459 23,
1751 4394 1842 4460 24,
1874 4410 1993 4448 cum
2032 4400 2179 4446 textu
2215 4389 2447 4444 Paulino
2490 4388 2680 4457 Eplies.
2712 4405 2766 4452 ν,
2801 4388 2997 4454 23-5-2,
3031 4388 3280 4442 collatus.

501 4506 629 4564 Mihi
679 4508 906 4576 videris,
960 4526 992 4565 ο
1031 4510 1353 4582 TheOphila,
1405 4519 1459 4567 et
1491 4513 1706 4567 actione
1740 4522 1793 4567 et
1825 4483 2009 4567 erudi-

2184 4508 2254 4561 Σύ
2289 4525 2376 4579 μοι
2409 4508 2605 4571 δοκεῖς,
2633 4501 2678 4561 ὧ
2707 4506 2964 4576 Θεοφίλα,
2991 4508 3116 4579 ἔφη,
3148 4510 3242 4563 καὶ
3272 4511 3337 4581 τῇ
3373 4507 3569 4581 πράξει
3594 4509 3705 4564 καὶ

430 4602 582 4658 tione
627 4605 845 4659 cunctis
900 4605 1234 4674 praecellere,
1288 4622 1388 4660 nec
1434 4604 1690 4675 cuiquam
1728 4605 2009 4675 sapientiae

430 4694 591 4749 laude
612 4694 825 4750 cedere.
855 4695 971 4750 Non
1003 4697 1148 4751 enim
1177 4708 1260 4752 est
1291 4698 1383 4768 qui
1414 4696 1811 4767 reprehendere
1838 4697 2009 4766 possit

426 4786 731 4842 orationem
760 4794 930 4853 tuam,
963 4792 1047 4844 vel
1079 4792 1125 4845 si
1155 4791 1532 4845 contentiosus
1554 4797 1607 4843 et
1629 4790 1882 4859 pervicax
1913 4789 2003 4844 sit.

434 4881 612 4938 Unum
636 4892 816 4939 tamen
842 4884 895 4937 in
915 4899 977 4938 ea
997 4899 1104 4946 me,
1131 4884 1252 4939 aliis
1280 4883 1539 4953 praeclare
1562 4882 1746 4944 dictis,
1769 4897 1801 4936 ο
1822 4883 2001 4945 beata,

427 4977 648 5031 videtur
682 4976 926 5037 turbare,
959 4990 1022 5029 ac
1051 4975 1208 5045 quasi
1244 4974 1445 5043 injecto
1484 4972 1742 5042 scrupulo
1777 4973 2003 5029 moleste

430 5065 652 5131 habere,
712 5067 838 5121 dum
888 5082 1102 5121 mecum
1157 5075 1371 5145 reputo,
1431 5063 1574 5118 haud
1636 5063 1837 5118 frustra
1891 5066 2003 5136 spi-

426 5159 533 5214 ritu
592 5160 967 5230 plenissimum
1023 5173 1087 5212 ac
1144 5158 1442 5227 sapientem
1499 5157 1712 5220 virum,
1770 5154 2000 5211 Paulum

424 5250 571 5313 dico,
616 5251 672 5304 in
711 5251 991 5307 Christum
1021 5259 1075 5306 et
1108 5249 1404 5304 Ecclesiam
1438 5250 1737 5305 relaturum
1770 5248 2003 5317 conjun-

2110 4601 2186 4672 τῷ
2214 4600 2356 4671 λόγῳ
2383 4600 2570 4655 πασῶν
2597 4600 2991 4669 κρατιστεύειν,
3022 4603 3117 4656 καὶ
3146 4603 3333 4673 σοφίας
3367 4602 3433 4655 τά
3459 4603 3701 4675 δεύτερα.

2110 4693 2370 4766 φέρεσθαι
2400 4694 2631 4757 οὐδενός.
2659 4693 2734 4747 Οὺ
2765 4693 2873 4765 γάρ
2904 4696 3051 4749 ἐστιν
3080 4696 3229 4758 ὅστις
3257 4695 3560 4749 αἰτιάσεταί
3587 4712 3692 4749 σου

2115 4788 2207 4841 τὸν
2245 4786 2419 4856 λόγον,
2450 4786 2554 4839 οὐδ’
2595 4789 2642 4839 εἰ
2673 4786 2985 4839 παντάπασι
3021 4785 3320 4854 φιλόνεικος
3354 4787 3436 4858 εἴη
3469 4787 3562 4841 καὶ
3590 4790 3698 4843 ἀν-

2108 4879 2397 4949 τιλογικός.
2430 4880 2576 4950 Πλὴν
2602 4879 2774 4932 ἐκεῖνό
2818 4896 2883 4949 με
2912 4879 3071 4950 μόνον
3095 4920 3112 4944 ,
3152 4878 3257 4933 τῶν
3294 4880 3465 4936 ἄλλων
3509 4881 3696 4953 ὀρθῶς

2109 4972 2436 5045 εἰρημένων,
2461 4966 2505 5025 ὦ
2539 4972 2803 5043 μακαρία,
2829 4971 2975 5024 δοκεῖ
2995 4972 3279 5043 ταράττειν
3306 4990 3365 5026 τε
3390 4976 3483 5027 καὶ
3501 4975 3693 5045 ἀνιᾷν,

2109 5066 2592 5137 ἀναλογιζομένην,
2624 5064 2699 5128 ὡς
2733 5065 2833 5117 οὐκ
2871 5063 2936 5118 ἂν
2961 5065 2990 5116 ό
3030 5063 3548 5135 πνευματικώτατος
3586 5082 3693 5120 σο-

2110 5160 2208 5227 φὸς
2237 5160 2395 5230 ἀνὴρ,
2440 5159 2531 5211 τὸν
2573 5157 2782 5211 Παῦλον
2821 5156 2996 5226 λέγω,
3023 5157 3263 5229 ματαίως
3303 5159 3568 5230 ἀνέφερεν
3602 5161 3699 5223 εἰς

2106 5252 2337 5322 Χριστὸν
2371 5250 2464 5305 καὶ
2497 5250 2594 5322 τὴν
2626 5251 2970 5321 Ἐκκλησίαν,
3024 5250 3120 5321 τὴν
3161 5249 3410 5323 σύνερξιν
3439 5252 3549 5323 (58)
3583 5250 3694 5306 τοῦ

491 5391 533 5421 ³¹
574 5390 605 5445 Ι
644 5390 770 5447 Cor.
811 5409 906 5455 vn,
948 5394 1037 5449 38.
1080 5393 1126 5425 “
1165 5391 1359 5448 Matth.
1403 5410 1533 5459 xxu,
1569 5395 1659 5452 50.
1736 5396 1780 5427 ³⁸
1812 5394 2005 5451 Matth.

2130 5413 2166 5461 ι,
2224 5396 2312 5452 19.
2391 5394 2437 5429 ³⁸
2482 5396 2628 5451 Psal.
2670 5411 2816 5459 κων,
2858 5395 2942 5450 10.

497 5524 607 5600 (58)
643 5527 762 5600 Τὴν
798 5532 1103 5600 σύνερξιν.
1143 5533 1305 5588 Malui
1346 5537 1583 5590 retinere
1625 5534 1749 5591 Vat.
1777 5551 1987 5600 vocem,

422 5597 567 5664 quod
592 5597 757 5676 etiam
788 5601 841 5654 in
867 5597 1088 5672 reliquis
1112 5608 1452 5676 postmodum
1487 5617 1778 5673 repetatur,
1813 5618 1865 5661 ut
1894 5597 1991 5676 ap;

424 5671 905 5759 PareatLglossema
933 5671 1054 5753 eSSe
1078 5671 1221 5754 quod
1251 5675 1411 5729 Allat.
1444 5684 1497 5731 et
1529 5671 1659 5759 Har.
1694 5678 1781 5759 hic
1809 5671 1992 5742 σύζευ-

420 5738 502 5804 ξιν
533 5738 732 5795 habent
760 5759 775 5796 :
804 5742 961 5813 quasi
989 5738 1250 5801 rariorem
1292 5762 1500 5816 vocem,
1545 5755 1602 5802 ut
1637 5749 1793 5818 solet,
1836 5738 1990 5807 cos:-

2098 5538 2347 5593 muniore
2396 5545 2690 5607 exponant.
2734 5537 2805 5591 Ea
2853 5538 3024 5592 utitur
3062 5537 3219 5590 Plato
3259 5537 3313 5589 in
3349 5550 3467 5589 eam
3498 5534 3691 5603 ipsam

2098 5624 2236 5673 rem,
2282 5624 2382 5679 pro
2424 5609 2523 5661 viri
2567 5618 2619 5661 et
2658 5611 2844 5664 uxoris
2885 5609 3039 5678 quasi
3075 5610 3127 5662 in
3166 5614 3397 5667 secreto,
3446 5609 3698 5679 copula-

2099 5680 2267 5734 tione.
2285 5675 2441 5749 ’ἔφεπε
2488 5680 2819 5749 nuptiarum
2848 5675 3164 5749 mysterium
3209 5684 3313 5749 est,
3348 5675 3492 5749 quod
3519 5675 3693 5745 Ἀρο-

2100 5751 2276 5808 stolus
2305 5742 2358 5805 in
2389 5742 2663 5807 Christum
2699 5759 2752 5807 et
2785 5742 3077 5806 EcclEsiam
3107 5742 3387 5804 transfert.
3426 5742 3679 5806 Causast.
