  <div class='ocr_page' id='page_1' title='image "/cluster/home/n/w/nwhite01/storage/ocr_20150623/18/hvd.32044073501207/036.png"; bbox 0 0 3964 6206; ppageno 0'>
   <div class='ocr_carea' id='block_1_1' title="bbox 247 282 1803 373">
    <p class='ocr_par' dir='ltr' id='par_1_1' title="bbox 247 282 1803 373">
     <span class='ocr_line' id='line_1_1' title="bbox 247 282 1803 373; baseline 0.004 -35"><span class='ocrx_word' id='word_1_1' title='bbox 247 282 306 373; x_wconf 62' lang='grc' dir='ltr'>ιι</span> <span class='ocrx_word' id='word_1_2' title='bbox 1299 283 1681 343; x_wconf 79' lang='lat' dir='ltr'><strong>CONVIVIUM</strong></span> <span class='ocrx_word' id='word_1_3' title='bbox 1721 289 1803 344; x_wconf 80' lang='lat' dir='ltr'><strong>DE</strong></span> 
     </span>
    </p>
   </div>
   <div class='ocr_carea' id='block_1_2' title="bbox 1906 282 3482 373">
    <p class='ocr_par' dir='ltr' id='par_1_2' title="bbox 1906 286 3482 347">
     <span class='ocr_line' id='line_1_2' title="bbox 1906 286 3482 347; baseline -0.003 0"><span class='ocrx_word' id='word_1_4' title='bbox 1906 291 1952 347; x_wconf 78' lang='grc' dir='ltr'><strong>Μ</strong></span> <span class='ocrx_word' id='word_1_5' title='bbox 1996 289 2330 346; x_wconf 80' lang='lat' dir='ltr'><strong>VIRGINUM</strong></span> <span class='ocrx_word' id='word_1_6' title='bbox 2341 331 2355 344; x_wconf 93' lang='lat'><strong>.</strong></span> <span class='ocrx_word' id='word_1_7' title='bbox 3405 286 3482 343; x_wconf 75' lang='lat'><strong>62</strong></span> 
     </span>
    </p>
   </div>
   <div class='ocr_carea' id='block_1_3' title="bbox 248 403 1803 482">
    <p class='ocr_par' dir='ltr' id='par_1_3' title="bbox 248 403 1803 482">
     <span class='ocr_line' id='line_1_3' title="bbox 248 403 1803 482; baseline 0.006 -25"><span class='ocrx_word' id='word_1_8' title='bbox 248 403 664 475; x_wconf 74' lang='grc' dir='ltr'>πρωτοπλάστου</span> <span class='ocrx_word' id='word_1_9' title='bbox 696 403 792 456; x_wconf 75' lang='grc' dir='ltr'><strong>καὶ</strong></span> <span class='ocrx_word' id='word_1_10' title='bbox 820 404 922 474; x_wconf 80' lang='grc' dir='ltr'>τῆς</span> <span class='ocrx_word' id='word_1_11' title='bbox 950 405 1226 473; x_wconf 81' lang='grc' dir='ltr'>γυναικὸς,</span> <span class='ocrx_word' id='word_1_12' title='bbox 1266 410 1313 461; x_wconf 80' lang='grc' dir='ltr'><strong>εί</strong></span> <span class='ocrx_word' id='word_1_13' title='bbox 1352 410 1517 480; x_wconf 80' lang='grc' dir='ltr'>μηδὲν</span> <span class='ocrx_word' id='word_1_14' title='bbox 1552 411 1803 482; x_wconf 66' lang='grc' dir='ltr'>ὑψηλότε-</span> 
     </span>
    </p>
   </div>
   <div class='ocr_carea' id='block_1_4' title="bbox 1906 403 3481 482">
    <p class='ocr_par' dir='ltr' id='par_1_4' title="bbox 1916 407 3481 482">
     <span class='ocr_line' id='line_1_4' title="bbox 1916 407 3481 482; baseline -0.003 -15"><span class='ocrx_word' id='word_1_15' title='bbox 1916 413 2147 467; x_wconf 90' lang='lat' dir='ltr'><strong>ctionem</strong></span> <span class='ocrx_word' id='word_1_16' title='bbox 2173 412 2332 482; x_wconf 83' lang='lat' dir='ltr'><strong>primi</strong></span> <span class='ocrx_word' id='word_1_17' title='bbox 2359 411 2594 465; x_wconf 84' lang='lat' dir='ltr'><strong>hominis</strong></span> <span class='ocrx_word' id='word_1_18' title='bbox 2622 425 2687 466; x_wconf 89' lang='lat' dir='ltr'><strong>ac</strong></span> <span class='ocrx_word' id='word_1_19' title='bbox 2706 408 2950 464; x_wconf 81' lang='lat' dir='ltr'><strong>mulieris</strong></span> <span class='ocrx_word' id='word_1_20' title='bbox 2972 408 3041 471; x_wconf 74' lang='lat'><strong>&quot;,</strong></span> <span class='ocrx_word' id='word_1_21' title='bbox 3068 408 3113 463; x_wconf 88' lang='lat' dir='ltr'><strong>si</strong></span> <span class='ocrx_word' id='word_1_22' title='bbox 3146 407 3280 462; x_wconf 84' lang='lat' dir='ltr'><strong>nihil</strong></span> <span class='ocrx_word' id='word_1_23' title='bbox 3307 407 3481 463; x_wconf 85' lang='lat' dir='ltr'><strong>subli-</strong></span> 
     </span>
    </p>
   </div>
   <div class='ocr_carea' id='block_1_5' title="bbox 253 493 1816 575">
    <p class='ocr_par' dir='ltr' id='par_1_5' title="bbox 253 493 1816 575">
     <span class='ocr_line' id='line_1_5' title="bbox 253 493 1816 575; baseline 0.006 -27"><span class='ocrx_word' id='word_1_24' title='bbox 253 511 348 567; x_wconf 82' lang='grc' dir='ltr'><strong>ρον</strong></span> <span class='ocrx_word' id='word_1_25' title='bbox 374 493 696 565; x_wconf 72' lang='grc' dir='ltr'>ἐφαντάζετο</span> <span class='ocrx_word' id='word_1_26' title='bbox 728 494 839 547; x_wconf 85' lang='grc' dir='ltr'><strong>τῶν</strong></span> <span class='ocrx_word' id='word_1_27' title='bbox 874 496 1051 567; x_wconf 79' lang='grc' dir='ltr'>ῥητῶν</span> <span class='ocrx_word' id='word_1_28' title='bbox 1079 499 1173 551; x_wconf 77' lang='grc' dir='ltr'><strong>καὶ</strong></span> <span class='ocrx_word' id='word_1_29' title='bbox 1203 499 1302 569; x_wconf 86' lang='grc' dir='ltr'><strong>τῆς</strong></span> <span class='ocrx_word' id='word_1_30' title='bbox 1335 502 1572 573; x_wconf 81' lang='grc' dir='ltr'><strong>ἱστορίας</strong></span> <span class='ocrx_word' id='word_1_31' title='bbox 1609 507 1642 574; x_wconf 82' lang='grc' dir='ltr'>ἡ</span> <span class='ocrx_word' id='word_1_32' title='bbox 1676 506 1816 575; x_wconf 87' lang='grc' dir='ltr'>Γρα-</span> 
     </span>
    </p>
   </div>
   <div class='ocr_carea' id='block_1_6' title="bbox 250 585 1812 666">
    <p class='ocr_par' dir='ltr' id='par_1_6' title="bbox 250 585 1812 666">
     <span class='ocr_line' id='line_1_6' title="bbox 250 585 1812 666; baseline 0.008 -30"><span class='ocrx_word' id='word_1_33' title='bbox 250 587 341 656; x_wconf 54' lang='lat' dir='ltr'><strong>ei}.</strong></span> <span class='ocrx_word' id='word_1_34' title='bbox 372 587 432 638; x_wconf 81' lang='lat' dir='ltr'><strong>El</strong></span> <span class='ocrx_word' id='word_1_35' title='bbox 461 585 567 657; x_wconf 73' lang='grc' dir='ltr'>γὰρ</span> <span class='ocrx_word' id='word_1_36' title='bbox 602 586 740 650; x_wconf 77' lang='grc' dir='ltr'>ὅλως</span> <span class='ocrx_word' id='word_1_37' title='bbox 767 589 848 650; x_wconf 76' lang='grc' dir='ltr'>εἰς</span> <span class='ocrx_word' id='word_1_38' title='bbox 879 590 970 640; x_wconf 87' lang='grc' dir='ltr'><strong>τὸν</strong></span> <span class='ocrx_word' id='word_1_39' title='bbox 993 591 1119 660; x_wconf 70' lang='grc' dir='ltr'>περὶ</span> <span class='ocrx_word' id='word_1_40' title='bbox 1153 590 1515 656; x_wconf 77' lang='grc' dir='ltr'>συνελεύσεως</span> <span class='ocrx_word' id='word_1_41' title='bbox 1539 594 1728 666; x_wconf 83' lang='grc' dir='ltr'>ἀνδρός</span> <span class='ocrx_word' id='word_1_42' title='bbox 1754 612 1812 650; x_wconf 88' lang='grc' dir='ltr'><strong>τε</strong></span> 
     </span>
    </p>
   </div>
   <div class='ocr_carea' id='block_1_7' title="bbox 248 677 1814 758">
    <p class='ocr_par' dir='ltr' id='par_1_7' title="bbox 248 677 1814 758">
     <span class='ocr_line' id='line_1_7' title="bbox 248 677 1814 758; baseline 0.007 -28"><span class='ocrx_word' id='word_1_43' title='bbox 248 677 337 730; x_wconf 78' lang='grc' dir='ltr'>καὶ</span> <span class='ocrx_word' id='word_1_44' title='bbox 366 678 623 744; x_wconf 73' lang='grc' dir='ltr'>γυναικὸς</span> <span class='ocrx_word' id='word_1_45' title='bbox 665 679 746 731; x_wconf 86' lang='grc' dir='ltr'><strong>δεῖ</strong></span> <span class='ocrx_word' id='word_1_46' title='bbox 783 680 1303 752; x_wconf 79' lang='grc' dir='ltr'>παραλαμϐάνεσθαι</span> <span class='ocrx_word' id='word_1_47' title='bbox 1332 682 1498 737; x_wconf 79' lang='grc' dir='ltr'>τύπον</span> <span class='ocrx_word' id='word_1_48' title='bbox 1521 684 1691 753; x_wconf 78' lang='grc' dir='ltr'>ψιλῶς</span> <span class='ocrx_word' id='word_1_49' title='bbox 1716 687 1814 758; x_wconf 84' lang='grc' dir='ltr'>τὴν</span> 
     </span>
    </p>
   </div>
   <div class='ocr_carea' id='block_1_8' title="bbox 238 768 1814 842">
    <p class='ocr_par' dir='ltr' id='par_1_8' title="bbox 238 768 1814 842">
     <span class='ocr_line' id='line_1_8' title="bbox 238 768 1814 842; baseline 0.008 -23"><span class='ocrx_word' id='word_1_50' title='bbox 238 768 281 820; x_wconf 83' lang='grc' dir='ltr'><strong>Γ</strong></span> <span class='ocrx_word' id='word_1_51' title='bbox 286 769 495 839; x_wconf 69' lang='grc' dir='ltr'>ραςρὴν,</span> <span class='ocrx_word' id='word_1_52' title='bbox 533 769 677 832; x_wconf 83' lang='grc' dir='ltr'>τίνος</span> <span class='ocrx_word' id='word_1_53' title='bbox 712 770 778 841; x_wconf 82' lang='grc' dir='ltr'>δὴ</span> <span class='ocrx_word' id='word_1_54' title='bbox 822 772 981 842; x_wconf 78' lang='grc' dir='ltr'>χάριν</span> <span class='ocrx_word' id='word_1_55' title='bbox 1006 778 1034 826; x_wconf 88' lang='grc' dir='ltr'><strong>ὁ</strong></span> <span class='ocrx_word' id='word_1_56' title='bbox 1074 774 1411 840; x_wconf 80' lang='grc' dir='ltr'>Ἀπόστολος,</span> <span class='ocrx_word' id='word_1_57' title='bbox 1454 777 1655 831; x_wconf 80' lang='grc' dir='ltr'>τούτων</span> <span class='ocrx_word' id='word_1_58' title='bbox 1692 781 1814 831; x_wconf 69' lang='grc' dir='ltr'>ἐπιε-</span> 
     </span>
    </p>
   </div>
   <div class='ocr_carea' id='block_1_9' title="bbox 244 861 1810 939">
    <p class='ocr_par' dir='ltr' id='par_1_9' title="bbox 244 861 1810 939">
     <span class='ocr_line' id='line_1_9' title="bbox 244 861 1810 939; baseline 0.006 -27"><span class='ocrx_word' id='word_1_59' title='bbox 244 861 526 931; x_wconf 70' lang='grc' dir='ltr'>μνησθεὶς,</span> <span class='ocrx_word' id='word_1_60' title='bbox 558 864 653 914; x_wconf 79' lang='grc' dir='ltr'><strong>καὶ</strong></span> <span class='ocrx_word' id='word_1_61' title='bbox 696 865 776 926; x_wconf 83' lang='grc' dir='ltr'><strong>είς</strong></span> <span class='ocrx_word' id='word_1_62' title='bbox 797 865 897 934; x_wconf 78' lang='grc' dir='ltr'>τὴν</span> <span class='ocrx_word' id='word_1_63' title='bbox 931 864 1021 917; x_wconf 80' lang='grc' dir='ltr'>τοῦ</span> <span class='ocrx_word' id='word_1_64' title='bbox 1063 866 1377 937; x_wconf 84' lang='grc' dir='ltr'>Πνεύματος</span> <span class='ocrx_word' id='word_1_65' title='bbox 1419 870 1594 938; x_wconf 79' lang='grc' dir='ltr'>ἡμᾶς,</span> <span class='ocrx_word' id='word_1_66' title='bbox 1637 866 1810 939; x_wconf 80' lang='grc' dir='ltr'>οἶμαι,</span> 
     </span>
    </p>
   </div>
   <div class='ocr_carea' id='block_1_10' title="bbox 238 954 1812 1033">
    <p class='ocr_par' dir='ltr' id='par_1_10' title="bbox 238 954 1812 1033">
     <span class='ocr_line' id='line_1_10' title="bbox 238 954 1812 1033; baseline 0.005 -26"><span class='ocrx_word' id='word_1_67' title='bbox 238 954 597 1026; x_wconf 73' lang='grc' dir='ltr'><strong>χειραγωγῶν</strong></span> <span class='ocrx_word' id='word_1_68' title='bbox 643 954 789 1020; x_wconf 75' lang='grc' dir='ltr'>ὁδὸν,</span> <span class='ocrx_word' id='word_1_69' title='bbox 837 957 917 1020; x_wconf 80' lang='grc' dir='ltr'>εἰς</span> <span class='ocrx_word' id='word_1_70' title='bbox 963 956 1196 1028; x_wconf 75' lang='grc' dir='ltr'>Χριστὸν</span> <span class='ocrx_word' id='word_1_71' title='bbox 1225 961 1317 1013; x_wconf 76' lang='grc' dir='ltr'><strong>καὶ</strong></span> <span class='ocrx_word' id='word_1_72' title='bbox 1361 961 1441 1024; x_wconf 85' lang='grc' dir='ltr'>εἰς</span> <span class='ocrx_word' id='word_1_73' title='bbox 1488 961 1812 1033; x_wconf 81' lang='grc' dir='ltr'><strong>Ἐκκλησίαν</strong></span> 
     </span>
    </p>
   </div>
   <div class='ocr_carea' id='block_1_11' title="bbox 238 1046 1811 1122">
    <p class='ocr_par' dir='ltr' id='par_1_11' title="bbox 238 1046 1811 1122">
     <span class='ocr_line' id='line_1_11' title="bbox 238 1046 1811 1122; baseline 0.004 -22"><span class='ocrx_word' id='word_1_74' title='bbox 238 1046 564 1117; x_wconf 65' lang='grc' dir='ltr'>ἀναφέρων,</span> <span class='ocrx_word' id='word_1_75' title='bbox 616 1046 906 1120; x_wconf 84' lang='grc' dir='ltr'>ἀλληγορεῖ</span> <span class='ocrx_word' id='word_1_76' title='bbox 953 1052 1020 1101; x_wconf 75' lang='grc' dir='ltr'>τὰ</span> <span class='ocrx_word' id='word_1_77' title='bbox 1060 1049 1201 1103; x_wconf 70' lang='grc' dir='ltr'>κατὰ</span> <span class='ocrx_word' id='word_1_78' title='bbox 1260 1050 1359 1122; x_wconf 82' lang='grc' dir='ltr'><strong>τὴν</strong></span> <span class='ocrx_word' id='word_1_79' title='bbox 1395 1051 1536 1105; x_wconf 68' lang='grc' dir='ltr'><strong>Εὔαν</strong></span> <span class='ocrx_word' id='word_1_80' title='bbox 1583 1054 1678 1107; x_wconf 76' lang='grc' dir='ltr'><strong>καὶ</strong></span> <span class='ocrx_word' id='word_1_81' title='bbox 1722 1054 1811 1108; x_wconf 83' lang='grc' dir='ltr'>τὸν</span> 
     </span>
    </p>
   </div>
   <div class='ocr_carea' id='block_1_12' title="bbox 252 1141 463 1211">
    <p class='ocr_par' dir='ltr' id='par_1_12' title="bbox 252 1141 463 1211">
     <span class='ocr_line' id='line_1_12' title="bbox 252 1141 463 1211; baseline 0.005 -17"><span class='ocrx_word' id='word_1_82' title='bbox 252 1141 428 1211; x_wconf 73' lang='grc' dir='ltr'>Ἀδάμ</span> <span class='ocrx_word' id='word_1_83' title='bbox 449 1158 463 1205; x_wconf 86' lang='grc'>;</span> 
     </span>
    </p>
   </div>
   <div class='ocr_carea' id='block_1_13' title="bbox 320 1235 1809 1310">
    <p class='ocr_par' dir='ltr' id='par_1_13' title="bbox 320 1235 1809 1310">
     <span class='ocr_line' id='line_1_13' title="bbox 320 1235 1809 1310; baseline 0.003 -22"><span class='ocrx_word' id='word_1_84' title='bbox 320 1236 384 1288; x_wconf 83' lang='grc' dir='ltr'><strong>Ἠ</strong></span> <span class='ocrx_word' id='word_1_85' title='bbox 418 1237 517 1307; x_wconf 82' lang='grc' dir='ltr'>μὲν</span> <span class='ocrx_word' id='word_1_86' title='bbox 551 1235 659 1308; x_wconf 75' lang='grc' dir='ltr'><strong>γὰρ</strong></span> <span class='ocrx_word' id='word_1_87' title='bbox 691 1235 835 1303; x_wconf 80' lang='grc' dir='ltr'><strong>λέξις</strong></span> <span class='ocrx_word' id='word_1_88' title='bbox 874 1236 973 1307; x_wconf 82' lang='grc' dir='ltr'>τῆς</span> <span class='ocrx_word' id='word_1_89' title='bbox 1018 1237 1288 1301; x_wconf 83' lang='grc' dir='ltr'>Γενέσεως</span> <span class='ocrx_word' id='word_1_90' title='bbox 1323 1236 1463 1292; x_wconf 71' lang='grc' dir='ltr'>οὕτω</span> <span class='ocrx_word' id='word_1_91' title='bbox 1492 1240 1654 1310; x_wconf 80' lang='grc' dir='ltr'>φησί·</span> <span class='ocrx_word' id='word_1_92' title='bbox 1698 1239 1809 1293; x_wconf 78' lang='grc' dir='ltr'><strong>Καὶ</strong></span> 
     </span>
    </p>
   </div>
   <div class='ocr_carea' id='block_1_14' title="bbox 229 1324 1812 1399">
    <p class='ocr_par' dir='ltr' id='par_1_14' title="bbox 229 1324 1812 1399">
     <span class='ocr_line' id='line_1_14' title="bbox 229 1324 1812 1399; baseline 0.003 -17"><span class='ocrx_word' id='word_1_93' title='bbox 229 1324 404 1382; x_wconf 72' lang='grc' dir='ltr'>εἶπεν</span> <span class='ocrx_word' id='word_1_94' title='bbox 440 1333 473 1382; x_wconf 88' lang='grc' dir='ltr'><strong><em>ό</em></strong></span> <span class='ocrx_word' id='word_1_95' title='bbox 506 1330 676 1399; x_wconf 53' lang='grc' dir='ltr'><strong>Ἀδάμ</strong></span> <span class='ocrx_word' id='word_1_96' title='bbox 697 1347 710 1360; x_wconf 91' lang='grc'><strong>·</strong></span> <span class='ocrx_word' id='word_1_97' title='bbox 758 1331 934 1384; x_wconf 80' lang='grc' dir='ltr'>Τοῦτο</span> <span class='ocrx_word' id='word_1_98' title='bbox 962 1331 1077 1385; x_wconf 80' lang='grc' dir='ltr'><em>νῦν</em></span> <span class='ocrx_word' id='word_1_99' title='bbox 1102 1332 1325 1386; x_wconf 77' lang='grc' dir='ltr'><strong>ὀστοῦν</strong></span> <span class='ocrx_word' id='word_1_100' title='bbox 1345 1333 1412 1386; x_wconf 79' lang='grc' dir='ltr'>ἐκ</span> <span class='ocrx_word' id='word_1_101' title='bbox 1446 1332 1562 1386; x_wconf 76' lang='grc' dir='ltr'><strong>τῶν</strong></span> <span class='ocrx_word' id='word_1_102' title='bbox 1588 1333 1812 1387; x_wconf 69' lang='grc' dir='ltr'>ὀστέων</span> 
     </span>
    </p>
   </div>
   <div class='ocr_carea' id='block_1_15' title="bbox 222 1421 1812 1493">
    <p class='ocr_par' dir='ltr' id='par_1_15' title="bbox 222 1421 1812 1493">
     <span class='ocr_line' id='line_1_15' title="bbox 222 1421 1812 1493; baseline 0.002 -19"><span class='ocrx_word' id='word_1_103' title='bbox 222 1439 368 1490; x_wconf 81' lang='grc' dir='ltr'>μου,</span> <span class='ocrx_word' id='word_1_104' title='bbox 404 1422 502 1474; x_wconf 76' lang='grc' dir='ltr'>καὶ</span> <span class='ocrx_word' id='word_1_105' title='bbox 534 1424 693 1491; x_wconf 76' lang='grc' dir='ltr'>σὰρξ</span> <span class='ocrx_word' id='word_1_106' title='bbox 724 1423 792 1475; x_wconf 80' lang='grc' dir='ltr'>ἐκ</span> <span class='ocrx_word' id='word_1_107' title='bbox 832 1421 937 1490; x_wconf 80' lang='grc' dir='ltr'>τῆς</span> <span class='ocrx_word' id='word_1_108' title='bbox 966 1424 1193 1491; x_wconf 78' lang='grc' dir='ltr'>σαρκός</span> <span class='ocrx_word' id='word_1_109' title='bbox 1215 1442 1365 1493; x_wconf 84' lang='grc' dir='ltr'><strong>μου·</strong></span> <span class='ocrx_word' id='word_1_110' title='bbox 1411 1425 1559 1492; x_wconf 87' lang='grc' dir='ltr'>αὕτη</span> <span class='ocrx_word' id='word_1_111' title='bbox 1592 1424 1812 1493; x_wconf 80' lang='grc' dir='ltr'>κληθή-</span> 
     </span>
    </p>
   </div>
   <div class='ocr_carea' id='block_1_16' title="bbox 229 1514 1811 1587">
    <p class='ocr_par' dir='ltr' id='par_1_16' title="bbox 229 1514 1811 1587">
     <span class='ocr_line' id='line_1_16' title="bbox 229 1514 1811 1587; baseline 0.006 -23"><span class='ocrx_word' id='word_1_112' title='bbox 229 1528 403 1566; x_wconf 84' lang='grc' dir='ltr'>σεται</span> <span class='ocrx_word' id='word_1_113' title='bbox 442 1514 624 1582; x_wconf 69' lang='grc' dir='ltr'>γυνὴ,</span> <span class='ocrx_word' id='word_1_114' title='bbox 669 1515 757 1568; x_wconf 80' lang='grc' dir='ltr'>ὅτι</span> <span class='ocrx_word' id='word_1_115' title='bbox 801 1517 870 1569; x_wconf 81' lang='grc' dir='ltr'>ἐκ</span> <span class='ocrx_word' id='word_1_116' title='bbox 910 1516 1017 1570; x_wconf 88' lang='grc' dir='ltr'>τοῦ</span> <span class='ocrx_word' id='word_1_117' title='bbox 1067 1517 1285 1586; x_wconf 80' lang='grc' dir='ltr'>ἀνδρὸς</span> <span class='ocrx_word' id='word_1_118' title='bbox 1328 1517 1512 1586; x_wconf 82' lang='grc' dir='ltr'>αὐτῆς</span> <span class='ocrx_word' id='word_1_119' title='bbox 1553 1518 1811 1587; x_wconf 72' lang='grc' dir='ltr'>ἐλήφθη.</span> 
     </span>
    </p>
   </div>
   <div class='ocr_carea' id='block_1_17' title="bbox 232 1604 1810 1677">
    <p class='ocr_par' dir='ltr' id='par_1_17' title="bbox 232 1604 1810 1677">
     <span class='ocr_line' id='line_1_17' title="bbox 232 1604 1810 1677; baseline 0.004 -22"><span class='ocrx_word' id='word_1_120' title='bbox 232 1604 490 1656; x_wconf 72' lang='grc' dir='ltr'>Ἕνεκεν</span> <span class='ocrx_word' id='word_1_121' title='bbox 514 1606 728 1659; x_wconf 79' lang='grc' dir='ltr'>τούτου</span> <span class='ocrx_word' id='word_1_122' title='bbox 756 1609 1104 1676; x_wconf 68' lang='grc' dir='ltr'><strong>καταλείψει</strong></span> <span class='ocrx_word' id='word_1_123' title='bbox 1139 1608 1442 1676; x_wconf 77' lang='grc' dir='ltr'>ἅνθρωπος</span> <span class='ocrx_word' id='word_1_124' title='bbox 1463 1609 1567 1662; x_wconf 80' lang='grc' dir='ltr'><strong>τὸν</strong></span> <span class='ocrx_word' id='word_1_125' title='bbox 1587 1609 1810 1677; x_wconf 79' lang='grc' dir='ltr'><strong>πατέρα</strong></span> 
     </span>
    </p>
   </div>
   <div class='ocr_carea' id='block_1_18' title="bbox 229 1695 1811 1769">
    <p class='ocr_par' dir='ltr' id='par_1_18' title="bbox 229 1695 1811 1769">
     <span class='ocr_line' id='line_1_18' title="bbox 229 1695 1811 1769; baseline 0.005 -21"><span class='ocrx_word' id='word_1_126' title='bbox 229 1695 420 1748; x_wconf 79' lang='grc' dir='ltr'><strong>αὐτοῦ</strong></span> <span class='ocrx_word' id='word_1_127' title='bbox 472 1697 569 1749; x_wconf 79' lang='grc' dir='ltr'>καὶ</span> <span class='ocrx_word' id='word_1_128' title='bbox 618 1695 731 1764; x_wconf 77' lang='grc' dir='ltr'><strong>τὴν</strong></span> <span class='ocrx_word' id='word_1_129' title='bbox 768 1697 999 1766; x_wconf 81' lang='grc' dir='ltr'>μητέρα</span> <span class='ocrx_word' id='word_1_130' title='bbox 1040 1699 1244 1763; x_wconf 81' lang='grc' dir='ltr'>αὐτοῦ,</span> <span class='ocrx_word' id='word_1_131' title='bbox 1287 1702 1383 1754; x_wconf 77' lang='grc' dir='ltr'><strong>καὶ</strong></span> <span class='ocrx_word' id='word_1_132' title='bbox 1425 1705 1811 1769; x_wconf 83' lang='grc' dir='ltr'>προσκολλη-</span> 
     </span>
    </p>
   </div>
   <div class='ocr_carea' id='block_1_19' title="bbox 229 1786 1810 1861">
    <p class='ocr_par' dir='ltr' id='par_1_19' title="bbox 229 1786 1810 1861">
     <span class='ocr_line' id='line_1_19' title="bbox 229 1786 1810 1861; baseline 0.004 -21"><span class='ocrx_word' id='word_1_133' title='bbox 229 1786 479 1852; x_wconf 68' lang='grc' dir='ltr'>θήσεται</span> <span class='ocrx_word' id='word_1_134' title='bbox 510 1787 587 1855; x_wconf 77' lang='grc' dir='ltr'>τῇ</span> <span class='ocrx_word' id='word_1_135' title='bbox 614 1790 849 1858; x_wconf 75' lang='grc' dir='ltr'>γυναικὶ</span> <span class='ocrx_word' id='word_1_136' title='bbox 882 1789 1088 1855; x_wconf 81' lang='grc' dir='ltr'>αὐτοῦ,</span> <span class='ocrx_word' id='word_1_137' title='bbox 1119 1792 1212 1845; x_wconf 78' lang='grc' dir='ltr'>καὶ</span> <span class='ocrx_word' id='word_1_138' title='bbox 1237 1793 1478 1846; x_wconf 78' lang='grc' dir='ltr'>ἔσονται</span> <span class='ocrx_word' id='word_1_139' title='bbox 1510 1798 1563 1847; x_wconf 80' lang='grc' dir='ltr'>οἱ</span> <span class='ocrx_word' id='word_1_140' title='bbox 1587 1792 1694 1846; x_wconf 82' lang='grc' dir='ltr'>δύο</span> <span class='ocrx_word' id='word_1_141' title='bbox 1723 1796 1810 1861; x_wconf 80' lang='grc' dir='ltr'>εὶς</span> 
     </span>
    </p>
   </div>
   <div class='ocr_carea' id='block_1_20' title="bbox 227 1878 1808 1956">
    <p class='ocr_par' dir='ltr' id='par_1_20' title="bbox 227 1878 1808 1956">
     <span class='ocr_line' id='line_1_20' title="bbox 227 1878 1808 1956; baseline 0.004 -25"><span class='ocrx_word' id='word_1_142' title='bbox 227 1878 432 1947; x_wconf 73' lang='grc' dir='ltr'>σάρκα</span> <span class='ocrx_word' id='word_1_143' title='bbox 452 1880 618 1947; x_wconf 82' lang='grc' dir='ltr'>μίαν.</span> <span class='ocrx_word' id='word_1_144' title='bbox 659 1881 717 1934; x_wconf 91' lang='lat'><strong>&#39;0</strong></span> <span class='ocrx_word' id='word_1_145' title='bbox 749 1881 807 1933; x_wconf 83' lang='grc' dir='ltr'>δὲ</span> <span class='ocrx_word' id='word_1_146' title='bbox 846 1882 1180 1947; x_wconf 82' lang='grc' dir='ltr'>Ἀπόστολος,</span> <span class='ocrx_word' id='word_1_147' title='bbox 1209 1885 1288 1946; x_wconf 87' lang='grc' dir='ltr'><strong>είς</strong></span> <span class='ocrx_word' id='word_1_148' title='bbox 1306 1885 1474 1956; x_wconf 77' lang='grc' dir='ltr'>αὐτὴν</span> <span class='ocrx_word' id='word_1_149' title='bbox 1507 1884 1572 1956; x_wconf 82' lang='grc' dir='ltr'>δὴ</span> <span class='ocrx_word' id='word_1_150' title='bbox 1602 1884 1808 1956; x_wconf 84' lang='grc' dir='ltr'>ταύτην</span> 
     </span>
    </p>
   </div>
   <div class='ocr_carea' id='block_1_21' title="bbox 228 1971 1810 2045">
    <p class='ocr_par' dir='ltr' id='par_1_21' title="bbox 228 1971 1810 2045">
     <span class='ocr_line' id='line_1_21' title="bbox 228 1971 1810 2045; baseline 0.004 -23"><span class='ocrx_word' id='word_1_151' title='bbox 228 1971 698 2041; x_wconf 69' lang='grc' dir='ltr'><strong>ἐπισκεπτόμενος</strong></span> <span class='ocrx_word' id='word_1_152' title='bbox 728 1972 827 2043; x_wconf 81' lang='grc' dir='ltr'>τὴν</span> <span class='ocrx_word' id='word_1_153' title='bbox 860 1973 1180 2045; x_wconf 79' lang='grc' dir='ltr'>περικοπὴν,</span> <span class='ocrx_word' id='word_1_154' title='bbox 1219 1976 1399 2028; x_wconf 82' lang='grc' dir='ltr'>οὐκέτι</span> <span class='ocrx_word' id='word_1_155' title='bbox 1440 1976 1578 2029; x_wconf 81' lang='grc' dir='ltr'>κατὰ</span> <span class='ocrx_word' id='word_1_156' title='bbox 1612 1976 1672 2029; x_wconf 81' lang='grc' dir='ltr'><strong>τὸ</strong></span> <span class='ocrx_word' id='word_1_157' title='bbox 1698 1976 1810 2029; x_wconf 86' lang='grc' dir='ltr'>κεί-</span> 
     </span>
    </p>
   </div>
   <div class='ocr_carea' id='block_1_22' title="bbox 234 2062 1808 2136">
    <p class='ocr_par' dir='ltr' id='par_1_22' title="bbox 234 2062 1808 2136">
     <span class='ocr_line' id='line_1_22' title="bbox 234 2062 1808 2136; baseline 0.003 -21"><span class='ocrx_word' id='word_1_158' title='bbox 234 2079 397 2132; x_wconf 80' lang='grc' dir='ltr'>μενον</span> <span class='ocrx_word' id='word_1_159' title='bbox 426 2064 613 2133; x_wconf 78' lang='grc' dir='ltr'>αὐτὴν,</span> <span class='ocrx_word' id='word_1_160' title='bbox 641 2062 717 2126; x_wconf 83' lang='grc' dir='ltr'><strong>ὡς</strong></span> <span class='ocrx_word' id='word_1_161' title='bbox 738 2064 895 2135; x_wconf 79' lang='grc' dir='ltr'>ἔφην,</span> <span class='ocrx_word' id='word_1_162' title='bbox 932 2064 1203 2135; x_wconf 78' lang='grc' dir='ltr'><strong>αἰσθητῶς</strong></span> <span class='ocrx_word' id='word_1_163' title='bbox 1233 2065 1326 2117; x_wconf 77' lang='grc' dir='ltr'><strong>ἐπὶ</strong></span> <span class='ocrx_word' id='word_1_164' title='bbox 1360 2064 1659 2136; x_wconf 76' lang='grc' dir='ltr'>συνέρξεως</span> <span class='ocrx_word' id='word_1_165' title='bbox 1689 2066 1808 2135; x_wconf 87' lang='grc' dir='ltr'><strong>βού-</strong></span> 
     </span>
    </p>
   </div>
   <div class='ocr_carea' id='block_1_23' title="bbox 230 2152 1803 2226">
    <p class='ocr_par' dir='ltr' id='par_1_23' title="bbox 230 2152 1803 2226">
     <span class='ocr_line' id='line_1_23' title="bbox 230 2152 1803 2226; baseline 0.003 -23"><span class='ocrx_word' id='word_1_166' title='bbox 230 2152 393 2205; x_wconf 82' lang='grc' dir='ltr'>λεται</span> <span class='ocrx_word' id='word_1_167' title='bbox 442 2153 959 2224; x_wconf 75' lang='grc' dir='ltr'>παραλαμϐάνεσθαι</span> <span class='ocrx_word' id='word_1_168' title='bbox 1026 2156 1284 2223; x_wconf 81' lang='grc' dir='ltr'>γυναικός</span> <span class='ocrx_word' id='word_1_169' title='bbox 1334 2172 1393 2207; x_wconf 86' lang='grc' dir='ltr'><strong>τε</strong></span> <span class='ocrx_word' id='word_1_170' title='bbox 1444 2157 1537 2209; x_wconf 76' lang='grc' dir='ltr'><strong>καὶ</strong></span> <span class='ocrx_word' id='word_1_171' title='bbox 1581 2156 1803 2226; x_wconf 77' lang='grc' dir='ltr'>ἀνδρὸς,</span> 
     </span>
    </p>
   </div>
   <div class='ocr_carea' id='block_1_24' title="bbox 233 2242 1806 2317">
    <p class='ocr_par' dir='ltr' id='par_1_24' title="bbox 233 2242 1806 2317">
     <span class='ocr_line' id='line_1_24' title="bbox 233 2242 1806 2317; baseline 0.003 -22"><span class='ocrx_word' id='word_1_172' title='bbox 233 2242 431 2314; x_wconf 75' lang='grc' dir='ltr'>ὥσπερ</span> <span class='ocrx_word' id='word_1_173' title='bbox 455 2245 512 2314; x_wconf 74' lang='grc' dir='ltr'><strong>δὴ</strong></span> <span class='ocrx_word' id='word_1_174' title='bbox 537 2245 631 2297; x_wconf 79' lang='grc' dir='ltr'><strong>καὶ</strong></span> <span class='ocrx_word' id='word_1_175' title='bbox 674 2244 759 2297; x_wconf 74' lang='grc' dir='ltr'>σύ.</span> <span class='ocrx_word' id='word_1_176' title='bbox 807 2245 878 2297; x_wconf 77' lang='grc' dir='ltr'><strong>Σὺ</strong></span> <span class='ocrx_word' id='word_1_177' title='bbox 922 2245 1056 2316; x_wconf 80' lang='grc' dir='ltr'>γὰρ,</span> <span class='ocrx_word' id='word_1_178' title='bbox 1093 2244 1462 2317; x_wconf 81' lang='grc' dir='ltr'><strong>φυσικώτερον</strong></span> <span class='ocrx_word' id='word_1_179' title='bbox 1507 2247 1806 2316; x_wconf 80' lang='grc' dir='ltr'>ἐπεξεργα-</span> 
     </span>
    </p>
   </div>
   <div class='ocr_carea' id='block_1_25' title="bbox 237 2334 1806 2409">
    <p class='ocr_par' dir='ltr' id='par_1_25' title="bbox 237 2334 1806 2409">
     <span class='ocr_line' id='line_1_25' title="bbox 237 2334 1806 2409; baseline 0.003 -22"><span class='ocrx_word' id='word_1_180' title='bbox 237 2334 436 2405; x_wconf 75' lang='grc' dir='ltr'>ζομένη</span> <span class='ocrx_word' id='word_1_181' title='bbox 472 2337 558 2388; x_wconf 73' lang='grc' dir='ltr'><strong>τὸν</strong></span> <span class='ocrx_word' id='word_1_182' title='bbox 584 2336 767 2404; x_wconf 82' lang='grc' dir='ltr'>λόγον,</span> <span class='ocrx_word' id='word_1_183' title='bbox 804 2337 1112 2407; x_wconf 68' lang='grc' dir='ltr'>συλλήψεων</span> <span class='ocrx_word' id='word_1_184' title='bbox 1136 2337 1262 2409; x_wconf 78' lang='grc' dir='ltr'>πέρι</span> <span class='ocrx_word' id='word_1_185' title='bbox 1296 2338 1389 2391; x_wconf 79' lang='grc' dir='ltr'>καὶ</span> <span class='ocrx_word' id='word_1_186' title='bbox 1422 2337 1655 2391; x_wconf 83' lang='grc' dir='ltr'>τοκετῶν</span> <span class='ocrx_word' id='word_1_187' title='bbox 1680 2338 1806 2391; x_wconf 78' lang='grc' dir='ltr'>ἔδω-</span> 
     </span>
    </p>
   </div>
   <div class='ocr_carea' id='block_1_26' title="bbox 234 2428 1804 2501">
    <p class='ocr_par' dir='ltr' id='par_1_26' title="bbox 234 2428 1804 2501">
     <span class='ocr_line' id='line_1_26' title="bbox 234 2428 1804 2501; baseline 0.001 -22"><span class='ocrx_word' id='word_1_188' title='bbox 234 2443 335 2489; x_wconf 80' lang='grc' dir='ltr'><strong>κας</strong></span> <span class='ocrx_word' id='word_1_189' title='bbox 360 2428 520 2497; x_wconf 73' lang='grc' dir='ltr'>μόνον</span> <span class='ocrx_word' id='word_1_190' title='bbox 571 2428 970 2497; x_wconf 72' lang='grc' dir='ltr'>ἀποφαίνεσθαι</span> <span class='ocrx_word' id='word_1_191' title='bbox 1012 2428 1109 2498; x_wconf 84' lang='grc' dir='ltr'>τὴν</span> <span class='ocrx_word' id='word_1_192' title='bbox 1154 2428 1395 2499; x_wconf 71' lang='grc' dir='ltr'>Γραφήν.</span> <span class='ocrx_word' id='word_1_193' title='bbox 1442 2429 1555 2482; x_wconf 84' lang='grc' dir='ltr'>Ἵνα</span> <span class='ocrx_word' id='word_1_194' title='bbox 1596 2428 1703 2501; x_wconf 79' lang='grc' dir='ltr'><strong>γὰρ</strong></span> <span class='ocrx_word' id='word_1_195' title='bbox 1743 2429 1804 2481; x_wconf 86' lang='grc' dir='ltr'><strong>τὸ</strong></span> 
     </span>
    </p>
   </div>
   <div class='ocr_carea' id='block_1_27' title="bbox 230 2516 1803 2590">
    <p class='ocr_par' dir='ltr' id='par_1_27' title="bbox 230 2516 1803 2590">
     <span class='ocr_line' id='line_1_27' title="bbox 230 2516 1803 2590; baseline -0.001 -19"><span class='ocrx_word' id='word_1_196' title='bbox 230 2516 334 2571; x_wconf 80' lang='grc' dir='ltr'><strong>ἀπὸ</strong></span> <span class='ocrx_word' id='word_1_197' title='bbox 380 2516 490 2570; x_wconf 84' lang='grc' dir='ltr'>τῶν</span> <span class='ocrx_word' id='word_1_198' title='bbox 532 2517 739 2570; x_wconf 79' lang='grc' dir='ltr'><strong>ὀστέων</strong></span> <span class='ocrx_word' id='word_1_199' title='bbox 785 2516 974 2569; x_wconf 76' lang='grc' dir='ltr'>ὀστοῦν</span> <span class='ocrx_word' id='word_1_200' title='bbox 1034 2516 1317 2588; x_wconf 82' lang='grc' dir='ltr'>ἄνθρωπος</span> <span class='ocrx_word' id='word_1_201' title='bbox 1363 2518 1549 2590; x_wconf 71' lang='grc' dir='ltr'>ἕτερος</span> <span class='ocrx_word' id='word_1_202' title='bbox 1602 2518 1803 2589; x_wconf 74' lang='grc' dir='ltr'>ληφθὲν</span> 
     </span>
    </p>
   </div>
   <div class='ocr_carea' id='block_1_28' title="bbox 224 2606 1803 2680">
    <p class='ocr_par' dir='ltr' id='par_1_28' title="bbox 224 2606 1803 2680">
     <span class='ocr_line' id='line_1_28' title="bbox 224 2606 1803 2680; baseline 0.001 -21"><span class='ocrx_word' id='word_1_203' title='bbox 224 2606 483 2678; x_wconf 78' lang='grc' dir='ltr'><strong>γεννηθῇ,</strong></span> <span class='ocrx_word' id='word_1_204' title='bbox 525 2607 701 2680; x_wconf 76' lang='grc' dir='ltr'>ταύτῃ</span> <span class='ocrx_word' id='word_1_205' title='bbox 736 2610 974 2661; x_wconf 82' lang='grc' dir='ltr'>συνεῖναι</span> <span class='ocrx_word' id='word_1_206' title='bbox 1015 2606 1085 2660; x_wconf 79' lang='grc' dir='ltr'>τὰ</span> <span class='ocrx_word' id='word_1_207' title='bbox 1115 2606 1230 2671; x_wconf 78' lang='grc' dir='ltr'><strong>ζῶα</strong></span> <span class='ocrx_word' id='word_1_208' title='bbox 1270 2607 1596 2679; x_wconf 81' lang='grc' dir='ltr'>σπαργῶντα</span> <span class='ocrx_word' id='word_1_209' title='bbox 1628 2607 1803 2678; x_wconf 80' lang='grc' dir='ltr'>δρυῶν</span> 
     </span>
    </p>
   </div>
   <div class='ocr_carea' id='block_1_29' title="bbox 220 2698 1804 2770">
    <p class='ocr_par' dir='ltr' id='par_1_29' title="bbox 220 2698 1804 2770">
     <span class='ocr_line' id='line_1_29' title="bbox 220 2698 1804 2770; baseline 0.001 -19"><span class='ocrx_word' id='word_1_210' title='bbox 220 2698 375 2769; x_wconf 78' lang='grc' dir='ltr'>δίκην</span> <span class='ocrx_word' id='word_1_211' title='bbox 398 2698 512 2769; x_wconf 78' lang='lat'><strong>(59)</strong></span> <span class='ocrx_word' id='word_1_212' title='bbox 558 2701 616 2752; x_wconf 82' lang='grc' dir='ltr'><strong>ὲν</strong></span> <span class='ocrx_word' id='word_1_213' title='bbox 643 2698 762 2769; x_wconf 81' lang='grc' dir='ltr'>ὥρᾳ</span> <span class='ocrx_word' id='word_1_214' title='bbox 792 2698 885 2752; x_wconf 81' lang='grc' dir='ltr'>τοῦ</span> <span class='ocrx_word' id='word_1_215' title='bbox 920 2698 1090 2753; x_wconf 82' lang='grc' dir='ltr'>κύειν.</span> <span class='ocrx_word' id='word_1_216' title='bbox 1139 2700 1372 2762; x_wconf 85' lang='grc' dir='ltr'>Ἐκεῖνος</span> <span class='ocrx_word' id='word_1_217' title='bbox 1400 2700 1476 2765; x_wconf 82' lang='grc' dir='ltr'><strong>δὲ,</strong></span> <span class='ocrx_word' id='word_1_218' title='bbox 1508 2716 1804 2770; x_wconf 83' lang='grc' dir='ltr'>πνευματι-</span> 
     </span>
    </p>
   </div>
   <div class='ocr_carea' id='block_1_30' title="bbox 223 2778 1804 2862">
    <p class='ocr_par' dir='ltr' id='par_1_30' title="bbox 223 2778 1804 2862">
     <span class='ocr_line' id='line_1_30' title="bbox 223 2778 1804 2862; baseline 0.003 -21"><span class='ocrx_word' id='word_1_219' title='bbox 223 2788 463 2857; x_wconf 74' lang='grc' dir='ltr'>κῶτερον</span> <span class='ocrx_word' id='word_1_220' title='bbox 512 2792 593 2853; x_wconf 79' lang='grc' dir='ltr'><strong>είς</strong></span> <span class='ocrx_word' id='word_1_221' title='bbox 642 2791 878 2862; x_wconf 85' lang='grc' dir='ltr'>Χριστὸν</span> <span class='ocrx_word' id='word_1_222' title='bbox 942 2790 1268 2861; x_wconf 72' lang='grc' dir='ltr'><strong>ἀναπέμψας</strong></span> <span class='ocrx_word' id='word_1_223' title='bbox 1310 2778 1405 2843; x_wconf 81' lang='grc' dir='ltr'>τὸν</span> <span class='ocrx_word' id='word_1_224' title='bbox 1443 2790 1620 2858; x_wconf 84' lang='grc' dir='ltr'>λόγον,</span> <span class='ocrx_word' id='word_1_225' title='bbox 1659 2791 1804 2845; x_wconf 76' lang='grc' dir='ltr'>διδάο</span> 
     </span>
    </p>
   </div>
   <div class='ocr_carea' id='block_1_31' title="bbox 226 2880 1803 2953">
    <p class='ocr_par' dir='ltr' id='par_1_31' title="bbox 226 2880 1803 2953">
     <span class='ocr_line' id='line_1_31' title="bbox 226 2880 1803 2953; baseline 0.001 -19"><span class='ocrx_word' id='word_1_226' title='bbox 226 2896 369 2934; x_wconf 71' lang='lat' dir='ltr'><strong>mw</strong></span> <span class='ocrx_word' id='word_1_227' title='bbox 398 2880 577 2945; x_wconf 66' lang='grc' dir='ltr'>οὕτως</span> <span class='ocrx_word' id='word_1_228' title='bbox 604 2881 706 2953; x_wconf 79' lang='grc' dir='ltr'><strong>ἔφη</strong></span> <span class='ocrx_word' id='word_1_229' title='bbox 729 2899 744 2912; x_wconf 77' lang='grc'><em>’</em></span> <span class='ocrx_word' id='word_1_230' title='bbox 785 2882 848 2936; x_wconf 87' lang='lat'><strong>&#39;0</strong></span> <span class='ocrx_word' id='word_1_231' title='bbox 879 2880 1126 2953; x_wconf 73' lang='grc' dir='ltr'>ἀγαπῶν</span> <span class='ocrx_word' id='word_1_232' title='bbox 1161 2882 1275 2951; x_wconf 77' lang='grc' dir='ltr'><strong>τὴν</strong></span> <span class='ocrx_word' id='word_1_233' title='bbox 1312 2882 1530 2937; x_wconf 83' lang='grc' dir='ltr'>ἑαυτοῦ</span> <span class='ocrx_word' id='word_1_234' title='bbox 1552 2883 1803 2953; x_wconf 78' lang='grc' dir='ltr'>γυναῖκα</span> 
     </span>
    </p>
   </div>
   <div class='ocr_carea' id='block_1_32' title="bbox 224 2970 1803 3044">
    <p class='ocr_par' dir='ltr' id='par_1_32' title="bbox 224 2970 1803 3044">
     <span class='ocr_line' id='line_1_32' title="bbox 224 2970 1803 3044; baseline 0.002 -19"><span class='ocrx_word' id='word_1_235' title='bbox 224 2970 441 3025; x_wconf 59' lang='grc' dir='ltr'><strong>ἑαυτὸν</strong></span> <span class='ocrx_word' id='word_1_236' title='bbox 456 2971 682 3042; x_wconf 71' lang='grc' dir='ltr'>ἀγαπᾷ.</span> <span class='ocrx_word' id='word_1_237' title='bbox 703 2973 915 3040; x_wconf 76' lang='grc' dir='ltr'>Οὐδεὶς</span> <span class='ocrx_word' id='word_1_238' title='bbox 938 2974 1048 3044; x_wconf 77' lang='grc' dir='ltr'>γάρ</span> <span class='ocrx_word' id='word_1_239' title='bbox 1073 2989 1216 3028; x_wconf 78' lang='grc' dir='ltr'>ποτε</span> <span class='ocrx_word' id='word_1_240' title='bbox 1237 2974 1351 3042; x_wconf 81' lang='grc' dir='ltr'>τὴν</span> <span class='ocrx_word' id='word_1_241' title='bbox 1371 2973 1589 3028; x_wconf 83' lang='grc' dir='ltr'>ἑαυτοῦ</span> <span class='ocrx_word' id='word_1_242' title='bbox 1609 2974 1803 3043; x_wconf 80' lang='grc' dir='ltr'>σάρκα</span> 
     </span>
    </p>
   </div>
   <div class='ocr_carea' id='block_1_33' title="bbox 224 3064 1801 3137">
    <p class='ocr_par' dir='ltr' id='par_1_33' title="bbox 224 3064 1801 3137">
     <span class='ocr_line' id='line_1_33' title="bbox 224 3064 1801 3137; baseline 0.003 -21"><span class='ocrx_word' id='word_1_243' title='bbox 224 3064 687 3132; x_wconf 70' lang='grc' dir='ltr'>ἐμίσησεν-,ἀλλ’</span> <span class='ocrx_word' id='word_1_244' title='bbox 719 3066 991 3137; x_wconf 61' lang='grc' dir='ltr'>ἐκτρέφει</span> <span class='ocrx_word' id='word_1_245' title='bbox 1015 3067 1112 3121; x_wconf 78' lang='grc' dir='ltr'>καὶ</span> <span class='ocrx_word' id='word_1_246' title='bbox 1152 3064 1385 3130; x_wconf 82' lang='grc' dir='ltr'>θάλπει,</span> <span class='ocrx_word' id='word_1_247' title='bbox 1421 3064 1614 3132; x_wconf 81' lang='grc' dir='ltr'>καθὼς</span> <span class='ocrx_word' id='word_1_248' title='bbox 1642 3065 1743 3120; x_wconf 75' lang='grc' dir='ltr'>καὶ</span> <span class='ocrx_word' id='word_1_249' title='bbox 1769 3068 1801 3120; x_wconf 89' lang='grc' dir='ltr'><strong><em>ό</em></strong></span> 
     </span>
    </p>
   </div>
   <div class='ocr_carea' id='block_1_34' title="bbox 1914 500 3478 573">
    <p class='ocr_par' dir='ltr' id='par_1_34' title="bbox 1914 500 3478 573">
     <span class='ocr_line' id='line_1_34' title="bbox 1914 500 3478 573; baseline -0.003 -14"><span class='ocrx_word' id='word_1_250' title='bbox 1914 506 2056 560; x_wconf 87' lang='lat' dir='ltr'><strong>mins</strong></span> <span class='ocrx_word' id='word_1_251' title='bbox 2088 502 2371 573; x_wconf 77' lang='lat' dir='ltr'><strong>Scriptura</strong></span> <span class='ocrx_word' id='word_1_252' title='bbox 2390 505 2664 567; x_wconf 85' lang='lat' dir='ltr'><strong>innueret,</strong></span> <span class='ocrx_word' id='word_1_253' title='bbox 2687 518 2849 571; x_wconf 87' lang='lat' dir='ltr'><strong>quam</strong></span> <span class='ocrx_word' id='word_1_254' title='bbox 2878 500 3023 571; x_wconf 90' lang='lat' dir='ltr'><strong>quod</strong></span> <span class='ocrx_word' id='word_1_255' title='bbox 3052 516 3120 555; x_wconf 79' lang='lat' dir='ltr'><strong>ex</strong></span> <span class='ocrx_word' id='word_1_256' title='bbox 3154 500 3314 555; x_wconf 88' lang='lat' dir='ltr'><strong>nudis</strong></span> <span class='ocrx_word' id='word_1_257' title='bbox 3343 500 3478 570; x_wconf 82' lang='lat' dir='ltr'><strong>ipsis</strong></span> 
     </span>
    </p>
   </div>
   <div class='ocr_carea' id='block_1_35' title="bbox 1912 589 3479 665">
    <p class='ocr_par' dir='ltr' id='par_1_35' title="bbox 1912 589 3479 665">
     <span class='ocr_line' id='line_1_35' title="bbox 1912 589 3479 665; baseline -0.003 -15"><span class='ocrx_word' id='word_1_258' title='bbox 1912 597 2093 651; x_wconf 81' lang='lat' dir='ltr'><strong>verbis</strong></span> <span class='ocrx_word' id='word_1_259' title='bbox 2122 611 2186 650; x_wconf 90' lang='lat' dir='ltr'><strong>ac</strong></span> <span class='ocrx_word' id='word_1_260' title='bbox 2216 594 2466 658; x_wconf 73' lang='lat' dir='ltr'><strong>historia,</strong></span> <span class='ocrx_word' id='word_1_261' title='bbox 2500 594 2685 665; x_wconf 88' lang='lat' dir='ltr'><strong>pervio</strong></span> <span class='ocrx_word' id='word_1_262' title='bbox 2731 608 2892 648; x_wconf 86' lang='lat' dir='ltr'><strong>sensu</strong></span> <span class='ocrx_word' id='word_1_263' title='bbox 2941 592 3125 647; x_wconf 89' lang='lat' dir='ltr'><strong>haberi</strong></span> <span class='ocrx_word' id='word_1_264' title='bbox 3175 602 3369 660; x_wconf 86' lang='lat' dir='ltr'><strong>potest.</strong></span> <span class='ocrx_word' id='word_1_265' title='bbox 3418 589 3479 646; x_wconf 87' lang='lat' dir='ltr'><strong>Si</strong></span> 
     </span>
    </p>
   </div>
   <div class='ocr_carea' id='block_1_36' title="bbox 1912 682 3478 754">
    <p class='ocr_par' dir='ltr' id='par_1_36' title="bbox 1912 682 3478 754">
     <span class='ocr_line' id='line_1_36' title="bbox 1912 682 3478 754; baseline -0.002 -12"><span class='ocrx_word' id='word_1_266' title='bbox 1912 688 2055 743; x_wconf 90' lang='lat' dir='ltr'><strong>enim</strong></span> <span class='ocrx_word' id='word_1_267' title='bbox 2087 689 2309 741; x_wconf 89' lang='lat' dir='ltr'><strong>omnino</strong></span> <span class='ocrx_word' id='word_1_268' title='bbox 2340 686 2407 740; x_wconf 92' lang='lat' dir='ltr'><strong>de</strong></span> <span class='ocrx_word' id='word_1_269' title='bbox 2446 687 2547 739; x_wconf 87' lang='lat' dir='ltr'><strong>viri</strong></span> <span class='ocrx_word' id='word_1_270' title='bbox 2589 700 2652 740; x_wconf 90' lang='lat' dir='ltr'><strong>ac</strong></span> <span class='ocrx_word' id='word_1_271' title='bbox 2701 684 2943 739; x_wconf 82' lang='lat' dir='ltr'><strong>mulieris</strong></span> <span class='ocrx_word' id='word_1_272' title='bbox 2989 699 3288 754; x_wconf 83' lang='lat' dir='ltr'><strong>congressu</strong></span> <span class='ocrx_word' id='word_1_273' title='bbox 3331 682 3478 739; x_wconf 88' lang='lat' dir='ltr'><strong>nude</strong></span> 
     </span>
    </p>
   </div>
   <div class='ocr_carea' id='block_1_37' title="bbox 1912 774 3478 847">
    <p class='ocr_par' dir='ltr' id='par_1_37' title="bbox 1912 774 3478 847">
     <span class='ocr_line' id='line_1_37' title="bbox 1912 774 3478 847; baseline -0.003 -16"><span class='ocrx_word' id='word_1_274' title='bbox 1912 779 2067 833; x_wconf 86' lang='lat' dir='ltr'><strong>locus</strong></span> <span class='ocrx_word' id='word_1_275' title='bbox 2118 776 2413 847; x_wconf 72' lang='lat' dir='ltr'><strong>Scriptura:</strong></span> <span class='ocrx_word' id='word_1_276' title='bbox 2463 776 2635 844; x_wconf 86' lang='lat' dir='ltr'><strong>accipi</strong></span> <span class='ocrx_word' id='word_1_277' title='bbox 2678 775 2856 835; x_wconf 83' lang='lat' dir='ltr'><strong>debet,</strong></span> <span class='ocrx_word' id='word_1_278' title='bbox 2887 774 3015 843; x_wconf 87' lang='lat' dir='ltr'><strong>quid</strong></span> <span class='ocrx_word' id='word_1_279' title='bbox 3058 790 3234 830; x_wconf 57' lang='lat' dir='ltr'><strong>causa</strong></span> <span class='ocrx_word' id='word_1_280' title='bbox 3266 782 3349 829; x_wconf 90' lang='lat' dir='ltr'><strong>est</strong></span> <span class='ocrx_word' id='word_1_281' title='bbox 3376 788 3478 829; x_wconf 88' lang='lat' dir='ltr'><strong>cur</strong></span> 
     </span>
    </p>
   </div>
   <div class='ocr_carea' id='block_1_38' title="bbox 1910 865 3477 939">
    <p class='ocr_par' dir='ltr' id='par_1_38' title="bbox 1910 865 3477 939">
     <span class='ocr_line' id='line_1_38' title="bbox 1910 865 3477 939; baseline 0 -17"><span class='ocrx_word' id='word_1_282' title='bbox 1910 869 2208 939; x_wconf 76' lang='lat' dir='ltr'><strong>Apostolus</strong></span> <span class='ocrx_word' id='word_1_283' title='bbox 2256 884 2378 923; x_wconf 90' lang='lat' dir='ltr'><strong>eum</strong></span> <span class='ocrx_word' id='word_1_284' title='bbox 2428 868 2624 931; x_wconf 86' lang='lat' dir='ltr'><strong>citaus,</strong></span> <span class='ocrx_word' id='word_1_285' title='bbox 2671 874 2725 922; x_wconf 90' lang='lat' dir='ltr'><strong>et</strong></span> <span class='ocrx_word' id='word_1_286' title='bbox 2768 865 2835 920; x_wconf 89' lang='lat' dir='ltr'><strong>ad</strong></span> <span class='ocrx_word' id='word_1_287' title='bbox 2884 865 3140 935; x_wconf 89' lang='lat' dir='ltr'><strong>Spiritus,</strong></span> <span class='ocrx_word' id='word_1_288' title='bbox 3188 874 3340 937; x_wconf 85' lang='lat' dir='ltr'><strong>pulo,</strong></span> <span class='ocrx_word' id='word_1_289' title='bbox 3375 881 3477 922; x_wconf 82' lang='lat' dir='ltr'><strong>nos</strong></span> 
     </span>
    </p>
   </div>
   <div class='ocr_carea' id='block_1_39' title="bbox 1912 959 3476 1031">
    <p class='ocr_par' dir='ltr' id='par_1_39' title="bbox 1912 959 3476 1031">
     <span class='ocr_line' id='line_1_39' title="bbox 1912 959 3476 1031; baseline -0.001 -14"><span class='ocrx_word' id='word_1_290' title='bbox 1912 978 2077 1017; x_wconf 91' lang='lat' dir='ltr'><strong>manu</strong></span> <span class='ocrx_word' id='word_1_291' title='bbox 2111 962 2319 1017; x_wconf 81' lang='lat' dir='ltr'><strong>ducens</strong></span> <span class='ocrx_word' id='word_1_292' title='bbox 2350 963 2511 1027; x_wconf 85' lang='lat' dir='ltr'><strong>viam,</strong></span> <span class='ocrx_word' id='word_1_293' title='bbox 2550 976 2671 1031; x_wconf 66' lang='lat' dir='ltr'><strong>qua:</strong></span> <span class='ocrx_word' id='word_1_294' title='bbox 2702 959 2769 1013; x_wconf 92' lang='lat' dir='ltr'><strong>de</strong></span> <span class='ocrx_word' id='word_1_295' title='bbox 2800 959 3006 1013; x_wconf 81' lang='lat' dir='ltr'><strong>Adamo</strong></span> <span class='ocrx_word' id='word_1_296' title='bbox 3041 968 3096 1015; x_wconf 87' lang='lat' dir='ltr'><strong>et</strong></span> <span class='ocrx_word' id='word_1_297' title='bbox 3124 961 3233 1014; x_wconf 86' lang='lat' dir='ltr'><strong>Eva</strong></span> <span class='ocrx_word' id='word_1_298' title='bbox 3264 976 3476 1016; x_wconf 90' lang='lat' dir='ltr'><strong>memo-</strong></span> 
     </span>
    </p>
   </div>
   <div class='ocr_carea' id='block_1_40' title="bbox 1910 1049 3477 1123">
    <p class='ocr_par' dir='ltr' id='par_1_40' title="bbox 1910 1049 3477 1123">
     <span class='ocr_line' id='line_1_40' title="bbox 1910 1049 3477 1123; baseline -0.002 -14"><span class='ocrx_word' id='word_1_299' title='bbox 1910 1063 2123 1117; x_wconf 88' lang='lat' dir='ltr'><strong>rantur,</strong></span> <span class='ocrx_word' id='word_1_300' title='bbox 2166 1069 2261 1123; x_wconf 92' lang='lat' dir='ltr'><strong>per</strong></span> <span class='ocrx_word' id='word_1_301' title='bbox 2297 1051 2609 1123; x_wconf 78' lang='lat' dir='ltr'><strong>allegoriam</strong></span> <span class='ocrx_word' id='word_1_302' title='bbox 2647 1052 2700 1105; x_wconf 92' lang='lat' dir='ltr'><strong>in</strong></span> <span class='ocrx_word' id='word_1_303' title='bbox 2743 1049 3017 1105; x_wconf 72' lang='lat' dir='ltr'><strong>Christum</strong></span> <span class='ocrx_word' id='word_1_304' title='bbox 3052 1052 3312 1107; x_wconf 83' lang='lat' dir='ltr'><strong>transfert</strong></span> <span class='ocrx_word' id='word_1_305' title='bbox 3340 1060 3394 1106; x_wconf 89' lang='lat' dir='ltr'><strong>et</strong></span> <span class='ocrx_word' id='word_1_306' title='bbox 3418 1050 3477 1106; x_wconf 84' lang='lat' dir='ltr'><strong>in</strong></span> 
     </span>
    </p>
   </div>
   <div class='ocr_carea' id='block_1_41' title="bbox 1913 1144 2257 1200">
    <p class='ocr_par' dir='ltr' id='par_1_41' title="bbox 1913 1144 2257 1200">
     <span class='ocr_line' id='line_1_41' title="bbox 1913 1144 2257 1200; baseline -0.003 -1"><span class='ocrx_word' id='word_1_307' title='bbox 1913 1144 2257 1200; x_wconf 81' lang='lat' dir='ltr'><strong>Ecclesiam?</strong></span> 
     </span>
    </p>
   </div>
   <div class='ocr_carea' id='block_1_42' title="bbox 1976 1232 3476 1297">
    <p class='ocr_par' dir='ltr' id='par_1_42' title="bbox 1976 1232 3476 1297">
     <span class='ocr_line' id='line_1_42' title="bbox 1976 1232 3476 1297; baseline -0.001 -8"><span class='ocrx_word' id='word_1_308' title='bbox 1976 1238 2154 1291; x_wconf 79' lang='lat' dir='ltr'><strong>Locus</strong></span> <span class='ocrx_word' id='word_1_309' title='bbox 2178 1236 2450 1291; x_wconf 88' lang='lat' dir='ltr'><strong>Geneseos</strong></span> <span class='ocrx_word' id='word_1_310' title='bbox 2485 1236 2564 1290; x_wconf 90' lang='lat' dir='ltr'><strong>sic</strong></span> <span class='ocrx_word' id='word_1_311' title='bbox 2589 1234 2753 1289; x_wconf 88' lang='lat' dir='ltr'><strong>habet</strong></span> <span class='ocrx_word' id='word_1_312' title='bbox 2790 1276 2805 1289; x_wconf 91' lang='lat'><strong>.</strong></span> <span class='ocrx_word' id='word_1_313' title='bbox 2850 1232 2918 1287; x_wconf 88' lang='lat' dir='ltr'><strong>Et</strong></span> <span class='ocrx_word' id='word_1_314' title='bbox 2961 1234 3097 1286; x_wconf 72' lang='lat' dir='ltr'><strong>dixit</strong></span> <span class='ocrx_word' id='word_1_315' title='bbox 3131 1233 3324 1297; x_wconf 84' lang='lat' dir='ltr'><strong>Adam,</strong></span> <span class='ocrx_word' id='word_1_316' title='bbox 3360 1233 3476 1288; x_wconf 80' lang='lat' dir='ltr'><strong>Hoc</strong></span> 
     </span>
    </p>
   </div>
   <div class='ocr_carea' id='block_1_43' title="bbox 1910 1326 3477 1391">
    <p class='ocr_par' dir='ltr' id='par_1_43' title="bbox 1910 1326 3477 1391">
     <span class='ocr_line' id='line_1_43' title="bbox 1910 1326 3477 1391; baseline 0.001 -9"><span class='ocrx_word' id='word_1_317' title='bbox 1910 1347 2048 1383; x_wconf 86' lang='lat' dir='ltr'><strong>nunc</strong></span> <span class='ocrx_word' id='word_1_318' title='bbox 2074 1347 2128 1383; x_wconf 85' lang='lat' dir='ltr'><strong>os</strong></span> <span class='ocrx_word' id='word_1_319' title='bbox 2157 1345 2220 1383; x_wconf 75' lang='lat' dir='ltr'><strong>ea:</strong></span> <span class='ocrx_word' id='word_1_320' title='bbox 2251 1329 2455 1384; x_wconf 83' lang='lat' dir='ltr'><strong>ossibus</strong></span> <span class='ocrx_word' id='word_1_321' title='bbox 2487 1330 2633 1391; x_wconf 89' lang='lat' dir='ltr'><strong>meis,</strong></span> <span class='ocrx_word' id='word_1_322' title='bbox 2674 1336 2722 1381; x_wconf 91' lang='lat' dir='ltr'><strong>et</strong></span> <span class='ocrx_word' id='word_1_323' title='bbox 2748 1344 2871 1381; x_wconf 88' lang='lat' dir='ltr'><strong>caro</strong></span> <span class='ocrx_word' id='word_1_324' title='bbox 2902 1326 2964 1380; x_wconf 90' lang='lat' dir='ltr'><strong>de</strong></span> <span class='ocrx_word' id='word_1_325' title='bbox 2995 1342 3150 1379; x_wconf 86' lang='lat' dir='ltr'><strong>carne</strong></span> <span class='ocrx_word' id='word_1_326' title='bbox 3183 1341 3336 1379; x_wconf 86' lang='lat' dir='ltr'><strong>mea:</strong></span> <span class='ocrx_word' id='word_1_327' title='bbox 3366 1326 3477 1383; x_wconf 71' lang='lat' dir='ltr'><strong>lucc</strong></span> 
     </span>
    </p>
   </div>
   <div class='ocr_carea' id='block_1_44' title="bbox 1910 1417 3475 1491">
    <p class='ocr_par' dir='ltr' id='par_1_44' title="bbox 1910 1417 3475 1491">
     <span class='ocr_line' id='line_1_44' title="bbox 1910 1417 3475 1491; baseline -0.002 -16"><span class='ocrx_word' id='word_1_328' title='bbox 1910 1421 2179 1475; x_wconf 86' lang='lat' dir='ltr'><strong>vocabitur</strong></span> <span class='ocrx_word' id='word_1_329' title='bbox 2208 1422 2415 1485; x_wconf 83' lang='lat' dir='ltr'><strong>mulier,</strong></span> <span class='ocrx_word' id='word_1_330' title='bbox 2444 1421 2686 1491; x_wconf 82' lang='lat' dir='ltr'><strong>quoniam</strong></span> <span class='ocrx_word' id='word_1_331' title='bbox 2719 1417 2781 1472; x_wconf 87' lang='lat' dir='ltr'><strong>de</strong></span> <span class='ocrx_word' id='word_1_332' title='bbox 2814 1421 2922 1472; x_wconf 85' lang='lat' dir='ltr'><strong>viro</strong></span> <span class='ocrx_word' id='word_1_333' title='bbox 2964 1428 3171 1486; x_wconf 82' lang='lat' dir='ltr'><strong>sumpta</strong></span> <span class='ocrx_word' id='word_1_334' title='bbox 3202 1428 3296 1472; x_wconf 83' lang='lat' dir='ltr'><strong>est.</strong></span> <span class='ocrx_word' id='word_1_335' title='bbox 3344 1417 3475 1472; x_wconf 82' lang='lat' dir='ltr'><strong>Pro-</strong></span> 
     </span>
    </p>
   </div>
   <div class='ocr_carea' id='block_1_45' title="bbox 1908 1512 3473 1582">
    <p class='ocr_par' dir='ltr' id='par_1_45' title="bbox 1908 1512 3473 1582">
     <span class='ocr_line' id='line_1_45' title="bbox 1908 1512 3473 1582; baseline -0.001 -17"><span class='ocrx_word' id='word_1_336' title='bbox 1908 1523 2023 1582; x_wconf 85' lang='lat' dir='ltr'><strong>pter</strong></span> <span class='ocrx_word' id='word_1_337' title='bbox 2071 1512 2166 1565; x_wconf 88' lang='lat' dir='ltr'><strong>hoc</strong></span> <span class='ocrx_word' id='word_1_338' title='bbox 2208 1512 2459 1582; x_wconf 75' lang='lat' dir='ltr'><strong>relinquet</strong></span> <span class='ocrx_word' id='word_1_339' title='bbox 2507 1513 2659 1564; x_wconf 88' lang='lat' dir='ltr'><strong>homo</strong></span> <span class='ocrx_word' id='word_1_340' title='bbox 2706 1521 2907 1579; x_wconf 82' lang='lat' dir='ltr'><strong>patrem</strong></span> <span class='ocrx_word' id='word_1_341' title='bbox 2959 1527 3109 1564; x_wconf 87' lang='lat' dir='ltr'><strong>suum</strong></span> <span class='ocrx_word' id='word_1_342' title='bbox 3160 1519 3209 1563; x_wconf 86' lang='lat' dir='ltr'><strong>et</strong></span> <span class='ocrx_word' id='word_1_343' title='bbox 3252 1522 3473 1564; x_wconf 84' lang='lat' dir='ltr'><strong>matrem</strong></span> 
     </span>
    </p>
   </div>
   <div class='ocr_carea' id='block_1_46' title="bbox 1909 1601 3475 1668">
    <p class='ocr_par' dir='ltr' id='par_1_46' title="bbox 1909 1601 3475 1668">
     <span class='ocr_line' id='line_1_46' title="bbox 1909 1601 3475 1668; baseline -0.002 -10"><span class='ocrx_word' id='word_1_344' title='bbox 1909 1621 2082 1668; x_wconf 88' lang='lat' dir='ltr'><strong>suam,</strong></span> <span class='ocrx_word' id='word_1_345' title='bbox 2112 1613 2161 1657; x_wconf 88' lang='lat' dir='ltr'><strong>et</strong></span> <span class='ocrx_word' id='word_1_346' title='bbox 2191 1602 2473 1657; x_wconf 82' lang='lat' dir='ltr'><strong>adluerebit</strong></span> <span class='ocrx_word' id='word_1_347' title='bbox 2502 1603 2653 1655; x_wconf 77' lang='lat' dir='ltr'><strong>uxori</strong></span> <span class='ocrx_word' id='word_1_348' title='bbox 2691 1619 2839 1658; x_wconf 74' lang='lat' dir='ltr'><strong>suae:</strong></span> <span class='ocrx_word' id='word_1_349' title='bbox 2866 1613 2913 1655; x_wconf 90' lang='lat' dir='ltr'><strong>et</strong></span> <span class='ocrx_word' id='word_1_350' title='bbox 2946 1613 3096 1656; x_wconf 84' lang='lat' dir='ltr'><strong>erunt</strong></span> <span class='ocrx_word' id='word_1_351' title='bbox 3131 1601 3234 1654; x_wconf 88' lang='lat' dir='ltr'><strong>duo</strong></span> <span class='ocrx_word' id='word_1_352' title='bbox 3269 1602 3325 1653; x_wconf 86' lang='lat' dir='ltr'><strong>iu</strong></span> <span class='ocrx_word' id='word_1_353' title='bbox 3353 1618 3475 1655; x_wconf 85' lang='lat' dir='ltr'><strong>car-</strong></span> 
     </span>
    </p>
   </div>
   <div class='ocr_carea' id='block_1_47' title="bbox 1909 1692 3474 1762">
    <p class='ocr_par' dir='ltr' id='par_1_47' title="bbox 1909 1692 3474 1762">
     <span class='ocr_line' id='line_1_47' title="bbox 1909 1692 3474 1762; baseline -0.001 -15"><span class='ocrx_word' id='word_1_354' title='bbox 1909 1711 2023 1747; x_wconf 91' lang='lat' dir='ltr'><strong>nem</strong></span> <span class='ocrx_word' id='word_1_355' title='bbox 2043 1710 2200 1746; x_wconf 84' lang='lat' dir='ltr'><strong>unam</strong></span> <span class='ocrx_word' id='word_1_356' title='bbox 2218 1694 2281 1747; x_wconf 80' lang='grc'><strong>³⁸.</strong></span> <span class='ocrx_word' id='word_1_357' title='bbox 2299 1695 2591 1762; x_wconf 81' lang='lat' dir='ltr'><strong>Apostolus</strong></span> <span class='ocrx_word' id='word_1_358' title='bbox 2609 1701 2786 1748; x_wconf 89' lang='lat' dir='ltr'><strong>autem</strong></span> <span class='ocrx_word' id='word_1_359' title='bbox 2811 1709 2929 1748; x_wconf 90' lang='lat' dir='ltr'><strong>eam</strong></span> <span class='ocrx_word' id='word_1_360' title='bbox 2952 1692 3271 1747; x_wconf 75' lang='lat' dir='ltr'><strong>sententiam</strong></span> <span class='ocrx_word' id='word_1_361' title='bbox 3288 1692 3474 1747; x_wconf 87' lang='lat' dir='ltr'><strong>consi-</strong></span> 
     </span>
    </p>
   </div>
   <div class='ocr_carea' id='block_1_48' title="bbox 1843 1780 3474 1854">
    <p class='ocr_par' dir='ltr' id='par_1_48' title="bbox 1843 1780 3474 1854">
     <span class='ocr_line' id='line_1_48' title="bbox 1843 1780 3474 1854; baseline 0.002 -20"><span class='ocrx_word' id='word_1_362' title='bbox 1843 1780 1881 1834; x_wconf 88' lang='lat' dir='ltr'><strong>B</strong></span> <span class='ocrx_word' id='word_1_363' title='bbox 1910 1784 2129 1850; x_wconf 87' lang='lat' dir='ltr'><strong>derans,</strong></span> <span class='ocrx_word' id='word_1_364' title='bbox 2157 1800 2495 1853; x_wconf 86' lang='lat' dir='ltr'><strong>nequaquam</strong></span> <span class='ocrx_word' id='word_1_365' title='bbox 2528 1786 2671 1837; x_wconf 84' lang='lat' dir='ltr'><strong>illam</strong></span> <span class='ocrx_word' id='word_1_366' title='bbox 2703 1794 2861 1854; x_wconf 84' lang='lat' dir='ltr'><strong>prout</strong></span> <span class='ocrx_word' id='word_1_367' title='bbox 2883 1784 3047 1853; x_wconf 86' lang='lat' dir='ltr'><strong>jacet,</strong></span> <span class='ocrx_word' id='word_1_368' title='bbox 3070 1784 3225 1853; x_wconf 73' lang='lat' dir='ltr'><strong>juxta</strong></span> <span class='ocrx_word' id='word_1_369' title='bbox 3252 1799 3474 1838; x_wconf 87' lang='lat' dir='ltr'><strong>sensum</strong></span> 
     </span>
    </p>
   </div>
   <div class='ocr_carea' id='block_1_49' title="bbox 1909 1870 3474 1940">
    <p class='ocr_par' dir='ltr' id='par_1_49' title="bbox 1909 1870 3474 1940">
     <span class='ocr_line' id='line_1_49' title="bbox 1909 1870 3474 1940; baseline -0.003 -13"><span class='ocrx_word' id='word_1_370' title='bbox 1909 1882 1967 1927; x_wconf 91' lang='lat' dir='ltr'><strong>ut</strong></span> <span class='ocrx_word' id='word_1_371' title='bbox 2000 1874 2109 1927; x_wconf 77' lang='lat' dir='ltr'><strong>dixi</strong></span> <span class='ocrx_word' id='word_1_372' title='bbox 2144 1889 2207 1927; x_wconf 89' lang='lat' dir='ltr'><strong>ac</strong></span> <span class='ocrx_word' id='word_1_373' title='bbox 2245 1888 2437 1927; x_wconf 89' lang='lat' dir='ltr'><strong>sonum</strong></span> <span class='ocrx_word' id='word_1_374' title='bbox 2468 1873 2678 1933; x_wconf 61' lang='lat' dir='ltr'><strong>litteras,</strong></span> <span class='ocrx_word' id='word_1_375' title='bbox 2716 1873 2781 1926; x_wconf 88' lang='lat' dir='ltr'><strong>de</strong></span> <span class='ocrx_word' id='word_1_376' title='bbox 2810 1872 2909 1925; x_wconf 90' lang='lat' dir='ltr'><strong>viri</strong></span> <span class='ocrx_word' id='word_1_377' title='bbox 2946 1888 3008 1924; x_wconf 84' lang='lat' dir='ltr'><strong>ac</strong></span> <span class='ocrx_word' id='word_1_378' title='bbox 3048 1872 3257 1925; x_wconf 77' lang='lat' dir='ltr'><strong>femina:</strong></span> <span class='ocrx_word' id='word_1_379' title='bbox 3278 1870 3474 1940; x_wconf 79' lang='lat' dir='ltr'><strong>copula</strong></span> 
     </span>
    </p>
   </div>
   <div class='ocr_carea' id='block_1_50' title="bbox 1907 1959 3473 2033">
    <p class='ocr_par' dir='ltr' id='par_1_50' title="bbox 1907 1959 3473 2033">
     <span class='ocr_line' id='line_1_50' title="bbox 1907 1959 3473 2033; baseline -0.003 -16"><span class='ocrx_word' id='word_1_380' title='bbox 1907 1965 2021 2017; x_wconf 88' lang='lat' dir='ltr'><strong>vult</strong></span> <span class='ocrx_word' id='word_1_381' title='bbox 2053 1964 2255 2033; x_wconf 88' lang='lat' dir='ltr'><strong>accipi,</strong></span> <span class='ocrx_word' id='word_1_382' title='bbox 2289 1963 2744 2033; x_wconf 83' lang='lat' dir='ltr'><strong>quemadmodum</strong></span> <span class='ocrx_word' id='word_1_383' title='bbox 2775 1970 2832 2015; x_wconf 92' lang='lat' dir='ltr'><strong>tu</strong></span> <span class='ocrx_word' id='word_1_384' title='bbox 2866 1962 3022 2023; x_wconf 78' lang='lat' dir='ltr'><strong>facis,</strong></span> <span class='ocrx_word' id='word_1_385' title='bbox 3049 1962 3280 2015; x_wconf 88' lang='lat' dir='ltr'><strong>naturali</strong></span> <span class='ocrx_word' id='word_1_386' title='bbox 3312 1959 3473 2014; x_wconf 89' lang='lat' dir='ltr'><strong>modo</strong></span> 
     </span>
    </p>
   </div>
   <div class='ocr_carea' id='block_1_51' title="bbox 1907 2050 3472 2122">
    <p class='ocr_par' dir='ltr' id='par_1_51' title="bbox 1907 2050 3472 2122">
     <span class='ocr_line' id='line_1_51' title="bbox 1907 2050 3472 2122; baseline -0.005 -13"><span class='ocrx_word' id='word_1_387' title='bbox 1907 2054 1973 2109; x_wconf 90' lang='lat' dir='ltr'><strong>de</strong></span> <span class='ocrx_word' id='word_1_388' title='bbox 2003 2054 2353 2122; x_wconf 86' lang='lat' dir='ltr'><strong>conceptibus</strong></span> <span class='ocrx_word' id='word_1_389' title='bbox 2388 2052 2728 2108; x_wconf 90' lang='lat' dir='ltr'><strong>solummodo</strong></span> <span class='ocrx_word' id='word_1_390' title='bbox 2754 2066 2818 2104; x_wconf 89' lang='lat' dir='ltr'><strong>ac</strong></span> <span class='ocrx_word' id='word_1_391' title='bbox 2840 2052 3102 2121; x_wconf 85' lang='lat' dir='ltr'><strong>partubus</strong></span> <span class='ocrx_word' id='word_1_392' title='bbox 3129 2050 3472 2119; x_wconf 89' lang='lat' dir='ltr'><strong>Scripturam</strong></span> 
     </span>
    </p>
   </div>
   <div class='ocr_carea' id='block_1_52' title="bbox 1908 2139 3473 2213">
    <p class='ocr_par' dir='ltr' id='par_1_52' title="bbox 1908 2139 3473 2213">
     <span class='ocr_line' id='line_1_52' title="bbox 1908 2139 3473 2213; baseline -0.003 -14"><span class='ocrx_word' id='word_1_393' title='bbox 1908 2146 2065 2201; x_wconf 85' lang='lat' dir='ltr'><strong>istam</strong></span> <span class='ocrx_word' id='word_1_394' title='bbox 2112 2143 2534 2213; x_wconf 88' lang='lat' dir='ltr'><strong>interpretando.</strong></span> <span class='ocrx_word' id='word_1_395' title='bbox 2583 2140 2674 2195; x_wconf 85' lang='lat' dir='ltr'><strong>Sic</strong></span> <span class='ocrx_word' id='word_1_396' title='bbox 2716 2142 2859 2196; x_wconf 90' lang='lat' dir='ltr'><strong>enim</strong></span> <span class='ocrx_word' id='word_1_397' title='bbox 2907 2142 3165 2211; x_wconf 87' lang='lat' dir='ltr'><strong>posuisti:</strong></span> <span class='ocrx_word' id='word_1_398' title='bbox 3214 2139 3371 2194; x_wconf 88' lang='lat' dir='ltr'><strong>Utos</strong></span> <span class='ocrx_word' id='word_1_399' title='bbox 3404 2156 3473 2195; x_wconf 79' lang='lat' dir='ltr'><strong>ex</strong></span> 
     </span>
    </p>
   </div>
   <div class='ocr_carea' id='block_1_53' title="bbox 1905 2234 3473 2305">
    <p class='ocr_par' dir='ltr' id='par_1_53' title="bbox 1905 2234 3473 2305">
     <span class='ocr_line' id='line_1_53' title="bbox 1905 2234 3473 2305; baseline -0.004 -12"><span class='ocrx_word' id='word_1_400' title='bbox 1905 2238 2123 2293; x_wconf 90' lang='lat' dir='ltr'><strong>ossibus</strong></span> <span class='ocrx_word' id='word_1_401' title='bbox 2158 2238 2319 2291; x_wconf 89' lang='lat' dir='ltr'><strong>homo</strong></span> <span class='ocrx_word' id='word_1_402' title='bbox 2354 2239 2490 2290; x_wconf 89' lang='lat' dir='ltr'><strong>alter</strong></span> <span class='ocrx_word' id='word_1_403' title='bbox 2523 2246 2795 2305; x_wconf 79' lang='lat' dir='ltr'><strong>sumptum</strong></span> <span class='ocrx_word' id='word_1_404' title='bbox 2824 2236 3152 2304; x_wconf 81' lang='lat' dir='ltr'><strong>gigneretur,</strong></span> <span class='ocrx_word' id='word_1_405' title='bbox 3184 2234 3329 2287; x_wconf 91' lang='lat' dir='ltr'><strong>coire</strong></span> <span class='ocrx_word' id='word_1_406' title='bbox 3348 2234 3473 2287; x_wconf 81' lang='lat' dir='ltr'><strong>viva</strong></span> 
     </span>
    </p>
   </div>
   <div class='ocr_carea' id='block_1_54' title="bbox 1905 2325 3469 2398">
    <p class='ocr_par' dir='ltr' id='par_1_54' title="bbox 1905 2325 3469 2398">
     <span class='ocr_line' id='line_1_54' title="bbox 1905 2325 3469 2398; baseline -0.003 -15"><span class='ocrx_word' id='word_1_407' title='bbox 1905 2344 2159 2398; x_wconf 89' lang='lat' dir='ltr'><strong>corpora,</strong></span> <span class='ocrx_word' id='word_1_408' title='bbox 2212 2329 2553 2398; x_wconf 89' lang='lat' dir='ltr'><strong>distendique</strong></span> <span class='ocrx_word' id='word_1_409' title='bbox 2606 2344 2669 2382; x_wconf 91' lang='lat' dir='ltr'><strong>ac</strong></span> <span class='ocrx_word' id='word_1_410' title='bbox 2710 2337 2939 2389; x_wconf 87' lang='lat' dir='ltr'><strong>tumere,</strong></span> <span class='ocrx_word' id='word_1_411' title='bbox 2977 2325 3233 2379; x_wconf 89' lang='lat' dir='ltr'><strong>arborum</strong></span> <span class='ocrx_word' id='word_1_412' title='bbox 3274 2325 3469 2390; x_wconf 87' lang='lat' dir='ltr'><strong>instar,</strong></span> 
     </span>
    </p>
   </div>
   <div class='ocr_carea' id='block_1_55' title="bbox 1904 2416 3471 2488">
    <p class='ocr_par' dir='ltr' id='par_1_55' title="bbox 1904 2416 3471 2488">
     <span class='ocr_line' id='line_1_55' title="bbox 1904 2416 3471 2488; baseline -0.001 -16"><span class='ocrx_word' id='word_1_413' title='bbox 1904 2434 2025 2473; x_wconf 91' lang='lat' dir='ltr'><strong>cum</strong></span> <span class='ocrx_word' id='word_1_414' title='bbox 2056 2429 2356 2488; x_wconf 78' lang='lat' dir='ltr'><strong>praegnant.</strong></span> <span class='ocrx_word' id='word_1_415' title='bbox 2390 2418 2589 2475; x_wconf 86' lang='lat' dir='ltr'><strong>Paulus</strong></span> <span class='ocrx_word' id='word_1_416' title='bbox 2622 2427 2821 2483; x_wconf 86' lang='lat' dir='ltr'><strong>autem,</strong></span> <span class='ocrx_word' id='word_1_417' title='bbox 2857 2418 3173 2487; x_wconf 88' lang='lat' dir='ltr'><strong>spiritaliter</strong></span> <span class='ocrx_word' id='word_1_418' title='bbox 3204 2418 3271 2470; x_wconf 82' lang='lat' dir='ltr'><strong>ad</strong></span> <span class='ocrx_word' id='word_1_419' title='bbox 3305 2416 3471 2471; x_wconf 83' lang='lat' dir='ltr'><strong>Chri-</strong></span> 
     </span>
    </p>
   </div>
   <div class='ocr_carea' id='block_1_56' title="bbox 1904 2508 3471 2576">
    <p class='ocr_par' dir='ltr' id='par_1_56' title="bbox 1904 2508 3471 2576">
     <span class='ocr_line' id='line_1_56' title="bbox 1904 2508 3471 2576; baseline -0.003 -9"><span class='ocrx_word' id='word_1_420' title='bbox 1904 2521 2044 2567; x_wconf 88' lang='lat' dir='ltr'><strong>stum</strong></span> <span class='ocrx_word' id='word_1_421' title='bbox 2085 2513 2198 2566; x_wconf 77' lang='lat' dir='ltr'><strong>haec</strong></span> <span class='ocrx_word' id='word_1_422' title='bbox 2239 2514 2501 2576; x_wconf 76' lang='lat' dir='ltr'><strong>referens,</strong></span> <span class='ocrx_word' id='word_1_423' title='bbox 2553 2515 2606 2566; x_wconf 90' lang='lat' dir='ltr'><strong>in</strong></span> <span class='ocrx_word' id='word_1_424' title='bbox 2638 2513 2782 2567; x_wconf 89' lang='lat' dir='ltr'><strong>hunc</strong></span> <span class='ocrx_word' id='word_1_425' title='bbox 2810 2527 2908 2566; x_wconf 89' lang='lat' dir='ltr'><strong>nos</strong></span> <span class='ocrx_word' id='word_1_426' title='bbox 2938 2512 3156 2565; x_wconf 88' lang='lat' dir='ltr'><strong>modum</strong></span> <span class='ocrx_word' id='word_1_427' title='bbox 3192 2509 3381 2565; x_wconf 89' lang='lat' dir='ltr'><strong>edocet</strong></span> <span class='ocrx_word' id='word_1_428' title='bbox 3401 2508 3471 2550; x_wconf 70' lang='lat'><strong>&quot;3</strong></span> 
     </span>
    </p>
   </div>
   <div class='ocr_carea' id='block_1_57' title="bbox 1905 2599 3473 2673">
    <p class='ocr_par' dir='ltr' id='par_1_57' title="bbox 1905 2599 3473 2673">
     <span class='ocr_line' id='line_1_57' title="bbox 1905 2599 3473 2673; baseline 0 -17"><span class='ocrx_word' id='word_1_429' title='bbox 1905 2604 2008 2669; x_wconf 84' lang='lat' dir='ltr'><strong>Qui</strong></span> <span class='ocrx_word' id='word_1_430' title='bbox 2056 2621 2207 2658; x_wconf 84' lang='lat' dir='ltr'><strong>suam</strong></span> <span class='ocrx_word' id='word_1_431' title='bbox 2257 2621 2473 2657; x_wconf 71' lang='lat' dir='ltr'><strong>uxorem</strong></span> <span class='ocrx_word' id='word_1_432' title='bbox 2514 2605 2708 2673; x_wconf 83' lang='lat' dir='ltr'><strong>diligit,</strong></span> <span class='ocrx_word' id='word_1_433' title='bbox 2760 2622 2813 2657; x_wconf 86' lang='lat' dir='ltr'><strong>se</strong></span> <span class='ocrx_word' id='word_1_434' title='bbox 2852 2605 3019 2672; x_wconf 81' lang='lat' dir='ltr'><strong>ipsum</strong></span> <span class='ocrx_word' id='word_1_435' title='bbox 3061 2601 3254 2672; x_wconf 81' lang='lat' dir='ltr'><strong>diligit.</strong></span> <span class='ocrx_word' id='word_1_436' title='bbox 3304 2599 3473 2656; x_wconf 85' lang='lat' dir='ltr'><strong>Nemo</strong></span> 
     </span>
    </p>
   </div>
   <div class='ocr_carea' id='block_1_58' title="bbox 1901 2692 3475 2767">
    <p class='ocr_par' dir='ltr' id='par_1_58' title="bbox 1901 2692 3475 2767">
     <span class='ocr_line' id='line_1_58' title="bbox 1901 2692 3475 2767; baseline -0.001 -18"><span class='ocrx_word' id='word_1_437' title='bbox 1901 2697 2036 2749; x_wconf 87' lang='lat' dir='ltr'><strong>enim</strong></span> <span class='ocrx_word' id='word_1_438' title='bbox 2062 2713 2292 2767; x_wconf 84' lang='lat' dir='ltr'><strong>unquam</strong></span> <span class='ocrx_word' id='word_1_439' title='bbox 2319 2714 2527 2751; x_wconf 83' lang='lat' dir='ltr'><strong>carnem</strong></span> <span class='ocrx_word' id='word_1_440' title='bbox 2549 2713 2699 2749; x_wconf 78' lang='lat' dir='ltr'><strong>suam</strong></span> <span class='ocrx_word' id='word_1_441' title='bbox 2734 2695 2851 2749; x_wconf 89' lang='lat' dir='ltr'><strong>odio</strong></span> <span class='ocrx_word' id='word_1_442' title='bbox 2881 2694 3085 2757; x_wconf 84' lang='lat' dir='ltr'><strong>habuit,</strong></span> <span class='ocrx_word' id='word_1_443' title='bbox 3117 2694 3205 2747; x_wconf 88' lang='lat' dir='ltr'><strong>sed</strong></span> <span class='ocrx_word' id='word_1_444' title='bbox 3230 2692 3394 2745; x_wconf 82' lang='lat' dir='ltr'><strong>nutrit</strong></span> <span class='ocrx_word' id='word_1_445' title='bbox 3420 2700 3475 2748; x_wconf 68' lang='lat' dir='ltr'><strong>et</strong></span> 
     </span>
    </p>
   </div>
   <div class='ocr_carea' id='block_1_59' title="bbox 1901 2782 3471 2858">
    <p class='ocr_par' dir='ltr' id='par_1_59' title="bbox 1901 2782 3471 2858">
     <span class='ocr_line' id='line_1_59' title="bbox 1901 2782 3471 2858; baseline -0.004 -15"><span class='ocrx_word' id='word_1_446' title='bbox 1901 2790 2037 2858; x_wconf 80' lang='lat' dir='ltr'><strong>[ovet</strong></span> <span class='ocrx_word' id='word_1_447' title='bbox 2057 2805 2194 2852; x_wconf 89' lang='lat' dir='ltr'><strong>eam,</strong></span> <span class='ocrx_word' id='word_1_448' title='bbox 2222 2790 2356 2842; x_wconf 81' lang='lat' dir='ltr'><strong>sicut</strong></span> <span class='ocrx_word' id='word_1_449' title='bbox 2385 2799 2433 2842; x_wconf 89' lang='lat' dir='ltr'><strong>et</strong></span> <span class='ocrx_word' id='word_1_450' title='bbox 2463 2785 2705 2843; x_wconf 77' lang='lat' dir='ltr'><strong>Christus</strong></span> <span class='ocrx_word' id='word_1_451' title='bbox 2740 2786 3031 2840; x_wconf 84' lang='lat' dir='ltr'><strong>Ecclesiam</strong></span> <span class='ocrx_word' id='word_1_452' title='bbox 3056 2802 3072 2839; x_wconf 93' lang='lat'><strong><em>:</em></strong></span> <span class='ocrx_word' id='word_1_453' title='bbox 3095 2785 3219 2855; x_wconf 86' lang='lat' dir='ltr'><strong>quia</strong></span> <span class='ocrx_word' id='word_1_454' title='bbox 3240 2782 3471 2837; x_wconf 89' lang='lat' dir='ltr'><strong>membra</strong></span> 
     </span>
    </p>
   </div>
   <div class='ocr_carea' id='block_1_60' title="bbox 1901 2880 3470 2951">
    <p class='ocr_par' dir='ltr' id='par_1_60' title="bbox 1901 2880 3470 2951">
     <span class='ocr_line' id='line_1_60' title="bbox 1901 2880 3470 2951; baseline -0.004 -13"><span class='ocrx_word' id='word_1_455' title='bbox 1901 2900 2082 2938; x_wconf 88' lang='lat' dir='ltr'><strong>sumus</strong></span> <span class='ocrx_word' id='word_1_456' title='bbox 2108 2883 2339 2951; x_wconf 85' lang='lat' dir='ltr'><strong>corporis</strong></span> <span class='ocrx_word' id='word_1_457' title='bbox 2372 2881 2505 2950; x_wconf 82' lang='lat' dir='ltr'><strong>eius.</strong></span> <span class='ocrx_word' id='word_1_458' title='bbox 2545 2881 2765 2950; x_wconf 85' lang='lat' dir='ltr'><strong>Propter</strong></span> <span class='ocrx_word' id='word_1_459' title='bbox 2786 2882 2882 2935; x_wconf 88' lang='lat' dir='ltr'><strong>hoc</strong></span> <span class='ocrx_word' id='word_1_460' title='bbox 2909 2880 3161 2948; x_wconf 82' lang='lat' dir='ltr'><strong>relinquet</strong></span> <span class='ocrx_word' id='word_1_461' title='bbox 3191 2880 3342 2931; x_wconf 87' lang='lat' dir='ltr'><strong>homo</strong></span> <span class='ocrx_word' id='word_1_462' title='bbox 3370 2892 3470 2946; x_wconf 59' lang='lat' dir='ltr'><strong>pth</strong></span> 
     </span>
    </p>
   </div>
   <div class='ocr_carea' id='block_1_61' title="bbox 1904 2970 3471 3037">
    <p class='ocr_par' dir='ltr' id='par_1_61' title="bbox 1904 2970 3471 3037">
     <span class='ocr_line' id='line_1_61' title="bbox 1904 2970 3471 3037; baseline -0.003 -11"><span class='ocrx_word' id='word_1_463' title='bbox 1904 2983 2031 3028; x_wconf 87' lang='lat' dir='ltr'><strong>trem</strong></span> <span class='ocrx_word' id='word_1_464' title='bbox 2078 2990 2231 3028; x_wconf 85' lang='lat' dir='ltr'><strong>suum</strong></span> <span class='ocrx_word' id='word_1_465' title='bbox 2269 2983 2318 3027; x_wconf 89' lang='lat' dir='ltr'><strong>et</strong></span> <span class='ocrx_word' id='word_1_466' title='bbox 2358 2984 2603 3037; x_wconf 83' lang='lat' dir='ltr'><strong>matrem,</strong></span> <span class='ocrx_word' id='word_1_467' title='bbox 2642 2983 2692 3025; x_wconf 90' lang='lat' dir='ltr'><strong>et</strong></span> <span class='ocrx_word' id='word_1_468' title='bbox 2723 2970 3007 3026; x_wconf 67' lang='lat' dir='ltr'><strong>adhaerebit</strong></span> <span class='ocrx_word' id='word_1_469' title='bbox 3042 2970 3193 3024; x_wconf 72' lang='lat' dir='ltr'><strong>uxori</strong></span> <span class='ocrx_word' id='word_1_470' title='bbox 3241 2984 3383 3033; x_wconf 63' lang='lat' dir='ltr'><strong>suae;</strong></span> <span class='ocrx_word' id='word_1_471' title='bbox 3420 2976 3471 3022; x_wconf 82' lang='lat' dir='ltr'><strong>et</strong></span> 
     </span>
    </p>
   </div>
   <div class='ocr_carea' id='block_1_62' title="bbox 1902 3061 3472 3119">
    <p class='ocr_par' dir='ltr' id='par_1_62' title="bbox 1902 3061 3472 3119">
     <span class='ocr_line' id='line_1_62' title="bbox 1902 3061 3472 3119; baseline -0.004 0"><span class='ocrx_word' id='word_1_472' title='bbox 1902 3075 2053 3119; x_wconf 85' lang='lat' dir='ltr'><strong>erunt</strong></span> <span class='ocrx_word' id='word_1_473' title='bbox 2083 3066 2187 3118; x_wconf 90' lang='lat' dir='ltr'><strong>duo</strong></span> <span class='ocrx_word' id='word_1_474' title='bbox 2217 3066 2272 3118; x_wconf 85' lang='lat' dir='ltr'><strong>in</strong></span> <span class='ocrx_word' id='word_1_475' title='bbox 2306 3081 2513 3118; x_wconf 88' lang='lat' dir='ltr'><strong>carnem</strong></span> <span class='ocrx_word' id='word_1_476' title='bbox 2558 3080 2737 3117; x_wconf 86' lang='lat' dir='ltr'><strong>unam.</strong></span> <span class='ocrx_word' id='word_1_477' title='bbox 2780 3063 3177 3116; x_wconf 77' lang='lat' dir='ltr'><strong>Sacrameutum</strong></span> <span class='ocrx_word' id='word_1_478' title='bbox 3216 3061 3311 3116; x_wconf 85' lang='lat' dir='ltr'><strong>hoc</strong></span> <span class='ocrx_word' id='word_1_479' title='bbox 3354 3077 3472 3114; x_wconf 86' lang='lat' dir='ltr'><strong>ma-</strong></span> 
     </span>
    </p>
   </div>
   <div class='ocr_carea' id='block_1_63' title="bbox 226 3152 1803 3229">
    <p class='ocr_par' dir='ltr' id='par_1_63' title="bbox 226 3156 1797 3229">
     <span class='ocr_line' id='line_1_63' title="bbox 226 3156 1797 3229; baseline 0.003 -22"><span class='ocrx_word' id='word_1_480' title='bbox 226 3156 476 3225; x_wconf 79' lang='grc' dir='ltr'>Χριστὸς</span> <span class='ocrx_word' id='word_1_481' title='bbox 527 3159 646 3227; x_wconf 79' lang='grc' dir='ltr'><strong>τὴν</strong></span> <span class='ocrx_word' id='word_1_482' title='bbox 697 3161 1091 3228; x_wconf 81' lang='grc' dir='ltr'>Ἐκκλησίαν”</span> <span class='ocrx_word' id='word_1_483' title='bbox 1149 3159 1237 3213; x_wconf 83' lang='grc' dir='ltr'>ὅτι</span> <span class='ocrx_word' id='word_1_484' title='bbox 1273 3159 1426 3229; x_wconf 76' lang='grc' dir='ltr'>μέλη</span> <span class='ocrx_word' id='word_1_485' title='bbox 1462 3158 1650 3228; x_wconf 83' lang='grc' dir='ltr'><strong>ἐσμὲν</strong></span> <span class='ocrx_word' id='word_1_486' title='bbox 1690 3158 1797 3212; x_wconf 87' lang='grc' dir='ltr'>τοῦ</span> 
     </span>
    </p>
   </div>
   <div class='ocr_carea' id='block_1_64' title="bbox 1906 3152 3466 3229">
    <p class='ocr_par' dir='ltr' id='par_1_64' title="bbox 1906 3152 3466 3227">
     <span class='ocr_line' id='line_1_64' title="bbox 1906 3152 3466 3227; baseline -0.004 -16"><span class='ocrx_word' id='word_1_487' title='bbox 1906 3173 2054 3227; x_wconf 72' lang='lat' dir='ltr'><strong>gnum</strong></span> <span class='ocrx_word' id='word_1_488' title='bbox 2070 3166 2180 3220; x_wconf 86' lang='lat' dir='ltr'><strong>est;</strong></span> <span class='ocrx_word' id='word_1_489' title='bbox 2197 3173 2286 3226; x_wconf 85' lang='lat' dir='ltr'><strong>ego</strong></span> <span class='ocrx_word' id='word_1_490' title='bbox 2303 3166 2478 3210; x_wconf 86' lang='lat' dir='ltr'><strong>autem</strong></span> <span class='ocrx_word' id='word_1_491' title='bbox 2494 3156 2633 3217; x_wconf 87' lang='lat' dir='ltr'><strong>dico,</strong></span> <span class='ocrx_word' id='word_1_492' title='bbox 2662 3157 2716 3208; x_wconf 87' lang='lat' dir='ltr'><strong>in</strong></span> <span class='ocrx_word' id='word_1_493' title='bbox 2733 3153 2999 3209; x_wconf 75' lang='lat' dir='ltr'><strong>Christum</strong></span> <span class='ocrx_word' id='word_1_494' title='bbox 3016 3164 3063 3206; x_wconf 87' lang='lat' dir='ltr'><strong>et</strong></span> <span class='ocrx_word' id='word_1_495' title='bbox 3081 3154 3133 3206; x_wconf 89' lang='lat' dir='ltr'><strong>in</strong></span> <span class='ocrx_word' id='word_1_496' title='bbox 3152 3152 3466 3207; x_wconf 80' lang='lat' dir='ltr'><strong>Ecclesium.</strong></span> 
     </span>
    </p>
   </div>
   <div class='ocr_carea' id='block_1_65' title="bbox 226 3244 3473 3321">
    <p class='ocr_par' dir='ltr' id='par_1_65' title="bbox 226 3244 3473 3321">
     <span class='ocr_line' id='line_1_65' title="bbox 226 3244 3473 3321; baseline -0.003 -15"><span class='ocrx_word' id='word_1_497' title='bbox 226 3248 493 3320; x_wconf 82' lang='grc' dir='ltr'>σώματος</span> <span class='ocrx_word' id='word_1_498' title='bbox 525 3252 731 3306; x_wconf 81' lang='grc' dir='ltr'>αὑτοῦ.</span> <span class='ocrx_word' id='word_1_499' title='bbox 794 3254 943 3307; x_wconf 77' lang='grc' dir='ltr'><strong>Ἀντὶ</strong></span> <span class='ocrx_word' id='word_1_500' title='bbox 1001 3254 1215 3307; x_wconf 81' lang='grc' dir='ltr'>τούτου</span> <span class='ocrx_word' id='word_1_501' title='bbox 1269 3254 1613 3321; x_wconf 69' lang='grc' dir='ltr'>καταλείψει</span> <span class='ocrx_word' id='word_1_502' title='bbox 1670 3250 1977 3320; x_wconf 78' lang='grc' dir='ltr'>ἄνθρωπος</span> <span class='ocrx_word' id='word_1_503' title='bbox 2000 3250 2107 3304; x_wconf 77' lang='grc' dir='ltr'><strong>τὸν</strong></span> <span class='ocrx_word' id='word_1_504' title='bbox 2138 3250 2361 3317; x_wconf 80' lang='grc' dir='ltr'>πατέρα</span> <span class='ocrx_word' id='word_1_505' title='bbox 2408 3247 2592 3302; x_wconf 86' lang='grc' dir='ltr'>αὐτοῦ</span> <span class='ocrx_word' id='word_1_506' title='bbox 2623 3245 2721 3299; x_wconf 78' lang='grc' dir='ltr'>καὶ</span> <span class='ocrx_word' id='word_1_507' title='bbox 2742 3244 2855 3313; x_wconf 83' lang='grc' dir='ltr'><strong>τὴν</strong></span> <span class='ocrx_word' id='word_1_508' title='bbox 2876 3245 3121 3314; x_wconf 82' lang='grc' dir='ltr'>μητέρα,</span> <span class='ocrx_word' id='word_1_509' title='bbox 3148 3245 3244 3297; x_wconf 73' lang='grc' dir='ltr'>καὶ</span> <span class='ocrx_word' id='word_1_510' title='bbox 3284 3255 3473 3312; x_wconf 82' lang='grc' dir='ltr'>προσ-</span> 
     </span>
    </p>
   </div>
   <div class='ocr_carea' id='block_1_66' title="bbox 230 3334 3474 3414">
    <p class='ocr_par' dir='ltr' id='par_1_66' title="bbox 230 3334 3474 3414">
     <span class='ocr_line' id='line_1_66' title="bbox 230 3334 3474 3414; baseline -0.003 -16"><span class='ocrx_word' id='word_1_511' title='bbox 230 3343 668 3411; x_wconf 70' lang='grc' dir='ltr'>κολληθήσεται</span> <span class='ocrx_word' id='word_1_512' title='bbox 729 3344 805 3413; x_wconf 74' lang='grc' dir='ltr'>τῇ</span> <span class='ocrx_word' id='word_1_513' title='bbox 844 3345 1080 3414; x_wconf 75' lang='grc' dir='ltr'>γυναικὶ</span> <span class='ocrx_word' id='word_1_514' title='bbox 1117 3343 1327 3407; x_wconf 85' lang='grc' dir='ltr'>αὑτοῦ,</span> <span class='ocrx_word' id='word_1_515' title='bbox 1365 3344 1463 3397; x_wconf 81' lang='grc' dir='ltr'>καὶ</span> <span class='ocrx_word' id='word_1_516' title='bbox 1497 3344 1741 3398; x_wconf 75' lang='grc' dir='ltr'>ἔσονται</span> <span class='ocrx_word' id='word_1_517' title='bbox 1809 3343 1998 3397; x_wconf 83' lang='grc' dir='ltr'>οἱδύο</span> <span class='ocrx_word' id='word_1_518' title='bbox 2044 3346 2131 3408; x_wconf 82' lang='grc' dir='ltr'>εὶς</span> <span class='ocrx_word' id='word_1_519' title='bbox 2168 3340 2366 3408; x_wconf 82' lang='grc' dir='ltr'><strong>σάρκα</strong></span> <span class='ocrx_word' id='word_1_520' title='bbox 2397 3341 2564 3409; x_wconf 78' lang='grc' dir='ltr'>μίαν.</span> <span class='ocrx_word' id='word_1_521' title='bbox 2612 3340 2677 3393; x_wconf 81' lang='grc' dir='ltr'><em>Τὸ</em></span> <span class='ocrx_word' id='word_1_522' title='bbox 2722 3335 3060 3407; x_wconf 80' lang='grc' dir='ltr'>μυστήριον</span> <span class='ocrx_word' id='word_1_523' title='bbox 3106 3336 3282 3391; x_wconf 85' lang='grc' dir='ltr'>τοῦτο</span> <span class='ocrx_word' id='word_1_524' title='bbox 3318 3334 3474 3405; x_wconf 62' lang='grc' dir='ltr'>μέγα</span> 
     </span>
    </p>
   </div>
   <div class='ocr_carea' id='block_1_67' title="bbox 226 3437 2245 3510">
    <p class='ocr_par' dir='ltr' id='par_1_67' title="bbox 226 3437 2245 3510">
     <span class='ocr_line' id='line_1_67' title="bbox 226 3437 2245 3510; baseline -0.003 -16"><span class='ocrx_word' id='word_1_525' title='bbox 226 3442 427 3494; x_wconf 74' lang='grc' dir='ltr'>ἐστίν’</span> <span class='ocrx_word' id='word_1_526' title='bbox 478 3439 596 3509; x_wconf 75' lang='grc' dir='ltr'>ἐγὼ</span> <span class='ocrx_word' id='word_1_527' title='bbox 646 3438 714 3492; x_wconf 80' lang='grc' dir='ltr'>δὲ</span> <span class='ocrx_word' id='word_1_528' title='bbox 751 3441 908 3510; x_wconf 76' lang='grc' dir='ltr'>λέγω</span> <span class='ocrx_word' id='word_1_529' title='bbox 941 3442 1028 3509; x_wconf 83' lang='grc' dir='ltr'>εὶς</span> <span class='ocrx_word' id='word_1_530' title='bbox 1089 3440 1347 3509; x_wconf 81' lang='grc' dir='ltr'>Χριστὸν</span> <span class='ocrx_word' id='word_1_531' title='bbox 1405 3439 1505 3493; x_wconf 79' lang='grc' dir='ltr'>καὶ</span> <span class='ocrx_word' id='word_1_532' title='bbox 1551 3441 1661 3505; x_wconf 51' lang='grc' dir='ltr'>εὶς,</span> <span class='ocrx_word' id='word_1_533' title='bbox 1697 3439 1815 3507; x_wconf 82' lang='grc' dir='ltr'>τὴν</span> <span class='ocrx_word' id='word_1_534' title='bbox 1864 3437 2245 3505; x_wconf 73' lang='grc' dir='ltr'><strong>Ἐκκλησίαν.</strong></span> 
     </span>
    </p>
   </div>
   <div class='ocr_carea' id='block_1_68' title="bbox 234 3567 3470 3646">
    <p class='ocr_par' dir='ltr' id='par_1_68' title="bbox 234 3567 3470 3646">
     <span class='ocr_line' id='line_1_68' title="bbox 234 3567 3470 3646; baseline 0 -20"><span class='ocrx_word' id='word_1_535' title='bbox 234 3570 352 3626; x_wconf 72' lang='lat' dir='ltr'><strong>Cn.</strong></span> <span class='ocrx_word' id='word_1_536' title='bbox 388 3571 456 3626; x_wconf 92' lang='lat' dir='ltr'><strong>ll.</strong></span> <span class='ocrx_word' id='word_1_537' title='bbox 488 3572 735 3641; x_wconf 79' lang='lat' dir='ltr'><strong>Apostoli</strong></span> <span class='ocrx_word' id='word_1_538' title='bbox 757 3573 919 3627; x_wconf 81' lang='lat' dir='ltr'><strong>Pauli</strong></span> <span class='ocrx_word' id='word_1_539' title='bbox 942 3574 1310 3646; x_wconf 81' lang='lat' dir='ltr'><strong>digressiones.</strong></span> <span class='ocrx_word' id='word_1_540' title='bbox 1340 3573 1471 3644; x_wconf 85' lang='lat' dir='ltr'><strong>Ejus</strong></span> <span class='ocrx_word' id='word_1_541' title='bbox 1503 3573 1758 3646; x_wconf 78' lang='lat' dir='ltr'><strong>doctrina:</strong></span> <span class='ocrx_word' id='word_1_542' title='bbox 1788 3574 2063 3646; x_wconf 73' lang='lat' dir='ltr'><strong>character</strong></span> <span class='ocrx_word' id='word_1_543' title='bbox 2086 3612 2101 3635; x_wconf 95' lang='lat'><strong>,</strong></span> <span class='ocrx_word' id='word_1_544' title='bbox 2132 3569 2279 3646; x_wconf 81' lang='lat' dir='ltr'><strong>nihil</strong></span> <span class='ocrx_word' id='word_1_545' title='bbox 2310 3571 2369 3646; x_wconf 76' lang='lat' dir='ltr'><strong>in</strong></span> <span class='ocrx_word' id='word_1_546' title='bbox 2390 3586 2451 3646; x_wconf 68' lang='lat' dir='ltr'><strong>eo</strong></span> <span class='ocrx_word' id='word_1_547' title='bbox 2480 3569 2891 3623; x_wconf 81' lang='lat' dir='ltr'><strong>dissentaneum.</strong></span> <span class='ocrx_word' id='word_1_548' title='bbox 2925 3567 3166 3639; x_wconf 72' lang='lat' dir='ltr'><strong>Sufﬁxus</strong></span> <span class='ocrx_word' id='word_1_549' title='bbox 3197 3568 3470 3641; x_wconf 82' lang='lat' dir='ltr'><strong>Origenes,</strong></span> 
     </span>
    </p>
   </div>
   <div class='ocr_carea' id='block_1_69' title="bbox 1245 3640 2447 3717">
    <p class='ocr_par' dir='ltr' id='par_1_69' title="bbox 1245 3640 2447 3717">
     <span class='ocr_line' id='line_1_69' title="bbox 1245 3640 2447 3717; baseline -0.003 -18"><span class='ocrx_word' id='word_1_550' title='bbox 1245 3647 1335 3717; x_wconf 87' lang='lat' dir='ltr'><strong>qui</strong></span> <span class='ocrx_word' id='word_1_551' title='bbox 1356 3640 1587 3715; x_wconf 78' lang='lat' dir='ltr'><strong>improbe</strong></span> <span class='ocrx_word' id='word_1_552' title='bbox 1619 3646 1798 3698; x_wconf 88' lang='lat' dir='ltr'><strong>omnia</strong></span> <span class='ocrx_word' id='word_1_553' title='bbox 1820 3643 1888 3697; x_wconf 89' lang='lat' dir='ltr'><strong>ad</strong></span> <span class='ocrx_word' id='word_1_554' title='bbox 1921 3642 2232 3713; x_wconf 85' lang='lat' dir='ltr'><strong>allegoriam</strong></span> <span class='ocrx_word' id='word_1_555' title='bbox 2263 3640 2447 3695; x_wconf 86' lang='lat' dir='ltr'><strong>trahit.</strong></span> 
     </span>
    </p>
   </div>
   <div class='ocr_carea' id='block_1_70' title="bbox 295 3757 1796 3832">
    <p class='ocr_par' dir='ltr' id='par_1_70' title="bbox 295 3757 1796 3832">
     <span class='ocr_line' id='line_1_70' title="bbox 295 3757 1796 3832; baseline -0.003 -19"><span class='ocrx_word' id='word_1_556' title='bbox 295 3759 386 3829; x_wconf 73' lang='grc' dir='ltr'><strong>Μὴ</strong></span> <span class='ocrx_word' id='word_1_557' title='bbox 421 3759 645 3813; x_wconf 84' lang='grc' dir='ltr'>κινείτω</span> <span class='ocrx_word' id='word_1_558' title='bbox 687 3758 746 3811; x_wconf 82' lang='grc' dir='ltr'>δέ</span> <span class='ocrx_word' id='word_1_559' title='bbox 789 3775 870 3823; x_wconf 83' lang='grc' dir='ltr'><strong>σε,</strong></span> <span class='ocrx_word' id='word_1_560' title='bbox 915 3762 963 3813; x_wconf 74' lang='grc' dir='ltr'>εἰ</span> <span class='ocrx_word' id='word_1_561' title='bbox 1014 3760 1141 3832; x_wconf 73' lang='grc' dir='ltr'>περὶ</span> <span class='ocrx_word' id='word_1_562' title='bbox 1178 3760 1378 3831; x_wconf 77' lang='grc' dir='ltr'>ἐτέρων</span> <span class='ocrx_word' id='word_1_563' title='bbox 1419 3757 1796 3828; x_wconf 84' lang='grc' dir='ltr'>διαλεγόμενος</span> 
     </span>
    </p>
   </div>
   <div class='ocr_carea' id='block_1_71' title="bbox 226 3849 1797 3921">
    <p class='ocr_par' dir='ltr' id='par_1_71' title="bbox 226 3849 1797 3921">
     <span class='ocr_line' id='line_1_71' title="bbox 226 3849 1797 3921; baseline -0.001 -20"><span class='ocrx_word' id='word_1_564' title='bbox 226 3850 307 3913; x_wconf 83' lang='grc' dir='ltr'>εἰς</span> <span class='ocrx_word' id='word_1_565' title='bbox 339 3852 500 3921; x_wconf 74' lang='grc' dir='ltr'>ἕτερα</span> <span class='ocrx_word' id='word_1_566' title='bbox 542 3850 855 3921; x_wconf 77' lang='grc' dir='ltr'>μεταπηδᾷ·</span> <span class='ocrx_word' id='word_1_567' title='bbox 880 3850 1018 3903; x_wconf 84' lang='grc' dir='ltr'>ὥστε</span> <span class='ocrx_word' id='word_1_568' title='bbox 1049 3849 1289 3921; x_wconf 75' lang='grc' dir='ltr'>νομίζειν</span> <span class='ocrx_word' id='word_1_569' title='bbox 1316 3850 1675 3921; x_wconf 81' lang='grc' dir='ltr'>ἁναμιγνύναι</span> <span class='ocrx_word' id='word_1_570' title='bbox 1704 3849 1797 3901; x_wconf 75' lang='grc' dir='ltr'>καὶ</span> 
     </span>
    </p>
   </div>
   <div class='ocr_carea' id='block_1_72' title="bbox 228 3940 1795 4014">
    <p class='ocr_par' dir='ltr' id='par_1_72' title="bbox 228 3940 1795 4014">
     <span class='ocr_line' id='line_1_72' title="bbox 228 3940 1795 4014; baseline 0 -21"><span class='ocrx_word' id='word_1_571' title='bbox 228 3940 634 4011; x_wconf 74' lang='grc' dir='ltr'>παρεμϐάλλειν</span> <span class='ocrx_word' id='word_1_572' title='bbox 681 3940 841 3993; x_wconf 83' lang='grc' dir='ltr'>αὐτὸν</span> <span class='ocrx_word' id='word_1_573' title='bbox 911 3940 1139 4011; x_wconf 82' lang='grc' dir='ltr'><strong>ἀνόμοια</strong></span> <span class='ocrx_word' id='word_1_574' title='bbox 1198 3944 1308 4003; x_wconf 84' lang='grc' dir='ltr'>τοῖς</span> <span class='ocrx_word' id='word_1_575' title='bbox 1382 3942 1795 4014; x_wconf 82' lang='grc' dir='ltr'>προκειμένοις,</span> 
     </span>
    </p>
   </div>
   <div class='ocr_carea' id='block_1_73' title="bbox 230 4031 1792 4104">
    <p class='ocr_par' dir='ltr' id='par_1_73' title="bbox 230 4031 1792 4104">
     <span class='ocr_line' id='line_1_73' title="bbox 230 4031 1792 4104; baseline -0.001 -18"><span class='ocrx_word' id='word_1_576' title='bbox 230 4032 669 4104; x_wconf 78' lang='grc' dir='ltr'>παρεκΰαίνοντα</span> <span class='ocrx_word' id='word_1_577' title='bbox 699 4032 792 4085; x_wconf 73' lang='grc' dir='ltr'>τοῦ</span> <span class='ocrx_word' id='word_1_578' title='bbox 832 4031 1164 4103; x_wconf 80' lang='grc' dir='ltr'>σκέμματος,</span> <span class='ocrx_word' id='word_1_579' title='bbox 1193 4032 1381 4104; x_wconf 84' lang='grc' dir='ltr'>ὥσπερ</span> <span class='ocrx_word' id='word_1_580' title='bbox 1429 4034 1493 4104; x_wconf 82' lang='grc' dir='ltr'>δὴ</span> <span class='ocrx_word' id='word_1_581' title='bbox 1537 4035 1630 4086; x_wconf 77' lang='grc' dir='ltr'>καὶ</span> <span class='ocrx_word' id='word_1_582' title='bbox 1679 4033 1792 4085; x_wconf 78' lang='grc' dir='ltr'><strong>νῦν.</strong></span> 
     </span>
    </p>
   </div>
   <div class='ocr_carea' id='block_1_74' title="bbox 230 4124 1799 4197">
    <p class='ocr_par' dir='ltr' id='par_1_74' title="bbox 230 4124 1799 4197">
     <span class='ocr_line' id='line_1_74' title="bbox 230 4124 1799 4197; baseline 0 -19"><span class='ocrx_word' id='word_1_583' title='bbox 230 4125 358 4196; x_wconf 75' lang='grc' dir='ltr'>Περὶ</span> <span class='ocrx_word' id='word_1_584' title='bbox 396 4124 499 4193; x_wconf 79' lang='grc' dir='ltr'>τῆς</span> <span class='ocrx_word' id='word_1_585' title='bbox 544 4124 761 4192; x_wconf 77' lang='grc' dir='ltr'>ἁγνείας</span> <span class='ocrx_word' id='word_1_586' title='bbox 789 4124 899 4195; x_wconf 83' lang='grc' dir='ltr'><strong>γὰρ</strong></span> <span class='ocrx_word' id='word_1_587' title='bbox 936 4124 1216 4197; x_wconf 77' lang='grc' dir='ltr'>ἐθελήσας,</span> <span class='ocrx_word' id='word_1_588' title='bbox 1246 4125 1322 4189; x_wconf 86' lang='grc' dir='ltr'>ὡς</span> <span class='ocrx_word' id='word_1_589' title='bbox 1352 4126 1524 4191; x_wconf 76' lang='grc' dir='ltr'>εἰκὸς,</span> <span class='ocrx_word' id='word_1_590' title='bbox 1557 4125 1799 4197; x_wconf 85' lang='grc' dir='ltr'>μεμελη-</span> 
     </span>
    </p>
   </div>
   <div class='ocr_carea' id='block_1_75' title="bbox 227 4215 1798 4290">
    <p class='ocr_par' dir='ltr' id='par_1_75' title="bbox 227 4215 1798 4290">
     <span class='ocr_line' id='line_1_75' title="bbox 227 4215 1798 4290; baseline 0.001 -20"><span class='ocrx_word' id='word_1_591' title='bbox 227 4217 402 4287; x_wconf 67' lang='grc' dir='ltr'>μένως</span> <span class='ocrx_word' id='word_1_592' title='bbox 430 4216 583 4287; x_wconf 71' lang='grc' dir='ltr'>αὐτῷ</span> <span class='ocrx_word' id='word_1_593' title='bbox 612 4215 979 4287; x_wconf 73' lang='grc' dir='ltr'>κρατυνθῆναι</span> <span class='ocrx_word' id='word_1_594' title='bbox 1012 4217 1189 4285; x_wconf 86' lang='grc' dir='ltr'>λόγον,</span> <span class='ocrx_word' id='word_1_595' title='bbox 1224 4217 1629 4290; x_wconf 62' lang='grc' dir='ltr'>προδιορθοῦται</span> <span class='ocrx_word' id='word_1_596' title='bbox 1663 4219 1798 4289; x_wconf 86' lang='grc' dir='ltr'>πρό-</span> 
     </span>
    </p>
   </div>
   <div class='ocr_carea' id='block_1_76' title="bbox 222 4310 1800 4385">
    <p class='ocr_par' dir='ltr' id='par_1_76' title="bbox 222 4310 1800 4385">
     <span class='ocr_line' id='line_1_76' title="bbox 222 4310 1800 4385; baseline 0.003 -23"><span class='ocrx_word' id='word_1_597' title='bbox 222 4326 379 4382; x_wconf 79' lang='grc' dir='ltr'>τερον</span> <span class='ocrx_word' id='word_1_598' title='bbox 420 4311 521 4383; x_wconf 78' lang='grc' dir='ltr'>τὴν</span> <span class='ocrx_word' id='word_1_599' title='bbox 568 4312 948 4384; x_wconf 79' lang='grc' dir='ltr'>ἐπιχείρησιν,</span> <span class='ocrx_word' id='word_1_600' title='bbox 988 4310 1063 4382; x_wconf 83' lang='grc' dir='ltr'><strong>τῷ</strong></span> <span class='ocrx_word' id='word_1_601' title='bbox 1109 4312 1362 4384; x_wconf 82' lang='grc' dir='ltr'>λειοτέρῳ</span> <span class='ocrx_word' id='word_1_602' title='bbox 1407 4313 1506 4384; x_wconf 81' lang='grc' dir='ltr'>τῆς</span> <span class='ocrx_word' id='word_1_603' title='bbox 1549 4314 1800 4385; x_wconf 79' lang='grc' dir='ltr'>φράσεως</span> 
     </span>
    </p>
   </div>
   <div class='ocr_carea' id='block_1_77' title="bbox 219 4399 1797 4475">
    <p class='ocr_par' dir='ltr' id='par_1_77' title="bbox 219 4399 1797 4475">
     <span class='ocr_line' id='line_1_77' title="bbox 219 4399 1797 4475; baseline 0.003 -24"><span class='ocrx_word' id='word_1_604' title='bbox 219 4399 523 4471; x_wconf 73' lang='grc' dir='ltr'>ἀρχόμενος</span> <span class='ocrx_word' id='word_1_605' title='bbox 564 4401 743 4471; x_wconf 83' lang='grc' dir='ltr'>τύπῳ.</span> <span class='ocrx_word' id='word_1_606' title='bbox 781 4402 838 4453; x_wconf 86' lang='lat'><strong>&#39;0</strong></span> <span class='ocrx_word' id='word_1_607' title='bbox 880 4402 987 4473; x_wconf 83' lang='grc' dir='ltr'>γάρ</span> <span class='ocrx_word' id='word_1_608' title='bbox 1038 4419 1120 4455; x_wconf 88' lang='grc' dir='ltr'><strong>τοι</strong></span> <span class='ocrx_word' id='word_1_609' title='bbox 1169 4404 1451 4475; x_wconf 81' lang='grc' dir='ltr'>χαρακτὴρ</span> <span class='ocrx_word' id='word_1_610' title='bbox 1497 4403 1644 4474; x_wconf 77' lang='grc' dir='ltr'>αὐτῷ</span> <span class='ocrx_word' id='word_1_611' title='bbox 1691 4404 1797 4456; x_wconf 85' lang='grc' dir='ltr'><strong>τῶν</strong></span> 
     </span>
    </p>
   </div>
   <div class='ocr_carea' id='block_1_78' title="bbox 1970 3750 3471 3822">
    <p class='ocr_par' dir='ltr' id='par_1_78' title="bbox 1970 3750 3471 3822">
     <span class='ocr_line' id='line_1_78' title="bbox 1970 3750 3471 3822; baseline 0.001 -13"><span class='ocrx_word' id='word_1_612' title='bbox 1970 3755 2081 3811; x_wconf 87' lang='lat' dir='ltr'><strong>Nec</strong></span> <span class='ocrx_word' id='word_1_613' title='bbox 2106 3771 2238 3811; x_wconf 86' lang='lat' dir='ltr'><strong>vero</strong></span> <span class='ocrx_word' id='word_1_614' title='bbox 2271 3764 2322 3810; x_wconf 91' lang='lat' dir='ltr'><strong>te</strong></span> <span class='ocrx_word' id='word_1_615' title='bbox 2345 3761 2577 3813; x_wconf 87' lang='lat' dir='ltr'><strong>moveat,</strong></span> <span class='ocrx_word' id='word_1_616' title='bbox 2602 3752 2746 3822; x_wconf 90' lang='lat' dir='ltr'><strong>quod</strong></span> <span class='ocrx_word' id='word_1_617' title='bbox 2776 3750 2898 3806; x_wconf 90' lang='lat' dir='ltr'><strong>aliis</strong></span> <span class='ocrx_word' id='word_1_618' title='bbox 2926 3750 2994 3805; x_wconf 88' lang='lat' dir='ltr'><strong>de</strong></span> <span class='ocrx_word' id='word_1_619' title='bbox 3021 3751 3187 3807; x_wconf 91' lang='lat' dir='ltr'><strong>rebus</strong></span> <span class='ocrx_word' id='word_1_620' title='bbox 3217 3754 3471 3812; x_wconf 88' lang='lat' dir='ltr'><strong>instituto</strong></span> 
     </span>
    </p>
   </div>
   <div class='ocr_carea' id='block_1_79' title="bbox 1901 3842 3471 3912">
    <p class='ocr_par' dir='ltr' id='par_1_79' title="bbox 1901 3842 3471 3912">
     <span class='ocr_line' id='line_1_79' title="bbox 1901 3842 3471 3912; baseline -0.001 -11"><span class='ocrx_word' id='word_1_621' title='bbox 1901 3860 2172 3910; x_wconf 84' lang='lat' dir='ltr'><strong>sermone,</strong></span> <span class='ocrx_word' id='word_1_622' title='bbox 2205 3845 2273 3900; x_wconf 89' lang='lat' dir='ltr'><strong>ad</strong></span> <span class='ocrx_word' id='word_1_623' title='bbox 2300 3846 2403 3898; x_wconf 87' lang='lat' dir='ltr'><strong>alia</strong></span> <span class='ocrx_word' id='word_1_624' title='bbox 2435 3843 2690 3909; x_wconf 88' lang='lat' dir='ltr'><strong>transilit,</strong></span> <span class='ocrx_word' id='word_1_625' title='bbox 2717 3852 2777 3896; x_wconf 91' lang='lat' dir='ltr'><strong>ut</strong></span> <span class='ocrx_word' id='word_1_626' title='bbox 2806 3842 3135 3912; x_wconf 89' lang='lat' dir='ltr'><strong>permiscere</strong></span> <span class='ocrx_word' id='word_1_627' title='bbox 3166 3843 3471 3899; x_wconf 84' lang='lat' dir='ltr'><strong>doctrinam</strong></span> 
     </span>
    </p>
   </div>
   <div class='ocr_carea' id='block_1_80' title="bbox 1899 3934 3471 4007">
    <p class='ocr_par' dir='ltr' id='par_1_80' title="bbox 1899 3934 3471 4007">
     <span class='ocr_line' id='line_1_80' title="bbox 1899 3934 3471 4007; baseline 0.001 -18"><span class='ocrx_word' id='word_1_628' title='bbox 1899 3937 2143 3991; x_wconf 88' lang='lat' dir='ltr'><strong>videatur</strong></span> <span class='ocrx_word' id='word_1_629' title='bbox 2158 3953 2328 4007; x_wconf 89' lang='lat' dir='ltr'><strong>eaque</strong></span> <span class='ocrx_word' id='word_1_630' title='bbox 2350 3936 2669 3991; x_wconf 86' lang='lat' dir='ltr'><strong>intercalare</strong></span> <span class='ocrx_word' id='word_1_631' title='bbox 2683 3950 2803 4005; x_wconf 76' lang='lat' dir='ltr'><strong>qua:</strong></span> <span class='ocrx_word' id='word_1_632' title='bbox 2820 3934 3471 4003; x_wconf 85' lang='lat' dir='ltr'><strong>argumentodissideant,</strong></span> 
     </span>
    </p>
   </div>
   <div class='ocr_carea' id='block_1_81' title="bbox 1901 4026 3474 4098">
    <p class='ocr_par' dir='ltr' id='par_1_81' title="bbox 1901 4026 3474 4098">
     <span class='ocr_line' id='line_1_81' title="bbox 1901 4026 3474 4098; baseline 0.001 -17"><span class='ocrx_word' id='word_1_633' title='bbox 1901 4029 1969 4083; x_wconf 88' lang='lat' dir='ltr'><strong>ab</strong></span> <span class='ocrx_word' id='word_1_634' title='bbox 2001 4028 2243 4082; x_wconf 88' lang='lat' dir='ltr'><strong>instituta</strong></span> <span class='ocrx_word' id='word_1_635' title='bbox 2270 4028 2579 4098; x_wconf 75' lang='lat' dir='ltr'><strong>digrediens</strong></span> <span class='ocrx_word' id='word_1_636' title='bbox 2610 4026 3069 4089; x_wconf 87' lang='lat' dir='ltr'><strong>consideratione,</strong></span> <span class='ocrx_word' id='word_1_637' title='bbox 3108 4027 3183 4080; x_wconf 91' lang='lat' dir='ltr'><strong>uti</strong></span> <span class='ocrx_word' id='word_1_638' title='bbox 3206 4043 3264 4081; x_wconf 90' lang='lat' dir='ltr'><strong>se</strong></span> <span class='ocrx_word' id='word_1_639' title='bbox 3297 4043 3384 4083; x_wconf 89' lang='lat' dir='ltr'><strong>res</strong></span> <span class='ocrx_word' id='word_1_640' title='bbox 3416 4028 3474 4082; x_wconf 91' lang='lat' dir='ltr'><strong>in</strong></span> 
     </span>
    </p>
   </div>
   <div class='ocr_carea' id='block_1_82' title="bbox 1905 4117 3473 4191">
    <p class='ocr_par' dir='ltr' id='par_1_82' title="bbox 1905 4117 3473 4191">
     <span class='ocr_line' id='line_1_82' title="bbox 1905 4117 3473 4191; baseline -0.004 -17"><span class='ocrx_word' id='word_1_641' title='bbox 1905 4120 2085 4175; x_wconf 87' lang='lat' dir='ltr'><strong>verbis</strong></span> <span class='ocrx_word' id='word_1_642' title='bbox 2118 4120 2358 4173; x_wconf 85' lang='lat' dir='ltr'><strong>inductis</strong></span> <span class='ocrx_word' id='word_1_643' title='bbox 2389 4119 2566 4173; x_wconf 88' lang='lat' dir='ltr'><strong>habet.</strong></span> <span class='ocrx_word' id='word_1_644' title='bbox 2600 4117 2735 4171; x_wconf 86' lang='lat' dir='ltr'><strong>Nam</strong></span> <span class='ocrx_word' id='word_1_645' title='bbox 2761 4134 2882 4172; x_wconf 90' lang='lat' dir='ltr'><strong>cum</strong></span> <span class='ocrx_word' id='word_1_646' title='bbox 2905 4118 2971 4173; x_wconf 91' lang='lat' dir='ltr'><strong>de</strong></span> <span class='ocrx_word' id='word_1_647' title='bbox 2991 4118 3262 4183; x_wconf 81' lang='lat' dir='ltr'><strong>castitate,</strong></span> <span class='ocrx_word' id='word_1_648' title='bbox 3289 4129 3348 4173; x_wconf 88' lang='lat' dir='ltr'><strong>ut</strong></span> <span class='ocrx_word' id='word_1_649' title='bbox 3376 4135 3473 4191; x_wconf 77' lang='lat' dir='ltr'><strong>ap.</strong></span> 
     </span>
    </p>
   </div>
   <div class='ocr_carea' id='block_1_83' title="bbox 1899 4209 3473 4279">
    <p class='ocr_par' dir='ltr' id='par_1_83' title="bbox 1899 4209 3473 4279">
     <span class='ocr_line' id='line_1_83' title="bbox 1899 4209 3473 4279; baseline 0.003 -17"><span class='ocrx_word' id='word_1_650' title='bbox 1899 4219 2069 4279; x_wconf 91' lang='lat' dir='ltr'><strong>paret,</strong></span> <span class='ocrx_word' id='word_1_651' title='bbox 2109 4209 2298 4265; x_wconf 92' lang='lat' dir='ltr'><strong>sedulo</strong></span> <span class='ocrx_word' id='word_1_652' title='bbox 2327 4209 2628 4263; x_wconf 89' lang='lat' dir='ltr'><strong>doctrinam</strong></span> <span class='ocrx_word' id='word_1_653' title='bbox 2670 4209 2885 4263; x_wconf 88' lang='lat' dir='ltr'><strong>tradere</strong></span> <span class='ocrx_word' id='word_1_654' title='bbox 2915 4224 2979 4263; x_wconf 89' lang='lat' dir='ltr'><strong>ac</strong></span> <span class='ocrx_word' id='word_1_655' title='bbox 3005 4210 3329 4266; x_wconf 77' lang='lat' dir='ltr'><strong>conﬁrmare</strong></span> <span class='ocrx_word' id='word_1_656' title='bbox 3358 4213 3473 4266; x_wconf 88' lang='lat' dir='ltr'><strong>vel-</strong></span> 
     </span>
    </p>
   </div>
   <div class='ocr_carea' id='block_1_84' title="bbox 1899 4300 3472 4369">
    <p class='ocr_par' dir='ltr' id='par_1_84' title="bbox 1899 4300 3472 4369">
     <span class='ocr_line' id='line_1_84' title="bbox 1899 4300 3472 4369; baseline 0.002 -16"><span class='ocrx_word' id='word_1_657' title='bbox 1899 4300 1994 4364; x_wconf 83' lang='lat' dir='ltr'><strong>let,</strong></span> <span class='ocrx_word' id='word_1_658' title='bbox 2021 4301 2263 4355; x_wconf 90' lang='lat' dir='ltr'><strong>insinuat</strong></span> <span class='ocrx_word' id='word_1_659' title='bbox 2290 4316 2349 4354; x_wconf 91' lang='lat' dir='ltr'><strong>se</strong></span> <span class='ocrx_word' id='word_1_660' title='bbox 2380 4300 2552 4369; x_wconf 89' lang='lat' dir='ltr'><strong>prius,</strong></span> <span class='ocrx_word' id='word_1_661' title='bbox 2584 4310 2637 4354; x_wconf 87' lang='lat' dir='ltr'><strong>et</strong></span> <span class='ocrx_word' id='word_1_662' title='bbox 2665 4301 2854 4355; x_wconf 87' lang='lat' dir='ltr'><strong>molles</strong></span> <span class='ocrx_word' id='word_1_663' title='bbox 2882 4300 3034 4368; x_wconf 90' lang='lat' dir='ltr'><strong>quasi</strong></span> <span class='ocrx_word' id='word_1_664' title='bbox 3061 4301 3241 4354; x_wconf 88' lang='lat' dir='ltr'><strong>aditus</strong></span> <span class='ocrx_word' id='word_1_665' title='bbox 3260 4301 3326 4355; x_wconf 90' lang='lat' dir='ltr'><strong>ad</strong></span> <span class='ocrx_word' id='word_1_666' title='bbox 3347 4316 3472 4356; x_wconf 90' lang='lat' dir='ltr'><strong>eum</strong></span> 
     </span>
    </p>
   </div>
   <div class='ocr_carea' id='block_1_85' title="bbox 1902 4391 3473 4463">
    <p class='ocr_par' dir='ltr' id='par_1_85' title="bbox 1902 4391 3473 4463">
     <span class='ocr_line' id='line_1_85' title="bbox 1902 4391 3473 4463; baseline 0 -16"><span class='ocrx_word' id='word_1_667' title='bbox 1902 4408 2126 4463; x_wconf 90' lang='lat' dir='ltr'><strong>scopum</strong></span> <span class='ocrx_word' id='word_1_668' title='bbox 2148 4399 2351 4463; x_wconf 89' lang='lat' dir='ltr'><strong>captat,</strong></span> <span class='ocrx_word' id='word_1_669' title='bbox 2382 4391 2576 4447; x_wconf 89' lang='lat' dir='ltr'><strong>leniori</strong></span> <span class='ocrx_word' id='word_1_670' title='bbox 2603 4406 2667 4445; x_wconf 91' lang='lat' dir='ltr'><strong>ac</strong></span> <span class='ocrx_word' id='word_1_671' title='bbox 2693 4392 3051 4461; x_wconf 79' lang='lat' dir='ltr'><strong>plausibiliori</strong></span> <span class='ocrx_word' id='word_1_672' title='bbox 3076 4399 3237 4448; x_wconf 87' lang='lat' dir='ltr'><strong>utens</strong></span> <span class='ocrx_word' id='word_1_673' title='bbox 3266 4407 3473 4447; x_wconf 83' lang='lat' dir='ltr'><strong>sermo-</strong></span> 
     </span>
    </p>
   </div>
   <div class='ocr_carea' id='block_1_86' title="bbox 218 4481 1803 4563">
    <p class='ocr_par' dir='ltr' id='par_1_86' title="bbox 218 4489 1797 4563">
     <span class='ocr_line' id='line_1_86' title="bbox 218 4489 1797 4563; baseline 0.001 -20"><span class='ocrx_word' id='word_1_674' title='bbox 218 4490 421 4558; x_wconf 77' lang='grc' dir='ltr'>λόγων,</span> <span class='ocrx_word' id='word_1_675' title='bbox 441 4490 835 4553; x_wconf 77' lang='grc' dir='ltr'>ποικιλώτατος</span> <span class='ocrx_word' id='word_1_676' title='bbox 863 4489 955 4555; x_wconf 84' lang='grc' dir='ltr'><strong>ὢν,</strong></span> <span class='ocrx_word' id='word_1_677' title='bbox 974 4490 1069 4543; x_wconf 77' lang='grc' dir='ltr'><strong>κα¹ι⁹</strong></span> <span class='ocrx_word' id='word_1_678' title='bbox 1099 4492 1240 4544; x_wconf 84' lang='grc' dir='ltr'>κατὰ</span> <span class='ocrx_word' id='word_1_679' title='bbox 1264 4491 1601 4563; x_wconf 78' lang='grc' dir='ltr'>παραύξησιν</span> <span class='ocrx_word' id='word_1_680' title='bbox 1623 4491 1797 4561; x_wconf 77' lang='grc' dir='ltr'>ἐξειρ-</span> 
     </span>
    </p>
   </div>
   <div class='ocr_carea' id='block_1_87' title="bbox 1906 4481 3475 4563">
    <p class='ocr_par' dir='ltr' id='par_1_87' title="bbox 1906 4484 3475 4557">
     <span class='ocr_line' id='line_1_87' title="bbox 1906 4484 3475 4557; baseline 0.002 -17"><span class='ocrx_word' id='word_1_681' title='bbox 1906 4486 1989 4542; x_wconf 90' lang='lat' dir='ltr'><strong>nis</strong></span> <span class='ocrx_word' id='word_1_682' title='bbox 2018 4488 2289 4557; x_wconf 79' lang='lat' dir='ltr'><strong>ingressu.</strong></span> <span class='ocrx_word' id='word_1_683' title='bbox 2333 4484 2427 4539; x_wconf 87' lang='lat' dir='ltr'><strong>Est</strong></span> <span class='ocrx_word' id='word_1_684' title='bbox 2459 4485 2604 4538; x_wconf 88' lang='lat' dir='ltr'><strong>enim</strong></span> <span class='ocrx_word' id='word_1_685' title='bbox 2634 4486 2753 4553; x_wconf 86' lang='lat' dir='ltr'><strong>ejus</strong></span> <span class='ocrx_word' id='word_1_686' title='bbox 2786 4484 3041 4539; x_wconf 89' lang='lat' dir='ltr'><strong>dictionis</strong></span> <span class='ocrx_word' id='word_1_687' title='bbox 3071 4486 3351 4542; x_wconf 80' lang='lat' dir='ltr'><strong>character</strong></span> <span class='ocrx_word' id='word_1_688' title='bbox 3379 4488 3475 4543; x_wconf 89' lang='lat' dir='ltr'><strong>ad-</strong></span> 
     </span>
    </p>
   </div>
   <div class='ocr_carea' id='block_1_88' title="bbox 216 4579 1796 4651">
    <p class='ocr_par' dir='ltr' id='par_1_88' title="bbox 216 4579 1796 4651">
     <span class='ocr_line' id='line_1_88' title="bbox 216 4579 1796 4651; baseline 0.001 -19"><span class='ocrx_word' id='word_1_689' title='bbox 216 4581 513 4650; x_wconf 60' lang='lat' dir='ltr'><strong>yaapévog,</strong></span> <span class='ocrx_word' id='word_1_690' title='bbox 552 4581 784 4651; x_wconf 79' lang='grc' dir='ltr'>ἄρχεται</span> <span class='ocrx_word' id='word_1_691' title='bbox 819 4580 914 4649; x_wconf 81' lang='grc' dir='ltr'><strong>μὲν</strong></span> <span class='ocrx_word' id='word_1_692' title='bbox 943 4579 1398 4651; x_wconf 79' lang='grc' dir='ltr'>ἐπιπολαιότερον,</span> <span class='ocrx_word' id='word_1_693' title='bbox 1436 4583 1714 4651; x_wconf 84' lang='grc' dir='ltr'>προχεῖται</span> <span class='ocrx_word' id='word_1_694' title='bbox 1740 4580 1796 4634; x_wconf 82' lang='grc' dir='ltr'><strong>δὲ</strong></span> 
     </span>
    </p>
   </div>
   <div class='ocr_carea' id='block_1_89' title="bbox 216 4666 1800 4742">
    <p class='ocr_par' dir='ltr' id='par_1_89' title="bbox 216 4666 1800 4742">
     <span class='ocr_line' id='line_1_89' title="bbox 216 4666 1800 4742; baseline 0.001 -18"><span class='ocrx_word' id='word_1_695' title='bbox 216 4673 299 4735; x_wconf 78' lang='grc' dir='ltr'><strong>είς</strong></span> <span class='ocrx_word' id='word_1_696' title='bbox 333 4672 399 4724; x_wconf 84' lang='grc' dir='ltr'>τὸ</span> <span class='ocrx_word' id='word_1_697' title='bbox 434 4672 762 4742; x_wconf 59' lang='grc' dir='ltr'>ὑψηλότερον</span> <span class='ocrx_word' id='word_1_698' title='bbox 788 4671 882 4723; x_wconf 68' lang='grc' dir='ltr'>καὶ</span> <span class='ocrx_word' id='word_1_699' title='bbox 924 4670 1363 4742; x_wconf 80' lang='grc' dir='ltr'>μεγαλοπρεπές·</span> <span class='ocrx_word' id='word_1_700' title='bbox 1403 4666 1500 4724; x_wconf 75' lang='grc' dir='ltr'>εἶτ’</span> <span class='ocrx_word' id='word_1_701' title='bbox 1534 4668 1685 4735; x_wconf 78' lang='grc' dir='ltr'>αὖθις</span> <span class='ocrx_word' id='word_1_702' title='bbox 1717 4675 1800 4737; x_wconf 83' lang='grc' dir='ltr'><strong>είς</strong></span> 
     </span>
    </p>
   </div>
   <div class='ocr_carea' id='block_1_90' title="bbox 221 4760 1792 4833">
    <p class='ocr_par' dir='ltr' id='par_1_90' title="bbox 221 4760 1792 4833">
     <span class='ocr_line' id='line_1_90' title="bbox 221 4760 1792 4833; baseline 0 -19"><span class='ocrx_word' id='word_1_703' title='bbox 221 4761 502 4832; x_wconf 47' lang='lat' dir='ltr'><strong>homst:</strong></span> <span class='ocrx_word' id='word_1_704' title='bbox 532 4760 905 4831; x_wconf 72' lang='grc' dir='ltr'>μεταϐάλλων,</span> <span class='ocrx_word' id='word_1_705' title='bbox 937 4761 1026 4813; x_wconf 81' lang='grc' dir='ltr'>ὁτὲ</span> <span class='ocrx_word' id='word_1_706' title='bbox 1077 4761 1177 4831; x_wconf 82' lang='grc' dir='ltr'>μὲν</span> <span class='ocrx_word' id='word_1_707' title='bbox 1203 4763 1282 4822; x_wconf 84' lang='grc' dir='ltr'><strong>εἰς</strong></span> <span class='ocrx_word' id='word_1_708' title='bbox 1320 4760 1382 4812; x_wconf 69' lang='grc' dir='ltr'><em>’ὡ</em></span> <span class='ocrx_word' id='word_1_709' title='bbox 1429 4760 1792 4833; x_wconf 79' lang='grc' dir='ltr'>ἁπλούστερον</span> 
     </span>
    </p>
   </div>
   <div class='ocr_carea' id='block_1_91' title="bbox 218 4852 1793 4924">
    <p class='ocr_par' dir='ltr' id='par_1_91' title="bbox 218 4852 1793 4924">
     <span class='ocr_line' id='line_1_91' title="bbox 218 4852 1793 4924; baseline -0.001 -17"><span class='ocrx_word' id='word_1_710' title='bbox 218 4856 312 4907; x_wconf 71' lang='grc' dir='ltr'><strong>καὶ</strong></span> <span class='ocrx_word' id='word_1_711' title='bbox 343 4854 563 4923; x_wconf 67' lang='grc' dir='ltr'>ἀφελὲς,</span> <span class='ocrx_word' id='word_1_712' title='bbox 594 4853 683 4905; x_wconf 81' lang='grc' dir='ltr'><strong>ὁτὲ</strong></span> <span class='ocrx_word' id='word_1_713' title='bbox 725 4853 782 4905; x_wconf 86' lang='grc' dir='ltr'>δὲ</span> <span class='ocrx_word' id='word_1_714' title='bbox 809 4855 889 4916; x_wconf 75' lang='grc' dir='ltr'>εἰς</span> <span class='ocrx_word' id='word_1_715' title='bbox 932 4854 993 4906; x_wconf 84' lang='grc' dir='ltr'><strong>τὸ</strong></span> <span class='ocrx_word' id='word_1_716' title='bbox 1024 4852 1320 4924; x_wconf 85' lang='grc' dir='ltr'>δεινότερον</span> <span class='ocrx_word' id='word_1_717' title='bbox 1366 4853 1662 4924; x_wconf 85' lang='grc' dir='ltr'>καταλήγει</span> <span class='ocrx_word' id='word_1_718' title='bbox 1700 4854 1793 4907; x_wconf 70' lang='grc' dir='ltr'>καὶ</span> 
     </span>
    </p>
   </div>
   <div class='ocr_carea' id='block_1_92' title="bbox 218 4943 1794 5014">
    <p class='ocr_par' dir='ltr' id='par_1_92' title="bbox 218 4943 1794 5014">
     <span class='ocr_line' id='line_1_92' title="bbox 218 4943 1794 5014; baseline 0 -17"><span class='ocrx_word' id='word_1_719' title='bbox 218 4943 435 5008; x_wconf 76' lang='grc' dir='ltr'>λεπτὸν,</span> <span class='ocrx_word' id='word_1_720' title='bbox 461 4945 615 4998; x_wconf 74' lang='grc' dir='ltr'>οὐδὲν</span> <span class='ocrx_word' id='word_1_721' title='bbox 659 4944 938 5013; x_wconf 80' lang='grc' dir='ltr'>ἀλλότριον</span> <span class='ocrx_word' id='word_1_722' title='bbox 984 4945 1290 5013; x_wconf 79' lang='grc' dir='ltr'>ἐπεισάγων</span> <span class='ocrx_word' id='word_1_723' title='bbox 1336 4943 1443 4997; x_wconf 86' lang='grc' dir='ltr'>τῶν</span> <span class='ocrx_word' id='word_1_724' title='bbox 1490 4945 1794 5014; x_wconf 69' lang='grc' dir='ltr'>κεφαλαίων</span> 
     </span>
    </p>
   </div>
   <div class='ocr_carea' id='block_1_93' title="bbox 215 5035 1795 5109">
    <p class='ocr_par' dir='ltr' id='par_1_93' title="bbox 215 5035 1795 5109">
     <span class='ocr_line' id='line_1_93' title="bbox 215 5035 1795 5109; baseline 0.003 -22"><span class='ocrx_word' id='word_1_725' title='bbox 215 5038 337 5098; x_wconf 76' lang='grc' dir='ltr'>ταῖς</span> <span class='ocrx_word' id='word_1_726' title='bbox 371 5035 727 5104; x_wconf 70' lang='grc' dir='ltr'>ἐξαλλαγαῖς*</span> <span class='ocrx_word' id='word_1_727' title='bbox 767 5035 902 5089; x_wconf 77' lang='grc' dir='ltr'>ἀλλὰ</span> <span class='ocrx_word' id='word_1_728' title='bbox 937 5037 1111 5091; x_wconf 86' lang='grc' dir='ltr'>πάντα</span> <span class='ocrx_word' id='word_1_729' title='bbox 1144 5037 1287 5090; x_wconf 76' lang='grc' dir='ltr'>κατὰ</span> <span class='ocrx_word' id='word_1_730' title='bbox 1323 5055 1443 5090; x_wconf 85' lang='grc' dir='ltr'>τινα</span> <span class='ocrx_word' id='word_1_731' title='bbox 1478 5037 1795 5109; x_wconf 80' lang='grc' dir='ltr'>θαυμαστὴν</span> 
     </span>
    </p>
   </div>
   <div class='ocr_carea' id='block_1_94' title="bbox 214 5127 1799 5201">
    <p class='ocr_par' dir='ltr' id='par_1_94' title="bbox 214 5127 1799 5201">
     <span class='ocr_line' id='line_1_94' title="bbox 214 5127 1799 5201; baseline 0.003 -23"><span class='ocrx_word' id='word_1_732' title='bbox 214 5128 526 5198; x_wconf 71' lang='grc' dir='ltr'>οἰκειότητα</span> <span class='ocrx_word' id='word_1_733' title='bbox 561 5129 1032 5200; x_wconf 76' lang='grc' dir='ltr'>συμπεριγρὰφων</span> <span class='ocrx_word' id='word_1_734' title='bbox 1092 5130 1171 5192; x_wconf 83' lang='grc' dir='ltr'>εἰς</span> <span class='ocrx_word' id='word_1_735' title='bbox 1215 5127 1273 5182; x_wconf 83' lang='grc' dir='ltr'><strong>ἓν</strong></span> <span class='ocrx_word' id='word_1_736' title='bbox 1322 5129 1383 5182; x_wconf 88' lang='grc' dir='ltr'>τὸ</span> <span class='ocrx_word' id='word_1_737' title='bbox 1437 5131 1799 5201; x_wconf 82' lang='grc' dir='ltr'>προκείμενον</span> 
     </span>
    </p>
   </div>
   <div class='ocr_carea' id='block_1_95' title="bbox 1905 4577 3476 4647">
    <p class='ocr_par' dir='ltr' id='par_1_95' title="bbox 1905 4577 3476 4647">
     <span class='ocr_line' id='line_1_95' title="bbox 1905 4577 3476 4647; baseline 0.001 -12"><span class='ocrx_word' id='word_1_738' title='bbox 1905 4580 2129 4635; x_wconf 92' lang='lat' dir='ltr'><strong>modum</strong></span> <span class='ocrx_word' id='word_1_739' title='bbox 2166 4579 2372 4641; x_wconf 83' lang='lat' dir='ltr'><strong>varius,</strong></span> <span class='ocrx_word' id='word_1_740' title='bbox 2420 4585 2474 4632; x_wconf 87' lang='lat' dir='ltr'><strong>et</strong></span> <span class='ocrx_word' id='word_1_741' title='bbox 2507 4579 2573 4631; x_wconf 87' lang='lat' dir='ltr'><strong>ad</strong></span> <span class='ocrx_word' id='word_1_742' title='bbox 2608 4592 2720 4630; x_wconf 87' lang='lat' dir='ltr'><strong>rem</strong></span> <span class='ocrx_word' id='word_1_743' title='bbox 2757 4577 2957 4631; x_wconf 86' lang='lat' dir='ltr'><strong>sensim</strong></span> <span class='ocrx_word' id='word_1_744' title='bbox 2997 4578 3297 4647; x_wconf 84' lang='lat' dir='ltr'><strong>augendam</strong></span> <span class='ocrx_word' id='word_1_745' title='bbox 3326 4596 3476 4636; x_wconf 85' lang='lat' dir='ltr'><strong>com-</strong></span> 
     </span>
    </p>
   </div>
   <div class='ocr_carea' id='block_1_96' title="bbox 1902 4667 3476 4745">
    <p class='ocr_par' dir='ltr' id='par_1_96' title="bbox 1902 4667 3476 4745">
     <span class='ocr_line' id='line_1_96' title="bbox 1902 4667 3476 4745; baseline -0.001 -17"><span class='ocrx_word' id='word_1_746' title='bbox 1902 4681 2147 4745; x_wconf 85' lang='lat' dir='ltr'><strong>paratus.</strong></span> <span class='ocrx_word' id='word_1_747' title='bbox 2188 4671 2265 4725; x_wconf 85' lang='lat' dir='ltr'><strong>Ac</strong></span> <span class='ocrx_word' id='word_1_748' title='bbox 2307 4669 2424 4740; x_wconf 90' lang='lat' dir='ltr'><strong>ipso</strong></span> <span class='ocrx_word' id='word_1_749' title='bbox 2456 4667 2674 4738; x_wconf 88' lang='lat' dir='ltr'><strong>quidem</strong></span> <span class='ocrx_word' id='word_1_750' title='bbox 2706 4668 2928 4722; x_wconf 79' lang='lat' dir='ltr'><strong>exordio</strong></span> <span class='ocrx_word' id='word_1_751' title='bbox 2963 4684 3076 4723; x_wconf 89' lang='lat' dir='ltr'><strong>rem</strong></span> <span class='ocrx_word' id='word_1_752' title='bbox 3110 4671 3281 4726; x_wconf 88' lang='lat' dir='ltr'><strong>levius</strong></span> <span class='ocrx_word' id='word_1_753' title='bbox 3313 4675 3476 4727; x_wconf 86' lang='lat' dir='ltr'><strong>attin-</strong></span> 
     </span>
    </p>
   </div>
   <div class='ocr_carea' id='block_1_97' title="bbox 1900 4760 3468 4836">
    <p class='ocr_par' dir='ltr' id='par_1_97' title="bbox 1900 4760 3468 4836">
     <span class='ocr_line' id='line_1_97' title="bbox 1900 4760 3468 4836; baseline -0.001 -17"><span class='ocrx_word' id='word_1_754' title='bbox 1900 4782 2054 4836; x_wconf 86' lang='lat' dir='ltr'><strong>gens,</strong></span> <span class='ocrx_word' id='word_1_755' title='bbox 2083 4778 2315 4832; x_wconf 78' lang='lat' dir='ltr'><strong>moxque</strong></span> <span class='ocrx_word' id='word_1_756' title='bbox 2337 4777 2395 4816; x_wconf 88' lang='lat' dir='ltr'><strong>se</strong></span> <span class='ocrx_word' id='word_1_757' title='bbox 2421 4762 2475 4814; x_wconf 90' lang='lat' dir='ltr'><strong>in</strong></span> <span class='ocrx_word' id='word_1_758' title='bbox 2504 4761 2698 4814; x_wconf 87' lang='lat' dir='ltr'><strong>altiora</strong></span> <span class='ocrx_word' id='word_1_759' title='bbox 2725 4773 2790 4811; x_wconf 89' lang='lat' dir='ltr'><strong>ac</strong></span> <span class='ocrx_word' id='word_1_760' title='bbox 2818 4760 3103 4829; x_wconf 77' lang='lat' dir='ltr'><strong>magnifica</strong></span> <span class='ocrx_word' id='word_1_761' title='bbox 3128 4760 3468 4818; x_wconf 86' lang='lat' dir='ltr'><strong>dill‘undens:</strong></span> 
     </span>
    </p>
   </div>
   <div class='ocr_carea' id='block_1_98' title="bbox 1898 4852 3473 4924">
    <p class='ocr_par' dir='ltr' id='par_1_98' title="bbox 1898 4852 3473 4924">
     <span class='ocr_line' id='line_1_98' title="bbox 1898 4852 3473 4924; baseline -0.004 -11"><span class='ocrx_word' id='word_1_762' title='bbox 1898 4867 2013 4913; x_wconf 87' lang='lat' dir='ltr'><strong>tum</strong></span> <span class='ocrx_word' id='word_1_763' title='bbox 2050 4873 2241 4911; x_wconf 89' lang='lat' dir='ltr'><strong>rursus</strong></span> <span class='ocrx_word' id='word_1_764' title='bbox 2270 4856 2323 4908; x_wconf 91' lang='lat' dir='ltr'><strong>in</strong></span> <span class='ocrx_word' id='word_1_765' title='bbox 2354 4853 2781 4924; x_wconf 86' lang='lat' dir='ltr'><strong>profunditatem</strong></span> <span class='ocrx_word' id='word_1_766' title='bbox 2811 4866 2931 4906; x_wconf 90' lang='lat' dir='ltr'><strong>sese</strong></span> <span class='ocrx_word' id='word_1_767' title='bbox 2957 4852 3269 4917; x_wconf 89' lang='lat' dir='ltr'><strong>demittens,</strong></span> <span class='ocrx_word' id='word_1_768' title='bbox 3304 4854 3473 4907; x_wconf 86' lang='lat' dir='ltr'><strong>inter-</strong></span> 
     </span>
    </p>
   </div>
   <div class='ocr_carea' id='block_1_99' title="bbox 1903 4940 3474 5017">
    <p class='ocr_par' dir='ltr' id='par_1_99' title="bbox 1903 4940 3474 5017">
     <span class='ocr_line' id='line_1_99' title="bbox 1903 4940 3474 5017; baseline -0.006 -13"><span class='ocrx_word' id='word_1_769' title='bbox 1903 4950 2030 5004; x_wconf 91' lang='lat' dir='ltr'><strong>dum</strong></span> <span class='ocrx_word' id='word_1_770' title='bbox 2068 4948 2121 5002; x_wconf 91' lang='lat' dir='ltr'><strong>in</strong></span> <span class='ocrx_word' id='word_1_771' title='bbox 2152 4948 2379 5017; x_wconf 83' lang='lat' dir='ltr'><strong>simplex</strong></span> <span class='ocrx_word' id='word_1_772' title='bbox 2411 4943 2614 5014; x_wconf 86' lang='lat' dir='ltr'><strong>aliquid</strong></span> <span class='ocrx_word' id='word_1_773' title='bbox 2649 4950 2701 4996; x_wconf 93' lang='lat' dir='ltr'><strong>et</strong></span> <span class='ocrx_word' id='word_1_774' title='bbox 2736 4940 2914 5002; x_wconf 87' lang='lat' dir='ltr'><strong>facile,</strong></span> <span class='ocrx_word' id='word_1_775' title='bbox 2950 4941 3218 4996; x_wconf 87' lang='lat' dir='ltr'><strong>interdum</strong></span> <span class='ocrx_word' id='word_1_776' title='bbox 3254 4944 3305 4996; x_wconf 91' lang='lat' dir='ltr'><strong>in</strong></span> <span class='ocrx_word' id='word_1_777' title='bbox 3334 4940 3474 4996; x_wconf 58' lang='grc' dir='ltr'><strong>ἁμαὶ-</strong></span> 
     </span>
    </p>
   </div>
   <div class='ocr_carea' id='block_1_100' title="bbox 1900 5034 3470 5109">
    <p class='ocr_par' dir='ltr' id='par_1_100' title="bbox 1900 5034 3470 5109">
     <span class='ocr_line' id='line_1_100' title="bbox 1900 5034 3470 5109; baseline -0.004 -14"><span class='ocrx_word' id='word_1_778' title='bbox 1900 5041 2057 5095; x_wconf 86' lang='lat' dir='ltr'><strong>cilius</strong></span> <span class='ocrx_word' id='word_1_779' title='bbox 2102 5039 2304 5109; x_wconf 88' lang='lat' dir='ltr'><strong>aliquid</strong></span> <span class='ocrx_word' id='word_1_780' title='bbox 2348 5047 2401 5093; x_wconf 91' lang='lat' dir='ltr'><strong>et</strong></span> <span class='ocrx_word' id='word_1_781' title='bbox 2440 5036 2706 5104; x_wconf 76' lang='lat' dir='ltr'><strong>subtilius</strong></span> <span class='ocrx_word' id='word_1_782' title='bbox 2755 5034 2987 5099; x_wconf 84' lang='lat' dir='ltr'><strong>desinit;</strong></span> <span class='ocrx_word' id='word_1_783' title='bbox 3035 5051 3135 5090; x_wconf 91' lang='lat' dir='ltr'><strong>nec</strong></span> <span class='ocrx_word' id='word_1_784' title='bbox 3177 5035 3470 5105; x_wconf 70' lang='lat' dir='ltr'><strong>quidquam</strong></span> 
     </span>
    </p>
   </div>
   <div class='ocr_carea' id='block_1_101' title="bbox 1900 5126 3472 5201">
    <p class='ocr_par' dir='ltr' id='par_1_101' title="bbox 1900 5126 3472 5201">
     <span class='ocr_line' id='line_1_101' title="bbox 1900 5126 3472 5201; baseline -0.001 -17"><span class='ocrx_word' id='word_1_785' title='bbox 1900 5138 2082 5186; x_wconf 88' lang='lat' dir='ltr'><strong>tamen</strong></span> <span class='ocrx_word' id='word_1_786' title='bbox 2122 5147 2219 5201; x_wconf 83' lang='lat' dir='ltr'><strong>per</strong></span> <span class='ocrx_word' id='word_1_787' title='bbox 2255 5131 2390 5186; x_wconf 85' lang='lat' dir='ltr'><strong>istas</strong></span> <span class='ocrx_word' id='word_1_788' title='bbox 2422 5127 2815 5184; x_wconf 87' lang='lat' dir='ltr'><strong>alternationes</strong></span> <span class='ocrx_word' id='word_1_789' title='bbox 2848 5126 3083 5180; x_wconf 89' lang='lat' dir='ltr'><strong>alienum</strong></span> <span class='ocrx_word' id='word_1_790' title='bbox 3125 5141 3157 5180; x_wconf 91' lang='lat' dir='ltr'><strong>a</strong></span> <span class='ocrx_word' id='word_1_791' title='bbox 3187 5142 3357 5198; x_wconf 88' lang='lat' dir='ltr'><strong>scopo</strong></span> <span class='ocrx_word' id='word_1_792' title='bbox 3381 5128 3472 5183; x_wconf 88' lang='lat' dir='ltr'><strong>in-</strong></span> 
     </span>
    </p>
   </div>
   <div class='ocr_carea' id='block_1_102' title="bbox 217 5278 1803 5355">
    <p class='ocr_par' dir='ltr' id='par_1_102' title="bbox 217 5278 1803 5354">
     <span class='ocr_line' id='line_1_102' title="bbox 217 5278 1803 5354; baseline 0.004 -20"><span class='ocrx_word' id='word_1_793' title='bbox 217 5278 262 5312; x_wconf 83' lang='grc'><strong>³⁸</strong></span> <span class='ocrx_word' id='word_1_794' title='bbox 304 5278 501 5350; x_wconf 82' lang='lat' dir='ltr'><strong>Ephes.</strong></span> <span class='ocrx_word' id='word_1_795' title='bbox 547 5300 605 5348; x_wconf 70' lang='grc' dir='ltr'><strong>ν,</strong></span> <span class='ocrx_word' id='word_1_796' title='bbox 642 5283 733 5338; x_wconf 70' lang='grc'><strong>52.</strong></span> <span class='ocrx_word' id='word_1_797' title='bbox 814 5284 860 5315; x_wconf 75' lang='grc'>³⁸</span> <span class='ocrx_word' id='word_1_798' title='bbox 894 5282 1023 5338; x_wconf 80' lang='lat' dir='ltr'><strong>Gen.</strong></span> <span class='ocrx_word' id='word_1_799' title='bbox 1064 5299 1125 5348; x_wconf 85' lang='grc' dir='ltr'><strong>ιι,</strong></span> <span class='ocrx_word' id='word_1_800' title='bbox 1165 5284 1260 5350; x_wconf 75' lang='grc'><strong>25,</strong></span> <span class='ocrx_word' id='word_1_801' title='bbox 1299 5284 1390 5341; x_wconf 73' lang='lat'><strong>9.4.</strong></span> <span class='ocrx_word' id='word_1_802' title='bbox 1467 5285 1511 5318; x_wconf 88' lang='grc'>³⁷</span> <span class='ocrx_word' id='word_1_803' title='bbox 1553 5285 1743 5354; x_wconf 86' lang='lat' dir='ltr'><strong>Ephes.</strong></span> <span class='ocrx_word' id='word_1_804' title='bbox 1786 5304 1803 5341; x_wconf 58' lang='grc' dir='ltr'><strong>η</strong></span> 
     </span>
    </p>
   </div>
   <div class='ocr_carea' id='block_1_103' title="bbox 1906 5278 2062 5355">
    <p class='ocr_par' dir='ltr' id='par_1_103' title="bbox 1906 5286 2062 5343">
     <span class='ocr_line' id='line_1_103' title="bbox 1906 5286 2062 5343; baseline 0.019 -3"><span class='ocrx_word' id='word_1_805' title='bbox 1906 5286 2062 5343; x_wconf 68' lang='grc' dir='ltr'><strong>ῐ8-52.</strong></span> 
     </span>
    </p>
   </div>
   <div class='ocr_carea' id='block_1_104' title="bbox 285 5444 1796 5569">
    <p class='ocr_par' dir='ltr' id='par_1_104' title="bbox 285 5444 1796 5569">
     <span class='ocr_line' id='line_1_104' title="bbox 285 5444 1796 5569; baseline 0.002 -70"><span class='ocrx_word' id='word_1_806' title='bbox 285 5444 407 5569; x_wconf 49' lang='lat'><strong>(5%)</strong></span> <span class='ocrx_word' id='word_1_807' title='bbox 440 5444 644 5512; x_wconf 73' lang='grc' dir='ltr'><strong>Δρυὼν</strong></span> <span class='ocrx_word' id='word_1_808' title='bbox 673 5444 874 5512; x_wconf 70' lang='grc' dir='ltr'>δίκην.</span> <span class='ocrx_word' id='word_1_809' title='bbox 904 5444 1085 5500; x_wconf 88' lang='lat' dir='ltr'><strong>Lectio</strong></span> <span class='ocrx_word' id='word_1_810' title='bbox 1112 5462 1175 5500; x_wconf 80' lang='lat' dir='ltr'><strong>ex</strong></span> <span class='ocrx_word' id='word_1_811' title='bbox 1196 5446 1509 5532; x_wconf 59' lang='lat' dir='ltr'><strong>conjectura</strong></span> <span class='ocrx_word' id='word_1_812' title='bbox 1530 5448 1796 5517; x_wconf 87' lang='lat' dir='ltr'><strong>interpre-</strong></span> 
     </span>
     <span class='ocr_line' id='line_1_105' title="bbox 291 5515 1794 5569; baseline 0.001 -1"><span class='ocrx_word' id='word_1_813' title='bbox 291 5556 308 5568; x_wconf 95' lang='lat'><strong>.</strong></span> <span class='ocrx_word' id='word_1_814' title='bbox 408 5534 494 5569; x_wconf 84' lang='lat' dir='ltr'><strong>ani</strong></span> <span class='ocrx_word' id='word_1_815' title='bbox 547 5515 669 5568; x_wconf 77' lang='lat' dir='ltr'><strong>Vat.</strong></span> <span class='ocrx_word' id='word_1_816' title='bbox 718 5518 888 5569; x_wconf 81' lang='lat' dir='ltr'><strong>codex</strong></span> <span class='ocrx_word' id='word_1_817' title='bbox 941 5516 1172 5569; x_wconf 86' lang='lat' dir='ltr'><strong>habebat</strong></span> <span class='ocrx_word' id='word_1_818' title='bbox 1217 5517 1357 5569; x_wconf 79' lang='grc' dir='ltr'>δοων</span> <span class='ocrx_word' id='word_1_819' title='bbox 1406 5529 1579 5569; x_wconf 80' lang='grc' dir='ltr'>οικην.</span> <span class='ocrx_word' id='word_1_820' title='bbox 1633 5517 1794 5569; x_wconf 82' lang='lat' dir='ltr'><strong>Maz..</strong></span> 
     </span>
    </p>
   </div>
   <div class='ocr_carea' id='block_1_105' title="bbox 215 5515 1794 5587">
    <p class='ocr_par' dir='ltr' id='par_1_105' title="bbox 215 5515 1794 5587">
     <span class='ocr_line' id='line_1_106' title="bbox 215 5515 1794 5587; baseline 0.004 -21"><span class='ocrx_word' id='word_1_821' title='bbox 215 5515 308 5568; x_wconf 75' lang='grc' dir='ltr'><strong>ιὶς.</strong></span> <span class='ocrx_word' id='word_1_822' title='bbox 360 5515 494 5569; x_wconf 77' lang='lat' dir='ltr'><strong>Nam</strong></span> <span class='ocrx_word' id='word_1_823' title='bbox 547 5515 669 5568; x_wconf 76' lang='lat' dir='ltr'><strong>Vat.</strong></span> <span class='ocrx_word' id='word_1_824' title='bbox 718 5518 888 5570; x_wconf 80' lang='lat' dir='ltr'><strong>Codex</strong></span> <span class='ocrx_word' id='word_1_825' title='bbox 941 5516 1172 5571; x_wconf 85' lang='lat' dir='ltr'><strong>habebat</strong></span> <span class='ocrx_word' id='word_1_826' title='bbox 1217 5516 1357 5587; x_wconf 85' lang='grc' dir='ltr'>δρῶν</span> <span class='ocrx_word' id='word_1_827' title='bbox 1406 5517 1579 5587; x_wconf 83' lang='grc' dir='ltr'>δίκην.</span> <span class='ocrx_word' id='word_1_828' title='bbox 1633 5515 1794 5580; x_wconf 48' lang='lat' dir='ltr'><strong>Mal&quot;</strong></span> 
     </span>
    </p>
   </div>
   <div class='ocr_carea' id='block_1_106' title="bbox 212 5587 1792 5657">
    <p class='ocr_par' dir='ltr' id='par_1_106' title="bbox 212 5587 1792 5657">
     <span class='ocr_line' id='line_1_107' title="bbox 212 5587 1792 5657; baseline 0.002 -21"><span class='ocrx_word' id='word_1_829' title='bbox 212 5587 545 5654; x_wconf 69' lang='lat' dir='ltr'><strong>glossemate</strong></span> <span class='ocrx_word' id='word_1_830' title='bbox 578 5587 726 5640; x_wconf 88' lang='lat' dir='ltr'><strong>docti</strong></span> <span class='ocrx_word' id='word_1_831' title='bbox 774 5587 990 5641; x_wconf 88' lang='lat' dir='ltr'><strong>lectoris</strong></span> <span class='ocrx_word' id='word_1_832' title='bbox 1020 5601 1056 5657; x_wconf 83' lang='lat' dir='ltr'><strong>e</strong></span> <span class='ocrx_word' id='word_1_833' title='bbox 1087 5589 1327 5657; x_wconf 82' lang='lat' dir='ltr'><strong>margine</strong></span> <span class='ocrx_word' id='word_1_834' title='bbox 1372 5587 1425 5641; x_wconf 89' lang='lat' dir='ltr'><strong>in</strong></span> <span class='ocrx_word' id='word_1_835' title='bbox 1456 5596 1792 5654; x_wconf 83' lang='lat' dir='ltr'><strong>contextum,</strong></span> 
     </span>
    </p>
   </div>
   <div class='ocr_carea' id='block_1_107' title="bbox 213 5655 1793 5729">
    <p class='ocr_par' dir='ltr' id='par_1_107' title="bbox 213 5655 1793 5729">
     <span class='ocr_line' id='line_1_108' title="bbox 213 5655 1793 5729; baseline 0.004 -23"><span class='ocrx_word' id='word_1_836' title='bbox 213 5665 273 5729; x_wconf 76' lang='lat' dir='ltr'><strong>ut</strong></span> <span class='ocrx_word' id='word_1_837' title='bbox 296 5657 605 5729; x_wconf 57' lang='lat' dir='ltr'><strong>yerisimjle</strong></span> <span class='ocrx_word' id='word_1_838' title='bbox 633 5664 740 5720; x_wconf 89' lang='lat' dir='ltr'><strong>est,</strong></span> <span class='ocrx_word' id='word_1_839' title='bbox 772 5665 990 5729; x_wconf 75' lang='lat' dir='ltr'><strong>recepto</strong></span> <span class='ocrx_word' id='word_1_840' title='bbox 1012 5655 1240 5726; x_wconf 79' lang='grc' dir='ltr'>δένδρων</span> <span class='ocrx_word' id='word_1_841' title='bbox 1265 5671 1362 5726; x_wconf 87' lang='lat' dir='ltr'><strong>pro</strong></span> <span class='ocrx_word' id='word_1_842' title='bbox 1389 5656 1563 5729; x_wconf 84' lang='grc' dir='ltr'>δρυῶν</span> <span class='ocrx_word' id='word_1_843' title='bbox 1591 5662 1793 5728; x_wconf 84' lang='lat' dir='ltr'><strong>posuit.</strong></span> 
     </span>
    </p>
   </div>
   <div class='ocr_carea' id='block_1_108' title="bbox 212 5726 1796 5797">
    <p class='ocr_par' dir='ltr' id='par_1_108' title="bbox 212 5726 1796 5797">
     <span class='ocr_line' id='line_1_109' title="bbox 212 5726 1796 5797; baseline 0.004 -21"><span class='ocrx_word' id='word_1_844' title='bbox 212 5726 378 5797; x_wconf 70' lang='grc' dir='ltr'>Δρῦς,</span> <span class='ocrx_word' id='word_1_845' title='bbox 411 5738 470 5781; x_wconf 83' lang='grc' dir='ltr'><strong>ιιι</strong></span> <span class='ocrx_word' id='word_1_846' title='bbox 502 5726 695 5783; x_wconf 71' lang='lat' dir='ltr'><strong>Grzece</strong></span> <span class='ocrx_word' id='word_1_847' title='bbox 722 5727 1021 5783; x_wconf 86' lang='lat' dir='ltr'><strong>scientibus</strong></span> <span class='ocrx_word' id='word_1_848' title='bbox 1053 5737 1266 5793; x_wconf 90' lang='lat' dir='ltr'><strong>notum,</strong></span> <span class='ocrx_word' id='word_1_849' title='bbox 1295 5741 1402 5782; x_wconf 93' lang='lat' dir='ltr'><strong>non</strong></span> <span class='ocrx_word' id='word_1_850' title='bbox 1422 5726 1607 5783; x_wconf 78' lang='lat' dir='ltr'><strong>solani</strong></span> <span class='ocrx_word' id='word_1_851' title='bbox 1632 5744 1796 5787; x_wconf 83' lang='lat' dir='ltr'><strong>ouer-</strong></span> 
     </span>
    </p>
   </div>
   <div class='ocr_carea' id='block_1_109' title="bbox 1900 5441 3469 5513">
    <p class='ocr_par' dir='ltr' id='par_1_109' title="bbox 1900 5441 3469 5513">
     <span class='ocr_line' id='line_1_110' title="bbox 1900 5441 3469 5513; baseline -0.004 -12"><span class='ocrx_word' id='word_1_852' title='bbox 1900 5463 2045 5512; x_wconf 88' lang='lat' dir='ltr'><strong>cum,</strong></span> <span class='ocrx_word' id='word_1_853' title='bbox 2077 5448 2168 5503; x_wconf 89' lang='lat' dir='ltr'><strong>sed</strong></span> <span class='ocrx_word' id='word_1_854' title='bbox 2199 5447 2422 5501; x_wconf 90' lang='lat' dir='ltr'><strong>omnino</strong></span> <span class='ocrx_word' id='word_1_855' title='bbox 2448 5462 2617 5513; x_wconf 72' lang='lat' dir='ltr'><strong>genus</strong></span> <span class='ocrx_word' id='word_1_856' title='bbox 2646 5459 2806 5500; x_wconf 91' lang='lat' dir='ltr'><strong>omne</strong></span> <span class='ocrx_word' id='word_1_857' title='bbox 2833 5442 3086 5513; x_wconf 85' lang='lat' dir='ltr'><strong>arborum</strong></span> <span class='ocrx_word' id='word_1_858' title='bbox 3124 5456 3263 5511; x_wconf 83' lang='lat' dir='ltr'><strong>saepe.</strong></span> <span class='ocrx_word' id='word_1_859' title='bbox 3298 5441 3469 5512; x_wconf 83' lang='lat' dir='ltr'><strong>signi-</strong></span> 
     </span>
    </p>
   </div>
   <div class='ocr_carea' id='block_1_110' title="bbox 1901 5511 3470 5587">
    <p class='ocr_par' dir='ltr' id='par_1_110' title="bbox 1901 5511 3470 5587">
     <span class='ocr_line' id='line_1_111' title="bbox 1901 5511 3470 5587; baseline -0.005 -15"><span class='ocrx_word' id='word_1_860' title='bbox 1901 5520 2053 5579; x_wconf 72' lang='lat' dir='ltr'><strong>ﬁcat,‘</strong></span> <span class='ocrx_word' id='word_1_861' title='bbox 2090 5518 2198 5570; x_wconf 88' lang='lat' dir='ltr'><strong>iino</strong></span> <span class='ocrx_word' id='word_1_862' title='bbox 2241 5524 2294 5572; x_wconf 85' lang='lat' dir='ltr'><strong>et</strong></span> <span class='ocrx_word' id='word_1_863' title='bbox 2345 5511 2672 5587; x_wconf 85' lang='lat' dir='ltr'><strong>plantarum.</strong></span> <span class='ocrx_word' id='word_1_864' title='bbox 2722 5514 2859 5587; x_wconf 73' lang='lat' dir='ltr'><strong>Nam</strong></span> <span class='ocrx_word' id='word_1_865' title='bbox 2910 5511 3181 5587; x_wconf 70' lang='grc' dir='ltr'>ἀκρόδροα</span> <span class='ocrx_word' id='word_1_866' title='bbox 3222 5513 3288 5566; x_wconf 90' lang='lat' dir='ltr'><strong>de</strong></span> <span class='ocrx_word' id='word_1_867' title='bbox 3319 5511 3470 5587; x_wconf 73' lang='lat' dir='ltr'><strong>omni</strong></span> 
     </span>
    </p>
   </div>
   <div class='ocr_carea' id='block_1_111' title="bbox 1898 5582 3466 5655">
    <p class='ocr_par' dir='ltr' id='par_1_111' title="bbox 1898 5582 3466 5655">
     <span class='ocr_line' id='line_1_112' title="bbox 1898 5582 3466 5655; baseline -0.004 -13"><span class='ocrx_word' id='word_1_868' title='bbox 1898 5589 2078 5642; x_wconf 80' lang='lat' dir='ltr'><strong>fructu</strong></span> <span class='ocrx_word' id='word_1_869' title='bbox 2104 5588 2233 5651; x_wconf 87' lang='lat' dir='ltr'><strong>dici,</strong></span> <span class='ocrx_word' id='word_1_870' title='bbox 2257 5582 2423 5643; x_wconf 77' lang='lat' dir='ltr'><strong>Caius</strong></span> <span class='ocrx_word' id='word_1_871' title='bbox 2442 5590 2602 5642; x_wconf 86' lang='lat' dir='ltr'><strong>etiam</strong></span> <span class='ocrx_word' id='word_1_872' title='bbox 2624 5582 3052 5655; x_wconf 6' lang='lat' dir='ltr'><strong>jurisﬁconsultUS</strong></span> <span class='ocrx_word' id='word_1_873' title='bbox 3083 5582 3377 5637; x_wconf 66' lang='lat' dir='ltr'><strong>adnotivit.</strong></span> <span class='ocrx_word' id='word_1_874' title='bbox 3408 5582 3466 5655; x_wconf 84' lang='lat' dir='ltr'><strong>Si</strong></span> 
     </span>
    </p>
   </div>
   <div class='ocr_carea' id='block_1_112' title="bbox 1897 5654 3466 5729">
    <p class='ocr_par' dir='ltr' id='par_1_112' title="bbox 1897 5654 3466 5729">
     <span class='ocr_line' id='line_1_113' title="bbox 1897 5654 3466 5729; baseline -0.004 -17"><span class='ocrx_word' id='word_1_875' title='bbox 1897 5659 1985 5712; x_wconf 92' lang='lat' dir='ltr'><strong>cui</strong></span> <span class='ocrx_word' id='word_1_876' title='bbox 2017 5660 2401 5729; x_wconf 12' lang='lat' dir='ltr'><strong>tamengmagis</strong></span> <span class='ocrx_word' id='word_1_877' title='bbox 2436 5658 2689 5729; x_wconf 80' lang='lat' dir='ltr'><strong>probetur</strong></span> <span class='ocrx_word' id='word_1_878' title='bbox 2717 5654 2964 5728; x_wconf 77' lang='grc' dir='ltr'>δένδρων,</span> <span class='ocrx_word' id='word_1_879' title='bbox 3003 5670 3111 5709; x_wconf 87' lang='lat' dir='ltr'><strong>non</strong></span> <span class='ocrx_word' id='word_1_880' title='bbox 3142 5654 3466 5723; x_wconf 74' lang='lat' dir='ltr'><strong>repugnabi-</strong></span> 
     </span>
    </p>
   </div>
   <div class='ocr_carea' id='block_1_113' title="bbox 1899 5726 2392 5783">
    <p class='ocr_par' dir='ltr' id='par_1_113' title="bbox 1899 5726 2392 5783">
     <span class='ocr_line' id='line_1_114' title="bbox 1899 5726 2392 5783; baseline -0.002 0"><span class='ocrx_word' id='word_1_881' title='bbox 1899 5744 2038 5783; x_wconf 89' lang='lat' dir='ltr'><strong>mus.</strong></span> <span class='ocrx_word' id='word_1_882' title='bbox 2072 5726 2168 5781; x_wconf 77' lang='lat' dir='ltr'><strong>Eo.</strong></span> <span class='ocrx_word' id='word_1_883' title='bbox 2198 5726 2392 5782; x_wconf 60' lang='lat' dir='ltr'><strong>Lurin.</strong></span> 
     </span>
    </p>
   </div>
  </div>
