3964 6226
428 270 500 326 63
1401 268 1459 325 S.
1502 266 1838 325 METRODII
1873 267 2188 326 EPISCOPI
2221 266 2310 323 ΕΤ
2350 254 2713 322 MARTYRIS
3601 263 3670 345 οι

425 392 579 447 ducit
612 409 625 446 :
662 389 757 446 sed
795 395 992 445 cuncta
1040 388 1275 444 mirabili
1318 389 1551 461 quadam
1595 387 2001 446 necessitudine

2119 389 2250 461 ιύτῷ
2290 387 2512 459 σκέμμα
2540 385 2645 457 τῆς
2676 385 2986 452 ἀποθέσεως
3018 385 3405 459 ἀπεργάζεται.
3430 382 3551 456 Χρὴ
3580 378 3676 438 οὖν

425 500 491 540 ac
517 501 660 541 nexu
689 483 1005 554 complexus
1026 523 1041 548 ,
1096 484 1358 538 instituta:
1390 499 1422 537 a
1455 500 1514 539 se
1539 481 2001 540 considerationis

423 594 596 636 unum
627 585 1005 648 argumentum
1035 578 1287 634 absolvit.
1335 576 1524 649 Operae
1562 579 1796 649 pretium
1835 577 2002 648 igitur

416 673 639 735 factura
667 673 876 736 videar,
921 673 968 729 si
998 674 1423 745 apostolicarum
1452 673 1843 729 sententiarum
1874 687 2001 728 sen-

2110 499 2177 555 με
2198 480 2589 564 ἀκριϐέστερον
2620 478 2960 545 ἀνακαλύψαι
2991 478 3081 533 τὸν
3109 477 3233 532 νοῦν
3270 477 3379 531 τῶν
3410 475 3553 530 κατά
3586 475 3678 529 τὸν

2118 573 2440 628 Ἀπόστολον
2483 572 2945 644 ἐπιχειρημάτων,
3004 570 3157 625 οὐδὲν
3211 568 3319 624 τῶν
3369 567 3681 642 ἔμπροσθεν

2106 669 2226 738 είρη
2236 665 2410 738 μένων
2442 662 2904 736 ἀνακρουομένην.

424 783 548 827 sum
594 768 757 840 paulo
800 768 1112 823 accuratius
1157 766 1536 838 explieavero;
1587 767 1664 849 ita
1707 772 1912 830 tamen,
1972 771 2034 819 ut
2086 774 2276 818 earum
2315 770 2435 830 qua:
2467 757 2582 828 jam
2622 756 2678 811 in
2726 754 3103 827 superioribus
3149 754 3293 810 dicta
3335 760 3484 820 sunt,
3542 748 3682 807 nihil

424 862 690 933 rejieiam.

495 980 727 1036 Abunde
750 980 897 1035 enim
929 990 1091 1051 atque
1125 980 1385 1052 praeclare
1414 979 1506 1035 illa
1543 995 1763 1052 quoque
1797 978 2004 1034 videris

427 1074 803 1140 edisseruisse,
828 1075 1066 1134 cautius.
1097 1090 1129 1127 υ
1151 1073 1472 1144 Theophila,
1497 1073 1614 1145 ipsa
1636 1085 1800 1145 prout
1818 1073 2005 1143 jacent

426 1166 722 1237 Scriptura:
750 1168 912 1221 verba
945 1182 1243 1237 exponens.
1277 1165 1413 1220 Nam
1438 1183 1612 1237 neque
1646 1167 1885 1237 periculo
1907 1181 2004 1221 va-

427 1270 537 1322 cat,
570 1259 799 1328 subjecti
834 1266 1017 1313 textus
1056 1259 1242 1323 verba,
1294 1261 1372 1313 uti
1404 1259 1613 1314 dictum
1644 1267 1749 1321 est,
1778 1261 2003 1316 omnino

426 1367 703 1424 spernere,
730 1352 1027 1420 praesertim
1063 1349 1358 1418 Geneseos,
1392 1351 1485 1406 ubi
1515 1351 1799 1407 condenda
1820 1367 2004 1407 rerum

426 1442 593 1512 hujus
632 1439 1007 1498 universitatis
1058 1442 1200 1497 mole
1242 1457 1306 1496 ac
1349 1442 1657 1508 statuenda,
1705 1443 2006 1499 immobilia

423 1534 522 1592 Dei
555 1535 805 1589 feruntur
851 1534 1071 1588 oracula
1104 1548 1167 1587 ac
1214 1533 1433 1588 decreta
1467 1551 1480 1588 :
1511 1523 1712 1604 quibus
1757 1535 1812 1589 in
1859 1537 2005 1591 hunc

426 1644 601 1698 usque
630 1628 772 1683 diem
803 1634 1021 1697 aptatus
1066 1627 1324 1690 mundus,
1366 1627 1483 1683 suis
1516 1628 1721 1682 sensim
1754 1629 2003 1698 partibus

2190 968 2413 1033 Ἰκανῶς
2439 966 2548 1040 γὰρ
2589 967 2815 1022 κάκεῖνά
2841 984 2931 1039 μοι
2958 965 3380 1039 διεξεληλυθέναι
3412 966 3506 1020 καὶ
3537 967 3684 1040 λαμ-

2108 1061 2263 1135 πρῶς
2292 1060 2487 1128 δοκεῖς,
2523 1060 2963 1133 ἀκινδυνότερον,
2999 1054 3044 1114 ὦ
3081 1059 3332 1130 Θεοφίλα,
3356 1059 3424 1113 τά
3461 1061 3684 1132 ῥήματα

2106 1154 2209 1224 τῆς
2252 1152 2495 1225 Γραφῆς,
2535 1152 2610 1218 ὡς
2653 1148 2819 1225 εἶχεν,
2859 1153 3360 1226 ὲπεξεργασαμένη.
3407 1153 3682 1227 Σφαλερὸν

2108 1247 2217 1319 γὰρ
2251 1248 2427 1319 πάντη
2460 1251 2818 1320 καταφρονεῖν
2860 1247 2969 1301 τῶν
3007 1247 3295 1318 κειμένων,
3327 1246 3403 1311 ὡς
3439 1248 3678 1319 εἴρηται,

2113 1340 2350 1413 μάλιστα
2367 1340 2464 1411 τῆς
2487 1340 2774 1405 Γενέσεως,
2797 1340 2925 1395 ἔνθα
2952 1341 3251 1412 ἀποφάσεις
3273 1340 3686 1412 ἀπαράλλακτοτ⁹

2107 1431 2359 1505 φέρονται
2390 1430 2484 1485 τοῦ
2514 1430 2648 1485 Θεοῦ
2676 1433 2756 1496 εἰς
2791 1432 2889 1504 τὴν
2929 1431 3186 1486 σύστασιν
3215 1429 3310 1483 τοῦ
3342 1429 3558 1493 παντὸς,
3590 1424 3682 1493 αἷς

2104 1524 2469 1597 ήρμοσμένως
2505 1524 2671 1578 εἰσέτι
2717 1526 2811 1578 καὶ
2855 1524 2949 1579 νῦν
2996 1524 3257 1579 κάλλιστα
3289 1524 3432 1577 κατά
3483 1523 3683 1596 μέτρον

2105 1616 2287 1670 τέλεον
2314 1617 2674 1671 ἀπευθύνεται
2710 1615 2931 1690 τελείως
2960 1617 2990 1669 ό
3021 1616 3244 1688 κόσμος,
3273 1615 3381 1668 ἔστ’
3414 1613 3479 1669 ἂν
3516 1615 3691 1669 αὑτὸν·

428 1721 669 1792 perfecte
690 1720 945 1792 dirigitur
967 1761 980 1785 ,
1020 1721 1193 1777 donec
1225 1737 1421 1777 rursus
1451 1722 1565 1790 ipse
1592 1723 1686 1793 qui
1714 1724 2011 1779 concinna-

2119 1706 2270 1761 πάλιν
2291 1706 2453 1773 αὐτὸς
2473 1710 2501 1761 ὁ
2516 1709 2888 1780 διακοσμήσας
2905 1707 3217 1780 νομοθέτης,
3232 1706 3684 1778 ἀναστοιχειῶσαι

428 1813 507 1866 vi:
549 1812 844 1881 legislalor,
893 1828 1032 1883 opus
1056 1828 1215 1867 suum
1237 1812 1535 1868 reformare
1557 1814 1765 1879 volens,
1798 1816 2004 1885 primas

426 1917 638 1958 naturae
680 1904 825 1975 leges
874 1905 980 1958 alia
1027 1905 1418 1961 constitutione
1464 1907 1848 1978 antiquaverit.
1897 1904 2005 1963 Sed

422 1996 685 2066 quoniam
730 2011 840 2050 non
870 1996 1026 2051 decet
1060 1996 1456 2067 inexploratam
1485 2014 1549 2054 ac
1591 2000 1738 2055 velut
1778 1999 2006 2056 dimidia

424 2102 523 2143 sua
552 2095 705 2157 parte
733 2086 1131 2143 claudicantem
1171 2090 1590 2160 explicationem
1627 2092 1890 2148 doctrinae
1921 2109 2010 2149 re-

426 2179 706 2249 linquere;
739 2194 859 2250 age,
884 2173 1237 2250 auagogicum
1262 2196 1480 2252 quoque
1510 2182 1730 2238 litterali
1761 2199 2005 2250 sensum,

425 2271 574 2326 velut
598 2271 827 2326 alterum
865 2271 1003 2342 bigae
1054 2272 1254 2325 animal
1315 2270 1628 2339 reddamus,
1685 2275 2010 2344 profundius

428 2362 570 2420 hanc
622 2365 961 2435 Scripturam
1011 2364 1363 2433 speculando.
1404 2363 1525 2419 Non
1553 2366 1696 2419 enim
1732 2366 1777 2421 is
1805 2367 2010 2437 estqui

428 2454 703 2510 contemni
732 2454 1151 2525 possitPaulus,
1189 2470 1351 2525 quem
1377 2455 1537 2510 modo
1565 2456 1818 2522 vidimus,
1859 2463 2011 2510 tran-

420 2562 622 2602 scenso
654 2546 787 2601 dicti
827 2546 991 2616 hujus
1039 2547 1250 2616 vulgari
1297 2562 1486 2610 sensu,
1542 2548 1610 2603 ad
1644 2549 1848 2604 Christi
1878 2548 2011 2604 illud

426 2639 749 2711 mysterium
778 2637 1147 2709 Ecclesiaeque
1180 2638 1512 2695 traduxisse.

2110 1798 2409 1871 βουληθεὶς,
2446 1800 2615 1872 ἑτέρῳ
2644 1799 2973 1870 διατάγματι
3000 1802 3127 1863 τοὺς
3161 1797 3410 1871 πρώτους
3441 1799 3541 1869 τῆς
3575 1796 3686 1867 φύς

2110 1908 2249 1955 σεως
2301 1892 2541 1966 ἀναλύσῃ
2585 1892 2839 1964 θεσμούς.
2882 1893 3020 1946 Ἀλλ’
3073 1893 3194 1946 ἐπεὶ
3236 1894 3296 1946 ού
3345 1892 3450 1965 χρὴ
3499 1890 3688 1959 ἀνεξέ-

2110 1981 2357 2051 λεγκτον,
2388 1985 2482 2038 καὶ
2509 1984 2696 2057 ὥσπερ
2720 1985 2778 2053 ἐξ
2806 1986 3065 2057 ἡμισείας
3091 1984 3267 2057 χωλὴν
3291 1986 3388 2056 τὴν
3413 1982 3687 2048 ἀπόδειξιν

2110 2076 2206 2130 τοῦ
2257 2076 2415 2147 λόγου
2463 2077 2815 2149 καταλείψαιο
2867 2079 2999 2150 φέρε
3031 2078 3095 2150 δὴ
3129 2079 3221 2133 καὶ
3251 2078 3350 2150 τὴν
3392 2079 3510 2130 κατ’
3554 2078 3691 2130 ἀνα-

2112 2167 2299 2238 γωγὴν
2329 2168 2464 2239 αὐτῇ
2495 2166 2755 2237 συζυγίαν
2808 2168 3094 2239 ἀποδῶμεν
3138 2169 3334 2239 ἡμεῖς,
3391 2166 3690 2238 βαθύτερον

2111 2257 2549 2330 ὲπισκεῲάμεναι
2599 2260 2698 2329 τὴν
2745 2261 2985 2332 Γραφήν.
3037 2260 3111 2313 Ub
3168 2258 3275 2333 γὰρ
3329 2258 3420 2313 τού
3473 2258 3689 2312 Παύλου

2110 2350 2568 2422 καταφρονητέον,
2598 2349 2691 2404 τοῦ
2726 2350 3254 2423 ύπεραναϐαίνοντος
3281 2349 3342 2404 τὸ
3372 2352 3554 2423 ῥητὸν,
3592 2349 3693 2405 καὶ

2108 2443 2190 2505 εἰς
2215 2442 2306 2495 τὸν
2338 2443 2572 2514 Χριστὸν
2604 2444 2734 2497 αὐτὸ
2764 2443 3055 2498 συντείνειν
3096 2445 3191 2498 καὶ
3218 2444 3315 2515 τὴν
3356 2443 3691 2515 Ἐκκλησίαν

2119 2534 2563 2607 ἀποφηναμένου.

1208 2756 1341 2814 (λιι).
1377 2755 1464 2813 Ill.
1507 2757 1677 2814 Primi
1704 2759 1874 2816 Adam
1899 2771 1949 2816 et
1969 2763 2188 2820 secundi
2217 2758 2548 2835 comparatio
2577 2766 2852 2856 instituta.

495 2873 672 2946 Atque
700 2876 787 2932 hic
820 2876 1058 2947 printum
1090 2875 1504 2948 disquirendum
1537 2893 1606 2932 an
1650 2877 1821 2933 Adam
1848 2894 2007 2936 com-

2191 2886 2299 2944 Καὶ
2343 2886 2559 2959 πρῶτον
2604 2885 2954 2953 ἐξεταστέον,
2998 2889 3047 2942 εἰ
3098 2886 3271 2960 Ἀδὰμ
3309 2887 3420 2961 (40)
3461 2884 3700 2943 ἀπεικά-

427 2969 608 3039 parari
638 2970 813 3040 possit
843 2968 981 3025 Filio
1014 2969 1103 3024 Dei
1129 2989 1142 3024 :
1175 2970 1285 3033 ille,
1316 2969 1562 3039 inquam,
1590 2969 1764 3025 Adam
1821 2972 1878 3027 in
1924 2973 2007 3027 la-

2119 2975 2302 3041 ξεσθαι
2333 2977 2554 3031 δύναται
2599 2977 2677 3050 τῷ
2717 2978 2831 3050 Υἱῷ
2860 2977 2953 3033 τοῦ
2980 2977 3137 3046 Θεοῦ,
3170 2981 3228 3033 ὲν
3268 2978 3346 3051 τῷ
3388 2977 3693 3051 παραπτώ-

420 3074 530 3134 psit
579 3062 1039 3133 praevaricationis
1065 3062 1439 3131 deprehensus
1463 3102 1478 3124 ,
1511 3064 1713 3134 quique
1758 3064 1964 3120 audivit
1994 3084 2008 3120 :

432 3156 598 3212 Terra
624 3173 700 3222 es,
727 3165 776 3210 et
813 3156 867 3210 in
901 3165 1098 3209 terram
1139 3158 1412 3211 reverteris
1448 3157 1513 3211 ⁸⁸.
1567 3156 1852 3223 Quomodo
1884 3173 2014 3215 vero

426 3251 595 3307 etiam
652 3249 1039 3320 Primogenitus
1077 3251 1248 3303 omnis
1293 3259 1551 3305 creatura
1590 3251 1635 3283 ”
1678 3252 1960 3323 putabitur
1988 3291 2007 3319 ,

427 3342 522 3412 qui
556 3349 679 3411 post
709 3351 909 3396 terram
952 3349 1006 3395 et
1040 3339 1439 3396 ﬁrmamentum
1490 3359 1522 3398 e
1573 3343 1689 3397 luto
1747 3342 2013 3400 formatus

429 3433 553 3490 est?
583 3432 794 3489 Rursus
820 3449 926 3504 qua
956 3434 1167 3489 ratione
1217 3433 1421 3504 lignum
1452 3435 1577 3490 vita:
1616 3435 1662 3467 ‘°
1711 3451 1835 3491 eum
1891 3451 2014 3493 esse

427 3527 777 3592 concedetur,
796 3531 890 3597 qui
928 3527 1146 3598 ejieitur
1168 3536 1389 3600 propter
1418 3529 1915 3599 praevaricationem
1933 3531 1977 3563 “
1993 3571 2009 3598 ,

427 3637 500 3677 ne
537 3637 731 3677 rursus
762 3621 1021 3676 extendat
1051 3636 1272 3675 manum
1314 3631 1369 3676 et
1411 3622 1664 3676 comedat
1691 3638 1758 3678 ex
1787 3623 1926 3692 ipso,
1959 3629 2015 3678 et

427 3712 573 3775 vivat
603 3714 655 3767 in
684 3712 988 3768 aeternum?
1014 3709 1170 3778 Quod
1222 3710 1368 3767 enim
1415 3718 1767 3782 comparatur
1817 3712 2010 3779 alteri,

430 3804 509 3860 illi
537 3805 785 3876 pluribus
812 3805 990 3861 simile
1030 3805 1261 3861 exsistat
1294 3820 1521 3860 necesse
1563 3805 1638 3861 sit
1694 3819 1759 3860 ac
1816 3804 2010 3871 alIlue,

430 3910 541 3950 non
571 3894 848 3949 contrario
902 3894 1061 3965 plane
1104 3893 1266 3948 modo
1322 3908 1387 3948 ac
1430 3893 1778 3950 dissentanee
1808 3910 1868 3951 se
1913 3893 2015 3949 ha-

431 3987 579 4047 beat.
613 3994 667 4043 et
687 3987 842 4058 quasi
872 4002 939 4041 ex
964 3988 1228 4057 Oppositis
1250 3988 1535 4044 consistat.
1568 3987 1737 4044 Nemo
1757 3989 1901 4045 enim
1919 3989 2014 4061 qui

424 4082 604 4151 Impar
634 4081 783 4149 pari,
829 4086 883 4134 et
911 4079 1287 4135 harmonicum
1313 4090 1642 4138 concentum
1664 4098 1772 4138 non
1798 4082 2014 4138 harmo-

428 4174 556 4239 nico
612 4172 1075 4243 dissentaneoque
1121 4188 1443 4244 comparare
1492 4174 1710 4242 audeat,
1747 4176 2013 4248 sapientis

430 4265 648 4322 laudem
679 4266 1053 4337 consequitur.
1100 4266 1207 4321 Sed
1238 4282 1337 4337 par
1364 4277 1558 4323 natura
1588 4269 1706 4339 pari
1734 4268 1881 4324 haud
1908 4269 2009 4322 im-

2118 3087 2247 3141 ματι
2274 3070 2376 3142 τῆς
2407 3070 2771 3144 παραϐάσεως
2801 3072 3064 3145 εὑρεθεὶς,
3093 3073 3189 3126 καὶ
3221 3073 3460 3135 ἀκούσας
3488 3074 3569 3135 τὸ,
3598 3068 3693 3141 Γῆ

2112 3157 2186 3225 εἴ,
2217 3161 2317 3216 καὶ
2341 3164 2429 3229 εις
2452 3160 2571 3233 γῆν
2594 3163 2931 3233 ἀπελεύσῃ.
2956 3162 3082 3227 Πῶς
3107 3162 3163 3216 δὲ
3190 3163 3285 3216 καὶ
3312 3163 3696 3229 Πρωτότοκος

2113 3253 2317 3323 πάσης
2350 3252 2460 3324 τῆς
2492 3257 2746 3323 κτίσεως
2770 3255 3180 3329 νομισθήσεται,
3209 3255 3238 3308 ό
3270 3255 3408 3326 μετά
3450 3254 3548 3326 τὴν
3586 3252 3697 3325 γῆν

2113 3347 2209 3400 καὶ
2238 3347 2299 3401 τὸ
2336 3348 2621 3421 στερέωμα
2648 3347 3228 3419 πηλοπλαστούμενοςς
3255 3346 3378 3410 Πῶς
3405 3346 3462 3400 δὲ
3505 3347 3599 3401 καὶ
3631 3345 3699 3401 τὶ

2116 3435 2271 3503 ξύλον
2301 3439 2401 3509 τῆς
2443 3438 2589 3510 ζωῆς
2619 3438 2782 3502 αὐτὸς
2817 3433 2956 3491 εἶναι
2996 3435 3501 3509 συγχωρηθήσεται,
3541 3436 3569 3487 ό
3601 3435 3701 3487 ὲκ-

2116 3528 2441 3602 ϐαλλόμενος
2476 3529 2565 3583 διὰ
2598 3532 2697 3602 τὴν
2734 3529 3076 3600 παράϐασιν,
3122 3530 3208 3582 ἵνα
3251 3527 3357 3599 μὴ,
3397 3526 3554 3581 πάλιν
3594 3526 3699 3579 ὲκ-

2114 3621 2294 3685 τείνας
2321 3620 2421 3685 τὴν
2460 3623 2618 3693 χεῖρα
2650 3622 2746 3676 καὶ
2777 3620 2968 3693 φαγὼν
3001 3622 3095 3675 ἀπ’
3127 3620 3311 3684 αὐτοῦ,
3358 3620 3580 3691 ζήσεται
3613 3619 3699 3682 είς

2115 3711 2208 3765 τὸν
2248 3710 2454 3778 αἰῶνα;
2488 3719 2506 3735 ·
2535 3712 2608 3765 Τὸ
2646 3712 2755 3785 γὰρ
2785 3711 3217 3784 ἀπεικαζόμενον
3250 3711 3441 3783 ἐκείνῳ
3461 3703 3521 3764 οὗ
3549 3713 3700 3765 ἐστιν

2114 3803 2471 3875 ἀπείκασμά,
2534 3805 2852 3875 ὁμοιοῦσθαι
2909 3806 3004 3860 καὶ⁸
3057 3804 3499 3877 παραϐάλλεσθαι
3553 3801 3702 3859 κατὰ

2115 3896 2285 3952 πολλά
2302 3897 2432 3969 χρὴ,
2463 3896 2596 3951 ἀλλά
2631 3899 2706 3970 μὴ
2750 3901 2816 3953 ἐκ
2846 3898 2954 3953 τῶν
2993 3898 3254 3953 ἐναντίων
3286 3899 3381 3953 καὶ
3414 3897 3700 3951 ἀνοικείων

2114 3991 2214 4064 τὴν
2244 3991 2501 4045 σύστασιν
2533 3989 2695 4062 ἔχειν.
2731 3990 2804 4043 Ού
2844 3989 2953 4061 γὰρ
2985 3989 3050 4043 ἂν
3079 3990 3139 4043 τὸ
3167 3989 3349 4044 ἄνισον
3380 3986 3459 4059 τῷ
3499 3985 3698 4058 ἀρτίῳ,

2113 4083 2148 4154 ἢ
2171 4084 2270 4156 τὴν
2299 4082 2564 4156 ἁρμονίαν
2590 4085 2655 4153 τῇ
2689 4082 3034 4153 ἀναρμοστία
3062 4099 3145 4145 τις
3179 4079 3421 4145 ἐξισάσαι
3456 4076 3696 4147 τολμῶν,

2115 4175 2190 4239 ὼς
2220 4175 2444 4248 ἔμφρων
2481 4173 2934 4246 ἀποδεχθήσεται·
2984 4172 3121 4227 ἀλλά
3156 4172 3217 4225 τὸ
3257 4172 3367 4224 ἴσον
3410 4169 3488 4241 τῷ
3530 4169 3698 4238 φύσει

2119 4264 2238 4337 ἴσῳ,
2269 4266 2371 4320 κάν
2404 4265 2463 4331 ἐξ
2506 4266 2686 4335 ὀλίγου
2732 4265 2844 4319 ἴσον
2874 4264 2930 4336 ᾗ,
2953 4266 3047 4319 xal.
3090 4264 3151 4317 τὸ
3192 4262 3380 4318 λευκὸν
3412 4261 3491 4332 τῷ
3534 4261 3700 4332 φύσει

426 4358 629 4411 merito
660 4366 1007 4427 comparetur
1032 4397 1047 4421 ,
1107 4357 1211 4412 etsi
1252 4357 1431 4414 solum
1466 4358 1679 4412 modico
1732 4373 1831 4428 par
1859 4359 2009 4412 exsi-

2119 4357 2309 4429 λευκῷ,
2342 4358 2444 4413 κᾶν
2475 4359 2606 4414 αὐτὸ
2648 4357 2982 4430 βραχύτατον
3092 4357 3187 4411 καὶ
3224 4356 3457 4429 μετρίως
3492 4354 3699 4426 φαντά-

428 4454 572 4513 stat;
609 4446 903 4517 albumque
930 4447 1056 4502 albo
1084 4455 1304 4513 natura,
1324 4449 1427 4504 etsi
1450 4448 1881 4504 minutissimum
1914 4449 2009 4513 sit,

430 4537 687 4607 illiusque
713 4538 984 4595 albedinis
1021 4555 1243 4596 sensum
1301 4540 1513 4595 modice
1546 4538 1780 4603 referat,
1814 4546 2009 4610 quate-

426 4644 538 4686 nus
562 4629 740 4698 ipsum
780 4646 998 4702 quoque
1026 4631 1210 4686 album
1254 4629 1461 4684 audiat.
1516 4629 1637 4686 Jam
1668 4645 1768 4703 par
1796 4638 1850 4687 et
1878 4630 2008 4685 har-

429 4722 709 4780 monicum
737 4731 792 4779 et
824 4723 1066 4781 candore
1099 4725 1445 4797 splendidum
1494 4726 1709 4781 cunctis
1734 4725 1896 4798 plane
1922 4724 2009 4781 ci-

2117 4448 2264 4514 ζοιτο
2297 4449 2396 4521 τὴν
2445 4449 2747 4520 λευκότητα
2801 4449 3047 4512 ἐκείνου,
3082 4448 3149 4502 δι’
3206 4449 3272 4521 ἢν
3313 4448 3378 4520 δὴ
3423 4446 3516 4501 καὶ
3565 4444 3702 4502 αὐτὸ

2117 4543 2337 4612 λέγεται
2366 4541 2577 4597 λευκόν.
2616 4544 2759 4596 Ἴσον
2783 4542 2839 4596 δὲ
2875 4543 2968 4595 καὶ
3004 4541 3263 4614 ἁρμόνιον
3300 4542 3393 4596 καὶ
3424 4540 3696 4613 λαμπρὸν,

2116 4633 2179 4687 τὸ
2205 4632 2591 4705 ἀναμάρτητον
2637 4628 2778 4688 εἶναι
2816 4631 2911 4686 καὶ
2951 4632 3275 4705 ἀδιάφθορον
3308 4632 3699 4697 ἀνενδοιάστως

2117 4725 2280 4779 παντί
2311 4742 2414 4778 που
2455 4725 2647 4796 σαφὲς,
2674 4723 2772 4797 τὴν
2813 4723 3003 4795 σοφίαν
3026 4722 3171 4797 (41)·
3214 4723 3470 4796 ἀνάρτιον
3508 4722 3568 4777 δὲ
3603 4722 3699 4776 καὶ

502 4877 548 4910 ³³
588 4873 716 4932 Gen.
747 4878 941 4945 111,ί⁴9.
1013 4879 1058 4913 ⁸⁸
1082 4877 1289 4936 Colon.
1324 4894 1364 4945 ι,
1406 4878 1495 4937 15.
1560 4880 1607 4913 ⁵⁸
1639 4879 1802 4951 Apoc.
1847 4894 1910 4947 tt,
1951 4879 2002 4934 7.

2160 4879 2290 4937 Gen.
2333 4894 2416 4946 ιιι,
2456 4878 2547 4935 22.

505 5048 617 5122 (40)
648 5051 719 5122 El
773 5049 964 5122 Ἀδάμ.
1014 5048 1246 5107 Allatius
1292 5050 1660 5122 parenthesim
1685 5051 2011 5122 interponit.

430 5119 729 5201 atatim?
770 5121 1214 5201 ἀντιπαραθεῖναί
1254 5119 1405 5201 τινας
1442 5121 1629 5177 ἄλλοτε
1662 5119 1863 5201 ἀλλο)ςό
1898 5122 2015 5201 πῶς

426 5190 459 5244 ό
501 5190 708 5261 Ἀδάμ,
737 5208 857 5263 qua:
890 5190 1012 5246 aliis
1048 5191 1506 5263 desiderantibus,
1561 5209 1669 5247 non
1716 5193 2015 5248 admodum

431 5263 742 5335 necessaria
760 5262 896 5335 mihi
921 5264 1039 5318 visa
1061 5269 1264 5335 estpet
1294 5262 1432 5318 forte
1461 5264 1708 5318 seholion
1741 5264 1834 5335 sit,
1868 5263 2017 5335 quod

430 5329 487 5407 in
523 5339 727 5407 textum
742 5334 1038 5407 _irrepsel_'i_t
1070 5353 1083 5387 :
1121 5334 1210 5407 ubi
1243 5334 1474 5407 Allatius
1503 5329 1910 5407 ἀντιπροθεϊναι
1941 5335 2016 5407 le-

429 5403 527 5471 git.
571 5401 930 5473 reddiditqu'e,
966 5401 1088 5459 Non
1116 5405 1256 5459 enim
1285 5403 1492 5460 dedecet
1526 5401 1683 5461 alias'
1710 5406 1816 5461 alio
1861 5404 2016 5461 modo

428 5480 481 5545 ε]
509 5481 735 5540 tempore
756 5475 1205 5532 consideratione:
1233 5479 1578 5545 interponere.
1606 5477 1785 5531 Malim
1810 5487 2013 5539 tamen,

430 5541 546 5597 Par
577 5545 716 5597 enim
744 5558 820 5599 est
852 5547 1110 5616 quosdam
1155 5548 1292 5619 alias
1337 5541 1493 5601 aliter
1540 5548 1678 5619 inter
1710 5565 1766 5602 se
1804 5562 2019 5619 compo-

431 5628 572 5672 nere.
622 5630 717 5669 seu
768 5631 1120 5685 comparare;
1159 5618 1358 5683 idest,
1412 5618 1716 5673 secundum
1765 5618 1927 5671 aliam
1964 5624 2018 5671 et

435 5684 597 5737 aliain
631 5684 909 5757 rationein
928 5703 1024 5756 pro
1054 5690 1173 5742 loco
1202 5698 1257 5743 et.
1282 5699 1540 5757 tempore,
1573 5688 1846 5757 quomodo
1875 5687 2016 5742 idem

439 5768 583 5825 saepe
627 5756 920 5812 contrariis
962 5767 1328 5827 comparatur,
1379 5756 1438 5812 ut
1480 5756 1626 5829 quod
1667 5768 1721 5815 et
1761 5758 2017 5815 Christus

2120 5052 2207 5107 leo
2248 5049 2469 5114 dicitur,
2517 5056 2573 5106 et
2610 5049 2904 5105 diabolus:
2937 5047 3126 5120 sicque
3169 5046 3332 5103 fuerit
3378 5043 3521 5120 islud
3564 5059 3699 5120 προ-

2120 5121 2407 5195 διόρθωσις
2450 5121 2516 5195 ad
2567 5129 2887 5195 sequentem
2898 5115 3389 5195 _com'paratiouem
3438 5115 3620 5195 primi
3646 5120 3703 5168 et

2123 5188 2349 5249 secundi
2384 5191 2574 5254 Adam,
2620 5188 2674 5245 in
2719 5205 2826 5260 qua
2868 5188 3172 5246 Methodius
3213 5204 3323 5244 non
3357 5188 3580 5243 omnino
3615 5200 3703 5239 re-

2123 5274 2271 5320 ctum
2300 5263 2554 5319 servavit.
2584 5261 2875 5317 Counerts.

2196 5335 2307 5406 (4|)
2344 5333 2461 5402 Τὴν
2505 5334 2747 5406 σοφίαν.
2779 5330 3044 5406 _lliulcam
3093 5330 3195 5385 sibi
3258 5331 3503 5406 litteram
3550 5325 3705 5396 fingit

2125 5400 2416 5461 Possinius
2440 5400 2742 5474 redditque,
2772 5404 2826 5456 in
2849 5403 3089 5472 confesso
3110 5412 3188 5474 est
3222 5405 3361 5470 apud
3388 5400 3646 5474 sapientes
3679 5410 3701 5450 :

2125 5493 2248 5531 cum
2277 5477 2403 5531 velit
2438 5467 2765 5549 Methodius,
2799 5467 2974 5549 ipsam
3006 5467 3328 5542 sapientiam
3360 5471 3421 5524 τὸ
3449 5467 3702 5549 ἀναμάρ-

2121 5563 2283 5617 τητον
2309 5560 2451 5617 esse,
2477 5546 2621 5617 quod
2656 5544 2719 5598 ab
2752 5546 2894 5617 omni
2920 5545 3149 5598 immune
3175 5552 3384 5617 peccato
3407 5544 3704 5617 est,_Ctijus

2125 5609 2254 5672 sunt
2285 5624 2339 5689 et
2370 5609 2672 5671 aliae-dotes
2704 5616 2775 5670 ibi
2790 5617 3110 5689 assignatas,
3142 5609 3427 5689 contraria:
3453 5609 3701 5689 illiquod

2125 5687 2355 5742 mortale
2392 5696 2446 5742 et
2489 5694 2712 5756 peccato
2753 5681 3046 5756 obnoxium
3091 5693 3194 5746 est,
3235 5681 3540 5756 cujusmodi
3572 5689 3704 5756 sunt

2126 5758 2337 5830 primus
2367 5765 2419 5815 et
2445 5752 2720 5815 secundus
2749 5755 2941 5825 Adam,
2974 5757 3115 5814 inter
3136 5770 3273 5826 quos
3302 5752 3528 5823 proinda
3556 5754 3704 5808 nolle
