3964 6226
527 269 601 327 67
1490 266 1548 323 S.
1589 263 1917 326 METHODII
1957 262 2263 320 EPISCOPI
2301 258 2387 319 ET
2426 250 2794 318 MARTYBIS
3684 271 3751 328 δε

526 384 673 441 enim
705 380 1128 452 Primogenitum
1177 377 1293 445 Dei,
1324 393 1387 432 ac
1441 380 1777 450 unigenitum
1821 394 2039 450 germen
2066 420 2081 443 ,

2188 393 2369 450 στημα
2391 396 2485 433 και
2518 378 2820 450 μονογενὲς,
2854 380 2952 452 τὴν
2984 379 3196 450 σοφίαν,
3234 380 3312 452 τῷ
3373 384 3744 462 πρωτοπλάστῳ

526 476 584 531 id
644 482 728 531 est
792 473 1120 543 Sapientiam
1153 511 1167 533 ,
1231 472 1463 542 primum
1520 471 1751 525 formato
1810 472 2093 541 primoque

528 582 594 621 ac
651 564 1011 636 primogenito
1055 564 1329 617 hominum
1386 564 1602 632 generis
1655 562 1861 617 homini
1919 562 2094 616 admi-

527 668 711 723 stum,
768 656 1039 710 hominem
1098 654 1233 709 ﬁeri.
1302 653 1355 708 Id
1405 655 1547 708 enim
1598 654 1874 709 Christum
1929 670 2089 721 esse,

524 749 795 804 hominem
822 761 956 817 pura
986 746 1334 816 perfectaque
1364 745 1566 800 deitate
1588 746 1825 815 plenum,
1850 754 1903 801 et
1920 744 2090 800 Deum

525 841 617 911 qui
651 840 705 894 in
738 839 953 893 homine
983 838 1248 908 capiatur.
1284 838 1845 907 Congruentissimum
1893 838 2092 908 quippe

522 940 640 989 erat
672 931 1110 1001 antiquissimum
1164 945 1376 985 agonum
1428 938 1481 983 et
1530 930 1764 1000 primum
1799 930 2092 1001 archange-

523 1022 699 1079 lorum
730 1038 851 1076 cum
885 1022 1193 1077 hominibus
1229 1030 1594 1087 versaturum,
1623 1022 1676 1076 in
1710 1022 2090 1092 antiquissimo

521 1104 804 1184 primoque
844 1112 1121 1166 hominum
1150 1114 1484 1177 inhabitare,
1524 1112 1577 1166 id
1610 1121 1694 1168 est
1720 1114 1946 1169 Adamo.
1998 1113 2090 1168 Sic

522 1206 667 1261 enim
706 1205 946 1275 eumqui
972 1221 1000 1258 a
1032 1205 1300 1276 principio
1350 1214 1502 1271 erat,
1555 1221 1860 1272 renovans,
1914 1221 2090 1274 exque

519 1294 741 1368 Virgine
768 1312 831 1351 ac
864 1296 1065 1365 Spiritu
1095 1296 1272 1367 ipsum
1325 1312 1518 1352 rursus
1551 1296 1856 1352 reformans
1877 1338 1892 1363 ,
1936 1312 2089 1351 eum-

519 1390 641 1446 dem
678 1390 973 1444 fabricatur
1002 1408 1013 1443 :
1058 1389 1497 1459 quandoquidem
1533 1388 1783 1444 similiter
1815 1402 1844 1441 a
1884 1386 2092 1457 princi-

517 1483 643 1557 pio,
681 1490 820 1535 terra
850 1480 1056 1549 virgine
1081 1479 1311 1533 necdum
1349 1486 1590 1532 aratrum
1637 1491 1831 1546 passa,
1868 1485 2089 1546 accepto

518 1573 646 1628 inde
678 1573 810 1638 luto,
840 1587 907 1626 ex
948 1572 1039 1625 illo
1092 1570 1234 1625 Deus
1287 1570 1498 1625 ratione
1546 1569 1831 1641 praeditum
1886 1570 2089 1624 animal

518 1666 637 1722 sine
661 1673 899 1722 semente
933 1662 1282 1719 formaverat.
1370 1713 1374 1717 .

2188 471 2281 523 xui
2310 469 2509 542 πρώτῳ
2539 472 2633 525 καὶ
2663 471 2993 541 πρωτογόνῳ
3024 470 3131 525 τῶν
3161 471 3464 545 ἀνθρώπων
3490 476 3743 553 ἀνθρώπῳ

2188 561 2545 632 κερασθεῖσαν
2609 562 3102 633 ὲνηνθρωπηκέναι.
3143 564 3312 617 Τοῦτο
3354 565 3460 638 γὰρ
3488 563 3621 623 εἶναι
3658 571 3742 626 τὸν

2187 653 2443 724 Χριστὸν,
2464 653 2749 724 ἄνθρωπον
2790 653 3023 725 ἀκράτῳ
3060 654 3271 725 θεότητι
3308 656 3402 710 xui
3436 658 3610 730 τελείᾳ
3652 677 3742 713 πε-

2188 745 2293 817 πλη
2304 745 2565 816 ρωμένον,
2589 746 2682 799 καὶ
2709 745 2842 797 Θεὸν
2866 747 2922 798 ὲν
2950 744 3221 816 ἀνθρώπῳ
3246 748 3651 819 κεχωρημένον”
3677 747 3740 823 ἦν

2187 837 2296 908 γὰρ
2357 836 2833 909 πρεπωδέστατον,
2883 836 2973 888 τὸν
3021 836 3390 911 πρεσϐύτατον
3448 838 3555 891 τῶν
3618 839 3738 893 αἰώ-

2183 946 2288 983 νων
2311 908 2420 1000 (44)
2434 929 2527 981 καὶ
2545 929 2759 999 πρῶτον
2766 928 2881 1003 ,τῷ-ν
2905 908 3278 1000 ἀρχαγγέλων,
3300 928 3603 1001 ἀνθρώποις
3627 908 3759 1011 μέλ-ξ

2184 1022 2341 1076 λοντα
2366 1021 2695 1092 συνομιλεῖν,
2738 1023 2818 1084 εἰς
2852 1022 2943 1075 τὸν
2986 1021 3353 1095 πρεσϐύτατον
3400 1024 3493 1076 xui
3542 1014 3771 1129 πρῶτονὶ

2185 1115 2291 1168 τῶν
2325 1112 2626 1183 ἀνθρώπων
2654 1112 3041 1185 εἰσοικισθῆναι
3081 1114 3171 1166 τὸν
3204 1114 3394 1185 Ἀδάμ.
3434 1115 3616 1189 Ταύτῃ
3644 1118 3744 1189 γὰρ

2185 1204 2598 1276 ἀναζωγραφῶν
2625 1206 2692 1258 τὰ
2717 1205 2775 1271 ἐξ
2803 1207 3076 1277 ὑπαρχῆς,
3101 1209 3192 1261 xui
3213 1208 3576 1262 ἁναπλάσσων
3599 1206 3743 1275 αὖθις

2187 1302 2252 1353 ὲκ
2290 1300 2567 1372 Παρθένου
2593 1302 2686 1353 xui
2714 1300 3052 1371 Πνεύματος,
3080 1302 3421 1356 τεκταίνεται
3447 1302 3537 1355 τὸν
3565 1303 3743 1357 αὐτόν’

2186 1392 2373 1463 ἐπειδὴ
2409 1393 2504 1445 xui
2529 1393 2648 1445 κατ’
2676 1393 2870 1464 ἀρχὰς,
2903 1392 3068 1462 οὔσης
3096 1393 3367 1464 παρθένου
3406 1394 3510 1465 γῆς
3551 1393 3623 1446 ἔτι
3663 1395 3752 1449 xui

2183 1484 2445 1556 ἀνηρότου
2471 1523 2486 1548 ,
2535 1483 2714 1537 λαϐὼν
2760 1484 2887 1555 χοῦν
2912 1525 2927 1551 ,
2978 1485 3038 1538 τὸ
3079 1483 3449 1554 λογικώτατον
3492 1486 3753 1543 ἐπλάσατο

2185 1574 2324 1640 ζῶον
2360 1577 2453 1629 ἀπ’
2476 1576 2649 1646 αὐτῆς
2674 1579 2702 1630 ὁ
2730 1577 2864 1641 Θεὸς
2891 1577 3019 1632 ἄνευ
3046 1579 3275 1650 σπορᾶς.

1644 1781 1775 1837 CAP.
1806 1782 1870 1838 V.
1906 1780 2152 1836 Ieremia:
2188 1780 2336 1835 locus
2363 1796 2638 1850 expensus.

588 1900 745 1956 Adsit
774 1901 906 1956 mihi
934 1900 1100 1970 hujus
1149 1898 1226 1954 rei
1271 1899 1428 1954 testis
1461 1898 1691 1954 idoneus
1720 1906 1775 1953 et
1803 1898 2042 1953 disertus
2062 1937 2077 1961 ,

2250 1896 2360 1951 Καί
2392 1914 2480 1969 μοι
2510 1896 2767 1968 ἐχέγγυος
2805 1895 3015 1968 μάρτυς
3061 1899 3156 1952 xui
3199 1899 3376 1971 σαφὴς
3407 1902 3440 1953 ὁ
3482 1901 3751 1974 προφήτης

516 1994 779 2067 propheta
800 1991 1062 2048 Jeremias
1089 2012 1100 2047 :
1142 1991 1206 2046 Et
1229 1992 1493 2057 descendi,
1519 1992 1692 2063 inquit
1709 1991 1842 2057 “,in
1867 1989 2079 2045 domum

516 2086 670 2156 ﬁguli
689 2101 707 2148 ;
759 2094 806 2138 et
839 2100 952 2138 ecce
980 2084 1086 2152 ipse
1125 2083 1353 2152 faciebat
1387 2098 1514 2151 opus
1547 2097 1701 2150 super
1733 2079 1951 2149 lapides.
2011 2078 2081 2133 Et

516 2174 701 2231 cecidit
733 2190 845 2237 vas,
871 2174 1006 2244 quod
1048 2174 1159 2241 ipse
1193 2172 1420 2241 faciebat
1465 2173 1519 2225 in
1551 2178 1659 2225 suis
1687 2171 1950 2226 manibus.
2013 2169 2082 2224 Et

517 2287 702 2325 rursus
730 2269 851 2338 fecit
893 2283 981 2320 vas
1016 2263 1149 2319 illud
1198 2267 1422 2319 alterum
1450 2304 1466 2327 ,
1522 2265 1657 2317 sicut
1706 2263 1978 2333 placuerat
2028 2263 2081 2316 in

517 2370 792 2429 conspectu
820 2374 915 2411 suo
957 2356 1146 2424 facere.
1203 2354 1389 2408 Adhuc
1424 2352 1569 2407 enim
1600 2352 1727 2405 dum
1763 2367 1825 2406 ex
1859 2353 1993 2415 luto,
2025 2360 2084 2406 ut

517 2453 601 2509 sic
643 2453 925 2511 dicamus,
986 2449 1228 2503 Adamus
1285 2446 1609 2500 formare-tur
1644 2460 1764 2500 cum
1799 2445 1976 2501 mollis
2027 2452 2082 2500 et

515 2541 659 2596 udus
686 2547 851 2602 esset,
875 2552 938 2592 ac
970 2539 1196 2592 necdum
1219 2535 1373 2606 quasi
1398 2551 1495 2604 pro
1519 2543 1670 2591 testa:
1696 2536 1827 2601 ritu,
1860 2535 2083 2590 immor-

513 2616 725 2688 talitate
773 2639 1030 2687 excoctus
1067 2636 1121 2683 et
1151 2628 1381 2682 duratus
1409 2626 1619 2693 fuisset,
1650 2637 1875 2698 peccato
1919 2636 2083 2697 guttae

513 2719 1009 2801 instardistillante
1033 2733 1096 2771 ac
1121 2716 1387 2772 deﬂuente
1406 2755 1421 2779 ,
1449 2717 1750 2774 dissolutus
1772 2726 1877 2774 est.
1903 2717 2083 2784 Quare

515 2830 639 2870 eum
671 2830 861 2869 rursus
895 2813 962 2867 ab
990 2813 1198 2881 integro
1225 2810 1611 2875 madefaciens,
1644 2826 1818 2881 exque
1844 2811 1956 2865 luto
1986 2826 2081 2867 vas

513 2909 569 2964 in
601 2908 862 2962 honorem
892 2907 958 2971 “,
989 2904 1241 2961 eumdem
1273 2902 1414 2959 Deus
1450 2906 1712 2971 formans,
1753 2905 1808 2958 in
1830 2902 2082 2973 virginali

512 3001 749 3071 primum
801 2999 1005 3054 durans
1046 3006 1100 3051 et
1150 2996 1501 3066 compingens
1559 3005 1748 3059 utero,
1814 2996 2083 3066 simulque

513 3093 707 3149 uniens
736 3107 799 3146 ac
830 3091 1063 3145 miscens
1096 3087 1295 3155 Verbo,
1327 3087 1559 3143 solidum
1598 3073 2000 3157 infractumque
2025 3088 2083 3142 in

510 3188 676 3241 vitam
709 3186 915 3249 eduxit,
947 3199 1014 3238 ne
1045 3198 1236 3237 rursus
1281 3180 1673 3236 inundantibus
1704 3180 1952 3249 corporis
1980 3178 2081 3232 liu-

2194 1988 2460 2059 ’ῐερεμὶας
2485 1989 2739 2060 παρήτω,
2777 1989 2882 2042 Kal
2922 1989 3179 2057 κατέϐην
3212 1993 3298 2056 εις
3320 1990 3436 2043 τὸν
3460 1987 3621 2046 οἷκον
3651 1991 3750 2047 τοῦ

2183 2082 2476 2151 κεραμέως
2499 2120 2514 2145 ,
2563 2080 2765 2150 λέγων,
2802 2081 2898 2134 καὶ
2956 2080 3084 2134 ἰδοὺ
3133 2083 3315 2148 αὐτὸς
3349 2083 3541 2138 ἐποίει
3585 2084 3751 2153 ἔργον

2182 2172 2281 2227 ἐπὶ
2319 2170 2437 2225 τῶν
2474 2171 2677 2226 λίθων.
2702 2170 2810 2226 Καὶ
2852 2170 3094 2224 διέπεσε
3133 2171 3200 2224 τὸ
3230 2173 3499 2242 ἀγγεῖον,
3526 2173 3558 2227 ὃ
3583 2174 3754 2241 αὐτὸς

2181 2264 2367 2317 ἐποίει
2399 2262 2468 2315 ἐν
2502 2260 2632 2327 ταῖς
2656 2260 2868 2329 χερσὶν
2885 2258 3094 2314 αὑτοῦ.
3124 2261 3231 2314 Kal
3255 2260 3443 2315 πάλιν
3483 2263 3756 2330 ἐποίησεν

2182 2351 2328 2407 αὐτὸ
2385 2350 2624 2420 ἀγγεῖον
2681 2351 2887 2419 ἕτερον
2915 2390 2930 2415 ,
3001 2351 3191 2418 καθὼς
3243 2353 3476 2421 ἤρεσεν·
3510 2353 3755 2408 ἐνώπιον

2182 2445 2368 2499 αὑτοῦ
2403 2444 2509 2499 τοῦ
2547 2442 2816 2513 ποιῆσαι.
2843 2445 2966 2498 Ἔτι
3006 2446 3112 2518 γὰρ
3155 2446 3624 2519 πηλουργούμενον
3661 2447 3751 2500 τὸν

2195 2535 2385 2605 Ἀδὰμ,
2412 2535 2487 2599 ὡς
2532 2534 2679 2587 ἔστιν
2710 2535 2905 2598 εἰπεῖν,
2935 2537 3028 2589 xui
3051 2537 3250 2608 τηκτὸν
3275 2538 3400 2591 ὄντα
3437 2539 3535 2592 xui
3561 2537 3744 2609 ὑδαρῆ,

2182 2629 2277 2682 xui
2310 2628 2534 2699 μηδέπω
2562 2626 2862 2697 φθάσαντα,
2890 2628 3044 2700 δίκην
3071 2629 3356 2701 ὀστράκου.
3383 2634 3449 2702 τῇ
3488 2631 3749 2703 ἀφθαρσίᾳ

2183 2720 2608 2793 κραταιωθῆναι,
2637 2718 2781 2791 ὕδωρ
2806 2719 2994 2792 ὥσπερ
3017 2720 3443 2794 καταλειϐομένη
3471 2726 3561 2778 xui
3584 2741 3747 2778 κατα-

2185 2811 2471 2877 στάζουσα,
2511 2812 2750 2866 διέλυσεν
2786 2813 2947 2866 αὑτὸν
2992 2814 3025 2882 ή
3059 2814 3320 2885 ἁμαρτία.
3362 2815 3456 2867 Διὸ
3502 2815 3563 2885 δὴ
3596 2813 3748 2868 πάλιν

2183 2904 2387 2959 ἀνωθεν
2420 2905 2693 2959 ἁναδεύων
2737 2902 2849 2977 (45)
2893 2906 2989 2959 xui
3032 2906 3424 2977 πηλοπλαστῶν
3469 2910 3559 2963 τὸν
3598 2908 3747 2962 αὐτὸν

2183 2999 2262 3062 εἰς
2284 2999 2449 3070 τιμὴν
2470 3001 2498 3051 ὁ
2524 2998 2677 3062 Θεὸς,
2710 3001 2768 3052 ὲν
2799 3001 2865 3069 τῇ
2902 2998 3200 3071 παρθενικῇ
3238 3001 3588 3073 κραταιώσας
3608 2999 3750 3072 πρῶ-

2182 3108 2273 3143 τον
2298 3092 2391 3144 καὶ
2418 3090 2595 3161 πήξας
2622 3091 2824 3161 μήτρᾳ,
2854 3091 2948 3144 xui
2967 3091 3267 3155 συνενώσας
3294 3094 3387 3146 xui
3410 3095 3751 3165 συγκεράσας

2183 3182 2261 3254 τῷ
2287 3182 2462 3252 Λόγῳ,
2501 3182 2733 3253 ἄτηκτον
2773 3182 2867 3234 xui
2897 3181 3201 3254 ἄθραυστον
3237 3182 3517 3253 ἐξήγαγεν
3564 3186 3640 3248 εἰς
3669 3183 3754 3238 τὸν

508 3280 695 3341 xibus.
727 3283 1006 3331 contracta
1052 3275 1177 3328 tabe
1203 3273 1495 3328 decideret.
1534 3270 1622 3327 Uti
1654 3272 1816 3326 etiam
1847 3271 1901 3325 in
1929 3286 2081 3342 para-

2185 3275 2326 3345 βίον·
2367 3277 2452 3329 ἵνα
2497 3274 2569 3347 μὴ
2599 3275 2758 3329 πάλιν
2792 3278 2902 3338 τοῖς
2933 3276 3033 3347 τῆς
3070 3276 3271 3347 φθορᾶς
3298 3276 3495 3358 ἔξωθεν
3551 3277 3757 3332 ἐπικλυ-

510 3371 633 3425 hola
663 3371 894 3424 inventae
919 3368 1036 3423 uvis
1068 3368 1309 3422 cernitur
1339 3365 1599 3422 Dominus
1623 3365 1839 3427 docere,
1872 3364 1963 3418 ubi
2012 3365 2080 3419 ad

508 3469 753 3517 astantes
781 3462 855 3515 ait
881 3460 1139 3514 Dominus
1170 3474 1326 3514 meus
1372 3476 1386 3513 :
1425 3459 1555 3525 Quis
1601 3474 1667 3511 ex
1715 3457 1854 3512 vobis
1903 3459 2077 3523 homo,

506 3554 600 3625 qui
613 3552 762 3608 habet
775 3562 979 3607 centum
1018 3568 1133 3605 oves
1155 3567 1173 3605 :
1200 3560 1248 3604 et
1282 3552 1328 3604 si
1346 3549 1632 3619 perdiderit
1658 3566 1817 3602 unam
1835 3564 1900 3602 ex
1923 3548 2033 3602 illis
2059 3588 2075 3612 ,

507 3661 678 3700 nonne
703 3644 946 3714 relinquit
981 3644 1267 3713 nonaginta
1301 3658 1480 3696 novem
1508 3643 1562 3694 in
1591 3642 1817 3703 deserto,
1846 3635 1897 3694 ei
1935 3639 2079 3694 vadit

509 3737 578 3792 ad
607 3737 757 3791 illam
783 3754 900 3808 qua:
946 3737 1194 3805 perierat,
1227 3733 1388 3789 donec
1422 3734 1649 3787 inveniat
1677 3735 1830 3788 eam?
1863 3731 1931 3785 Et
1961 3749 2079 3786 cum

500 3831 756 3885 invenerit
804 3846 941 3895 eam,
973 3829 1192 3898 imponit
1226 3829 1279 3881 in
1330 3827 1570 3880 humeros
1604 3842 1726 3880 suos
1747 3864 1761 3887 ,
1808 3824 2077 3896 gaudens;

505 3934 556 3979 et
589 3925 791 3979 veniens
813 3923 1047 3986 domum,
1082 3929 1330 3975 convocat
1357 3919 1551 3973 amicos
1584 3928 1633 3972 et
1658 3917 1879 3981 vicinos,
1899 3915 2077 3970 dicens

504 4017 655 4073 illis:
685 4014 1140 4087 Congratulamini
1166 4013 1333 4079 mihi,
1372 4014 1497 4083 quia
1531 4012 1701 4065 inveni
1732 4026 1875 4065 ovem
1907 4025 2077 4064 meam

503 4126 622 4181 qua:
658 4109 883 4177 perierat
916 4105 983 4164 ³⁵⁵.

2183 3367 2331 3432 σθεὶς
2359 3367 2592 3439 ῥεύμασι
2638 3368 2901 3439 τηκεδόνα
2935 3369 3204 3439 γεννήσας
3253 3369 3529 3442 διαπέσῃ’
3569 3372 3641 3436 ὼς
3668 3371 3755 3425 xui

2181 3457 2239 3510 ὲν
2271 3461 2337 3528 τῇ
2374 3458 2502 3529 περὶ
2541 3459 2640 3529 τῆς
2668 3459 3006 3530 ἀνευρέσεως
3040 3458 3133 3512 τοῦ
3169 3459 3441 3531 προϐάτου
3480 3462 3753 3529 φαίνεται,

2178 3548 2444 3603 διδάσκων
2477 3552 2506 3602 ὁ
2553 3548 2754 3621 Κύριος
2786 3548 3102 3620 παραϐολῇ·
3137 3548 3267 3604 ἔνθα
3295 3552 3458 3622 φησὶν
3492 3554 3529 3604 ὁ
3560 3550 3754 3623 Κύριός

2184 3659 2283 3712 μου
2337 3642 2472 3713 πρὸς
2514 3642 2640 3705 τοὺς
2674 3642 3121 3713 παρεστηκότας·
3159 3644 3253 3708 Τίς
3281 3642 3452 3697 ἐστιν
3480 3645 3557 3709 ἐξ
3593 3638 3755 3714 ὑμῶν

2180 3731 2510 3801 ἄνθρωπος,
2540 3731 2607 3798 ὃς
2633 3732 2758 3801 ἕχει
2785 3732 3001 3786 ἑκατὸν
3028 3733 3309 3800 πρόϐατα,
3339 3733 3456 3787 κᾶν
3474 3735 3748 3803 ἀπολέσῃ

2179 3824 2248 3878 ἓν
2277 3824 2346 3889 ἐξ
2378 3824 2595 3889 αὐτῶν,
2626 3827 2737 3879 οὐκ
2783 3825 2997 3894 ἀφίησι
3028 3827 3101 3878 τὰ
3134 3824 3540 3891 ἐννενήκοντα
3578 3826 3749 3881 ἐννέα

2178 3917 2278 3971 ἐπὶ
2306 3917 2432 3983 τοῖς
2469 3917 2654 3985 ὄρεσι,
2694 3917 2796 3971 καὶ
2847 3920 3156 3987 πορευθεὶς
3177 3920 3275 3973 ἐπὶ
3310 3921 3377 3974 τὸ
3410 3922 3744 3989 ἀπολωλὸς.

2180 4009 2340 4077 ζητεῖ
2375 4010 2520 4063 αὐτὸ
2540 4009 2650 4075 ἕως
2690 4010 2832 4077 εὕρη
2851 4026 2867 4073 ;
2905 4011 3015 4064 Kal
3049 4011 3240 4081 εὑρὼν
3278 4012 3619 4083 ἐπιτίθησιν
3648 4014 3746 4067 ἐπὶ

2181 4102 2322 4169 τοὺς
2350 4101 2546 4171 ὤμους
2579 4101 2764 4156 αὐτοῦ
2783 4118 2796 4132 °
2826 4101 2923 4155 xui
2955 4102 3148 4157 ἐλθὼν
3175 4106 3262 4169 εὶς
3306 4101 3473 4158 οἷκον
3519 4122 3747 4175 συνθια-

503 4204 692 4259 λεῖται
716 4203 858 4270 τοὺς
886 4203 1103 4273 φίλους
1141 4202 1238 4255 καὶ
1267 4201 1558 4269 γείτονας,
1620 4200 1815 4271 λέγων
1852 4215 1866 4229 ·
1931 4195 2276 4267 Συγχάρητέ
2307 4217 2443 4269 μοι,
2516 4199 2606 4253 ὅτι
2654 4198 2865 4267 εὑρέθη
2904 4198 2970 4252 τὸ
3017 4201 3311 4268 πρόϐατόν
3332 4219 3449 4271 μου
3482 4201 3546 4255 τὸ
3595 4202 3745 4256 duco

504 4301 630 4355 λωλ
637 4301 721 4364 ἐς.

502 4408 634 4467 CAP.
660 4407 749 4462 Vl.
786 4406 1118 4477 Spiritalium
1145 4406 1317 4459 ovium
1351 4406 1551 4474 integer
1581 4419 1850 4457 numerus.
1890 4402 2084 4526 "01:0,,
2111 4404 2246 4456 alter
2276 4402 2341 4525 al)
2368 4404 2567 4474 angelis
2607 4405 2663 4459 in
2709 4405 2808 4459 Dei
2839 4406 3047 4460 laudem
3092 4392 3300 4463 chorus.
3351 4408 3472 4464 Ovis
3526 4410 3747 4479 perdita!

1846 4491 1975 4526 vara
2016 4493 2044 4526 ο
2072 4491 2103 4526 a
2134 4490 2310 4526 exuas:
2340 4491 2392 4526 a.

1845 4490 2103 4543 paranota
2134 4490 2392 4542 exposita.

574 4593 844 4661 Quoniam
875 4596 1018 4651 enim
1059 4594 1174 4666 ipse
1202 4593 1485 4650 verissime
1506 4602 1623 4648 erat
1655 4604 1814 4662 atque
1843 4601 1948 4658 est,
1975 4593 2067 4662 qui
2101 4601 2145 4654 ι)

502 4702 535 4743 a
566 4688 835 4757 principio
874 4699 990 4743 erat
1027 4688 1168 4759 apud
1213 4686 1380 4742 Deum
1429 4698 1483 4742 et
1524 4686 1666 4743 Deus
1696 4695 1814 4743 erat
1838 4687 1882 4719 ⁸⁵
1907 4727 1923 4752 ,
1956 4688 2074 4757 ipse

503 4780 799 4850 imperator
821 4790 1113 4851 pastorque
1143 4780 1446 4835 caelestium
1471 4819 1486 4842 ,
1547 4780 1634 4834 cui
1685 4794 1875 4835 omnes
1905 4780 2072 4833 animi

502 4872 877 4942 obtemperant
896 4888 960 4926 ac
989 4889 1147 4943 quem
1190 4881 1516 4943 sequuntur,
1542 4872 1846 4943 composito
1878 4887 2070 4943 regens

498 4962 694 5018 ordine
715 4970 876 5034 atque
909 4980 1200 5019 numerans
1215 4965 1494 5020 beatorum
1525 4976 1699 5020 caetus
1730 4966 2063 5036 angelorum.

502 5050 603 5108 Hic
637 5054 782 5108 enim
835 5054 925 5108 ille
963 5070 1061 5124 par
1111 5063 1194 5110 est
1243 5062 1298 5110 et
1347 5055 1621 5126 perfectus
1673 5056 2061 5111 immortalium

2254 4594 2474 4667 Ἐπειδὴ
2497 4595 2606 4667 γὰρ
2631 4596 2796 4660 αὐτὸς
2823 4596 2898 4661 ὡς
2921 4596 3137 4668 ἀληθῶς
3165 4593 3232 4669 ἦν
3264 4616 3324 4651 τε
3369 4602 3462 4653 καὶ
3489 4599 3658 4663 ἔστιν,
3685 4602 3746 4654 ἐν

2175 4687 2316 4759 ἀρχῇ
2344 4686 2418 4740 ὢν
2458 4690 2595 4760 πρὸς
2636 4690 2726 4743 τὸν
2766 4690 2916 4755 Θεὸν,
2942 4691 3036 4742 xui
3076 4688 3207 4754 Θεὸς
3245 4690 3341 4754 ὢν,
3377 4692 3405 4744 ὁ
3446 4692 3746 4764 ἀρχιστρά-

2174 4795 2339 4849 τηγος
2366 4781 2461 4833 καὶ
2511 4782 2712 4853 ποιμὴν
2755 4783 2862 4835 τῶν
2890 4783 3008 4836 κατ’
3039 4784 3265 4855 οὐρανὸν
3285 4823 3298 4847 ,
3330 4777 3374 4851 ᾦ
3410 4786 3585 4838 πάντα
3628 4786 3745 4837 rei.

2174 4871 2354 4925 θονται
2400 4875 2494 4926 xui
2544 4874 2842 4945 ὀμαρτούσι
2893 4876 2961 4929 τὰ
3020 4876 3248 4944 λογικὰ,
3298 4877 3393 4929 xui
3441 4873 3759 4947 ποιμαίνων

2171 4966 2446 5029 εὐτάκτως
2495 4968 2589 5019 xui
2647 4966 2896 5039 ἀριθμῶν
2945 4969 3013 5022 τὰ
3071 4969 3249 5041 πλήθη
3302 4968 3410 5022 τῶν
3459 4972 3746 5041 μακαρίων

2169 5058 2435 5127 ἀγγέλων.
2461 5054 2627 5123 Οὗτος
2653 5059 2761 5132 γὰρ
2792 5060 2904 5124 ἶσος
2929 5061 3022 5115 xui
3049 5061 3253 5125 τέλειος
3285 5060 3516 5133 ἀριθμὸς
3544 5063 3746 5117 ἀθανά-

609 5209 654 5241 ’⁵²
693 5208 825 5280 Cap.
867 5225 1023 5274 xvm,
1055 5225 1185 5262 rers.
1216 5209 1270 5272 '5,
1310 5209 1363 5264 4.
1435 5208 1480 5241 ’⁵³
1524 5208 1586 5262 ΙΙ
1623 5209 1758 5265 Tim.
1800 5227 1862 5275 ιι,
1902 5211 1994 5278 20,
2034 5211 2081 5265 2f

2200 5214 2246 5244 δ*
2284 5210 2409 5266 Luc.
2454 5230 2544 5277 xv,
2584 5215 2637 5277 ό,
2680 5214 2731 5269 6.
2808 5217 2853 5248 ⁸⁸
2890 5214 3051 5271 Joan.
3096 5235 3134 5281 ι,
3178 5219 3228 5272 1.

500 5377 629 5435 caro
660 5380 723 5419 ex
746 5363 952 5419 Adamn
983 5372 1296 5435 propagata,
1319 5372 1372 5418 et
1395 5380 1514 5434 quae
1536 5374 1688 5434 parte
1716 5366 1797 5419 sui
1833 5366 2064 5434 quadam

501 5433 557 5489 in
584 5436 698 5503 ipso
726 5433 1015 5495 exstiterit.
1048 5433 1325 5505 assumpta
1352 5433 1511 5489 fuerit
1539 5433 1568 5488 ιι
1601 5435 1775 5490 Verbo
1804 5433 1861 5491 se
1886 5439 2063 5491 incar-

501 5514 686 5576 nante.
711 5508 888 5574 Atque
914 5507 1034 5560 ideo
1061 5506 1300 5561 Adamus
1325 5506 1439 5576 ipse
1459 5505 1855 5576 quodammodo
1877 5522 2066 5563 secun-

500 5574 628 5628 dum
658 5575 858 5643 aliquid
892 5577 975 5628 sui
1010 5576 1260 5633 Christus
1290 5574 1707 5631 Γιιίιιτίῑζροεεικ.

572 5644 680 5717 (AM)
714 5646 1126 5712 Πρεσϐύτατον
1161 5646 1279 5701 τῶν
1318 5646 1560 5700 αΙώνων.
1603 5647 1788 5717 Αιιυι..
1838 5650 2063 5706 δίει-μισ·-

500 5716 617 5770 rum
645 5716 1086 5784 antiquissimum,
1117 5719 1259 5786 quod
1293 5719 1462 5788 magis
1495 5717 1687 5788 placet.
1712 5716 1877 5773 (λιιι.

2245 5368 2357 5447 (45)
2401 5369 2743 5447 Ἆναδεύων.
2775 5371 3100 5447 _]nfundens,
3153 5374 3494 5447 subigensque
3533 5392 3552 5430 :
3592 5376 3742 5443 quod

2178 5436 2294 5491 Vat.
2318 5441 2673 5520 ᾁναμορφῶν,
2709 5436 3003 5520 reformatis
3031 5454 3195 5514 atque
3236 5436 3561 5520 instaurans.
3590 5436 3741 5520 illud

2170 5513 2399 5587 prepius
2440 5513 2661 5587 modum
2712 5513 2962 5587 attingit,
3005 5513 3117 5583 quo
3152 5532 3217 5570 ex
3255 5517 3367 5572 luto
3401 5518 3605 5587 aliquid
3648 5533 3742 5571 re-

2173 5580 2566 5656 ﬁngit_ur_:_els_i
2622 5598 2731 5656 non
2782 5580 3035 5656 videtur,
3071 5587 3214 5654 quod
3258 5588 3368 5656 jam
3421 5580 3558 5642 testa
3613 5588 3738 5645 fuit.

2171 5651 2363 5730 quavis
2395 5651 2668 5730 inlusione
2695 5655 2747 5707 in
2781 5654 2874 5730 lu_ti
2910 5651 3191 5710 materiam
3234 5651 3409 5730 subigi
3454 5674 3638 5728 posse,
3678 5673 3745 5714 ut

2167 5721 2291 5777 inde
2312 5737 2407 5778 vas
2435 5724 2788 5779 instauretur.
2814 5725 3100 5781 Cousnrns.
