3964 6226
267 232 340 289 69
1326 233 1711 291 CONVIVIUM
1748 233 1979 290 DECEM
2020 232 2379 290 VlRGINUM.
2432 236 2439 243 ’
2966 288 2969 297 λ
3433 244 3504 301 70

267 367 382 407 των
405 348 574 415 ζάκον,
603 351 745 405 κατά
775 352 965 421 γενεάς
991 356 1085 407 καὶ
1116 354 1288 423 φυλὰς
1315 356 1680 429 διῃρημένων,
1710 373 1825 427 συμι

1944 356 2257 411 animalium
2285 371 2568 421 numerus,
2600 372 2696 427 per
2719 359 3070 430 cognationes
3104 361 3387 434 tribusque
3417 363 3505 419 di-

278 440 721 512 παραληφθέντος
766 442 996 498 ἐνταῦθα
1025 447 1092 516 τῇ
1140 447 1343 519 ποίμνῃ
1380 447 1474 499 καὶ
1504 446 1597 500 τοῦ
1631 446 1839 517 ἀνθρώ-

276 555 397 591 που.
436 538 873 610 Δεδημιούργητο
898 538 1006 611 γὰρ
1035 540 1130 593 καὶ
1160 541 1319 602 αὐτὸς
1364 540 1467 605 ἔξω
1490 541 1713 613 φθορᾶς,
1751 542 1838 594 ἵνα

270 629 364 683 τὸν
406 628 630 699 βασιλέα
675 632 906 703 γεραίρῃ
955 632 1169 686 πάντων
1223 633 1316 686 καὶ
1354 634 1619 705 ποιητὴν,
1690 634 1837 688 ἀντί-

269 718 487 787 φθογγα
522 720 770 790 peltpbo‘w
799 725 916 785 ταῖς
948 722 1054 775 τῶν
1097 724 1340 791 ἀγγέλων
1368 724 1426 791 ἐξ
1478 725 1705 795 ούρανοῦ
1743 743 1837 795 φε-

271 811 533 882 ρομέναις
558 810 725 881 βοαῖς.
762 812 898 863 Ἀλλ’
926 813 1047 865 ἐπεὶ
1072 813 1268 884 συνέϐη
1299 814 1709 886 παρεληλυθότα
1739 814 1836 887 τὴν

277 904 499 974 ἐντολὴν
521 946 534 969 ,
563 903 802 974 ὀλέθριον
835 904 1034 975 πτῶμα
1072 907 1166 959 καὶ
1192 905 1362 960 δεινὸν
1406 910 1588 960 πεσεῖν
1633 910 1710 971 είς
1742 907 1838 961 θά-

270 1016 428 1052 νατον
467 999 979 1069 ἀναστοιχειωθέντα
1000 1017 1013 1030 ·
1043 998 1130 1053 διὰ
1164 1000 1321 1054 τοῦτό
1354 1018 1514 1073 φησιν
1551 1003 1579 1055 ὁ
1612 1000 1833 1073 Κύριος,

267 1093 458 1145 ἑαυτὸν
509 1096 587 1157 εἰς
632 1094 721 1147 τὸν
762 1093 875 1164 βίον
927 1097 991 1147 ἐκ
1048 1093 1155 1146 τῶν
1202 1095 1444 1166 οὐρανῶν
1489 1094 1833 1166 ἐληλυθέναι,

267 1185 695 1239 καταλελοιπότα
741 1185 841 1249 τάς
888 1186 1069 1251 τάξεις
1111 1188 1205 1241 καὶ
1232 1186 1299 1239 τά
1350 1186 1681 1257 στρατόπεδα
1727 1184 1834 1239 τῶν

263 1277 538 1345 ἀγγέλων.
576 1277 1001 1331 Ἀπεικονιστέον
1027 1277 1134 1349 γὰρ
1160 1278 1226 1331 τὰ
1259 1278 1353 1348 μὲν
1398 1276 1496 1349 ὅρη
1534 1280 1643 1341 τοῖς
1676 1276 1837 1347 ούρα-

262 1372 406 1430 νοίς’
436 1367 508 1420 τὰ
553 1367 611 1420 δὲ
644 1368 988 1435 ἐννενήκοντα
1030 1367 1185 1421 ἐννέα
1217 1367 1463 1439 πρόϐατα
1506 1369 1626 1430 ταῖς
1680 1366 1836 1419 δυνά-

263 1475 389 1529 μεσι
422 1459 522 1512 καὶ
545 1462 664 1521 ταῖς
708 1460 901 1530 ἀρχαῖς
932 1460 1027 1512 καὶ
1070 1463 1190 1523 ταῖς
1231 1460 1517 1527 ἐξουσίαις,
1558 1458 1623 1523 ἃς
1665 1476 1833 1514 κατα-

258 1552 543 1618 λέλοιπεν,
594 1552 927 1623 ἀναζητῆσαι
969 1550 1240 1606 κατελθὼν
1268 1552 1331 1605 τὸ
1382 1550 1655 1614 ἀπολωλὸς
1703 1548 1835 1623 πρό-

255 1646 443 1710 ϐατον,
476 1648 506 1699 ὁ
542 1645 843 1716 στρατηγὸς
872 1646 968 1698 καὶ
994 1646 1219 1715 ποιμήν.
1245 1644 1465 1698 Ἔλειπε
1492 1643 1601 1716 γὰρ
1624 1643 1832 1715 ἄνθρω-

256 1755 358 1790 πον
396 1740 480 1800 εἰς
516 1737 617 1807 τὴν
666 1736 844 1807 βίϐλον
888 1736 1348 1806 ἐγκαταλεχθῆναι
1367 1736 1569 1806 ταύτην
1610 1734 1689 1789 ἔτι
1738 1736 1833 1789 καὶ

251 1830 345 1883 τὸν
407 1829 680 1900 ἀριθμὸν,
735 1829 1102 1899 βαπάσαντος
1135 1829 1295 1881 αὑτὸν
1346 1827 1439 1881 τοῦ
1489 1828 1692 1897 Κυρίου
1739 1828 1833 1881 καὶ

253 1921 674 1992 ἀμφιεσαμένου
697 1938 711 1950 ·
762 1921 849 1974 ἵνα
884 1920 957 1992 μὴ
1014 1920 1107 1975 καὶ
1160 1921 1353 1985 πάλιν,
1393 1920 1468 1983 ὡς
1513 1919 1669 1990 ἔφην,
1714 1920 1833 1982 ταῖς

251 2015 574 2084 τρικυμίαις
622 2013 718 2065 καὶ
776 2016 896 2076 ταῖς
950 2012 1182 2075 ἀπάταις
1232 2011 1611 2083 περικλυσθεὶς
1668 2027 1833 2064 κατα-

253 2107 530 2177 ποντωθῇ.
587 2106 771 2177 Ταύτῃ
823 2105 932 2177 γὰρ
990 2106 1080 2159 τὸν
1133 2105 1418 2177 ἄνθρωπον
1471 2104 1755 2173 ἀνείληφεν
1803 2106 1833 2157 ὁ

257 2196 461 2264 Λόγος,
488 2198 630 2260 ὅπως
667 2196 730 2266 δὴ
761 2196 826 2249 δι’
869 2196 1032 2250 αὐτοῦ
1072 2196 1350 2269 καταλύσῃ
1377 2195 1475 2267 τὴν
1510 2196 1593 2247 ἐπ’
1628 2194 1831 2265 ὀλέθρῳ

260 2289 545 2354 γεγονυῖαν
595 2286 927 2358 καταδίκην,
979 2288 1214 2357 ἡττήσας
1250 2286 1341 2339 τὸν
1399 2286 1539 2353 ὅφιν.
1587 2282 1830 2355 Ἦρμοζε

256 2378 369 2448 γάρ
397 2378 472 2449 μὴ
506 2378 574 2430 δι’
619 2379 805 2450 ἑτέρου
848 2378 1131 2448 νικηθῆναι
1163 2379 1253 2432 τὸν
1292 2377 1545 2449 πονηρὸν,
1589 2374 1723 2429 ἀλλά
1763 2374 1830 2429 δι’

258 2471 487 2533 ἐκείνου,
521 2470 582 2523 ὃν
613 2470 677 2540 δὴ
708 2469 802 2522 καὶ
826 2470 1137 2539 ἐκόμπαζεν
1174 2470 1459 2540 ἀπατήσας
1491 2467 1652 2521 αὐτὸν
1677 2484 1831 2520 τετυ-

254 2560 589 2631 ραννηκέναι
611 2576 623 2589 ·
656 2559 736 2611 ὅτι
773 2559 846 2629 μὴ
869 2558 1041 2623 ἄλλως
1064 2560 1163 2631 τὴν
1188 2560 1461 2631 ἁμαρτίαν
1484 2558 1707 2629 λυθῆναι
1735 2558 1830 2611 καὶ

248 2653 353 2722 τὴν
403 2653 733 2723 κατάκρισιν
779 2650 1003 2704 δυνατὸν
1052 2646 1141 2721 ἦν,
1194 2654 1242 2704 εί
1278 2652 1351 2722 μὴ
1392 2651 1550 2704 πάλιν
1593 2652 1621 2703 ὁ
1667 2649 1829 2713 αὐτὸς

250 2746 461 2806 ἐκεῖνος
496 2745 796 2816 ἄνθρωπος,
828 2743 894 2795 δι’
942 2743 999 2796 ὃν
1042 2743 1226 2814 εἴρητο
1260 2744 1318 2797 τὸ
1361 2742 1451 2811 Γῆ
1498 2739 1570 2807 εἷ,
1604 2742 1702 2795 καὶ
1741 2743 1828 2807 εις

248 2835 371 2904 γῆν
402 2838 742 2903 ἀπελεύσῃ,
772 2835 1136 2899 ἀναπλασθεὶς
1161 2834 1268 2906 (46)
1304 2834 1527 2888 ἀνέλυσε
1568 2834 1664 2905 τὴν
1693 2833 1828 2887 ἀπό-

249 2942 443 2992 φασιν,
463 2927 566 2997 τὴν
586 2926 652 2978 δι’
674 2925 833 2979 αὐτὸν
852 2926 932 2990 είς
958 2927 1165 2989 πάντας
1185 2925 1435 2995 ἐξενηνεγ
1443 2925 1605 2995 μένην
1620 2941 1633 2954 ’
1654 2925 1823 2988 ὅπως,

249 3016 440 3081 καθὼς
463 3020 523 3071 ἐν
550 3017 628 3087 τῷ
664 3017 833 3087 Ἀδὰμ
860 3017 1123 3089 πρότερον
1149 3017 1349 3079 πάντες
1376 3014 1823 3085 ἀποθνήσκουσιν,

1942 449 2203 509 visorum.
2233 457 2520 519 aggregato
2566 449 2655 503 hic
2702 451 2794 506 tali
2844 453 2989 524 gregi
3041 454 3202 508 etiam
3262 456 3501 513 homine.

1941 538 2073 593 Nam
2103 550 2155 593 et
2188 541 2301 609 ipse
2329 541 2696 610 corruptionis
2728 557 2918 600 exsors
2948 555 3167 602 creatus
3196 554 3299 613 est,
3328 557 3385 602 ut
3414 565 3505 605 re-

1942 644 2058 699 gem
2086 630 2463 682 universorum
2490 636 2543 683 et
2580 638 2899 697 creatorem,
2931 635 3103 690 altero
3127 638 3270 691 velut
3299 639 3501 705 choro,

1942 725 2256 796 angelorum
2281 740 2311 779 e
2334 726 2471 779 cmlo
2503 726 2833 784 clamoribus
2867 733 3225 799 respondente
3248 774 3263 801 ,
3318 737 3506 791 lamia-

1941 825 2023 872 ret
2051 833 2113 872 ac
2135 818 2455 873 celebraret.
2486 817 2590 873 Sed
2630 820 2754 889 quia
2779 822 3112 892 contingeret
3134 842 3278 893 eum,
3302 829 3505 883 violato

1941 910 2035 965 Dei
2069 911 2349 971 mandato,
2381 910 2531 979 gravi
2584 925 2649 964 ac
2689 911 2919 967 exitioso
2951 914 3105 984 lapsu
3160 933 3417 976 corruere
3445 922 3504 975 in

1941 1012 2169 1058 mortem
2196 1005 2516 1066 resolutum,
2560 1012 2845 1074 propterea
2872 1006 3000 1061 dicit
3042 1007 3324 1076 Dominus,
3358 1029 3416 1067 se
3444 1013 3505 1068 in

1940 1094 2223 1158 mundum,
2255 1096 2463 1151 relictis
2523 1097 2784 1165 angelicis
2826 1098 3107 1155 ordinibus
3146 1117 3209 1157 ac
3261 1105 3504 1160 cohorti-

1940 1186 2063 1248 bus,
2091 1201 2121 1240 e
2148 1187 2303 1240 caelis
2334 1189 2565 1244 venisse.
2604 1189 2810 1245 Montes
2842 1193 2985 1246 enim
3016 1194 3182 1250 caelos
3217 1195 3503 1268 designare

1940 1277 2238 1347 putandum
2269 1287 2384 1342 est;
2428 1295 2523 1348 per
2571 1295 2699 1334 oves
2736 1296 2865 1335 vero
2923 1284 3216 1352 nonaginta
3264 1302 3454 1342 novem
3480 1330 3498 1355 ,

1938 1370 2171 1425 virtutes
2199 1377 2253 1423 et
2289 1372 2628 1442 principatus
2661 1385 2713 1428 et
2759 1382 3050 1444 potestates
3073 1392 3207 1446 quas
3237 1379 3496 1450 reliquit,

1938 1459 2273 1541 descendens
2305 1461 2420 1530 ipse
2448 1461 2744 1531 im‘perator
2765 1469 2817 1516 et
2855 1474 3039 1532 pastor
3063 1462 3128 1516 ad
3154 1465 3497 1533 quaerendam

1937 1550 2238 1623 ovemquaa
2288 1553 2540 1622 perierat.
2590 1552 2849 1609 Restabat
2898 1556 3040 1610 enim
3085 1564 3141 1609 ut
3169 1566 3222 1610 et
3255 1556 3417 1611 homo
3443 1557 3500 1614 in

1938 1643 2078 1697 hanc
2118 1646 2458 1699 matriculam
2488 1655 2540 1700 et
2581 1646 2884 1714 catalogum
2934 1645 3297 1715 adjiceretur,
3340 1663 3499 1718 quem

1862 1768 1906 1824 Β
1932 1736 2049 1806 ipse
2073 1734 2331 1791 Dominus
2364 1746 2600 1807 gestaret
2636 1751 2700 1791 ac
2729 1737 2995 1793 induisset
3026 1757 3039 1793 :
3074 1755 3142 1795 ne
3170 1755 3395 1805 rursus,
3422 1741 3498 1797 uti

1937 1825 2181 1880 dicebam
2203 1866 2218 1890 ,
2269 1827 2589 1881 tricumanis
2618 1825 2870 1882 ﬂuctibus
2913 1827 3303 1899 fraudibusque
3332 1830 3500 1885 obru-

1938 1923 2046 1980 tus,
2079 1916 2188 1969 imo
2219 1918 2408 1987 pelago
2452 1926 2804 1985 mergeretur.
2859 1916 2934 1972 Eo
2984 1934 3219 1988 namque
3269 1922 3499 1979 consilio

1936 2016 2224 2077 susceptus
2255 2024 2283 2059 a
2311 2006 2488 2061 Verbo
2528 2007 2688 2062 homo
2726 2015 2829 2071 est,
2862 2016 2940 2071 ut,
2965 2010 3176 2064 devicto
3204 2020 3453 2080 serpente
3477 2052 3496 2078 ,

1938 2115 2038 2156 suo
2069 2116 2293 2155 munere
2318 2108 2480 2169 atque
2512 2115 2696 2170 opera,
2717 2101 2952 2157 hominis
2975 2104 3141 2157 exitio
3171 2104 3333 2158 latam
3365 2119 3499 2160 con-

1936 2192 2333 2248 demnationem
2367 2193 2617 2249 dilueret.
2678 2194 3115 2250 Consentaneum
3165 2196 3363 2267 quippe
3395 2196 3502 2254 fuit

1936 2300 2043 2339 non
2075 2285 2144 2339 ab
2169 2285 2277 2338 alio
2303 2284 2445 2338 vinci
2476 2284 2751 2338 diabolum
2782 2299 2944 2354 quam
2970 2286 3037 2339 ab
3077 2286 3170 2340 illo
3198 2287 3315 2357 ipso
3336 2301 3501 2358 quem

1935 2393 1963 2430 a
1988 2391 2046 2431 se
2071 2374 2354 2430 seductum
2393 2389 2505 2428 suae
2538 2389 2598 2428 se
2639 2364 2910 2444 tyrannidi
2954 2375 3256 2444 subjecisse
3302 2378 3504 2449 gloria-

1933 2468 2112 2522 batur.
2140 2465 2274 2520 Nam
2305 2480 2478 2534 neque
2510 2465 2667 2519 aliter
2698 2466 2831 2519 solvi
2867 2474 3145 2535 peccatum
3197 2479 3249 2522 et
3272 2467 3502 2524 damna-

1937 2560 2139 2614 tionem
2173 2557 2376 2612 aboleri
2405 2556 2664 2627 possibile
2686 2566 2823 2621 crat,
2859 2558 2964 2612 nisi
3006 2574 3200 2613 rursus
3244 2559 3335 2614 ille
3384 2559 3500 2629 ipse

1934 2653 2097 2706 homo
2117 2650 2189 2705 ob
2216 2666 2376 2720 quem
2409 2648 2612 2702 dictum
2654 2657 2790 2716 erat,
2842 2650 3005 2704 Terra
3062 2667 3138 2715 es,
3191 2661 3239 2704 et
3288 2653 3343 2706 in
3392 2661 3499 2707 ter-

1933 2763 2049 2799 ram
2067 2745 2335 2799 reverteris
2354 2744 2419 2808 ⁶⁶,
2440 2744 2786 2808 reformatus,
2805 2760 2924 2813 qua:
2939 2743 3057 2814 ejus
3073 2752 3223 2799 reatu
3240 2745 3292 2798 in
3309 2760 3501 2801 omnes

1933 2842 2268 2907 pervaserat,
2308 2834 2631 2889 sententiam
2664 2834 3041 2904 antiquasset:
3076 2843 3133 2889 ut
3165 2836 3305 2890 sicut
3344 2836 3499 2905 prius

1933 2912 1988 2982 in
2007 2927 2179 2981 Adam
2211 2943 2401 2982 omnes
2431 2926 2820 2988 moriebantur,
2846 2927 2925 2981 sic
2951 2936 3002 2982 et
3042 2927 3097 2981 in
3135 2926 3352 2983 Christo
3375 2942 3498 2983 rur-

1933 3036 2027 3076 sus
2073 3020 2165 3090 qui
2214 3019 2482 3076 Adamum
2528 3018 2955 3089 assumpsissct,
3009 3033 3197 3074 omnes
3256 3018 3498 3075 viviﬁca-

247 3110 395 3163 οὕτω
432 3110 498 3181 δὴ
548 3110 708 3163 πάλιν
740 3109 834 3163 καὶ
881 3110 940 3161 ὲν
990 3108 1069 3181 τῷ
1110 3109 1419 3181 ἀνειληφότι
1472 3105 1691 3179 Χριστῷ
1736 3105 1825 3158 τὸν
1853 3122 1895 3179 c
1930 3122 2116 3168 remur
2148 3113 2216 3168 ιτ,

260 3202 437 3273 Ἀδὰμ
468 3203 672 3266 πάντες
701 3202 1099 3274 ξωοποιηθῶσι.

750 3345 879 3400 Car.
910 3344 1023 3400 VII.
1056 3344 1255 3400 Christi
1287 3360 1463 3415 opera,
1496 3344 1595 3398 Dei
1627 3352 1675 3397 et
1706 3339 1930 3396 hominis
1955 3341 2193 3411 propria.
2220 3340 2333 3410 ejus
2378 3340 2565 3409 ipsius,
2596 3342 2684 3411 qui
2714 3357 2848 3395 unus
2872 3342 2965 3395 sit.

315 3486 435 3540 Καὶ
461 3486 592 3557 περὶ
622 3484 719 3555 μὲν
743 3483 836 3537 τοῦ
872 3485 962 3537 τὸν
986 3484 1288 3557 ἄνθρωπον,
1311 3483 1538 3554 ὄργανον
1566 3481 1824 3551 γεγονότα

249 3580 345 3632 καὶ
371 3578 577 3648 ἔνδυμα
623 3579 714 3632 τοῦ
764 3576 1134 3648 Μονογενοῦς,
1168 3576 1326 3630 τοῦτο
1369 3575 1820 3647 ἀπεργάσασθαι,

248 3672 389 3742 ὅπερ
420 3672 519 3724 καὶ
546 3672 705 3734 αὐτὸς
742 3674 771 3725 ὁ
805 3674 884 3735 εἰς
925 3670 1087 3724 αὐτὸν
1116 3669 1479 3732 είσοικισθεὶς,
1511 3668 1693 3739 σχεδὸν
1720 3668 1821 3739 ήδη

250 3779 343 3831 μοι
374 3761 530 3814 δοκεῖ
573 3761 724 3824 τέλος
765 3760 938 3831 ἔχειν’
969 3760 1030 3813 τὸ
1058 3758 1115 3812 δὲ
1143 3760 1223 3812 ὅτι
1269 3760 1404 3829 μήτε
1448 3758 1552 3829 μὴν
1584 3759 1823 3829 ἀναρμο-

249 3849 397 3908 στία.
435 3847 597 3902 πάλιν
630 3848 690 3912 ἐξ
728 3849 902 3920 ἀρχῆς
934 3848 1021 3901 διὰ
1054 3847 1296 3918 βραχέων
1341 3846 1717 3901 ἐπισκεπτέον.
1750 3846 1822 3900 Τὸ

247 3940 362 4011 γὰρ
421 3939 717 4008 αὐτοφύσει
769 3939 931 3992 καλὸν
982 3941 1076 3993 καὶ
1124 3938 1416 4007 αὐτοφύσει
1470 3939 1675 3991 δίκαιον
1729 3938 1823 3992 καὶ

249 4032 417 4095 ὅσιον,
450 4024 513 4083 οὗ
544 4029 615 4082 τά
662 4029 797 4083 ἄλλα
827 4029 967 4083 κατὰ
1014 4030 1244 4102 μετοχὴν
1282 4029 1488 4098 γίνεται
1529 4029 1695 4094 καλὰ,
1723 4030 1823 4100 τὴν

253 4124 446 4191 σοφίαν
474 4125 503 4175 ὁ
525 4122 700 4192 λέγων
743 4122 1034 4192 τυγχάνειν
1065 4122 1202 4192 μετά
1243 4123 1332 4175 τὸν
1378 4121 1508 4174 Θεὸν
1533 4119 1641 4191 (47)
1672 4121 1825 4192 ὀρθό-

247 4230 391 4266 τατα
422 4214 570 4281 λέγει
590 4231 603 4244 ·
625 4214 687 4267 τὸ
708 4214 764 4266 δὲ
796 4209 863 4267 αὖ
892 4214 1104 4268 ἀνόσιον
1132 4216 1227 4268 κα)⁸
1265 4214 1445 4269 ἄδικον
1469 4215 1562 4266 καὶ
1592 4212 1822 4284 πονηρὸν

245 4307 352 4377 τὴν
384 4307 680 4377 ἁμαρτίαν.
714 4306 819 4360 Δύο
849 4307 956 4379 γὰρ
989 4306 1058 4360 τά
1096 4309 1176 4370 εἰς
1210 4306 1375 4377 ἄκρον
1404 4306 1649 4377 ἀλλήλοις
1672 4309 1823 4359 ἐναν-

244 4400 370 4461 τία,
399 4397 509 4470 ζωὴ
545 4400 641 4453 καὶ
676 4399 924 4465 θάνατος,
956 4398 1233 4470 ἀφθαρσία
1260 4400 1355 4453 καὶ
1391 4399 1583 4471 φθορά.
1623 4398 1823 4469 Ἰσότης

326 4556 374 4589 “
408 4554 530 4614 Gen.
582 4573 664 4623 Ill,
719 4558 806 4613 19.
878 4558 922 4590 ⁸⁷
975 4557 1007 4611 Ι
1042 4556 1168 4612 Cor.
1210 4573 1299 4621 xv,
1347 4554 1437 4609 22.

1998 3477 2272 3531 Hactenus
2299 3473 2434 3530 satis
2473 3475 2790 3545 exposuisse
2821 3475 2950 3528 mihi
2990 3475 3193 3538 videor,
3226 3475 3491 3545 quemad-

1926 3568 2146 3623 modum
2174 3567 2337 3622 bomo
2364 3566 2780 3621 instrumentum
2811 3566 2986 3621 factus
3029 3574 3083 3621 et
3114 3566 3493 3622 indumentum

1926 3660 2202 3733 Unigeuiti
2234 3661 2335 3714 hoc
2360 3660 2474 3730 ipse
2499 3658 2832 3730 praestiterit,
2864 3658 3009 3729 quod
3040 3668 3091 3713 et
3115 3659 3205 3712 ille
3226 3659 3318 3727 qui
3349 3660 3404 3713 in
3424 3674 3494 3715 eo

1926 3754 2212 3809 habitavit.
2242 3752 2396 3820 Quod
2424 3762 2603 3808 autem
2634 3766 2809 3821 neque
2835 3750 3124 3820 imparitas
3150 3751 3240 3804 illa
3273 3752 3364 3815 sit,
3389 3766 3494 3809 nec

1924 3848 2324 3904 inconcinnitas
2349 3844 2818 3913 dissonantiaque,
2846 3857 3044 3897 rursus
3078 3856 3108 3895 a
3139 3842 3318 3912 capite
3367 3844 3493 3899 bre-

1921 3941 2060 3996 viter
2087 3938 2564 3996 considerandum.
2614 3934 2795 4006 ipsum
2833 3935 2979 3990 enim
3017 3942 3210 3987 natura
3242 3935 3445 3990 bonum
3473 3974 3492 3998 ,
3541 3978 3547 3986 .

1921 4032 2097 4102 ipsum
2126 4039 2318 4086 natura
2357 4031 2565 4100 justum
2600 4037 2959 4099 sanctumque
2984 4070 2999 4092 ,
3066 4028 3223 4096 cujus
3279 4030 3490 4099 reliqua

1922 4124 2338 4195 participatione
2376 4124 2507 4177 ﬁant
2534 4122 2709 4188 bona;
2741 4122 2833 4191 qui
2860 4120 3159 4177 secundum
3197 4120 3365 4176 Deum
3390 4121 3492 4176 Sa-

1925 4217 2181 4287 pientiam
2217 4230 2339 4270 esse
2385 4215 2605 4278 dixerit,
2640 4214 2943 4270 rectissime
2989 4213 3261 4268 senserit:
3299 4221 3493 4268 contra

1923 4322 2053 4363 vero
2084 4307 2407 4362 sceleratum
2444 4313 2497 4361 et
2531 4305 2776 4376 impium,
2809 4304 3180 4374 injustumque
3247 4318 3312 4358 ac
3365 4318 3491 4373 pra-

1925 4414 2089 4462 vum,
2124 4413 2247 4453 esse
2300 4406 2603 4468 peccatum.
2658 4395 2776 4450 Duo
2822 4410 3056 4466 namque
3106 4401 3234 4450 sunt
3276 4407 3492 4449 summe

3214 4487 3229 4513 \

323 4717 440 4791 (46)
483 4716 926 4791 Ἁναπτῖασθείς.
984 4713 1075 4791 Sic
1123 4712 1281 4791 Yat.;
1323 4714 1538 4791 .Mazar.
1594 4727 1726 4791 vero
1770 4717 1824 4767 et

1931 4725 2115 4791 στασιν
2156 4706 2409 4791 propria;
2445 4721 2553 4761 non
2592 4704 2807 4760 videtur
2843 4713 2963 4775 post
2992 4702 3158 4787 Deum
3188 4713 3377 4791 auctor
3402 4704 3489 4791 di-

243 4784 444 4851 Allatf,
483 4787 873 4852 άναπαλαίσας,
921 4786 1084 4856 quasi
1116 4784 1283 4840 denuo
1314 4784 1458 4839 lucta
1491 4784 1820 4856 perfunctus,

240 4860 665 4929 instauratoque
708 4853 1019 4929 certamine.
1068 4855 1395 4929 Probebaec
1427 4853 1821 4929 coelesiastica,

240 4930 454 4998 quibus
483 4946 546 4984 ea
576 4925 696 4998 qua:
725 4934 853 4983 sunt
878 4925 1082 4981 Christi
1120 4925 1354 4998 hominis
1392 4936 1451 4979 ut
1481 4926 1699 4998 capitis,
1738 4930 1824 4977 to-

242 4996 361 5053 tius
383 4996 633 5069 corporis
664 5014 785 5054 esse
810 4998 1271 5069 perliibentur,ﬂut
1298 4997 1418 5065 ejus
1443 4996 1822 5069 victoria,_cu-

226 5069 451 5139 jusque
487 5064 740 5126 nostrum
778 5068 1007 5123 victoria
1050 5064 1399 5139 intelligatur,
1440 5066 1530 5134 qui
1561 5064 1821 5139 membris

238 5135 399 5195 illius
422 5144 781 5204 associamur,
812 5154 1110 5208 omnesque
1132 5135 1254 5190 cum
1282 5137 1375 5190 illo
1391 5152 1565 5208 unum
1595 5135 1822 5208 mystice

232 5226 456 5281 corpus
498 5227 744 5281 sumus;
783 5209 943 5277 cujus
984 5205 1205 5281 perinde
1244 5207 1543 5281 membrum
1580 5205 1819 5281 Ahdamus

234 5274 371 5345 fuit',
427 5281 540 5350 ipse
585 5283 640 5335 iu
687 5274 907 5336 Christo
949 5274 1388 5350 prazdestinatus,
1428 5285 1481 5331 et
1514 5276 1567 5330 in
1599 5274 1820 5350 Christo

230 5346 462 5408 victor;
503 5354 803 5408 instaurata
852 5349 927 5405 illi
950 5346 1167 5404 'Cbristi
1201 5349 1394 5417 gratia,
1417 5362 1511 5417 per
1547 5346 1815 5416 pmniten-

230 5424 374 5476 tiam
419 5422 582 5486 lucta,
619 5425 708 5492 qui
742 5423 796 5475 in
830 5437 889 5475 se
920 5422 1098 5492 victus
1127 5419 1416 5492 ceciderat.
1454 5417 1745 5492 Cpuaurts.

309 5492 433 5561 (47)
466 5485 583 5559 Ti"?
623 5485 849 5560 Σοφίαν
892 5491 1040 5559 μετὰ
1085 5492 1266 5561 Θεόν.Δ
1302 5488 1439 5561 Cum
1471 5485 1817 5561 ASapientiam

233 5555 428 5632 ipsum
459 5555 629 5633 Λόγον
665 5555 848 5618 dicere
883 5555 1144 5633 videatur,
1181 5555 1426 5633 cujusiu
1460 5555 1681 5612 Christo
1704 5555 1816 5609 vult

230 5630 359 5702 ipsa
393 5630 631 5705 hominis
656 5649 843 5705 opera,
879 5632 1019 5703 quo"
1057 5647 1220 5688 sensu
1255 5630 1519 5705 Optimum
1558 5642 1815 5705 essepe-

231 5695 368 5761 test.
404 5707 473 5760 de
498 5695 774 5760 Verbo'ut
803 5695 855 5758 in
888 5695 1081 5758 natura
1114 5718 1209 5774 per
1238 5695 1492 5755 unionem
1530 5698 1652 5752 καθ’
1683 5695 1815 5750 ὑπό-

1928 4775 2175 4835 vinoruui
2204 4775 2274 4832 in
2289 4778 2444 4833 nobis
2466 4791 2772 4837 munerum,
2801 4786 2853 4829 et
2884 4776 3040 4843 quasi
3075 4776 3369 4831 secundum
3401 4775 3488 4828 ατ-

1925 4850 2240 4918 τιονμιιιοᾶ
2279 4847 2466 4918 Ariani
2494 4848 2766 4917 ponebant
2798 4843 3055 4908 Verbum,
3086 4861 3208 4899 cum
3245 4846 3316 4899 sit
3345 4860 3490 4918 unus

1925 4937 2047 4976 cum
2082 4914 2191 4975 Deo
2217 4927 2270 4975 et
2298 4917 2459 4971 Patre
2488 4914 2680 4971 auctor
2707 4922 2760 4968 et
2786 4929 2969 4977 causa,
3006 4923 3064 4968 ut
3094 4923 3177 4970 est
3216 4929 3321 4967 una
3350 4914 3489 4967 divi-

1924 4992 2065 5046 nitas
2098 4998 2151 5045 et
2182 4992 2373 5044 virtus.
2412 4986 2508 5040 Sin
2545 4994 2722 5039 autem
2755 4985 2889 5047 haec,
2920 4986 3131 5040 divinas
3161 4984 3289 5038 velit
3321 4983 3492 5052 parti-

1925 5062 2245 5130 cipationes,
2273 5074 2335 5112 ac
2365 5058 2521 5130 quasi
2550 5057 2755 5130 primos
2794 5054 2885 5111 Dei
2915 5055 3157 5130 eiIectus.
3189 5068 3255 5107 ex
3287 5053 3489 5130 quibus

1924 5124 2149 5200 reliquis
2180 5138 2263 5183 est
2292 5136 2350 5183 ut
2378 5124 2486 5200 sint
2514 5124 2769 5200 talia,_sic
2792 5142 2917 5180 vera
2937 5126 3183 5200 doctripa
3209 5130 3314 5187 est,
3350 5124 3491 5200 ipsa-
3568 5178 3579 5183 ,

1927 5192 2217 5271 que-toties
2248 5198 2506 5271 Dionysio
2537 5196 2836 5271 inculcata,
2877 5204 2931 5250 et
2969 5210 3074 5271 qua
3094 5192 3276 5271 Deum
3309 5192 3488 5249 omni-

1926 5264 2029 5327 bus
2063 5269 2341 5339 anteponit
2373 5264 2491 5339 quae
2519 5266 2712 5339 de_i_|lo
2734 5266 2838 5319 dici
2862 5276 2954 5339 aut
2980 5264 3201 5334 intelligi
3234 5271 3486 5339 possunt,

1926 5341 2159 5412 huicque
2181 5335 2317 5393 adeo
2340 5335 2605 5412 ipsiquod
2635 5336 3139 5412 Detistiorninatur;
3162 5350 3284 5412 cum
3308 5343 3361 5389 et
3383 5335 3488 5391 hoc

1926 5405 2213 5481 cujusdam
2245 5413 2316 5464 sit
2350 5405 2581 5481 actionis
2622 5405 2939 5481 et__eti‘ectus
2985 5406 3297 5481 connotatio
3332 5423 3343 5458 :
3373 5421 3487 5481 non

1925 5476 2318 5544 ut'Palamitae,
2359 5480 2533 5533 virtus
2576 5484 2629 5531 et
2675 5476 2928 5530 divinitas
2974 5491 3098 5529 vere
3137 5477 3204 5530 ab
3248 5477 3487 5532 essentia

1924 5554 2199 5609 distincta.
2229 5551 2414 5620 illique
2441 5550 2583 5604 velut
2611 5547 2860 5620 quaedam
2885 5546 3157 5601 emanatio
3187 5546 3256 5620 ab
3285 5555 3488 5620 aeterno

1921 5624 2234 5693 conjuncta,
2263 5616 2547 5691 ut'optimc
2565 5624 2750 5693 noster
2770 5616 3014 5685 Calecas,
3058 5638 3123 5681 ac
3155 5617 3488 5687 reliquiejus

1918 5690 2142 5751 haeresis
2173 5690 2597 5766 impugnatores.
2632 5690 2705 5743 In.
