3964 6206
543 237 609 295 7|
1517 236 1577 294 S.
1618 235 1946 294 METHODII
1989 235 2294 295 EPISCOPI
2332 237 2421 293 ΕΤ
2463 239 2823 299 MABTYRIS
3714 244 3807 300 72

540 354 652 411 alia
683 354 806 412 aliis
828 355 1101 428 opposita,
1134 356 1243 412 vita
1269 360 1323 411 et
1363 368 1534 419 mors,
1564 354 1904 426 incorruptio
1923 364 1976 411 et
1996 369 2109 410 cor-

2226 371 2327 428 μεν
2377 375 2487 431 γαρ
2532 375 2678 416 εστιν
2722 360 2931 436 ήξωὴ,
2974 360 3229 433 ἀνισότης
3257 360 3316 417 δὲ
3360 360 3394 432 ἠ
3436 358 3645 433 φθοράο
3692 364 3809 416 καὶ

541 445 747 517 ruptio.
770 445 982 503 Paritas
1008 447 1152 503 enim
1186 454 1271 502 est
1299 446 1409 500 vita
1433 485 1449 510 ,
1501 446 1781 515 imparitas
1836 461 1964 501 vero
1993 461 2118 503 cor-

542 537 728 608 ruptio
754 556 768 593 :
798 546 852 592 et
887 537 1171 592 harmonia
1201 536 1441 608 quidem,
1471 536 1685 608 justitia
1708 545 1763 594 et
1790 539 2115 609 prudentia;

543 627 666 699 ejus
689 644 819 684 vero
842 628 1080 684 turbatio
1104 638 1159 684 et
1182 629 1545 694 dissonantia,
1569 628 1935 701 imprudentia
1957 639 2011 687 et
2035 631 2118 687 in-

542 717 773 791 iustitia.
802 717 974 775 Homo
992 728 1170 776 autem
1200 720 1343 776 inter
1376 721 1490 776 [nec
1532 722 1767 786 medius,
1792 738 1969 794 neque
1998 723 2116 794 ipsa

536 808 773 881 justitia,
797 818 852 864 at
880 826 1057 881 neque
1090 811 1356 880 injustitia
1388 818 1507 871 est:
1542 811 1637 866 sed
1672 812 1725 867 in
1751 813 2118 885 incorruptio-

541 899 630 957 nis
669 916 733 956 ac
761 902 1128 973 corruptionis
1174 902 1354 958 medio
1400 905 1763 970 constitutus,
1804 906 1871 961 ad
1904 914 2117 961 utrum-

539 994 628 1050 vis
653 993 847 1049 horum
896 993 1241 1064 propendens
1274 992 1575 1059 deﬂexerit,
1602 995 1658 1050 in
1689 995 1810 1065 ejus
1838 996 1983 1066 quod
2012 996 2115 1051 ob-

541 1085 768 1141 tinuerit
796 1086 999 1140 dicitur
1033 1094 1284 1140 naturam
1334 1088 1680 1159 indolemque
1705 1087 2006 1143 transferri.
2056 1087 2114 1143 Si

542 1176 759 1249 quidem
786 1178 929 1231 enim
955 1177 1008 1231 in
1031 1179 1438 1250 corruptionem
1478 1179 1870 1245 declinaverit,
1925 1196 2115 1235 corru-

538 1270 713 1340 ptioni
739 1269 1008 1325 obnoxius
1036 1284 1102 1324 ac
1130 1271 1377 1326 mortalis
1405 1271 1617 1337 evadit;
1653 1271 1739 1327 sin
1768 1271 1823 1326 in
1864 1272 2114 1328 incorru-

539 1359 1258 1432 ptionem,incorruptihilis
1289 1370 1342 1415 et
1368 1361 1713 1429 immortalis.
1766 1361 1826 1414 In
1876 1361 2114 1416 conlinio

539 1453 741 1523 quippe
770 1452 983 1523 positus
1012 1452 1227 1507 arboris
1248 1452 1370 1506 vita:
1389 1462 1443 1506 et
1470 1452 1712 1507 scientite
1733 1450 1861 1506 boni
1890 1459 1944 1507 et
1960 1452 2110 1517 mali,

543 1545 806 1599 utriusvis
839 1560 997 1615 poma
1027 1543 1325 1615 gustaverit
1366 1543 1432 1609 ⁸⁸,
1465 1544 1522 1599 in
1552 1544 1672 1614 ejus
1700 1543 1930 1599 formam
1962 1560 2114 1600 com.

542 1644 807 1700 mutatur,
837 1652 961 1691 cum
993 1652 1168 1707 neque
1190 1637 1304 1710 ipse
1349 1636 1555 1708 lignum
1581 1637 1739 1700 vitae,
1789 1652 1966 1707 neque
1991 1652 2114 1693 cor-

539 1727 813 1797 ruptionis
845 1729 1109 1782 exsistat:
1143 1726 1238 1783 sed
1271 1727 1366 1798 qui
1389 1728 1758 1799 corruptionis
1784 1729 2113 1784 connuercio

538 1825 594 1873 et
623 1820 949 1890 praesentia,
998 1821 1243 1875 mortalis
1298 1828 1665 1888 monstretur;
1708 1821 2113 1878 necessitudine

536 1927 669 1968 vero
692 1920 747 1968 et
778 1913 1063 1983 complexu
1095 1914 1252 1976 vitae,
1311 1913 1746 1984 incorrUptibilis
1794 1930 2012 1970 rursum
2049 1929 2112 1970 ac

537 2002 865 2059 immortalis
884 2003 1272 2070 eniteat;sicut
1295 2011 1348 2058 et
1374 2002 1577 2058 Paulus
1615 2004 1824 2068 docuit,
1858 2003 2050 2059 dicens
2093 2024 2105 2060 :

539 2093 666 2150 Non
711 2096 852 2150 enim
882 2096 1147 2165 corruptio
1181 2096 1466 2165 possidebit
1520 2098 1986 2168 incorruptionem,
2019 2113 2110 2151 ne-

534 2202 635 2261 que
661 2205 799 2242 mors
818 2189 979 2243 vitam
1008 2189 1052 2220 ⁸⁹
1074 2205 1093 2242 :
1123 2189 1527 2259 corruptionem
1557 2189 1773 2260 quidem
1801 2198 1854 2245 et
1880 2197 2111 2245 mortem

537 2280 732 2336 merito
752 2289 1001 2337 statuens
1052 2278 1099 2336 id
1128 2281 1271 2351 quod
1306 2282 1611 2351 corrumpit
1670 2289 1833 2352 atque
1886 2281 2107 2345 occidit,

538 2388 645 2428 non
679 2373 823 2444 quod
858 2374 1228 2444 corrumpitur
1250 2380 1411 2427 autve
1435 2373 1664 2427 moritur
1695 2392 1708 2428 :
1745 2374 1821 2427 uti
1840 2380 1897 2428 et
1924 2374 2110 2429 incor-

537 2468 843 2535 ruptionem
876 2471 930 2519 et
971 2464 1137 2518 vitam
1163 2502 1177 2526 ,
1202 2463 1378 2533 ipsum
1410 2462 1556 2533 quod
1584 2462 1891 2520 immortale
1930 2474 1985 2520 et
2025 2464 2108 2519 vi-

537 2568 664 2612 vum
690 2563 933 2625 praestat,
962 2569 1073 2609 non
1100 2554 1243 2624 quod
1278 2553 1686 2609 immortalitate
1719 2563 1773 2610 et
1806 2556 1913 2610 vita
1938 2557 2110 2611 dona-

537 2652 649 2702 tur.
713 2645 895 2712 Quare
970 2661 1145 2716 neque
1202 2645 1609 2701 inconcinnitas
1662 2661 1762 2701 nec
1822 2647 2109 2719 imparitas

539 2744 700 2795 homo
720 2747 825 2803 est,
858 2754 1032 2817 neque
1062 2740 1190 2795 item
1248 2740 1451 2811 paritas
1496 2747 1549 2794 et
1576 2739 1961 2798 concinnitas:
2010 2742 2108 2798 sed

537 2833 630 2887 ubi
660 2832 1143 2888 inconcinnitatem
1194 2831 1716 2903 (pravaricationem
1751 2834 1961 2889 scilicet
1982 2849 2111 2904 pec-

535 2925 847 2995 catumque)
865 2923 1108 2989 admisit,
1142 2924 1504 2980 inconcinnus
1524 2924 1894 2997 delormisque
1912 2927 2105 2993 evasit;

536 3018 629 3073 ubi
662 3033 792 3073 vero
809 3017 1148 3072 harmoniam
1179 3033 1243 3072 ac
1262 3020 1683 3073 concinnitatem
1717 3017 2110 3089 (nempejusti-

2224 447 2458 519 ἁρμονία
2494 448 2656 523 μὲνὴ
2699 451 3011 525 δικαιοσύνη
3050 452 3146 507 καὶ
3190 452 3225 523 ἡ
3267 451 3530 523 φρόνησις
3554 491 3570 517 ,
3618 453 3810 525 ἀναρ-

2226 541 2418 611 μοστία
2455 543 2512 597 δὲ
2544 545 2578 615 ἡ
2615 544 2893 618 ἀφροσύνη
2922 544 3015 599 καὶ
3062 546 3096 615 ἠ
3127 543 3328 597 ἀδικία.
3372 543 3429 597 '0
3476 543 3532 597 δὲ
3582 543 3813 617 ἄνθρω-

2222 651 2343 700 πος,
2380 636 2582 690 τούτων
2616 636 2690 691 ὢν
2718 637 2942 709 μεταξὺ,
2965 635 3087 690 οὔτε
3110 635 3240 690 αὐτὸ
3267 635 3424 690 τοῦτο
3454 636 3809 707 δικαιοσύνη,

2220 725 2344 780 οὔτε
2375 729 2483 800 μήν
2511 730 2658 783 ἐστιν
2693 728 2902 783 ἀδικία·
2929 727 3063 784 ἀλλά
3092 727 3191 798 τῆς
3228 727 3535 801 ἀφθαρσίας
3556 729 3613 780 ὲν
3640 727 3809 800 μέσῳ

2223 819 2471 894 βεϐηκὼς
2500 822 2593 875 καὶ
2619 821 2720 893 τῆς
2753 820 2977 893 φθορᾶς,
3002 821 3081 885 εἰς
3102 820 3358 893 ὁπότερον
3387 821 3565 873 αὐτῶν
3595 819 3810 883 νεύσας

2221 914 2518 987 πῳσκλιθῇ
2563 913 2709 985 (48),
2758 917 2837 979 εἰς
2886 915 2985 987 τὴν
3036 913 3130 968 τοῦ
3198 916 3569 986 κρατήσαντος
3625 929 3811 983 μετα.-

2221 1002 2507 1059 ϐἀλλεσθαι
2534 1006 2751 1076 λέγεται
2781 1006 2957 1076 φύσιν.
3004 1005 3287 1068 Ἐκκλίνας
3319 1004 3417 1075 μὲν
3442 1003 3553 1077 γὰρ
3584 1005 3667 1067 εἰς
3695 1002 3809 1074 τὴν

2222 1096 2466 1169 φθορὰν,
2524 1097 2762 1170 φθαρτὸς
2816 1098 3023 1167 γίνεται
3065 1096 3159 1150 κα)⁸
3200 1094 3421 1167 θνητός·
3466 1097 3545 1159 εἰς
3588 1094 3647 1147 δὲ
3694 1095 3809 1166 τὴν

2219 1189 2546 1263 ἀφθαρσίαν,
2592 1190 2863 1262 ἄφθαρτος
2891 1190 3000 1263 (49)
3041 1190 3135 1244 καὶ
3196 1187 3479 1251 ἀθάνατος.
3522 1187 3808 1260 Μεθόριον

2219 1280 2328 1354 γὰρ
2351 1282 2442 1335 τοῦ
2478 1284 2576 1355 τῆς
2605 1282 2749 1354 ζωῆς
2788 1282 2966 1351 ξύλου,
3006 1279 3212 1335 καὶτοῦ
3255 1278 3497 1349 γνωστοῦ
3531 1278 3704 1332 καλοῦ
3733 1295 3807 1332 τε

2223 1374 2317 1427 καὶ
2341 1373 2577 1446 πονηροῦ
2615 1373 2806 1437 τιθεὶς,
2830 1366 3002 1444 οὗπερ
3030 1372 3370 1441 ἀπεγεύσατο
3400 1369 3510 1423 τῶν
3537 1369 3805 1441 καρπῶν,

2218 1465 2299 1527 εἰς
2322 1464 2420 1536 τὴν
2449 1463 2639 1518 τούτου
2683 1466 2777 1518 καὶ
2811 1461 3114 1535 μετεϐλήθη
3145 1463 3387 1534 μορφήνο
3437 1461 3562 1514 οὔτε
3600 1460 3663 1512 τὸ
3695 1459 3810 1527 τῆς

2219 1553 2552 1627 ζωῆς’ξύλον
2599 1557 2757 1621 αὐτὸς
2802 1556 2898 1621 ὢν,
2940 1554 3063 1609 οὔτε
3110 1556 3170 1609 τὸ
3222 1555 3323 1626 τῆς
3373 1553 3604 1623 φθορᾶς’
3656 1551 3808 1606 ἀλλὰ

2221 1654 2422 1722 μετοχῇ
2483 1653 2580 1722 μὲν
2627 1653 2720 1705 καὶ
2766 1652 3037 1724 παρουσίᾳ
3079 1651 3281 1723 φθορᾶς
3322 1649 3515 1722 θνητὸς
3561 1647 3805 1717 φανείς·

2144 1763 2185 1818 Β
2214 1742 2623 1816 προσοικειώσει
2656 1744 2713 1798 δὲ
2760 1746 2852 1798 καὶ
2889 1744 3082 1816 ἀλοιφῇ
3132 1742 3277 1813 ζωῆς
3314 1743 3590 1815 ἄφθαρτος
3628 1740 3807 1794 ’πάλιν

2221 1838 2316 1891 καὶ
2343 1837 2635 1902 ἀθάνατος·
2667 1836 2853 1912 ὥσπερ
2892 1838 2985 1891 καὶ
3017 1840 3045 1891 ὁ
3081 1837 3289 1901 Παῦλος
3327 1836 3555 1903 ἐδίδαξε,
3578 1835 3763 1905 λέγων
3783 1851 3804 1866 ο

2221 1932 2303 1984 Οὐ
2349 1934 2459 2000 γὰρ
2500 1931 2538 1999 ἡ
2582 1930 2771 2000 φθορὰ
2798 1930 3235 1999 κληρονομήσει
3269 1929 3382 1999 τὴν
3411 1930 3803 1998 ἀφθαρσίαν,

2216 2020 2359 2077 οὐδὲ
2387 2025 2419 2076 ό
2453 2021 2706 2089 θάνατος
2734 2022 2848 2092 τὴν
2874 2023 3025 2092 ζωήν
3044 2040 3057 2055 ο
3092 2023 3293 2095 φθορὰν
3323 2023 3420 2093 μὲν
3446 2024 3540 2077 καὶ
3562 2022 3807 2077 θάνατον

2217 2113 2347 2166 αὐτὸ
2386 2111 2446 2166 τὸ
2480 2114 2699 2186 φθεῖρον
2720 2115 3041 2186 ὁρισάμενος
3072 2115 3241 2168 εἰκότι
3275 2113 3418 2186 λόγῳ
3454 2117 3549 2168 καὶ
3576 2117 3636 2169 τὸ
3660 2117 3808 2169 ἀπο-

2217 2209 2446 2273 κτεῖνον,
2469 2206 2583 2261 ἀλλ’
2602 2208 2663 2261 οὑ
2692 2206 2754 2260 τὸ
2782 2207 3133 2279 φθειρόμενον
3158 2208 3251 2261 και
3282 2207 3515 2278 θνῆσκον
3534 2224 3549 2239 ο
3579 2208 3805 2281 ἀφθαρ-

2219 2298 2341 2352 σίαν
2369 2299 2426 2352 δὲ
2459 2301 2552 2353 καὶ
2581 2298 2723 2371 ζωὴν
2757 2301 2886 2354 αὐτὸ
2913 2300 2973 2353 τὸ
2996 2299 3318 2366 ἀθανατίζον
3348 2302 3442 2354 καί
3471 2301 3801 2366 ζωοποιοῦν,

2216 2388 2330 2442 ἀλλ’
2367 2390 2428 2442 οὑ
2466 2389 2525 2443 τὸ
2557 2389 3012 2463 ἀθανατιζόμενον
3038 2391 3131 2444 καὶ
3158 2389 3596 2463 ζωοποιούμενον.
3626 2393 3806 2447 Ὥστε

2215 2479 2340 2535 οὔτε
2389 2482 2729 2556 ἀναρμοστία
2768 2484 2863 2537 καὶ
2914 2483 3166 2554 ἀνισότης
3214 2487 3243 2538 ὁ
3283 2483 3561 2557 ἄνθρωπός
3598 2487 3803 2553 ἐστιν,

2215 2576 2341 2630 οὔτε
2374 2576 2478 2650 μὴν
2512 2576 2696 2649 ἰσότης
2725 2577 2820 2632 καὶ
2852 2578 3186 2649 εὐαρμοστία
3208 2595 3221 2608 ·
3270 2578 3384 2632 ἀλλ’
3411 2579 3498 2632 ὅτε
3536 2579 3633 2649 μὲν
3664 2578 3806 2633 tas-

2217 2670 2344 2736 ξατο
2374 2671 2471 2742 τὴν
2493 2670 2881 2740 ἀναρμοστίαν,
2911 2670 3073 2741 (ὅπερ
3093 2669 3211 2723 ἐστί
3234 2669 3331 2743 τὴν
3360 2669 3667 2743 παράϐασιν
3694 2671 3808 2725 καὶ

2214 2763 2313 2833 τὴν
2346 2761 2677 2833 ἁμαρτίαν,)
2706 2759 2927 2829 γέγονεν
2973 2760 3310 2833 ἀνάρμοστος
3353 2762 3446 2816 καὶ
3496 2762 3758 2833 ἀπρεπής
3781 2778 3803 2797 ο

2214 2854 2305 2908 ὅτε
2343 2854 2399 2908 δὲ
2422 2855 2520 2925 τὴν
2562 2854 2844 2925 ἁρμονίαν,
2882 2854 3125 2908 τουτέστι
3158 2854 3253 2925 τὴν
3292 2854 3655 2927 δικαιοσύνην,
3699 2855 3808 2923 γέ-

2215 2960 2371 3014 γονεν
2414 2944 2749 3017 εὐάρμοστον
2800 2942 3029 3015 ὄργανον
3081 2944 3175 2996 καὶ
3220 2944 3522 3016 εὐπρεπές·
3555 2945 3708 3009 ὅπως
3770 2948 3806 2999 ὁ

2215 3035 2441 3107 Κύριος,
2473 3036 2506 3104 ή
2535 3034 2813 3107 ἀφθαρσία
2848 3035 3119 3107 νικήσασα
3152 3034 3242 3088 τὸν
3272 3035 3522 3099 θάνατον,
3553 3036 3804 3107 εὺήχως,

534 3108 1043 3176 tiam),concinnum
1070 3122 1335 3178 organum
1382 3107 1691 3177 decensque
1718 3106 1941 3163 eﬂ‘ectus
1974 3114 2058 3162 est
2090 3127 2103 3163 :

2217 3106 2316 3200 τὴν
2329 3129 2624 3183 ἀνάστασιν
2656 3106 2936 3199 μελῳδήσῃ
2964 3106 3049 3199 τῇ
3085 3128 3264 3200 σαρκὶ,
3303 3127 3377 3199 μὴ
3408 3128 3576 3192 ἐάσας
3617 3106 3803 3200 αὐτὴν

533 3215 645 3271 quo
693 3200 904 3254 scilicet
939 3199 1200 3255 Dominus
1246 3201 1461 3267 (mortis
1492 3200 1583 3255 illa
1615 3200 1813 3253 victrix
1859 3199 2109 3254 incorru-

535 3295 670 3368 ptio)
703 3311 900 3351 sonore
929 3296 1387 3351 resurrectionem
1420 3295 1571 3351 carni
1604 3293 1943 3357 moduletur,
1998 3310 2108 3349 non

536 3388 725 3445 sitiens
754 3403 873 3443 eam
905 3403 1098 3443 rursus
1129 3386 1395 3457 possideri
1428 3403 1455 3441 a
1480 3388 1849 3457 corruptione.
1900 3388 1976 3443 De
2006 3387 2112 3441 hoc

532 3496 752 3552 queque
779 3481 955 3550 capite
985 3480 1120 3536 satis
1150 3478 1414 3536 hactenus
1456 3481 1658 3536 dictum
1686 3490 1791 3536 est.

2214 3220 2684 3293 κληρονομηθῆναι
2724 3219 2883 3272 πάλιν
2913 3219 3016 3272 ὑπὸ
3044 3220 3144 3291 τῆς
3185 3220 3408 3292 φθορᾶς.
3433 3221 3542 3275 Καὶ
3579 3221 3679 3293 μὲν
3730 3223 3802 3295 δὴ

2216 3313 2309 3367 καί
2340 3313 2468 3385 περὶ
2502 3312 2702 3366 τούτων
2734 3311 2905 3365 ταῦτα
2932 3312 3032 3384 ἥδη
3066 3311 3325 3383 λελέχθω.

532 3598 661 3657 CAP.
691 3598 825 3655 Vlll.
855 3598 1140 3666 Sapientia:
1162 3614 1280 3655 ossa
1312 3607 1363 3653 et
1382 3615 1530 3654 caro.
1563 3598 1726 3671 Costa
1754 3613 1822 3671 ra;
1844 3614 1945 3667 quo
1970 3595 2494 3671 formulaspiritalis
2525 3593 2653 3658 Eva,
2692 3593 2924 3665 Spiritus
2956 3606 3193 3652 sanctus.
3229 3595 3361 3652 Atia:
3391 3599 3632 3671 adjutria:
3671 3619 3800 3659 mu-

1631 3670 1747 3734 lier,
1789 3668 2059 3734 desponsa:
2095 3667 2305 3722 Christo
2337 3669 2584 3731 cirqines.

607 3787 1030 3845 Pratstruximus
1058 3787 1202 3843 enim
1235 3803 1343 3844 non
1378 3787 1591 3843 levibus
1620 3803 1684 3842 ex
1712 3785 1993 3857 Scriptura
2018 3802 2109 3856 pe-

529 3877 649 3936 titis
680 3880 1013 3941 rationibus,
1068 3881 1307 3951 primum
1367 3880 1640 3934 hominem
1679 3889 1825 3933 recte
1864 3880 1918 3932 in
1951 3877 2112 3933 Chri-

528 3980 679 4030 stum
709 3972 898 4027 referri
923 3989 1101 4043 posse,
1127 3974 1219 4043 qui
1272 3988 1380 4028 non
1412 3974 1525 4043 jam
1565 3971 1732 4044 ﬁgura
1778 3979 1832 4027 ct
1886 3973 2112 4027 simula-

530 4078 686 4118 crum
714 4071 875 4131 atque
905 4063 1083 4132 imago
1114 4061 1387 4133 Uuigeniti
1415 4065 1505 4128 sit,
1532 4066 1625 4119 sed
1650 4071 1706 4119 et
1744 4064 1849 4118 hoc
1893 4065 2070 4134 ipsum
2091 4103 2106 4128 ,

532 4151 814 4222 Sapientia
850 4151 1194 4223 Verbumque
1225 4155 1483 4210 evaserit.
1528 4156 1707 4211 lnstar
1754 4156 1899 4212 enim
1955 4171 2108 4225 aquae

532 4245 855 4299 commistus
903 4244 1063 4300 homo
1094 4247 1375 4315 sapientia:
1429 4262 1494 4301 ac
1540 4250 1705 4313 vitae,
1768 4247 1871 4304 hoc
1928 4247 2108 4305 factus

531 4346 638 4403 est,
663 4337 805 4407 quod
835 4345 952 4392 erat
978 4338 1067 4391 illa
1101 4338 1216 4408 ipsa
1247 4338 1542 4410 purissima
1585 4341 1677 4394 lux
1727 4356 1848 4410 quae
1886 4340 1943 4395 in
1978 4355 2103 4396 eum

2286 3785 2774 3858 Προγεγύμνασται
2826 3785 2933 3860 γὰρ
2972 3788 3108 3857 μετά
3142 3789 3452 3844 συστάσεων
3485 3790 3585 3843 οὐκ
3620 3790 3793 3845 εὐκα-

2210 3881 2563 3952 ταφρονήτων
2585 3882 2648 3932 ἐκ
2677 3879 2775 3950 τῆς
2810 3879 3056 3952 Γραφῆς,
3080 3879 3154 3943 ὼς
3178 3880 3285 3952 ἄρα
3306 3882 3334 3933 ὁ
3369 3880 3795 3952 πρωτόπλαστος

2209 3973 2424 4036 οἰκείως
2456 3972 2564 4045 (50)
2596 3974 2677 4036 εἰς
2705 3971 2866 4026 αὐτὸν
2895 3971 3259 4044 ἀναφέρεσθαι
3288 3972 3507 4027 δύναται
3535 3974 3626 4028 τὸν
3655 3975 3798 4045 Χρι-

2213 4067 2355 4131 στὸν,
2384 4067 2565 4120 οὐκέτι
2589 4065 2755 4129 τύπος
2776 4063 2851 4118 ὢν
2877 4064 2987 4137 (5])
3021 4065 3114 4118 καί
3144 4065 3461 4137 ἀπείκασμα
3504 4067 3665 4135 μόνον
3692 4067 3793 4119 καὶ

2217 4159 2379 4213 εἰκὼν
2408 4158 2502 4213 τοῦ
2534 4157 2902 4227 Μονογενοῦς,
2946 4156 3080 4210 ἀλλὰ
3117 4157 3211 4210 καὶ
3252 4157 3567 4215 αὐτὸτοῦτο
3620 4160 3793 4226 σοφία

2212 4254 2451 4320 γεγονὼς
2479 4251 2572 4305 καὶ
2603 4250 2793 4318 Λόγος.
2819 4248 2985 4320 Δίκην
3023 4248 3132 4321 γὰρ
3170 4248 3355 4313 ὓδατος
3387 4248 3790 4321 συγκερασθείς

2210 4343 2240 4396 ὁ
2269 4341 2555 4413 ἄνθρωπος
2574 4346 2639 4414 τῇ
2667 4342 2828 4414 σοφίᾳ
2860 4343 2954 4396 καὶ
2984 4344 3049 4414 τῇ
3075 4342 3209 4414 ζωῇ,
3228 4341 3382 4395 τοῦτο
3400 4341 3620 4410 γέγονεν
3639 4342 3789 4417 ὅπερ

535 4431 702 4485 venit.
744 4427 897 4538 Upde
924 4431 1217 4501 Apostolus
1274 4441 1423 4489 recte
1466 4432 1534 4488 ad
1564 4431 1839 4488 Christum
1899 4432 2100 4488 direxit

2217 4428 2273 4506 ἣν
2314 4434 2444 4488 αὐτὸ
2488 4435 2547 4488 τὸ
2587 4436 2666 4498 εἰς
2691 4435 2851 4489 αὑτὸν
2891 4434 3309 4507 ὲγκατασκῆψαν
3361 4433 3595 4505 ἄκρατον
3642 4433 3784 4504 φῶς.

604 4585 653 4620 ⁸⁸
692 4585 821 4644 Gen.
882 4605 940 4653 ll,
981 4589 1035 4644 9.
1110 4591 1155 4622 “
1203 4588 1231 4644 ι
1263 4588 1386 4645 Cor.
1432 4605 1522 4654 xv,
1578 4586 1667 4643 50.

603 4702 716 4775 (ιβ)
742 4703 1110 4775 Προσκλιθῇ.
1148 4698 1225 4758 Ita
1254 4719 1356 4775 ms.
1381 4705 1505 4759 cod.
1540 4704 1739 4760 Mazar.
1774 4713 1829 4762 et
1850 4703 2102 4762 Allatius.

532 4775 602 4834 At
630 4774 829 4847 Vatic..
858 4775 1233 4847 περικαμφθῇ.
1264 4774 1551 4847 Conaerts.

604 4846 718 4917 (49)
754 4845 1370 4917 Ἀφθαρτος.Α1Ϊτιιὶιιε,
1406 4845 1644 4917 ἄφθιτος.
1676 4846 1752 4901 lo.

530 4987 554 5045 1
609 4916 725 4989 (50)
760 4919 1019 4986 Οἱκείως.
1071 4916 1173 4975 Ms.
1224 4917 1423 4972 Mazar.
1457 4916 1596 4972 cum
1639 4918 1828 4983 Allat.,
1863 4917 2103 4984 δικαίως.

556 5005 609 5045 ι).

606 5060 717 5131 (5|)
746 5057 954 5133 Οὐκέτι
987 5058 1173 5133 tosto;-
1200 5058 1304 5133 ὢν.
1342 5058 1416 5115 De
1438 5058 1662 5133 Christo
1690 5060 1823 5115 satis
1854 5060 2109 5133 intelligi-

532 5129 643 5190 tur.
675 5129 776 5186 etsi
811 5130 958 5184 nulla
988 5130 1413 5183 substantiarum
1435 5129 1774 5195 confusione,
1806 5132 1900 5187 sed
1931 5129 2105 5188 solum

536 5201 614 5271 τῷ
645 5201 766 5255 καθ’
793 5201 1110 5273 ὑπόστασιν.
1156 5197 1231 5255 De
1263 5200 1468 5256 Adatno
1497 5217 1663 5273 vero,
1685 5203 1847 5273 idque
1874 5208 2105 5259 necdum

537 5273 766 5340 gratiam
791 5287 887 5341 per
914 5271 1191 5327 Christum
1228 5279 1543 5335 consecuto,
1576 5272 1669 5329 sed
1704 5271 1797 5330 Dei
1825 5275 1938 5329 sola
1971 5275 2109 5328 lihe-

536 5342 770 5406 ralitate,
798 5344 890 5411 qui
916 5359 1058 5397 unus
1079 5343 1193 5412 ipse
1222 5342 1343 5410 ejus
1362 5343 1572 5397 ordinis
1602 5354 1790 5399 auctor
1809 5345 2100 5403 exstiterit.

536 5413 808 5485 quomodo
841 5428 947 5465 non
982 5413 1183 5485 Christi
1222 5414 1389 5483 ligura
1440 5429 1503 5468 ac
1549 5417 1976 5485 repraaseutatio,
2007 5414 2101 5469 sed

536 5479 640 5535 hoc
669 5481 1019 5554 ipsumquod
1051 5484 1221 5553 Λόγος
1261 5479 1316 5539 in
1357 5485 1535 5554 ipsum
1573 5479 1866 5541 adveniens
1898 5502 1961 5540 ac
1991 5486 2105 5554 ipse

537 5566 723 5627 revera
745 5552 1008 5627 Christus
1030 5552 1322 5617 exstiterit,
1351 5552 1414 5610 ac
1437 5556 1581 5610 velut
1605 5559 1707 5610 hoc
1731 5559 1804 5610 illi
1830 5552 2104 5627 peculiare

535 5622 638 5693 sit;
672 5621 906 5696 hincque
945 5623 1080 5696 adeo
1123 5626 1191 5678 ad
1222 5627 1499 5681 Christum
1531 5628 1687 5694 quasi
1721 5621 2102 5696 per'idcntita-

535 5692 643 5746 tein
675 5692 964 5757 referatur,
1003 5694 1086 5747 vel
1120 5695 1278 5751 aliter
1303 5712 1465 5763 quam
1505 5692 1677 5751 sancti
1706 5692 1921 5768 reliqui,
1955 5696 2100 5751 acri-

2209 4703 2459 4778 dentario
2496 4705 2655 4778 dono
2679 4707 2884 4777 gratiae,
2927 4721 3034 4777 qua
3076 4705 3151 4760 dii
3179 4707 3583 4778 quodammodo
3615 4708 3787 4765 cilici-

2214 4792 2359 4841 mur,
2408 4776 2591 4831 divino
2645 4776 2699 4830 in
2749 4779 2910 4834 nobis
2948 4776 3170 4832 semine
3200 4776 3273 4832 'in
3327 4779 3580 4835 deitatem
3632 4781 3787 4836 aucti

2214 4846 2512 4919 secundum
2560 4856 2774 4903 tenuem
2831 4848 3120 4919 quamdam
3174 4848 3563 4911 imitationem,
3618 4867 3788 4907 uuam

2215 4917 2387 4992 ipsam
2418 4928 2609 4971 contra
2627 4917 3321 4992 unionemhypostaticatn
3356 4920 3592 4992 hominis
3615 4923 3793 4992 possi-

2213 4987 2400 5060 bilem,
2436 5004 2543 5042 non
2588 4989 2745 5043 video
2791 4998 2851 5044 ut
2896 4987 3201 5044 Methodius
3248 5006 3314 5045 ex
3362 4987 3643 5060 Scriptura
3686 4993 3792 5046 ha-

2213 5059 2410 5124 buerit,
2445 5067 2538 5132 aut
2571 5060 3023 5132 suaderepossit.
3061 5060 3396 5132 memet;
3414 5059 3498 5130 (id
3521 5071 3606 5118 est
3642 5079 3791 5116 com-

2211 5130 2543 5202 memoratio)
2575 5131 2764 5186 mortis
2788 5131 2991 5186 Christi
3022 5130 3250 5202 ejusque
3276 5130 3551 5202 passionis
3584 5149 3701 5202 ipsa
3730 5141 3790 5189 et

2210 5200 2266 5275 in
2296 5201 2584 5275 baptismo,
2616 5202 2671 5256 in
2707 5217 2813 5271 quo
2846 5203 2901 5275 in
2930 5202 3048 5275 ejus
3068 5200 3295 5275 mortem
3319 5200 3663 5275 intingitnu‘r,
3685 5220 3790 5260 seu

2211 5272 2358 5346 illaut
2391 5270 2778 5346 adumbratnus
2811 5291 2831 5346 ε
2864 5274 2918 5327 in
2950 5273 3287 5329 Eucharistia
3316 5289 3443 5329 vero
3466 5270 3789 5346 augustius,

2211 5342 2266 5395 in
2304 5358 2411 5415 qua
2440 5343 2616 5396 nostri
2648 5343 2777 5398 Adae
2808 5342 3060 5408 ἔκστασις
3090 5353 3144 5398 et
3174 5359 3340 5415 sopor
3372 5353 3523 5401 totus
3548 5342 3793 5415 inystice

2208 5414 2507 5486 peragitur,
2540 5427 2603 5466 ac
2628 5429 2755 5486 num
2780 5429 2876 5484 per
2904 5414 3184 5469 κοινωνίαν
3214 5414 3545 5486 peculiarius
3575 5414 3789 5471 Metho'

2209 5483 2339 5558 dius
2382 5483 2625 5558 indicare
2669 5483 2936 5558 voluerit?
2971 5491 3024 5540 in
3055 5502 3161 5556 qua
3193 5483 3379 5558 utique
3411 5501 3641 5543 mortem
3676 5485 3795 5545 Do-

2209 5554 2365 5617 mini,
2402 5554 2517 5625 ipsa
2540 5554 2678 5631 .ejus
2726 5557 3036 5626 sunzptioue
3072 5554 3226 5631 '(qute
3261 5554 3792 5631 p'rid_embaptismo

2206 5639 2391 5679 comes
2420 5624 2565 5701 erat);
2595 5624 3107 5701 commemoramus,
3124 5624 3245 5696 'vel,
3261 5624 3338 5684 ‘ut
3365 5628 3569 5686 Paulus
3583 5624 3794 5701 "loqui-

2204 5702 2316 5763 tur,
2344 5694 2753 5750 annuntiamus.
2784 5694 2859 5752 lu.
