3964 6226
291 284 362 342 -85
1381 293 1758 351 CONVIV'IUM
1799 295 2027 353 DECEM
2065 293 2426 353 VIRGINUH.
3466 285 3531 344 ιιι.

301 412 411 475 κὸς,
450 411 827 483 ἁσχημονῶσιν
860 412 1370 486 οίστρηλατούμενοι
1412 416 1512 486 τὴν
1556 417 1752 488 ψυχήν.
1801 417 1867 470 Τί

1983 417 2187 487 perciti,
2221 392 2578 486 turpitudinis
2621 411 2825 484 aliquid
2877 412 3187 466 admittant.
3221 409 3362 476 Quid
3403 425 3532 466 vero

301 505 404 575 γὰρ
421 503 802 576 παραδίδωσιν,
824 507 1199 560 ἐπισκεπτέον.
1222 507 1290 561 Ei
1305 505 1372 560 δέ
1397 525 1484 572 τις
1499 507 1866 578 ἀσχημονεῖν

301 597 390 650 ἐπὶ
437 594 546 664 τῆς
599 597 900 665 παρθένου
944 597 1131 652 αὐτοῦ
1166 597 1410 668 νομίζει,
1453 601 1637 671 φησὶν,
1679 601 1788 654 ἐὰν
1825 595 1866 672 ᾗ

300 686 656 756 ὑπέρακμος,
683 687 782 741 καί
818 689 1007 754 οὕτως
1035 691 1259 758 ὀφείλει
1283 691 1560 759 γενέσθαι
1585 709 1599 722 ·
1631 690 1662 745 ὃ
1705 691 1865 746 θέλει

297 779 563 832 ποιείτω·
612 781 727 849 οὐχ
793 779 1112 849 ἁμαρτάνει
1135 798 1150 812 ⁸
1190 783 1583 851 γαμείτωσαν.
1638 785 1866 848 υίκεῖως

297 869 526 924 ἐνταῦθα
565 870 875 942 προκρίνων
900 871 994 924 τὸν
1030 873 1206 942 γάμον
1229 874 1328 944 τῆς
1359 875 1746 946 ἀσχημοσύνης
1775 876 1868 928 ἐπὶ

297 961 405 1015 τῶν
453 961 722 1032 ἑλομένων
773 963 873 1033 μὲν
918 963 1287 1035 παρθενεύειν,
1331 965 1866 1037 δυσανασχετοῦντα»

295 1053 354 1106 δὲ
383 1052 446 1105 τὸ
475 1053 612 1124 μετὰ
638 1053 812 1108 ταῦτα
838 1055 932 1108 καὶ
961 1057 1354 1128 ἀποκαμόντων
1377 1074 1392 1088 ·
1435 1061 1530 1112 καὶ
1561 1059 1702 1130 λόγῳ
1745 1060 1864 1130 μὲν,

289 1143 359 1198 δι’
385 1144 519 1198 αξδὼ
537 1145 636 1216 τὴν
663 1146 798 1217 πρὸς
832 1146 1171 1220 ἀνθρώπους,
1202 1151 1510 1221 αὐχούντων
1558 1153 1862 1222 ἐπιμένειν·

294 1237 441 1309 ῑργῳ
468 1239 546 1300 δὲ,
571 1239 690 1292 οὐδὲ
725 1241 1059 1314 μακρότερον
1095 1243 1432 1314 ὲνδιατρίψαι
1458 1245 1764 1315 δυναμένων
1792 1245 1868 1316 τῷ

295 1330 661 1402 εύνουχισμῷ.
702 1332 805 1386 Τὸν
837 1332 1020 1404 μέντοι
1051 1333 1160 1405 (57)
1189 1335 1630 1406 αύτοκρατορικῷ
1657 1339 1749 1392 καὶ
1774 1340 1871 1392 αύ-

294 1425 535 1494 θαιρέτῳ
566 1423 820 1495 κρίνοντα
850 1425 1103 1498 προθέσει
1125 1432 1311 1501 τηρεῖν
1329 1430 1429 1502 τὴν
1466 1430 1660 1483 ἑαυτοῦ
1694 1430 1870 1501 σάρκα

294 1512 586 1584 παρθένον,
611 1515 710 1566 καί
731 1512 818 1583 μὴ
851 1515 1070 1583 ἔχοντα
1095 1517 1386 1588 ἀνάγκην,
1422 1520 1583 1592 (ὅπερ
1621 1521 1738 1574 ἐστὶ
1763 1520 1870 1574 πά-

291 1605 384 1668 θος
416 1605 814 1678 ὲκκαλούμενον
833 1608 932 1681 τὴν
961 1609 1132 1680 ὀσφὺν
1155 1613 1234 1675 είς
1256 1613 1566 1668 συνουσίαν·
1602 1611 1735 1668 εἶναι
1763 1615 1871 1686 γὰρ

293 1697 387 1750 καὶ
430 1696 716 1769 διαφορὰς,
769 1701 844 1763 ὡς
876 1701 1045 1765 είκδς,
1077 1702 1344 1774 σωμάτων
1365 1705 1406 1773 ·)
1456 1703 1630 1776 τούτῳ
1659 1706 1873 1776 διαμιλ-

1971 509 2171 576 tradat,
2202 508 2643 564 examinandum.
2678 504 2832 571 Quod
2863 499 3056 574 siquis
3087 515 3234 571 turpe
3259 501 3360 556 sibi
3387 502 3532 556 ducit

1969 605 2024 658 in
2067 603 2264 673 virgine
2306 619 2424 667 sua,
2457 601 2504 654 si
2539 608 2816 669 prwtereat
2847 597 3073 651 nubendi
3115 605 3333 665 tempus,
3369 605 3422 650 et
3458 595 3534 650 sic

1971 706 2172 766 oportet
2195 696 2346 764 ﬁeri;
2377 693 2515 766 quod
2542 693 2648 748 vult
2679 693 2880 762 faciat;
2913 707 3015 744 non
3058 699 3237 760 peccat
3263 705 3282 745 :
3297 689 3532 760 jungun-

1971 800 2057 842 tur
2090 787 2430 842 matrinionio
2453 787 2520 837 ⁷³.
2549 785 2810 856 Apposite
2857 782 2946 836 hic
2987 781 3206 852 nuptias
3239 779 3533 851 praeferens

1969 880 2318 952 turpitudini,
2361 880 2417 934 in
2463 879 2570 933 illis
2595 877 2688 946 qui
2721 882 2939 945 arrepto
2971 875 3304 946 virginitatis
3335 888 3529 944 prope.

1970 977 2099 1038 situ,
2149 989 2289 1046 aegre
2321 971 2514 1027 deinde
2564 970 2743 1025 ferunt
2783 970 3086 1039 animisque
3135 967 3437 1036 fatiscunt;
3484 981 3541 1024 et

1969 1081 2218 1123 sermone
2249 1065 2491 1137 quidem,
2535 1081 2644 1136 pra:
2680 1064 2918 1118 humano
2957 1061 3164 1134 pudore
3196 1063 3536 1134 propositum

1971 1173 2031 1212 se
2078 1165 2264 1210 tenere
2295 1155 2616 1226 gloriantur,
2670 1170 2726 1207 re
2775 1161 2952 1206 autem
3002 1153 3140 1222 ipsa,
3195 1162 3296 1206 nec
3342 1152 3542 1222 longa;-

1972 1250 2108 1304 sime
2146 1249 2386 1304 salutare
2436 1245 2851 1301 eunuchismnm
2903 1253 3152 1313 possunt.
3201 1242 3303 1309 Qui
3354 1249 3536 1296 tamen

1973 1345 2144 1398 libero
2178 1342 2376 1411 suique
2417 1339 2560 1408 juris
2605 1336 2884 1408 proposito
2925 1351 3044 1390 eam
3086 1335 3186 1391 sibi
3229 1337 3398 1406 legem
3449 1335 3538 1389 in-

1971 1434 2190 1497 dixerit,
2221 1441 2282 1488 ut
2311 1445 2532 1486 carnem
2577 1445 2731 1485 suam
2781 1437 2961 1484 servet
3013 1427 3312 1498 virginem;
3352 1431 3542 1498 quique

1973 1543 2074 1580 mn
2104 1525 2255 1580 habet
2273 1524 2698 1580 necessitatem".
2715 1521 3016 1594 (libidinem
3049 1521 3259 1578 scilicet
3288 1522 3342 1576 in
3372 1537 3535 1590 copa-

1975 1619 2078 1673 lam
2111 1617 2328 1672 lumbos
2377 1615 2726 1681 iucitantem;
2757 1629 2880 1669 esse
2926 1613 3071 1668 enim
3117 1629 3216 1684 par
3239 1620 3322 1668 est
3360 1614 3540 1668 varias

1975 1724 2264 1780 corporum
2295 1706 2549 1782 indoles),
2590 1707 2718 1762 huic
2753 1704 2959 1762 Paulus
2987 1706 3220 1761 certanti
3250 1713 3411 1776 atque
3445 1723 3540 1776 pu-

546 1791 640 1842 καὶ
668 1790 970 1845 διαθλοῦντι
1007 1793 1101 1846 καὶ
1131 1794 1432 1859 σπουδαίως
1454 1797 1762 1868 ἐπιμένοντι
1803 1801 1870 1870 τῇ

1983 1779 2186 1874 guanti,
2221 1803 2386 1872 iuquc
2417 1779 2760 1872 professione
2787 1795 3011 1855 strenue
3045 1799 3439 1870 perseveranti,
3479 1815 3544 1854 ac

290 1881 618 1950 ἐπαγγελίᾳ,
653 1882 746 1934 καὶ
793 1882 994 1954 ταύτην
1018 1883 1215 1956 ἄριστα
1254 1885 1739 1960 διαπεραινομένῳ,
1774 1907 1872 1942 πα-

295 1971 649 2043 ρακελεύεται
681 1967 865 2044 μὲνειν
886 1977 979 2029 καὶ
1011 1980 1220 2048 τηρεῖν,
1239 1981 1306 2050 τῇ
1335 1979 1597 2053 παρθενίᾳ
1623 1981 1690 2035 τὰ
1723 1999 1872 2054 πρω-

293 2069 410 2118 τεῖα
434 2066 636 2137 νέμων.
681 2068 740 2121 '0
770 2067 880 2139 γὰρ
907 2065 1222 2139 δυνάμενος,
1251 2073 1404 2142 φησὶ,
1435 2075 1528 2126 καὶ
1562 2073 1872 2144 φιλοτιμού-

301 2174 459 2228 μενος
485 2161 672 2231 τηρεῖν
697 2159 794 2232 τὴν
826 2159 1019 2214 ἑαυτοῦ
1071 2161 1252 2234 σάρκα
1293 2163 1584 2234 παρθένον,
1627 2166 1872 2236 κρεῖττον

305 2252 472 2302 ποιεῖ’
493 2252 522 2303 ὁ
548 2251 608 2305 δὲ
651 2251 726 2323 μὴ
758 2251 1075 2324 δυνάμενος,
1111 2253 1363 2326 γαμίζων
1387 2254 1444 2307 δὲ
1474 2255 1746 2326 νομίμως,
1781 2257 1874 2310 xui.

303 2339 377 2412 μὴ
402 2341 804 2416 λαθροφθορῶν,
852 2344 1049 2410 καλῶς.
1101 2347 1211 2400 Καὶ
1254 2347 1406 2419 περὶ⁶
1419 2349 1516 2420 μὲν
1555 2348 1758 2404 τούτων
1785 2351 1876 2403 αύ-

301 2431 536 2504 τάρκως.
1385 2427 1394 2432 ’

364 2629 598 2685 Δασέτω
649 2631 706 2686 δὲ
762 2634 902 2705 μετὰ
961 2635 1144 2710 χειρὸς
1181 2641 1210 2692 ό
1256 2637 1575 2710 βουλόμενος
1609 2638 1705 2710 τὴν
1739 2639 1874 2712 πρὸς

295 2723 615 2794 Κορινθίους
661 2727 994 2800 Ἐπιστολὴν,
1031 2731 1126 2785 καὶ
1172 2730 1291 2784 καθ’
1343 2731 1569 2784 ἕκαστον
1609 2731 1875 2803 ὁμιλήσας

289 2818 406 2878 τοίς
422 2819 926 2889 ἐγγεγραμμένοις,
957 2821 1078 2875 τότε
1098 2823 1192 2876 καὶ
1215 2822 1284 2878 τὰ
1307 2823 1398 2893 ὑφ’
1423 2823 1580 2895 ἡμῶν
1607 2822 1874 2896 λεγόμενα

293 2907 610 2976 σκεψάσθω,
657 2910 1160 2984 ἀντιπαραϐάλλων,
1211 2915 1260 2967 εί
1314 2914 1388 2987 μὴ
1425 2915 1741 2986 συμφωνίας
1773 2915 1877 2970 πά-

289 3011 398 3065 eq;
429 2996 650 3066 ἔχονται
676 2999 771 3053 καὶ
803 3001 1178 3074 ὁμοφροσύνης
1212 3005 1310 3074 τῆς
1345 3004 1482 3077 πρὸς
1510 3004 1666 3058 αὐτὰ.
1693 3003 1876 3058 Ταῦτά

291 3104 383 3140 cos
440 3090 584 3144 κατὰ
641 3091 869 3164 δύναμιν
917 3095 1058 3167 ὑπὲρ
1106 3096 1346 3165 ἁγνείας,
1373 3091 1416 3151 ὦ
1469 3097 1684 3169 Ἀρετὴ,
1722 3095 1876 3166 κάγὼ

289 3197 421 3235 unus
429 3183 551 3252 ισφέ
559 3201 656 3254 ρω.

371 3274 666 3329 ΕΥΒΟΥΛ.
689 3277 900 3350 Σφόδρα
925 3279 1012 3333 διὰ
1051 3281 1278 3348 πολλῶν,
1301 3277 1346 3336 ὧ
1375 3283 1695 3356 Γρηγόριον,
1727 3285 1880 3356 μόλις

287 3369 379 3429 εις
408 3368 471 3420 τδ
503 3369 863 3440 προκείμενον
895 3373 1146 3442 ἀφίκετο,
1195 3375 1532 3446 μακρότατον
1578 3375 1882 3450 ἀναμετρη-

290 3459 534 3529 captivi},
551 3461 645 3513 καὶ
668 3463 1035 3532 περαιωθεῖσα
1061 3464 1297 3534 πέλαγος
1325 3465 1520 3536 λόγων.

370 3549 569 3603 ΓΡιΙΓ.
609 3551 824 3606 Ἔοικεν
839 3552 1012 3620 οὕτως
1036 3555 1207 3627 ἔχειν’
1245 3555 1360 3610 ἀλλ’
1392 3556 1485 3620 ἴθι,
1518 3558 1613 3612 καὶ
1628 3557 1696 3612 τὰ
1717 3558 1879 3612 λοιπὰ

295 3651 500 3722 Hegi};
565 3654 1056 3724 μνημονεύσαντες,
1093 3657 1512 3728 μιμητικώτατα
1559 3658 1877 3730 διέλθωμεν,

295 3732 376 3792 ὧν
403 3741 485 3793 ἔτι
539 3741 760 3796 ἔναυλον
793 3745 1056 3816 ἀκρόασιν
1087 3746 1228 3816 ἔχειν
1264 3765 1352 3818 μοι
1398 3747 1559 3812 δοκῶ,
1589 3749 1718 3820 πρὶν
1755 3752 1881 3804 ἀπο-

293 3832 502 3902 πτῆναι
553 3835 648 3888 καὶ
679 3835 957 3906 διαφυγεῖν
977 3855 990 3868 ·
1022 3838 1388 3906 εὐεξάλειπτοι
1431 3841 1548 3912 γὰρ’
1562 3841 1694 3894 νέων
1719 3843 1881 3894 ἀκου-

293 3925 528 3994 σμάτων
566 3927 776 3998 μνῆμαι
813 3929 1100 4000 γερόντων.

371 4015 667 4070 ΕΥΒΟΥΛ.
728 4017 887 4072 Ἀλλά
920 4018 1044 4088 λέγε
1075 4037 1090 4050 ·
1118 4020 1325 4075 τούτων
1369 4022 1478 4093 γὰρ
1512 4025 1604 4077 καὶ
1631 4023 1884 4096 ἐληλύθα-

300 4120 399 4173 ιιεν
428 4104 681 4176 ἀσμένως
706 4108 1060 4180 ἀκουσόμενοι
1087 4109 1194 4164 τῶν
1229 4109 1422 4180 λόγων.

370 4288 573 4341 ΓΡΗΓ.
605 4287 713 4340 Nat
749 4289 846 4357 μὲν
890 4287 974 4358 δὴ,
1005 4271 1255 4361 καθάπερ
1279 4287 1458 4374 εἴπας,
1490 4289 1626 4361 μετὰ
1653 4291 1712 4344 τδ
1746 4307 1880 4344 κατ-

295 4379 535 4450 αχθῆναι
589 4379 686 4450 τὴ)
740 4378 967 4432 Θάλειαν
1005 4379 1226 4451 δρόμοις
1262 4381 1596 4452 ἁκυμάντοις
1643 4383 1721 4444 είς
1773 4383 1872 4453 τὴν

295 4472 432 4541 γῆν,
476 4476 509 4543 ἡ
563 4472 850 4544 Θεοπὰτρα
890 4471 1086 4543 ἐφεξῆς
1129 4472 1491 4539 ἀπολαϐοῦσα,
1549 4475 1747 4546 ἑαυτὴν
1773 4473 1875 4546 ἔφη

296 4567 476 4619 εἰπεῖν
502 4565 647 4618 τάδε.

369 4725 421 4756 ⁹¹
444 4723 475 4778 Ι
505 4724 630 4780 Cor.
667 4741 764 4791 νυ,
805 4726 895 4784 56.
971 4726 1017 4760 ’⁸
1047 4727 1176 4780 ibid.
1223 4726 1312 4782 57.

367 4879 487 4948 (57)
527 4879 639 4933 Τὸν
656 4879 884 4950 μέντοι.
924 4881 1108 4935 Allatii
1155 4881 1345 4941 coalcx.
1377 4881 1491 4952 ipse
1554 4881 1677 4936 istis
1709 4880 1872 4936 diuti-

289 4961 491 5023 nutus,
545 4953 651 5006 alia
691 4954 841 5021 ponit
881 4953 1080 5023 quibus
1107 4953 1298 5006 innuat
1325 4968 1443 5006 eam
1478 4953 1870 5021 indulgentiam

285 5020 480 5083 Pauli,
513 5031 571 5075 ut
598 5020 702 5092 qui
729 5020 1294 5077 liabet—necessitatem
1313 5033 1364 5077 ct
1398 5025 1601 5092 patitur
1623 5020 1874 5078 stimulos

290 5111 363 5145 ac
397 5108 539 5160 :egre
573 5093 838 5156 continet,
872 5095 1186 5162 eonjugiutu
1225 5095 1390 5156 ineat,
1419 5111 1515 5147 uee
1539 5093 1630 5148 illo
1665 5106 1870 5162 peccet,

291 5163 412 5216 illis
436 5169 705 5216 duntaxat
738 5163 998 5233 prodeSse
1043 5165 1133 5234 qui
1183 5180 1242 5218 se
1275 5173 1401 5216 voto
1433 5180 1540 5218 non
1564 5164 1875 5218 obstrinxe-

289 5243 429 5286 runt
463 5235 656 5294 :aliis,
702 5250 802 5288 nec
858 5237 1031 5304 ipsam
1090 5237 1470 5288 necessitatem
1501 5235 1874 5304 rexeusationi

293 5306 443 5366 fore,
482 5321 549 5359 ne
574 5321 676 5374 suo
716 5305 816 5374 ipsi
843 5303 1050 5374 judicio
1079 5305 1424 5360 condemnati
1466 5303 1596 5360 sint.
1639 5305 1881 5358 Λύτοκα-

288 5376 574 5448 τάκριτοι,
603 5372 711 5430 Tit.
736 5372 952 5438 illa“,
977 5377 1084 5448 ipsi
1127 5377 1228 5431 sibi
1255 5383 1756 5448 I'Cﬂltlﬁﬂlltflﬂl‘fS}
1781 5376 1877 5444 qui

293 5446 420 5499 non
473 5449 723 5500 consulta
765 5462 862 5500 sua
898 5446 1076 5501 indole
1111 5457 1163 5500 et
1210 5453 1408 5500 mentis
1442 5446 1557 5515 ipsa
1597 5447 1874 5510 ﬁrmitate,

293 5517 482 5570 levius
519 5526 702 5570 votum
737 5519 988 5588 emisere.
1023 5518 1132 5570 Καὶ
1175 5515 1278 5588 μὴν
1303 5516 1638 5588 αὐθαιρέτως
1673 5516 1878 5588 κρίνονέ

289 5605 390 5640 ται
435 5589 487 5640 οἱ
531 5588 762 5641 τοιοῦτοι
809 5587 958 5658 παρὰ
1000 5590 1098 5658 τὴν
1122 5586 1451 5656 ἐπαγγελίαν
1478 5586 1669 5641 αὐτῶν.
1713 5587 1876 5654 Atqui

289 5676 399 5710 sua
434 5659 536 5723 ipsi
564 5662 830 5712 voluntate
877 5660 929 5712 lii
987 5661 1118 5712 tales
1177 5659 1613 5716 condemnentur.
1664 5673 1882 5724 propter

287 5745 456 5782 suum
481 5735 679 5784 vetans.
715 5727 854 5782 Velit
907 5729 1068 5798 igitur
1116 5727 1422 5783 Metltodius
1459 5738 1872 5798 (Stchuts‘quis

291 5816 495 5856 auctor
521 5811 604 5856 est
627 5801 789 5868 huius
808 5802 961 5868 quasi
987 5800 1200 5862 SCllOill)
1234 5799 1384 5855 Pauli
1417 5799 1870 5862 iisucumtionein

1904 3182 1950 3240 ο

1972 1895 2208 1952 stadium
2256 1895 2359 1950 hoc
2405 1893 2665 1966 praaelare
2705 1892 3037 1956 decurrenti,
3088 1893 3292 1962 primas
3329 1891 3540 1957 tribuit,

1971 1989 2100 2043 dum
2141 1987 2338 2056 emptis
2382 1968 2602 2040 manere
2641 1997 2704 2038 ac
2736 1998 2956 2038 servare
2984 1983 3240 2036 hortatur
3273 1983 3417 2052 quod
3451 1999 3542 2048 ge-

1972 2093 2183 2134 nerosa:
2219 2076 2419 2132 indolis
2471 2075 2749 2144 proposito
2789 2074 2868 2128 illi
2901 2074 3256 2128 constitutum
3305 2076 3393 2128 sit.
3438 2073 3543 2140 Qui

1973 2173 2114 2228 enim
2155 2177 2352 2241 potest,
2403 2169 2600 2238 inquit,
2645 2168 2926 2237 ambitque
2965 2181 3186 2220 carnem
3229 2181 3382 2220 suam
3427 2181 3544 2220 ser-

1973 2281 2102 2320 vare
2142 2263 2422 2334 virginem,
2475 2260 2669 2316 melius
2723 2257 2880 2326 facit;
2916 2257 3009 2325 qui
3057 2267 3238 2312 autem
3289 2273 3398 2312 non
3441 2275 3541 2328 po-

1973 2363 2102 2417 test,
2150 2353 2390 2423 legitime
2439 2359 2621 2405 autem
2667 2350 2888 2419 nuptias
2935 2348 3058 2412 init,
3093 2361 3193 2400 nec
3233 2363 3292 2401 se
3325 2347 3542 2402 furtivis

1973 2444 2250 2499 cubilibus
2300 2443 2572 2514 inquinat,
2615 2441 2754 2495 bene
2779 2446 2834 2494 et
2873 2439 2991 2510 ipse
3037 2437 3188 2493 facit.
3234 2435 3433 2492 Verum
3477 2439 3546 2494 de

1975 2536 2061 2592 bis
2084 2536 2352 2590 hactenus
2384 2535 2541 2590 satis.
3285 2533 3296 2544 ’

2049 2629 2242 2685 Sumat
2273 2629 2365 2700 qui
2397 2628 2541 2682 volet
2585 2626 2730 2680 hanc
2761 2625 2828 2680 ad
2861 2624 3178 2679 Corinthios
3215 2623 3366 2678 Pauli
3415 2623 3544 2692 Epi»

1975 2723 2191 2786 stolam,
2224 2727 2278 2775 et
2311 2719 2542 2792 singulis
2578 2715 2697 2786 ejus
2733 2717 2838 2772 loci
2885 2717 3134 2788 partibus
3177 2724 3434 2771 accurate
3463 2733 3545 2770 tu-

1977 2818 2202 2890 spectis,
2235 2817 2352 2871 haec
2385 2830 2508 2886 quae
2543 2813 2784 2870 diximus
2820 2813 2986 2869 etiam
3032 2813 3362 2875 consideret,
3414 2812 3546 2864 alia-

1977 2927 2083 2982 que
2105 2911 2228 2966 aliis
2253 2917 2567 2979 componat,
2600 2923 2728 2963 num
2755 2923 2852 2978 per
2885 2907 3069 2962 omnia
3095 2905 3434 2960 consentiant
3465 2910 3546 2955 at-

1975 3020 2083 3076 que
2105 3009 2429 3073 congruant.
2468 2999 2592 3054 Haec
2613 2999 2712 3054 tibi
2739 3013 2837 3069 pro
2862 2999 3072 3053 viribus
3100 2998 3168 3052 de
3197 2996 3543 3058 castimonia,

1977 3111 2010 3150 ο
2036 3095 2216 3158 Arete,
2246 3109 2311 3150 ex
2345 3091 2481 3150 meis
2501 3103 2554 3148 et
2583 3091 2702 3162 ipsa
2732 3090 3040 3146 rationibus
3068 3088 3318 3144 confero.

2051 3277 2302 3333 EUBUL.
2344 3277 2517 3344 Quam
2553 3275 2738 3331 multis
2761 3317 2776 3340 ,
2809 3273 3130 3346 Gregorium
3157 3314 3172 3335 .
3205 3273 3294 3327 vix
3329 3272 3548 3329 tandem

1981 3373 2161 3436 attigit
2219 3370 2602 3442 propositum,
2668 3367 3045 3439 longissimum
3109 3382 3331 3422 emensa
3387 3375 3550 3438 atque

1980 3471 2324 3532 transgressa
2356 3459 2578 3529 pelagus
2609 3459 2958 3514 sermonum!

2051 3551 2256 3609 GREG.
2297 3551 2372 3606 lta
2420 3550 2656 3615 videtur,
2710 3559 2772 3605 ut
2815 3551 2955 3608 dicis
2990 3571 3002 3606 :
3033 3551 3126 3607 sed
3174 3567 3292 3623 age,
3343 3552 3548 3622 reliqua

1979 3650 2142 3704 etiam
2191 3654 2410 3704 servato
2441 3643 2656 3711 ordine,
2701 3651 2756 3698 et
2804 3652 2864 3697 tit
2915 3645 3256 3707 acciderunt,
3305 3645 3552 3715 vestigiis

1983 3737 2354 3810 perorantium
2401 3735 2720 3790 insistentes
2751 3747 3161 3802 percurramus,
3198 3735 3371 3790 donec
3417 3736 3547 3789 mihi

1981 3831 2191 3885 auditio
2219 3829 2310 3882 illa
2345 3829 2399 3882 in
2447 3828 2676 3882 auribus
2706 3827 3024 3897 perstrepit,
3059 3835 3350 3896 antequam
3381 3825 3552 3896 fugiat

1981 3924 2267 3992 avoletque
2293 3941 2307 3976 :
2333 3921 2492 3976 facile
2519 3921 2664 3975 enim
2692 3921 3002 3976 recordatio
3033 3935 3214 3975 rerum
3241 3919 3551 3973 auditarum

1979 4033 2044 4072 ex
2082 4017 2342 4070 memoria
2371 4015 2584 4070 deletur
2611 4031 2824 4071 senum.

2053 4109 2304 4165 EUBUL.
2349 4109 2442 4165 llic
2483 4126 2616 4166 sane
2645 4129 2656 4163 :
2689 4107 2879 4162 talitun
2913 4107 3058 4164 enim
3101 4121 3414 4162 sermonum
3463 4120 3555 4177 au-

1982 4204 2191 4260 ditores
2227 4204 2411 4275 cupidi
2440 4205 2816 4260 convenimus.

2053 4295 2261 4352 GREG.
2306 4295 2408 4352 Ubi
2464 4312 2627 4368 ergo,
2685 4306 2746 4351 ut
2798 4305 2946 4351 recte
3009 4293 3265 4356 dicebas,
3317 4307 3554 4348 excurso

1983 4391 2279 4460 tranquillo
2328 4389 2562 4460 quodam
2614 4389 2810 4458 prolixi
2851 4387 3121 4442 sermonis
3165 4400 3406 4455 aequore.
3446 4393 3557 4436 trr-

1982 4496 2098 4534 ram
2129 4479 2421 4550 aliquando
2455 4478 2644 4534 Thalia
2674 4480 2847 4534 tenuit
2877 4499 2890 4534 :
2923 4493 3040 4534 eam
3073 4476 3380 4547 Tbeopatra
3407 4489 3557 4528 exet—
3653 4489 3659 4494 '

1907 4551 1949 4606 θ
1979 4568 2154 4640 piens,
2193 4586 2252 4624 se
2301 4571 2354 4625 in
2401 4569 2544 4623 hunc
2575 4569 2795 4624 modum
2829 4569 3066 4625 locutam
3109 4569 3227 4638 ipsa
3259 4563 3552 4620 referebat.

1975 4899 2086 4940 non
2135 4884 2363 4950 tollere;
2415 4887 2549 4952 quin
2605 4882 2871 4950 sacrilega
2917 4880 3170 4949 coniugia
3203 4880 3314 4935 sint
3335 4891 3552 4938 eorum,

1977 4956 2070 5026 qui
2096 4958 2204 5026 voti
2229 4951 2502 5009 castitatis
2525 4953 2625 5015 rei,
2652 4960 2910 5026 praetexta
2937 4952 3179 5026 libidinis
3205 4951 3554 5026 necessitate,

1977 5019 2086 5081 illis
2138 5025 2348 5079 inhiant
2380 5045 2393 5078 :
2427 5033 2486 5078 ut
2536 5019 2667 5080 nee'
2687 5023 2845 5076 modo
2875 5023 3032 5076 facile
3055 5019 3431 5091 praesumenda
3462 5029 3554 5072 aut

1977 5095 2247 5152 credenda
2267 5096 2462 5164 juvare
2489 5111 2554 5150 ea
2582 5093 2914 5164 indulgentia
2940 5094 3032 5155 sit,
3056 5089 3122 5145 ac
3151 5091 3256 5145 nisi
3285 5089 3436 5164 gravi
3458 5091 3554 5144 ad-

1981 5167 2204 5220 modum
2252 5162 2418 5220 eausa
2447 5183 2468 5232 ;
2515 5162 2760 5234 cumque
2781 5166 2833 5218 in
2868 5164 3064 5218 litteris
3095 5162 3416 5234 apostmieis
3449 5175 3556 5214 uua

1981 5239 2094 5291 haec
2125 5237 2236 5290 fere
2288 5238 2644 5305 exinaniatur,
2667 5233 2987 5306 perieulum
3033 5233 3228 5306 salutis
3263 5233 3458 5287 anima:
3485 5234 3558 5286 ob

1986 5323 2180 5378 graves
2209 5303 2462 5361 stimulos
2489 5303 2705 5368 carnis,
2743 5307 2949 5378 nescio,
2987 5304 3084 5378 qui
3110 5303 3232 5378 illos
3261 5306 3348 5378 sic
3356 5318 3559 5378 graves

1987 5373 2094 5432 non
2153 5387 2378 5447 patitur,
2431 5385 2486 5432 et
2549 5388 2606 5432 ut
2657 5377 3032 5447 necessitatem
3073 5374 3292 5438 habere,
3331 5373 3558 5428 Paulina

1984 5443 2570 5520 phrasi,iutelligatttr,
2601 5448 2697 5502 sed
2725 5447 2860 5520 alias
2900 5443 2968 5498 ob
2991 5461 3204 5520 musas,
3246 5455 3375 5520 puta
3405 5462 3558 5520 com-

1984 5515 2126 5573 inodi
2195 5515 2540 5588 temporalis,
2598 5528 2692 5572 aut
2756 5519 2920 5570 etiam
2985 5515 3130 5569 ιιιιύἱὶ
3192 5515 3564 5588 tttollesrentis

1983 5590 2174 5651 animi,
2197 5586 2383 5646 secum
2413 5588 2720 5659 dispensari
2760 5589 2914 5658 petit,
2945 5599 3108 5659 etiam
3131 5601 3393 5656 expressa
3423 5586 3557 5641 veri-

1983 5667 2114 5724 tate,
2142 5677 2238 5732 per
2267 5678 2389 5716 eum
2417 5657 2616 5732 stylogo
2649 5657 2839 5721 curiae,
2885 5675 2914 5712 a
2946 5657 3188 5730 periculo
3232 5659 3428 5714 anitum
3477 5667 3568 5710 ιιι..

1981 5741 2070 5790 tus
2103 5731 2288 5788 Laberi
2321 5731 2510 5803 possit.
2541 5731 2828 5788 Canentis.
