3964 6226
511 245 589 300 ’91
1445 238 1502 294 S.
1546 237 1874 294 METHODII
1917 237 2224 294 EPlSCOPl
2264 237 2352 292 ET
2387 231 2749 292 MARTYRIS
3697 229 3771 285 92

513 367 668 420 'viret
706 378 770 418 ac
819 362 1041 424 crescit,
1093 360 1176 414 sic
1225 360 1396 414 beata:
1437 358 1766 428 virginitatis
1797 374 1860 414 ea
1893 359 2100 413 indoles

2209 358 2404 428 νάμασι
2456 357 2775 429 ἀρδεύεται,
2817 356 2979 426 σοφίᾳ.
3041 351 3447 424 καταψεκάζων.
3511 349 3612 406 ’ον
3663 330 3778 422 γὰρ’

528 463 645 522 est,
676 463 735 510 ut
791 454 964 508 sacris
1022 467 1140 506 eam
1202 451 1526 528 impiuguari
1561 451 1906 505 sermonibus
1935 459 2099 519 atque

529 546 794 603 doctrinis
841 545 907 598 ad
951 544 1252 598 llorendum
1314 553 1478 614 atque
1531 544 1819 612 vigendum
1875 559 2100 628 necesse

533 638 625 700 sit,
659 650 758 689 nec
799 635 959 688 aliter
1008 635 1060 687 in
1106 649 1226 687 eam
1274 635 1468 688 molem
1525 633 1942 702 “unitatemque
1976 650 2100 704 pro-

533 729 705 792 liciat,
739 744 806 782 ex
840 743 950 798 qua
987 742 1148 782 suum
1185 726 1416 796 quisque
1454 741 1718 796 organum
1769 725 2104 795 suspendere

529 823 720 894 possit.

2197 449 2400 520 τρόπον
2435 447 2496 500 τὸ
2528 446 2740 516 δένδρον
2774 445 2932 498 τοῦτο
2976 445 3290 515 χλοηφορεῖν
3328 443 3566 512 πέφυκεν
3618 441 3772 497 ὕδατι

2200 541 2295 594 καὶ¹
2323 539 2638 610 βλαστάνειν
2661 558 2676 570 ’
2707 539 2878 603 οὓτως
2912 537 3160 591 ἐπανθεῖν
3189 537 3275 590 ἀεὶ
3307 536 3400 589 καὶ
3429 534 3774 606 ὲπακμὰζειν

2205 632 2528 703 πιαινομένη
2559 632 2739 700 λόγοις
2779 632 3077 702 πέφυκενή
3114 628 3404 700 παρθενίαο
3446 629 3533 681 ἴνα
3564 628 3633 696 δὴ
3677 630 3776 682 καὶ

2202 723 2583 796 ἀνακρεμάσαι
2616 724 2680 778 τὸ
2719 723 2945 794 ὄργανον
2982 725 3074 778 ἀπ’
3114 725 3284 794 αὐτῆς
3325 719 3517 776 ἑαυτοῦ
3549 720 3610 773 δύ
3627 741 3644 774 τ’
3669 721 3777 790 εταί

2205 836 2310 882 τις.

1229 931 1356 987 Car.
1393 929 1481 986 IV.
1526 929 2019 1001 Interpretationem
2046 929 2282 1000 ejusdem
2314 931 2416 987 loci
2446 935 2778 1002 prosequitur
2817 941 3018 986 auctor.

600 1058 656 1115 Si
677 1075 806 1129 ergo
837 1055 1058 1110 llninina
1089 1053 1382 1125 Babylonis
1407 1052 1586 1109 ﬂuxus
1625 1053 1916 1122 voluptatis
1946 1062 2094 1117 sunt,

527 1163 588 1209 ut
613 1154 892 1224 sapientes
918 1150 1126 1211 volunt,
1156 1146 1554 1224 confundentes
1589 1155 1642 1200 et
1671 1146 1956 1201 turbantes
1979 1146 2098 1200 ani-

525 1221 697 1310 mam,
727 1260 951 1300 necesse
973 1250 1057 1298 est
1092 1251 1150 1296 ut
1189 1221 1418 1296 castitas
1453 1240 1710 1296 salicibus
1759 1239 2096 1310 designetur,

522 1357 590 1398 ex
647 1355 754 1410 qua
815 1337 1211 1406 suspendentes
1267 1349 1486 1389 sursum
1545 1332 1814 1387 trahimus
1854 1331 2101 1388 libidinis

522 1449 748 1504 organa,
785 1429 1062 1499 vergentia
1106 1428 1360 1483 deorsum
1409 1433 1754 1495 mentemque
1798 1424 2085 1494 degravan-

523 1528 634 1592 tia;
663 1540 730 1579 ne
747 1525 890 1578 velut
909 1521 1168 1576 torrentis
1197 1525 1396 1588 impetu
1427 1519 1478 1572 in
1503 1518 1716 1572 cloacas
1747 1517 2097 1586 impudicitiae

522 1627 811 1688 protrusze,
847 1614 1108 1667 vermium
1139 1613 1308 1666 instar
1337 1610 1406 1664 ad
1437 1611 1618 1664 sanies
1640 1619 1691 1665 et
1714 1619 1901 1680 putres
1941 1610 2097 1665 labos

523 1711 915 1765 adhaerescunt.
955 1703 1312 1764 Utilissimam
1343 1709 1486 1757 enim
1517 1713 1569 1757 et
1603 1702 1655 1755 in
1697 1702 1888 1772 primis
1918 1701 2098 1756 ellica-
2133 1732 2172 1786 Β

524 1818 643 1858 cem
703 1802 769 1855 ad
838 1797 1278 1868 consequendam
1343 1797 1804 1865 incm'rnptionetn
1875 1795 2099 1850 donavit

527 1892 669 1948 Deus
695 1892 1088 1962 virginitatem,
1135 1889 1294 1943 lidam
1339 1903 1456 1942 eam
1491 1889 1693 1942 sociam
1745 1889 1988 1950 mittens,
2015 1887 2098 1942 bis

523 1987 847 2058 qui'cupide
880 1989 943 2039 ad
975 1985 1030 2038 id
1065 1985 1234 2039 decus
1261 1984 1504 2052 aspirant
1541 2001 1554 2036 :
1593 1983 1782 2052 quales
1809 1981 2098 2036 Psalmista

527 2079 838 2137 subindicat
890 2078 1108 2133 nomine
1157 2075 1359 2140 Sionis,
1411 2091 1532 2145 qua:
1581 2091 1686 2130 vox
1737 2076 2098 2146 perillustrem

527 2171 870 2232 charitatem,
905 2177 962 2224 et
997 2168 1142 2239 quod
1167 2169 1236 2222 de
1267 2169 1355 2222 illa
1390 2167 1702 2221 mandatum
1728 2177 1828 2232 est,
1858 2165 2097 2220 denotat.

529 2263 736 2318 Etenim
757 2262 1080 2336 vocabulum
1109 2261 1238 2316 Sion
1272 2261 1318 2316 si
1354 2261 1761 2329 interpreteris,
1795 2259 2102 2312 mandatum

523 2351 749 2422 specula:
782 2360 962 2406 sonat.
1001 2350 1092 2404 Sic
1117 2353 1260 2406 enim
1303 2355 1619 2417 reputamus
1651 2347 1814 2401 etiam
1857 2361 1977 2416 qua:
2008 2343 2103 2400 de-

524 2442 654 2502 inde
683 2450 1005 2512 sequuntur.

593 2531 738 2599 Quid
788 2531 1004 2584 tandem
1057 2539 1141 2584 est
1172 2545 1270 2583 cur
1297 2529 1397 2586 abs
1447 2543 1506 2585 se
1537 2529 1904 2600 postulatum,
1937 2527 2004 2582 ab
2034 2527 2102 2583 iis

525 2624 617 2695 qui
642 2623 884 2692 captivas
917 2620 1214 2684 duxerunt,
1250 2621 1448 2674 animae
1482 2619 1778 2685 fateantur,
1830 2629 1889 2673 ut
1929 2622 2102 2674 canti-

525 2731 650 2768 cum
680 2711 896 2767 Domini
938 2721 1198 2768 canerent
1233 2713 1286 2766 in
1337 2719 1482 2768 terra
1511 2713 1724 2768 aliena?
1765 2711 1968 2783 Nempe
1999 2714 2101 2768 hoc

525 2807 758 2863 dicendo
789 2809 942 2876 plane
966 2807 1182 2873 docent,
1227 2806 1578 2878 Evangelium
1614 2821 1830 2862 sacrum
1874 2822 1996 2863 esse
2039 2823 2103 2862 ac

525 2916 786 2954 arcanum
813 2899 1108 2962 canticum,
1139 2899 1283 2970 quod
1323 2899 1416 2971 qui
1467 2908 1696 2970 peccant
1746 2908 1800 2955 et
1827 2900 2104 2954 fornican-

525 3003 615 3046 tur
641 2991 858 3046 diabolo
891 2999 1116 3045 canunt.
1143 2990 1412 3046 Insultant
1437 2995 1580 3046 enim
1611 3001 1664 3045 et
1695 2991 1922 3045 tacenda
1951 3006 2104 3046 man-

2275 1054 2336 1106 El
2369 1048 2462 1108 οὖν
2486 1055 2534 1106 οἱ
2576 1053 2808 1124 ποταμοὶ
2833 1051 2933 1122 τῆς
2966 1049 3278 1112 Βαϐυλῶνος
3299 1049 3364 1103 τά
3393 1047 3595 1121 ρεύμαι
3614 1067 3643 1104 ι
3675 1049 3780 1123 τῆς

2205 1145 2535 1217 ἡδυπαθείας
2556 1145 2712 1209 εἰσὶν,
2735 1145 2808 1209 ὡς
2827 1146 2876 1197 οἱ
2901 1143 3050 1213 σοφοί
3074 1159 3222 1212 φασι,
3245 1141 3312 1194 τὰ
3331 1141 3664 1212 συγχύνοντα
3682 1145 3782 1196 καὶ

2203 1238 2540 1310 ταράσσοντα
2555 1237 2650 1310 τὴν
2665 1237 2858 1310 ψυχήν·
2880 1237 3092 1307 ἀνάγκη
3113 1236 3210 1300 τὰς
3234 1234 3378 1298 ἰτέας
3396 1231 3650 1306 εἶναιτὴν
3674 1250 3784 1288 σω-

2203 1331 2496 1404 φροσύνην,
2526 1333 2616 1400 ἀφ’
2636 1327 2704 1404 ἧς
2725 1329 3138 1402 ἀνακρεμῶντες
3155 1327 3448 1397 ἀνέλκομεν
3473 1324 3542 1380 τὰ
3568 1326 3786 1398 δργανα

2201 1427 2270 1481 τὰ
2304 1425 2612 1495 παιδογόνα,
2644 1421 3051 1493 ταλαντούμενα
3083 1420 3234 1474 κάτω
3265 1420 3360 1473 καὶ
3397 1417 3650 1491 βρίθοντα
3685 1417 3785 1470 τὸν

2203 1521 2344 1575 νοῦν·
2368 1521 2455 1574 ἵνα
2475 1521 2571 1592 μὴ,
2583 1518 2972 1590 κατενεχθέντα
2989 1533 3055 1570 πε
3063 1517 3113 1586 pi.
3129 1516 3252 1578 τοὺς
3269 1514 3486 1585 ὀχετοὺς
3501 1513 3597 1583 τῆς
3614 1514 3784 1582 ἀκραο

2204 1613 2346 1679 σίας,
2367 1613 2658 1684 σκωλήκων
2673 1611 2828 1682 δίκην
2855 1611 2932 1673 εἰς
2950 1610 3075 1670 τοὺς
3109 1605 3310 1678 ίχῶρας
3331 1605 3785 1676 ὲγχρίμπτωνται

2202 1706 2294 1759 καὶ
2323 1706 2425 1769 τὰς
2461 1705 2780 1777 σηπεδόνας.
2810 1701 3249 1775 Χρησιμωτάτην
3281 1699 3388 1770 γὰρ
3433 1699 3526 1751 καὶ
3554 1696 3787 1752 ἐπίκου-

2207 1817 2298 1871 ρον
2324 1802 2402 1864 είς
2429 1798 2735 1870 ἀφθαρσίας
2765 1797 2958 1867 κτῆσιν
2986 1794 3085 1866 τὴν
3112 1791 3408 1866 παρθενίαν
3437 1793 3466 1844 δ
3487 1789 3619 1854 Θεὸς
3643 1790 3786 1846 ἐδω-

2208 1894 2428 1963 ρήσατο,
2465 1891 2748 1961 σύμμαχον
2782 1887 3106 1950 ἀποστείλας
3137 1888 3246 1948 τοῖς
3277 1883 3658 1956 ὀρεγνυμένοις
3688 1883 3788 1936 καὶ

2206 1983 2465 2036 ποθοῦσι·
2517 1981 2700 2046 καθὼς
2749 1981 2778 2033 ὁ
2826 1979 3039 2050 ψαλμὸς
3071 1979 3358 2048 ὑφηγεῖται
3403 1975 3500 2046 τὴν
3544 1973 3720 2037 Σιὼν,
3759 1974 3790 2028 ὃ

2205 2076 2270 2146 δή
2327 2076 2442 2128 ἐστι
2467 2115 2486 2137 ,
2527 2073 2630 2145 ’τὴν
2681 2071 2995 2144 ἔκλαμπρον
3061 2070 3281 2140 ἀγάπην
3305 2107 3320 2130 ,
3371 2067 3464 2120 καὶ
3508 2066 3608 2136 τὴν
3653 2067 3790 2137 περὶ

2205 2171 2374 2241 αὐτῆς
2407 2169 2646 2240 ἐντολήν.
2689 2165 3013 2236 Ἐπειδήπερ
3043 2164 3076 2234 ἡ
3109 2159 3246 2215 Σιὼν
3278 2158 3496 2226 ἐντολὴ
3522 2156 3788 2224 σκοπιᾶς

2208 2261 2584 2334 ἑρμηνεύεται.
2607 2255 2738 2312 ’Ὧδε
2771 2255 2878 2328 γὰρ
2921 2252 3365 2324 ἁναλογισώμεθα
3389 2251 3548 2305 πάλιν
3588 2251 3680 2304 καὶ
3711 2250 3787 2304 κά

2210 2354 2356 2426 ἑξῆς.

2279 2536 2346 2588 Τί
2370 2536 2568 2607 δήποτε
2591 2532 2976 2606 ὲπηρωτῆσθαι
3005 2531 3116 2604 (63)
3147 2531 3282 2602 πρὸς
3311 2529 3418 2582 τῶν
3447 2527 3788 2600 αἰχμαλωτι-

2209 2628 2349 2683 στῶν
2381 2625 2730 2699 ὁμολογοῦσιν
2761 2627 2816 2680 ai
2846 2625 3033 2696 ψυχαὶ,
3057 2623 3156 2694 τὴν
3187 2622 3330 2694 ᾠδὴν
3360 2623 3453 2676 ἐπὶ
3478 2622 3582 2692 γῆς
3619 2621 3788 2676 ἀλλο-

2205 2719 2362 2792 τρίας
2411 2715 2540 2790 ᾆσαι
2579 2715 2820 2789 Κυρίου;
2852 2717 2924 2769 Ἦ
2961 2714 3178 2778 πάντως
3220 2714 3302 2768 ὅτι
3352 2713 3412 2766 τὸ
3457 2711 3790 2781 Εὑαγγέλιον

2209 2813 2358 2886 ἱερὰν
2388 2811 2536 2884 ᾠδὴν
2563 2805 2702 2865 εἶναι
2751 2810 2843 2864 καὶ
2887 2809 3198 2880 ἀπόρρητον
3229 2805 3599 2870 διδάσκουσιν,
3633 2805 3702 2876 ἣν
3734 2807 3791 2858 οι

2209 2902 2612 2975 ἁμαρτάνοντες
2643 2901 2740 2955 καὶ
2771 2899 3094 2972 μοιχώμενοι
3127 2898 3206 2970 τῷ
3240 2897 3459 2970 πονηρῷ
3483 2898 3793 2969 προσᾴδου-

2209 3011 2318 3048 σιν.
2339 2993 2712 3066 Ἐξορχοῦνται
2730 2992 2838 3064 (64)
2857 2991 2966 3061 γὰρ
2995 2991 3094 3054 τὰς
3110 2989 3346 3055 ἐντολὰς,
3368 2989 3428 3043 τὸ
3451 2989 3660 3060 θέλημα
3677 2989 3794 3041 τῶν

523 3083 650 3136 data
690 3082 946 3152 produnt,
993 3082 1325 3137 voluntatem
1357 3083 1645 3152 iniplentes
1682 3083 1971 3153 spirituum
2007 3099 2099 3139 ne-

2209 3087 2531 3159 πνευμάτων
2561 3086 2841 3149 τελοῦντες
2867 3086 2965 3156 τῆς
2997 3083 3282 3155 πονηρίας,
3308 3082 3402 3136 καὶ
3436 3081 3684 3152 ῥίπτουσι
3716 3080 3799 3134 τὰ

525 3174 750 3246 ςιιὶιὶαι;
780 3183 1076 3244 sanctaque
1099 3174 1394 3245 projiciunt
1428 3175 1678 3238 canibus,
1701 3183 1753 3228 et
1784 3177 2103 3245 margaritas

527 3274 654 3320 ante
681 3281 878 3336 porcos
903 3267 1208 3333 mittant",
1241 3267 1384 3321 haud
1415 3283 1574 3322 S‘cus
1599 3282 1662 3320 ac
1695 3267 1772 3321 illi
1807 3267 1873 3322 de
1905 3268 2104 3338 quilms

525 3359 788 3429 propheta
822 3357 1133 3428 indignatus
1157 3359 1232 3412 ait
1269 3378 1281 3412 :
1320 3357 1389 3412 Et
1415 3359 1646 3431 legerunt
1681 3359 1813 3428 {oris
1848 3359 2004 3430 legem
2035 3361 2100 3414 ⁸ο.

524 3449 641 3504 1\'on
681 3451 825 3504 enim
867 3451 1073 3520 utique,
1098 3449 1243 3521 quod
1280 3459 1432 3506 extra
1461 3461 1647 3520 portas
1685 3453 1984 3507 Jerusalem
2013 3460 2105 3507 aut

525 3541 718 3594 deities
753 3557 880 3594 suas
917 3543 1142 3612 egressi,
1166 3541 1337 3611 legem
1367 3539 1540 3595 Judaei
1565 3543 1824 3612 legerent,
1859 3545 2106 3612 p'ropter-

523 3648 588 3688 ea
623 3643 728 3686 tam
763 3632 961 3687 aeri:cr
1012 3633 1364 3704 increpantur
1403 3647 1433 3686 a
1474 3633 1733 3702 propheta
1758 3673 1772 3698 ,
1817 3635 2105 3704 gravisque

527 3725 752 3780 sceleris
785 3741 908 3780 reos
940 3727 1260 3797 proclamat,
1321 3725 1414 3780 sed
1449 3725 1594 3796 quod
1640 3726 1893 3778 mandata
1925 3734 2104 3780 trans-

526 3817 840 3886 gredientes
863 3824 916 3870 et
943 3816 997 3869 in
1020 3814 1190 3869 Deum
1228 3815 1404 3886 impii,
1446 3815 1650 3868 larvata
1705 3815 1906 3884 pietate
1947 3815 2105 3885 quasi

525 3909 765 3978 religiosi
806 3906 1010 3977 Deique
1043 3910 1282 3964 cultores
1321 3915 1590 3977 praecepta
1641 3907 1891 3978 legebant
1923 3926 1936 3962 :
1985 3909 2108 3962 ani-

525 3998 630 4051 mis
665 4012 790 4051 vero
815 4013 1154 4071 nequaquam
1183 3999 1562 4062 admittebant,
1589 4014 1683 4071 per
1716 3995 1874 4053 ﬁdem
1925 4015 1985 4054 ea
2021 4015 2104 4055 re—

525 4087 784 4164 tinentes,
819 4088 913 4142 sed
944 4089 1202 4160 operibus
1229 4091 1570 4160 abnegando,
1611 4091 1729 4164 ipsa.
1750 4093 2105 4162 reSpuebant.

452 4233 476 4254 .
525 4176 662 4232 llinc
684 4182 828 4236 enim
850 4181 1123 4235 canticum
1157 4179 1370 4236 Domini
1397 4191 1622 4238 cantant
1649 4186 1702 4240 in
1729 4193 1878 4241 terra
1907 4186 2105 4249 aliena,

595 4337 639 4368 "
679 4329 872 4390 Matth.
914 4351 1022 4401 vtt,
1062 4336 1115 4392 6.
1224 4336 1271 4368 ⁸⁰
1305 4336 1463 4391 Amos
1505 4355 1574 4404 tv,
1619 4339 1671 4404 5,
1699 4339 1861 4408 juxta
1899 4337 2070 4392 LXX.

2207 3177 2342 3246 ἅγια
2375 3180 2488 3241 τοῖς
2513 3176 2661 3242 κυσὶ,
2689 3175 2933 3238 καὶτοὺς
2959 3175 3304 3246 μαργαρίτας
3337 3172 3648 3245 ἔμπροσθεν
3675 3171 3799 3226 τῶν

2206 3269 2439 3342 χοίρων,
2480 3267 2540 3322 ὃν
2578 3269 2776 3341 τρόπον
2822 3267 3060 3321 κάκεῖνοι
3115 3265 3236 3336 περὶ
3293 3258 3369 3319 ὧν
3420 3267 3449 3318 ὁ
3501 3264 3802 3336 προφήτης

2209 3360 2574 3432 δυσχεραίνων
2633 3359 2800 3433 φησι·
2850 3357 2960 3414 Καὶ
3006 3357 3361 3427 ἀνέγνωσαν
3405 3355 3522 3420 ἔξω
3577 3357 3797 3425 νόμον.

2207 3450 2282 3504 Ut’)
2313 3449 2422 3522 γὰρ
2448 3451 2530 3504 ὅτι
2567 3449 2676 3504 τῶν
2711 3449 2892 3503 πυλῶν
2926 3445 3030 3513 ἔξω
3059 3448 3160 3518 τῆς
3211 3447 3582 3518 Ἰερουσαλὴμ,
3614 3446 3646 3518 ἢ
3680 3445 3800 3501 τῶν

2204 3541 2388 3594 οἰκιῶν
2433 3541 2794 3609 ἀνεγίνωσκον
2826 3539 3060 3605 ἐξιόντες
3097 3543 3146 3594 οἱ
3188 3541 3430 3594 Ἰουδαῖοι
3476 3541 3566 3593 τὸν
3601 3539 3798 3610 νόμον,

2203 3629 2293 3684 διὰ
2331 3630 2489 3684 τοῦτο
2528 3631 2592 3703 δὴ
2629 3632 2720 3684 καὶ
2745 3634 2774 3684 ὁ
2809 3635 3090 3704 προφήτης
3133 3633 3366 3704 ἰσχυρῶς
3403 3631 3584 3685 αὐτῶν
3619 3648 3801 3703 κατη-

2204 3726 2358 3796 γορεῖ
2417 3725 2510 3778 καὶ
2561 3724 2894 3789 ὑπευθύνους
2953 3726 3256 3797 ἐγκλήματι
3316 3725 3413 3797 βοᾷ
3467 3725 3751 3793 γεγονέναι
3776 3743 3793 3756 ·

2205 3815 2316 3868 ἀλλ’
2345 3817 2426 3869 ὅτι
2466 3817 2864 3888 παρερχόμενοι
2912 3815 3010 3880 τὰς
3045 3816 3263 3880 ἐντολὰς
3304 3817 3399 3870 καὶ
3456 3815 3797 3880 ἀσεϐοῦντες

2207 3911 2286 3972 είς
2333 3909 2423 3962 τὸν
2455 3908 2622 3971 Θεὸν,
2674 3909 3244 3981 ὲπιμεμορςρασμένως
3281 3909 3377 3980 μὲν
3422 3910 3798 3976 ἀνεγίνωσκον

2208 4000 2366 4072 δῆθεν
2401 4000 2476 4064 ὡς
2509 4001 2751 4064 εὐσεϐεῖς
2781 4001 2849 4056 τὰ
2876 4002 3272 4073 προστάγματα
3292 4017 3304 4028 ·
3341 4000 3482 4054 κατά
3515 4000 3694 4073 ψυχὴν
3731 4001 3794 4055 δὲ

2211 4095 2309 4147 οὐκ
2343 4094 2581 4164 ἐδέχοντο
2623 4094 2760 4164 μετὰ
2789 4093 3028 4158 πίστεως
3051 4096 3314 4166 ἴσχοντες,
3350 4093 3465 4147 ἀλλ’
3507 4095 3797 4148 ἀπέπτυον

2213 4186 2393 4262 ἔργοις
2426 4185 2763 4258 ἀρνούμενοι.
2807 4185 3082 4239 Ἐντεῦθεν
3123 4185 3231 4256 γὰρ
3258 4187 3357 4258 τὴν
3389 4185 3529 4256 (βῆν
3554 4187 3646 4239 ὲπί
3687 4187 3799 4258 τῆς

595 4490 710 4560 (ῢῦ)
753 4490 1217 4560 Ἐπτιρωτῆσθαι.
1258 4491 1612 4562 Evangelislte
1642 4494 1843 4563 passim
1874 4509 1935 4549 ea
1961 4510 2093 4550 voce

2209 4493 2412 4563 psalmi,
2437 4494 2562 4556 τοὺς
2595 4495 2648 4544 0'
2684 4492 2790 4563 illis
2825 4493 3122 4562 praeivisse,
3155 4507 3390 4563 quorum
3421 4491 3581 4549 facile
3607 4509 3788 4550 voces

525 4571 774 4635 utuntur.
797 4571 862 4635 get
888 4563 1122 4632 simplici
1147 4564 1374 4635 ἐρωτᾷν,
1425 4563 1614 4618 eodem
1664 4565 1888 4633 rogandi
1927 4580 2094 4620 sensu

525 4642 688 4702 atque
730 4633 977 4699 jubendi,
1021 4650 1126 4687 non
1171 4633 1570 4703 interrogandi;
1611 4635 1704 4704 qui
1743 4646 1887 4687 certe
1915 4635 2095 4694 minus

525 4705 844 4756 cmnmodus
888 4704 990 4759 hoc
1041 4706 1159 4756 loco
1197 4712 1281 4760 est
1315 4721 1330 4758 :
1365 4706 1511 4758 unde
1543 4714 1595 4757 et
1625 4721 1688 4759 ex
1725 4704 1950 4758 Hebrteo
1975 4706 2096 4760 red-

525 4777 660 4828 dunt
694 4773 960 4836 moderni,
1005 4778 1261 4842 petierunt
1306 4791 1399 4828 nos
1429 4790 1448 4827 :
1476 4775 1662 4838 Allat.,
1711 4793 1766 4829 se
1798 4775 2094 4840 postulatus

526 4845 719 4900 artiora:
746 4845 997 4913 fatentur.
1049 4845 1158 4900 Nec
1202 4847 1358 4900 aliter
1387 4847 1651 4915 Agellins,
1695 4845 1938 4908 Dutnvis,
1971 4846 2098 4902 (lla.-

528 4917 662 4973 rius.
701 4927 755 4969 et
792 4916 877 4968 alii
913 4918 1056 4970 docti
1087 4935 1100 4968 :
1143 4919 1410 4986 velinique
1442 4917 1516 4968 uti
1550 4914 1706 4969 Joan.
1743 4933 1862 4986 _xv1,
1895 4918 1950 4978 ‘2,
1982 4933 2102 4969 tnu-

528 4995 698 5040 tatum
729 4995 832 5048 est,
870 4987 1013 5058 quod
1058 4997 1265 5058 veteres
1295 4984 1660 5051 reddiderant,
1699 4984 1759 5040 ού
1790 5004 1854 5057 με
1887 4987 2098 5058 ἐρωτή-

531 5074 671 5119 σετε,
706 5073 808 5110 non
842 5074 920 5110 me
948 5057 1338 5126 iuterrogabitis
1365 5057 1678 5127 quidquam;
1709 5075 1810 5110 non
1843 5074 1921 5111 me
1947 5057 2106 5126 roga-

533 5127 686 5189 bilis;
733 5133 817 5180 hic
857 5144 1074 5198 quoque
1109 5145 1160 5181 ιιι
1195 5129 1403 5197 psalmo
1435 5139 1755 5192 mutaretur,
1785 5129 1908 5198 quia
1941 5145 2098 5199 roga-

532 5208 716 5272 ttcrtml
739 5215 830 5252 nos
857 5219 873 5252 .'
905 5199 1047 5272 quod
1083 5215 1294 5272 rogare,
1328 5199 1380 5250 in
1404 5215 1468 5272 eo
1493 5199 1584 5272 qui
1617 5202 2101 5272 pttltgsluleiptﬂlet,

532 5270 816 5337 imperium
872 5267 954 5322 est
1013 5285 1107 5322 seu
1158 5269 1351 5336 jussio.
1411 5269 1502 5322 Sic
1545 5271 1680 5324 bene
1723 5267 2100 5324 Theodoretus

529 5351 696 5408 verno
730 5338 972 5390 κελεύειν
1005 5340 1274 5408 expressit
1309 5357 1320 5392 :
1358 5338 1800 5408 Chrysnstomus,
1850 5341 2102 5394 instanti-

531 5407 626 5464 bus
657 5409 896 5482 barbaris
916 5417 988 5482 ret.
1015 5407 1258 5482 gravibus
1287 5410 1440 5482 initiis
1473 5407 1869 5482 inducentibus;
1901 5411 2102 5482 βαρῦἁ-

533 5493 643 5548 ρων
673 5479 1032 5550 επικειμὲνίυν
1071 5481 1208 5550 μετά
1238 5481 1502 5550 τοσαύτης
1535 5481 1780 5550 ἀπειλῆς.
1814 5479 1953 5535 Bene
1975 5479 2103 5534 ino-

535 5547 647 5620 net
676 5547 934 5600 Thesauri
983 5547 1191 5620 auctor,
1227 5552 1330 5604 etsi
1377 5547 1630 5620 frequens
1676 5547 1761 5605 eSt
1796 5551 1897 5604 iste
1937 5551 2100 5618 hujus

531 5618 682 5693 vocis
710 5635 836 5671 usus
863 5619 999 5686 apud
1028 5624 1408 5693 evangelistas,
1436 5618 1574 5673 haud
1600 5621 1926 5675 credendum
1955 5623 2100 5693 ipsos

535 5687 681 5748 illius
725 5701 862 5744 anet
889 5707 983 5744 res
1021 5687 1317 5762 csscfﬁgo
1370 5705 1569 5765 putem,
1611 5693 1690 5746 vel
1741 5709 1814 5751 cx
1857 5687 2098 5748 locovboc

2201 4562 2374 4620 secuti
2397 4571 2526 4618 sunt
2552 4563 2642 4633 alii
2670 4562 2929 4633 deinceps
2958 4562 3316 4619 ecclesiastici
3345 4565 3478 4617 viri:
3507 4565 3791 4633 inquibus

2203 4649 2396 4704 magna
2423 4649 2560 4704 opus
2587 4632 2888 4703 diligentia,
2939 4650 3008 4689 ne
3058 4651 3087 4688 a
3121 4650 3283 4688 sensu
3315 4635 3527 4704 magnis
3555 4632 3663 4690 illis
3698 4653 3762 4689 se

2203 4704 2447 4758 nioribus
2473 4705 2701 4774 intento,
2731 4719 2828 4774 per
2841 4719 3028 4758 eorum
3054 4705 3313 4774 phraseos
3334 4705 3624 4767 inscitiam,
3643 4707 3767 4760 exei

2202 4774 2396 4829 damus
2418 4791 2433 4840 ;
2459 4773 2603 4844 quod
2625 4774 2786 4828 etiam
2805 4773 3120 4830 Graecorum
3144 4774 3518 4844 disertissimis
3533 4777 3790 4830 evenisse

2202 4843 2530 4914 quandoque
2556 4843 2906 4913 deprehendi.
2946 4844 3240 4914 Multisque
3271 4847 3305 4914 ἡ
3327 4843 3435 4897 τῶν
3461 4845 3516 4898 0'
3547 4845 3784 4910 ἔκδυσις.

2204 4915 2482 4970 llebraica:
2517 4916 2728 4969 veritati
2761 4916 2893 4969 nihil
2922 4917 3146 4972 dissona
3177 4925 3480 4986 appareret,
3512 4921 3558 4971 si
3591 4926 3642 4970 ct
3675 4916 3782 4971 lle-

2203 4989 2384 5042 braiea
2401 4987 2516 5056 ipsa
2536 5001 2670 5056 pura
2689 4986 2844 5039 nobis
2858 4985 3342 5054 exstarent,qu.ilia
3358 4985 3432 5038 illi
3451 4987 3784 5051 habuerunt,

2203 5067 2258 5114 et
2287 5072 2475 5111 eorum
2514 5071 2612 5109 nos
2643 5057 2744 5125 ipsi
2775 5072 2948 5126 voces,
2975 5059 3129 5126 plene
3172 5071 3507 5126 caperemus.
3539 5057 3784 5111 CUIBEF.

2277 5127 2390 5198 (ϐαίη)
2437 5126 2866 5194 Ἑξορχοῦνται.
2907 5125 3040 5182 Maz.
3079 5127 3278 5198 etAll.,
3311 5125 3789 5198 Ἐξερχονταιτῶν

2207 5197 2454 5262 ἑντολῷν,
2483 5200 2818 5264 egrediuntur
2842 5213 2908 5251 ea:
2941 5197 3228 5260 "laudatis,
3263 5197 3407 5266 quod
3439 5197 3575 5252 nihil
3603 5200 3790 5253 coita:-

2207 5277 2288 5324 ret
2325 5287 2336 5323 :
2365 5284 2464 5323 nec
2492 5267 2772 5322 Possinius
2804 5278 3048 5321 nostrum
3073 5269 3202 5322 illud
3227 5267 3468 5322 Vaticani
3496 5281 3792 5326 assecutus

2206 5351 2308 5405 est,
2353 5340 2482 5392 dum
2535 5338 2726 5400 reddit,
2783 5339 3090 5392 transiliunt
3120 5337 3274 5392 'em'nt
3321 5338 3618 5393 mandata:
3652 5339 3790 5406 imo,

2205 5409 2362 5480 quasi
2393 5410 2468 5463 eis
2498 5408 2774 5480 insultant,
2807 5419 2995 5464 temere
3021 5409 3118 5462 illa
3145 5410 3459 5479 divulgant;
3491 5426 3617 5479 qua}
3636 5411 3791 5468 illius

2207 5479 2357 5534 vocis
2383 5488 2512 5534 nota
2543 5479 2868 5548 signiﬁcatio,
2901 5489 2983 5534 est
3018 5503 3030 5534 :
3060 5486 3452 5549 conﬁrmatque
3477 5483 3657 5536 verbis
3683 5481 3794 5534 Dn-

2207 5551 2426 5606 minicis
2458 5549 2784 5610 Methodius,
2816 5551 3016 5620 quibus
3047 5556 3310 5620 proiicere
3337 5562 3524 5604 saneta
3553 5554 3791 5608 canibus

2209 5623 2579 5748 proluit-mur,
2627 5630 2714 5678 aut
2761 5634 2810 5678 ut
2850 5624 3169 5692 insignitius
3210 5631 3330 5677 ante
3363 5638 3560 5694 porcos
3601 5625 3790 5678 ιυιιι..-

2209 5709 2348 5747 ιιιιέδ.
2443 5726 2466 5748 ι

2208 5709 2258 5746 ιιι
2269 5710 2348 5747 us.
2385 5709 2466 5751 ωδ.
