3964 6226
540 285 642 342 ιοδ

1459 287 1516 346 8.
1562 289 1892 350 METIIODH
1937 293 2244 350 EPISCOPI
2288 294 2373 349 ET
2415 291 2774 354 MARTYRIS

3692 309 3791 364 ίοι

538 415 646 463 tem
668 406 950 463 illustrans
988 405 1232 478 Spiritus
1257 419 1453 464 sermo
1477 426 1492 462 :
1518 406 1786 468 Dominus
1828 415 1979 468 velox
2013 431 2102 469 ste-

2216 416 2577 487 γραμματεὺς
2615 417 2726 472 τῶν
2757 417 2967 474 αἰώνων
2995 420 3316 494 ὀξυγράφος,
3342 424 3423 478 ὅτι
3460 427 3666 498 ταχέως
3697 431 3790 482 καὶ

537 501 788 556 culorum
818 501 1035 569 scriba;
1067 516 1131 557 ea
1157 502 1368 557 scilicet
1397 504 1627 571 ratione,
1659 504 1806 573 quod
1833 508 1983 562 solus
2008 510 2118 564 cito

540 610 603 648 ac
639 593 900 650 velociter
932 603 1223 666 paternum
1262 597 1580 652 conscribat
1610 597 1941 670 impleatque
1984 616 2118 655 con-

538 687 755 753 silium;
791 689 883 758 qui
910 704 1104 758 nempe
1133 688 1321 742 audiat
1349 708 1362 742 :
1394 688 1514 743 Cito
1559 690 1836 758 praeclare;
1876 692 2116 747 velociter

538 779 712 849 spolia
739 779 957 837 detrahe
987 781 1052 838 ".
1090 780 1266 850 Hujus
1303 781 1498 836 scribae
1523 782 1705 852 lingua
1729 799 1847 838 mea
1871 785 2115 841 calamus

539 882 643 928 cst.
685 873 766 929 Illi
791 877 935 931 enim
961 885 1113 930 caste
1151 875 1332 930 dicata
1363 876 1670 946 devotaque
1709 884 1815 938 est,
1850 879 1994 933 haud
2023 895 2113 934 se-

539 984 640 1024 cus
668 984 732 1024 ac
754 969 1036 1038 speciosus
1061 970 1340 1034 calamus;
1373 968 1630 1040 lepidiora
1655 971 1924 1037 scribens,
1948 987 2110 1042 quam

541 1062 624 1117 vel
662 1069 834 1131 pocla:
858 1062 940 1115 vel
977 1069 1249 1123 oratores,
1279 1061 1371 1131 qui
1414 1061 1669 1118 humanis
1703 1062 1975 1117 doctrinis
2001 1064 2113 1118 vim

540 1154 757 1209 dicendi
789 1170 852 1208 ac
880 1153 1185 1207 facundiam
1211 1169 1317 1224 qua
1344 1153 1566 1224 pollent.
1597 1153 1935 1226 impendant.
1975 1155 2032 1211 Si
2059 1165 2114 1212 et

537 1247 732 1300 oculos
758 1245 1106 1300 assuefecero
1129 1261 1196 1301 ne
1229 1261 1524 1316 corporum
1555 1245 1786 1300 formam
1819 1262 2113 1318 concupis-

541 1348 690 1400 cant,
719 1353 817 1391 nec
849 1338 1101 1406 turpibus
1125 1339 1458 1408 Spectaculis
1493 1337 1756 1393 obiectari
1785 1340 2107 1409 permisero,

539 1432 634 1484 sed
659 1427 901 1482 cwlestia
925 1429 1172 1482 contueri
1201 1428 1459 1498 jussero;
1488 1429 1624 1483 casti
1655 1436 1818 1484 erunt
1868 1431 2012 1485 oculi
2056 1439 2112 1487 et

541 1521 650 1574 Deo
675 1519 840 1574 sacri.
881 1516 937 1572 Si
975 1534 1170 1575 rursus
1193 1521 1459 1575 adversus
1498 1519 1928 1576 obtrectationes
1950 1533 2111 1594 atque

539 1626 818 1666 murmura
856 1627 1018 1666 aures
1050 1613 1321 1682 sepivero,
1358 1611 1562 1684 Deique
1606 1614 1773 1668 verbo
1821 1630 2106 1685 aperuero,

535 1705 843 1776 sapientum
872 1704 1129 1775 frequens
1157 1714 1340 1762 terens
1372 1706 1557 1760 limina
1595 1705 1663 1768 ³⁸,
1702 1708 2020 1763 consecravi
2054 1716 2109 1764 et

2217 509 2385 576 ὀξέως
2409 511 2511 582 τὴν
2544 511 2740 584 βουλὴν
2767 513 3140 586 ἀναγράφεται
3167 517 3322 586 μόνος
3350 519 3444 572 καὶ
3475 519 3675 591 πληροῖ
3698 523 3788 576 τοῦ

2219 602 2452 678 Πατρδς,
2470 605 2668 672 Ὀξέως
2703 607 3074 674 σκύλευσον,
3109 609 3340 676 ἀκούων,
3383 611 3606 680 ταχέως
3650 629 3792 683 προ-

2214 696 2538 766 νόμευσον.
2567 697 2772 753 Τούτου
2805 698 3050 772 θάλαμός
3077 701 3223 754 ἐστιν
3253 703 3286 773 ἡ
3321 701 3537 771 γὶῶσσά
3564 722 3666 776 μω
3694 707 3792 762 τοῦ

2215 789 2608 864 γραμματέως.
2629 789 2890 864 Ἡγνίσθη
2922 792 3029 865 γὰρ
3063 793 3212 866 αὐτῷ
3258 795 3351 849 καὶ
3389 797 3668 852 ἀνάκειται
3702 801 3796 855 κά-

2213 881 2386 951 λαμος
2413 881 2603 954 ὥσπερ
2623 882 2846 954 ὡραῖος,
2879 885 3186 958 ὡραιότερα
3213 887 3437 958 γράφων
3464 890 3572 943 τῶν
3601 892 3671 945 τὰ
3699 877 3808 946 ἀνέ

2215 974 2463 1046 θρὼπινα
2504 975 2749 1047 δόγματα
2797 977 3171 1051 κρατυνόντων
3217 981 3453 1050 ποιητῶν
3497 984 3594 1037 καὶ
3641 984 3796 1053 λογο-

2213 1071 2460 1144 γράφων.
2481 1069 2606 1124 Ἐὰν
2629 1069 2794 1125 ὲθξσω
2824 1073 2918 1126 καὶ
2942 1071 3042 1136 τὰς
3058 1072 3207 1142 ὄψεις
3237 1074 3310 1146 μὴ
3339 1074 3626 1147 ἐπιθυμεῖν
3645 1077 3798 1149 ὧρας

2215 1164 2504 1236 σωμάτων,
2543 1163 2678 1236 μηδὲ
2713 1165 3012 1237 τέρπεσθαι
3037 1165 3187 1228 θέαις
3215 1167 3536 1238 ἀσχήμοσιν,
3565 1169 3700 1223 ἀλλὰ
3731 1174 3798 1225 τὰ

2212 1255 2327 1310 ἄνω
2357 1259 2730 1328 περισκοπεῖν,
2751 1257 3037 1326 ἁγνεύουσι
3063 1257 3154 1312 καὶ
3180 1260 3228 1312 οἱ
3255 1258 3518 1330 ὀφθαλμοὶ
3549 1261 3640 1314 καὶ
3661 1264 3797 1316 ἀνά-

2212 1366 2420 1403 κεινται
2451 1348 2529 1420 τῷ
2556 1350 2764 1422 Κυρίῳ.
2785 1349 2930 1415 Ἐὰν,
2957 1349 3026 1404 τὰ
3056 1345 3172 1406 ὦτα
3192 1352 3440 1422 φράξασα
3461 1354 3567 1407 ἀπὸ
3586 1355 3797 1426 ducet;-

2214 1439 2341 1511 μίας
2368 1441 2462 1494 καὶ
2491 1441 2858 1514 ψιθυμσμῶν,
2890 1443 3220 1498 ἀναπετάσω
3247 1444 3389 1516 λόγῳ
3415 1445 3570 1510 Θεοῦ,
3603 1448 3800 1518 φοιτῶ-

2213 1549 2281 1586 σα
2313 1531 2465 1604 παρὰ
2509 1536 2712 1603 σοφοῖς,
2752 1535 3078 1590 ἁνατέθεικα
3127 1537 3222 1591 καὶ
3252 1537 3348 1602 τὰς
3378 1538 3544 1604 ἀκοὰς
3569 1541 3648 1610 τῷ
3675 1543 3796 1594 Ku-

2212 1624 2327 1695 ρέῳ.
2349 1623 2474 1678 Ἐὰν
2525 1626 2922 1698 ἀποστήσωμαι
2972 1627 3072 1692 τὰς
3114 1632 3302 1701 χεῖρας
3331 1630 3437 1683 ἀπὸ
3465 1631 3793 1703 καπηλείας,

2211 1715 2318 1768 ἀπὸ
2369 1718 2766 1790 μεταπράσεως
2793 1719 2930 1790 (77),
2985 1720 3095 1774 ἀπὸ
3143 1721 3629 1794 φιλοχρημοσύνης,
3679 1726 3796 1779 ἀπὸ

536 1809 699 1850 aures
725 1794 977 1852 Domino.
1011 1795 1068 1851 Si
1115 1811 1310 1852 manus
1343 1812 1373 1849 a
1405 1796 1547 1866 turpi
1579 1804 1633 1851 et
1657 1797 1877 1852 sordida
1918 1798 2102 1853 nundi-

2212 1777 2576 1879 aqu'rtopoii',
2607 1777 2901 1878 dyvsi'ao‘uct'
2915 1777 3010 1865 ita!
3031 1813 3086 1866 αἱ
3109 1777 3443 1885 χεῖρες
3463 1777 3798 1885 enters;

536 1889 781 1951 natione,
816 1889 1260 1958 cauponariaque
1291 1903 1354 1942 ac
1385 1887 1662 1944 institoria
1698 1897 1835 1954 arte,
1870 1890 1938 1945 ab
1981 1905 2111 1945 ava-

535 1981 684 2041 ritia,
709 1997 740 2035 a
764 1983 1120 2052 percussione
1148 1991 1398 2038 avertero
1431 2001 1447 2042 :
1479 1995 1647 2040 casta:
1677 1993 1805 2040 sunt
1831 1994 1884 2039 et
1916 2000 2112 2041 manus

535 2083 603 2126 ac
628 2069 734 2127 Deo
762 2072 977 2128 dicata).
1027 2072 1084 2128 Si
1120 2071 1430 2129 facultatem
1463 2076 1746 2146 gradiendi
1789 2076 2112 2146 cohibuero,

539 2178 611 2218 ne
638 2179 923 2233 perversae
947 2164 1165 2220 incedat
1190 2166 1338 2232 vias;
1372 2167 1538 2237 pedes
1559 2168 1722 2224 etiam
1755 2169 2109 2224 consecravi:

542 2268 652 2308 non
685 2254 753 2310 ad
786 2255 925 2319 fora,
955 2273 1065 2313 non
1100 2257 1165 2313 ad
1191 2259 1502 2313 convivales
1531 2270 1707 2314 cmlus
1739 2268 1832 2313 aut
1882 2260 2113 2316 choreas

542 2346 768 2412 vadens,
795 2350 886 2404 tibi
920 2350 1116 2419 perditi
1146 2350 1339 2418 judicii
1378 2351 1625 2406 homines
1658 2359 1981 2418 versantur;
2017 2367 2110 2405 ve-

535 2455 657 2494 rum
679 2456 777 2495 eos
809 2442 1098 2504 adhibens,
1137 2449 1194 2494 ut
1229 2442 1447 2497 virtutis
1475 2441 1681 2512 aliquid
1710 2442 1987 2512 impleam,
2013 2443 2108 2498 Dei

530 2533 811 2602 quidpiam
844 2533 1226 2588 mandaturum
1257 2542 1546 2603 prmstans.
1585 2533 1727 2600 Quid
1766 2533 1877 2604 jam
1912 2543 2104 2598 restat,

535 2625 581 2678 si
603 2635 658 2678 et
681 2624 844 2678 corde
876 2632 1028 2677 casta
1053 2625 1178 2686 sim.
1207 2641 1398 2680 omnes
1427 2626 1575 2681 illius
1611 2625 1976 2696 cogitationes
2002 2627 2107 2680 Do-

532 2717 682 2770 mino
705 2731 1038 2772 consecrans
1072 2735 1085 2772 :
1115 2717 1250 2771 nihil
1276 2718 1478 2772 malum
1502 2727 1681 2773 mente
1709 2735 1944 2782 verscm,
1969 2719 2106 2774 nihil

2211 1899 2272 1952 τὸ
2302 1902 2620 1973 πορευτικδν
2646 1901 3087 1976 διεστραμμένας
3116 1905 3267 1970 ὁδοὺς
3303 1905 3648 1978 πορεύεσθαι,
3665 1909 3800 1962 ἀνα-

2210 1988 2432 2044 τέθεικα
2465 1992 2558 2045 καὶ
2585 1995 2710 2058 τοὺς
2739 1993 2929 2058 πόδας,
2963 1995 3064 2048 οὐκ
3089 1998 3168 2059 εἰς
3195 1996 3515 2068 δικαστήρια
3542 2001 3638 2052 καὶ
3668 1999 3796 2055 0ιά-

2216 2099 2341 2147 σους
2373 2085 2772 2157 παρερχομένη,
2807 2087 2891 2141 ὅθι
2922 2087 3112 2161 ἄνδρες
3141 2089 3471 2162 ἁλιτροδίκαι
3506 2092 3618 2162 (78)
3649 2094 3798 2146 τελέο

2217 2173 2429 2229 θουσιν·
2464 2176 2578 2231 ἀλλ’
2612 2179 2691 2241 εἰς
2720 2178 2782 2231 τὸ
2815 2180 3159 2251 κατορθῶσαι
3208 2182 3544 2255 πληρώσασά
3588 2203 3639 2239 τι
3681 2187 3797 2241 τῶν

2219 2268 2464 2322 ἐντολῶν.
2501 2269 2567 2322 Τί
2618 2287 2706 2340 μοι
2752 2269 2957 2337 λοιπὸν,
2988 2272 3083 2326 ἐὰν
3111 2273 3372 2344 διαγνεύω
3403 2277 3496 2331 καὶ
3528 2278 3626 2349 τὴν
3653 2295 3793 2352 καρο

2213 2358 2354 2420 δίαν,
2390 2360 2567 2423 πάσας
2602 2361 2703 2424 τὰς
2741 2361 3043 2435 διανοήσεις
3068 2365 3236 2436 αὐτῆς
3270 2367 3528 2423 ἀναθεῖσα
3559 2370 3753 2441 Κυρίῳ
3777 2387 3791 2400 ·

2215 2449 2413 2519 φαῦλον
2439 2453 2592 2505 οὐδὲν
2631 2453 3027 2528 διαλογίζομαι,
3061 2457 3228 2526 τῦφος
3250 2460 3347 2513 οὐκ
3378 2460 3795 2531 ὲμπολιτεύεται

2211 2542 2307 2596 καὶ
2337 2542 2474 2614 ὀργὴ
2503 2543 2633 2616 παρ’
2663 2546 2785 2616 ὲμοξ
2803 2563 2817 2577 ο
2851 2547 2942 2601 τὸν
2971 2549 3132 2620 νόμον
3164 2550 3261 2605 καὶ
3293 2553 3349 2604 ἐν
3371 2552 3554 2623 ἡμέρᾳ
3582 2552 3796 2623 μελετῶ

2212 2633 2418 2706 Κυρίου
2477 2635 2572 2689 καὶ
2625 2638 2682 2690 ἐν
2743 2640 2934 2706 vox-cl;
2992 2643 3101 2696 Καὶ
3155 2642 3297 2696 τοῦτ’
3347 2641 3463 2696 ἔστι
3507 2642 3798 2712 Μεγάλην

2209 2723 2458 2793 ἁγνείαν
2481 2726 2795 2797 ἁγνεῦσαι,
2821 2732 3098 2802 μεγάλην
3119 2733 3452 2804 εὐξάμενον
3469 2733 3681 2804 εὐχήν.

531 2825 598 2868 ex
644 2812 830 2866 saeculi
891 2828 993 2868 usu
1039 2813 1222 2867 animo
1252 2822 1528 2884 reputem;
1574 2815 1619 2868 si
1674 2829 1841 2885 penes
1875 2829 1962 2870 me
1995 2831 2104 2872 non
2131 2821 2410 2889 superbia,
2440 2837 2548 2877 non
2581 2823 2862 2880 iracundia
2894 2827 3000 2881 vim
3054 2829 3218 2883 ullam
3275 2829 3546 2894 obtineat;
3602 2827 3648 2882 si
3708 2826 3798 2880 le-

529 2923 650 2977 gem
674 2905 886 2960 Domini
914 2906 1148 2963 interdiu
1181 2923 1244 2962 ac
1268 2917 1433 2962 noctu
1460 2905 1694 2964 medite?
1749 2907 1863 2964 Hoc
1907 2912 2130 2966 demum
2159 2895 2266 2978 est,
2302 2913 2555 2987 Magnam
2600 2919 2904 2989 casti/icore
2943 2922 3336 2987 castimoniam,
3380 2939 3496 2976 eum
3541 2920 3632 2992 qui
3671 2936 3799 2972 nta-

526 3019 688 3078 gmim
717 3013 892 3057 votum
926 3005 1298 3074 nuncupaverit
1319 3006 1386 3060 θ’.

603 3181 645 3214 ’⁷
688 3178 802 3235 Ita.
840 3197 959 3245 \‘lll,
995 3181 1044 3236 Ι.
1123 3181 1169 3213 ⁸³
1211 3179 1376 3236 Eccli.
1433 3197 1510 3245 Vl,
1539 3179 1628 3235 36.
1715 3181 1760 3212 ”
1797 3179 1960 3236 Nam.
1998 3199 2070 3246 vr,
2109 3183 2157 3237 Ι.

529 3368 686 3424 velox
717 3371 746 3422 ὁ
777 3367 950 3435 Λόγος
983 3367 1056 3422 sit
1090 3385 1102 3421 :
1137 3367 1180 3422 si
1216 3376 1397 3421 tamen
1432 3367 1535 3421 hoc
1564 3368 1638 3422 ita
1673 3367 2106 3439 decoquendum,
2135 3375 2179 3434 c

530 3454 631 3510 nec
668 3441 978 3493 scribarum
1007 3448 1169 3510 putre
1209 3439 1462 3510 mendum
1492 3439 1960 3510 existimandum,
2009 3444 2104 3510 qui

529 3507 842 3564 fallentibus
875 3509 1050 3562 oculis
1096 3523 1190 3577 pro
1221 3507 1452 3579 Πατρὸς.
1490 3509 1808 3579 Πνεύματος
1850 3507 2101 3578 legerint,

527 3580 804 3636 levissima
831 3580 1021 3632 harum
1054 3593 1246 3632 vacum
1277 3580 1628 3649 distinctione
1654 3580 1705 3632 iu
1731 3595 1861 3634 mss.
1891 3595 1952 3633 ac
1979 3596 2105 3649 pro-

525 3651 655 3705 clivi
692 3666 899 3709 errore.
934 3650 1037 3702 nisi
1070 3651 1192 3718 quis
1215 3649 1324 3710 τόν,
1357 3657 1410 3702 et
1435 3648 1555 3719 τόρ.
1586 3649 1787 3718 quibus
1824 3653 1876 3702 in
1904 3648 1990 3705 eis
2016 3651 2102 3706 di-

529 3724 725 3776 stinetc
756 3725 1052 3790 pinguntur
1085 3734 1296 3776 summa
1329 3719 1610 3784 allinitate,
1641 3720 1950 3774 attenderit.
1984 3719 2104 3774 Sic-

529 3808 635 3861 que
661 3793 798 3846 alias
834 3807 917 3844 me
955 3792 1276 3845 emendasse
1313 3790 1530 3862 tuemini
1567 3790 1827 3858 inspectis
1861 3791 2103 3862 antiquis

531 3860 692 3916 codd.
727 3865 779 3915 iu
813 3862 915 3914 hac
955 3862 1071 3929 ipsa
1107 3875 1238 3914 voce
1281 3861 1361 3912 sic
1409 3860 1749 3914 laborantia:
1786 3875 1851 3916 ac
1894 3860 2101 3916 utinam

530 3931 746 3985 illorum
804 3932 932 3983 mihi
987 3933 1128 3984 facta
1173 3931 1350 3998 copia,
1399 3931 1482 3983 vel
1525 3929 1689 3983 modo
1729 3931 1918 3987 liceret
1969 3935 2102 3988 meis

528 4003 706 4054 oculis
739 4001 981 4060 credere.
1022 4003 1114 4069 qui
1149 4000 1258 4054 falli
1290 4002 1426 4054 alios
1454 4011 1506 4055 et
1538 4000 1725 4055 fallere
1754 4017 1862 4056 non
1896 4004 2100 4057 incerta

527 4072 843 4138 conjectura
879 4071 1190 4140 intelligam.
1233 4069 1299 4122 Et
1332 4077 1478 4126 certe
1515 4073 1751 4126 alienum
1783 4088 1816 4126 a
1847 4073 2101 4130 Methodii

529 4142 894 4209 simplicitate,
926 4150 984 4193 ut
1013 4141 1158 4192 nulla
1189 4141 1396 4195 ratione
1428 4148 1576 4196 tanta
1613 4143 1701 4196 hic
1732 4158 1923 4196 vocum
1954 4145 2104 4196 enal-

531 4212 646 4278 lage
676 4213 748 4263 uti
785 4212 1034 4271 voluerit,
1073 4219 1234 4277 atque
1257 4212 1577 4278 doctrinam
1615 4216 1912 4266 obscurare
1945 4232 1956 4266 :
1997 4215 2099 4267 etsi

527 4277 674 4348 quod
713 4281 916 4334 dicitur
953 4279 1110 4333 Joan.
1142 4296 1212 4341 iv,
1245 4277 1335 4337 24.
1375 4279 1612 4348 Spiritus
1650 4283 1790 4344 Deus
1825 4292 1924 4344 est,
1958 4282 2101 4336 hanc

526 4353 647 4421 ejus
678 4365 862 4404 vocem
894 4357 1077 4418 posset
1103 4363 1386 4421 excusare.
1419 4351 1579 4421 Aliud
1616 4361 1700 4406 est
1735 4353 1878 4421 quod
1907 4362 2100 4406 auctor

527 4418 830 4492 _I_mperfecti
866 4421 1127 4489 Spiritum
1159 4419 1211 4492 in
1235 4418 1463 4492 Domini
1498 4418 1876 4492 conceptione,
1921 4424 2097 4492 ipsum

528 4487 763 4545 Vettium
784 4487 1036 4558 exponat,
1067 4489 1211 4557 quod
1234 4489 1410 4558 ipsum
1438 4506 1466 4542 a
1494 4505 1552 4543 se
1577 4487 1781 4559 Virgini
1807 4487 2101 4546 obumbra-

524 4559 664 4613 verit
695 4563 852 4630 eique
893 4563 1288 4625 supervenerit,
1339 4560 1535 4628 suique
1584 4571 1778 4614 auctor
1818 4564 2002 4630 templi
2034 4577 2098 4616 ac

525 4631 835 4700 corpusculi
875 4630 1037 4684 fuerit
1069 4648 1082 4684 :
1114 4644 1423 4700 quamquam
1469 4631 1582 4699 ipsa
1623 4632 1828 4685 fabrica
1873 4640 1928 4686 et
1967 4634 2096 4686 cﬂ'e-

526 4698 654 4777 ctio',
687 4703 856 4777 ipsius
887 4701 1106 4777 dcitatis
1125 4716 1189 4777 ορ
1212 4698 1653 4777 Trinitatisopns
1685 4709 1800 4766 est;
1837 4717 2094 4777 llOl_l_pl‘0-
2124 4717 2171 4777 ι)

527 4773 645 4842 pria
685 4770 776 4825 aut
809 4770 992 4835 Verbi,
1025 4779 1117 4824 aut
1149 4770 1386 4842 Spiritus
1421 4788 1434 4822 :
1471 4775 1664 4825 merito
1695 4779 1879 4825 tamen
1917 4770 2092 4826 verbo

526 4840 894 4913 appropriata,
930 4850 987 4896 ut
1033 4844 1088 4896 in
1132 4857 1240 4911 quo
1284 4840 1442 4894 Pater
1473 4843 1672 4896 condat
1697 4843 1880 4895 omnia
1928 4851 1988 4895 ut
2038 4843 2093 4898 in

528 4929 700 4984 pruna
743 4913 1088 4985 liatione;in
1119 4915 1224 4981 qua
1267 4920 1325 4964 ut
1369 4913 1596 4985 primus,
1629 4913 1702 4985 ita
1731 4920 1786 4985 et
1817 4913 2090 4985 secundus

518 4982 698 5038 Adam
730 4982 985 5038 conditus
1017 4982 1353 5053 intelligatur
1385 4999 1398 5034 :
1432 4984 1629 5052 quippe
1650 4983 1846 5037 divinae
1875 4983 2090 5052 sapien-

518 5057 612 5108 tia:
639 5056 897 5110 eximium
941 5067 1079 5121 opus
1126 5069 1190 5106 ac
1239 5053 1532 5123 singulare,
1565 5068 1670 5108 non
1705 5053 1888 5108 minus
1923 5070 2085 5123 quam

520 5125 808 5183 bonitatis.
837 5123 1048 5178 ratione
1081 5126 1238 5190 cujus
1269 5121 1493 5191 Spiritui
1523 5133 1713 5178 sancto
1739 5121 2086 5178 communitis

519 5197 662 5248 solet
701 5193 1076 5265 appropriari.
1101 5191 1389 5265 COIBE‘EIS.
1418 5224 1486 5234 —
1526 5194 1633 5248 Τοῦ
1673 5195 2016 5263 [Ir-stipatoq-
2052 5199 2086 5249 ό

521 5263 1176 5337 ᾼόγος.Ἠίο⁷ΙοεεῐιιΙιιιιι
1213 5263 1305 5337 τοῦ
1339 5265 1549 5337 Πατρὸς
1574 5267 1602 5317 ὁ
1631 5266 1819 5337 Λόγος,
1864 5265 2084 5337 Verbum

529 5333 731 5401 Patris,
767 5333 964 5390 statuit
1009 5335 1358 5388 doctissimus
1393 5333 1646 5389 Mairantts
1679 5336 1746 5388 ad
1779 5334 1978 5391 Jttstini
2011 5335 2080 5392 Μ.

525 5403 809 5475 Dialogam
843 5421 965 5475 cum
1010 5405 1301 5475 Tryphone.
1342 5404 1370 5472 §
1410 5407 1495 5461 50.
1529 5405 1676 5475 Sa’pe
1697 5406 1856 5468 enim,
1890 5406 2083 5475 inquit,

521 5474 768 5529 errarunt
804 5474 1008 5547 librarii
1051 5474 1105 5527 in
1147 5476 1227 5528 Itis
1275 5477 1480 5547 vocibus
1509 5474 1721 5546 Πατρός
1757 5488 1804 5529 et
1834 5474 2084 5547 Πνεῦμα-

525 5548 811 5617 τοςνᾳαὶα
836 5544 1054 5617 breuiter
1082 5547 1290 5614 scripta:
1319 5548 1386 5597 ad
1415 5545 1550 5599 hunc
1578 5544 1785 5600 modum
1813 5563 1918 5617 πρς
1951 5544 2081 5608 πνς,

525 5615 817 5685 cluullth
839 5614 1184 5685 suut._Atque
1211 5617 1440 5681 hujusce
1469 5619 1630 5667 errati
1645 5614 1918 5685 exempla,
1945 5631 2084 5685 pra:-

527 5698 612 5740 ter
645 5688 747 5756 hoc
778 5682 1198 5747 Methodianum,
1226 5701 1291 5738 ex
1321 5686 1536 5738 Justino
1570 5697 1619 5737 et
1644 5682 1872 5740 Tatiano
1898 5682 2086 5756 depro-

529 5761 641 5813 mit.
674 5755 842 5810 Gut.

2280 3369 2394 3442 (77)
2436 3370 2570 3425 Ἇπὸ
2595 3369 3040 3439 μετωρὰσεως.
3091 3369 3234 3425 Bene
3275 3369 3384 3424 Leo
3410 3368 3662 3433 Allatius,
3696 3371 3794 3426 ia-

2209 3444 2424 3497 stitoria
2480 3442 2850 3511 negotiatione,
2887 3444 3041 3508 quasi
3088 3443 3491 3504 revenditione;
3532 3455 3638 3510 qtta
3688 3455 3795 3498 res

2207 3515 2368 3567 vilius
2396 3509 2587 3580 empta:
2607 3512 2770 3579 paulo
2798 3509 3022 3566 charius
3039 3519 3273 3566 veneunt
3297 3530 3309 3566 :
3340 3526 3461 3582 quae
3492 3509 3614 3582 ipsa
3635 3526 3793 3565 nun-

2203 3583 2412 3638 dinatio
2447 3583 2774 3651 quandoque
2805 3582 2941 3651 reip.
2975 3583 3284 3637 necessaria
3318 3581 3381 3635 ac
3413 3581 3642 3651 civitati,
3679 3597 3791 3650 po-

2205 3661 2440 3721 testque,
2494 3652 2655 3706 modo
2689 3650 2842 3704 absit
2893 3650 3069 3715 fraus,
3120 3653 3350 3706 honesto
3391 3650 3516 3705 inde
3557 3651 3788 3716 lucello,

2201 3735 2304 3792 pro
2337 3723 2620 3777 industria:
2665 3722 2895 3785 ratione,
2942 3724 3078 3776 citra
3121 3737 3334 3777 omnem
3374 3723 3589 3790 culpam
3616 3736 3791 3776 exer-

2203 3795 2355 3849 ceri:
2387 3793 2489 3863 etsi
2517 3793 2713 3863 minus
2733 3792 2921 3846 deceat
2953 3793 3241 3863 virginem,
3276 3807 3396 3862 quae
3425 3801 3538 3844 tota
3570 3806 3790 3856 sponso

2203 3864 2409 3919 haerere
2457 3862 2649 3924 debet,
2705 3861 2890 3930 illique
2925 3861 3139 3917 addicta
3181 3877 3302 3916 esse
3342 3863 3429 3915 cui
3464 3871 3550 3915 est
3581 3877 3790 3918 conse-

2202 3943 2372 3989 crata.
2407 3933 2708 3993 Possinius,
2745 3950 2776 3984 a
2814 3933 3008 4002 plagio.
3047 3934 3113 3986 At
3143 3940 3402 4001 quantum
3439 3939 3495 3984 ut
3525 3933 3675 4001 virgo
3707 3949 3786 3986 ac

2240 4006 2379 4058 uella
2413 4018 2442 4056 a
2479 4019 2537 4058 se
2565 4004 2801 4072 plagiutn
2833 4005 3194 4073 deprecetur?
3220 4004 3335 4054 Alia
3369 4002 3530 4069 hujus
3553 4006 3785 4070 generis

2240 4021 2379 4058 uena
2413 4021 2442 4056 a
2479 4021 2537 4058 se
2565 4021 2801 4072 plagiuu:
2833 4021 3193 4073 deprecetur:
3220 4021 3335 4054 nua
3369 4021 3530 4069 unjus
3553 4021 3781 4070 generis

2200 4021 2481 4130 Romilium
2525 4075 2780 4143 proclivia
2828 4075 3058 4127 crimina
3090 4083 3251 4143 atque
3290 4073 3448 4134 vitia;
3504 4087 3605 4143 nec
3658 4081 3781 4128 tam

2200 4145 2356 4214 longe
2389 4147 2505 4214 viro
2526 4141 2713 4197 'docto
2754 4144 3138 4199 arcessendum
3167 4141 3432 4212 plagiam,
3478 4141 3642 4209 cujus
3672 4145 3782 4214 ivix

2198 4212 2350 4269 notio
2381 4216 2433 4268 in
2469 4212 2752 4273 feminam,
2777 4229 3005 4283 eamque
3039 4213 3240 4268 (Lhristi
3270 4214 3544 4280 virginem.
3581 4213 3780 4283 cadat.

2199 4285 2348 4360 Multi
2378 4285 2437 4360 in
2471 4299 2587 4353 rep.
2621 4285 2887 4360 plagLiarii,
2920 4280 3346 4360 sius-carpant
3377 4294 3570 4360 omnes
3597 4280 3784 4360 hujus

2198 4356 2422 4430 sceleris
2451 4353 2692 4430 notandi.
2723 4353 2892 4424 Piagii
2924 4353 3131 4430 crimen
3165 4353 3268 4416 est,
3291 4353 3556 4430 caurquis
3582 4353 3781 4430 sciens

2199 4425 2472 4480 hominem
2525 4425 2775 4486 liberum,
2827 4422 2924 4477 aut
2972 4425 3207 4479 alienum
3257 4422 3584 4490 mancipium
3641 4424 3780 4478 dolo

2197 4499 2341 4549 malo
2394 4496 2598 4555 vendit.
2651 4498 2803 4555 euut,
2855 4498 3040 4555 donat,
3088 4497 3226 4549 celat
3259 4494 3560 4546 :translata
3601 4493 3776 4547 etiam

2197 4581 2301 4620 vox
2332 4582 2361 4619 a
2393 4566 2636 4619 Martiale
2681 4564 2748 4618 ad
2801 4565 3062 4619 librorum
3113 4568 3279 4623 fures.
3324 4563 3468 4630 quod
3506 4569 3559 4615 et
3595 4566 3772 4630 ipsos.

2199 4637 2356 4706 quasi
2389 4637 2586 4690 liberos
2629 4636 2885 4706 habeant,
2929 4650 3158 4704 quorum
3191 4633 3336 4688 curis
3356 4635 3553 4702 ingenii
3573 4646 3773 4703 partus

2198 4705 2551 4778 sublatisunt
2581 4714 2744 4778 atque
2769 4705 3270 4778 editi.‘Coune-rts._
3394 4771 3405 4778 _
3492 4770 3556 4778 __
3617 4767 3648 4778 η

2265 4776 2377 4848 (78)
2409 4767 3072 4848 Ἀνδρείάλιτροδίκᾳα
3109 4773 3275 4848 Quasi
3303 4771 3512 4848 scelesti
3527 4767 3766 4848 judices,

2194 4841 2320 4918 ntali
2349 4841 2633 4918 censores,
2654 4846 2765 4918 qui_
2778 4841 2888 4918 non
2919 4847 3072 4918 vitio,
3105 4841 3638 4918 sedAvit‘tutrdicatu
3675 4842 3766 4891 in-

2192 4916 2370 4988 ferant
2401 4923 2456 4970 et
2492 4912 2698 4984 pietati.
2733 4915 2824 4988 Sic
2859 4915 2989 4988 mihi
3032 4931 3130 4988 pro
3166 4914 3286 4988 ejus
3329 4912 3480 4988 vocis
3520 4912 3765 4988 novitate

2190 4983 2907 5059 similiqueJcompositione
2937 4986 2992 5059 in
3020 4983 3340 5059 ἁλιτρὸᾷιος,
3375 4983 3605 5059 aliisque
3635 4983 3764 5059 ejus

2189 5051 2424 5130 generis.
2451 5051 2694 5130 ﬂincque
2723 5058 2859 5130 forte
2885 5054 3104 5130 ϐιάσους
3127 5051 3350 5123 Ῑιιάἰοὶὶε
3367 5051 3616 5130 iunxerit
3639 5051 3769 5117 (pro

2187 5122 2313 5196 ejus
2330 5128 2505 5182 aetatis
2526 5122 2756 5195 ratione)
2783 5122 3435 5193 carcinonias’cwtusque
3453 5122 3766 5188 intelligens

2194 5198 2247 5251 in
2283 5200 2541 5268 honorem
2590 5199 2838 5268 deorum,
2869 5211 3032 5268 quos
3073 5196 3277 5268 Christi
3326 5198 3477 5268 virgo
3523 5205 3767 5268 inaratae

2190 5271 2362 5322 vitare
2401 5267 2616 5330 debeat,
2660 5277 2713 5321 et
2750 5267 2805 5319 in
2833 5264 2925 5320 eis
2945 5264 3305 5335 ἀλιτροδίκας,
3339 5264 3766 5318 scelestissimos

2186 5340 2402 5407 jndices
2434 5352 2497 5390 ac
2538 5351 2815 5407 censores,
2855 5337 2947 5407 qui
2981 5337 3474 5407 daemonumsacra
3507 5344 3602 5400 pro
3628 5343 3766 5382 vero

2192 5403 2284 5463 llei
2309 5403 3100 5481 cultuusurpandasu‘adeant.
3123 5403 3374 5460 Geniales
3392 5403 3559 5481 etiam
3575 5408 3678 5481 etet
3691 5415 3766 5452 us

2189 5495 2284 5533 seu
2315 5471 2630 5532 convivales
2663 5484 2718 5548 et
2759 5475 2991 5540 choreae,
3027 5491 3216 5548 parum
3242 5489 3398 5548 aequa
3428 5471 3760 5548 virginibus,

2191 5550 2577 5620 hominumque
2600 5551 2653 5600 in
2674 5547 2754 5620 eis
2777 5556 3157 5620 corruptorum
3178 5546 3412 5620 judicia;
3436 5557 3555 5620 quae
3570 5546 3765 5620 omnia

2192 5611 2507 5673 Methodius'
2533 5617 2816 5686 complecti
2867 5611 3042 5687 potuit
3085 5629 3151 5669 ea
3179 5611 3337 5670 vocis
3376 5611 3758 5682 amplitudine.

2186 5688 2472 5744 COIBU‘IS.
