3964 6226
264 221 373 280 109
1356 225 1744 285 εοΝνιγιωι
1782 227 1842 283 Dl

1945 227 2012 283 ibi
2052 227 2408 286 VIRGINUII.
3401 232 3502 288 HO

261 340 425 410 μετὰ
459 337 528 393 τὸ
557 339 989 410 θυσιαστήριον
1029 340 1097 396 τὸ
1134 346 1731 415 περικεχαλκωμένον
1766 348 1842 412 εις

1953 346 2229 403 balantem
2256 347 2485 405 Domino
2512 366 2526 404 :
2559 346 2749 405 Facies
2769 349 2935 413 enim,
2958 349 3217 421 inquit",
3239 351 3363 406 mihi
3390 362 3506 421 post

270 429 353 486 τὰ
380 430 862 501 ὁλοκαυτώματα,
885 425 934 500 ᾧ
960 433 1372 505 ἀνεκομίζΜο
1402 440 1461 491 al
1489 436 1842 506 προσφοραί,

1955 439 2124 495 altare
2149 442 2541 496 circumtectum
2568 459 2691 506 tere.
2718 442 2786 496 ad
2807 443 3115 499 holocausta
3133 460 3236 514 quo
3259 444 3508 514 deferun-

274 521 437 577 ἀλλο
455 523 885 593 θυσιαστήριον
909 526 977 592 ἐξ
1004 525 1293 594 ἁσήπτων
1315 526 1537 592 ξύλων,
1562 528 1660 582 καὶ
1678 544 1842 582 καταε

1953 541 2043 587 tur
2081 533 2393 598 oblationes,
2419 534 2568 590 aliud
2596 535 2767 590 altare
2802 552 2866 591 ea:
2894 536 3305 606 imputribilibus
3327 538 3504 607 lignis,

273 610 615 680 χρυσώσεις
653 614 799 668 αὐτὸ
839 617 1089 685 χρυσίῳ,
1121 616 1219 671 καὶ
1259 617 1474 685 δώσεις
1508 616 1654 672 αὐτὸ
1700 616 1842 672 ἀπέ-

1951 634 2001 679 et
2027 624 2310 681 deaurabis
2332 625 2467 680 illud
2497 644 2648 691 auro,
2679 636 2729 681 et
2761 627 2911 681 dabis
2942 626 3077 681 illud
3127 628 3181 681 in
3234 639 3508 697 conspectu

269 720 448 757 ναντι
479 705 586 759 τοῦ
614 708 1158 778 καταπετάσματος,
1194 709 1299 763 τοῦ
1322 710 1419 763 ἐπὶ
1450 708 1561 777 τῆς
1595 709 1841 764 κιϐωτοῦ

1952 716 2070 781 veli,
2101 716 2237 787 quod
2266 727 2343 772 est
2381 735 2537 788 super
2590 736 2770 773 arcam
2810 720 3112 784 testimonii,
3164 728 3285 775 ante
3318 720 3508 790 faciem

268 795 381 851 τοῦ
411 799 741 866 μαρτυρίου
773 798 922 853 κατὰ
966 803 1287 869 πρόσωπον
1325 801 1430 856 τοῦ
1472 802 1842 870 ίλαστηρίου,

1948 810 2330 879 propitiatorii,
2366 809 2503 879 quod
2532 820 2608 865 est
2650 827 2809 880 supra
2849 813 3171 875 testimonia,
3218 814 3273 867 in
3318 816 3505 883 quibus

269 886 308 940 ὅ
336 889 509 942 ἐστιν
535 889 632 942 ἐπὶ
668 889 786 944 τῶν
809 893 1166 961 μαρτυρίων,
1198 893 1268 947 ἐν
1304 890 1394 961 οἷς
1424 892 1842 965 γνωσθήσομαί

1950 899 2329 969 manifestabor
2361 902 2450 953 tibi
2484 901 2615 956 illic.
2640 901 2709 956 Et
2733 902 2959 957 adolebit
2990 921 3145 975 super
3172 905 3306 959 illud
3326 906 3508 960 Aaron

267 997 374 1034 σοι
405 982 545 1037 ἐκεῖ.
571 984 678 1037 Kal
709 984 980 1053 θυμιάσει
1008 986 1099 1039 ἐπ’
1124 985 1309 1041 αὐτοῦ
1344 986 1568 1056 Ἀαρὼν
1591 988 1842 1058 θυμίαμα

1947 991 2217 1046 incensum
2263 1003 2559 1046 aromatum
2592 1011 2762 1058 mane,
2813 994 3021 1066 quando
3066 996 3391 1051 concinnabit
3425 996 3511 1051 lu-

268 1072 597 1142 ἀρωμάτων
626 1074 696 1127 ἐν
724 1075 891 1142 πρωῒ,
929 1075 1026 1130 ὅτε
1051 1078 1317 1148 ἁγαθύνῃ
1351 1078 1492 1146 τοὺς
1538 1081 1842 1149 λύχνους·

1950 1100 2134 1139 cernas
2173 1099 2192 1138 :
2238 1084 2467 1139 adolebit
2519 1102 2674 1156 super
2715 1086 2850 1140 illud
2891 1088 3160 1141 incensum
3200 1105 3398 1157 semper
3450 1089 3507 1145 in

266 1164 553 1234 θυμιόσει
595 1168 687 1220 ἐπ’
728 1168 914 1222 αὑτοῦ
950 1170 1211 1240 θυμίαμα
1266 1171 1589 1239 διαπαντὸς
1644 1172 1847 1227 ἔναντι

265 1258 497 1324 Κυρίου
522 1261 609 1325 εὶς
635 1258 741 1326 τὰς
767 1261 975 1331 γενεὰς
1017 1261 1183 1332 ὑμῶν
1205 1280 1219 1293 υ
1265 1264 1377 1318 οὐκ
1405 1264 1710 1319 ἀνοίσεται
1750 1265 1844 1318 ἐπ’

263 1346 459 1403 αὑτοῦ
487 1351 743 1421 θυμίαμα
765 1354 1085 1421 ἀλλότριον
1128 1353 1228 1408 καὶ
1274 1356 1677 1426 όλοκαύτωμα.
1732 1358 1842 1411 Θυ-

263 1441 419 1494 σίαν
443 1439 545 1495 καί
572 1441 853 1512 σπονδὴν
877 1446 949 1499 οὐ
974 1444 1289 1499 σπείσεται
1315 1445 1409 1500 ἐπ’
1438 1446 1645 1503 αὐτοῦ.

1951 1184 2227 1245 conspectu
2248 1175 2462 1230 Domini
2491 1178 2543 1230 in
2564 1179 2918 1247 generationes
2954 1187 3150 1233 vestras
3193 1195 3210 1234 :
3240 1196 3342 1234 non
3376 1179 3506 1248 infe-

1952 1279 2030 1323 ret
2067 1285 2220 1338 super
2246 1268 2377 1323 illud
2397 1270 2664 1324 incensum
2688 1270 2917 1325 alienum
2938 1281 2987 1327 et
3011 1271 3391 1331 holocaustum.
3410 1270 3507 1329 Sa-

1950 1362 2210 1431 cri/icium
2232 1370 2280 1416 et
2303 1361 2526 1416 libamen
2555 1379 2659 1417 non
2692 1361 2874 1417 libabit
2906 1378 3058 1432 super
3080 1364 3268 1433 ipsum.

931 1582 1064 1638 CAP.
1096 1582 1208 1640 VII.
1243 1583 1502 1653 Ecclesia,
1533 1586 1708 1642 media
1733 1589 1871 1643 inter
1901 1587 2090 1659 legales
2119 1587 2334 1643 umbras
2358 1598 2412 1643 vet
2436 1587 2555 1643 cali
2576 1590 2838 1646 veritates.

335 1721 402 1776 El
434 1720 466 1773 ό
496 1719 661 1788 νόμος
699 1720 835 1785 ἐστὶ,
867 1719 1010 1775 κατὰ
1053 1722 1145 1776 τὸν
1184 1722 1520 1789 Ἀπόστολον,
1545 1741 1834 1798 πνευματι-

2010 1722 2147 1779 Cum
2206 1723 2311 1789 lex,
2346 1724 2504 1794 juxta
2563 1725 2883 1795 Apostolum
2936 1726 3002 1791 ¹¹,
3046 1727 3347 1797 spiritualis
3406 1730 3503 1794 sit,

262 1810 385 1877 κὸς,
417 1812 529 1877 τὰς
548 1812 787 1878 εἰκόνας
813 1810 1177 1881 ἐμπεριέχων
1201 1810 1318 1866 τῶν
1328 1817 1678 1884 μελλόντων
1703 1817 1846 1887 ἀγα-

262 1902 408 1967 θῶν,
453 1904 588 1975 φέρε
619 1903 703 1975 δὴ,
737 1904 1162 1976 άπαμφιάσασαι
1203 1906 1262 1959 τὸ
1290 1906 1375 1960 ἐπ’
1404 1906 1552 1978 αὐτῷ
1585 1907 1845 1980 κάλυμμα

262 1994 363 2050 τοῦ
420 1996 770 2068 γράμματος,
818 1996 1215 2069 ἐφηπλωμένην
1265 1996 1378 2070 (82)
1426 1997 1845 2071 ἐπισκεψώμεθα

265 2090 497 2161 ῃμνῶς
552 2090 651 2161 τὴν
712 2091 1017 2164 ἀκρίϐειαν.
1078 2092 1320 2165 Μίμημα
1374 2092 1473 2163 τῆς
1520 2092 1845 2164 Ἐκκλησίας

264 2182 585 2236 ἐκελεύοντο
611 2183 879 2238 δαιδάλειν
924 2183 1163 2256 Ἑὸραῖοι
1188 2185 1288 2257 τὴν
1323 2184 1547 2256 σκηνὴν,
1575 2183 1641 2238 ἵν’
1673 2183 1846 2256 ἔχοιεν

264 2272 362 2327 διὰ
388 2272 495 2327 τῶν
525 2272 800 2345 αἰσθητῶν
825 2275 1006 2329 είκόνα
1028 2274 1135 2329 τῶν
1163 2274 1325 2330 θείων
1357 2276 1845 2349 προκαταγγέλλειν

268 2366 634 2436 πραγμάτων.
700 2367 774 2420 Τδ
795 2367 901 2440 γὰρ
937 2369 994 2421 ὲν
1034 2368 1113 2440 τῷ
1145 2368 1259 2439 ὄρει
1294 2369 1643 2441 παράδειγμα
1674 2386 1848 2442 παρε-

266 2457 482 2527 νεχθὲν,
533 2458 670 2525 πρὸς
710 2457 739 2512 ὃ
794 2460 1004 2530 βλέπων
1057 2462 1382 2532 ἐτεκτήνατο
1422 2461 1521 2532 τὴν
1572 2460 1776 2533 σκηνὴν
1817 2462 1853 2539 ὁ,

264 2550 533 2620 Μωῦσῆς,
563 2550 679 2604 ἰδέα
704 2569 788 2615 τις
824 2548 893 2624 ἦν
917 2552 1018 2623 τῆς
1043 2552 1182 2607 κατὰ
1212 2551 1303 2607 τὸν
1329 2551 1554 2623 οὐρανὸν
1582 2552 1847 2624 οἰκήσεως

262 2644 524 2716 ἀκριϐὴς,
553 2646 619 2717 ἦν
642 2647 803 2715 ἡμεῖς
833 2646 1154 2719 τρανότερον
1179 2646 1277 2717 μὲν
1299 2645 1406 2699 τῶν
1433 2645 1640 2710 τύπων,
1664 2646 1846 2715 ἀμαυ-

264 2736 496 2809 ρότερον
529 2736 588 2791 δὲ
644 2738 742 2809 τῆς
773 2737 1028 2809 ἀληθείας
1078 2736 1452 2810 θεραπεύομεν
1510 2736 1625 2791 νῦν.
1672 2732 1844 2791 Ἦλθε

260 2828 376 2902 γάρ
429 2831 727 2903 ἀκραιφνὲς
781 2832 863 2895 εἰς
901 2829 1248 2903 ἀνθρώπους,
1292 2830 1367 2894 ὡς
1399 2830 1660 2900 πέφυκεν,
1694 2828 1846 2884 οὔπω

260 2922 520 2993 τάληθὲς,
558 2923 608 2976 οἳ
644 2922 777 2994 μηδὲ
801 2921 1067 2993 βαστάσαι
1093 2924 1329 2994 φέρομεν
1354 2921 1590 2995 ἄκρατον
1611 2920 1844 2976 ἐνταῦθα

260 3014 565 3067 θεάσασθαι
617 3014 714 3084 τὴν
744 3013 1071 3085 ᾁφθαρσίαν,
1114 3012 1276 3066 ὁπότε
1320 3012 1455 3084 μηδὲ
1482 3010 1578 3077 τὰς
1611 3011 1842 3083 ἡλιακὰς

264 3107 510 3178 φέρομεν
541 3105 668 3160 ίδεῖν
681 3106 921 3170 ἀκτῖνας.
956 3104 1123 3160 Ἀλλὰ
1160 3104 1397 3159 Ἰουδαῖοι
1435 3105 1530 3176 μὲν
1559 3103 1653 3175 τὴν
1689 3104 1842 3157 σκιὰν
1869 3093 1911 3149 C

259 3200 364 3270 τῆς
392 3199 603 3263 εἰκόνος
633 3198 823 3270 τρίτην
844 3197 953 3251 ἀπὸ
980 3198 1076 3269 τῆς
1089 3196 1346 3268 ἀληθείας
1374 3195 1807 3267 κατηγγέλκασιν
1826 3210 1840 3226 ο

262 3291 431 3361 ἡμεῖς
477 3290 537 3344 δὲ
584 3291 685 3360 τήν
736 3290 920 3343 εἰκόνα
972 3290 1069 3361 τῆς
1104 3289 1222 3343 κατ’
1264 3287 1488 3361 οὐρανὸν
1530 3287 1846 3358 διοικήσεως

262 3381 519 3453 ἰναργῶς
572 3380 944 3451 ὲκθειάζομεν.
976 3380 1049 3434 Τὸ
1087 3379 1195 3453 γὰρ
1222 3378 1419 3450 ἀληθὲς
1450 3376 1693 3450 ἀκριϐῶς
1723 3378 1844 3449 μετ’

263 3476 567 3531 ἀνάστασιν
623 3474 730 3546 (83)
772 3473 1159 3546 δηλωθήσεται,
1191 3473 1355 3526 ὁπότε
1388 3472 1673 3543 πρόσωπον
1703 3469 1843 3524 κατὰ

265 3569 562 3638 πρόσωπον
604 3566 703 3639 τὴν
749 3566 909 3635 ἁγίαν
957 3566 1159 3638 σκηνὴν
1211 3564 1359 3638 (τὴν
1407 3567 1589 3619 πόλιν
1636 3563 1735 3635 τὴν
1779 3566 1836 3617 ἐν

262 3660 536 3730 οὖρανοῖς,
594 3656 669 3730 ἧς
730 3661 1005 3729 τεχνίτης
1067 3660 1164 3714 καί
1217 3657 1568 3730 δημιουργὸς
1620 3657 1830 3728 Θεὸς),

1945 1815 2201 1885 imagines
2236 1816 2503 1869 continens
2542 1815 2839 1885 futurorum
2897 1816 3173 1883 bonorum,
3204 1834 3325 1890 age,
3347 1821 3510 1878 redu-

1944 1914 2034 1961 cto
2059 1907 2202 1977 quod
2228 1908 2304 1961 illi
2334 1907 2594 1977 injectum
2628 1916 2711 1963 est
2751 1908 2871 1963 velo
2916 1908 3128 1976 litterze,
3166 1913 3508 1969 enucleatum

1945 1999 2253 2052 intueamur
2318 1999 2385 2052 ad
2440 1998 2647 2053 nudum
2707 2001 3004 2055 veritatem.
3077 1999 3509 2061 Tabernaculum

1945 2091 2090 2161 quod
2112 2091 2262 2146 vario
2285 2091 2433 2146 cultu
2462 2089 2666 2146 all'abre
2697 2106 2896 2146 ornare
2946 2090 3158 2147 Hebrai
3190 2094 3331 2163 jussi
3357 2105 3507 2162 sunt,

1945 2182 2203 2239 Ecclesia:
2231 2183 2476 2254 quadam
2517 2183 2795 2253 expressio
2816 2182 2938 2248 fuit,
2972 2191 3030 2238 ut
3057 2187 3219 2242 rebus
3247 2187 3510 2244 informa~

1944 2280 2060 2332 tum
2091 2278 2445 2334 sensibilibus
2475 2277 2735 2332 baberent
2762 2276 3138 2343 simulacrum,
3171 2294 3277 2349 quo
3325 2280 3509 2338 divina

1945 2370 2078 2424 olim
2106 2378 2367 2426 eventura
2395 2368 2653 2439 mysteria
2678 2369 3123 2439 prtennntiarent.
3148 2368 3281 2424 Nam
3303 2371 3346 2402 ¹¹
3363 2372 3510 2441 quod

1945 2469 2226 2517 ostensum
2263 2462 2316 2515 in
2347 2471 2529 2516 monte
2556 2461 2835 2531 exemplar
2864 2468 2968 2526 est,
2997 2461 3065 2516 ad
3099 2461 3242 2532 quod
3290 2462 3509 2519 intuens

1945 2552 2157 2626 Moyses
2186 2553 2594 2608 tabernaculum
2646 2551 2946 2609 fabricatus
3001 2561 3107 2618 est,
3139 2562 3328 2609 exacta
3356 2570 3507 2625 quaa-

1944 2647 2069 2702 dam
2104 2647 2226 2701 idea
2272 2655 2391 2701 erat
2441 2645 2706 2701 domicilii
2739 2646 2998 2708 cmlestis.
3025 2647 3110 2701 cui
3142 2662 3243 2702 nos
3291 2663 3509 2719 quoque

1947 2739 2227 2810 limpidius
2247 2738 2541 2805 servimus,
2596 2754 2758 2809 quam
2788 2738 2835 2795 si
2862 2739 3038 2793 adbuc
3070 2740 3126 2793 in
3164 2739 3352 2810 ﬁguris
3380 2756 3507 2797 ver-

1947 2846 2231 2897 saremur;
2286 2831 2577 2886 obscurius
2609 2838 2814 2895 tamen,
2844 2846 3005 2901 quam
3042 2832 3088 2886 si
3114 2833 3229 2902 ipsa
3263 2832 3508 2889 veritatis

1947 2925 2069 2979 luce
2094 2923 2413 2994 potiremur.
2440 2921 2682 2978 Necdum
2728 2923 2874 2978 enim
2902 2922 3019 2994 ipsa
3045 2939 3180 2994 pura
3201 2933 3255 2979 et
3286 2924 3503 2980 sincera

1945 3018 2166 3083 veritas,
2198 3017 2276 3071 uti
2300 3016 2374 3071 illi
2407 3023 2777 3087 comparatum
2805 3022 2908 3081 est,
2941 3016 3009 3071 ad
3059 3015 3311 3072 homines
3337 3017 3505 3082 venit,

1943 3110 2132 3180 quine
2181 3108 2323 3164 l'erre
2352 3108 2570 3179 quidem
2620 3108 2898 3163 valeamus
2952 3108 3191 3178 quandiu
3252 3108 3362 3163 vita
3400 3107 3506 3163 hac

1946 3200 2166 3255 mortali
2193 3200 2425 3272 agimus,
2449 3206 2509 3255 ut
2526 3214 2716 3269 puram
2753 3200 3218 3269 incorruptionem
3247 3209 3507 3256 contuea-

1945 3308 2089 3357 mur,
2122 3291 2202 3345 uti
2231 3307 2407 3361 neque
2430 3301 2489 3344 ut
2517 3290 2781 3346 micantes
2812 3289 2941 3345 solis
2964 3290 3146 3346 radios
3178 3292 3351 3347 oculis
3378 3308 3507 3363 por-

1948 3391 2147 3440 temus.
2173 3382 2346 3438 Judaei
2404 3397 2566 3452 porro
2619 3382 2863 3437 umbram
2901 3382 3173 3453 imaginis,
3222 3384 3436 3439 tertiam
3473 3400 3505 3440 a

1944 3470 2194 3536 veritate,
2229 3470 2685 3525 annuntiaverunt
2721 3487 2861 3526 :nos
2895 3487 3024 3527 vero
3047 3474 3281 3530 caelestis
3309 3475 3506 3546 guber-

1944 3565 2183 3621 nationis
2210 3563 2497 3635 imaginem
2528 3564 2676 3620 clare
2709 3564 3076 3624 celebramus.
3104 3564 3317 3623 Veritas
3351 3584 3507 3624 nam-

1939 3672 2046 3727 que
2071 3656 2193 3728 ipsa
2215 3664 2403 3713 exacte
2428 3664 2548 3726 post
2567 3656 3020 3713 resurrectionem
3047 3657 3503 3728 manifestabitur,

335 3836 389 3869 ⁸⁸
427 3836 603 3891 Exod.
632 3852 761 3901 xxx,
793 3835 909 3891 {-9.
986 3838 1026 3870 “
1069 3835 1231 3892 Hebr.
1271 3853 1323 3904 x,
1358 3836 1407 3890 l.
1488 3836 1529 3869 ¹’
1568 3834 1743 3891 Exod.
1776 3851 1902 3903 xxv,
1931 3837 2023 3892 40.

330 4003 454 4071 (82)
498 3999 984 4071 Ἑφηπλωμένην.
1015 4000 1193 4055 Codex
1238 3999 1398 4066 Maz.,
1431 3996 1840 4069 ἐφηπὶωμένον,

269 4074 415 4143 Ποά
441 4076 617 4145 magis
648 4072 985 4145 probandum
1012 4072 1245 4145 videtur,
1280 4081 1345 4145 ut_
1364 4071 1636 4145 referatur
1658 4077 1724 4127 ad
1742 4072 1843 4127 κά-

256 4142 460 4216 λυμμα
500 4160 511 4171 ·
538 4142 733 4216 ignare
762 4142 1002 4216 tollenda
1035 4152 1117 4216 est
1174 4143 1384 4216 virgula
1431 4142 1763 4216 praecedens,
1787 4152 1842 4198 et

260 4212 653 4287 interpretatio
712 4213 903 4287 Latina
954 4214 1032 4287 sic
1061 4212 1282 4271 Graecis.
1307 4214 1381 4267 ita
1432 4215 1718 4287 correctis,
1749 4228 1842 4267 ac-

258 4282 666 4340 commodanda
696 4304 709 4338 :
736 4286 860 4352 Age,
883 4282 1180 4337 reducentes
1205 4300 1493 4353 oppansum
1524 4284 1622 4350 ipsi
1654 4284 1844 4337 littera:

1944 4004 2239 4075 rectionem
2296 4004 2474 4059 dill’ert
2505 4002 2821 4075 perlectam
2847 4003 3134 4068 visionem,
3192 4013 3245 4060 et
3275 4020 3392 4073 qua:
3418 4014 3504 4062 est

1947 4074 2084 4128 facie
2112 4076 2178 4127 ad
2204 4074 2393 4129 faciem
2419 4074 2536 4145 sine
2559 4074 2953 4144 amigmatilms,
2980 4082 3033 4145 et
3061 4090 3166 4129 non
3183 4090 3246 4129 ex
3267 4083 3418 4145 parte
3438 4096 3451 4129 :
3468 4093 3499 4130 ιι

1948 4159 2054 4213 qua
2083 4146 2405 4199 immensum
2440 4144 2662 4210 distant,
2687 4160 2806 4212 qua:
2833 4144 3021 4198 tribuit
3049 4145 3332 4200 animabus
3356 4155 3498 4201 orat.

1948 4230 2003 4277 ι,
2034 4213 2179 4285 quod
2210 4215 2404 4285 visurte
2434 4213 2719 4285 θαυμαστά
2744 4231 2864 4285 τινα
2896 4216 2988 4268 καὶ
3026 4214 3371 4285 ὲκλάμποντα
3404 4218 3499 4270 καὶ

1994 4284 2194 4366 ακάρια
2227 4282 2418 4366 κάλλη,
2586 4287 2745 4338 ὁποία
2765 4284 3018 4366 ,ἐξειπεῖν
3054 4286 3135 4366 είς
3153 4282 3502 4366 ,ανθράξπους

261 4354 759 4425 «lamentantium
782 4348 966 4407 coram
993 4362 1041 4408 et
1065 4348 1301 4408 cominus
1331 4348 1603 4425 veritatem
1636 4355 1842 4425 intuea-
1870 4348 1919 4408 ι)
1944 4348 2223 4425 δυσχερές,
2265 4348 2599 4425 admirabilia
2625 4348 2864 4425 quietiam
2904 4364 2952 4407 et
2984 4353 3256 4423 splendida
3275 4348 3323 4408 et
3347 4348 3502 4409 beata

261 4442 408 4479 κατ’.
425 4423 522 4477 Eo.
542 4423 741 4478 Luna.
764 4455 834 4464 —
861 4425 1341 4494 Ἑφηπλωμένην.
1360 4424 1671 4479 Lectionem
1698 4424 1842 4478 hanc

264 4495 398 4549 Vat.
434 4496 622 4565 multis
652 4498 887 4565 exagitat
941 4492 1340 4565 editor'lmpar.
1389 4494 1842 4565 amplectiturque

260 4568 497 4646 alterum
530 4564 666 4619 Mal.
686 4574 741 4618 et
764 4564 1387 4646 Αμτιμηὲεεηπλωμένον,
1423 4564 1566 4646 quod
1621 4564 1839 4646 referat,

259 4637 328 4691 τὺ
360 4635 650 4705 κάλυμμα.
683 4636 827 4704 quod
868 4635 939 4687 ita
965 4637 1051 4688 ἐπ’
1080 4635 1247 4705 αὐτῷ,
1280 4651 1439 4704 supra
1480 4635 1639 4704 legem
1670 4636 1844 4756 expli-

260 4717 458 4756 catum
498 4716 660 4756 amne
690 4721 990 4756 expansum
1018 4705 1348 4756 intelligatur
1366 4721 1429 4756 ac
1445 4705 1677 4756 dicatur.
1716 4704 1740 4751 ἢ
1768 4704 1841 4756 ibi

260 4717 458 4762 catum
498 4704 660 4775 atque
690 4721 990 4775 expansum
1018 4704 1348 4776 intelligatur
1366 4721 1429 4759 ac
1445 4705 1677 4776 dicatur.
1716 4704 1841 4757 Mihi

262 4785 454 4831 tamen
494 4774 613 4830 Vat.
649 4774 806 4830 lectio
842 4777 1011 4843 magis
1056 4774 1334 4845 probatur.
1367 4774 1510 4845 quod
1536 4789 1598 4827 ea
1620 4790 1729 4845 vox
1753 4789 1842 4829 re-

264 4848 375 4901 lata
403 4846 472 4900 ad
498 4846 739 4899 velamen
773 4843 1326 4915 superﬂua—sinetim
1357 4843 1418 4897 τδ
1448 4846 1536 4915 ἐπέ
1571 4843 1738 4914 αὐτῷ,
1758 4845 1839 4915 vel

264 4917 554 4987 τιθέμενον
614 4917 697 4971 vel
730 4911 1004 4986 κείμενον,
1032 4924 1105 4987 ut
1164 4914 1457 4987 Apostolus
1522 4911 1839 4987 laquiturll

263 4984 403 5042 Cor.
440 5002 520 5048 Ill,
546 5001 660 5041 rem
685 4984 903 5040 aliunde
928 4986 1161 5040 declaret
1188 4984 1327 5039 :nec
1357 4985 1492 5039 alias
1522 4984 1681 5040 voces
1708 4984 1837 5039 sub-

266 5058 577 5113 intellectas
624 5058 808 5126 exigat
864 5055 1080 5125 phrasis
1120 5056 1209 5109 illa
1257 5054 1536 5126 Methodii.
1564 5054 1841 5125 Ἐξηπλω-

267 5129 443 5200 μένην
483 5128 624 5200 forte
647 5123 951 5197 scripserit.
988 5140 1105 5200 qua:
1140 5140 1242 5178 vox
1281 5124 1452 5200 magis
1484 5123 1690 5200 _Gra:ca,
1712 5140 1839 5200 nam

264 5193 499 5253 alterius
536 5197 622 5251 vix
655 5193 836 5251 exstat
886 5193 1230 5265 exemplum;
1284 5193 1658 5265 ἐφαπλώματα
1716 5195 1843 5249 Ari-

264 5211 499 5253 altertus
536 5213 622 5251 vn
655 5211 836 5251 exstat
886 5211 1034 5250 exem
1081 5211 1230 5261 tum;
1284 5211 1658 5265 εφαπιωματα
1716 5211 1835 5249 art-

264 5269 453 5337 stopb.
484 5269 539 5321 in
565 5266 821 5330 Acharn.,
850 5275 986 5320 teste
1039 5211 1230 5337 guida,
1260 5274 1417 5319 vocat
1446 5264 1788 5337 πεπλώματα
1821 5281 1835 5295 ·

261 5335 614 5404 redduntque
646 5336 915 5397 culcitras,
972 5335 1244 5406 stragulas
1277 5345 1479 5390 vestes:
1518 5335 1837 5389 tenuissima

264 5410 400 5463 item
423 5408 761 5462 indumenta.
779 5407 869 5476 pe
891 5407 1009 5460 velo
1025 5407 1166 5476 quod
1201 5405 1534 5476 obtenditur,
1556 5407 1734 5476 pmius
1759 5407 1841 5458 ὲκ-

261 5479 505 5532 πετάσαι
526 5478 747 5531 dicitur.
775 5474 986 5530 Veritas
1015 5474 1395 5540 ὲξαπλοῦσθαι,
1427 5474 1567 5529 cum
1587 5478 1701 5545 ipsa
1743 5491 1841 5529 ev-

261 5551 468 5618 plicata
500 5548 753 5617 nudaque
806 5547 1068 5601 cernitur.
1102 5545 1214 5601 Etsi
1270 5557 1398 5601 sunt
1428 5546 1543 5600 haec
1579 5547 1839 5601 minutio-

263 5636 347 5673 ιε.
374 5619 666 5673 (Io-ams.

336 5689 448 5751 (83)
468 5688 629 5743 Μετά
643 5686 999 5745 ἀνάστασιν.
1020 5685 1083 5743 Et
1098 5687 1188 5745 hic
1204 5682 1506 5746 Hetbodius
1520 5695 1642 5757 post
1657 5699 1842 5743 resur-

1942 4424 2157 4495 decora.
2191 4433 2241 4480 et
2294 4440 2409 4495 quo:
2436 4424 2731 4495 hominibus
2767 4441 2901 4494 a'gre
2930 4424 3096 4479 verbis
3128 4426 3283 4479 liceat
3336 4425 3505 4492 expli-

1943 4512 2083 4551 care.
2122 4494 2255 4550 Esse
2284 4493 2476 4563 nempe
2526 4493 2595 4548 ibi
2621 4495 2793 4564 ipsam
2815 4493 3107 4563 justitiam,
3131 4495 3304 4564 ipsam
3337 4498 3504 4549 casti-

1945 4574 2127 4635 tatem,
2189 4565 2529 4624 charitatem.
2580 4565 2861 4635 veritatem
2914 4572 2967 4620 et
3009 4566 3247 4635 reliquos
3299 4568 3507 4634 pariter

1943 4634 2262 4690 manifestos
2286 4636 2567 4705 sapientia:
2598 4634 2758 4691 ﬂores
2814 4641 2869 4689 et
2898 4634 3381 4705 stirpes.’quarutn
3416 4635 3505 4689 hic

1941 4713 2159 4759 tantum
2180 4704 2405 4759 umbras
2428 4704 2711 4765 habemus.
2734 4713 2866 4767 etc.,
2898 4704 3020 4757 nam
3050 4710 3105 4758 et
3134 4705 3268 4762 hinc.
3306 4704 3381 4758 uti
3409 4718 3503 4757 eo-

1942 4790 2062 4828 rum
2098 4775 2184 4829 bic
2236 4775 2449 4836 umbra,
2503 4782 2682 4828 creata
2731 4784 2880 4835 sunt,
2915 4774 3183 4844 primique
3241 4773 3332 4829 Dei
3375 4772 3503 4844 elle-

1941 4857 2084 4907 ctus,
2110 4846 2302 4916 purius
2356 4844 2441 4916 ibi
2461 4844 2738 4916 intellecti,
2793 4851 2847 4916 et
2874 4843 2961 4916 at
2993 4847 3255 4905 rationes.
3300 4843 3500 4916 quibus

1942 4931 2052 4970 non
2087 4912 2203 4986 ipsa
2236 4918 2290 4970 in
2320 4929 2380 4970 se
2418 4913 2507 4986 Dei
2533 4912 2770 4986 essentia
2798 4914 3032 4974 videtur,
3060 4929 3166 4986 nec
3180 4929 3308 4968 vero
3337 4912 3500 4986 Pala-

1942 4982 2193 5040 mitarum
2222 4999 2428 5047 errore,
2461 4982 2549 5037 Dei
2578 4985 2750 5038 virtus
2772 4986 3022 5040 essentia:
3044 4983 3335 5052 conjuncta
3356 4993 3412 5037 et
3432 4984 3503 5037 ab

1940 5056 2032 5110 illa
2063 5057 2343 5118 distincta,
2376 5069 2495 5123 quae
2523 5056 2593 5124 sit
2636 5054 2937 5124 multiplex.
2995 5069 3118 5108 cum
3156 5052 3395 5124 essentia
3430 5053 3503 5108 sit

1943 5140 2069 5180 una.
2125 5125 2329 5195 Nempe
2386 5121 2667 5192 multiplex
2707 5121 2987 5179 ellectibus
3016 5131 3123 5186 est,
3160 5121 3276 5192 ipsa
3301 5132 3413 5195 una
3445 5130 3502 5179 et

1942 5192 2377 5265 simplicissiina,’
2397 5200 2534 5265 utet
2553 5197 2814 5256 essentia,
2846 5208 2875 5247 a
2897 5209 3003 5265 qua
3036 5207 3204 5265 penes
3234 5192 3348 5247 sola
3368 5207 3503 5265 con-

1940 5263 2125 5319 notata
2151 5273 2205 5319 et
2255 5263 2559 5317 virtualiter
2596 5263 3319 5331 eminenter'distinguitur.
3366 5264 3504 5318 Aliis

1939 5351 2067 5404 ergo
2100 5335 2237 5390 locis
2262 5350 2420 5404 Opus,
2450 5345 2510 5388 ut
2542 5334 2845 5389 vindicetur
2879 5333 3204 5393 Methodius.
3242 5342 3296 5388 et
3315 5334 3503 5387 traba-

1941 5414 2028 5459 tur
2052 5406 2105 5476 in
2109 5406 2457 5476 sententiam
2479 5405 2840 5476 quamplongis
2863 5412 2995 5476 post,
3010 5404 3346 5476 temporibus
3377 5420 3503 5476 pro-

1942 5472 2087 5530 bavit
2108 5474 2350 5530 Ecclesia
2379 5494 2391 5529 :
2426 5472 2611 5530 videre
2638 5472 2886 5544 jam'tum
2912 5472 3135 5529 animas
3159 5473 3346 5532 Deum.
3380 5472 3504 5544 uui-

1939 5546 2209 5674 busdnibil
2232 5561 2305 5671 lex
2346 5546 2648 5618 superioris
2688 5546 2807 5601 vita:
2855 5545 2910 5603 in
2937 5559 3165 5617 corpore
3196 5555 3346 5601 reatu
3373 5558 3500 5615 pur-

1939 5632 2040 5674 uan
2085 5634 2194 5673 um.
2256 5632 2309 5674 ιδ.

1937 5632 2194 5690 ganeum.
2233 5632 2309 5674 ID.
