3964 6226
487 217 584 272 ιιι
1473 216 1531 274 S.
1575 215 1906 275 ΜΕΤΗοοΠ
1941 215 2018 272 ΕΡ

2121 215 2254 273 ΖΟΡΙ
2289 217 2379 272 ET
2417 213 2779 276 MART‘YRIS
3606 216 3712 274 ΗΞ

482 334 702 404 quando
720 333 833 406 jam
861 333 999 390 facie
1019 332 1087 388 ad
1112 331 1306 390 faciem
1346 333 1390 366 “
1442 343 1693 391 sanctum
1715 336 2018 392 tabernaeu'

2142 336 2255 391 ἀλλ’
2277 336 2339 389 οὐ
2364 335 2432 389 δι’
2461 335 2797 408 αἰνιγμάτων
2834 340 2929 392 καὶ
2959 338 3023 389 ὲκ
3056 336 3252 408 μέρους
3280 330 3711 401 ἑποπτεῦσομενο

482 440 594 495 lum
645 437 940 511 (caelestem
992 435 1247 491 nimirum
1290 436 1574 502 civitatem,
1622 438 1775 507 cujus
1822 434 2018 505 artifex
2069 445 2119 491 et
2168 435 2408 492 conditor
2453 434 2595 490 Deus
2626 445 2704 490 est
2733 436 2797 506 “)
2848 451 2957 492 non
2985 444 3166 491 autem
3222 434 3455 505 amplius
3493 434 3550 489 in
3583 431 3713 488 tertio

480 540 659 606 gmate
684 542 741 589 et
760 546 826 586 ex
850 538 1002 601 parte
1032 530 1433 586 contuebimur.

944 645 1075 703 Car.
1111 645 1470 718 Vlll.Duplea:
1506 650 1697 717 altare,
1722 651 1894 706 vidule
1928 659 1978 706 et
2010 648 2250 720 rirgines.
2293 644 2496 699 Aurum
2535 643 2856 713 virginitatis
2887 643 3201 715 symbolum.

550 763 751 835 Nempe
799 762 971 821 Judaei
1022 781 1110 822 res
1132 774 1349 822 nostras
1392 776 2018 838 praanuntiaveruntmo:

2225 762 2468 815 Ἰουδαῖοι
2516 761 2616 831 μὲν
2665 758 2776 832 γὰρ
2816 760 2883 815 τὰ
2923 761 3168 834 ήμέτερα
3208 762 3707 835 προανεφώνησαν·

476 873 607 915 vero
634 857 872 914 coelestia
899 860 1352 928 pranuntiamus;
1389 859 1826 931 quandoquidem
1856 861 2018 915 taber-

2142 854 2304 924 ἡμεῖς
2349 852 2405 906 δὲ
2446 852 2515 906 τὰ
2569 850 2793 922 οὐράνια
2824 852 3298 925 προαγγέλλομεν·
3347 854 3643 926 ἐπειδήπερ
3674 855 3713 926 ή

477 948 733 1004 naculum
761 949 976 1019 quidem
1002 949 1260 1006 Ecclesia:
1292 958 1479 1021 typum
1522 950 1761 1023 gerebat,
1794 949 2018 1005 Ecelesi:

2145 945 2245 1014 μὲν
2300 941 2472 1014 σκηνὴ
2523 939 2788 1013 σύμϐολον
2808 937 2876 1011 ἦν
2923 942 3020 1013 τῆς
3067 941 3406 1013 Ἐκκλησίας,
3436 944 3468 1014 ἡ
3499 943 3557 998 δὲ
3587 945 3708 998 Ἐκ.

478 1054 608 1096 vero
626 1040 797 1095 caelos
828 1050 1201 1112 repraesentat.
1225 1041 1361 1097 Cum
1391 1044 1574 1113 itaque
1608 1042 1720 1098 haec
1749 1043 1822 1097 ita
1845 1058 1904 1099 se
1937 1042 2035 1097 ha-

476 1132 656 1205 beant,
686 1140 740 1187 et
771 1133 1199 1199 tabernaculum,
1226 1136 1302 1190 uti
1330 1134 1600 1198 dicebam,
1632 1134 1888 1190 Ecclesiae
1910 1142 2038 1206 typo

476 1232 806 1288 assumatur,
834 1223 1125 1280 videndum
1173 1234 1344 1282 restat
1374 1226 1441 1281 ad
1464 1240 1627 1297 quam
1663 1226 1881 1297 proprie
1929 1225 2034 1281 Ec-

474 1316 654 1371 clesiae
685 1326 891 1387 partem
921 1325 1227 1389 spectarent
1257 1318 1365 1374 duo
1399 1319 1592 1373 altaria
1638 1335 1872 1392 quorum
1915 1334 2033 1374 me-

473 1404 751 1461 minimus.
783 1404 894 1477 Ego
923 1421 1055 1462 sane
1107 1409 1259 1477 prius
1290 1407 1506 1479 quidem
1540 1423 1645 1463 aere
1675 1416 1894 1473 tectum,
1944 1422 2032 1464 se-

2143 1032 2339 1103 κλησία
2385 1031 2492 1085 τῶν
2533 1030 2796 1105 οὐρανῶν.
2835 1030 2944 1096 Διὸ,
2988 1030 3187 1085 τούτων
3236 1031 3406 1096 οὕτως
3453 1033 3708 1103 ἐχόντων,

2141 1124 2236 1177 καὶ
2263 1124 2361 1195 τῆς
2387 1123 2592 1195 σκηνῆς
2635 1124 2693 1177 ὲν
2738 1121 2893 1191 τύπῳ
2920 1123 3019 1194 τῆς
3062 1122 3404 1194 Ἐκκλησίας,
3437 1124 3512 1189 ὡς
3545 1124 3711 1197 ἔφην,

2139 1213 2573 1287 λαμϐανομένης,
2606 1214 2713 1287 χρὴ
2756 1215 2850 1268 καὶ
2904 1214 2972 1267 τὰ
3001 1214 3358 1285 θυσιαστήρια
3384 1214 3635 1287 σύνθημά
3653 1233 3707 1269 τι

2138 1306 2245 1360 τῶν
2275 1305 2416 1360 κατὰ
2460 1305 2557 1378 τὴν
2607 1305 2932 1377 Ἐκκλησίαν
2971 1304 3310 1377 πραγμάτων
3343 1306 3548 1378 φέρειν.
3592 1309 3711 1361 Καὶ

2135 1398 2197 1451 τὺ
2222 1398 2319 1470 μὲν
2348 1397 2889 1470 περικεχαλκωμένον
2927 1398 3319 1463 ἁπεικάζεσθαι
3346 1402 3411 1471 τῇ
3445 1401 3709 1475 γερουσίᾳ

473 1498 622 1553 natui
656 1505 917 1570 septoque
943 1498 1232 1554 viduarum
1264 1500 1440 1556 simile
1470 1498 1723 1555 dixerim.
1751 1500 1848 1557 Dei
1883 1501 2018 1557 enim

2135 1493 2227 1545 καὶ
2256 1490 2333 1562 τῷ
2352 1490 2623 1562 περιϐόλῳ
2647 1490 2754 1544 τῶν
2776 1490 2956 1563 χηρῶν
2972 1508 2986 1520 ·
3006 1491 3141 1545 Θεοῦ
3165 1492 3274 1563 γάρ
3300 1494 3436 1546 είσιν
3464 1493 3707 1565 ἔμψυχος

473 1588 688 1658 spirans
717 1602 809 1642 ara
831 1597 979 1652 sunt,
1011 1588 1075 1643 ad
1103 1603 1263 1658 quam
1288 1588 1492 1659 passim
1524 1588 1825 1644 olferuntur
1874 1589 2018 1644 vituli

2136 1583 2337 1655 βωμὸς,
2361 1585 2443 1647 είς
2476 1584 2536 1637 δν
2585 1584 3007 1655 ἁνακομίζονται
3042 1585 3171 1648 τοὺς
3196 1586 3431 1657 μόσχους
3464 1587 3556 1641 καὶ
3602 1586 3707 1652 τάς

470 1686 526 1736 et
558 1679 798 1745 decimae,
827 1688 882 1735 et
910 1679 1224 1736 voluntaria:
1252 1681 1467 1746 oblata,
1495 1697 1616 1751 qua:
1634 1681 1689 1735 in
1713 1680 1924 1737 Domini
1947 1696 2018 1737 sa-

2132 1677 2384 1742 δεκάτας,
2414 1678 2508 1731 κα)⁸
2536 1676 2606 1730 τὰ
2654 1676 2876 1732 ἑκούσια
2930 1677 3119 1732 θυσίαν
3149 1678 3446 1752 τελούμενα
3478 1681 3702 1753 Κυρίῳο

470 1772 734 1827 criticium
761 1772 977 1827 cedunt.
1016 1767 1324 1826 lnauratum
1361 1783 1542 1828 autem
1594 1774 1767 1828 altare
1795 1773 1943 1828 intus
1972 1773 2018 1827 in

2129 1767 2189 1820 τὸ
2220 1767 2275 1821 δὲ
2302 1769 2627 1840 περίχρυσον
2666 1768 3064 1841 θυσιαστήριον,
3107 1770 3252 1824 ἔνδον
3272 1774 3330 1824 έν
3355 1775 3466 1837 τοῖς
3502 1773 3709 1842 ’Δγίοις

471 1864 686 1921 Sanctis
712 1871 1022 1920 sanctorum
1057 1864 1377 1934 repositum,
1412 1873 1537 1921 ante
1562 1863 1753 1920 faciem
1782 1864 2018 1921 testimo-

2128 1857 2236 1913 τῶν
2279 1860 2446 1929 ἁγίων
2495 1861 2851 1932 ἀνακείμενον
2877 1862 3018 1916 κατὰ
3059 1862 3346 1934 πρόσωπον
3372 1864 3466 1918 τοῦ
3499 1883 3709 1938 μαρτυ-

466 1958 566 2024 nii,
598 1958 652 2012 in
685 1971 793 2028 quo
821 1956 1151 2029 prohibitum
1187 1963 1270 2012 est
1300 1955 1482 2011 offerri
1520 1956 1848 2014 sacriﬁcium
1879 1965 1933 2012 et
1958 1958 2018 2013 li-

2132 1950 2268 2022 ρίου,
2304 1954 2382 2015 είς
2410 1950 2439 2005 ὃ
2470 1952 2759 2025 ἀπείρηται
2810 1953 2995 2008 θυσίαν
3036 1957 3130 2010 καὶ
3174 1957 3402 2030 σπονδὴν
3431 1960 3706 2033 ἀναφέρε-

468 2050 683 2114 bamen,
717 2050 786 2105 ad
815 2064 910 2106 eas
937 2065 1058 2120 qua:
1086 2049 1139 2104 in
1167 2056 1313 2105 statu
1344 2048 1613 2120 virginum
1643 2057 1792 2114 sunt,
1815 2048 2018 2106 videtur

2130 2040 2274 2107 σθαι,
2321 2045 2441 2108 ταῖς
2488 2045 2545 2097 ἐν
2601 2044 2866 2117 παρθενίᾳ
2898 2046 3296 2120 παραθλητέον,
3334 2050 3412 2121 τῷ
3435 2052 3709 2125 άκηράτῳ

465 2139 844 2209 referendum;
878 2140 1197 2213 incorrupto
1255 2157 1413 2208 auro,
1471 2142 1900 2213 imputribilibus
1959 2143 2018 2198 ab

2127 2136 2314 2210 χρυσῷ
2365 2136 2434 2191 τὰ
2485 2138 2703 2209 ἄσηπτα
2754 2140 3036 2207 συνουσίας
3092 2141 3322 2214 σώματα
3370 2146 3707 2217 κατησφαλι-

464 2232 611 2287 omni
635 2232 735 2288 viri
765 2248 1065 2304 congressu
1116 2234 1333 2289 illorum
1364 2237 1624 2305 protectis
1680 2234 2018 2304 corporibus.

2129 2228 2371 2299 σμέναις.
2403 2226 2505 2283 Δύο
2535 2230 2643 2304 γὰρ
2660 2230 2728 2285 τὰ
2752 2234 2832 2296 είς
2857 2231 3071 2287 ἔπαινον
3094 2232 3440 2308 θρυλλοῦνται
3470 2238 3703 2310 χρυσοῦ,

464 2324 671 2379 Aurum
702 2324 846 2379 enim
879 2323 1093 2380 duabus
1117 2326 1318 2395 passim
1346 2323 1757 2380 commendatur
1784 2324 2025 2389 dotibus,

463 2426 578 2470 tum
608 2415 753 2487 quod
773 2415 1077 2486 rubiginem
1106 2431 1216 2469 non
1266 2414 1522 2479 admittit,
1578 2422 1693 2469 tum
1726 2415 1869 2485 quod
1920 2413 2028 2469 ful-

459 2522 591 2580 gore
645 2508 832 2562 innato
881 2505 1161 2562 radiorum
1208 2506 1340 2563 solis
1362 2506 1596 2577 speciem
1630 2521 1797 2576 prope
1819 2505 2027 2564 referre

460 2598 698 2655 videtur.
730 2596 929 2669 Aptum
953 2598 1008 2652 in
1034 2606 1269 2669 utroque
1316 2598 1644 2668 virginitatis
1698 2597 2022 2669 symbolum,

460 2690 639 2746 nullas
664 2690 1002 2746 admittentis
1031 2690 1223 2746 sordes
1251 2704 1314 2745 ac
1346 2692 1611 2757 maculas,
1653 2691 1748 2747 sed
1783 2698 1837 2746 et
1860 2689 2024 2746 Verbi

461 2796 678 2853 semper
738 2781 859 2837 luce
907 2782 1327 2853 resplendentis.
1355 2781 1616 2855 latusque
1654 2792 1938 2855 propterea
1965 2785 2024 2839 in

462 2871 676 2929 Sanctis
704 2880 1017 2930 sanctorum
1046 2873 1279 2930 vicinius
1330 2882 1459 2940 stat,
1492 2884 1546 2932 et
1579 2883 1704 2931 ante
1734 2878 1909 2932 velum
1938 2877 2025 2931 in-

458 2967 735 3025 temeratis
757 2965 1009 3023 manibus
1046 2966 1254 3022 incensi
1290 2965 1481 3031 instar,
1508 2975 1758 3039 acceptas
1792 2967 2021 3024 Domino

2125 2317 2207 2370 ὃτι
2231 2335 2291 2370 τε
2324 2318 2398 2372 ίὸν
2435 2319 2497 2371 οὐ
2526 2321 2911 2394 παραδέχεται,
2946 2324 3040 2377 καὶ
3063 2326 3161 2396 τὴν
3182 2327 3370 2398 χροιάν
3400 2332 3519 2390 ταῖς
3543 2330 3701 2400 ήλίου

2130 2409 2365 2480 μετρίως
2399 2411 2873 2483 παραπλησιάζειν
2929 2415 3257 2485 φαντάζεται
3294 2419 3502 2490 βολαῖς·
3554 2422 3704 2495 σύμ-

2125 2500 2277 2555 6ολον
2309 2503 2366 2557 δὲ
2420 2504 2646 2570 εἰκότως
2699 2507 2807 2578 ἄρα
2848 2508 3008 2563 τοῦτο
3035 2510 3134 2582 τῆς
3196 2512 3423 2581 ἁγνείας
3462 2514 3563 2586 τῆς
3621 2516 3705 2589 μὴ

2125 2594 2489 2668 προσιεμένης
2529 2596 2647 2650 ἐστὶ⁸
2686 2598 2879 2668 κηλίδα
2915 2602 3008 2655 καὶ
3042 2603 3248 2670 σπῦον,
3272 2605 3408 2661 ἁλλὰ
3432 2608 3528 2662 καὶ
3557 2611 3702 2679 φωτὶ

2124 2690 2681 2762 καταστραπτομένης
2723 2693 2809 2745 ἀεὶ
2854 2693 2945 2747 τοῦ
2974 2696 3170 2763 Λόγου.
3208 2697 3298 2751 Διὸ
3323 2700 3417 2752 καὶ
3447 2699 3593 2753 ἔνδον
3616 2704 3701 2766 είς

2121 2779 2191 2833 τὰ
2224 2780 2391 2847 Ἅγια
2414 2779 2522 2834 τῶν
2573 2781 2744 2850 ἁγίων
2805 2783 3000 2856 ’ἐστηκε
3038 2786 3441 2861 πλησιαίτερον,
3471 2793 3565 2845 καὶ
3598 2791 3702 2863 έμ-

2124 2872 2356 2944 προσθεν
2380 2872 2490 2944 (84)
2520 2874 2613 2927 τοῦ
2663 2878 3165 2949 παραπετάσματος
3195 2881 3485 2953 άχράντοις
3514 2885 3694 2957 χερσὶ,

2122 2962 2479 3036 θυμιαμάτων
2525 2964 2700 3037 δίκην,
2753 2968 2852 3033 τὰς
2892 2970 3696 3046 προσευχὰς.άναπεμπάζουσα

456 3074 645 3131 preces
697 3059 752 3113 in
792 3057 1015 3114 odorem
1074 3058 1359 3114 suavitatis
1420 3020 1710 3114 submittit.
1768 3058 1921 3115 Sicut
1967 3068 2018 3116 et

2125 3020 2336 3128 Κὰριῴ,
2364 3056 2556 3122 δεκτὰς
2576 3020 2656 3123 είς
2681 3020 2853 3132 doni};

452 3151 690 3210 .‘oannes
726 3151 1050 3224 signiﬁcavit
1105 3151 1171 3220 “,
1204 3150 1487 3207 incensum
1536 3152 1682 3223 quod
1741 3151 1792 3207 in
1823 3153 2023 3223 phialis

452 3242 645 3314 viginti
666 3255 898 3316 quatuor
926 3246 1201 3302 seniorum
1233 3252 1371 3310 erat,
1402 3250 1714 3301 sanctorum
1745 3245 2021 3303 orationes

452 3349 573 3390 esse
596 3334 804 3391 dicens.
830 3335 955 3391 Haec
978 3336 1074 3391 tibi
1096 3336 1163 3391 de
1193 3335 1460 3401 castitate,
1492 3342 1653 3414 propt
1682 3336 1737 3389 in
1763 3345 2017 3408 promptu

452 3427 627 3495 licuit,
659 3436 713 3484 et
740 3444 839 3501 ego
859 3445 958 3500 pro
995 3430 1225 3495 viribus,
1253 3445 1287 3485 ο
1314 3428 1497 3495 Arcte,
1528 3429 1770 3485 confero.

522 3517 648 3576 Haec
692 3521 871 3577 locuta
922 3519 1217 3587 Thallusa,
1275 3521 1454 3578 aiebat
1504 3521 1831 3592 Theopatra,
1887 3520 2016 3577 Are-

453 3617 544 3666 ten
583 3619 799 3682 sceptro
835 3610 1097 3682 Agatham
1134 3612 1398 3683 tetigisse,
1449 3611 1720 3682 hancque,
1762 3609 1925 3666 simul
1947 3624 2011 3664 ac

449 3702 642 3768 sensit,
668 3702 1065 3772 exsurrexisse,
1089 3708 1144 3758 et
1175 3702 1257 3757 sic
1282 3701 1647 3773 respondisse.

2120 3163 2219 3218 νης
2249 3148 2510 3220 ἐμήνυσε,
2540 3150 2609 3205 τὰ
2641 3149 2959 3224 θυμιάματα
2986 3154 3056 3209 τὰ
3086 3156 3144 3209 ὲν
3189 3160 3308 3222 ταῖς
3337 3160 3558 3229 φιάλαις
3584 3161 3699 3216 τῶν

2120 3240 2574 3311 εἰκοσιτεσσάρων
2593 3243 2998 3319 πρεσόυτέρων,
3024 3250 3330 3320 προσευχὰς
3349 3252 3519 3320 ἁγίων
3550 3249 3696 3309 εἶναι

2120 3330 2353 3402 φράσας.
2390 3332 2573 3387 Ταῦτά
2595 3352 2676 3388 σοι
2702 3336 2779 3400 ὡς
2803 3338 2866 3390 ὲκ
2881 3336 2975 3391 τοῦ
3009 3342 3349 3414 παραχρῆμα
3375 3342 3530 3412 κάγὼ
3551 3345 3698 3401 κατὰ

2117 3418 2344 3492 δύναμιν
2374 3421 2513 3494 ὑπὲρ
2543 3424 2784 3492 ἁγνείας,
2814 3420 2859 3479 ὦ
2904 3427 3119 3500 Ἀρετή,
3153 3429 3548 3503 συμϐάλλομαι.

2191 3510 2463 3582 Είπούσης
2502 3513 2561 3567 δὲ
2597 3516 2770 3570 ταῦτα
2798 3518 2897 3588 τῆς
2949 3519 3274 3594 Θαλλούσης,
3330 3524 3364 3594 ὴ
3404 3523 3693 3598 Θεοπάτρα

2116 3599 2219 3673 ἔφη
2249 3601 2327 3674 τῷ
2349 3605 2610 3676 σκήπτρῳ
2659 3606 2757 3678 τὴν
2814 3609 3039 3682 Ἀρετὴν
3073 3611 3276 3682 ψαῦσαι
3298 3615 3395 3686 τῆς
3431 3615 3686 3686 ’Δγαθῆς

2114 3692 2211 3764 τὴν
2256 3693 2301 3746 δ’
2351 3694 2676 3772 αἰσθομένην
2721 3699 2923 3766 εὐθέως
2984 3704 3283 3777 ἀναστῆναι
3330 3706 3423 3761 καὶ
3468 3708 3695 3780 ἀποκρί-

2116 3786 2331 3842 νασθαι.

2040 3910 2114 3924 ..-

876 3969 1332 4080 ORATIO
1405 3989 1571 4079 VI.

1075 4138 1378 4194 AGATHA.

2645 3999 3002 4089 ΛΟΓΟΣ
3058 4015 3162 4088 cr.

2774 4152 3020 4208 ΑΓΔΘΗ.

445 4248 572 4308 Car.
603 4250 644 4308 Ι.
681 4250 913 4325 Virginis
940 4254 1141 4310 decoris
1167 4254 1367 4310 tenacis
1387 4257 1723 4325 prwatantia.
1750 4257 1945 4311 Anima
1975 4256 2045 4309 ad
2076 4257 2172 4313 Dei
2197 4259 2468 4331 imaginis,
2500 4262 2558 4315 id
2578 4272 2655 4319 est
2690 4262 2845 4332 Filii,
2872 4268 3174 4339 imaginem.
3204 4265 3461 4326 Diabolus
3486 4272 3687 4330 animo

1924 4342 2134 4395 procas.

519 4436 655 4492 Cum
680 4438 849 4493 multa
881 4438 1076 4496 fiducia
1101 4448 1216 4494 tum
1249 4438 1610 4510 persuadendi
1642 4441 1785 4510 quod
1812 4440 2011 4510 dicam,
2047 4446 2091 4501 ο

440 4532 559 4582 tum
583 4526 720 4582 bene
745 4543 807 4582 ac
838 4528 1070 4585 feliciter
1092 4530 1405 4599 perorandi,
1440 4544 1474 4585 ο
1502 4529 1683 4596 Arete,
1713 4531 2010 4601 suscipiam

478 4656 558 4699 “¹³
587 4664 616 4721 ι
636 4663 764 4721 Cor.
787 4682 908 4736 xm,
940 4665 1026 4722 12.
1108 4666 1153 4698 ⁸⁵
1180 4664 1346 4723 Hebr.
1373 4682 1451 4734 ιι,
1476 4665 1564 4721 10.
1647 4666 1691 4697 ¹⁸
1716 4664 1880 4739 Apoc.
1906 4684 1959 4733 v,
1986 4666 2041 4723 8.

512 4809 643 4882 (84)
685 4810 1081 4880 Ἔμπροσθεν.
1113 4809 1268 4879 Quod
1317 4810 1479 4882 paulo
1516 4810 1771 4882 superius
1815 4826 2006 4882 recen-

436 4882 608 4952 sendo
633 4880 809 4952 ipsum
845 4890 1050 4937 textum
1089 4880 1649 4952 sacrum'seripserat,
1690 4881 1784 4935 καὶ
1812 4881 2005 4946 δώσεις

438 4951 571 5019 αὐτὸ
602 4951 857 5005 ἀπέναντι
890 4952 983 5005 τοῦ
1018 4951 1526 5023 καταπετάσματος,
1553 4953 1834 5023 constitues
1869 4952 2004 5005 illud

437 5024 839 5094 con‘traructum,
865 5023 987 5094 rsive
1041 5032 1166 5077 ante
1207 5039 1270 5076 ae
1312 5020 1466 5092 juxta
1496 5024 1651 5090 illud,
1686 5022 1773 5094 hic
1798 5020 2006 5094 ἔμπρο-

439 5090 562 5165 σθεν
586 5092 723 5165 dicit
720 5111 759 5165 ἐ
785 5093 877 5165 ubi
911 5108 1009 5163 pro
1058 5090 1565 5165 καταπετάσματος,
1628 5092 1773 5147 {mdo
1819 5090 2006 5165 errore

435 5160 690 5236 Allatius,
715 5160 1285 5236 Hvedparog,‘Lupar.
1312 5160 1539 5236 Πατρός
1574 5181 1588 5194 ·
1645 5162 1999 5236 nullabujus

438 5235 572 5285 tanti
605 5234 686 5286 vel
720 5233 885 5288 errati
914 5235 995 5288 vel
1025 5233 1356 5289 discriminis
1395 5233 1689 5298 mentione,
1721 5233 1824 5288 etsi
1849 5241 2001 5289 tanta

436 5301 493 5356 in
524 5302 768 5372 singulas
800 5304 1024 5375 paginas
1051 5305 1375 5359 variantiuin
1421 5305 1709 5359 lectionum
1744 5308 2001 5359 adnotata

436 5386 609 5445 seges,
641 5388 761 5445 quae
808 5374 1007 5443 surpius
1063 5376 1364 5431 scribarum
1397 5376 1577 5445 potius
1629 5375 1823 5429 menda
1870 5384 1999 5429 sunt

436 5452 529 5493 aut
562 5443 731 5511 plagia
757 5460 918 5511 quain
942 5461 1029 5501 res
1058 5449 1191 5500 satis
1249 5443 1525 5499 momenti.
1556 5446 1652 5499 llic
1691 5447 1824 5500 satis
1858 5445 1999 5498 indi-

433 5524 591 5566 casse
617 5516 901 5585 :_l'avctqne
952 5532 1082 5570 inme
1124 5515 1490 5571 emendationi
1531 5521 1782 5585 superius
1826 5517 1998 5585 adno-

434 5582 645 5657 tata-ad
681 5583 707 5653 §
734 5582 956 5657 iliujum
980 5595 1143 5648 orat.,
1172 5588 1259 5639 ubi
1297 5602 1523 5657 prorsus
1572 5582 1860 5656 scripSIsse
1882 5583 1996 5639 Me-

433 5651 700 5705 tbodiuiu'
718 5653 888 5720 Λόγον
909 5654 1122 5723 Πατρός
1150 5651 1545 5726 conjiciebam;
1579 5651 1834 5713 inscitum
1864 5671 1996 5711 vero

2192 4443 2313 4497 Ὅτι
2356 4447 2493 4516 μετὰ
2532 4447 2728 4522 πολλῆς
2760 4449 3049 4522 εὐτολμίας
3085 4456 3176 4508 καὶ
3196 4455 3436 4521 πειθοῦς,
3466 4459 3690 4533 καὶτῆς

2116 4532 2210 4588 τοῦ
2242 4536 2421 4602 καλῶς
2459 4541 2629 4595 είπείν
2662 4542 2998 4615 ὑπολήψεως,
3023 4539 3071 4600 ὦ
3112 4549 3324 4621 Ἀρετὴ,
3362 4549 3455 4604 σοῦ
3510 4532 3685 4627 παρο-

2107 4811 2341 4868 scribam
2370 4816 2732 4888 exscripsisse
2756 4817 3092 4891 Πνεύματος.
3122 4820 3389 4876 Nimirum
3412 4830 3605 4878 contra
3626 4832 3684 4881 et

2104 4892 2347 4965 propeet
2377 4895 2503 4965 ante
2548 4890 2728 4965 velum
2782 4890 2935 4965 quod
2957 4907 3139 4947 arcam
3172 4892 3428 4965 ‘l‘mderis
3460 4902 3512 4949 et
3547 4910 3679 4948 san-

2105 4957 2378 5008 ctuarium
2427 4957 2734 5033 obtegebat,
2768 4957 3079 5018 constitutae
3133 4962 3395 5033 virgines,
3436 4966 3580 5018 velut
3602 4967 3682 5018 al-

2107 5036 2223 5105 tare
2246 5039 2503 5107 aureum,
2523 5030 2678 5098 quasi
2716 5034 2768 5107 in
2802 5032 3068 5107 vestibulo
3098 5030 3339 5103 ipsorum
3365 5034 3680 5105 adytorum,

2104 5097 2552 5176 iisquereliquis
2596 5102 3057 5171 propinquiores;
3090 5097 3387 5176 q'uze_-_laus
3433 5097 3677 5176 maxima

2104 5168 2563 5247 Virginitatis.__Ac
2610 5168 3053 5247 numeacausa
3082 5168 3184 5228 mei
3218 5173 3482 5247 Nazaraei,
3513 5174 3563 5228 id
3591 5182 3678 5228 est

2106 5237 2381 5309 monachi,
2419 5238 2570 5300 olim,
2596 5253 2719 5293 cum
2757 5241 2878 5296 laici
2909 5246 3086 5298 solum
3116 5254 3321 5309 essent,
3355 5246 3449 5299 sed
3492 5254 3675 5298 tamen

2106 5306 2323 5386 caelibes
2346 5314 2398 5361 et
2421 5309 2994 5386 cultores,_.ﬁdelis_que
3036 5314 3205 5382 plebis
3258 5306 3384 5384 pars
3410 5316 3672 5376 sanctior,

2106 5374 2173 5428 ad
2227 5376 2371 5431 fores
2413 5380 2710 5454 sanctuarii
2758 5398 2820 5435 ac
2876 5374 3359 5453 juxta-cancellos,
3413 5386 3465 5438 in
3496 5374 3681 5454 capite

2105 5453 2281 5525 uetus
2331 5450 2512 5525 omnis
2562 5452 2822 5525 ﬁdelium,
2850 5450 2901 5507 et
2927 5457 3169 5525 proxime
3211 5463 3334 5524 pust
3360 5456 3485 5518 τοὺς
3522 5450 3679 5525 ίέρα-

2104 5516 2359 5581 τεύοντας
2390 5521 2674 5576 stationem
2708 5516 2978 5577 habebant
2999 5524 3022 5576 ?
3046 5516 3378 5580 Erant'eerte
3407 5516 3681 5580 etﬁilli'al-

2104 5596 2221 5640 tare
2266 5590 2397 5642 illud
2436 5606 2679 5667 aureum
2707 5592 3014 5665 ἔμπροσθεν
3063 5595 3159 5647 τοῦ
3231 5596 3679 5667 παραπετάσμα-

2102 5674 2214 5727 τος,
2247 5667 2410 5730 atque
2438 5678 2584 5720 nunc
2612 5663 2776 5719 etiam
2801 5663 3095 5732 exsistunt,
3121 5682 3245 5722 cum
3289 5663 3401 5738 jam
3433 5665 3547 5721 fere
3567 5663 3681 5719 ἐιυ-
