3964 6206
240 337 348 394 115
1303 345 1679 402 CONVIVIUM
1721 346 1788 400 Dl

1891 345 1948 401 LM
1986 343 2342 403 VIBGINUM.
3352 351 3454 408 114

249 459 574 533 μαρτούσης,
615 461 946 534 πειράσομαι
1000 466 1064 536 δὴ
1098 468 1238 520 κατά
1289 468 1517 540 δύναμιν
1541 468 1695 538 κάγὼ
1727 470 1788 522 είς

1910 466 2240 537 provinciam
2262 480 2424 536 quam
2455 464 2713 536 imponis,
2745 465 2791 519 si
2839 470 2898 518 tu
2923 463 3054 519 mihi
3088 470 3285 534 praesto
3313 463 3459 519 fave-

243 551 306 605 τὸ
337 554 688 624 προκείμενον
735 556 1144 625 είσενὲτκασθαί
1170 576 1242 623 τι,
1265 561 1382 614 κατ’
1415 560 1656 632 ἐμαυτὴν
1681 561 1788 632 μέν·

1906 557 2003 612 ris.
2032 555 2234 626 Nempe
2259 555 2499 610 conabor
2523 561 2578 610 et
2598 568 2698 625 ego
2729 554 2795 608 ad
2828 554 3132 625 argumenti
3194 554 3456 624 propositi

241 661 340 706 τοι,
377 645 467 696 καὶ
495 646 560 698 οὐ
591 646 731 718 πρὸς
757 647 827 701 τὰ
861 649 1138 720 εἰρημένα.
1173 651 1247 704 Οὐ
1281 651 1388 723 γὰρ
1443 653 1509 706 ἂν
1540 653 1788 723 δυναίμηι

1907 650 2281 706 tractationem
2311 647 2560 703 conferre
2580 645 2813 716 aliquid;
2845 645 3305 712 accommodatum
3331 648 3454 717 qui-

233 736 507 805 ὲφάμιλλα
530 737 741 802 τούτοις
769 739 908 794 οὕτω
932 742 1184 806 ποικίλως
1213 745 1305 798 καὶ
1328 743 1592 817 λαμπρῶς
1620 746 1788 815 ἀπειρη

1905 740 2029 796 dem
2064 739 2194 794 illud
2227 738 2408 809 potius
2436 737 2502 792 ad
2534 746 2752 808 captum
2803 736 3085 792 tenuitatis
3117 752 3269 801 meae,
3290 753 3454 808 quam

233 825 529 894 γασμένοις
583 826 908 897 φιλοσοφεῖν.
950 831 1094 894 Δόξω
1118 833 1226 904 γὰρ
1257 833 1788 904 ἀποφέρεσθαιψόγοι

1904 834 2086 890 debita
2115 832 2465 903 proportione
2499 830 2832 902 respondens
2855 829 2923 887 iis
2951 845 3069 901 quae
3095 831 3208 900 jam
3229 830 3298 884 ab
3329 831 3450 887 aliis

229 914 584 987 ἁϐελτηρίας,
631 920 682 971 εἰ
713 922 825 982 τοῖς
875 921 1014 974 κατά
1044 922 1234 992 σοφίαν
1265 921 1605 988 ὲξισὰζεσθαι
1631 923 1788 994 κρείτι

1902 933 2152 996 perorata
2183 933 2325 979 sunt.
2355 922 2474 979 Non
2493 924 2635 979 enim
2660 923 2860 994 possim
2898 924 3048 994 paria
3070 922 3155 978 his
3175 938 3295 994 quae
3315 923 3449 978 adeo

228 1021 355 1058 τοσι
402 1009 786 1082 προσπηδῴην.
837 1013 899 1066 Et
941 1009 1035 1066 οὖν
1075 1012 1327 1079 ἀνέξεσθε
1388 1015 1618 1069 καὶτῶν
1655 1015 1788 1078 ὅπως

1905 1019 2055 1074 varie
2107 1025 2161 1074 et
2215 1015 2498 1088 splendide
2549 1016 2826 1072 elaborata
2854 1026 3002 1081 sunt,
3053 1015 3348 1087 disputare.
3383 1016 3451 1071 Et

232 1098 305 1150 ἂν
332 1098 470 1172 τύχῃ
517 1102 939 1173 ρητορευόντων,
982 1106 1240 1178 ἐπιχειρῶ
1272 1107 1473 1176 λέγειν,
1495 1107 1645 1163 οὐδὲν
1667 1124 1788 1180 προ-

1901 1109 2146 1164 stultitia:
2177 1107 2421 1180 profecto
2457 1116 2640 1163 notam
2680 1109 2735 1162 in
2769 1123 2854 1163 me
2893 1106 3194 1164 transferre
3240 1108 3446 1173 videar,

227 1189 431 1260 θυμίας
464 1192 863 1267 καθυφειμένη.
906 1199 1156 1270 Ἀρκτέον
1180 1201 1236 1254 δὲ
1258 1200 1525 1256 ἐντεῦθεν.

1902 1201 1949 1255 si
1984 1199 2051 1254 ad
2076 1199 2132 1253 id
2162 1199 2412 1255 connitar
2441 1213 2613 1268 eoque
2641 1197 2896 1261 insiliam,
2916 1203 2974 1251 ut
3019 1211 3202 1251 earum
3233 1196 3450 1252 dicendi

223 1281 392 1338 laude
459 1288 826 1356 aequalitatem
885 1293 1018 1346 mihi
1050 1293 1168 1363 ipsa
1211 1295 1442 1349 ambiam
1493 1309 1614 1365 quae
1663 1293 1930 1364 sapientia
1984 1299 2263 1364 praestant.
2327 1289 2384 1344 Si
2415 1292 2538 1362 quis
2569 1290 2734 1360 igitur
2775 1297 2859 1344 est
2912 1288 3055 1358 apud
3092 1304 3188 1343 vos
3238 1287 3454 1342 dicendi

225 1377 386 1430 locus
411 1376 484 1431 iis
511 1380 608 1447 qui
639 1381 903 1437 mediocri
956 1392 1012 1439 et
1041 1386 1247 1457 vulgari
1292 1387 1507 1444 dicendi
1541 1386 1800 1443 facultate
1829 1386 2083 1442 instructi
2118 1394 2270 1451 sunt,
2298 1384 2480 1440 dicere
2519 1381 2832 1456 aggredior;
2877 1380 3014 1436 nihil
3046 1379 3192 1452 quod
3220 1379 3286 1435 ad
3326 1394 3456 1434 cau-

218 1483 341 1524 sam
369 1471 515 1527 hanc
538 1473 703 1530 faciat
726 1477 890 1533 studii
919 1495 983 1536 ac
1013 1481 1304 1553 diligentiae
1364 1483 1802 1555 praetermittens.
1832 1481 2092 1552 Incipiam
2117 1487 2296 1536 autem
2328 1481 2476 1534 hinc.

303 1567 641 1639 ’Δμήχανον,
682 1566 727 1626 ὧ
773 1574 1052 1647 παρθένοι,
1082 1577 1296 1644 κάλλος,
1332 1581 1424 1633 καὶ
1446 1580 1705 1650 συγγενὲς
1728 1582 1796 1650 τῇ

219 1660 387 1730 σοφία
417 1662 514 1714 καὶ
545 1665 870 1738 πρόσφορον,
897 1667 1134 1734 ἅπαντες
1163 1671 1242 1734 εἰς
1265 1671 1355 1725 τὸν
1383 1673 1585 1744 κόσμον
1609 1689 1799 1744 κεκτη-

222 1750 375 1820 μένοι
426 1752 621 1809 τοῦτον
662 1759 1050 1830 ἀφικνούμεθα.
1113 1763 1549 1835 Ἀπηκρίὸωνται
1594 1765 1701 1837 γὰρ
1738 1767 1794 1820 αἱ

217 1841 386 1911 ψυχαὶ
419 1844 500 1914 τῷ
528 1849 850 1918 γεννήσαντι
886 1853 1004 1906 τότε
1041 1855 1273 1925 μάλιστα
1304 1856 1395 1911 καὶ
1445 1857 1792 1929 πλασαμένῳ,

219 1933 379 1986 ὁπότε
408 1935 511 2007 τὴν
535 1937 657 1990 καθ’
675 1942 931 2011 ὁμοίωσιν
955 1945 1094 2000 ἰδέαν
1115 1947 1378 2020 ἄχραντον
1399 1949 1792 2022 ἐκλάμπουσαι,

221 2029 314 2078 καὶ
371 2029 505 2092 τοὺς
542 2034 896 2105 χαρακτῆρας
943 2038 1040 2108 τῆς
1064 2039 1237 2110 ὅψεως
1283 2043 1518 2114 ἐκείνης,
1566 2045 1702 2116 πρὸς
1729 2045 1795 2116 ἢν

222 2119 439 2190 ἀφορῶν
483 2124 512 2175 ὁ
558 2123 712 2189 Θεὸς,
774 2125 1038 2183 ἀθάνατον
1083 2134 1297 2204 μορφὴν
1341 2136 1435 2188 καὶ
1494 2136 1795 2209 ἀνώλεθρον

223 2213 450 2282 ἐχούσας
472 2216 646 2280 αὐτὰς
674 2219 1053 2291 ἀπειργάζετο,
1080 2225 1326 2279 τοιαῦται
1357 2229 1686 2299 διαμένουσι.
1721 2233 1795 2286 Τὸ

223 2303 333 2374 γὰρ
360 2306 660 2378 ἀγέννητον
691 2311 885 2376 κάλλος
921 2316 1012 2368 καὶ
1047 2315 1356 2388 ἀσώματον,
1388 2322 1480 2374 κα)⁸
1510 2323 1646 2393 μήτε
1690 2324 1793 2396 ἀρ-

226 2397 452 2467 χόμενον
513 2402 654 2472 μήτε
708 2402 925 2472 φθίνον,
979 2407 1094 2461 ἀλλ’
1143 2410 1410 2482 ἄτρεπτον
1452 2413 1546 2466 καὶ
1587 2415 1794 2486 οάγήοω

227 2491 312 2542 καὶ
368 2492 697 2562 ἀπροσδεὲς,
746 2497 908 2562 αὐτὸς
949 2501 1008 2553 ὲν
1047 2501 1224 2573 ἐαυτῷ
1258 2505 1350 2556 καὶ
1396 2506 1476 2568 είς
1512 2507 1646 2560 αὐτὸ
1678 2508 1794 2577 φῶς

226 2581 278 2632 ἐν
325 2583 638 2652 ἀφράστως
716 2585 827 2657 (85)
865 2590 957 2644 καὶ
1002 2592 1314 2663 ἀπροσίτοις
1360 2596 1790 2669 ἀναπαυόμενον,

226 2673 473 2738 ἐξουσίας
513 2679 804 2751 περιουσίᾳ
884 2683 1061 2736 πάντα
1124 2687 1392 2757 περιέχων
1447 2690 1542 2743 καὶ
1595 2691 1793 2756 κτίζων

231 2763 318 2814 καὶ
375 2765 824 2834 μετασκευάζων,
869 2772 1193 2843 ἐτεκτήνατο
1235 2777 1351 2830 κατ’
1384 2779 1565 2833 εἰκόνα
1595 2781 1693 2852 τῆς
1718 2782 1795 2834 εί-

223 2851 371 2915 κὸνος
422 2855 625 2908 ἑαυτοῦ
675 2856 771 2928 τὴν
795 2858 992 2932 ψυχήν.
1046 2864 1137 2918 Διὸ
1163 2866 1258 2918 καὶ
1290 2866 1479 2940 λογικὴ
1511 2871 1604 2926 καὶ
1659 2871 1796 2924 ἀθά-

223 2941 375 3003 νατός
424 2945 566 2997 ἐστι.
613 2948 630 2967 ⁶
665 2947 798 3000 Κατ’
827 2951 1008 3007 εἰκόνα
1044 2955 1152 3026 γὰρ
1193 2957 1652 3032 δημιουργηθεῖσα
1697 2960 1790 3016 τοῦ

224 3033 582 3102 Μονογενοῦς,
611 3037 688 3100 ὡς
716 3040 871 3112 ἔφην,
907 3044 1310 3116 ἀνυπέρϐλητον
1343 3049 1454 3120 ἔχει
1487 3050 1550 3103 τὸ
1573 3052 1788 3117 κάλλος.

1973 1575 2412 1646 Incomparabili,
2444 1588 2477 1630 o
2506 1573 2769 1646 virgines,
2807 1577 3149 1642 cognataque
3191 1575 3352 1638 atque
3373 1563 3454 1619 af-

1899 1667 1992 1722 ﬁni
2021 1665 2298 1736 sapientia:
2325 1664 2593 1736 insignitae
2617 1664 2812 1729 forma,
2837 1663 2894 1717 in
2925 1661 3185 1716 mundum
3209 1659 3454 1714 venimus

1897 1775 2108 1816 omnes.
2143 1758 2343 1814 Exacte
2362 1757 2528 1822 enim,
2559 1755 2680 1826 ejus
2713 1755 2807 1826 qui
2836 1753 3022 1825 genuit
3050 1761 3212 1822 atque
3250 1749 3454 1806 forma-

1897 1853 1994 1919 vit,
2025 1853 2352 1907 lineamenta
2379 1850 2575 1905 anima:
2606 1847 2870 1912 referunt,
2896 1854 3013 1901 tum
3062 1844 3295 1900 maxime
3327 1859 3452 1898 cum

1897 1943 2273 2001 similitudinis
2328 1942 2650 1996 intaminato
2703 1939 3020 2009 etfulgentes
3057 1937 3288 2007 ;decore,
3333 1935 3454 1992 vul-

1894 2045 2094 2107 tusque
2123 2035 2271 2090 illius
2302 2049 2366 2088 ac
2395 2032 2718 2102 exemplaris
2754 2031 3097 2086 characteres
3129 2029 3338 2084 lucidos
3366 2044 3454 2084 re-

1896 2125 2152 2189 ferentes,
2181 2121 2249 2177 ad
2282 2121 2430 2194 quod
2462 2122 2680 2177 intuens
2707 2119 2872 2187 Deus,
2900 2119 3190 2174 immortali
3214 2133 3309 2175 eas
3338 2118 3452 2172 for-

1893 2234 1985 2274 ma
2012 2226 2175 2289 atque
2209 2216 2276 2271 ab
2306 2216 2616 2272 interitione
2638 2213 2864 2269 immuni
2893 2213 3084 2278 edidit,
3128 2212 3205 2266 ita
3241 2227 3451 2282 perma-

1893 2319 2044 2366 nent.
2101 2309 2340 2381 lngenita
2381 2309 2525 2365 enim
2557 2315 2612 2364 et
2638 2303 3361 2379 incorporeapulchritudo,
3385 2317 3451 2358 ac

1892 2417 2015 2472 quae
2039 2417 2140 2458 nec
2169 2401 2416 2471 coeperit,
2447 2415 2548 2456 nec
2597 2399 2708 2454 ulla
2759 2412 2999 2468 unquam
3029 2396 3149 2450 labe
3199 2395 3447 2458 intereat,

1894 2494 1989 2550 sed
2019 2493 2375 2548 immutabilis
2405 2493 2479 2549 sit
2511 2492 2759 2561 seniique
2791 2505 2986 2560 expers
3017 2504 3080 2544 ac
3109 2487 3258 2543 nullo
3297 2487 3449 2542 labo-

1890 2601 2021 2642 rans
2042 2585 2284 2653 defectu;
2312 2587 2428 2657 ipse
2460 2585 2516 2639 in
2542 2599 2602 2641 se
2622 2585 2740 2655 ipso
2760 2598 2825 2638 ac
2866 2597 3031 2653 penes
3051 2597 3110 2636 se
3133 2579 3360 2643 Lumen,
3392 2579 3448 2634 in

1892 2676 2259 2734 ineﬁ‘abilibus
2287 2693 2350 2732 ac
2373 2675 2844 2732 inaccessibilibus
2891 2674 3261 2744 requiescens,
3297 2679 3450 2744 pote--

1893 2769 2049 2824 statis
2095 2767 2370 2824 afﬂuentia
2409 2766 2592 2822 omnia
2640 2766 2966 2829 continens,
3028 2777 3328 2834 creansque
3386 2776 3451 2817 ac

1893 2869 2132 2922 struens,
2168 2859 2236 2914 ad
2286 2858 2540 2930 imaginis
2591 2873 2702 2914 sua:
2741 2857 3051 2928 imaginem,
3086 2855 3324 2909 animam
3368 2853 3451 2908 fa-

1893 2950 2136 3008 bricatus
2162 2958 2268 3007 est.
2296 2949 2661 3017 Quamobrem
2683 2949 2846 3004 etiam
2876 2948 3090 3002 ratione
3122 2944 3344 3015 prmdita
3366 2955 3450 3001 est

1893 3050 1947 3098 et
1979 3042 2322 3098 immortalis.
2354 3042 2432 3096 Ad
2458 3042 2744 3113 imaginem
2773 3041 2968 3111 quippe
2999 3037 3273 3109 Unigeniti
3316 3051 3449 3092 con-

224 3124 416 3216 ﬁtear;
464 3130 560 3182 καὶ
603 3131 678 3184 τὰ
723 3137 1089 3204 πνευματικὰ
1132 3138 1242 3208 τῆς
1269 3145 1558 3211 πονηρίας
1592 3145 1788 3216 ἐρῶσιν

1893 3135 2027 3200 dita,
2087 3134 2523 3207 incomparabili,
2571 3135 2649 3188 uti
2684 3133 2950 3196 dicebam,
3005 3132 3169 3200 pollet
3229 3130 3444 3186 decore.

223 3215 410 3285 αὐτῆς,
441 3221 536 3271 καὶ
570 3221 918 3294 ἐφεδρεύουσι
939 3230 1134 3298 χρᾶναι
1166 3229 1461 3303 βιαζόμενα
1498 3236 1595 3307 τὴν
1624 3215 1789 3290 θεοεί-

224 3309 372 3361 κελον
406 3312 583 3382 αὐτῆς
610 3315 821 3388 ἐκείνην
849 3319 940 3370 καὶ
969 3321 1264 3392 ἐπέραστον
1303 3325 1470 3380 ἰδέαν’
1505 3327 1692 3401 ὥσπερ
1724 3331 1787 3403 δὴ

226 3402 311 3452 καὶ
365 3404 393 3454 ὁ
443 3407 732 3478 προφήτης
807 3409 1072 3482 Ἱερεμίας
1120 3417 1463 3488 παρίστησιν,
1515 3402 1787 3486 ὀνειδίζων

237 3490 588 3563 Ἰερουσαλήμ
613 3511 627 3523 ⁸
677 3497 845 3565 Ὀψις
871 3502 1099 3569 πόρνης
1121 3503 1357 3574 ἐγένετό
1395 3524 1492 3563 σοι
1510 3527 1524 3541 ⁸
1589 3513 1784 3580 ἀπην-

228 3584 638 3650 αισχύντησας
685 3588 970 3644 ἀπέναντι
1016 3592 1133 3646 τῶν·
1186 3595 1452 3662 ἐραστῶν
1504 3617 1620 3654 σου
1640 3619 1652 3632 ·
1687 3603 1785 3674 τὴν

232 3672 613 3742 παρασχοῦσαν
655 3677 851 3750 ἑαυτὴν
900 3684 1018 3745 ταῖς
1067 3683 1465 3757 ἀντικειμέναις
1497 3672 1784 3760 δυνάμεσιν

232 3764 309 3823 εἰς
336 3761 631 3834 βεδήλωσιν
657 3766 847 3835 λέγων.
903 3771 1158 3843 Ἐρασταὶ
1184 3776 1291 3847 γάρ
1318 3779 1454 3830 εἰσιν
1484 3779 1511 3830 ὁ
1540 3779 1785 3844 διάϐολος

233 3852 323 3903 καὶ
348 3853 396 3905 οἱ
415 3857 545 3926 περὶ
589 3857 751 3912 αὐτὸν
803 3859 1042 3928 ἄγγελοι,
1094 3865 1144 3915 οἱ
1171 3866 1232 3919 τὸ
1267 3866 1478 3935 λογικὸν
1507 3869 1661 3939 ἡμῶν
1690 3871 1784 3923 καὶ

232 3940 521 4011 διορατικδν
547 3948 646 4018 τῆς
683 3953 993 4022 φρονήσεως
1020 3955 1212 4021 κάλλος
1248 3960 1478 4028 μιαίνειν
1502 3963 1596 4014 καὶ
1623 3962 1784 4032 μολύ-

232 4052 335 4090 νειν
375 4041 440 4109 τῇ
492 4041 702 4094 ἑαυτῶν
749 4043 996 4116 ἐπιμιξίᾳ
1031 4050 1428 4121 τεχναζόμενοι,
1469 4053 1561 4105 καὶ
1608 4057 1786 4125 μοιχοὶ

234 4132 470 4196 γενέσθαι
517 4135 698 4205 πάσης
735 4135 836 4208 τῆς
863 4138 940 4208 τῷ
989 4141 1175 4213 Κυρίῳ
1207 4145 1648 4218 νενυμφευμένης
1671 4148 1788 4200 ἐπι-

236 4220 515 4292 θυμοῦντες
538 4225 736 4297 ψυχῆς.

1890 3226 2070 3294 Quare
2095 3229 2361 3297 spiritalia
2393 3229 2636 3299 nequitia:
2660 3229 2704 3260 “
2735 3241 2853 3282 eam
2877 3224 3085 3296 perdite
3113 3231 3318 3288 amant,
3352 3239 3449 3278 ne-

1889 3326 2149 3390 ctuntque
2200 3319 2465 3384 insidias,
2519 3318 2756 3374 efflictim
2814 3319 3153 3374 connitentes
3221 3327 3282 3370 ut
3329 3315 3446 3385 ejus

1889 3410 2206 3467 deiformem
2235 3411 2380 3464 illam
2413 3409 2967 3480 amabilissimamque
2997 3409 3230 3479 speciem
3264 3408 3448 3463 detur-

1889 3512 2018 3574 pent
2047 3519 2109 3556 ac
2139 3503 2411 3574 polluant;
2442 3502 2521 3556 uti
2541 3509 2595 3558 et
2625 3502 2885 3573 propheta
2918 3501 3180 3557 Jeremias
3216 3502 3443 3563 indicat,

1888 3596 2222 3668 exprobrans
2262 3594 2564 3652 Jerusalem
2601 3615 2614 3651 :
2666 3593 2838 3648 Frons
2873 3595 3155 3647 meretricis
3201 3594 3342 3662 facta
3370 3603 3448 3645 est

1890 3688 1986 3743 tibi
2009 3704 2028 3740 :
2058 3687 2272 3742 noluisti
2294 3687 2589 3743 erubescere
2612 3689 2665 3742 in
2692 3694 2966 3754 conspectu
3003 3695 3297 3738 amatorum
3326 3692 3445 3736 tuo-

1890 3797 2007 3834 rum
2031 3782 2094 3844 ³⁷,
2127 3780 2195 3834 de
2222 3795 2284 3836 ea
2309 3781 2538 3851 loquens
2567 3794 2688 3850 qua!
2707 3793 2765 3833 se
2795 3775 3074 3848 prostituit
3116 3773 3443 3830 adversariis

1888 3871 2252 3940 potestatibus
2286 3871 2341 3925 in
2389 3870 2924 3926 contaminationem.
2979 3867 3264 3922 Amatores
3303 3866 3444 3920 cnim

1889 3971 2016 4019 sunt
2039 3964 2287 4021 diabolus
2310 3972 2363 4020 et
2394 3965 2570 4035 angeli
2604 3964 2745 4034 ejus,
2775 3962 2868 4033 qui
2922 3971 3170 4016 nostrum
3200 3974 3322 4014 cum
3353 3973 3444 4011 ra-

1891 4056 2037 4111 tione
2064 4058 2371 4127 ingeniique
2402 4057 2815 4128 perspicacitate
2843 4053 3142 4124 prudentia:
3191 4050 3445 4105 decorem

1894 4147 2134 4217 polluere
2152 4155 2204 4202 et
2233 4149 2519 4218 inquinare
2564 4147 2649 4202 sui
2701 4146 3075 4202 commistione
3127 4142 3446 4197 machinan-

1892 4247 1994 4304 tes,
2027 4255 2244 4296 omnem
2267 4239 2379 4295 Deo
2407 4239 2788 4310 desponsatam
2824 4237 3060 4292 animam
3091 4241 3447 4305 constuprare

1886 4333 2226 4402 percupiunt.

1353 4439 1478 4496 Car.
1507 4441 1568 4498 ll.
1596 4443 1861 4498 Parabola
1888 4443 2058 4499 decem
2087 4447 2363 4516 virginum.

311 4520 428 4574 Ἐὰν
471 4517 564 4575 οὖν
599 4521 895 4593 ἀμόλυντον
923 4526 1080 4580 τοῦτο
1110 4534 1331 4603 τηρήσει
1361 4550 1443 4596 τις
1488 4537 1548 4589 τὸ
1596 4538 1787 4603 κάλλος

1962 4537 2017 4592 Si
2037 4554 2166 4609 ergo
2197 4540 2506 4594 inviolatam
2541 4539 2810 4596 custodiat
2830 4539 2952 4609 quis
2979 4545 3032 4592 et
3055 4538 3275 4594 illaasam
3306 4537 3448 4591 hanc

239 4613 320 4665 καὶ
368 4616 567 4678 ἀσινὲς,
623 4617 715 4668 καὶ
753 4616 1011 4682 τοιοῦτον,
1049 4622 1228 4674 ὁποῖον
1266 4625 1425 4688 αὐτὸς
1453 4627 1481 4680 ὁ
1516 4633 1784 4703 συστησά-

300 4732 343 4763 ¹⁶
379 4729 666 4800 Ephes.n,
705 4733 793 4787 1‘2.
873 4736 913 4766 ³⁷
954 4735 1252 4802 Jerem.m,
1280 4739 1332 4794 ὅ.

242 4846 308 4897 rti
336 4848 656 4928 sacerdotio,
712 4866 815 4905 nec
841 4852 1021 4906 minus
1054 4852 1203 4928 clero
1234 4854 1444 4924 reliquo
1482 4856 1786 4928 {spacedov-

243 4931 352 4977 τες,
385 4920 696 5000 pptioresjn
730 4936 796 5000 eo
828 4933 1012 5000 partes
1049 4923 1331 5000 _obtinent,
1354 4920 1509 5000 quod
1533 4920 1586 4982 et
1610 4929 1785 5000 ἀσκή-

242 5001 320 5064 σει
342 4987 586 5066 cultuque
608 4987 844 5066 ἀγνείας
869 4993 1062 5060 majori
1094 4987 1397 5063 praestant,-
1416 4997 1534 5065 ejus
1592 4987 1786 5066 sponte

242 5061 317 5108 rei
353 5062 572 5136 votoque
608 5061 876 5136 labioruni
910 5061 1155 5136 suorum,
1188 5080 1296 5136 non
1351 5061 1513 5136 quod,
1535 5061 1780 5123 Ecclesia

241 5131 605 5206 necessitatem
616 5131 1053 5206 ordinationibus
1053 5134 1182 5206 _suis
1201 5131 1474 5206 indixerit.
1488 5135 1777 5194 COIIBEFIS.

306 5196 554 5265 (85,)φῶς
581 5201 651 5274 ἐν
673 5201 1020 5274 ἀφράστως.
1052 5201 1267 5257 Praetuli
1299 5220 1459 5274 quam
1497 5209 1778 5263 lectionem

242 5280 571 5334 nepraesmtat
590 5268 699 5326 Leo
718 5268 980 5334 'Allatius,
1005 5275 1105 5327 etsi
1137 5275 1181 5327 is
1206 5276 1259 5327 in
1284 5268 1533 5332 versione
1556 5280 1780 5333 alteram

244 5347 553 5416 gecutusest,
573 5357 735 5410 quam
755 5344 1024 5416 espressit
1041 5343 1206 5399 editio
1225 5345 1420 5415 Lupar.
1443 5355 1694 5416 tanquam
1718 5366 1784 5404 ex

247 5401 373 5483 Vat,
405 5418 464 5462 ut
486 5401 740 5483 nimirum
761 5401 1173 5481 τδάρράστοις
1189 5416 1287 5468 καὶ
1303 5401 1788 5483 ἃπροσίὼιςώῦλ

245 5477 398 5554 solute
412 5489 658 5554 ponatur.
675 5477 1024 5554 Palamenirn
1046 5477 1280 5554 respexit
1299 5477 1600 5542 Methodius
1621 5477 1786 5544 illud!

251 5541 464 5629 nmjr,
499 5551 565 5603 is
592 5552 751 5629 ;__«1_»p;
770 5552 931 5605 οἰκῶν
961 5541 1272 5629 augeat-cm,
1297 5557 1399 5622 Qui
1418 5541 1675 5629 inhabitat
1707 5541 1787 5612 tit;

245 5629 338 5699 ςεπι
366 5621 804 5699 ἱηᾳσεεεεὶὑὶίεηι;
845 5639 1002 5699 quem
1044 5621 1096 5699 is
1127 5621 1572 5699 re_ct_e,__'eamdcm
1611 5631 1780 5698 ipsam

247 5683 398 5765 lugent
424 5683 830 5765 interpretatur,
862 5683 940 5746 sic
969 5694 1021 5746 in
1072 5683 1432 5750 ineli‘abilibns
1457 5706 1510 5751 et
1539 5683 1782 5754 inacces-

249 5757 471 5816 millibus
491 5757 892 5832 quiescentem;
928 5779 1034 5818 non
1057 5766 1435 5834 potestatibus,
1463 5769 1558 5824 sed
1580 5771 1630 5824 d-i
1641 5772 1777 5825 vinis

1888 4635 2365 4704 pulchritudinem,
2412 4635 2635 4691 omnino
2696 4635 2860 4690 talem
2909 4633 3126 4704 qualem
3182 4633 3298 4703 ipse
3354 4630 3446 4700 qui

1890 4860 2004 4915 suis
2027 4861 2184 4917 bonis
2209 4877 2272 4916 ac
2301 4861 2519 4918 dotibus
2541 4861 2664 4930 ;qui
2700 4863 2983 4931 potestatis
3014 4859 3444 4931 abundantiasic

1887 4931 2096 4986 animas
2127 4933 2192 4985 ad
2229 4933 2478 5002 imaginis
2524 4928 2634 4986 sua:
2669 4928 2953 5003 imaginem
2987 4931 3306 5003 condiderit.
3341 4928 3445 4994 Qui

1888 5017 2028 5055 unus
2079 5019 2272 5057 sensus
2313 5000 2574 5066 angustus
2630 5011 2732 5063 est,
2786 5000 2849 5056 ac
2885 5001 3155 5056 Methodio
3200 5000 3442 5069 dignus:

1887 5073 2023 5125 alter
2053 5073 2208 5127 valde
2236 5073 2504 5141 insipidus
2531 5080 2585 5127 et
2612 5074 2844 5127 alienus.
2869 5071 3040 5126 Porro
3075 5071 3218 5141 quod
3253 5069 3445 5139 imagi-

1885 5143 1972 5195 nis
2002 5142 2287 5212 imaginem
2319 5143 2451 5196 dicit
2501 5151 2712 5197 crcatas
2734 5145 2966 5208 animas,
3028 5141 3446 5212 secundunLap-

1888 5207 2308 5282 propriationeni
2335 5214 2493 5268 debet
2523 5214 2768 5282 intelligi,
2803 5221 2855 5266 et
2902 5207 3042 5282 quod
3073 5212 3248 5282 imago
3308 5207 3445 5282 Filio

1887 5281 2159 5352 tribuatur:
2184 5284 2498 5352 exispeciali
2519 5280 2725 5339 ratione
2747 5297 2857 5338 suae
2882 5280 3280 5352 processionis.
3301 5280 3444 5352 quod

1892 5351 1964 5422 sit
2017 5351 2194 5408 Patris
2255 5350 2514 5416 verbum,
2549 5362 2604 5407 et
2634 5350 2898 5422 expressa
2923 5351 3070 5422 illius
3123 5350 3444 5422 similitudo.

1896 5421 2159 5475 Caeterum
2223 5431 2280 5475 ut
2311 5439 2416 5478 non
2448 5433 2595 5478 creat
2643 5420 2800 5476 Pater
2840 5429 2897 5474 ut
2943 5420 3120 5481 Pater.
3179 5421 3271 5475 sed
3304 5436 3445 5474 unus

1894 5491 2009 5559 ipse
2033 5491 2196 5550 Deus.
2227 5507 2348 5545 cum
2384 5493 2521 5546 Filio
2553 5508 2614 5546 ac
2649 5493 2850 5560 Spiritu
2887 5499 3074 5545 sancto
3097 5489 3172 5561 (id
3197 5490 3447 5561 estbeata

1893 5561 2150 5631 Trinitas)
2189 5578 2296 5616 una
2352 5565 2546 5627 virtus,
2615 5577 2717 5616 una
2750 5569 3030 5631 potestas;
3065 5560 3143 5617 sic
3176 5578 3348 5631 neque
3379 5560 3447 5614 ad

1890 5633 2173 5702 imaginem
2206 5631 2365 5687 Verbi
2393 5641 2452 5686 ut
2485 5633 2713 5686 Verbum
2747 5642 2848 5696 est,
2872 5642 3043 5688 creat.
3073 5631 3165 5702 sed
3197 5633 3260 5685 ad
3291 5645 3443 5702 suam

1888 5700 2018 5776 ipse
2037 5710 2099 5776 u_t_
2126 5701 2266 5776 Deus
2299 5719 2439 5757 unus
2496 5711 2598 5776 est,
2635 5719 2885 5776 unusque
2923 5719 3045 5759 cum
3075 5701 3210 5757 Filio
3237 5710 3286 5757 ct
3314 5700 3446 5754 Ver-

1887 5771 1952 5826 bo
1973 5786 2034 5827 ac
2067 5771 2270 5839 Spiritu
2295 5785 2524 5830 creator.
2556 5774 2630 5828 ln'.
