3964 6226
483 353 589 410 115

1460 351 1519 410 S.
1560 352 1888 411 ΜΕἸἮΟΒΙῙ
1927 351 2231 409 EPISCOPI
2270 350 2365 409 ΕΤ
2402 351 2765 408 MARTYRIS

481 474 729 532 condidit
745 474 1046 546 pinxitque,
1064 484 1184 528 eam
1213 472 1419 530 eﬂinxit
1445 489 1511 530 ac
1539 475 1860 544 efformavit,
1879 486 2030 533 aeter-

2143 492 2303 548 μενος
2354 475 2488 531 αὐτὸ
2538 475 2635 529 καὶ
2667 474 3032 547 ζωγραφήσας
3076 471 3422 535 ἁπετύπωσε,
3456 466 3708 541 ripam:-

482 582 610 622 nam
669 567 914 622 imitatus
950 571 1201 620 naturam
1233 574 1287 621 et
1319 566 1713 638 intelligibilem
1743 609 1760 634 ,
1792 568 1951 639 cujus
1979 577 2035 624 et

481 658 646 713 homo
667 656 948 711 character
968 664 1050 711 est
1069 670 1434 727 expressaque
1453 654 1674 726 eﬁlgies,
1692 655 1867 713 factus
1890 657 2038 713 velut

482 747 831 802 simulacrum
854 746 1316 818 elegantissimum
1343 757 1399 803 et
1419 762 1636 804 sacrum
1661 767 1675 804 :
1699 750 1829 805 hinc
1854 757 2037 806 trans-

483 838 623 893 latus
654 837 707 892 in
741 838 1027 895 beatorum
1048 840 1348 904 civitatem,
1380 841 1434 896 in
1450 841 1615 895 ccelos
1634 841 1863 905 scilicet,
1889 842 2038 897 velut

480 930 535 984 in
562 930 765 1000 templo
794 931 1173 987 collocabitur.
1199 930 1633 988 lncontaminata
1660 947 1824 1005 porro
1845 942 2035 990 nostra

477 1025 826 1094 pulchritudo
849 1033 980 1081 tunc
1024 1027 1227 1098 optime
1259 1036 1507 1085 servatur
1533 1037 1587 1085 et
1608 1044 1819 1095 secure,
1848 1044 1973 1084 cum
2002 1044 2036 1084 a

476 1117 787 1186 virginitate
813 1124 1077 1187 protecta,
1112 1118 1371 1175 exteriori
1403 1120 1769 1191 corruptionis
1799 1121 2036 1176 :estuin-

477 1205 689 1262 fuscata
715 1222 823 1262 non
855 1207 1056 1277 fuerit;
1088 1209 1181 1265 sed
1211 1209 1329 1280 ipsa
1363 1209 1418 1266 in
1450 1226 1509 1266 se
1534 1211 1650 1282 ipsa
1683 1226 2032 1282 permanens,

477 1306 671 1354 ornatu
689 1300 915 1370 justitiae
943 1309 1178 1372 compta,
1208 1302 1264 1357 in
1293 1317 1548 1373 sponsam
1567 1301 1706 1357 Filio
1725 1301 1819 1358 Dei
1849 1318 2036 1361 acces-

476 1392 630 1456 serit,
652 1392 1106 1463 quemadmodum
1125 1393 1243 1465 ipse
1260 1396 1522 1460 insinuat,
1548 1395 1848 1452 admonens
1870 1411 2036 1467 opor-

473 1490 591 1539 tere
623 1484 679 1538 in
710 1486 911 1542 nostris
937 1487 1280 1557 corporibus,
1304 1487 1451 1543 velut
1475 1487 1530 1541 in
1554 1487 1918 1557 lampadibus,
1946 1489 2035 1544 lu-

472 1590 603 1629 men
616 1577 888 1634 castitatis
917 1579 1161 1634 accendi.
1193 1578 1472 1650 Siquidem
1499 1579 1545 1611 “
1560 1578 1745 1634 decem
1761 1581 2031 1651 virginum

472 1680 755 1733 numerus,
788 1668 1001 1727 animas
1034 1670 1202 1727 refert
1233 1670 1516 1728 credentes
1547 1671 1602 1725 in
1631 1670 1908 1728 Christum
1938 1671 2037 1729 Je-

473 1768 623 1818 sum;
664 1757 871 1815 denarii
898 1768 1048 1828 nota,
1084 1771 1285 1819 rectam
1319 1764 1377 1819 in
1424 1761 1583 1819 cmlis
1605 1764 1746 1819 viam
1774 1780 1897 1835 qua:
1924 1780 2035 1821 una

2135 585 2246 621 νιον
2280 567 2772 641 ἀπομιμησάμενος
2800 565 2959 635 φύσιν
2997 564 3090 619 καὶ
3123 562 3318 634 νοητὴν
3343 560 3475 633 (86),
3512 557 3584 632 ἦς
3611 562 3711 614 καί

2136 661 2419 732 χαρακτήρ
2444 661 2589 713 ἐστιν
2620 661 2651 712 ό
2680 658 2963 729 ἄνθρωπος
3000 658 3095 711 καὶ
3131 654 3510 725 ἀπεικόνισμα,
3546 670 3713 723 γεγο-

2134 750 2240 817 νὼς
2275 747 2387 807 οἷον
2430 751 2652 823 ἄγαλμά
2679 769 2731 805 τι
2770 749 3252 822 περικαλλέστατον
3283 748 3376 801 καὶ
3406 747 3546 817 ίερόν
3563 762 3578 775 ·
3626 747 3712 798 ἐν-

2136 842 2325 897 τεῦθεν
2378 844 2718 916 μετενεχθεὶς
2759 844 2839 907 εις
2866 842 2969 912 τὴν
3001 843 3261 913 μακάρων
3294 839 3449 893 πόλιν
3474 839 3600 901 τοὺς
3625 837 3707 891 ού-

2136 935 2354 1007 ρανοὺς,
2412 935 2601 1007 ὥσπερ
2630 938 2689 989 ἐν
2728 933 2841 1006 ναῷ
2876 932 3366 1005 κατοικισθήσεται.
3407 932 3713 1003 Ἀχραντον

2132 1016 2245 1100 γὰρ
2270 1029 2331 1082 τδ
2347 1028 2541 1093 κάλλος
2591 1029 2747 1101 ἡμῶν
2768 1028 2963 1099 ἄριστα
2993 1028 3113 1082 τότε
3137 1030 3379 1097 τηρεῖται
3407 1025 3505 1078 καὶ
3532 1025 3713 1092 ἀσφα-

2133 1118 2259 1184 λῶς,
2283 1121 2483 1175 ὁπόταν
2513 1120 2579 1193 δὴ
2610 1120 2877 1193 παρθενίᾳ
2926 1120 3277 1190 σκεπόμενον,
3319 1116 3424 1170 ὑπὸ
3445 1115 3539 1170 τοῦ
3569 1115 3714 1170 καῦ-

2137 1229 2306 1276 σωνος
2336 1212 2535 1278 ἔξωθεν
2564 1211 2639 1284 μὴ
2685 1211 3003 1284 μελαίνηται
3031 1210 3131 1281 τῆς
3162 1208 3401 1280 φθορᾶς·
3432 1206 3546 1261 ἀλλ’
3573 1205 3714 1261 αὐτὸ

2136 1306 2221 1377 ἐφ’
2267 1305 2446 1379 ἐαυτῷ
2505 1305 2664 1378 μένον
2706 1304 3021 1378 δικαιοσύνῃ
3070 1303 3362 1373 κοσμῆται,
3408 1318 3714 1373 νυμφαγω-

2133 1396 2396 1469 γούμενον
2420 1396 2501 1468 τῷ
2533 1396 2650 1469 Υίῷ
2696 1394 2790 1449 τοῦ
2827 1394 2961 1449 Θεοῦ
2986 1412 3000 1427 ο
3024 1395 3085 1449 ὃν
3118 1395 3318 1465 τρόπον
3335 1392 3398 1465 δὴ
3422 1393 3513 1447 καὶ
3545 1392 3714 1456 αὐτὸς

2134 1493 2455 1564 εἰσηγεῖται,
2506 1491 2701 1565 χρῆναι
2759 1488 3060 1562 παραινῶν,
3106 1487 3296 1558 ὥσπερ
3334 1489 3391 1540 ἐν
3433 1485 3711 1556 λαμπάσι,

2131 1582 2252 1645 ταῖς
2309 1580 2596 1651 σφετέραις
2657 1576 2849 1650 σαρξὶ,
2902 1577 2964 1631 τὸ
3025 1576 3145 1646 φῶς
3208 1572 3564 1630 ἀνακαίεσθαι
3608 1572 3714 1642 τῆς

2133 1672 2375 1743 ἁγνείας.
2435 1670 2764 1743 Ἐπειδήπερ
2794 1669 2824 1722 ό
2859 1667 2967 1721 τῶν
2993 1667 3128 1721 δέκα
3159 1664 3444 1737 παρθένων
3476 1662 3715 1735 ἀριθμὸς

2132 1763 2231 1826 τὰς
2258 1764 2342 1826 είς
2379 1760 2613 1833 Χριστὸν
2659 1756 2862 1830 Ἰησοῦν
2903 1754 3329 1818 πεπιπευκυίας
3360 1751 3715 1826 ἀριθμεῖσθαι

473 1851 657 1905 solum
669 1858 772 1917 est,
789 1860 1202 1924 reprzesentans.
1229 1853 1428 1910 Verum
1447 1870 1634 1910 earum
1650 1854 1889 1926 quinque
1906 1872 2030 1926 pru-

2138 1854 2384 1926 βούλεται
2426 1853 2633 1925 ψυχάς·
2670 1850 2750 1922 τῷ
2796 1851 2927 1904 δέκα
2962 1850 3062 1921 τὴν
3102 1845 3507 1902 ἁπευθύνουσαν
3538 1844 3716 1915 μόνην

472 1942 664 1999 dentes
691 1944 879 2015 utique
905 1952 960 2000 et
988 1946 1261 2016 sapientes
1308 1956 1496 2014 erant;
1551 1947 1794 2019 quinque
1850 1955 2032 2004 autem

470 2032 641 2088 fatum
660 2042 715 2089 et
745 2034 1095 2106 insipientes:
1135 2052 1244 2093 non
1275 2039 1420 2094 enim
1451 2038 1786 2111 diligentiam
1814 2056 2006 2096 curam

468 2141 578 2195 que
607 2126 931 2195 habuerunt,
965 2138 1026 2185 ut
1057 2145 1186 2186 vasa
1215 2145 1314 2187 sua
1336 2132 1459 2188 oleo
1476 2133 1637 2204 plena
1671 2133 2027 2199 instruerent,

464 2219 675 2287 justitia
702 2235 887 2277 vacuae
905 2231 1269 2281 remanentes.
1302 2222 1407 2280 Per
1432 2226 1533 2282 has
1560 2226 1706 2281 enim
1740 2226 1863 2282 illas
1878 2225 2028 2282 desi-

468 2320 598 2382 gnat
624 2328 745 2384 qua
778 2313 846 2369 ad
877 2314 1209 2387 virginitatis
1236 2314 1375 2371 fines
1400 2316 1634 2372 evadere
1662 2317 2025 2381 contendunt,

469 2413 774 2477 cunctaque
797 2406 1022 2462 honeste
1042 2404 1205 2478 atque
1230 2407 1413 2463 sobrie
1429 2416 1709 2478 praestant,
1732 2424 1797 2465 eo
1818 2408 2028 2463 condu-

467 2500 645 2555 centia
674 2506 733 2553 ut
760 2513 997 2554 amorem
1037 2498 1183 2553 hunc
1229 2500 1483 2570 expleant
1518 2520 1533 2555 :
1561 2516 1791 2572 quaeque
1817 2502 1923 2557 hoc
1968 2517 2036 2558 se

468 2597 714 2660 spectare
742 2589 1117 2660 proﬁteantur,
1157 2597 1318 2662 atque
1334 2601 1393 2647 ut
1421 2592 1547 2647 hinc
1576 2594 1895 2664 glorientur,
1929 2608 2028 2649 ne-

469 2681 757 2753 gligentius
784 2690 964 2736 tamen
996 2690 1178 2753 agant,
1229 2690 1285 2739 et
1329 2684 1519 2739 mundi
1556 2684 2030 2741 vicissitudinibus

469 2775 756 2829 vincantur
789 2794 811 2829 :-
833 2789 952 2844 quas
977 2772 1211 2855 denique
1227 2774 1376 2831 velut
1404 2779 1590 2847 potius
1628 2777 1791 2832 inane
1813 2777 2031 2833 virtutis

467 2867 819 2923 simulacrum
850 2866 969 2922 rudi
1002 2868 1317 2924 umbrarum
1357 2868 1526 2925 ductu
1561 2869 1837 2925 delineant
1863 2884 2031 2941 quam

467 2958 641 3027 ipsam
662 2959 843 3012 vivam
876 2972 941 3013 ac
977 2959 1273 3027 spirantem
1305 2959 1590 3017 veritatem
1618 2961 1871 3017 alliciant.

2135 1947 2253 2003 ὁδὸν
2276 1948 2357 2011 είς
2378 1947 2505 2011 τοὺς
2529 1947 2793 2019 οὐρανοὺς
2836 1941 3303 2013 ἀποτυπούμενος.
3352 1938 3492 1992 Ἀλλ’
3520 1939 3576 1992 at
3607 1937 3721 2008 μὲν

2135 2037 2297 2091 πέντε
2357 2036 2624 2107 ἔμφρονες
2666 2034 2963 2105 ἐτύγχανον
3009 2032 3129 2104 ἄρα
3167 2032 3261 2085 καὶ
3324 2029 3513 2100 σοφαί”
3557 2030 3612 2082 ai
3651 2028 3717 2083 δὲ

2139 2130 2301 2183 πέντε
2333 2129 2516 2200 μωραὶ
2560 2127 2654 2181 καὶ
2699 2125 2891 2196 ἄσοφοί
2915 2141 3090 2189 τινες⁶
3140 2125 3201 2177 ού
3230 2123 3340 2195 γὰρ
3368 2121 3717 2196 ἐπρομηθεύ-

2134 2239 2294 2276 σαντο
2314 2220 2495 2275 ἐλαίου
2533 2219 2682 2291 σφῶν
2707 2219 2777 2274 τὰ
2815 2221 3010 2289 ἀγγεῖα
3046 2217 3227 2289 πλήρη
3266 2216 3709 2286 παρασκευάσαι,

2133 2312 2477 2384 δικαιοσύνης
2518 2312 2878 2384 ἀπομείνασαι
2922 2309 3098 2365 κεναί.
3140 2309 3448 2364 Αίνίσσεται
3483 2306 3591 2380 γὰρ
3621 2307 3715 2363 διὰ

2134 2406 2469 2470 τούτων.τὰς
2511 2405 2605 2460 ἐπὶ
2650 2405 2861 2477 πέρατα
2904 2403 3201 2476 παρθενίας
3237 2402 3716 2473 ἐπισπερχομένας

2135 2500 2328 2566 ἐλθεῖν,
2355 2500 2450 2556 καὶ
2466 2499 2645 2555 πάντα
2675 2501 2756 2564 είς
2780 2498 2841 2552 τὸ
2869 2495 3221 2570 πληρωθῆναι
3247 2496 3587 2550 συντείνοντα
3617 2495 3713 2549 τὸν

2134 2591 2310 2665 ἔρωτα
2355 2590 2543 2646 τοῦτον
2585 2590 2827 2662 κοσμίως
2857 2587 3071 2662 δρώσας
3122 2588 3217 2642 καὶ
3256 2588 3546 2661 σωφρόνως
3563 2603 3578 2617 ο
3614 2588 3718 2641 καὶ

2132 2684 2232 2747 τὰς
2277 2681 2750 2754 ἐπαγγελλομένας
2809 2682 2910 2753 μὲν
2955 2682 3046 2735 καὶ
3097 2680 3498 2752 σεμνυνομένας
3550 2678 3717 2733 τοῦτο

2136 2778 2380 2841 σκοπεῖν,
2426 2774 2794 2847 όλιγωρούσας
2814 2773 2872 2827 δὲ
2914 2773 3009 2827 καὶ
3033 2771 3352 2844 ἡττωμένας
3378 2772 3476 2824 τοῦ
3501 2770 3712 2841 κόσμου

2134 2870 2253 2932 ταῖς
2288 2865 2626 2936 ἐξαλλαγαῖς,
2662 2865 2758 2920 καὶ
2793 2864 2981 2936 ὥσπερ
3026 2862 3470 2936 σκιαγραφούσας
3506 2862 3721 2935 μᾶλλον

2134 2958 2353 3013 εἴδωλον
2406 2958 2607 3031 ἀρετῆς
2651 2959 2686 3030 ἢ
2731 2956 2899 3029 αὐτὴν
2933 2955 3305 3029 ἐργαζομένας
3340 2956 3579 3028 ἔμπνουν
3609 2955 3717 3028 τὴν

2136 3050 2415 3123 ἀλήθειαν.

1135 3171 1266 3229 CAP.
1288 3171 1378 3230 ιη.
1423 3172 1757 3246 Virginitatis
1781 3174 1919 3230 idem
1954 3182 2174 3230 conatus
2208 3184 2260 3228 et
2288 3175 2574 3247 aggressio,
2603 3173 2807 3245 dispari
2836 3174 3004 3229 exitu.

537 3287 695 3356 Quod
722 3289 871 3345 enim
888 3289 1091 3347 dicitur
1121 3291 1188 3359 ",
1222 3290 1408 3347 Simile
1434 3292 1638 3363 factum
1664 3311 1776 3350 esse
1802 3311 2019 3366 regnum

2191 3293 2267 3346 Τὸ
2303 3291 2416 3364 γὰρ
2459 3291 2768 3363 λεγόμενον,
2821 3290 3168 3361 Ὦμοιῶσθαι
3220 3288 3339 3357 τὴν
3372 3288 3713 3352 ,βασιλείαν

463 3380 712 3437 calorum
741 3382 915 3438 decem
927 3382 1243 3456 uirginibus,
1272 3401 1391 3457 qua
1417 3387 1728 3456 accipientes
1755 3389 2031 3461 lampades

464 3490 591 3528 suas
618 3475 856 3529 exierunt
879 3476 1081 3531 obviam
1113 3476 1335 3546 Sponsa,
1366 3478 1469 3533 hoc
1499 3479 1604 3534 sibi
1625 3480 1762 3545 vult,
1784 3483 2033 3539 eamdem

464 3566 828 3637 professionis.
841 3583 905 3623 ac
926 3568 1161 3624 instituti
1206 3568 1349 3623 viam
1380 3583 1572 3625 omnes
1598 3570 1851 3641 elegisse,
1882 3574 2027 3643 quod

463 3658 582 3727 ipsa
603 3658 852 3729 designat
880 3658 1132 3715 elementi
1159 3658 1281 3714 Ivis
1308 3672 1373 3712 ac
1405 3659 1618 3715 denarii
1646 3669 1797 3717 nota.
1833 3661 1892 3718 ln
1908 3679 2034 3720 eam

463 3750 609 3805 enim
642 3766 702 3807 se
742 3751 944 3822 pariter
993 3764 1113 3807 rem
1145 3755 1521 3818 accinxcrunt,
1569 3764 1851 3827 assumpta
1900 3772 2029 3827 pro-

462 3839 703 3898 fessione
725 3859 743 3910 ;
764 3857 993 3914 eamque
1011 3843 1082 3898 oh
1110 3858 1227 3898 rem
1241 3852 1511 3899 vocantur
1537 3843 1748 3912 decem,
1772 3844 1918 3915 quod
1954 3845 2032 3900 ni-

463 3933 664 3986 mirum
685 3933 826 3989 idem
854 3934 1193 4004 propositum
1215 3948 1279 3989 ac
1307 3934 1639 4000 institutum,
1665 3935 1741 3989 uti
1758 3934 2028 4002 dicebam,

462 4024 812 4095 arripuerunt
849 4042 866 4080 :
899 4040 1002 4081 nec
1043 4034 1226 4082 tamen
1261 4027 1466 4098 pariter
1515 4027 1678 4083 etiam
1729 4042 1921 4085 omnes
1971 4027 2031 4082 in

460 4128 754 4169 occursum
768 4112 967 4185 Sponsi
978 4114 1249 4181 exierunt.
1277 4114 1413 4171 Nam
1439 4131 1627 4172 earum
1643 4115 1862 4187 quidem
1884 4118 2032 4183 aliae,

459 4206 609 4277 Quod
641 4215 695 4263 et
724 4206 781 4263 in
810 4212 1046 4269 futurum
1070 4206 1337 4264 suliiceret
1366 4208 1710 4279 lampadibus
1731 4209 1852 4264 oleo
1874 4208 2031 4264 llam-

460 4315 607 4355 mam
638 4301 930 4367 alentibus,
967 4300 1362 4356 nutrimentum
1394 4303 1617 4371 copiose
1655 4301 1912 4373 largeque
1933 4317 2031 4373 pa-

459 4399 753 4459 raverant;
809 4393 929 4448 alia;
953 4408 1103 4458 vero,
1145 4392 1401 4463 praesenti
1450 4393 1712 4448 duntaxat
1758 4402 2029 4451 contenta:

457 4497 615 4547 cura,
644 4484 923 4555 segniores
952 4487 1292 4542 exstiterant.
1330 4484 1511 4553 Quare
1556 4486 1721 4542 etiam
1756 4488 1873 4557 pari
1903 4489 2027 4560 qui-

2129 3384 2251 3440 z'd'w
2279 3383 2549 3454 οὐρανῶν
2568 3383 2715 3439 δέκα
2743 3383 3080 3453 παρθένοις,
3114 3383 3336 3449 αἵτινες
3357 3382 3578 3436 ἔλαϐον
3602 3382 3728 3448 τὰςς

2129 3476 2450 3545 λαμπάδας
2465 3475 2683 3539 αὐτῶν,
2718 3477 2815 3531 καί
2851 3475 3120 3545 ἐξῆλθον
3145 3473 3607 3541 ἁπαντήσουσαι
3628 3472 3715 3540 τῷ

2130 3570 2408 3639 Νυμφίῳ,
2458 3569 2742 3640 σημαίνειν
2789 3568 3032 3639 βούλεται
3082 3568 3221 3640 (87),
3247 3567 3345 3640 τὴν
3390 3566 3558 3639 αὐτὴν
3589 3566 3729 3620 ὁδὸν»

2134 3660 2229 3714 τοῦ
2286 3658 2714 3733 ἐπιτηδεύματος
2759 3661 3183 3735 ἐπανῃρημένην
3214 3660 3303 3714 διὰ
3334 3659 3429 3732 τὴν
3472 3659 3726 3731 ἔμφασιν

2134 3752 2228 3806 τοῦ
2246 3754 2279 3807 I’
2298 3752 2580 3824 στοιχείου.
2620 3753 2957 3808 Ἐστείλαντο
2982 3754 3081 3825 μὲν
3096 3753 3206 3824 γὰρ
3229 3753 3286 3807 αἱ
3310 3751 3727 3823 παραπλησίως

2135 3845 2331 3909 ἑαυτὰς
2352 3846 2432 3909 είς
2461 3845 2618 3899 τοῦτο
2650 3845 3177 3917 καθομολογήσασαι,
3212 3846 3309 3900 καὶ
3331 3845 3504 3918 ταύτῃ
3528 3845 3725 3917 κικλή-

2136 3952 2355 3991 σκονται
2401 3937 2531 3992 δέκα
2553 3979 2567 4003 ,
2623 3937 2807 4010 ἐπειδὴ
2841 3938 2941 4010 τὴν
2973 3938 3161 4010 αὐτὴν,
3191 3937 3266 4002 ὡς
3299 3937 3457 4009 ἔφην,
3506 3936 3733 3991 εἴλοντο»

2136 4029 2422 4101 πρόθεσιν
2470 4031 2653 4085 οὐκέτι
2703 4031 2762 4085 δέ
2809 4031 3010 4103 ὁμοίως
3051 4029 3271 4101 ἐξῆλθον
3303 4030 3717 4101 ὑπαντήσουσαι

2135 4122 2214 4194 τῷ
2236 4121 2493 4195 Νυμφίῳ.
2529 4124 2597 4176 Αἱ
2639 4123 2737 4194 μὲν
2768 4122 2877 4195 γὰρ
2902 4123 3108 4194 τροφὴν
3131 4120 3359 4191 ἄφθονον
3384 4122 3477 4175 καὶ
3521 4122 3718 4176 είσαῦ-

2137 4211 2222 4276 θις
2258 4211 2577 4284 ἐπορίσαντο
2628 4215 2747 4276 ταῖς
2787 4212 3189 4285 ἐλαιοθρέπτοις
3229 4211 3540 4284 λαμπάσιν’
3565 4214 3623 4266 αἱ
3651 4212 3723 4268 δὲ

2134 4303 2650 4377 κατερῤᾳθύμησαν,
2674 4304 2766 4359 τοῦ
2786 4304 3050 4375 παρόντος
3082 4305 3238 4376 μόνον
3271 4302 3712 4375 ἐπιμεληθεῖσαι.

2134 4398 2225 4453 Διὸ
2244 4398 2309 4471 δὴ
2326 4399 2420 4453 καὶ
2450 4397 2724 4471 ίσάριθμοι
2766 4400 2902 4471 πρὸς
2923 4400 3084 4453 πέντε
3110 4398 3461 4471 διαιροῦνται,
3489 4398 3718 4471 ἐπειδή-

2134 4508 2240 4564 περ
2262 4493 2361 4556 ca;
2383 4491 2547 4545 πέντε
2579 4492 2882 4564 αἰσθήσεις,
2924 4495 2978 4546 αί
3032 4493 3132 4565 μὲν
3173 4493 3351 4547 αὐτῶν
3377 4491 3717 4563 ἐφυλάξαντο

456 4577 614 4632 nario
637 4576 824 4634 divisa:
858 4593 1008 4647 sunt,
1035 4596 1156 4653 qua:
1178 4580 1362 4637 decem
1386 4587 1575 4638 erant:
1601 4581 1748 4651 quod
1777 4582 2030 4640 videlicet

2137 4584 2381 4657 καθαρὰς
2410 4585 2505 4639 καὶ
2555 4585 2856 4661 παρθένους
2909 4586 3342 4658 ἁμαρτημάτων,
3368 4584 3436 4649 ἃς
3466 4586 3517 4639 οί
3557 4585 3721 4638 πλεῖς

454 4672 695 4744 quinque
722 4688 941 4741 sensus,
972 4690 1109 4746 quos
1139 4674 1386 4747 plerique
1410 4675 1690 4746 sapientiae
1719 4683 1907 4747 portas
1932 4692 2028 4748 ap-

526 4828 572 4861 ”
608 4827 803 4886 Matth.
822 4845 950 4887 xxv.
1027 4833 1070 4866 ¹⁹
1109 4832 1237 4889 ibid.
1274 4834 1328 4891 1.

524 4991 639 5066 (86)
659 4991 779 5066 -Καί
805 4994 1053 5066 νοητήν.
1083 4992 1468 5066 Propriissima
1501 5010 1601 5049 vox
1634 4994 1690 5066 in
1720 4991 1831 5049 Deo
1861 4993 2029 5066 :Wipse

453 5065 598 5119 enim
623 5064 872 5120 absolute
896 5065 958 5122 τὸ
987 5064 1212 5135 νοητόνρ
1228 5066 1427 5136 quippe
1462 5065 1713 5135 superior
1747 5064 2023 5129 omnibus,

454 5150 725 5206 suumque
754 5136 855 5189 sibi
895 5143 949 5190 et
989 5137 1205 5191 cunctis
1234 5135 1459 5206 reliquis
1506 5136 1863 5204 intelligibile,
1916 5151 2026 5191 non

455 5205 549 5274 qui
579 5205 863 5287 ordinetur
889 5207 953 5260 ad
987 5205 1493 5287 alianintelligenda,
1526 5221 1698 5287 eaque
1731 5208 2026 5287 ratione-in

458 5275 829 5349 secundava
860 5276 1065 5349 νοερῶν
1089 5276 1166 5341 (id
1194 5286 1278 5332 est
1314 5275 1786 5349 intellectualium,
1817 5293 1911 5331 seu
1944 5278 2031 5331 in-

456 5345 835 5417 telligentium)
867 5345 1042 5402 classe
1069 5354 1364 5403 statuatur.
1393 5346 1465 5401 De
1491 5364 1596 5417 qua
1620 5363 1753 5403 voce
1772 5350 2030 5417 praeclare

454 5416 747 5487 Dionysius
772 5417 1002 5487 ejusque
1035 5419 1359 5474 scholiastes
1395 5416 1688 5474 Maximus.
1726 5416 1897 5472 valde
1926 5420 2029 5472 im-

455 5486 759 5561 Vroprium,
797 5486 951 5561 quod
997 5488 1123 5544 boni
1162 5490 1327 5561 etiam
1365 5500 1617 5545 auctores
1637 5488 1714 5543 "ab
1753 5489 1943 5561 νοητόν
1976 5495 2029 5543 et

492 5555 633 5629 ἱερόν
681 5555 1044 5629 confundunt,
1087 5574 1212 5616 cum
1255 5560 1491 5627 alterum,
1532 5561 1708 5629 ipsum
1756 5555 2026 5629 obiectum

450 5626 617 5700 Jicat_.
668 5626 897 5700 alterum
943 5632 1239 5700 potentiam
1282 5637 1337 5685 et
1387 5626 1719 5698 facultatem,
1766 5626 1887 5700 qua:
1936 5629 2028 5684 illo

449 5696 607 5772 quasi
649 5697 891 5772 pascitur
922 5696 998 5772 ac
1024 5698 1215 5772 beatur
1241 5715 1401 5772 :quje
1444 5700 1498 5754 in
1539 5700 1648 5756 Deo
1688 5696 2032 5772 simplicissi-

452 5784 560 5836 ma,
596 5767 651 5823 in
686 5768 910 5840 reliquis
951 5768 1123 5827 divisa
1154 5767 1621 5828 suntCCoueris.

2136 4694 2249 4732 στοι
2282 4679 2473 4746 σοφίας
2504 4679 2949 4751 προσηγόρευσαν
2985 4678 3160 4743 πύλας
3180 4696 3193 4709 ο
3224 4679 3282 4732 αἱ
3312 4679 3371 4733 δὲ
3402 4676 3715 4733 τούναντίον

2192 4992 2301 5064 (87)
2324 4995 2962 5064 Σημαίνεινβούλεται.
2987 4992 3105 5049 Alia
3129 4994 3290 5049 lectio
3304 4991 3572 5064 Allatiana
3590 4993 3717 5063 ipsa

2121 5079 2231 5137 non
2255 5063 2628 5137 improbanda,
2666 5066 2940 5137 σημαίνει,
2970 5064 3294 5137 βουληθῆναι
3314 5063 3410 5137 τὴν
3431 5063 3599 5137 αύτὴν
3616 5065 3716 5137 ἁν-

2122 5135 2275 5207 δρνίαν
2300 5134 2616 5207 ἐνδύσασθαι
2648 5134 2848 5199 πάσας,
2893 5134 2979 5206 μη
3020 5134 3267 5207 μέντοιγε
3299 5134 3576 5207 ἐξισχύσαι
3609 5135 3717 5199 τὰς

2126 5204 2308 5269 πέντε,
2345 5206 2571 5261 voluisse
2599 5224 2775 5261 omnes
2805 5204 3042 5260 eamdem
3067 5206 3282 5260 induere
3315 5204 3708 5275 fortitudinem,

2128 5276 2217 5330 sed
2245 5279 2474 5347 quinque
2518 5287 2693 5332 tamen
2741 5279 2874 5331 vires
2915 5278 3202 5346 defecisse;
3250 5291 3448 5345 nempe
3490 5283 3717 5346 arrepto

2130 5349 2422 5403 sanctioris
2454 5348 2577 5402 vita:
2614 5348 2894 5411 instituto,
2930 5360 3213 5418 cceptaque
3251 5347 3522 5418 castitatis
3550 5349 3718 5418 palm-

2132 5427 2268 5481 st‘ra,
2296 5418 2416 5487 ejus
2442 5419 2662 5474 virtutis
2694 5419 2842 5473 cultu
2884 5416 3252 5487 obtorpuisse.
3295 5416 3564 5473 Videntur
3595 5417 3716 5471 haec

2132 5491 2407 5560 respicere
2445 5488 2580 5543 illud
2623 5487 2728 5560 lsa.
2759 5505 2832 5551 LI,
2876 5489 2950 5544 9:
2990 5490 3247 5543 Ἔνδυσαι
3286 5490 3384 5560 τὴν
3418 5487 3713 5560 ίσχὺνγτοέῦ

2135 5556 2417 5630 βραχίονός
2452 5576 2570 5621 σου,
2613 5558 2839 5614 Induere
2881 5559 3247 5630 fortitudinem
3279 5556 3611 5613 brachii'tui.
3647 5556 3717 5614 Et

2131 5629 2283 5701 certe
2312 5631 2451 5685 forte
2477 5638 2775 5697 certamen,
2809 5629 3087 5686 certamen
3116 5631 3389 5687 castitatis
3410 5638 3586 5701 atque
3611 5629 3719 5682 ἁν-

2130 5699 2700 5774 δρίαςωιῂἰηλοωηειη
2729 5704 2895 5774 vitam
2930 5702 3177 5757 accensis
3211 5699 3554 5774 lampadibus
3581 5713 3716 5757 sus-

2130 5769 2315 5842 pensae
2339 5771 2580 5845 virgines
2609 5772 2718 5829 sint
2748 5772 2803 5828 in
2829 5776 3237 5842 exspectatione
3268 5769 3488 5843 sponsi.
3520 5769 3600 5827 lo.
