3964 6206
284 270 387 326 ll?
1376 270 1759 329 CONVIVIUM
1801 269 2029 328 DECEM
2073 269 2432 329 VIRGINUM.‘
3425 275 3526 331 118

282 386 537 457 πλήθεσυδ
548 385 905 458 ἀδικημάτων
930 388 1291 462 ἐλωϐήσαντο,
1323 389 1634 461 φυράσασαι
1658 388 1846 461 κακία.

1951 390 2238 460 pellarunt,
2281 402 2451 459 puros
2480 387 2922 459 atquevirgines
2951 403 2981 443 a
3019 388 3260 460 peccatis
3283 388 3366 444 hae
3394 393 3522 461 qui-

297 478 765 551 Ἐγκρατεύσασαι
815 481 926 552 γὰρ
960 482 1054 535 καὶ⁸
1102 481 1433 547 άγνεύσασαι
1489 481 1847 553 δικαιοσύνης,

1961 478 2082 534 dem
2109 485 2496 545 servaverunt;
2534 477 2638 532 illa:
2658 493 2788 533 vero
2814 487 3007 534 contra
3034 479 3135 535 hos
3165 480 3367 535 malitia
3393 481 3525 537 sub-

283 571 592 642 εύφόρησαν
611 571 811 641 μᾶλλον
830 572 1267 644 παραπτώμασιν
1286 590 1301 605 ο
1331 572 1391 639 ἐξ
1413 565 1474 626 οὗ
1518 572 1583 645 δὴ
1609 574 1701 627 καὶ
1733 590 1847 626 συν-

1959 570 2187 642 igentes,
2230 583 2428 640 magno
2474 585 2703 625 numero
2758 570 3086 641 injustorum
3120 588 3347 643 operum
3402 589 3527 629 cor-

280 661 377 732 έϐη
408 661 518 714 τῶν
576 661 738 715 θείων
763 662 870 728 ἔξω
902 664 1201 737 περιϐόλων
1232 663 1681 728 ἀποκλεισθείσας
1709 664 1847 717 ἀπα-

1957 671 2239 734 ruperunt.
2274 662 2631 720 Continentes
2652 663 2798 719 enim
2821 666 3160 721 castimonia:
3182 666 3466 737 dispendia
3490 683 3523 723 a

276 752 624 825 γορευθῆναι.
657 755 782 808 Εῐτε
804 755 912 829 γάρ
938 756 1326 829 κατορθοῦμεν,
1365 757 1475 811 εἴτε
1506 754 1847 827 πλημμελοῦ-

1951 755 2161 826 justitia
2200 756 2303 811 sibi
2349 752 2670 820 indicentes,
2722 756 2928 827 ingenti
2979 758 3162 827 potius
3182 758 3523 815 delictorum

280 863 406 917 μεν,
430 845 518 899 διὰ
532 846 740 900 τούτων
765 848 1019 919 ἑκάτερα,
1034 850 1129 903 καὶ
1145 848 1214 901 τά
1232 847 1537 921 ἀνδραγαθή
1545 865 1687 919 ματα
1715 864 1847 919 κρα-

1954 857 2137 920 segete
2172 846 2376 904 fertiles
2423 849 2749 903 exstiterunt
2790 868 2803 903 :
2858 849 3001 905 unde
3024 857 3077 904 et
3100 849 3329 922 contigit
3360 862 3418 906 ιιι
3439 851 3525 906 di-

274 938 518 1002 τύνεται,
551 939 647 992 κα)⁸
679 938 749 992 τὰ
775 941 1270 1011 κακοπραγήματα.
1311 940 1422 993 Καὶ
1444 938 1631 1010 ὥσπερ
1655 940 1689 1010 ἡ
1717 938 1847 992 Θάλ-

1952 941 2096 998 vinis
2134 940 2332 996 merito
2375 941 2546 1011 septis
2577 948 2921 998 arcerentur.
2959 940 3094 996 Nam
3147 958 3409 999 sensuum
3460 958 3525 999 ea

275 1029 466 1092 λουσα,
490 1031 603 1084 Καὶ
640 1029 958 1100 ὀφθαλμῶν,
993 1030 1115 1102 ἔφη,
1150 1031 1242 1084 καὶ
1262 1029 1413 1085 ὢτων
1445 1016 1674 1098 ἁγνείαν
1690 1025 1847 1092 εἶναι,

1951 1029 2036 1086 vis
2061 1038 2166 1096 est,
2189 1039 2250 1084 ut
2275 1031 2390 1087 sive
2414 1037 2564 1087 recte
2587 1030 2822 1101 agimus,
2841 1032 2957 1088 sive
2989 1047 3298 1102 peccamus,
3319 1047 3525 1105 pereos

273 1122 372 1174 καὶ
404 1120 681 1192 γλώσσης,
713 1122 929 1177 καὶτῶν
958 1122 1157 1176 λοιπῶν
1184 1121 1417 1193 καθεξῆς
1447 1120 1847 1193 αἰσθητηρίων

1951 1130 2067 1178 tum
2096 1124 2237 1178 bona
2257 1140 2422 1195 opera
2451 1133 2566 1179 tum
2596 1126 2739 1179 mala
2761 1125 2928 1181 robur
2956 1126 3363 1181 nanciscantur.
3385 1126 3447 1181 Et
3466 1135 3525 1181 ut

266 1207 416 1261 οὕτω
446 1208 513 1280 δὴ
539 1211 635 1263 καὶ
655 1209 888 1264 ἐνταῦθα
917 1212 1016 1284 τὴν
1042 1209 1223 1266 πίστιν
1247 1212 1486 1283 ἄσυλονὴ
1504 1210 1847 1283 φυλαξαμένη

1952 1214 2210 1274 Thallusa
2245 1219 2404 1283 dixit,
2438 1218 2503 1273 Et
2537 1218 2822 1275 oculorum
2854 1226 2907 1274 et
2940 1219 3154 1273 aurium
3194 1229 3248 1275 et
3300 1220 3519 1291 linguae,

264 1299 379 1352 τῶν
422 1299 591 1354 πέντε
641 1300 826 1355 διόδων
872 1302 974 1373 τῆς
1019 1303 1238 1375 ἀρετῆς,
1281 1304 1543 1376 ὁράσεως,
1577 1302 1846 1372 γεύσεως,

1951 1319 2004 1368 et
2035 1312 2369 1383 reliquorum
2395 1313 2652 1385 deinceps
2679 1328 2941 1369 sensuum
2967 1313 3334 1384 virginitatem
3369 1330 3515 1378 esse,

262 1392 618 1463 ὀσφρήσεως,
634 1394 781 1463 ἀφῆς
799 1410 857 1447 τε
877 1395 969 1449 καὶ
992 1396 1182 1467 ἀκοῆς,
1200 1396 1360 1450 πέντε
1387 1396 1847 1469 προσαγορεύεται

1951 1401 2025 1457 ita
2051 1411 2105 1458 et
2128 1403 2239 1467 hic,
2282 1419 2403 1474 qua!
2452 1403 2821 1459 inviolabilem
2843 1402 3087 1474 quinque
3116 1402 3336 1459 virtutis
3368 1418 3489 1458 mea
3508 1430 3527 1446 ο

263 1484 556 1556 παρθένοι,
613 1485 702 1540 διά
751 1488 813 1541 τὸ
873 1488 975 1553 τὰς
1017 1490 1176 1543 πέντε
1218 1490 1315 1562 τῆς
1343 1490 1646 1562 αἰσθήσεως
1678 1489 1847 1559 ἀγνάς

1951 1504 2100 1552 tuum
2133 1494 2295 1551 ﬁdem
2340 1496 2572 1551 servarit
2600 1493 2796 1567 (visus,
2837 1503 3054 1566 gustus,
3105 1492 3388 1559 odoratus,
3441 1501 3526 1549 ta-

261 1579 727 1653 ἀποκαταστῆσαι
753 1582 832 1654 τῷ
874 1585 1092 1657 Χριστῷ
1142 1586 1461 1656 φαντασίας,
1490 1587 1582 1655 ἀφ’
1609 1586 1847 1667 ἑκάστης

1951 1599 2172 1659 ctusque
2191 1602 2254 1643 ac
2268 1587 2529 1657 auditus),
2554 1602 2660 1641 una
2686 1587 2829 1651 licet,
2847 1587 3091 1659 quinque
3122 1586 3359 1658 virgines
3385 1601 3527 1641 nun-

261 1672 449 1725 αὐτῶν
473 1668 569 1728 οἷα
594 1673 853 1748 λαμπτὴρ
877 1677 976 1750 τὴν
1007 1680 1259 1750 ὁσιότητα
1278 1678 1566 1751 λάμπουσα
1609 1678 1839 1750 τρανῶς.

1946 1688 2181 1751 cupatur
2215 1699 2228 1735 :
2265 1679 2411 1750 quod
2440 1695 2634 1751 nempe
2655 1680 2898 1751 quinque
2934 1695 3129 1736 sensus
3164 1679 3525 1752 cogitationes

274 1767 342 1819 Ἡ
373 1767 488 1840 γάρ
515 1770 865 1838 πεντάφωτος
896 1772 1049 1843 ήμῶν
1068 1771 1144 1836 ὡς
1167 1772 1378 1844 ἀληθῶς
1409 1770 1629 1845 λαμπὰς
1657 1773 1690 1843 ἠ
1716 1769 1847 1842 σάρξ

1955 1779 2137 1827 castas
2165 1771 2473 1827 exhibendo
2506 1770 2749 1836 Christo,
2799 1787 2866 1826 ex
2899 1788 3088 1827 earum
3118 1771 3349 1843 singulis
3383 1771 3528 1827 velut

264 1864 436 1927 ἐστιν,
474 1864 545 1934 ἦν
572 1863 771 1936 ἡψυχὴ
800 1865 1136 1936 βαστάζουσα
1179 1867 1333 1940 δᾳδὸς
1371 1867 1549 1938 δίκην,
1587 1865 1665 1938 τῷ
1697 1868 1851 1937 Νυμ-

264 1957 374 2027 φίῳ
403 1958 745 2029 παρίσταται
773 1959 995 2031 Χριστῷ
1031 1963 1097 2032 τῇ
1129 1959 1313 2034 ἡμέρᾳ.
1356 1959 1456 2031 τῆς
1481 1959 1847 2025 ἀναστάσεως,

262 2050 694 2122 παραφαίνουσα
708 2051 795 2106 διὰ
818 2053 1007 2107 πασῶν
1022 2053 1128 2108 τῶν
1146 2053 1453 2125 αἰσθήσεων
1467 2054 1613 2108 διεκθ
1620 2052 1851 2125 ρὼσκου-

264 2159 363 2196 σαν
393 2144 671 2217 λαμπράν
698 2145 795 2217 τὴν
829 2146 1031 2210 πίστιν,
1075 2145 1259 2211 καθὼς
1289 2146 1452 2208 αὐτὸς
1480 2143 1737 2210 ἐδίδαξεν.
1770 2146 1848 2198 εἰ-

264 2232 418 2286 πών’
467 2235 600 2303 Πῦρ
653 2232 845 2305 ἦλθον
886 2237 1103 2302 βαλεῖν
1147 2240 1236 2305 εις
1293 2235 1410 2305 τὴν
1445 2235 1598 2307 γῆν,
1660 2236 1759 2291 καὶ
1792 2238 1851 2291 τι

266 2324 492 2394 ἤθελον
526 2328 586 2380 el
622 2326 743 2396 ἤδη
780 2327 1052 2399 ἀνήφθω
1091 2330 1195 2402 γῆν
1238 2329 1396 2403 ἡμῶν
1424 2330 1494 2384 τὰ
1517 2328 1849 2401 σκηνώματα

265 2418 505 2489 φράσας,
549 2420 632 2482 εἰς
663 2419 700 2474 ἀ
741 2420 990 2476 ἐϐούλετο
1019 2423 1232 2494 ταχέως
1276 2422 1581 2493 ἀναφθῆναι
1603 2422 1700 2494 τὴν
1728 2421 1849 2489 ὀξυ-

264 2508 486 2579 κίνητον
518 2509 622 2579 τῆς
653 2509 1001 2577 διδασκαλίας
1032 2512 1199 2567 αὑτοῦ
1217 2512 1312 2568 καὶ
1336 2512 1597 2584 διάπυρον
1628 2511 1843 2585 πρᾶξιν.

263 2599 336 2654 Τδ
360 2600 478 2673 γάρ
501 2600 687 2655 ἔλαιον
704 2605 771 2674 τῇ
814 2605 974 2677 σοφίᾳ
1007 2605 1102 2659 καὶ
1130 2607 1196 2677 τῇ
1229 2604 1540 2675 δικαιοσύνῃ
1569 2602 1849 2675 παραϐλη-

261 2694 404 2749 τέον.
468 2695 874 2770 ’Δνομϐρούσης
911 2698 1018 2771 γάρ
1055 2697 1225 2752 ταῦτα
1254 2697 1351 2767 τῆς
1396 2697 1574 2767 ψυχῆς
1600 2695 1848 2765 ἀφθόνως

262 2784 356 2836 καὶ
391 2785 727 2856 ἐπιχεούσης
783 2785 863 2857 τῷ
914 2787 1147 2858 σώματι,
1193 2789 1274 2852 είς
1307 2786 1442 2857 ὕψος
1482 2785 1847 2857 ἀναφλέγεται

261 2874 362 2943 τῆς
391 2875 600 2946 ἀρετῆς
629 2877 892 2932 ἄσϐεστον
916 2877 976 2931 τὸ
1000 2877 1134 2948 φῶς,
1166 2877 1473 2952 ἔμπροσθεν
1496 2877 1605 2931 τῶν
1633 2873 1846 2947 ἀνθρώ-

264 2982 383 3019 πων
410 2967 698 3039 ἐκλάμπον
715 2968 813 3035 τὰς
853 2970 1082 3043 πράξεις
1126 2972 1226 3036 τάς
1262 2971 1455 3038 καλὰς,
1490 2972 1567 3037 ὡς
1588 2969 1850 3042 δοξασθῆ-

265 3075 357 3114 ναι
378 3060 472 3114 τὸν
499 3061 722 3134 Πατέρα
759 3063 850 3118 τὸν
888 3066 950 3119 ὲν
967 3067 1079 3130 τοῖς
1105 3065 1372 3138 οὐρανοῖς.

1956 1865 2166 1935 lampas
2196 1864 2504 1920 sanctitatis
2554 1863 2725 1919 radiis
2753 1863 2901 1919 clare
2946 1864 3219 1936 ell‘ulgeat.
3272 1862 3528 1934 Quinque

1954 1955 2100 2011 enim
2130 1955 2483 2011 lucernarum
2517 1955 2726 2025 lampas
2751 1970 2878 2012 vere
2906 1971 3035 2010 caro
3055 1965 3161 2023 est,
3195 1971 3357 2027 quam
3379 1955 3529 2010 velut

1956 2046 2128 2103 facem
2152 2055 2374 2118 gestans
2403 2048 2605 2111 anima,
2641 2048 2868 2103 Christo
2891 2047 3106 2118 Sponso
3138 2047 3340 2103 astabit
3361 2047 3417 2102 in
3439 2047 3528 2102 die

1955 2141 2378 2197 resurrectionis
2410 2181 2425 2207 ,
2475 2139 2843 2212 fulgurantem
2888 2156 2954 2196 ex
3008 2142 3224 2195 cunctis
3273 2140 3528 2197 sensibus

1955 2230 2294 2300 splendidam
2323 2232 2482 2287 fidem
2510 2233 2798 2303 magnifice
2855 2231 3177 2296 ostendens,
3222 2232 3367 2287 sicut
3410 2232 3529 2302 ipse

1956 2315 2165 2392 docuit,
2186 2324 2375 2381 dicens
2393 2324 2440 2358 ³⁸
2470 2344 2484 2380 :
2521 2323 2703 2396 Ignem
2734 2328 2850 2380 veni
2889 2320 3095 2379 mittere
3126 2325 3181 2379 in
3216 2334 3433 2392 terram,
3475 2332 3527 2380 et

1954 2413 2079 2486 quid
2109 2415 2223 2469 vola
2253 2416 2357 2470 nisi
2385 2424 2441 2469 ut
2464 2416 2832 2471 accendatur?
2864 2423 3064 2470 terram
3105 2414 3314 2472 scilicet
3336 2421 3527 2468 nostra

1955 2522 2186 2577 corpora
2217 2508 2521 2578 appellans,
2554 2507 2609 2563 in
2642 2507 2844 2578 quibus
2877 2508 2994 2563 vult
3023 2507 3272 2562 celeriter
3299 2504 3527 2562 accendi

1954 2597 2064 2653 cito
2078 2598 2331 2654 mobilem
2357 2598 2692 2670 ignitamque
2713 2597 2977 2653 doctrinae
3000 2612 3113 2654 suae
3130 2597 3523 2668 Operationcm.

1954 2687 2070 2745 Olei
2099 2697 2281 2744 autem
2329 2689 2575 2762 symbolo
2607 2690 2935 2762 sapientiam
2979 2697 3034 2746 et
3078 2689 3351 2760 justitiam
3379 2687 3526 2743 desi-

1954 2781 2109 2853 gnari
2133 2781 2543 2853 intelligendum
2556 2791 2661 2840 est.
2677 2782 2788 2839 Has
2816 2783 2961 2838 enim
2983 2781 3153 2838 veluti
3173 2780 3380 2837 imbres
3395 2779 3526 2834 dum

1955 2873 2137 2928 anima
2173 2872 2322 2944 large
2367 2874 2677 2944 suppeditat
2726 2889 2790 2930 ac
2822 2875 3041 2946 corpori
3095 2871 3364 2940 effundit,
3394 2865 3529 2926 ‘alte

1955 2964 2169 3023 sublata
2197 2964 2435 3033 ﬂamma,
2466 2966 2908 3038 inexstinguibile
2930 2966 3170 3039 assurgit
3200 2963 3416 3020 virtutis
3442 2963 3499 3018 lu

1953 3072 2099 3123 men,
2130 3072 2239 3128 quo
2267 3057 2484 3113 luceant
2517 3074 2702 3115 coram
2727 3058 3042 3114 hominibus
3084 3072 3251 3130 opera
3274 3057 3441 3124 bona,
3466 3059 3541 3110 ut.

1871 3141 1915 3203 C
1946 3148 2280 3222 glorificetur
2308 3149 2471 3207 Pater
2500 3153 2595 3223 qui
2616 3152 2674 3209 in
2702 3153 2860 3209 ctelis
2892 3159 2979 3209 est
3001 3152 3073 3208 ἰ.

1333 3264 1465 3322 Car.
1496 3264 1587 3321 IV.
1620 3263 1764 3334 Quid
1799 3263 1971 3319 oleum
2002 3263 2059 3317 in
2088 3262 2420 3333 lampadibus
2439 3267 2466 3321 Ρ

338 3380 597 3435 Τοιοῦτον
648 3381 824 3437 ἔλαιον
878 3383 988 3457 ἀρα
1018 3384 1258 3439 κάκεῖνοι
1310 3382 1646 3458 προσέφερον
1679 3387 1738 3438 ὲν
1772 3381 1850 3455 τῷ

270 3474 579 3541 Acutum},
617 3477 912 3546 ’Δτρυγον
929 3477 1155 3542 ἔλαιον,
1174 3477 1454 3545 καθαρὸν,
1480 3475 1852 3547 κεκομμένον

273 3566 494 3619 καῦσαι
554 3566 786 3633 λύχνον
810 3565 926 3629 ἔξω
956 3566 1061 3621 τοῦ
1094 3564 1625 3637 καταπετάσματος
1648 3567 1852 3622 ἔναντι

273 3659 510 3725 Κυρίου.
545 3656 687 3709 Ἀλλ’
711 3657 938 3723 ἐκείνοις
966 3660 1064 3731 μὲν
1088 3658 1420 3732 βραχύτατον
1454 3658 1570 3730 φῶς
1600 3658 1855 3732 προσετέ-

274 3762 437 3799 τακτο
492 3746 823 3819 θεραπεύειν
874 3750 966 3818 ἀφ’
1013 3749 1252 3821 ἑσπέρας
1274 3752 1355 3815 εἰς
1391 3750 1486 3804 ἔω.
1530 3751 1590 3804 '0
1621 3752 1731 3822 γάρ
1768 3768 1849 3804 τοι

275 3838 462 3909 λύχνος
493 3840 676 3895 αὐτῶν
694 3840 869 3896 ἔοικεν
891 3843 1199 3908 εἰκάζεσθαι
1218 3843 1297 3915 τῷ
1338 3843 1479 3914 λόγῳ
1507 3842 1847 3917 προφητικῷ,

271 3931 368 4003 τὴν
391 3933 488 3985 ἐπὶ
518 3933 841 4008 σωφροσύνῃ
887 3935 1127 4005 φαίνοντι
1162 3936 1490 4008 παρρησίαν,
1520 3937 1851 4011 τρεφόμενος

275 4025 384 4079 ἀπὸ
429 4026 543 4080 τῶν
598 4027 849 4100 πράξεων
902 4028 996 4081 καὶ
1049 4027 1149 4099 τῆς
1187 4029 1426 4093 πίστεως
1467 4029 1559 4084 τοῦ
1613 4030 1775 4084 λαοῦ·
1819 4033 1848 4085 ὁ

274 4117 329 4171 δὲ
355 4118 484 4182 ναὸς
533 4116 615 4184 τῷ
643 4119 1026 4188 σχοινίσματι
1070 4119 1181 4188 τῆς
1221 4122 1650 4191 κληρονομίας·
1700 4123 1849 4176 ὲπει-

274 4209 447 4281 δήπερ
468 4208 662 4280 λύχνος
683 4211 811 4282 περὶ
840 4206 989 4265 οἷκον
1037 4212 1132 4267 ἕνα
1164 4213 1322 4285 μόνον
1357 4212 1578 4269 δύναται
1615 4214 1844 4284 φαίνειν.

274 4300 387 4372 Πρὸ
417 4300 519 4371 τῆς
566 4301 782 4372 ἡμέρας
807 4297 899 4355 οὖν
929 4302 1094 4375 ἐχρῆν
1120 4302 1307 4359 τοῦτον
1334 4304 1583 4359 καίεσθαι
1618 4306 1710 4360 τὸν
1755 4305 1842 4358 λύ-

2015 3377 2148 3435 Tale
2180 3380 2433 3437 videlicet
2480 3381 2657 3438 oleum
2704 3390 2762 3439 et
2790 3383 2869 3439 illi
2898 3383 3202 3440 olferebant
3233 3383 3289 3439 in
3319 3384 3491 3441 Leviti

1945 3486 2012 3528 co
2040 3473 2107 3539 ²¹,
2153 3472 2335 3529 Oleum
2384 3474 2719 3544 defwcatum,
2759 3477 3034 3544 mundum,
3095 3494 3399 3548 expressum
3457 3479 3526 3533 ad

1900 3576 1903 3587 '
1947 3567 2142 3630 lumen,
2164 3575 2223 3621 ut
2254 3567 2440 3622 ardeat
2464 3568 2681 3623 lucerna
2707 3580 2858 3623 extra
2880 3570 3049 3624 uelum
3073 3580 3196 3625 ante
3218 3571 3521 3627 Dominum.

1952 3659 2059 3716 Sed
2098 3658 2208 3715 illis
2243 3660 2463 3730 quidem
2520 3660 2837 3715 mandatum
2889 3669 3010 3716 erat
3045 3672 3103 3716 ut
3138 3661 3526 3717 brevissimum

1951 3751 2138 3807 lumen
2176 3767 2207 3807 a
2239 3768 2467 3823 vespera
2496 3768 2671 3823 usque
2708 3768 2866 3808 mane
2889 3761 3168 3810 curarent.
3197 3754 3380 3821 Quare
3407 3755 3528 3809 illo-

1947 3859 2071 3898 rum
2131 3844 2353 3900 luccrna
2402 3844 2778 3915 pr0pheticum
2826 3859 3132 3900 sermonem
3172 3846 3528 3903 similitudine

1948 3936 2182 4009 quadam
2214 3937 2431 3993 videtur
2459 3937 2687 4003 referre,
2728 3936 3048 4008 profitenda:
3072 3938 3343 3994 castitatis
3388 3939 3528 3995 (idu-

1948 4027 2087 4083 ciam
2134 4032 2527 4091 ostentantem,
2556 4043 2622 4082 ex
2654 4025 2839 4097 populi
2869 4026 3175 4081 actionibus
3206 4032 3261 4080 et
3285 4025 3390 4080 fide
3433 4027 3530 4080 ali-

1946 4124 2190 4173 mentum
2230 4118 2543 4173 habentem.
2578 4115 2864 4187 Templum
2894 4131 3022 4171 vero
3049 4115 3127 4188 [in
3157 4132 3267 4188 quo
3300 4115 3525 4174 lucerna

1953 4210 2199 4284 ardebat]
2228 4212 2331 4267 rite
2356 4212 2421 4266 ad
2448 4211 2743 4281 funiculum
2769 4211 3095 4267 hwreditatis
3120 4212 3166 4244 ⁸³
3189 4212 3276 4275 (ad
3301 4214 3533 4268 domum

1953 4303 2142 4377 Israel)
2173 4305 2423 4363 refertur.
2456 4306 2704 4364 Lucerna
2735 4306 2955 4378 quippe,
3003 4305 3060 4359 in
3097 4321 3206 4361 una
3258 4305 3529 4362 duntaxat

276 4412 417 4465 χνον.
446 4397 765 4451 Καύσουσι
788 4395 897 4468 γάρ
919 4396 1125 4462 αὐτὸν,
1153 4399 1336 4469 φησὶν,
1364 4398 1474 4466 ἕως
1501 4401 1666 4468 πρωΐ·
1696 4416 1847 4455 τουτ-

1955 4396 2137 4451 lucere
2159 4395 2323 4451 domo
2351 4404 2552 4467 potest.
2586 4398 2727 4454 Ante
2749 4397 2891 4452 diem
2927 4396 3094 4467 igitur
3127 4397 3269 4452 hanc
3300 4397 3543 4456 accendi.

278 4488 453 4554 ἐστιν,
503 4489 609 4552 ἓως
660 4491 961 4562 παρουσίας
987 4491 1078 4545 τοῦ
1101 4491 1354 4565 Χριστοῦ*
1387 4492 1489 4556 ὃτι,
1519 4490 1613 4547 τοῦ
1665 4492 1845 4547 Ἠλίου

278 4579 376 4650 τῆς
403 4581 629 4649 άγνείας
685 4581 1062 4647 ἀνατείλαντος
1113 4585 1207 4639 καὶ
1246 4582 1348 4654 τῆς
1396 4582 1761 4656 δικαιοσύνης,
1782 4584 1842 4638 ού

279 4670 431 4741 χρεία
467 4670 685 4742 λύχνου.

354 4827 511 4881 Ὅσον
537 4828 638 4899 μὲν
661 4822 758 4883 οὖν
779 4831 810 4883 ό
833 4827 960 4891 λαὸς
989 4831 1194 4894 ἐκεῖνος
1227 4831 1415 4902 χρόνον
1438 4832 1844 4905 ἀπεθησαύρισε

286 4916 356 4969 τά
374 4919 629 4988 τρέφοντα
678 4919 772 4973 τὸν
821 4919 1034 4993 λύχνον,
1078 4922 1422 4994 ἐπιχορηγῶν
1465 4925 1526 4978 τὸ
1558 4924 1732 4979 ἔλαιον
1756 4925 1845 4979 διά

288 5006 396 5061 τῶν
417 5009 600 5082 ἔργων,
623 5011 653 5064 ὁ
691 5010 885 5083 λύχνος
911 5013 1093 5077 αὐτοῖς
1115 5014 1213 5066 οὐκ
1241 5014 1462 5069 ἔσϐεστο
1490 5015 1601 5087 τῆς
1628 5034 1843 5091 σωφρο-

289 5099 467 5171 σύνης,
510 5105 620 5157 ἀλλ’
658 5102 729 5178 ἦν
776 5106 1096 5177 φαινόμενος
1150 5108 1237 5163 ἀεὶ
1284 5110 1380 5163 καὶ
1406 5110 1637 5181 λάμπων
1676 5113 1734 5165 ἐν
1766 5109 1846 5182 τῷ

286 5199 656 5268 σχοινίσματι
680 5200 793 5269 τῆς
821 5203 1240 5273 κληρονομίας.
1278 5204 1406 5256 Ὅτε
1436 5203 1493 5257 δὲ
1526 5203 1750 5259 ἐπέλιπε
1786 5204 1848 5258 τὸ

284 5285 472 5352 ἔλαιον,
500 5289 608 5344 ἀπὸ
651 5292 752 5363 τῆς
776 5292 1011 5356 πίστεως
1036 5294 1115 5356 εἰς
1146 5292 1441 5347 ἀκολασίαν
1466 5293 1645 5349 αὐτῶν
1668 5295 1850 5369 ὲκτρο-

283 5380 671 5453 παλιξομένων,
721 5387 751 5440 ὁ
819 5384 1010 5456 λύχνος
1050 5386 1219 5458 ἄρδην
1261 5386 1573 5459 ἀπεσϐέσθη
1599 5405 1613 5420 ⁸
1650 5389 1736 5443 ἵνα
1783 5388 1847 5462 δὴ

286 5474 438 5527 πάλιν
477 5474 856 5549 ἐξαστράψωσι
902 5477 1000 5541 τὰς
1047 5479 1330 5551 λαμπάδας
1375 5481 1697 5553 ἐπαλλήλοις
1727 5483 1846 5537 δια-

288 5564 480 5636 δοχαῖς,
526 5568 735 5624 ἀνωθεν
762 5571 816 5624 ai
862 5570 1118 5643 παρθένοι
1154 5571 1231 5644 τῷ
1262 5574 1453 5647 κόσμῳ
1477 5573 1845 5646 πυρσεύουσαι

1955 4488 2259 4559 oportebat.
2290 4489 2593 4545 Accendant
2611 4493 2754 4544 enim
2781 4489 2937 4553 Itane,
2966 4490 3061 4554 ait,
3094 4506 3256 4560 usque
3284 4506 3437 4545 mane
3457 4491 3526 4552 ".

1952 4583 2057 4637 hoc
2107 4592 2191 4640 est
2242 4598 2417 4655 usque
2465 4585 2533 4640 ad
2578 4585 2871 4640 adventum
2921 4583 3143 4640 Christi.
3181 4584 3529 4657 Virginitatis

1951 4676 2155 4732 etenim
2182 4684 2237 4732 et
2258 4677 2486 4748 justititc
2508 4685 2701 4734 exorto
2735 4675 2862 4734 Sole
2886 4677 2955 4741 "',
2979 4676 3116 4733 nihil
3139 4676 3252 4748 jam
3288 4678 3529 4732 lucerna:

1958 4773 2245 4902 Οῃὸῗιιῗάὶο
2295 4837 2462 4908 igitur
2482 4846 2726 4909 tempore
2783 4839 3019 4909 populus
3064 4838 3153 4893 ille
3204 4852 3325 4908 quae
3368 4845 3528 4891 erant

1953 4927 2160 4983 alendae
2187 4928 2422 4983 lucernae
2438 4928 2711 4999 suggessit
2732 4926 2951 4999 (nempe
2968 4925 3326 4998 suppeditans
3343 4925 3526 4980 oleum

1953 5037 2049 5092 per
2079 5020 2526 5093 opera),lucerna
2553 5021 2821 5077 castitatis
2845 5021 2925 5077 eis
2944 5020 3273 5077 inexstincta
3290 5018 3524 5086 mansit;

1950 5117 2176 5181 eratque
2203 5127 2416 5182 semper
2448 5114 2639 5167 lucens
2664 5121 2718 5168 et
2753 5111 3042 5183 splendens
3076 5111 3131 5165 in
3165 5110 3402 5180 funiculo
3424 5107 3529 5163 Ita:-

1954 5202 2216 5259 reditatis.
2249 5204 2383 5260 Olee
2417 5212 2599 5260 autem
2630 5205 2936 5269 deﬁciente,
2968 5204 3075 5259 illis
3110 5221 3141 5257 a
3170 5202 3274 5257 fide
3313 5201 3380 5257 ad
3426 5215 3524 5272 pe-
3627 5264 3633 5271 ,

1953 5295 2239 5350 tulantiam
2270 5296 2466 5360 versis,
2493 5296 2717 5352 lucerna
2745 5295 2963 5366 penitus
2995 5294 3285 5358 exstincta,
3340 5292 3528 5349 lucere

1954 5386 2036 5441 eis
2072 5386 2276 5442 desiit:
2320 5402 2432 5457 quo
2463 5388 2719 5443 nimirum
2759 5386 2987 5442 alternis
3031 5401 3250 5442 rursum
3284 5386 3528 5456 virgines

1953 5478 2421 5543 successionibus,
2451 5480 2602 5534 velut
2626 5478 2845 5533 ctelitus
2878 5478 3097 5548 praelata
3130 5478 3248 5532 face
3284 5478 3528 5532 incorru-

1952 5574 2191 5646 ptionem
2214 5571 2419 5627 mundo
2441 5570 2756 5637 inferentes,
2778 5573 2900 5628 laate
2920 5571 3167 5628 accensis
3182 5571 3528 5643 lampadibus

358 5753 400 5785 "
422 5751 546 5811 Luc.
570 5774 667 5826 ιιι,
701 5757 791 5814 49.
868 5760 909 5792 ²¹
933 5757 1123 5813 Matth.
1152 5771 1205 5825 ν,
1227 5760 1277 5816 ti.
1356 5757 1579 5817 “Lavit.
1615 5760 1834 5830 utv,2.

1951 5758 2259 5830 ‘Psal.crv,
2286 5741 2387 5817 ιι.
2451 5757 2680 5815 "Levii.
2712 5775 2843 5816 xxiv
2900 5760 2955 5816 5.
3030 5759 3077 5794 ³³
3099 5757 3337 5814 ΗαίασΙι.
3371 5771 3444 5821 Iv,
3467 5752 3522 5812 2.
