3964 6226
394 184 497 240 H9

1370 188 1428 242 S.
1471 187 1801 249 METHODII
1842 188 2148 247 EPISCOPI
2188 182 2280 243 ET
2318 186 2679 246 MARTYRIS

3531 193 3628 248 no

389 304 851 376 splem‘lescereut.
880 304 1418 386 Subminislrandum
1448 308 1616 380 igitur
1644 326 1791 365 nunc
1826 326 1950 382 quo-

2064 314 2160 385 τὴν
2191 312 2520 384 ἀφθαρσίαν.
2545 313 2891 384 Χορηγητέον
2919 308 3011 367 οὖν
3033 313 3096 384 δὴ
3110 311 3170 366 τὸ
3193 313 3423 386 ἄτρυγον
3451 311 3629 366 ἔλαιον

389 406 495 467 qde
529 396 811 452 afﬂuenter
842 396 1161 452 defaecatum
1187 399 1456 454 bonorum
1489 417 1716 473 operum
1750 413 1804 458 et
1834 420 1963 473 pru-

389 487 595 559 dentia:
623 491 822 555 oleum,
867 489 938 545 ab
984 491 1131 544 omni
1181 490 1437 546 deorsum
1481 502 1742 564 gravante
1763 510 1958 550 corru-

389 581 573 651 ptione
591 582 971 652 depurgatum,
1002 599 1071 638 ne
1097 597 1304 638 moram
1330 583 1565 642 faciente
1587 586 1822 658 Sponso,
1858 605 1963 644 non

385 681 512 728 atra:
530 673 693 726 etiam
726 673 927 742 pariter
944 674 1220 746 lampades
1251 676 1685 749 exstinguantur.
1710 680 1859 734 Mora
1881 682 1961 736 vi-

384 763 579 820 delicet
609 761 805 834 Sponsi
839 775 1050 836 tempus
1081 776 1166 822 est
1189 768 1334 839 quod
1365 769 1492 825 hinc
1512 770 1580 825 ad
1598 770 1801 828 Christi
1826 773 1956 828 ulti-

384 873 530 912 mum
561 859 850 912 adventum
879 859 1204 928 intercedit;
1231 862 1554 919 dormitatio
1569 880 1701 920 vero
1734 873 1790 920 et
1818 881 1962 922 som-

383 965 488 1004 nus
527 949 817 1020 virginum,
849 965 1106 1007 excessus
1139 969 1171 1008 e
1203 955 1354 1022 vita;
1387 971 1496 1011 nox
1525 963 1705 1011 autem
1757 957 1956 1023 media,

381 1056 607 1112 regnum
637 1040 980 1108 Antichristi,
1037 1046 1260 1115 quando
1290 1047 1688 1103 exterminator
1731 1049 1958 1119 angelus

381 1131 636 1189 transibit
668 1148 763 1204 per
797 1133 988 1190 domos
1018 1135 1083 1189 '°.
1115 1136 1334 1192 Clamor
1353 1153 1506 1202 vero,
1542 1138 1676 1193 Ecce
1719 1139 1955 1208 Sponsus

379 1225 536 1288 ιεηίι,
560 1225 697 1279 exite
739 1223 942 1279 obviam
973 1228 1023 1280 ei
1065 1228 1148 1280 ’τε
1175 1243 1280 1283 vox
1308 1238 1392 1286 est
1431 1229 1498 1286 de
1525 1231 1680 1286 caelis
1713 1239 1768 1286 et
1803 1231 1954 1295 tuba,

379 1315 599 1387 quando
638 1315 838 1381 sancti,
865 1317 1084 1374 cunctis
1112 1328 1304 1374 eorum
1336 1321 1679 1376 resuscitatis
1705 1322 1951 1392 corpori-

379 1411 501 1474 bus,
533 1409 587 1462 in
612 1407 850 1464 nubibus
883 1410 1021 1481 rapti
1051 1411 1352 1482 procedent
1404 1413 1462 1468 in
1503 1428 1800 1470 occursum
1852 1412 1956 1467 Do-

379 1502 514 1556 mini
547 1503 592 1532 ’⁸

2065 406 2157 460 καὶ
2185 405 2278 458 νῦν
2305 405 2410 459 τῶν
2444 403 2625 458 καλῶν
2662 404 2838 475 ἔργων
2871 405 3042 470 ἀδεῶς
3081 406 3174 458 καὶ
3204 405 3303 475 τῆς
3337 403 3627 467 συνέσεως,

2061 493 2242 565 πάσης
2269 494 2420 548 κάτω
2459 493 2750 566 βριθούσης
2780 494 3139 564 ἀφυλισμένον
3168 494 3368 566 φθορᾶς
3393 511 3406 524 ·
3437 496 3525 547 ἵνα
3553 495 3630 566 μὴ

2059 587 2404 657 χρονίσαντος
2451 586 2546 640 τού
2598 586 2886 658 Νυμφίου,
2942 587 3240 640 σϐεσθῶσιν
3275 587 3476 658 ὁμοίως
3532 589 3633 640 καὶ

2059 678 2214 748 ἡμῶν
2237 679 2293 732 αἱ
2319 677 2618 749 λαμπάδες.
2651 679 2708 732 '0
2740 680 2849 750 γάρ
2873 695 2955 732 τοι
2976 679 3262 750 χρονισμός
3300 679 3415 730 ὲστι
3444 678 3502 731 τὸ
3523 679 3631 751 πρὸ

2058 767 2155 838 τῆς
2186 768 2488 838 παρουσίας
2517 769 2794 840 διάστημα
2841 768 2935 822 τού
2965 767 3218 840 Χριστοῦ.
3266 769 3324 820 '0
3360 769 3416 821 δὲ
3439 785 3634 821 νυστα-

2057 857 2199 927 «ne;
2232 858 2326 911 καὶ
2347 859 2379 928 ἡ
2399 858 2653 930 κοίμησις
2683 858 2791 912 τῶν
2816 859 3117 931 παρθένων,
3143 860 3176 930 ἡ
3199 857 3374 924 ἔξοδος
3397 859 3506 912 ἀπὸ
3531 858 3630 911 τοῦ

2061 945 2196 1017 βίου.
2226 947 2298 999 Τὸ
2326 947 2383 1000 δὲ
2431 947 2774 1018 μεσονύκτιον
2804 949 2837 1017 ἠ
2873 947 3116 1018 βασιλεία
3141 945 3232 999 τοῦ
3259 947 3628 1017 ἀντιχρίστου,

2057 1038 2179 1092 καθ’
2195 1041 2260 1110 ἢν
2281 1041 2309 1092 ὁ
2329 1039 2652 1112 ὀλοθρευτὴς
2672 1040 2899 1110 ἄγγελος
2919 1039 3410 1111 ὲπιπορεύεταιτάς
3427 1041 3632 1103 οἰκίας.

2070 1140 2133 1192 Ἡ
2191 1137 2246 1190 δὲ
2303 1138 2516 1210 κραυγὴ
2554 1140 2588 1208 ή
2636 1137 2899 1209 γενομένη
2959 1138 3052 1190 καὶ
3113 1137 3364 1204 λέγουσα,
3402 1135 3550 1190 Ἰδοὺ
3596 1139 3631 1189 ό

2055 1230 2325 1297 Νυμερίος
2363 1228 2615 1296 ἔρχεται,
2670 1227 2985 1297 ἐξέρχεσθε
3021 1229 3109 1293 εἰς
3142 1226 3486 1294 ἀπάντησιν
3514 1229 3628 1279 αὐ-

2060 1321 2187 1386 τοῦ,
2222 1320 2367 1374 ἔστιν
2410 1323 2442 1391 ἡ
2491 1321 2641 1392 φωνὴ
2685 1323 2719 1393 ἡ
2753 1321 2859 1374 ἀπὸ
2883 1321 2991 1375 τῶν
3031 1319 3276 1392 οὐρανῶν
3301 1322 3395 1373 καὶ
3427 1322 3460 1390 ἡ
3501 1320 3630 1373 σάλ-

2058 1414 2207 1482 πιγξ,
2250 1413 2409 1466 ὁπότε
2457 1415 2672 1468 πάντων
2707 1414 3114 1481 ἐξαναστάντων
3167 1415 3350 1478 αὐτοῖς
3393 1416 3439 1467 oi
3481 1414 3627 1482 ἅγιοι

2054 1503 2160 1558 τῶν
2195 1505 2461 1575 σωμάτων
2494 1504 2586 1556 ἐπὶ
2633 1505 2870 1574 νεφελῶν
2901 1505 3211 1575 οἰχήσονται
3233 1507 3314 1569 είς
3335 1505 3433 1576 τὴν
3459 1506 3634 1560 ἀπάν-

2059 1613 2213 1668 τησιν
2241 1594 2613 1667 ἁρπασθέντες
2640 1595 2735 1648 τοῦ
2770 1597 2999 1667 Κυρίου.

446 1684 856 1742 Observanuum
888 1690 1032 1744 enim
1062 1698 1146 1746 est
1176 1691 1381 1746 dixisse
1412 1691 1754 1762 Scripturam
1779 1733 1794 1757 ,
1827 1701 1950 1760 post

2128 1687 2461 1759 Προσεκτέον
2492 1687 2621 1760 γὰρ,
2657 1689 2740 1742 ὅτι
2771 1688 2909 1760 μετά
2931 1688 3030 1760 τὴν
3059 1687 3303 1760 κραυγὴν
3333 1686 3638 1758 ὲγηγέρθαι

375 1779 670 1834 clamorem
684 1783 1064 1838 exsurrexisse
1083 1799 1276 1840 omnes
1311 1784 1551 1854 virgines
1567 1801 1582 1850 ;
1598 1792 1720 1853 post
1740 1782 1954 1838 scilicet

375 1871 654 1941 delapsum
685 1888 716 1928 e
744 1874 899 1929 cmlis
951 1876 1247 1932 clamorem
1270 1916 1284 1941 ,
1342 1883 1591 1931 mortuos
1623 1891 1746 1930 esse
1776 1873 1956 1930 susci-

377 1965 592 2032 tandos,
627 1969 1082 2040 quemadmodum
1114 1977 1167 2025 et
1198 1968 1406 2024 Paulus
1461 1969 1699 2041 quodam
1753 1970 1874 2024 loco
1905 1969 1949 2000 "

379 2059 653 2121 admouet,
685 2058 806 2129 Ipse
857 2059 1139 2129 Dominus,
1194 2061 1470 2132 inquiens,
1504 2063 1560 2116 in
1596 2061 1754 2130 jussu
1804 2069 1853 2114 et
1895 2061 1951 2114 in

378 2165 498 2203 voce
540 2150 858 2222 archangeli,
900 2160 951 2206 et
985 2153 1038 2207 in
1088 2152 1214 2207 tuba
1257 2153 1355 2208 Dei
1395 2152 1667 2208 descendet
1694 2152 1757 2207 de
1786 2153 1946 2214 οωίο,

372 2253 422 2294 rt
453 2244 648 2297 mortui
673 2245 763 2314 qui
804 2245 861 2299 in
905 2244 1116 2301 Christo
1140 2256 1296 2313 sunt,
1324 2254 1597 2317 resurgent
1631 2245 1812 2314 primi,
1847 2244 1950 2300 hoc

371 2346 456 2392 est
487 2350 757 2406 corpora;
789 2336 879 2390 illa
902 2336 1051 2392 enim
1076 2345 1289 2392 mortua
1319 2345 1470 2406 sunt,
1501 2336 1721 2392 amissis
1749 2335 1953 2390 anima-

373 2429 494 2483 bus.
527 2427 726 2483 Deinde
755 2445 849 2483 nos
885 2429 977 2500 qui
1030 2430 1273 2494 vivimus,
1313 2429 1473 2484 simul
1526 2429 1793 2498 rapientur
1832 2443 1951 2481 cum

371 2520 500 2583 illis,
533 2520 746 2575 animas
774 2519 1112 2590 signiﬁcans.
1145 2521 1256 2577 Nos
1277 2521 1422 2578 enim
1464 2521 1556 2591 qui
1583 2536 1711 2576 vere
1743 2534 1808 2574 ac
1827 2534 1951 2590 pro-

373 2612 488 2682 prie
519 2611 774 2676 vivimus,
796 2612 992 2667 animae
1018 2627 1244 2682 sumus;
1281 2629 1404 2684 quae
1441 2628 1566 2668 cum
1599 2612 1946 2682 corporibus,

370 2703 441 2758 iis
497 2704 812 2772 resumptis,
858 2703 914 2757 in
950 2704 1189 2760 nubibus
1237 2719 1619 2772 occurremus,
1667 2702 1946 2775 lampades

373 2795 608 2851 ferentes
640 2805 883 2860 ornatas,
937 2811 1048 2852 non
1096 2797 1275 2853 alieno
1319 2807 1372 2853 et
1402 2797 1684 2853 mundano
1724 2804 1946 2858 ornatu,

372 2887 467 2944 sed
503 2903 623 2959 qua:
652 2888 952 2958 prudentiae
973 2896 1028 2944 et
1079 2890 1371 2957 castitatis,
1413 2897 1687 2946 astrorum
1715 2890 1823 2944 ritu
1843 2888 1950 2944 late

368 2979 530 3052 iubar
564 2981 796 3045 vibrent,
826 2981 1060 3037 aethereo
1084 2982 1374 3052 splendore
1405 2983 1806 3053 plenissimum.

2060 1788 2240 1849 πάσας
2295 1785 2396 1856 ἔφη
2445 1787 2546 1850 τὰς
2591 1785 2893 1856 παρθένους
2942 1785 2970 1836 ὁ
2997 1784 3179 1852 λόγος’
3215 1783 3456 1837 τουτέστι
3492 1781 3638 1853 μετὰ

2057 1879 2156 1950 τὴν
2204 1881 2266 1932 ὲκ
2307 1879 2413 1931 τῶν
2461 1879 2702 1951 οὐρανῶν
2736 1878 3040 1948 ἐνεχθεῖσαν
3075 1875 3199 1948 βοὴν
3230 1875 3632 1946 ἀναστήσεσθαι

2057 1971 2183 2032 τοὺς
2229 1969 2486 2040 νεκροὺς,
2529 1969 2604 2033 ὣς
2648 1987 2749 2023 που
2800 1968 2893 2022 κα)⁴
2935 1967 3146 2030 Παῦλος
3193 1968 3500 2037 παρεγγυᾷ,
3543 1967 3633 2020 ὅτι

2052 2058 2241 2120 Αὐτὸς
2267 2065 2302 2118 ό
2329 2063 2563 2131 Κύριος,
2595 2061 2787 2132 λέγων,
2817 2062 2887 2114 ἐν
2923 2061 3304 2128 κελεύσματι,
3350 2059 3419 2111 ἐν
3461 2057 3636 2127 φωνῇ

2056 2154 2455 2225 ἀρχαγγέλου,
2494 2155 2593 2208 καὶ
2623 2153 2693 2207 ἐν
2723 2153 3007 2223 σάλπιγγι
3046 2151 3192 2205 Θεοῦ
3233 2149 3631 2216 καταϐήσεται

2057 2247 2157 2301 ἀπ’
2188 2245 2468 2314 οὐρανοῦ,
2501 2246 2599 2299 καὶ
2647 2247 2701 2298 οἱ
2751 2244 2949 2313 νεκροὶ
2989 2243 3061 2296 ἑν
3085 2242 3317 2312 Χριστῷ
3363 2239 3632 2306 ἀναστή-

2056 2355 2267 2393 σονται
2293 2336 2528 2406 πρῶτον
2548 2355 2561 2367 ·
2593 2337 2839 2391 τουτέστι
2878 2335 2949 2390 τὰ
2987 2335 3316 2408 σκηνώματα
3347 2334 3482 2405 (88)·
3513 2336 3635 2406 ὲνε-

2057 2428 2347 2500 κρώθησαν
2389 2427 2497 2500 γὰρ
2543 2428 3000 2500 ἀπαμφιασθέντα
3029 2429 3135 2481 τῶν
3173 2427 3635 2498 ψυχῶν.Ἔπειτα

2055 2520 2226 2590 ἡμεῖς
2254 2523 2306 2574 οὶ
2339 2519 2547 2586 ζῶντες
2577 2519 2696 2588 ἅμα
2737 2520 2859 2574 σὺν
2899 2519 3103 2587 αὐτοῖς
3144 2520 3632 2588 ἁρπαγησόμεθα,

2055 2616 2152 2678 τὰς
2166 2613 2339 2683 ψυχας
2359 2612 2550 2680 λέγων.
2567 2613 2757 2683 Ἡμεῖς
2778 2613 2886 2684 γὰρ
2911 2614 3112 2685 κυρίως
3133 2615 3180 2666 oi
3212 2612 3432 2677 ζῶντες,
3458 2611 3634 2682 ἐσμὲν

2055 2707 2111 2757 αἱ
2151 2704 2340 2774 ψυχαὶ,
2372 2703 2572 2766 αἵτινες
2617 2701 2756 2773 μετά
2801 2703 2908 2756 τῶν
2943 2703 3229 2773 σωμάτων,
3280 2699 3642 2770 ἀπειληφυῖαι,

2054 2795 2247 2860 ταῦτα,
2295 2797 2353 2848 ὲν
2399 2792 2649 2862 νεφέλαις
2702 2793 3150 2865 ἁπαντησὸμεθα,
3195 2791 3294 2856 τὰς
3344 2790 3634 2862 λαμπάδας

2056 2888 2317 2960 φέρουσαι
2352 2885 2766 2956 κεκοσμημένας
2807 2885 2906 2939 οὐκ
2940 2884 3202 2957 ἀλλοτρίῳ
3243 2883 3335 2937 καὶ
3381 2878 3635 2952 κοσμικῷ

2052 2996 2180 3042 τινι,
2218 2975 2354 3031 ἀλλά
2399 2974 2462 3027 τὸ
2503 2975 2815 3046 φρονήσεως
2868 2975 2963 3028 καὶ
3009 2972 3381 3048 σωφροσύνης,
3415 2972 3634 3042 ἄστρων

370 3078 524 3152 δίκην
569 3079 1024 3148 ἀποστιλϐόντων,
1053 3079 1213 3143 σέλας
1258 3080 1430 3151 αὐτῆς
1465 3079 1702 3148 αἰθερίου
1737 3077 2180 3150 πεπληρωμένον.

1522 3245 1653 3300 CAP.
1686 3245 1751 3300 γ.
1788 3239 2122 3314 Virginitatis
2151 3237 2450 3307 praemium.

444 3377 568 3433 Haec
605 3389 957 3449 nostrorum,
989 3399 1023 3438 o
1069 3385 1310 3455 pulchra:
1330 3387 1591 3457 virgines,
1637 3386 1787 3457 orgia
1821 3401 1940 3457 my-

2115 3375 2302 3433 Ταῦτα
2339 3376 2448 3429 τῶν
2482 3374 2790 3446 ἡμετέρων,
2823 3366 2867 3425 ὦ
2891 3369 3330 3443 καλλιπάρθενοι,
3366 3369 3434 3422 τὰ
3470 3369 3634 3443 ὄργια

373 3465 699 3522 steriorum:
733 3468 815 3524 ha
837 3486 1025 3526 earum
1061 3488 1182 3543 quae
1210 3475 1540 3546 virginitatis
1567 3477 1678 3530 ritu
1715 3475 1940 3530 initian-

374 3565 485 3620 tur,
520 3557 846 3616 cerimonias
869 3578 1186 3620 sacrorum:
1225 3566 1327 3622 ista
1359 3569 1581 3636 praemia
1607 3568 1653 3599 ³ο
1683 3568 1946 3622 immacu—

373 3650 604 3705 latorum
619 3655 886 3710 castitatis
902 3659 1281 3712 certaminum.
1303 3657 1480 3714 Verbo
1495 3659 1786 3730 desponsa,
1800 3667 1950 3713 aeter-

370 3758 496 3796 nam
532 3743 958 3816 incorruptionis
1011 3749 1192 3805 dotem
1221 3791 1237 3818 ,
1271 3765 1531 3806 coronam
1567 3765 1632 3805 ac
1662 3750 1881 3806 divitias
1916 3765 1946 3805 a

369 3830 533 3888 Patre
565 3837 808 3905 accipio;
845 3849 898 3894 et
925 3841 980 3894 in
1025 3841 1223 3897 saecula
1280 3841 1579 3912 triumpho,
1644 3839 1946 3912 splendidis

370 3926 993 3987 etimmarcescibilibus
1054 3935 1334 4004 sapientiae
1367 3935 1596 3990 ﬂoribus
1651 3944 1944 3990 coronata:

372 4032 498 4071 eum
528 4017 746 4075 Christo
777 4023 1278 4094 praemialargiente
1304 4027 1360 4081 in
1389 4027 1531 4082 coelo
1560 4026 1761 4082 choros
1782 4025 1944 4088 duco,

371 4104 518 4158 circa
550 4110 817 4178 principio
837 4119 1111 4166 carentem
1129 4117 1182 4168 et
1206 4115 1274 4168 ab
1301 4117 1451 4171 omni
1476 4120 1772 4173 immunem
1806 4115 1948 4170 inte-

371 4201 481 4253 ritu
519 4197 744 4270 Regem.
777 4202 1066 4275 Nunquam
1097 4207 1464 4262 occidentium
1512 4220 1673 4263 nacta
1718 4223 1839 4265 sum
1867 4206 1948 4260 fa-

478 4374 524 4406 ³⁸
563 4374 736 4428 Exod.
769 4395 846 4444 xx,
873 4381 926 4432 4.
1004 4381 1047 4412 ’⁷
1089 4379 1282 4436 Matth.
1313 4399 1440 4447 xxv,
1468 4383 1522 4437 6.
1599 4383 1646 4416 ’⁸
1687 4381 1715 4435 1
1752 4383 1933 4438 Thess.

2076 4381 2160 4436 l6.
2236 4383 2281 4414 ”
2319 4380 2446 4435 ibid.
2480 4397 2554 4445 IV,
2591 4379 2696 4444 15,
2739 4378 2824 4432 16.

444 4557 556 4634 (8'8)
591 4560 865 4634 Tauream
888 4562 959 4616 τὰ
979 4561 1358 4634 σκηνώματα.
1386 4564 1529 4620 Dura
1551 4565 1666 4620 hac
1694 4565 1948 4619 Methodii

369 4631 665 4704 eXpositio.
705 4629 901 4687 Verum
951 4629 1196 4704 quidem'
1227 4637 1544 4692 suscitanda
1594 4638 1949 4691 tabernacula

371 4717 492 4776 qua:
517 4701 849 4764 ceciderant,
887 4705 938 4776 id
967 4701 1050 4760 est
1081 4722 1347 4776 corpora;
1388 4708 1482 4763 sed
1528 4709 1741 4762 illorum
1773 4706 1944 4760 susci-

2051 3471 2394 3544 μυστηρίων
2442 3459 2601 3520 αὗται
2645 3464 2751 3519 τῶν
2783 3465 2841 3518 ὲν
2869 3462 3134 3535 παρθενίᾳ
3170 3460 3630 3533 μυσταγωγηθὲν-

2047 3583 2157 3618 των
2189 3565 2246 3616 αἱ
2276 3560 2520 3615 τελεταίο
2561 3557 2734 3612 ταῦτα
2781 3557 2849 3611 τὰ
2901 3556 3154 3627 ἐπίχειρα
3191 3555 3299 3608 τῶν
3347 3554 3634 3623 ἀμιάντων

2057 3656 2229 3709 ἄθλων
2260 3654 2360 3725 τῆς
2394 3649 2762 3723 σωφροσύνης.
2802 3647 3165 3718 Νυμφεύομαι
3205 3663 3282 3714 τῳ
3324 3647 3499 3715 Λόγῳ,
3534 3645 3634 3697 καὶ

2054 3749 2144 3803 τὸν
2182 3746 2349 3801 ἀΐδιον
2378 3743 2475 3815 τῆς
2506 3741 2813 3813 ἀφθαρσίας
2844 3743 3042 3811 προῖκα
3077 3738 3336 3808 λαμϐάνω
3365 3737 3632 3805 στέφανον

2053 3841 2148 3896 καὶ
2181 3837 2408 3892 πλοῦτον
2448 3835 2597 3906 παρά
2624 3833 2717 3886 τοῦ
2755 3832 3001 3903 Πατρός·
3050 3832 3144 3884 καὶ
3197 3831 3254 3882 ὲν
3301 3831 3413 3888 τοῖς
3467 3827 3630 3880 αίῶσι

2053 3927 2536 4001 στεφανηφοροῦσα
2566 3924 2834 3996 πομπεύω
2860 3923 2930 3976 τὰ
2956 3921 3181 3993 λαμπρὰ
3211 3919 3306 3974 καὶ
3339 3920 3631 3990 ἀμάραντα

2049 4022 2368 4095 τῆςσοφίας
2399 4018 2560 4090 ἄνθη·
2595 4014 2906 4086 συγχορεύω
2930 4013 3244 4086 βραϐεύοντι
3288 4010 3365 4080 τῷ
3408 4008 3637 4079 Χριστῷ-

2051 4116 2171 4168 κατ’
2203 4111 2451 4183 οὐρανὸν,
2484 4109 2628 4180 ἀμφὶ
2649 4108 2738 4160 τὸν
2767 4106 2997 4178 ἄναρχον
3028 4105 3120 4158 καὶ
3140 4102 3435 4174 ἀνώλεθρον
3459 4101 3626 4152 Βασι-

2051 4205 2165 4259 λέα.
2186 4203 2416 4257 Ἀδύτων
2448 4200 2646 4271 γέγονα
2683 4196 3107 4270 λαμπαδηφὸρος
3141 4195 3330 4264 φώτων
3364 4193 3494 4262 (89),
3528 4193 3632 4244 καὶ,

2906 4377 2950 4408 ³ο
2992 4375 3235 4445 Sap.1v,
3285 4375 3340 4428 2.

2056 4564 2468 4636 nobiliorpars,
2501 4570 2560 4636 et-_
2591 4562 2710 4632 ejus
2740 4568 2850 4615 tota
2879 4559 3038 4636 quasi
3078 4556 3408 4636 hypostasis.
3444 4556 3569 4636 ipsa
3596 4569 3634 4608 α

2057 4652 2116 4689 se
2164 4626 2493 4696 subsistens,
2547 4626 2758 4702 hocque
2798 4626 2958 4684 nacta
2985 4631 3037 4685 vi
3059 4626 3189 4702 sua:
3228 4626 3634 4702 productionis,

2057 4705 2167 4760 Deo
2191 4705 2310 4774 ejus
2340 4695 2581 4766 auctOre,
2613 4695 2712 4758 nec
2741 4703 2964 4774 materia
3010 4699 3075 4774 ad
3117 4695 3242 4767 ejus
3269 4695 3634 4752 substantiam

372 4772 578 4846 latione
613 4781 860 4844 resurget
903 4775 1088 4841 homo,
1120 4771 1257 4832 et'in
1291 4771 1581 4834 oecursum
1611 4777 1829 4832 Christo
1863 4792 1948 4830 ra-
1980 4785 2025 4840 D
2055 4771 2259 4846 aliquid
2297 4775 2632 4846 conterente}
2669 4773 2831 4846 nimis
2852 4771 3327 4846 Platonicum_est.
3380 4782 3482 4846 nec
3526 4782 3633 4820 ne-

372 4844 703 4919 pietur,_nec
737 4846 916 4919 quivis
948 4847 1127 4909 homo,
1167 4849 1261 4903 sed
1292 4865 1431 4918 quos
1465 4849 1676 4919 signate
1705 4848 1948 4903 viventes

374 4922 527 4987 vocat
568 4914 886 4987 Apostolus,
935 4933 998 4970 ac
1037 4935 1268 4987 quorum
1303 4914 1360 4974 se
1392 4914 1587 4974 classis
1626 4918 1794 4982 facit;
1835 4919 1951 4972 sive

373 4983 629 5051 !oquatur
652 4987 704 5039 in
738 4985 940 5059 Christi
969 4983 1204 5042 lidélimn
1239 4998 1666 5059 sanctorumque
1693 5002 1950 5058 persona,

371 5070 602 5128 quorum
640 5058 880 5124 potiores
902 5067 1062 5113 erunt
1094 5067 1274 5128 partes
1297 5063 1349 5113 in
1379 5058 1811 5124 resurrectione;
1840 5061 1954 5114 sive

375 5127 427 5177 in
458 5141 644 5179 eorum
670 5144 808 5196 quos
834 5131 922 5184 illa
955 5130 1071 5184 dies
1096 5127 1273 5184 adhuc
1303 5133 1544 5187 viventes
1573 5130 1826 5190 oll‘endet,
1856 5131 1952 5199 qui

371 5202 424 5246 et
473 5209 748 5274 momento
795 5201 1224 5274 immutahuntur
1257 5220 1267 5253 :
1304 5218 1539 5270 quorum
1594 5204 1708 5272 ipsa
1764 5217 1922 5274 resur

373 5272 544 5344 rectio
577 5274 630 5318 ct
672 5284 960 5344 occursus,
1007 5272 1154 5324 nulla
1191 5275 1451 5342 temporis
1483 5289 1634 5326 mora
1665 5272 1947 5344 antecedet

373 5336 589 5415 illorum
645 5342 1122 5415 resurrectionem,
1166 5336 1398 5415 quorum
1443 5345 1571 5397 olim
1621 5345 1857 5415 resoluta
1892 5342 1949 5394 in

373 5413 587 5478 cineres
618 5422 848 5478 corpora
893 5413 1106 5466 fuerant
1135 5432 1147 5467 :
1179 5413 1260 5469 sic
1311 5414 1366 5468 in
1407 5421 1704 5475 momento,
1746 5415 1797 5466 in
1835 5413 1944 5465 ictu

374 5474 554 5556 νειιιρη
589 5474 816 5556 Cane—nte
866 5483 994 5535 tuba
1045 5495 1329 5556 resurgent
1365 5500 1606 5556 omnes,
1663 5474 1726 5536 ac
1776 5482 1945 5556 judici

374 5545 596 5600 Christo
629 5549 918 5614 siSIentur;
955 5553 1066 5605 veri
1115 5545 1323 5609 scilicet
1361 5545 1628 5613 homines.
1679 5545 1793 5607 noti
1829 5554 1947 5605 nni-

381 5631 516 5685 tua);
549 5633 684 5689 quas
716 5619 986 5677 hominem
1027 5623 1206 5680 dicere
1241 5633 1334 5678 aut
1361 5625 1493 5679 velle
1518 5625 1683 5692 (quod
1713 5625 1949 5678 hominis

2052 4835 2349 4902 cessarium
2386 4845 2452 4899 ad
2487 4835 2636 4897 Pauli
2665 4841 3073 4910 intelligentiam
3105 4853 3169 4896 eo
3199 4838 3354 4906 loco;
3381 4837 3448 4892 ad
3468 4851 3632 4907 quem

2050 4917 2268 4971 videndi
2294 4917 2636 4986 interpretes.
2667 4913 2964 4986 Constans.
3082 4980 3094 4986 _
3158 4981 3170 4986 _
3229 4979 3316 4986 μ,

2123 4989 2234 5058 (89)
2279 4976 2592 5058 ’AD-tit'wtf...
2649 4983 2875 5052 φώτων.
2929 4980 3096 5058 Quasi
3147 4979 3450 5034 ἀσϐέστων.
3499 4976 3636 5058 Quae

2053 5055 2330 5127 nunquam
2379 5055 2635 5110 occidant
2681 5061 2775 5106 aut
2805 5055 3267 5127 extinguantur;
3301 5064 3408 5118 qua
3455 5057 3626 5127 meta:

2098 5116 2227 5182 hor'a
2253 5129 2384 5184 solis
2411 5137 2463 5182 et
2491 5127 2773 5180 stellarum
2801 5122 2951 5185 δύσις
2977 5116 3177 5177 dicitur
3199 5116 3455 5180 occasus;
3486 5129 3539 5171 et
3560 5116 3632 5170 τὰ

2098 5145 2227 5182 hora
2253 5145 2384 5184 sons
2411 5145 2463 5182 et
2491 5145 2773 5180 Stellarum
2801 5145 2951 5185 υυσις
2977 5145 3177 5177 ωυιιιιι·
3199 5145 3415 5174 occasus
3436 5159 3450 5180 ,
3486 5145 3539 5171 ut
3560 5145 3632 5170 -ιυι

2055 5145 2245 5252 gustui
2275 5198 2436 5270 μέρη,
2464 5193 2807 5270 occidentales
2834 5193 3022 5270 plagw.
3057 5191 3361 5270 Lampades
3382 5203 3511 5270 ergo
3538 5203 3633 5270 ca-

2056 5261 2286 5332 stitatis,
2314 5261 2544 5338 quarum
2569 5266 2732 5334 jubar
2763 5265 3044 5338 stellarum
3079 5263 3257 5318 simile
3305 5261 3464 5338 paulo
3505 5267 3633 5311 ante

2053 5341 2287 5400 dicebat,
2317 5332 2593 5407 lampades
2613 5341 2740 5389 sunt
2762 5333 3024 5407 luminum
3054 5347 3175 5407 quae
3201 5332 3446 5407 nesciant
3472 5343 3635 5407 occa-

2055 5426 2196 5464 sum.
2233 5399 2443 5463 liudius
2469 5407 2751 5462 Possinius
2789 5402 2932 5481 κατὰ
2964 5399 3273 5481 πρόχειφν,
3297 5399 3635 5481 inaccessihi-

2056 5481 2181 5534 lium
2208 5482 2498 5539 luminum;
2527 5494 2646 5547 qua:
2668 5483 2751 5530 est
2775 5476 2941 5528 altera
2965 5471 3258 5548 ejusvocis
3285 5471 3632 5548 significatio,

2056 5551 2323 5621 llcsychio
2344 5560 2396 5605 et
2421 5542 2601 5621 Suid‘ze
2621 5562 2724 5600 una
2750 5552 2948 5621 notata.
2969 5544 3148 5621 :_quod
3184 5559 3242 5621 re
3273 5543 3351 5598 sic
3385 5542 3636 5619 proclivi,

2055 5614 2234 5677 virum
2269 5621 2488 5676 doctum
2527 5620 2712 5674 fallere
2759 5629 2870 5670 non
2919 5614 3129 5669 debuit.
3183 5614 3424 5668 Alterum
3474 5614 3638 5679 quasi
