3964 6226
231 275 325 330 121

1337 270 1717 328 couvrku
1753 233 1980 328 DECEM
2020 273 2374 332 vmcmuu.

228 387 458 458 ὲφυμνῶ
499 386 560 438 τὸ
611 385 796 440 καινὸν
836 384 971 456 μετὰ
999 387 1100 457 τῆς
1139 385 1461 459 ὁμηγύρεως
1498 384 1651 460 ᾆσμα
1692 391 1783 443 τῶι

1900 407 2016 446 cem
2041 394 2181 448 ferre
2204 395 2468 448 luminum
2494 412 2509 461 ;
2536 409 2845 466 novumque
2869 410 2992 451 cum
3017 395 3284 476 so‘da'uum
3315 409 3461 451 coitu

232 478 605 550 ἀρχαγγέλων,
663 478 761 548 τὴν
810 478 1000 550 καινὴν
1060 478 1218 549 χάριν
1265 478 1658 548 ἐξαγγέλλουσα
1705 481 1803 552 τῆς

245 569 601 639 Ἐκκλησίας·
673 567 996 632 ξυνέπεσθαι
1041 569 1150 640 γὰρ
1195 570 1280 622 ἀεὶ
1325 570 1415 622 τὸν
1459 570 1645 640 ὅμιλον
1695 570 1803 624 τῶν

232 661 517 732 παρθένων
566 659 645 730 τῷ
679 660 867 730 Κυρίῳ
898 661 992 712 καὶ
1038 659 1480 714 συνθιασωτεύειν
1519 661 1645 715 ἔνθα
1693 661 1799 732 εἴη,

228 752 386 818 λόγος
414 755 554 823 ἠχεῖ.
586 750 755 805 Τοῦτο
805 751 899 804 καὶ
938 750 1188 823 Ἰωάννης
1237 753 1295 804 ὲν
1344 755 1410 823 τῇ
1459 751 1567 804 τῶν
1611 754 1802 806 ἑκατὸν

226 841 486 911 χιλιάδων
520 842 612 894 καὶ
642 839 1048 911 τεσσαράκοντα
1077 841 1168 893 καὶ
1193 841 1468 913 τεσσάρων
1503 824 1801 896 αἰνίσσεται

227 935 337 1004 μνῆ
348 951 445 1004 μη-

305 1026 417 1077 Ίτε
460 1020 574 1086 οὖν,
605 1017 650 1076 ὦ
697 1023 910 1076 νεολαία
947 1021 1055 1076 τῶν
1104 1021 1303 1075 καινῶν
1336 1019 1700 1085 αἱώνων.¹ἰτε,
1731 1020 1799 1074 τὰ

223 1118 428 1184 ἀγγεῖα
469 1115 793 1186 πληρώσατε
827 1114 974 1183 σφῶν
1010 1112 1351 1183 δικαιοσύνης
1372 1130 1385 1142 ·
1416 1112 1535 1184 ὥρα
1558 1113 1662 1184 γὰρ
1693 1112 1800 1165 λοι-

223 1210 327 1276 πὸν
359 1205 748 1278 ἐξεγείρεσθαι,
782 1206 876 1259 καὶ
908 1205 1256 1270 ὑπαντιάζειν
1293 1204 1370 1275 τῷ
1403 1203 1656 1276 Νυμφίῳ.
1669 1205 1796 1266 Ἴτε,

221 1301 322 1363 τὰς
357 1303 552 1367 ῖῦγγας
585 1298 676 1350 καὶ
725 1297 795 1350 τὰ
842 1297 1111 1367 θέλγητρα
1137 1296 1352 1363 κούφως
1379 1294 1490 1364 (90)
1527 1295 1798 1366 παραμεί-

219 1389 398 1458 ψασαι
423 1389 520 1441 τοῦ
557 1388 692 1457 βίου.
726 1387 795 1440 τὰ
829 1386 1198 1458 περιδινοῦντα
1221 1386 1316 1439 καὶ
1344 1385 1669 1456 γοητεύοντα
1699 1385 1797 1459 τὴν

219 1479 402 1549 ψυχήν
426 1496 440 1508 ο
469 1477 722 1542 τεύξεσθε
748 1477 856 1549 γὰρ
887 1465 994 1530 τῶν
1028 1476 1478 1547 ἐπαγγελμάτων.

289 1675 404 1728 Ναὶ
427 1676 515 1744 μὰ
545 1675 650 1729 τὸν
672 1674 954 1744 ἁμετέρας
979 1672 1124 1739 ζωᾶς
1147 1671 1424 1736 δείξαντα
1447 1671 1755 1726 κέλευθον.

1902 483 2152 539 collaudo
2180 484 2627 554 arebangelorum
2661 485 2954 549 canticum,
2984 500 3175 539 novam
3212 484 3464 542 Ecclesiae

1900 578 2128 648 gratiam
2161 576 2486 634 enuntians:
2537 577 2691 648 sequi
2724 577 2871 632 enim
2920 575 3208 632 Dominum
3249 594 3464 650 semper

1902 666 2299 720 multitudinem
2329 667 2616 736 virginum,
2639 673 2693 721 et
2728 668 3038 738 ubicunque
3069 668 3252 732 fuerit,
3276 669 3462 726 beatos

1901 773 2030 812 suos
2053 759 2119 812 ab
2150 758 2255 812 illis
2286 755 2616 828 frequentari
2639 766 2835 824 cretus,
2869 759 3148 830 Scriptura
3195 761 3458 831 loquitur.

1900 848 2013 904 Hoc
2043 858 2096 905 et
2120 848 2356 906 Joannes
2389 850 2566 904 innuit
2600 851 2665 915 ",
2712 851 2805 906 ubi
2852 859 3069 907 centum
3102 851 3461 923 quadraginta

1899 951 2131 1013 quatuor
2159 942 2386 996 millium
2415 942 2678 998 meminit.

1940 1035 2048 1088 "lte
2080 1035 2266 1104 igitur,
2293 1049 2326 1088 o
2359 1049 2622 1088 novorum
2653 1035 2976 1090 sazculorum
2999 1049 3138 1088 nova
3167 1049 3230 1090 ac
3263 1034 3460 1092 ﬂorens

1897 1128 2166 1199 virginum
2190 1127 2380 1196 pubes.
2434 1124 2528 1189 lte,
2561 1141 2688 1182 vasa
2722 1134 2902 1182 vestra
2945 1125 3170 1195 implete
3205 1126 3454 1194 justitia:

1892 1218 2002 1287 jam
2033 1219 2175 1272 enim
2198 1217 2328 1269 hora
2354 1223 2437 1270 est
2459 1215 2804 1286 exsurgendi,
2829 1223 2882 1270 et
2912 1215 2966 1268 in
3013 1213 3212 1283 Sponsn
3262 1229 3459 1268 occur-

1897 1323 2016 1362 sum
2049 1309 2231 1364 euudi.
2268 1309 2364 1376 lle,
2399 1309 2520 1364 vitae
2550 1307 2844 1362 blanditias
2881 1313 2935 1360 et
2981 1304 3264 1360 illecebras
3291 1319 3456 1374 expe-

1894 1400 2007 1454 dito
2047 1401 2181 1454 calle
2220 1409 2618 1472 praetergressa:
2645 1439 2661 1464 ,
2722 1413 2842 1468 qua:
2894 1397 3360 1467 circumtorquent
3405 1402 3460 1450 et

1894 1494 2053 1565 quasi
2101 1493 2379 1548 maleﬁciis
2411 1493 2790 1548 contaminant
2841 1492 3116 1558 animam;
3162 1505 3460 1562 conseque-

1895 1585 2024 1638 mini
2049 1584 2193 1639 enim
2221 1600 2341 1654 quae
2372 1583 2526 1639 vobis
2547 1584 2816 1654 promissa
2847 1590 2997 1638 sunt.

1949 1695 2078 1750 Hcec
2097 1713 2186 1764 per
2208 1713 2323 1750 eum
2349 1697 2438 1767 qui
2455 1706 2711 1750 monstrat
2741 1697 2840 1751 iter
2864 1696 3010 1757 mihi.
3032 1695 3181 1764 jura,
3202 1696 3413 1750 salutis.

219 1790 310 1841 Sat
337 1789 489 1842 τόνδε
521 1789 877 1860 προφητείαις
901 1789 1126 1842 πλεκτὸν
1160 1787 1421 1856 στέφανον
1443 1787 1507 1838 ὲκ
1527 1785 1632 1838 τῶν
1656 1802 1783 1857 προ-

1892 1787 2043 1844 lianc
2075 1790 2170 1843 tibi
2201 1789 2496 1859 prophetiis
2535 1796 2735 1843 textam
2789 1804 3050 1844 coronam
3072 1831 3088 1854 ,
3120 1804 3184 1842 ex
3219 1788 3453 1857 prophe-

219 1877 470 1946 ᾳητικῶν
500 1877 797 1948 λειμώνων,
816 1871 862 1930 ὣ
905 1876 1115 1949 Ἀρετὴ,
1138 1875 1293 1946 κάγὼ
1323 1875 1598 1946 κομίσασα
1627 1891 1795 1945 προσ-

219 1985 397 2038 φερω.

290 2059 781 2129 Διαπεραναμένης
823 2054 915 2112 οὖν
967 2059 1162 2130 ἄριστα
1213 2059 1308 2113 καὶ
1354 2057 1608 2130 Ἀγάθης,
1663 2058 1790 2129 ἔφη,

218 2149 311 2201 τὸν
353 2150 526 2217 λόγον,
553 2150 647 2202 καὶ
680 2149 1111 2220 εὐδοκιμησὰσης
1131 2151 1216 2219 ἐφ’
1240 2145 1320 2212 οἷς
1343 2150 1632 2221 ἰσηγὸρησε
1657 2150 1788 2218 (9i),

219 2241 388 2294 πάλιν
423 2243 455 2310 ἡ
494 2241 685 2311 Ἀρετὴ
738 2240 836 2311 τὴν
879 2239 1178 2311 Προκίλλαν
1225 2239 1477 2293 ἐκέλευσε
1515 2240 1710 2308 λέγειν.
1729 2241 1793 2292 Ἡ

215 2333 300 2393 δὲ,
337 2334 631 2394 ἀναστᾶσα,
662 2333 754 2386 καὶ
805 2332 1111 2405 ἔμπροσθεν
1163 2332 1508 2406 παρελθοῦσα
1547 2333 1645 2404 τῆς
1677 2332 1792 2386 κλι-

221 2424 420 2487 σιάδας,
454 2423 598 2488 ἔλεξε
631 2423 830 2478 τοιάδε.

771 2669 1130 2759 ΛΟΓΟΣ
1167 2666 1273 2757 Ζ’.

809 2819 1188 2874 ΠΡΟΚΙΛΛΔ.

1893 1881 2018 1936 ticis
2067 1881 2351 1936 collectam
2405 1882 2606 1951 pratis,
2637 1896 2671 1936 o
2700 1879 2882 1946 Arete,
2916 1887 2971 1935 et
2997 1895 3098 1950 ego
3127 1894 3159 1934 a
3190 1894 3277 1934 me
3317 1893 3450 1934 con-

1890 1973 2164 2028 cinnatam
2193 1971 2384 2027 offero.

1961 2063 2062 2120 Ubi
2093 2065 2172 2119 sic
2201 2065 2404 2133 optime
2432 2062 2642 2134 Agatha
2690 2070 2998 2132 perorasset
3027 2101 3044 2126 .
3101 2071 3157 2117 et
3199 2076 3454 2130 magnam

1887 2157 2124 2212 universi
2173 2172 2468 2212 consessus
2513 2155 2726 2210 laudem
2762 2155 2997 2210 tulisset.
3047 2154 3205 2208 Arete
3257 2152 3459 2207 Procil-

1887 2248 1991 2300 lam
2018 2247 2186 2315 jussit
2207 2247 2406 2302 dicere.
2436 2245 2532 2299 llla
2559 2261 2690 2301 vero
2719 2259 2981 2315 surgens,
3017 2253 3069 2299 et
3100 2251 3225 2299 ante
3251 2242 3452 2299 ostium

1886 2337 2220 2394 tabernaculi
2255 2350 2564 2408 progressa,
2599 2335 2654 2390 in
2685 2335 2832 2390 hunc
2861 2334 3080 2389 modum
3102 2333 3282 2388 locuta
3311 2341 3416 2389 est.

2281 2660 2736 2758 ORATIO
2827 2661 3050 2754 VII.

2481 2810 2840 2867 PROCILLA.

218 2932 342 2989 Cn.
373 2931 415 2988 1.
450 2933 684 3001 Quinam
714 2951 862 3006 verus
888 2953 949 2989 ac
976 2939 1148 3006 gravis
1190 2936 1448 2991 laudandi
1482 2937 1688 2993 modus.
1726 2938 1888 2993 Pater
1927 2937 2100 3006 major
2129 2933 2272 2989 Filio
2315 2933 2654 3006 auctoritate
2679 2930 2943 2999 principii,
2966 2945 3070 2984 non
3117 2927 3442 2982 substantia.

754 3000 1059 3076 Virginitas,
1089 3007 1285 3063 liliunt.
1317 3007 1526 3063 Fideles
1553 3010 1746 3064 anima:
1775 3027 1837 3064 ac
1859 3000 2102 3080 virgines,
2135 3022 2241 3058 una
2269 3005 2423 3058 unius
2458 3000 2654 3057 Christi
2681 3018 2893 3070 sponsa.

296 3112 876 3184 ‘Amppqeupsiv._xa\
911 3116 1048 3188 μετὰ
1076 3117 1357 3182 τοσούτους
1387 3119 1448 3171 ού
1483 3119 1638 3190 θέμις
1685 3135 1771 3188 μοι

1943 3114 2205 3172 Cunctari
2240 3129 2325 3168 me
2353 3119 2406 3168 et
2436 3112 2505 3167 ad
2535 3111 2827 3167 dicendum
2876 3109 3084 3179 pigram
3137 3122 3288 3171 esse,
3321 3113 3448 3176 post

216 3202 424 3272 λόγους,
459 3199 506 3258 ὦ
549 3206 760 3277 Ἀρετὴ,
793 3208 1217 3280 ἀναμφισϐήτως
1263 3212 1680 3262 πεπιστευκυῖαν
1710 3213 1777 3281 τῇ

216 3295 582 3367 πολυποικίλῳ
630 3298 790 3370 σοφίᾳ
818 3298 909 3351 τοῦ
941 3298 1097 3363 Θεοῦ,
1129 3300 1397 3363 πλουσίως
1420 3299 1618 3372 ἐχούσῃ
1643 3299 1780 3352 διδό-

213 3403 293 3438 ναι
326 3387 425 3440 καὶ
449 3387 742 3459 διαφόρως,
775 3389 880 3458 ὅτῳ
915 3389 1177 3458 βούλεται.
1213 3393 1230 3411 ⁶
1265 3391 1374 3444 Καὶ
1401 3391 1506 3462 γὰρ
1538 3390 1782 3459 πελάγιοι

214 3479 497 3550 M95;
527 3497 679 3549 φασι,
707 3480 965 3552 φέρεσθαι
999 3483 1098 3552 μὲν
1121 3485 1233 3546 τοῖς
1263 3485 1691 3556 ναυτιλλομένοις
1719 3485 1782 3537 τὸ

211 3569 340 3620 αὐτὸ
373 3569 596 3639 πνεῦμα
618 3587 632 3600 ο
669 3571 860 3635 ἄλλους
899 3573 955 3625 δὲ
983 3572 1052 3626 τὰ
1085 3573 1212 3642 περὶ
1239 3573 1332 3626 τὸν
1361 3573 1527 3627 πλοῦν
1559 3573 1782 3638 ἀλλοίως

211 3660 395 3712 αὐτῶν
420 3661 984 3734 μεταχειριζομένους,
1019 3663 1118 3717 οὐκ
1159 3665 1238 3728 είς
1280 3665 1378 3733 τὴν
1408 3665 1574 3736 αὐτὴν
1607 3667 1782 3738 εἰσορ-

211 3750 477 3819 μίσασθαι
510 3753 774 3808 σπεύδειν.
799 3749 892 3818 Οἷς
923 3754 1021 3825 μὲν
1037 3755 1144 3826 γὰρ
1164 3755 1224 3808 τὺ
1247 3755 1460 3826 πνεῦμα
1480 3757 1620 3809 κατὰ
1641 3755 1780 3827 πρύ-

213 3858 350 3908 μναν
403 3841 586 3912 οὔριον
625 3843 866 3896 ἵσταται·
899 3845 1022 3907 τοὺς
1056 3845 1112 3897 δὲ
1142 3845 1236 3898 καὶ
1266 3845 1323 3910 ἐξ
1353 3845 1656 3915 ἐγκαρσίων
1684 3846 1783 3912 φέ-

213 3950 311 4002 ρει,
337 3934 432 3986 καὶ
454 3935 603 4004 ὅμως
629 3936 945 4007 ἑκατέροιςὸ
965 3936 1124 4000 πλοῦς
1147 3936 1364 3990 ἀνύεται
1389 3938 1604 4008 ῥᾷστα)
1621 3936 1782 4007 Ἀτὰρ

209 4023 268 4092 δὴ
318 4026 416 4077 καὶ
465 4025 525 4076 τὸ
571 4027 668 4095 τῆς
698 4028 890 4096 σοφίας
919 4028 1100 4099 νοερὸν
1130 4026 1354 4098 Πνεῦμα
1387 4027 1480 4081 καὶ
1507 4027 1659 4096 ἆγιον
1687 4027 1782 4079 καὶ

212 4118 500 4184 μονογενὲς
528 4117 637 4188 (92)
671 4119 776 4171 ἀπὸ
803 4118 910 4171 τῶν
941 4119 1208 4191 πατρῴων
1235 4119 1438 4174 ἄνωθεν
1467 4118 1658 4190 πράως
1687 4135 1786 4173 κα-

279 4275 326 4307 ³¹
365 4277 534 4346 Αροε.
564 4295 660 4345 vn,
694 4278 748 4333 4.

1886 3217 1966 3263 tot
1992 3207 2154 3262 etiam
2193 3213 2482 3274 tantosque
2515 3218 2819 3268 sermones,
2848 3200 3023 3261 nefas,
3059 3215 3092 3254 ο
3116 3197 3300 3261 Arete,
3340 3201 3450 3266 sit;

1885 3315 2007 3372 qua
2038 3299 2290 3354 videlicet
2321 3294 2643 3350 multiformi
2686 3293 2780 3349 Dei
2811 3291 3076 3362 sapientia
3137 3289 3454 3344 indubitan-

1888 3399 1970 3445 ter
1991 3389 2109 3452 ﬁsa,
2141 3387 2262 3456 ejus
2301 3385 2546 3444 noverim,
2576 3390 2763 3445 nutus,
2790 3389 2850 3436 ut
2879 3381 3158 3436 affluenter
3192 3381 3450 3449 varieque

1886 3482 2046 3537 donis
2070 3478 2322 3534 muniﬁca
2351 3475 2576 3537 tribuat,
2603 3475 2690 3529 cui
2727 3475 2965 3529 libuerit.
2994 3474 3160 3527 Aiunt
3185 3472 3329 3527 enim
3371 3471 3451 3526 rei

1887 3571 2119 3626 nauticae
2169 3565 2558 3637 experientiam
2615 3564 2898 3628 habentes,
2936 3564 3181 3633 aSpirare
3233 3561 3451 3632 quidem

1883 3660 2266 3732 navigantibus
2311 3673 2478 3712 unum
2528 3656 2889 3725 eumdemque
2934 3663 3194 3709 ventum:
3257 3654 3452 3707 borum.

1884 3762 2064 3808 tamen
2090 3753 2226 3806 alios
2253 3751 2410 3805 aliter
2433 3748 2832 3819 navigationem
2857 3761 3011 3802 suam
3038 3745 3450 3817 regentes,alios

1883 3844 1948 3898 ad
1977 3851 2166 3913 portus
2189 3855 2428 3910 orasque
2460 3841 2566 3894 iter
2602 3838 2954 3894 contendere.
3001 3836 3209 3907 Nempe
3267 3835 3387 3890 aliis
3418 3850 3451 3890 a

1883 3935 2047 4006 puppi
2083 3933 2264 3989 ferens
2281 3933 2336 3986 in
2350 3931 2616 3987 directum
2635 3929 2776 3984 alliat
2801 3945 2969 3997 aura;
3000 3930 3119 3984 aliis
3134 3943 3262 3984 vero
3285 3928 3450 3983 etiam

1882 4026 2161 4095 obliquata
2208 4023 2451 4094 implevit
2481 4023 2601 4077 vela
2626 4060 2642 4086 ,
2680 4036 2744 4076 ac
2783 4031 2964 4076 tamen
2994 4021 3272 4089 utrisque,
3329 4017 3450 4086 ejus

1889 4130 2134 4182 munere,
2167 4114 2326 4171 facile
2347 4113 2620 4185 navigatio
2655 4112 2917 4169 succedit.
2940 4111 3060 4179 Quo
3079 4112 3327 4183 exemplo
3344 4124 3446 4164 no-

207 4417 380 4471 active
411 4417 617 4472 dicitur
647 4417 714 4472 de
761 4416 848 4488 his
893 4431 1015 4488 quae
1067 4414 1157 4488 ita,
1186 4415 1341 4484 quasi
1385 4414 1668 4470 subeundo
1694 4414 1779 4488 vel
1809 4421 1856 4481 ι)
1881 4413 1977 4469 tha
2005 4413 2199 4488 offerre
2220 4431 2278 4471 se
2299 4415 2388 4482 llic
2405 4417 2720 4488 pr0phetica
2747 4416 2898 4482 dicit,
2923 4430 3020 4472 sua
3047 4415 3313 4488 oratione.
3337 4432 3449 4472 non

209 4500 406 4541 terram
444 4489 526 4540 vel
569 4488 695 4557 quid
745 4486 1040 4557 ejusmodi,
1081 4485 1223 4557 velut
1256 4501 1577 4540 evanescere
1605 4493 1662 4557 et
1692 4487 1776 4538 in-

207 4561 389 4618 terire.
423 4558 507 4609 vel
538 4555 683 4610 certe
705 4557 877 4610 oculis
905 4555 1139 4611 subduci
1173 4569 1280 4610 non
1299 4563 1554 4624 possunt;
1588 4556 1669 4610 vel
1694 4557 1777 4609 lu-

207 4631 371 4689 mina,
408 4626 495 4680 vel
530 4627 825 4694 sidera,vel
857 4627 1102 4680 homines
1137 4644 1150 4678 :
1183 4625 1408 4680 alterum
1446 4625 1678 4695 passive,
1711 4625 1778 4679 de

206 4697 286 4751 bis
314 4715 445 4765 qua:
476 4696 693 4764 pervadi
729 4703 822 4749 aut
851 4695 1121 4764 penetrari
1167 4710 1275 4749 non
1323 4703 1574 4765 possunt,
1608 4702 1661 4749 et
1703 4697 1778 4748 ita

205 4769 485 4821 inaccessa
533 4776 679 4828 sunt,
735 4775 795 4820 ut
836 4766 1132 4834 penetralia
1174 4780 1238 4820 ac
1283 4767 1464 4837 templi
1511 4765 1777 4821 sacratior

204 4839 374 4893 locus.
410 4837 698 4891 ϐοηθεῖν-ιε.

269 4909 384 4974 (90)
419 4908 683 4974 Κούριος.
714 4904 898 4959 Editor
918 4905 1143 4975 Lupar.,
1172 4904 1319 4975 nulla
1356 4905 1602 4960 codicum
1644 4905 1767 4968 fide,

203 4977 458 5044 Κούοςως,
503 4984 599 5039 ait,
647 4975 782 5044 quod
811 4974 1121 5046 hlegeba’tur,
1173 4974 1376 5046 videtur
1415 4992 1511 5044 per
1541 4992 1772 5030 errorem

200 5043 402 5113 factum
451 5061 517 5098 ex
551 5043 764 5114 κωφῶς.
803 5043 999 5116 Sicque
1040 5045 1260 5098 intrusit
1289 5045 1341 5116 in
1381 5043 1770 5116 textumtred-

201 5120 411 5186 diique.
440 5118 602 5169 surda
633 5113 778 5178 aure,
815 5113 971 5184 quasi
1003 5115 1256 5186 respiciat
1287 5113 1588 5186 Metliodius
1620 5114 1770 5186 Sire-

202 5183 323 5238 num
358 5187 685 5252 cantilenas,
715 5183 943 5254 quarum
977 5201 1035 5239 se
1059 5183 1298 5255 periculo
1330 5183 1568 5256 Ulysses.
1600 5185 1768 5240 surda

200 5257 477 5309 transiens
522 5272 672 5315 aure.
722 5256 1073 5310 liberaverit:
1107 5271 1214 5310 non
1268 5255 1388 5308 vita:
1439 5256 1767 5324 voluptates,

198 5342 330 5392 quas
361 5327 511 5379 velut
547 5327 788 5394 laqueos,
826 5334 920 5380 aut
951 5326 1154 5392 gluten,
1198 5340 1292 5379 seu
1337 5325 1497 5378 etiam
1531 5341 1772 5390 omnum,

198 5399 273 5448 vel
304 5398 507 5465 quavis
540 5398 642 5448 alia
677 5396 841 5448 simili
870 5395 1203 5465 metaphora,
1237 5395 1361 5464 quis
1394 5395 1609 5464 κούφως
1637 5395 1774 5449 cliu-

197 5464 332 5533 giat.
354 5466 456 5518 levi
496 5476 547 5518 et
588 5466 826 5530 expedito
853 5464 1006 5528 calle,
1039 5466 1235 5530 volatu,
1265 5481 1444 5527 cursu,
1475 5481 1539 5518 ac
1571 5466 1614 5518 si
1640 5465 1770 5534 quid

200 5537 467 5599 ejusmodi
507 5552 603 5588 vox
653 5537 742 5588 illa
775 5537 919 5589 nulla
954 5535 1004 5588 vi
1048 5544 1226 5605 potest
1271 5535 1458 5601 reddi;
1505 5550 1604 5589 nec
1654 5535 1774 5589 sine

198 5607 443 5675 {semplo
477 5606 529 5658 in
558 5605 859 5674 Scriptura,
891 5605 1048 5673 cujus
1090 5605 1264 5675 magis
1295 5621 1454 5660 voces
1487 5606 1772 5660 attendunt

198 5672 387 5732 Patres
420 5685 476 5732 et
507 5672 790 5730 imitantur
827 5672 986 5746 quam
1017 5672 1298 5748 poetarum
1332 5693 1344 5729 :
1376 5675 1518 5732 unde
1545 5684 1598 5732 et
1626 5676 1770 5746 Aga-

1880 4487 2111 4554 poetiea.
2143 4485 2482 4542 Continen'da
2506 4485 2644 4557 ergo
2675 4503 2886 4549 manus,
2927 4502 3028 4541 nec
3060 4487 3140 4540 sic
3171 4486 3326 4541 facile
3348 4503 3446 4542 ve-

1880 4565 2052 4628 terum
2084 4558 2452 4613 monumentis
2486 4558 2717 4628 quodam
2749 4559 2925 4627 plagio
2964 4557 3322 4617 immittenda.
3352 4558 3443 4611 ubi

1881 4625 2086 4679 nullum
2109 4637 2461 4688 momentum,
2499 4625 2592 4683 sed
2638 4625 2770 4682 levis
2796 4625 2976 4682 minus
3003 4627 3226 4682 erudita:
3251 4629 3445 4681 mentis

1881 4695 2017 4749 ludit
2055 4697 2389 4763 conjectura.
2433 4698 2548 4752 Meo
2582 4705 2763 4752 tamen
2811 4697 3072 4766 periculo,
3119 4695 3265 4766 quod
3309 4697 3446 4750 scri-

1881 4773 2053 4834 ptum,
2079 4767 2390 4838 ίσηγόρησε,
2418 4769 2575 4838 plane
2594 4764 2826 4838 barbara
2845 4783 2974 4821 voce
2998 4782 3061 4838 ac
3086 4764 3216 4820 nilnil
3234 4764 3441 4838 Graeca,

1881 4835 2220 4898 mutandum,
2240 4835 2646 4908 ἐδημηγόρησε.
2675 4835 2881 4908 Nempe
2897 4836 3110 4908 laudata
3133 4836 3337 4906 Agatba
3360 4851 3444 4889 ess

1878 4919 1907 4957 a
1940 4913 2054 4977 toto
2083 4907 2366 4977 consessu,
2415 4907 2512 4977 pro
2549 4907 2813 4960 eoncione
2841 4907 2921 4960 sic
2959 4907 3193 4976 graviter
3225 4919 3436 4973 presse-

1874 4991 1979 5047 que
2006 4976 2223 5047 habita;
2255 4976 2557 5031 nulla'cum
2604 4977 2976 5044 superioribus
2996 4979 3438 5047 comparatione,

1875 5046 1967 5099 sed
2006 5045 2212 5112 judicio
2260 5048 2313 5100 in
2361 5048 2518 5101 linem
2565 5043 2738 5114 usque
2779 5047 2957 5102 Arelas
2987 5043 3341 5116 βραϐέυούσῃ,
3375 5059 3442 5100 ac

1870 5117 2186 5170 certaminis
2214 5117 2450 5178 arbitrae,
2477 5127 2707 5171 servato.
2732 5116 2808 5170 In.

1943 5183 2052 5258 (Ἢ)
2099 5186 2467 5258 ἰσηγόρησεσ
2491 5185 2943 5258 ,Ἐδῃμηγόρηεὶε-
2976 5185 3052 5239 '1'-

1943 5253 2051 5326 (92)
2082 5256 2187 5326 Καὶ
2216 5254 2556 5326 μονογξνές.
2593 5253 2859 5326 δὐερορὶίὶ
2886 5255 3051 5310 Leoni
3079 5255 3277 5311 Allatio
3307 5271 3436 5322 vox,

1872 5324 2030 5394 quasi
2058 5324 2127 5377 ab
2149 5323 2364 5394 Arianis
2383 5324 2637 5379 Methodii
2663 5323 2787 5380 huic
2805 5327 3169 5380 lucubrationi
3193 5329 3434 5383 inserta:

1872 5393 2003 5467 mihi
2029 5395 2096 5467 ab
2123 5397 2240 5463 ipso
2273 5393 2545 5467 Methodio
2567 5411 2631 5449 ei
2655 5396 2782 5465 Sap.
2807 5411 2901 5460 vu,
2932 5395 3022 5459 29.,
3047 5408 3302 5467 accepta;
3335 5413 3440 5452 nec

1871 5465 2050 5534 minus
2069 5465 2130 5534 in
2155 5480 2220 5517 eo
2238 5479 2400 5534 quam
2427 5465 2479 5518 in
2506 5466 2624 5534 ipso
2649 5480 2806 5519 sacro
2831 5473 2980 5534 t_extu
3011 5482 3142 5534 sana
3165 5465 3220 5523 et
3249 5465 3434 5523 ortho-

1869 5533 2033 5609 doxa,
2067 5529 2594 5609 Verba'Salomonis
2625 5542 2752 5588 sunt
2789 5529 3085 5609 .Est‘engim
3111 5537 3164 5609 in
3189 5538 3283 5592 illa
3306 5538 3434 5609 (sa-

1868 5605 2093 5679 pientia,
2149 5619 2271 5673 quae
2317 5613 2400 5679 est
2428 5606 2692 5679 _or_nnium
2742 5604 3218 5679 artifexlﬂvssua
3250 5604 3436 5679 νοερὸν

1868 5673 2040 5744 ἅγιον,
2077 5675 2383 5745 μονογενές,
2419 5675 2646 5746 Spiritus
2673 5676 3030 5748 intelligentia:
3051 5673 3286 5745 sanctus,
3315 5673 3436 5732 uni-
