3964 6226
404 273 511 330 127

1396 272 1454 326 S.
1499 271 1827 327 METHODll
1861 272 2170 330 EPISCOPI
2213 265 2302 328 ΕΤ
2345 272 2705 329 MARTYIHS

3553 276 3661 331 I28

1389 409 1518 466 CAP.
1554 411 1615 465 Il.
1652 409 1779 464 Loci
1801 411 1956 466 Cant.
1996 428 2070 478 Iv,
2097 412 2248 472 9-12.
2286 412 2671 482 interpretatio.

475 531 720 604 Cogitate
750 531 916 592 enim,
947 545 980 584 ο
1004 531 1276 603 virgines;
1315 533 1461 604 quod
1485 535 1557 588 ita
1603 548 1857 603 sponsam
1897 535 1976 586 al-
2007 546 2049 602 Α

407 625 668 696 loquitur,
693 623 975 679 Abstuliin
997 625 1145 679 nobis
1184 642 1276 680 cor
1309 643 1412 680 uno
1444 629 1715 681 oculorum
1743 637 1973 692 tuorum,

407 717 780 789 perspicacem
849 717 958 770 vim
1019 717 1216 774 mentis
1271 719 1638 789 intelligentiae
1688 719 1974 783 ostendit;

408 817 696 880 postquam
723 803 934 862 Scilicet
963 808 1126 864 homo
1152 809 1376 864 interior
1402 825 1521 864 eam
1557 809 1844 865 deterserit
1871 811 1981 880 pla-

409 916 584 969 neque
616 899 980 962 mundaveril,
1007 909 1065 954 ut
1089 901 1348 970 liquidius
1377 901 1657 957 veritatem
1681 902 1974 958 intueatur.

407 991 687 1062 Duplicem
721 993 864 1046 enim
900 1008 1022 1047 esse
1051 993 1290 1056 oculum,
1327 994 1557 1047 alterum
1590 993 1778 1059 animi,
1816 1003 1978 1064 atque

408 1085 638 1138 alterum
694 1086 961 1153 corporis,
1027 1086 1201 1141 cuivis
1262 1085 1609 1141 manifestum
1665 1095 1769 1142 est.
1823 1085 1978 1141 Haud

405 1176 687 1230 enimvero
717 1192 839 1231 eum
875 1180 967 1248 qui
998 1185 1082 1234 est
1116 1178 1383 1249 corporis,
1429 1194 1487 1232 se
1523 1193 1706 1234 amare
1740 1177 1976 1234 Verbum

408 1267 712 1336 proﬁtetur,
750 1269 842 1323 sed
879 1270 1143 1323 duntaxat
1186 1285 1309 1324 eum
1359 1271 1450 1341 qui
1478 1278 1561 1324 est
1590 1271 1808 1336 mentis,
1849 1270 1976 1326 dum

406 1361 522 1423 ait,
565 1361 850 1416 Abstulisli
894 1364 1041 1418 nobis
1087 1381 1176 1418 cor
1217 1366 1271 1418 in
1305 1381 1406 1418 uno
1439 1365 1711 1419 oculorum
1742 1376 1974 1428 tuorum,

404 1463 455 1508 et
487 1455 541 1506 in
571 1470 673 1507 uno
702 1466 1007 1510 ornamento
1042 1456 1165 1509 colli
1190 1457 1286 1510 tui.
1318 1455 1483 1522 Quasi
1511 1456 1716 1513 diceret
1749 1476 1761 1510 :
1793 1455 1872 1510 Tu
1903 1457 1980 1510 ni-

407 1547 646 1611 mirum,
701 1548 1096 1604 amabilissimo
1146 1549 1448 1620 prudentiae
1504 1556 1611 1604 tua:
1669 1550 1862 1603 obtutu
1924 1549 1978 1602 in

407 1654 646 1694 amorem
673 1655 768 1694 cor
798 1650 1048 1697 nostrum
1079 1642 1340 1707 incitasti,
1375 1658 1440 1697 ac
1468 1644 1625 1712 quasi
1667 1642 1730 1696 ad
1771 1649 1825 1697 te
1853 1657 1981 1698 avo-

407 1731 522 1786 lare
563 1731 762 1798 fecisti,
814 1734 1076 1788 mundum
1123 1734 1193 1790 ab
1233 1735 1381 1789 intus
1414 1734 1684 1790 castitatis
1724 1735 1978 1791 evibrans

409 1823 928 1895 splendidissimum.
947 1825 1064 1880 Jam
1083 1828 1224 1882 enim
1240 1827 1363 1882 colli
1378 1838 1694 1881 ornamenta
1719 1837 1982 1883 vocantur

2159 534 2556 605 Ἐπισκέψασθε
2597 534 2728 605 γὰρ,
2758 535 2840 587 ὅτι
2867 531 3363 601 τὸ,Ὲκαρδίωσας
3400 532 3578 600 ἡμας,
3612 527 3659 585 ὦ

2078 628 2356 700 παρθένοι,
2387 627 2676 699 λεγόμενον
2705 629 2841 698 πρὸς
2883 626 3045 680 αὐτοῦ
3073 628 3137 696 τῇ
3174 627 3380 696 νύμφῃ,
3411 625 3503 678 ἐνὶ
3533 626 3660 680 ἀπὸ

2078 719 2400 790 ὀφθαλμῶν
2470 736 2585 774 σου
2609 761 2624 786 ,
2675 721 2766 774 τὸν
2822 717 3124 791 διορατικὸν
3179 718 3279 786 τῆς
3341 719 3651 789 φρονήσεως

2077 810 2352 882 ὀφθαλμὸν
2395 811 2662 865 δείκνυσιν
2682 828 2695 841 ⁸
2741 811 2900 865 ὁπότε
2933 811 2996 882 δὴ
3023 809 3212 863 τοῦτον
3240 810 3270 861 6
3297 809 3406 862 ἔσω
3440 808 3652 880 σμήξαε,

2079 903 2362 976 ἄνθρωπος
2403 903 2659 976 καθαρῶς
2689 905 3013 978 τρανότερον
3065 903 3163 974 τὴν
3214 901 3473 974 ἀλήθειαν
3523 903 3654 955 ἐπο-

2080 995 2284 1049 πτεύει.
2315 995 2510 1068 Δισσὴν
2551 996 2660 1068 γὰρ
2703 995 2876 1065 ὂψεως
2906 990 3042 1048 εἶναι
3070 993 3298 1064 δύναμιν
3345 994 3508 1047 παντί
3550 1008 3653 1049 που

2079 1089 2416 1158 καταφανές
2468 1087 2594 1159 μίαν
2645 1087 2744 1158 μὲν
2787 1087 2985 1158 ψυχῆς,
3031 1086 3262 1158 θατέραν
3291 1086 3346 1139 δὲ
3381 1086 3654 1157 σώματος.

2093 1179 2231 1232 Ἀλλ’
2265 1180 2385 1249 οὐχὶ
2413 1179 2512 1250 τῆς
2538 1177 2628 1231 τοῦ
2666 1177 2913 1249 σώματος
2942 1179 3072 1248 ἐρᾷν
3113 1178 3141 1229 6
3180 1177 3350 1245 Λόγος
3382 1178 3658 1248 ὁμολογεῖ,

2081 1271 2212 1328 an;
2259 1273 2356 1343 τῆς
2406 1271 2543 1325 κατὰ
2586 1271 2820 1325 διάνοιαν
2879 1271 3059 1342 μόνον,
3101 1271 3197 1324 Ἐν
3237 1271 3350 1335 ἐνὶ,
3405 1271 3656 1340 φάσκων,

2079 1366 2445 1434 ἐκαρδὶωσας
2470 1364 2627 1434 ἡμᾶς
2650 1364 2766 1419 ἀπὸ
2796 1363 3118 1434 ὀφθαλμῶν
3142 1379 3282 1427 σου,
3310 1363 3411 1416 καὶ
3453 1364 3524 1417 ἐν
3547 1363 3664 1434 μιᾷ

2079 1457 2352 1526 ἐνθέματι
2383 1456 2688 1527 τραχήλου
2730 1470 2866 1510 σου.
2889 1457 3063 1526 Ὅπερ
3095 1455 3263 1510 ἐστίν’
3288 1449 3359 1506 Ὦ
3388 1453 3548 1524 αὕτη,
3579 1455 3662 1526 τῷ

2081 1551 2366 1622 ἐπεράστῳ
2395 1567 2488 1603 σου
2533 1549 2804 1620 βλέμματι
2836 1546 2935 1616 τῆς
2969 1545 3238 1609 συνέσεως
3270 1546 3661 1618 ἀνεπτέρωσας

2081 1641 2236 1714 ὴμῶν
2280 1642 2378 1714 τὴν
2422 1640 2648 1713 καρδίαν
2695 1642 2776 1702 είς
2818 1639 3000 1703 πόθον,
3037 1638 3238 1691 ἔσωθεν
3268 1637 3361 1690 τὸν
3405 1636 3659 1710 ἀρίδηλον

2080 1735 2282 1806 κόσμον
2330 1734 2777 1805 ὲξαστράπτουσα
2818 1732 2915 1801 τῆς
2964 1728 3336 1800 σωφροσύνης.
3355 1728 3661 1800 Ἐνθέματα

2081 1829 2190 1899 γὰρ
2221 1827 2490 1900 τραχήλου
2520 1825 2763 1879 καλεῖται
2790 1823 2860 1876 τά
2891 1822 3228 1898 περιδέραια,
3259 1820 3329 1873 τὰ
3366 1821 3431 1873 ὲκ
3475 1819 3657 1872 ποικί-

406 1923 631 1987 torques
660 1927 753 1972 aut
789 1919 1034 1984 monilia,
1075 1935 1142 1974 ex
1171 1920 1342 1975 variis
1372 1927 1425 1974 et
1457 1920 1710 1989 pretiosis
1754 1921 1978 1990 gemmis

2087 1924 2192 1976 λων
2234 1921 2329 1976 καὶ
2359 1921 2555 1992 τιμίων
2589 1917 2941 1988 συντιθέμενα
2969 1914 3308 1969 λίθων.Ἀλλ’
3339 1915 3396 1966 αἱ
3426 1914 3524 1984 μὲν
3553 1929 3660 1964 σω-

408 2017 686 2065 contexta.
729 2010 998 2066 Caeterum
1047 2027 1166 2082 quae
1222 2013 1470 2082 corporis
1523 2012 1695 2066 cultui
1761 2013 1982 2068 student

404 2102 620 2167 animm,
665 2104 976 2160 sensibilem
1008 2103 1153 2159 hunc
1193 2106 1480 2164 mundum,
1511 2105 1766 2160 exteriori
1797 2105 1982 2160 carnis

405 2195 606 2249 cervici
639 2196 704 2251 ad
736 2195 980 2252 fraudem
1011 2197 1402 2252 contuentibus
1436 2197 1765 2262 faciendam,
1813 2213 1984 2267 appo-

406 2296 575 2354 nunt;
610 2296 803 2343 contra
834 2304 966 2344 vero
999 2305 1120 2359 quae
1153 2289 1316 2343 vitam
1346 2298 1498 2346 caste
1536 2291 1850 2352 instituunt,
1896 2291 1982 2344 in-

407 2380 660 2435 teriorem
701 2381 804 2435 sibi
835 2381 1097 2436 mundum
1130 2383 1411 2444 adhibent,
1445 2398 1507 2437 ex
1549 2382 1804 2453 pretiosis
1828 2397 1983 2437 vere-

405 2486 513 2541 que
544 2472 710 2526 variis
747 2472 943 2542 lapillis
991 2474 1328 2542 gemmisque
1360 2473 1656 2537 (libertate,
1696 2473 1983 2543 magnani-

407 2563 614 2626 mitate,
658 2564 943 2632 sapientia,
970 2565 1262 2636 charitate)
1291 2565 1617 2632 conﬂatum;
1658 2580 1848 2635 parum
1885 2581 1982 2619 cu-

407 2663 612 2719 rantes,
666 2655 798 2711 istos
835 2672 932 2727 pro
977 2658 1161 2712 saeculi
1195 2673 1300 2712 usu
1323 2659 1431 2713 cito
1475 2658 1782 2715 diﬁluentes
1817 2673 1982 2714 orna-

407 2754 516 2809 tus,
551 2747 644 2816 qui
687 2746 938 2802 foliorum
964 2749 1073 2802 ritu
1105 2749 1168 2803 ad
1200 2757 1414 2820 tempus
1439 2748 1692 2806 ﬂorentes
1724 2750 1980 2803 mutatio-

406 2837 567 2892 nibus
592 2839 836 2908 corporis
861 2855 961 2910 per
989 2850 1159 2896 statas
1193 2843 1339 2898 vices
1383 2842 1822 2913 contingentibus
1855 2856 1982 2897 eva-

405 2937 655 2986 nescunt.
683 2930 887 3002 Duplex
924 2933 1066 2987 enim
1099 2936 1151 2988 in
1187 2935 1404 2991 homine
1427 2936 1662 2990 mundus
1693 2935 1935 2990 cernitur
1964 2952 1978 2989 :

403 3033 636 3088 quorum
667 3019 894 3074 alterum
921 3023 1014 3091 qui
1047 3021 1274 3078 interior
1301 3033 1384 3080 est
1413 3040 1475 3078 ac
1503 3024 1848 3090 immortalis,
1876 3025 1981 3079 Do-

407 3109 588 3162 minus
625 3110 846 3179 accipit,
883 3127 972 3165 cor
1001 3113 1101 3166 sibi
1133 3115 1390 3176 ablatum,
1423 3115 1632 3178 dicens,
1671 3115 1725 3168 in
1755 3131 1858 3169 uno
1893 3131 1982 3168 or-

410 3212 656 3254 namento
689 3203 814 3256 colli
839 3219 1079 3273 sponsae;
1108 3205 1266 3275 quasi
1304 3207 1594 3276 pellectum
1636 3223 1695 3262 se
1729 3216 1890 3277 atque
1913 3205 1979 3260 ad

2091 2013 2395 2086 μασκοῦσαι
2426 2011 2595 2082 ψυχαὶ
2620 2010 2710 2063 τὸν
2741 2008 2995 2080 αἰσθητὸν
3039 2006 3246 2061 τουτονὶ
3289 2005 3490 2075 κόσμον
3515 2004 3664 2074 ἀμφὶ

2087 2106 2177 2160 τὸν
2203 2103 2471 2177 τράχηλον
2516 2102 2608 2155 τὸν
2655 2101 2758 2167 ἔξω
2799 2101 2895 2172 τῆς
2927 2099 3126 2169 σαρκὸς
3160 2096 3492 2169 περιτιθέασι
3524 2095 3663 2167 πρὸς

2088 2198 2303 2269 ἀπάτην
2351 2195 2460 2248 τῶν
2501 2193 2820 2264 θεωμένων·
2870 2194 2924 2244 αἱ
2975 2191 3031 2243 δὲ
3077 2189 3402 2258 ἀγνεύουσαι
3449 2186 3660 2240 ἔνδοθεν

2089 2289 2322 2361 ἔμπαλιν
2347 2288 2440 2341 τὸν
2472 2287 2672 2357 κόσμον
2699 2286 3035 2352 ὲξάπτονται,
3065 2283 3155 2336 τὸν
3186 2281 3294 2336 ἀπὸ
3324 2281 3431 2334 τῶν
3463 2280 3662 2351 τιμίων

2088 2381 2183 2435 καὶ
2226 2379 2484 2433 ποικίλων
2532 2378 2606 2443 ὼς
2654 2376 2868 2449 ἀληθῶς
2912 2375 3268 2446 συγκείμενον
3316 2371 3510 2436 λίθων,
3560 2370 3661 2442 τῆς

2088 2473 2419 2544 ἐλευθερίας,
2449 2471 2546 2542 τῆς
2601 2467 3099 2541 μεγαλοφροσύνης,
3153 2467 3252 2536 τῆς
3305 2466 3515 2534 σοφίας,
3557 2463 3662 2533 τῆς

2087 2565 2306 2635 ἀγάπης
2339 2563 2470 2633 (95)·
2502 2561 2656 2628 όλίγα
2697 2561 3049 2632 φροντίσασαι
3095 2559 3203 2611 τῶν
3235 2558 3361 2628 τῇδε
3396 2554 3660 2627 προσκαί-

2090 2675 2197 2730 ρων
2229 2655 2621 2725 ποικιλμάτων,
2651 2652 2687 2706 ἀ
2725 2652 2936 2720 φύλλων
2969 2652 3123 2722 δίκην
3166 2651 3301 2723 πρὸς
3345 2648 3492 2719 ὤραν
3528 2646 3658 2700 θάλ-

2087 2750 2246 2804 λοντα
2293 2745 2773 2816 συναφαυαίνονται
2817 2743 2910 2798 τοῦ
2961 2743 3208 2814 σώματος
3251 2744 3371 2805 ταῖς
3411 2741 3659 2811 τροπαῖς.

2085 2840 2316 2905 Διπλοῦς
2342 2840 2448 2911 γὰρ
2497 2840 2526 2891 6
2571 2839 2698 2909 περὶ
2726 2838 2815 2890 τὸν
2839 2836 3122 2907 ἄνθρωπον
3151 2835 3396 2905 φαίνεται
3436 2833 3660 2902 κόσμος,

2087 2927 2162 2988 ὧν
2193 2934 2283 2987 τὸν
2329 2932 2475 2985 ἔνδον
2514 2933 2542 2984 ὁ
2583 2923 2785 3002 Κύριος
2829 2929 3194 2999 ἀποδέχεταιν
3220 2927 3316 2980 τὸν
3364 2926 3659 2995 ἀκήρατον,

2100 3028 2183 3078 Ἐς
2233 3023 2361 3095 μιᾷ,
2395 3025 2587 3092 λέγων,
2621 3021 2940 3091 τραχήλων
2971 3020 3244 3089 ἐνθέματι
3275 3017 3386 3087 τῆς
3422 3018 3662 3086 νύμφης

2087 3116 2516 3186 κεκαρδιῶσθαι
2535 3133 2547 3146 ·
2579 3117 2762 3178 οἱονεὶ,
2794 3114 2886 3168 τοῦ
2915 3113 3116 3166 ἔσωθεν
3138 3109 3423 3182 ἀνθρώπου
3442 3109 3539 3180 τῆς
3565 3125 3663 3162 και

2085 3208 2347 3281 ταστολῆς
2379 3208 2573 3279 αἴγλην
2613 3206 3045 3264 ἀποστίλϐοντος,
3078 3203 3316 3276 ὠρέχθαι
3349 3201 3658 3273 σημαίνων·

409 3308 646 3348 amorem
671 3309 963 3352 accensum
993 3297 1326 3367 signiﬁcans,
1353 3299 1640 3368 splendore
1666 3299 1733 3352 ab
1759 3299 1978 3352 interio-

2087 3300 2159 3363 ὥς
2192 3317 2293 3352 που
2334 3299 2424 3352 καὶ
2467 3300 2496 3350 ὁ
2525 3297 2810 3370 ψαλμῳδὸς
2840 3299 3127 3368 μαρτυρεῖ,
3161 3293 3354 3358 Πᾶσα,
3390 3293 3584 3363 λέγων,
3618 3291 3660 3363 ἡ

407 3382 486 3438 ris
516 3383 756 3439 hominis
800 3387 1000 3440 vestitu
1042 3388 1329 3451 emicante,
1374 3387 1450 3441 uti
1491 3396 1545 3442 et
1574 3386 1862 3443 Psalmista
1898 3396 1982 3440 te-

408 3481 606 3538 statur,
635 3476 763 3530 dum
787 3492 991 3531 omnem
1011 3478 1236 3548 gloriam
1261 3478 1389 3548 ﬁlia:
1420 3479 1554 3549 regis
1589 3477 1654 3532 ab
1685 3480 1826 3532 intus
1848 3492 1960 3532 esse

408 3565 484 3618 ait
507 3564 576 3620 “.

2085 3390 2234 3456 δόξα
2257 3389 2366 3460 τῆς
2395 3389 2686 3460 θυγατρὸς
2712 3389 2818 3443 τοῦ
2833 3387 3141 3453 ,βασιλέως
3165 3387 3412 3442 ἔσωθεν.

1074 3681 1202 3737 Car.
1235 3681 1323 3736 Ill.
1364 3682 1624 3753 Virgines,
1653 3682 1782 3751 ipsa’
1805 3690 2086 3752 martyres,
2127 3680 2263 3734 inter
2283 3677 2484 3733 Christi
2520 3677 2752 3741 sodales,
2786 3676 3000 3746 primat.

479 3787 656 3842 Nolim
677 3805 807 3845 vero
826 3792 1096 3864 quispiam
1117 3795 1393 3850 existimet
1416 3795 1713 3866 improbari
1741 3810 1806 3850 ac
1827 3796 1981 3865 rejici

407 3881 568 3935 aliam
615 3883 1014 3938 multitudinem
1062 3886 1418 3952 credentium,
1453 3896 1650 3956 putans
1694 3903 1795 3942 nos
1836 3889 1981 3943 solas

407 3971 644 4043 virgines
667 3974 1033 4029 introductum
1067 3978 1153 4043 iri,
1193 3978 1461 4046 petituras
1485 3978 1643 4033 bonis
1671 3981 1978 4049 promissis,

408 4081 518 4120 non
563 4065 892 4136 intelligens,
923 4068 1098 4122 tribus
1139 4085 1358 4139 quoque
1392 4079 1445 4124 et
1478 4072 1854 4141 cognationes,
1889 4089 1982 4127 or-

407 4158 672 4227 dinesque
712 4166 766 4212 et
811 4160 1014 4215 classes
1063 4158 1298 4224 futuras,
1331 4176 1430 4230 pro
1459 4162 1728 4232 cujusque
1762 4161 1978 4216 illorum

410 4248 533 4303 ﬁdei
560 4250 785 4305 ratione.
808 4249 864 4304 ld
889 4250 1032 4319 quod
1051 4258 1103 4304 et
1126 4251 1324 4304 Paulus
1347 4250 1615 4320 signiﬁcat
1637 4253 1764 4306 dum
1791 4252 1872 4305 ait
1893 4253 1935 4283 ³⁷
1962 4271 1976 4307 :

409 4342 536 4395 Alia
563 4342 784 4396 claritas
829 4343 978 4408 solis,
1010 4343 1121 4396 alia
1159 4343 1380 4397 claritas
1421 4343 1582 4406 lunaz,
1615 4345 1727 4397 alia
1757 4345 1978 4399 claritas

410 4430 708 4485 stellarum.
739 4431 906 4487 Stella
934 4433 1112 4502 di/fert
1148 4451 1180 4486 a
1213 4435 1367 4488 stella
1397 4435 1450 4486 in
1481 4434 1729 4489 claritate
1761 4452 1780 4489 :
1821 4437 1895 4489 ita
1932 4447 1980 4491 et

2155 3795 2246 3866 Μὴ
2277 3791 2703 3862 ὑπολαμϐανέτω
2732 3789 2789 3843 δέ
2832 3807 2936 3853 τις,
2985 3788 3371 3860 ἀποκρίνεσθαι
3411 3789 3518 3861 (96)
3570 3791 3664 3844 τὸν

2086 3889 2268 3959 ἕτερον
2299 3885 2483 3958 ὅμιλον
2525 3882 2632 3936 τῶν
2681 3882 3141 3945 πεπιστευκότων,
3180 3881 3334 3946 δόξας
3374 3884 3518 3954 ἡμᾶς
3564 3885 3664 3948 τὰς

2089 3978 2388 4051 παρθένους
2435 3977 2598 4048 μόνας
2640 3971 2975 4044 εἰσηγεῖσθαι
3007 3972 3334 4044 τευξομένας
3363 3991 3458 4046 της
3487 3977 3663 4043 ἐπαγ..

2088 4071 2269 4142 γελίας
2289 4087 2301 4100 °
2337 4070 2397 4122 οὐ
2429 4068 2746 4140 συννοήσας,
2781 4069 2863 4120 ὅτι
2892 4067 2986 4120 καὶ
3016 4067 3177 4135 φυλαὶ
3200 4067 3293 4119 καὶ
3323 4067 3542 4136 πατριαὶ
3568 4068 3663 4121 καὶ

2086 4162 2342 4232 τάγματα
2397 4162 2516 4214 κατ’
2547 4158 2835 4227 ἀναλογίαν
2888 4159 3116 4212 ἑκάστου
3171 4159 3381 4212 ἔσονται
3418 4159 3519 4229 τῆς
3569 4160 3664 4214 πί-

2087 4271 2273 4318 στεως.
2301 4255 2412 4307 Καὶ
2437 4253 2592 4306 τοῦτο
2617 4253 2710 4305 καὶ
2744 4251 2951 4314 Παῦλος
2977 4251 3485 4324 διαγράφει,¹Ἀλλη
3512 4251 3663 4318 δόξα

2086 4345 2286 4411 ⁵ἡλίου,
2321 4344 2418 4396 καὶ
2452 4343 2612 4409 dun
2642 4341 2791 4406 δόξα
2817 4340 3107 4410 σελήνης,
3154 4341 3345 4411 λέγων,
3375 4343 3469 4396 καὶ
3500 4342 3662 4412 ἄλλη

2087 4436 2236 4501 δόξα
2275 4436 2566 4510 ᾀστέρων.
2585 4434 2794 4502 Ἀστὴρ
2832 4434 2941 4502 γὰρ
2987 4433 3240 4503 ἀστέρος
3275 4433 3536 4503 διαφέρει
3592 4435 3665 4488 ἐν

411 4524 723 4578 resurrectio
773 4538 1123 4580 mortuorum.
1177 4525 1242 4581 Et
1292 4525 1555 4580 Dominus
1603 4543 1713 4581 non
1760 4528 1978 4583 eosdem

2087 4530 2234 4598 δόξῃ
2255 4546 2268 4559 ·
2302 4529 2454 4581 οὕτω
2500 4528 2599 4582 καὶ
2627 4530 2664 4597 ἠ
2694 4527 3031 4592 ἀνάστασις
3069 4526 3186 4582 τῶν
3215 4525 3459 4595 νεκρῶν.
3494 4528 3604 4580 Καὶ
3631 4529 3660 4580 6

409 4618 665 4673 omnibus
691 4633 750 4673 se
791 4620 1024 4675 honores
1071 4620 1326 4675 daturum
1367 4623 1676 4692 prolitetur,
1718 4622 1812 4675 sed
1843 4621 1981 4675 alios

409 4711 670 4768 cmlorum
690 4729 853 4786 regno
883 4721 1226 4781 annumerat,
1255 4717 1375 4771 aliis
1393 4725 1550 4770 terra:
1581 4715 1979 4785 possessionem

411 4805 716 4875 pollicetur,
746 4806 883 4861 alios
912 4808 1178 4876 promittit
1200 4808 1417 4863 visuros
1457 4806 1672 4862 Patrem
1702 4807 1767 4858 ³⁸.
1801 4805 1979 4872 Quare

408 4905 464 4951 et
498 4896 584 4950 hic
618 4897 850 4966 primum
880 4898 1128 4954 ordinem
1165 4907 1220 4955 et
1265 4901 1492 4955 chorum
1535 4905 1978 4955 cunsecratarum

410 4989 515 5060 ipsi
567 4991 835 5062 virginum
886 4992 942 5046 in
997 4992 1240 5063 requiem
1309 5007 1573 5048 novorum
1631 4991 1979 5052 saeculorum,

409 5092 666 5153 tanquam
696 5085 751 5140 in
786 5086 1102 5146 thalamum.
1137 5087 1192 5141 in
1225 5103 1325 5141 suo
1358 5088 1618 5140 comitatu
1656 5100 1841 5140 secum
1891 5083 1979 5137 in-

408 5177 805 5233 troducendum
825 5195 893 5235 ex
922 5179 1145 5233 oraculo
1174 5181 1390 5248 promit.
1424 5178 1644 5233 Functae
1669 5177 1814 5231 enim
1842 5191 1985 5230 mar-

368 5322 370 5325 .
409 5269 552 5341 tyrio
578 5278 729 5335 sunt,
763 5287 871 5325 non
904 5272 971 5325 ad
1009 5273 1172 5327 breve
1195 5272 1456 5341 temporis
1487 5277 1821 5326 momentum
1854 5283 1979 5322 sus-

514 5365 561 5397 ³⁶
596 5364 749 5420 Psal.
795 5383 942 5434 XLIV,
968 5368 1052 5422 Ην.
1128 5367 1171 5401 ³⁷
1215 5367 1243 5422 1
1278 5367 1400 5423 Cor.
1434 5385 1523 5433 xv,
1554 5368 1642 5422 4|.

479 5457 592 5527 (95)
625 5459 898 5528 'Ara'xnc.
936 5459 1010 5514 lta
1039 5461 1211 5516 codex
1228 5460 1348 5515 Vat.
1385 5467 1439 5514 et
1471 5459 1780 5514 Pussinius.
1821 5455 1971 5509 Alla-

407 5530 522 5600 tius
549 5544 676 5600 vero
701 5547 822 5583 cum
859 5547 958 5586 Ius.
1002 5532 1200 5589 Mazar.
1228 5573 1242 5596 ,
1280 5531 1652 5600 σωφροσύνης.
1679 5529 1972 5600 Qunam-us.

479 5599 590 5670 (96)
621 5599 1090 5667 Ἀποκρίνεσθαι.
1125 5600 1215 5655 Sic
1250 5598 1509 5669 Alia-tius;
1549 5598 1650 5656 uis.
1682 5598 1828 5663 ναι..
1852 5611 1975 5651 cum

410 5670 674 5741 l’ossinio,
709 5671 1123 5740 ἀποκρούεσθαι.
1157 5671 1231 5727 lo.
1643 5738 1652 5741 _
1675 5738 1705 5741 __
1911 5735 1917 5741 ,

479 5741 590 5808 (97)
634 5740 735 5796 Ἦν
771 5736 1058 5805 ,ϐασιλείῃ
1112 5743 1559 5807 καταριθμεῖται.
1629 5738 1856 5795 Allatius
1889 5736 1977 5792 ἐπὶ

1723 5365 1769 5398 ⁸⁸
1807 5362 2000 5419 ΜαιιΙι.
2039 5378 2090 5416 v.

2090 4621 2291 4692 Κύριος
2329 4620 2384 4672 δὲ
2414 4620 2473 4672 οὐ
2508 4623 2638 4674 πᾶσι
2659 4619 2756 4684 τὰς
2785 4618 2951 4682 αὐτὰς
2979 4618 3230 4690 ὁμολογεί
3247 4619 3444 4671 διδόναι
3469 4619 3656 4688 τιμὰς,

2088 4713 2199 4767 ἀλλ’
2221 4713 2424 4784 ἑτέροις
2447 4713 2544 4785 μὲν
2562 4715 2617 4766 ὲν
2636 4712 2881 4784 βασιλείᾳ
2895 4711 3004 4782 (97)
3021 4710 3438 4782 καταριθμεῖται
3455 4710 3562 4762 τῶν
3577 4711 3663 4762 οὐ-

2089 4803 2284 4876 ρανῶν,
2302 4803 2481 4866 ἄλλοις
2503 4803 2864 4875 κληρονομίαν
2882 4801 3270 4870 ἐπαγγέλλεται
3294 4802 3395 4872 γῆς
3454 4801 3661 4871 ἑτέροις

2081 4897 2305 4967 ὄψεσθαι
2332 4896 2423 4949 τὸν
2454 4896 2693 4968 Πατέρα.
2730 4897 2840 4950 Καὶ
2866 4895 2929 4966 δὴ
2956 4895 3049 4948 καὶ
3077 4893 3307 4947 ἐνταῦθα
3340 4893 3554 4964 πρῶτον
3600 4893 3661 4946 τὸ

2080 4990 2268 5060 τάγμα
2300 4987 2393 5040 καὶ
2421 4987 2511 5040 τὸν
2535 4987 2694 5058 χορὸν
2727 4987 2819 5040 τὸν
2851 4985 3004 5054 ἅγιον
3034 4985 3181 5056 αὐτῷ
3215 4983 3324 5038 τῶν
3350 4983 3655 5055 παρθένων,

2083 5079 2268 5151 ὥσπερ
2304 5083 2385 5143 είς
2410 5079 2694 5150 νυμφῶνα,
2721 5078 2817 5150 τὴν
2844 5078 3147 5131 ἀνάπαυσιν
3176 5077 3283 5130 τῶν
3311 5075 3512 5130 καινῶν
3534 5074 3661 5128 aid)-

2082 5190 2188 5226 νων
2268 5169 2674 5241 ὲφομαρτοῦντα
2753 5167 3252 5221 συνεισελεύσεσθαι
3325 5164 3654 5238 χρησμῳδεῖ.

2095 5261 2511 5336 Ἐμαρτύρησαν
2543 5260 2651 5331 (98)
2681 5259 2809 5330 γὰρ,
2840 5261 2899 5313 οὐ
2923 5261 3062 5314 κατά
3084 5277 3135 5313 τι
3168 5259 3354 5331 μόριον
3379 5258 3572 5330 χρόνου
3599 5258 3658 5308 ὲν

2077 5451 2145 5505 τὰ
2197 5449 2461 5521 βασίλεια.
2509 5447 2829 5521 Lectionem
2871 5455 3120 5521 postram
3177 5465 3244 5505 ex
3334 5446 3454 5521 Vat.
3530 5445 3653 5521 eod.

2080 5517 2670 5608 expressitl’ossinius.
2691 5519 2764 5572 In.
2781 5552 2847 5559 —
2867 5519 3026 5575 Forte
3045 5521 3147 5591 leg.
3184 5517 3652 5590 καταριθμεῖσθαι,

2085 5598 2773 5736 η.(ιθιθληέἓῖιῗιρτύρησαν.
2831 5660 2998 5728 Quasi
3061 5663 3371 5734 martyrium
3402 5661 3650 5731 fecerunt.
