3964 6226
231 207 338 265 £29

1289 211 1677 271 CONVIVIUM
1712 215 1948 274 DECEM
1991 218 2353 282 VIRGINUM.

3368 238 3476 294 {'50

228 322 427 395 βραχεῖ
455 325 867 398 καρτερήσασαι
903 328 1168 398 σωμάτων
1197 327 1512 400 ἀχθηδόνας,
1545 328 1681 384 ἀλλά
1726 331 1786 383 διά

1912 334 2149 393 tinentes
2189 352 2480 411 corporum
2517 344 2855 414 gravamina,
2905 343 2999 401 sed
3027 346 3206 417 quoad
3245 347 3354 404 vita
3382 366 3477 405 su-

227 415 440 479 παντὸς
473 414 738 487 τλήσασαι
786 416 882 470 τοῦ
934 418 1071 487 βίου,
1105 421 1181 491 μὴ
1210 419 1686 475 ἀποδειλιάσασθαι
1715 422 1807 476 τὸν

229 503 427 571 ἀγῶνα
494 504 585 557 τὸν
627 505 994 577 Ὀλυμπιακὸν
1070 508 1286 582 ἀληθῶς
1352 510 1637 583 διαθλῆσαι
1708 513 1808 584 τῆς

227 595 483 664 ἁγνείαςο
515 596 770 666 βασάνοις
799 614 859 652 τε
887 599 995 671 γάρ
1026 602 1238 674 ἀγρίοις
1267 602 1469 674 ἡδονῶν
1500 605 1594 658 καὶ
1623 603 1807 675 φόϐοις

229 687 324 739 καὶ
370 686 569 751 λύπαις
609 690 980 760 ἀντισχοῦσαι,
1008 694 1244 760 καὶτοῖς
1273 695 1452 761 ἀλλοις
1494 696 1597 766 τῆς
1638 714 1801 769 πονη-

227 775 348 848 ρίας
398 776 509 830 τῶν
558 778 860 849 ἀνθρώπων
892 786 1099 851 κακοῖς,
1132 786 1497 858 ἀποφέρονται
1545 786 1617 840 τά
1668 786 1807 860 γέρα

221 869 447 939 πρῶται
493 870 603 924 τῶν
648 872 843 938 ἀλλων,
871 877 951 940 είς
978 878 1066 931 τὸν
1103 878 1308 950 ἀμείνω
1336 880 1439 950 τῆς
1476 880 1805 950 ἐπαγγελίας

220 960 623 1032 ὲκτασσόμεναι
657 963 853 1035 χῶρον.
875 965 1086 1037 Ἀμέλει
1119 969 1321 1034 ταύτας
1358 970 1516 1041 μόνον
1545 971 1804 1044 ὲκλεκτὴν

220 1050 450 1123 νύμφην
481 1052 580 1116 τάς
617 1054 817 1125 ψυχὰς,
852 1058 946 1110 καὶ
974 1060 1203 1131 γνησίαν
1230 1064 1258 1116 ὁ
1284 1063 1454 1131 Λόγος
1484 1062 1676 1117 ἑαυτοῦ
1705 1082 1807 1117 κα-

218 1141 307 1195 λεῖ
325 1160 340 1172 ·
366 1144 469 1207 τὰς
493 1144 552 1197 δὲ
577 1145 789 1210 λοιπάς,
819 1149 1100 1215 παλλακὰς
1128 1153 1220 1206 καὶ
1248 1154 1496 1219 νεανίδας
1524 1156 1617 1209 καὶ
1640 1154 1805 1225 θυγα-

215 1233 411 1305 τέρας,
444 1235 616 1306 λέγων
638 1232 739 1291 ὦδε
758 1254 773 1269 ·
814 1238 1136 1308 Ἐξήκοντά
1158 1245 1275 1298 εισι
1297 1244 1686 1310 βασίλισσαι,
1705 1244 1803 1299 καί

215 1326 596 1397 ὀγδοήκοντα
655 1333 996 1385 πωλακαί·
1047 1335 1148 1388 καὶ
1200 1336 1470 1404 νεανιδες
1492 1376 1507 1401 ,
1554 1331 1641 1392 ὧν
1691 1346 1801 1393 om

210 1417 395 1473 ἔστιν
438 1420 702 1490 ἀριθμός.
732 1423 852 1477 Μία
892 1424 1023 1478 ἐστι
1051 1429 1368 1497 περιστερά
1416 1446 1557 1499 μου,
1604 1429 1803 1485 τελεία

208 1532 332 1584 pou
356 1532 372 1545 ο
392 1517 506 1585 μία
527 1516 658 1571 ἐστι
695 1516 770 1586 τῇ
810 1518 988 1588 μητρὶ
1035 1517 1244 1586 αὐτῆς,
1280 1518 1539 1587 suum
1586 1519 1662 1588 τῇ
1710 1536 1802 1573 τε·

212 1610 418 1678 κούσῃ
464 1608 683 1676 αὐτήν·
722 1610 1042 1664 ἐνείδοσαν
1089 1613 1283 1678 αὐτὴν
1334 1610 1669 1681 θυγατέρες,
1700 1612 1797 1665 καὶ

1910 437 2120 495 perstes
2166 425 2287 493 fuit,
2322 430 2615 487 tolerantes
2646 434 2910 501 laborum,
2945 433 3317 507 Olympiaeum
3349 456 3479 498 vere

1907 519 2244 576 castimonia:
2279 535 2506 593 agonem
2536 523 2748 580 fortiter
2773 526 2926 583 obire
2952 544 3059 583 non
3089 529 3473 600 formidarunt,

1908 609 2173 679 saevisque
2195 612 2532 683 voluptatum
2568 618 2854 673 tormentis
2884 627 2939 673 et
2969 624 3261 689 pavoribus
3293 639 3357 680 ac
3385 628 3481 682 do-

1908 700 2139 765 loribus,
2166 704 2397 774 aliisque
2421 706 2701 761 hominum
2736 711 2987 779 nequitia:
3026 714 3187 769 malis
3216 718 3480 774 resisten-

1906 799 2011 857 tes,
2047 795 2233 864 prima:
2252 806 2377 852 ante
2410 798 2547 855 alios
2576 814 2801 854 munera
2828 802 2883 855 in
2905 803 3221 862 melioribus
3250 812 3476 878 promis.

1906 886 2079 942 sionis
2109 888 2243 944 locis
2262 891 2539 948 collocata
2565 902 2862 962 reportant.
2890 896 3131 969 Denique
3162 901 3262 957 has
3297 904 3475 959 solum

1905 978 2137 1042 animas,
2168 978 2404 1036 Verbum
2436 984 2663 1039 electam
2707 1003 2962 1057 sponsam
3010 1000 3171 1061 atque
3202 994 3474 1050 sinceram

1904 1079 2059 1124 vocat
2090 1089 2105 1125 :
2142 1072 2379 1142 reliquas
2408 1084 2612 1141 autem,
2645 1080 2980 1137 concubinas
3012 1090 3064 1137 et
3096 1085 3477 1142 adolescentu-

1905 1161 1986 1216 las
2018 1170 2181 1232 atque
2225 1163 2382 1231 ﬁlias,
2417 1168 2498 1221 sic
2526 1166 2716 1225 dicens
2739 1170 2786 1203 ”
2816 1191 2830 1226 :
2862 1171 3149 1243 Sexaginta
3179 1186 3301 1230 sunt
3337 1179 3476 1249 regi-

1903 1265 2006 1315 nae,
2051 1261 2101 1305 et
2140 1254 2404 1323 octoginta
2438 1257 2776 1323 concubium;
2813 1269 2862 1314 et
2896 1263 3299 1320 adolescentulo:
3340 1284 3473 1339 qua-

1902 1356 2022 1394 rum
2055 1357 2158 1396 non
2201 1352 2280 1396 est
2324 1361 2590 1402 numerus.
2632 1346 2749 1402 Una
2779 1360 2857 1404 est
2900 1352 3142 1407 columba
3180 1371 3316 1419 mea,
3350 1371 3470 1425 per-

1901 1429 2040 1499 fecta
2074 1448 2223 1498 mea;
2256 1449 2362 1487 una
2384 1445 2463 1489 est
2493 1439 2653 1491 matri
2684 1455 2830 1504 sum;
2869 1442 3033 1496 electa
3066 1446 3306 1513 genitrici
3336 1464 3467 1503 sum.

1913 1522 2165 1577 Viderunt
2199 1541 2317 1579 eam
2362 1528 2522 1596 ﬁliae,
2564 1538 2614 1582 et
2658 1529 2861 1585 beatam
2893 1535 3257 1602 praedicabunt
3299 1554 3415 1593 eam
3447 1555 3469 1595 :

1903 1617 2093 1687 regina:
2124 1626 2175 1671 et
2205 1618 2508 1673 concubinis
2537 1621 2828 1677 laudabunt
2852 1641 2989 1680 eam.
3022 1625 3160 1681 Cum
3190 1629 3333 1683 enim
3365 1632 3472 1685 uti.

206 1698 619 1764 μακαριοῦσίν
639 1697 863 1766 αὐτήν·
898 1700 1269 1763 βασίλισσαι
1336 1700 1436 1754 καί
1466 1718 1533 1771 τε
1564 1705 1786 1756 ualla-

1900 1723 2006 1778 que
2030 1709 2212 1764 multae
2240 1710 2351 1765 sint
2374 1710 2630 1768 Ecclesia:
2657 1714 2800 1780 ﬁliae,
2832 1731 2937 1770 una
2960 1717 3076 1771 sola
3108 1720 3279 1775 electa
3306 1729 3391 1777 est
3416 1727 3471 1776 et

208 1787 313 1841 καί
363 1789 646 1843 αἰνοῦσιν
693 1790 905 1859 αὑτήν.
959 1791 1175 1845 Πολλῶν
1205 1791 1313 1865 γὰρ
1348 1792 1522 1846 οὐσῶν
1558 1793 1797 1864 δηλονότι

207 1879 313 1950 τῆς
358 1882 689 1954 Ἐκκλησίας
719 1883 826 1937 τῶν
855 1883 1187 1957 θυγατέρων,
1218 1885 1316 1955 μία
1343 1885 1460 1939 ἐστὶ
1490 1885 1624 1958 μόνη
1654 1885 1799 1939 ἐκλε-

208 1969 316 2041 κτὴ
344 1971 441 2025 καὶ
470 1973 775 2044 τιμιωτάτη
811 1976 870 2027 ὲν
900 1973 1200 2046 ὀφθαλμοῖς
1227 1974 1396 2047 αὐτῆς
1427 1975 1566 2049 ὑπὲρ
1595 1976 1795 2041 πάσας,

205 2060 274 2114 τὸ
298 2062 490 2133 τάγμα
516 2062 627 2117 τῶν
659 2063 963 2136 παρθένων.

1901 1800 2224 1855 charissima
2252 1802 2308 1856 in
2331 1804 2508 1860 oculis
2526 1804 2645 1875 ejus
2674 1822 2839 1878 supra
2871 1809 3128 1881 reliquas,
3157 1812 3292 1867 ordo
3320 1814 3472 1869 scili-

1899 1899 1986 1945 cet
2009 1892 2300 1963 virginum.

206 2177 345 2263 Cn.
374 2178 467 2236 Π.
496 2178 671 2263 Locus
694 2179 853 2235 Cant.
884 2197 961 2243 vr.
1001 2181 1052 2243 7.
1075 2182 1129 2263 β,
1162 2183 1705 2263 carpeususzlieginw,
1734 2194 1934 2263 sancta:
1967 2191 2089 2239 ante
2119 2182 2378 2263 dilaniant
2411 2185 2623 2263 animat.
2656 2185 2996 2263 concubina.
3018 2190 3210 2245 animm
3243 2196 3465 2263 prophe-

327 2260 521 2306 tarum.
549 2250 797 2305 Divinum
828 2268 999 2307 semen
1025 2252 1095 2307 ad
1122 2250 1389 2323 spiritales
1429 2250 1591 2324 fetus,
1626 2258 1679 2381 5‘7:
1728 2256 2096 2381 graphet‘arum
2127 2256 2298 2312 libris.
2336 2256 2505 2322 Quasi
2534 2258 2876 2314 clandestina:
2911 2277 3027 2314 cum
3070 2250 3355 2332 prophetis,

1678 2344 1736 2381 er
1770 2343 1790 2381 ι
1826 2343 1930 2396 ηιιρ
1956 2342 2041 2382 ιω.

288 2433 417 2487 Ἐἀν
434 2435 496 2488 δέ
526 2452 607 2505 τῳ
635 2436 763 2508 περὶ
787 2435 992 2490 τούτων
1021 2438 1450 2513 ἀμφισϐήτησις,
1483 2441 1559 2505 ὡς
1578 2440 1790 2495 οὐδέπω

202 2524 318 2579 τῶν
377 2526 696 2596 κεφαλαίων
744 2528 940 2594 ἱκανῶς
987 2530 1526 2604 ἐπεξειργασμένων,
1568 2532 1662 2587 καὶ
1710 2533 1788 2587 ἔτι

204 2618 456 2691 βούλοιτο
497 2620 617 2672 κατ’
661 2620 951 2692 ἀναγωγὴν
999 2621 1179 2675 αὐτῶν
1221 2622 1593 2695 πνευματικὴν
1634 2625 1787 2698 διαρ-

202 2712 490 2785 θρωθῆναι
553 2712 955 2787 πληρέστερον,
1001 2716 1146 2782 τίνες
1190 2717 1327 2773 είσὶν
1376 2719 1435 2772 αἱ
1483 2717 1788 2789 βασίλισσαι

200 2806 296 2859 καὶ
328 2808 385 2858 αἱ
414 2804 656 2871 νεάνιδες
675 2823 691 2837 ’
717 2805 965 2879 λέξομεν,
986 2808 1244 2864 δύνασθαι
1271 2809 1442 2864 ταῦτα
1465 2810 1789 2882 λελαλῆσθαι

198 2897 296 2949 καὶ
329 2897 430 2950 ἐπὶ
472 2895 584 2950 τῶν
619 2896 679 2964 ἐξ
711 2897 885 2970 ἀρχῆς
903 2899 1045 2954 κατά
1083 2900 1348 2973 πρόϐασιν
1380 2902 1586 2973 χρόνων
1617 2905 1675 2956 ἐν
1714 2902 1789 2955 δι-

196 2986 474 3059 καιοσύνῃ
517 2986 964 3059 διαπρεψάντων·
1010 2986 1121 3043 οἷον
1169 2990 1277 3044 τῶν
1328 2991 1435 3062 πρὸ
1476 2989 1571 3045 τοῦ
1621 3008 1787 3045 κατα-

196 3078 454 3150 κλυσμοῦ
472 3117 488 3142 ,
531 3079 626 3133 καὶ
664 3079 772 3133 τῶν
804 3080 941 3152 μετά
974 3081 1066 3135 τὸν
1100 3082 1512 3153 κατακλυσμὸν,
1543 3083 1636 3138 καὶ
1678 3083 1784 3137 τῶν

196 3173 312 3229 ἀπὸ
356 3172 457 3228 τοῦ
489 3174 726 3246 Χριστοῦ
772 3176 1023 3249 καθεξῆς.
1068 3174 1221 3232 Εἶναι
1264 3178 1374 3251 γὰρ
1412 3178 1630 3251 νύμφην
1688 3178 1787 3250 μὲν

190 3267 300 3337 τὴν
331 3265 688 3338 Ἐκκλησίαν,
720 3265 1036 3342 βασιλίσσας
1063 3268 1119 3322 δὲ
1144 3269 1241 3333 τὰς
1271 3269 1551 3341 βασιλικὰς
1576 3269 1787 3334 ὲκείνας

193 3361 299 3422 τὰς
351 3358 466 3430 πρὸ
509 3357 604 3411 τοῦ
657 3360 1043 3432 κατακλυσμοῦ
1076 3361 1286 3432 ψυχὰς,
1344 3362 1672 3434 εὐαρέστους
1707 3361 1785 3433 τῷ

195 3452 319 3524 Θεῷ
345 3451 729 3523 γεγενημένας
746 3469 759 3483 ο
787 3453 1033 3506 τουτέστι
1066 3453 1165 3517 τὰς
1196 3455 1340 3525 ἀμφὶ
1364 3454 1456 3508 τὸν
1482 3454 1666 3520 Ἀϐελ,
1692 3454 1786 3509 καὶ

194 3546 290 3598 τὸν
319 3544 435 3616 Σὴθ
469 3546 569 3598 καὶ
593 3544 685 3599 τὸν
742 3544 912 3616 Ἑνώχ
934 3562 947 3576 ι
986 3545 1264 3611 παλλακὰς
1297 3547 1353 3601 δὲ
1394 3548 1493 3613 τὰς
1527 3548 1665 3619 μετά
1691 3547 1783 3601 τὸν

192 3635 626 3707 κατακλυσμὸν,
660 3635 768 3689 τῶν
820 3636 1146 3709 προφητῶνο
1209 3633 1334 3706 αἷς,
1389 3640 1495 3714 πρὸ
1539 3640 1631 3695 τοῦ
1682 3641 1784 3713 τὴν

201 3729 545 3800 Ἐκκλησίαν
589 3728 927 3801 ἁρμοσθῆναι
964 3728 1043 3800 τῷ
1068 3731 1290 3803 Κυρίῳ,
1323 3731 1665 3788 παλλακίδων
1703 3734 1782 3788 δί-

190 3839 294 3895 κην
354 3821 789 3892 συγγινόμενος,
851 3822 1068 3895 ἀληθεῖς
1130 3824 1425 3898 ὑπέσπειρε
1475 3826 1666 3895 λόγους
1722 3830 1781 3882 ὲν

191 3918 423 3990 ἀφθόρῳ
472 3917 569 3970 καὶ
598 3915 813 3989 καθαρᾷ
847 3916 1166 3988 φιλοσοφίᾳ,
1210 3917 1297 3970 ἵνα
1334 3916 1594 3986 γεννῶσιν
1632 3916 1780 3989 αὐτῷ

192 4010 567 4067 συλλαϐοῦσαι
597 4011 802 4076 πίστιν,
831 4009 1050 4083 πνεῦμα
1075 4028 1218 4083 σωτη
1230 4012 1369 4083 ρίας.
1403 4011 1640 4066 Τοιαῦτα
1672 4011 1779 4084 γὰρ

186 4104 671 4174 ἀποϐλαστήματα
723 4102 947 4173 φύουσιν
990 4105 1044 4156 αἱ
1084 4103 1287 4175 ψυχαὶ,
1329 4104 1652 4176 ἀείμνηστον
1685 4104 1779 4175 φέ-

190 4215 358 4270 ροντα
381 4195 445 4249 τὸ
476 4194 654 4260 κλέος,
692 4196 920 4260 ὁπόσαις
956 4196 1023 4250 ἂν
1049 4195 1077 4246 ό
1106 4196 1340 4268 Χριστὸς
1374 4196 1772 4269 συνανακραθῇ.

190 4292 251 4345 Et
280 4291 403 4362 γὰρ
439 4287 696 4360 βούλεσθε
724 4291 803 4352 είς
832 4289 1111 4352 Μωῦσέως
1139 4288 1442 4360 ἀποϐλέψαι
1472 4289 1704 4361 βίϐλους,
1738 4290 1770 4363 ἢ

1966 2439 2061 2496 Sin
2091 2440 2181 2496 cui
2216 2455 2348 2497 vero
2370 2440 2500 2496 hinc
2544 2440 2714 2496 haeret
2765 2444 3095 2514 scrupulus,
3144 2447 3299 2519 quasi
3346 2448 3464 2504 hzec

1892 2534 2072 2590 adhuc
2129 2534 2197 2589 ad
2235 2550 2433 2606 purum
2482 2533 2766 2605 Scriptura
2803 2552 3147 2608 nequaquam
3185 2538 3463 2595 declarata

1894 2628 1985 2694 sit,
2029 2643 2095 2684 ac
2117 2638 2375 2699 praeterea
2401 2627 2467 2682 ad
2500 2628 2837 2699 spiritualem
2861 2644 2980 2684 eam
3008 2646 3228 2687 sensum
3260 2634 3465 2690 referre

1892 2721 2055 2786 velit,
2100 2721 2368 2792 juxtaque
2417 2721 2572 2776 illum
2627 2722 2941 2777 distinctius
2971 2723 3166 2793 exponi
3214 2740 3464 2795 quamam

1895 2812 2004 2867 sint
2022 2813 2245 2885 regium,
2267 2829 2389 2885 quae
2411 2829 2543 2869 vero
2563 2816 2883 2871 concubina:
2911 2831 2976 2870 ac
3003 2833 3124 2887 quae
3152 2818 3467 2875 adolescen-

1893 2907 2021 2961 tulze
2046 2947 2061 2973 ,
2082 2904 2343 2974 dicemus
2377 2907 2490 2963 ﬁeri
2538 2923 2701 2979 posse
2750 2917 2810 2963 ut
2848 2908 2953 2963 ista
2983 2909 3129 2964 dicta
3159 2910 3270 2966 sint
3299 2910 3368 2965 de
3394 2910 3464 2966 iis

1813 3022 1854 3080 α
1892 3000 1987 3069 qui
2019 3015 2049 3053 a
2082 2999 2353 3070 principio
2382 3014 2480 3070 per
2503 2999 2884 3056 successiones
2913 3008 3216 3071 temporum
3266 3004 3321 3057 in
3365 3007 3460 3071 ju-

1891 3093 2041 3147 stitia
2073 3094 2390 3149 claruerunt
2421 3109 2434 3146 :
2472 3102 2626 3164 puta,
2660 3093 2754 3165 qui
2784 3100 2910 3149 ante
2941 3092 3227 3158 diluvium,
3256 3094 3459 3166 quique

1887 3192 2012 3256 post
2039 3185 2327 3251 diluvium,
2360 3193 2413 3242 et
2443 3188 2539 3257 qui
2580 3187 2838 3257 deinceps
2870 3195 2994 3257 post
3026 3186 3325 3243 Christum.
3356 3187 3460 3244 Ec-

1887 3276 2055 3332 clesia
2078 3277 2328 3333 videlicet
2356 3294 2557 3348 sponsa
2584 3288 2691 3335 est.
2724 3277 2946 3350 Reginae
2969 3293 3098 3333 vero
3122 3318 3137 3343 ,
3163 3279 3324 3350 regiae
3354 3280 3458 3335 illa

1887 3367 2083 3421 anima:
2114 3382 2234 3437 qua:
2280 3374 2407 3421 ante
2430 3366 2693 3421 diluvium
2739 3367 2848 3423 Deo
2871 3369 3227 3438 placuerunt,
3263 3382 3457 3439 nempe

1884 3460 2041 3524 Abel,
2078 3457 2231 3523 Seth,
2267 3458 2475 3514 Enoch.
2497 3458 2852 3523 Concubinre,
2886 3475 3009 3530 quae
3034 3467 3159 3529 post
3191 3458 3457 3514 diluvium

1884 3552 2079 3607 anima:
2109 3551 2350 3619 luerunt,
2380 3567 2577 3620 nempe
2606 3551 3034 3622 prophetarum;
3063 3552 3263 3621 quibus
3302 3560 3459 3607 ante-

1882 3656 2045 3712 quam
2077 3640 2322 3697 Ecclesia
2369 3640 2601 3697 Domino
2656 3647 2973 3712 aptaretur,
3026 3640 3453 3695 concubinarum

1881 3748 2035 3790 more
2064 3748 2415 3804 congressus,
2445 3734 2501 3789 in
2535 3735 2850 3805 incorrupta
2874 3731 3186 3804 mundaque
3217 3732 3454 3802 philoso-

1881 3825 2009 3897 phia
2038 3841 2196 3883 veros
2234 3826 2631 3882 subseminavit
2660 3840 2942 3882 sermones
2965 3865 2980 3889 ,
3009 3833 3069 3881 ut
3098 3826 3221 3881 inde
3251 3840 3450 3881 conce-

1880 3927 1970 3989 pta
1999 3919 2102 3974 ﬁde
2126 3959 2142 3984 ,
2181 3919 2436 3989 spiritum
2478 3918 2674 3974 salutis
2702 3918 2750 3973 ei
2791 3928 3062 3989 parerent.
3108 3912 3268 3973 Tales
3302 3918 3447 3973 enim

1879 4011 2023 4067 fetus
2060 4011 2229 4067 edunt
2261 4010 2530 4081 ejusmodi
2562 4012 2778 4075 auium,
2803 4019 3155 4065 monumenta
3191 4011 3273 4067 sui
3296 4020 3452 4066 aster-

1876 4118 2009 4158 num
2039 4116 2299 4157 mansura
2351 4101 2756 4171 relinquentes,
2819 4101 3146 4171 quibuscum
3195 4100 3447 4157 Christus

1876 4208 2209 4265 congressus
2239 4191 2422 4247 fuerit.
2457 4190 2515 4245 Si
2549 4192 2694 4247 enim
2721 4193 2775 4247 in
2822 4188 3027 4262 hibysis
3059 4197 3154 4246 aut
3190 4190 3445 4261 Davidis,

1876 4295 1971 4341 aut
2000 4285 2307 4340 Salomonis
2325 4324 2343 4348 ,
2372 4291 2465 4339 aut
2494 4284 2647 4339 Isaia:
2665 4324 2678 4347 ,
2706 4290 2800 4336 aut
2833 4284 3064 4339 aliorum
3104 4282 3445 4355 subsequen-

188 4381 361 4436 Δαυῒδ
385 4382 420 4452 ἢ
458 4380 771 4453 Σολομῶνος
800 4380 835 4451 ἢ
872 4380 1115 4446 Ἡσαΐου,
1155 4380 1189 4450 ἢ
1214 4380 1323 4434 τῶν
1360 4379 1596 4451 καθεξῆς
1637 4397 1771 4452 προ-

1889 4379 2012 4430 lium
2041 4375 2428 4446 prophetarum
2462 4373 2632 4429 libros
2652 4373 2893 4428 animum
2931 4373 3236 4442 advertere,
3266 4387 3301 4428 o
3332 4374 3446 4431 vir-

188 4472 417 4543 φητῶν,
466 4465 550 4525 ὧι
570 4470 866 4543 παρθένοι,
909 4469 1153 4533 εἴσεσθε,
1186 4466 1273 4524 οἷα
1324 4470 1772 4525 καταλελοίπασιν

187 4563 404 4618 haec?”
448 4562 649 4631 εκγονα
689 4561 769 4616 τῶ
800 4561 899 4633 βίῳ
944 4564 1185 4634 σωτήρια
1226 4561 1315 4616 διὰ
1356 4563 1457 4634 τὴν
1505 4562 1641 4635 πρὸς
1681 4563 1772 4617 τὸν

186 4656 317 4710 Υἱδν
352 4654 451 4708 τού
486 4652 619 4707 Θεοῦ
650 4654 950 4708 κοινωνίαν,
982 4654 1143 4709 Ὅθεν
1177 4654 1603 4727 τεθεωρημένως
1634 4655 1771 4709 παλ-

183 4745 363 4808 λακὰς
412 4743 823 4815 προσηγόρευσε
863 4743 963 4808 τὰς
1010 4744 1188 4815 ψυχὰς
1229 4742 1329 4808 τὰς
1372 4745 1713 4817 πῳφητικάς
1741 4747 1771 4800 ὁ

183 4836 383 4904 Λόγος,
415 4835 502 4887 ὃτι
534 4834 608 4906 μὴ
634 4834 882 4905 φανερῶς
913 4834 1082 4897 αὐτὰς
1110 4833 1271 4896 οὔτω,
1304 4833 1553 4907 καθάπερ
1581 4834 1642 4907 δὴ
1674 4838 1769 4890 καὶ

182 4928 289 4999 τὴν
340 4926 673 4997 Ἐκκλησίαν
736 4925 1080 4998 ἐπηγάγετο,
1133 4925 1302 4991 θύσας
1350 4926 1418 4980 δι’
1460 4928 1628 5000 αὐτὴν
1674 4929 1765 4983 τὸν

182 5025 391 5092 μόσχον
426 5018 522 5074 τὸν
551 5018 813 5073 σιτευτόν.

250 5175 301 5208 ⁸⁸
339 5172 506 5231 Cant.
538 5190 614 5243 vt,
650 5175 701 5241 7,
729 5174 784 5231 8.
860 5175 908 5209 ⁸ο
946 5174 1077 5231 Luc.
1103 5191 1195 5240 xv,
1226 5174 1318 5231 23.

176 5330 405 5387 Passio.
446 5331 821 5403 Ἐμαρτύρησε
840 5330 967 5403 γὰρ.
997 5330 1072 5394 ὡς
1105 5328 1516 5403 ού,ι’θι1‹1ἰι(ιιιο.
1541 5336 1758 5403 questa.-

177 5413 260 5455 In
299 5403 445 5457 enim
464 5401 923 5469 eos,’ete..'cujus
950 5408 1131 5454 tamen
1175 5401 1444 5465 lectionis,
1484 5414 1585 5455 nec
1608 5401 1755 5452 Allu-

176 5478 296 5526 tius
323 5474 596 5536 meminit,
631 5488 732 5527 nec
754 5473 847 5541 qui
891 5470 1227 5526 Possinianm
1274 5470 1491 5541 Lupar.
1526 5469 1753 5541 editioni

176 5543 423 5612 prefuit.
457 5542 524 5596 Et
557 5554 707 5597 certe
734 5539 867 5612 nihil
895 5542 1164 5611 congruit,
1185 5549 1238 5596 et
1268 5539 1531 5608 particula
1561 5539 1637 5603 ὡς
1659 5556 1755 5608 pa-

1870 4468 2048 4538 gines,
2083 4465 2387 4532 volueritis,
2411 4464 2670 4521 videbitis
2708 4466 2899 4536 quales
2928 4480 3199 4537 quamque
3224 4468 3349 4522 vita!
3373 4482 3440 4523 ac

1867 4558 2073 4614 mundo
2101 4558 2371 4613 salutares
2401 4566 2525 4628 post
2546 4573 2606 4613 se
2632 4556 2775 4612 fetus
2797 4558 3140 4628 reliquerint,
3172 4573 3442 4613 commer-

1867 4653 1938 4708 cii
1965 4653 2114 4710 illius
2147 4655 2357 4708 ratione
2378 4653 2523 4723 quod
2560 4653 2669 4707 illis
2685 4668 2809 4707 cum
2837 4651 2976 4707 Filio
2993 4650 3087 4707 Dei
3109 4653 3438 4708 intercessit.

1866 4742 2047 4812 Quare
2074 4744 2417 4801 considerate
2449 4743 2741 4799 admodum
2773 4742 3118 4798 concubinas
3150 4741 3439 4811 appellavit

1868 4836 2106 4892 Verbum
2159 4837 2544 4908 prophetarum
2590 4835 2803 4889 animas
2829 4874 2844 4899 ,
2897 4833 3044 4904 quod
3090 4847 3199 4888 non
3233 4832 3315 4888 sic
3341 4846 3440 4887 eas

1865 4930 2081 5000 palam,
2139 4930 2214 4984 uti
2270 4929 2527 4984 nimirum
2559 4927 2901 4993 Ecclesium,
2946 4926 3208 4991 duxerat,
3251 4923 3437 4979 occiso

1862 5020 2012 5077 illius
2046 5021 2220 5093 gratia
2248 5021 2422 5077 vitulo
2456 5021 2703 5091 saginato
2735 5019 2803 5072 “.

1861 5342 1995 5397 ergo
2014 5325 2243 5381 arduum
2270 5325 2507 5382 tenenda
2537 5327 2789 5384 castitate
2808 5328 3108 5399 virginibus
3128 5336 3430 5393 certamen.

1863 5398 2202 5470 martyribus
2228 5411 2364 5470 pene
2398 5413 2641 5470 compar,
2696 5399 2838 5470 quod
2872 5398 3058 5455 multis
3089 5412 3274 5470 postea
3330 5416 3433 5456 sar-

1861 5468 2019 5541 culis.
2052 5467 2120 5523 de
2153 5467 2239 5522 his
2267 5468 2359 5541 qui
2394 5467 2645 5541 religiosa
2676 5469 2929 5541 rpalrestra
2980 5473 3032 5523 in
3070 5467 3225 5525 linem
3257 5486 3433 5541 usque

1859 5538 2113 5611 militant.
2150 5540 2388 5608 graviter
2420 5540 2712 5611 edisset-uit
2746 5538 3054 5596 Bernartlus
3082 5561 3095 5595 :
3128 5542 3328 5611 quibus
3343 5538 3428 5598 ad

176 5608 288 5667 iam
319 5614 602 5682 adjectitia
639 5621 725 5668 est
774 5611 840 5665 ad
871 5608 1191 5667 servandam
1243 5612 1538 5682 syntaxim,
1586 5625 1749 5682 quam
1856 5608 2224 5682 virginitatem
2285 5624 2380 5682 seu
2433 5610 2764 5682 castitatem.
2802 5612 3012 5666 accedit
3037 5608 3200 5667 etiam
3230 5613 3426 5667 volun-

177 5695 369 5739 tamen
394 5677 683 5740 imperitus
712 5682 1066 5751 interpolator
1089 5677 1307 5738 servare
1336 5677 1751 5751 nequiviLYult
1856 5680 2009 5733 taria:
2033 5679 2368 5749 paupertatis
2398 5687 2457 5762 et
2484 5677 2804 5762 obedientia:
2834 5683 3090 5740 stadium.
3122 5683 3361 5740 (Ζοιηεγ.
