3964 6226
488 248 585 307 151

561 507 920 576 Quaerendum
971 523 1137 578 porro
1193 517 1451 578 ιιι-πίστει
1509 505 1766 571 videtur,
1824 521 1893 561 ne
1926 503 2059 576 quid
2088 513 2135 568 Α

490 615 595 655 nos
624 600 773 654 dictu
804 599 1176 655 necessarium
1221 597 1388 669 l‘ugiat
1411 638 1424 662 ,
1455 597 1585 667 quid
1625 612 1807 652 causa:
1852 597 1924 651 sit
1960 612 2061 651 cur

492 694 693 763 reginae
720 691 937 761 quidem
982 691 1264 761 sexaginta
1315 699 1699 754 numerentur,
1742 689 2062 745 concubinae

491 796 621 836 vero
674 780 947 850 octoginta
972 819 989 842 ,
1043 780 1465 836 adolescentulae
1524 787 1705 833 autem
1737 788 1848 834 tam
1881 778 2063 833 multae

492 875 842 938 inducantur,
875 884 934 928 ut
965 889 1151 930 earum
1196 889 1459 930 numerus
1497 882 1717 945 propter
1761 871 2064 927 multitudi-

491 983 616 1023 nem
647 968 773 1022 iniri
822 975 1091 1037 nequeat;
1141 982 1344 1037 sponsa
1386 966 1621 1037 denique
1662 973 1894 1035 ponatur
1932 979 2059 1019 una.

493 1058 829 1129 Incipiamus
860 1068 893 1112 a
917 1059 1221 1129 sexaginta.
1261 1056 1578 1129 Sexaginta,
1602 1057 1820 1128 opinor,
1848 1056 2063 1127 reginas

493 1150 624 1204 hinc
655 1150 865 1204 vocavit
886 1165 981 1205 eos
1008 1150 1103 1220 qui
1149 1150 1218 1204 ab
1254 1150 1461 1204 Adamo
1491 1164 1665 1219 usque
1699 1148 1768 1203 ad
1797 1145 1910 1203 Noe
1931 1162 2065 1203 con-

492 1240 647 1292 tinua
675 1240 1027 1294 successione
1054 1247 1359 1309 temporum
1401 1238 1512 1294 Deo
1547 1240 1896 1310 placuerunt,
1928 1253 2065 1309 quo-

493 1331 641 1387 niam
667 1330 793 1385 aliis
821 1331 876 1384 bi
909 1332 1189 1401 prmeeptis
1224 1346 1289 1386 ac
1324 1331 1533 1402 legibus
1566 1330 1631 1386 ad
1671 1331 1902 1386 salutem
1933 1345 2067 1385 con-

433 1475 441 1479 _
494 1420 829 1488 sequendam
859 1435 998 1489 opus
1022 1435 1131 1475 non
1158 1420 1489 1482 habuerunt,
1517 1421 1819 1475 etiamnum
1846 1428 2066 1476 recente

494 1511 639 1582 apud
677 1526 772 1565 eos
802 1512 1061 1567 memoria
1106 1513 1399 1567 creationis
1445 1512 1670 1578 mundi,
1717 1528 1813 1568 sex
1870 1512 2065 1568 diebus

495 1604 723 1660 conditi.
756 1601 1232 1667 Recordabantur,
1269 1603 1511 1673 inquam,
1537 1618 1630 1659 sex
1660 1600 1870 1657 dierum
1892 1603 2066 1671 spatio

494 1711 678 1751 rerum
715 1696 857 1749 hanc
890 1693 1298 1749 universitatem
1329 1709 1361 1748 a
1386 1692 1496 1749 Deo
1521 1693 1694 1749 fuisse
1717 1692 2062 1757 fabricatam,

494 1802 794 1857 eorumque
814 1801 933 1857 qua:
958 1788 1011 1841 in
1042 1786 1299 1857 paradiso
1326 1786 1672 1857 contigerant
1704 1784 1926 1840 infixam
1948 1800 2067 1841 sen-

496 1882 650 1936 sibus
701 1880 983 1934 historiam
1036 1877 1309 1933 habebant
1362 1895 1376 1932 :

499 1974 662 2026 homo
689 1980 915 2041 accepto
944 1968 1201 2025 mandato
1226 1984 1334 2023 non
1352 1967 1634 2038 tangenda:
1659 1967 1871 2023 arboris
1893 1966 2067 2022 scien-

498 2062 606 2124 tize,
636 2060 970 2129 impegisset,
991 2058 1183 2113 l‘raude
1204 2057 1462 2112 inductus
1485 2056 1728 2111 auctoris
1756 2055 2062 2111 malitiae“.

494 2152 635 2227 Hinc
664 2167 755 2208 eas
777 2151 988 2207 animas
1014 2165 1136 2223 qua:
1173 2151 1355 2206 statim
1391 2164 1422 2203 a
1453 2148 1656 2204 mundo
1681 2149 1900 2204 condito
1932 2163 2066 2203 con-

493 2247 647 2300 tinua
679 2244 1032 2301 successione
1055 2242 1222 2298 Deum
1254 2242 1360 2298 sibi
1388 2242 1681 2295 amandum
1712 2240 2063 2311 delegerunt,

496 2336 761 2403 ferme,ut
783 2338 863 2392 sic
885 2337 1087 2402 dicam,
1126 2336 1282 2406 primi
1314 2333 1500 2389 saeculi
1524 2333 1759 2399 soboles,
1784 2341 1838 2387 et
1859 2332 2067 2387 vicinas

495 2430 679 2501 magni
710 2430 913 2486 senarii
936 2427 1170 2491 dierum,
1199 2426 1483 2496 sexaginta
1521 2424 1742 2495 reginas
1768 2425 2067 2497 symbolice

494 2530 675 2585 vocat,
700 2521 851 2592 quia,
883 2528 943 2575 ut
972 2519 1241 2583 dicebam,
1276 2534 1308 2574 a
1331 2534 1523 2575 senum
1552 2517 1764 2572 dierum
1787 2518 2066 2574 creatione

494 2614 681 2668 statim
712 2613 1065 2667 exstiterunt.
1109 2608 1305 2680 Magno
1349 2610 1549 2680 quippe
1601 2608 1806 2663 honore
1843 2608 2066 2679 praacelv

494 2704 738 2771 luerunt,
778 2701 1033 2757 familiari
1053 2700 1367 2772 angelorum
1401 2700 1637 2772 dignata:
1657 2700 1930 2769 colloquio
1952 2739 1968 2767 ,
2000 2714 2065 2754 ac

495 2808 616 2865 quae
646 2791 812 2848 Deum
846 2792 1045 2863 palam,
1092 2807 1202 2847 non
1237 2807 1334 2862 per
1389 2793 1701 2856 somnium,
1758 2807 1901 2862 saepe
1956 2792 2066 2847 sint

494 2886 777 2941 contuitre.
805 2883 1163 2940 Considerate
1187 2886 1331 2940 enim
1349 2894 1554 2953 quanta
1587 2883 1755 2939 Setho
1785 2885 2067 2940 lainiliari-

498 2988 581 3033 tas
619 2993 742 3033 cum
771 2974 883 3032 Deo
913 2976 1218 3042 exstiterit,
1252 2983 1457 3046 quanta
1488 2990 1611 3031 cum
1640 2976 1828 3042 Abele,
1864 2984 2067 3047 quanta

493 3085 619 3125 eum
654 3069 852 3132 Enoso,
877 3077 1081 3139 quanta
1114 3083 1240 3123 cum
1272 3067 1496 3123 Enocho
1516 3108 1533 3133 ,
1563 3077 1765 3139 quanta
1805 3085 1930 3125 cum
1953 3068 2069 3123 Ma-

1407 243 1465 299 s.
1510 238 1846 299 ιιετιιοοιι
1883 232 2187 295 EPISCOPl
2231 214 2322 287 ET
2355 225 2719 291 MABTYRIS

3628 230 3740 288 I32

772 391 904 451 CAP.
933 389 999 447 ν.
1028 372 1315 462 Sexaginta
1342 390 1557 462 regitur,
1590 406 1685 444 cur
1725 388 2024 459 sexaginta,
2051 393 2100 442 et
2127 402 2226 440 cur
2256 384 2472 454 regina.
2503 379 2681 436 Primi
2706 382 2800 436 (rei
2823 387 3124 435 Miramur
3154 381 3486 449 praestantia.

2242 499 2653 572 Ἐπαπορητὲον
2670 497 2727 552 δέ
2750 496 3014 551 καὶτοῦτο
3041 495 3177 568 πρὸς
3197 494 3423 560 τούτοις,
3448 495 3535 549 ἵνα
3565 495 3738 567 μηδὲν

2158 596 2307 667 ἡμᾶς
2354 592 2463 647 τῶν
2511 590 2821 661 ἀναγκαίων
2867 590 3162 662 ἀποδράναι
3190 586 3419 659 δυνηθῇ,
3451 588 3505 642 τί
3535 587 3739 658 δήποτε

2160 688 2258 751 τὰς
2292 685 2390 757 μὲν
2438 682 2754 755 βασιλίσσας
2784 680 3043 752 ἐξήκοντα
3068 679 3191 751 ἔφη,
3228 679 3325 742 τάς
3345 678 3411 731 ’δὲ
3454 678 3741 743 παλλακάς

2160 780 2485 850 ὀγδοήκοντα
2504 794 2518 807 ·
2561 777 2661 840 τὰς
2706 774 2763 828 δὲ
2809 772 3053 837 νεάνιδας
3092 770 3356 834 τοσαύτας
3377 810 3393 834 ,
3427 772 3551 825 ὅσον
3597 770 3742 842 μηδὲ

2161 868 2508 943 ἀριθμεῖσθαι
2537 866 2626 922 διά
2672 866 2769 937 τὴν
2811 863 3052 937 πληθύνο
3086 863 3184 934 τὴν
3219 862 3275 915 δὲ
3317 862 3533 932 νύμφην
3581 862 3737 932 μίαν.

2162 963 2274 1017 Καὶ
2300 960 2511 1033 πρῶτον
2554 959 2652 1031 μὲν
2687 958 2815 1030 περὶ
2854 956 2962 1011 τῶν
2994 955 3254 1026 ἐξήκοντα
3292 954 3529 1008 λεκτέον.
3580 952 3742 1024 Ἐξή-

2161 1071 2328 1109 κοντα
2354 1050 2668 1124 βασιλίσσας
2711 1047 2961 1104 ἐντεῦθεν
2983 1089 2997 1111 ,
3027 1047 3103 1111 ὼς
3137 1041 3289 1116 οἶμαι
3330 1044 3424 1116 δὴ,
3451 1046 3579 1109 τοὺς
3627 1045 3741 1099 ἀπὸ

2162 1142 2255 1197 τοῦ
2280 1141 2704 1213 πρωτοπλάστου
2734 1140 2895 1212 μέχρι
2920 1137 3043 1191 Νῶε
3085 1136 3224 1192 κατά
3265 1135 3510 1207 διαδοχὴν
3543 1137 3740 1209 εὐαρε-

2165 1237 2468 1309 στήσαντας
2493 1235 2719 1290 ἐκάλεσε
2752 1232 2830 1305 τῷ
2852 1231 2970 1303 Θεῷ
2986 1248 2999 1261 ·
3027 1230 3320 1302 ἐπειδήπερ
3345 1223 3488 1284 οὗτοι
3520 1245 3741 1302 παραγ-

2161 1330 2448 1403 γελμάτων
2483 1330 2578 1383 καὶ
2624 1327 2839 1399 θεσμῶν
2883 1326 2964 1389 είς
3006 1324 3067 1377 τὸ
3119 1322 3358 1395 σωθῆναι
3400 1324 3589 1395 χρείαν
3637 1325 3742 1378 οὐκ

2163 1425 2477 1495 ἐσχήκασιν,
2514 1420 2593 1474 ἐτι
2639 1420 2951 1493 προσφάτου
2990 1417 3090 1488 τῆς
3126 1414 3267 1469 κατὰ
3298 1415 3397 1485 τὴν
3437 1413 3742 1486 ἐξαήμερον

2163 1511 2329 1584 οὔσης
2360 1512 2543 1575 αὐτοῖς
2568 1509 2659 1564 τοῦ
2687 1510 2892 1581 κόσμου
2916 1508 3243 1569 συστάσεως.
3275 1503 3610 1575 Ἐμέμνηντο
3630 1502 3741 1574 γάρ

2164 1597 2325 1669 οὗτοι,
2347 1604 2423 1668 ὡς
2443 1604 2500 1657 ἐν
2524 1603 2583 1670 ἐξ
2611 1602 2844 1675 ἡμέραις
2865 1604 2895 1655 ό
2917 1600 3050 1663 Θεὸς
3070 1599 3393 1669 ἐτεκτήνατο
3416 1597 3516 1669 τὴν
3540 1595 3738 1659 κτίσιν,

2163 1698 2231 1752 τά
2261 1714 2320 1750 τε
2346 1699 2403 1749 ἐν
2429 1695 2506 1767 τῷ
2540 1694 2853 1767 παραδείσῳ
2873 1691 3164 1762 γεγονότα·
3190 1689 3285 1744 καὶ
3317 1688 3435 1752 πῶς
3466 1692 3495 1743 ό
3526 1687 3741 1760 ἀνθρω-

2164 1806 2286 1853 πος,
2322 1787 2538 1859 ἐντολὴν
2571 1786 2709 1857 ἔχων
2742 1785 2817 1856 μὴ
2854 1782 3092 1854 ἅψασθαι
3127 1781 3223 1836 τοῦ
3258 1780 3427 1850 φυτοῦ
3470 1781 3569 1852 τῆς
3609 1796 3742 1851 φρο-

1453 1891 1563 1947 qua
1610 1891 1804 1945 nempe
1855 1878 2066 1931 ratione

2172 1882 2371 1952 νήσεως
2394 1879 2521 1950 (99),
2551 1876 2855 1943 ἐξώκειλεν,
2895 1874 3237 1945 άποϐουκολή
3246 1890 3436 1937 σαντος
3457 1872 3622 1927 αὐτὸν
3644 1869 3739 1926 τοῦ

2165 1973 2264 2044 τῆς
2308 1972 2505 2035 κακίας
2563 1967 2839 2038 σοφιστοῦ.
2898 1964 3176 2037 Ἐντεῦθεν
3221 1965 3285 2037 δὴ
3324 1964 3425 2028 τὰς
3481 1964 3594 2018 ἀπὸ
3639 1965 3742 2033 τῆς

2168 2064 2475 2127 συστάσεως
2523 2061 2724 2123 εὐθέως
2769 2059 2862 2113 τοῦ
2913 2060 3119 2129 κόσμου
3160 2058 3301 2111 κατὰ
3352 2057 3602 2128 διαδοχὴν
3647 2056 3744 2110 τὸν

2165 2156 2295 2210 Θεὸν
2330 2155 2511 2209 ποθεῖν
2561 2152 2821 2225 ἐλομένας
2869 2151 3047 2222 ψυχὰς
3073 2193 3088 2218 ,
3133 2152 3226 2204 καὶ
3285 2149 3489 2221 σχεδὸν,
3536 2151 3585 2203 εί
3630 2149 3741 2222 χρὴ

2166 2250 2351 2319 φάναι,
2372 2248 2462 2301 τοῦ
2490 2245 2706 2318 πρώτου
2730 2244 2922 2307 αἰῶνος
2942 2242 3107 2306 οῦσας
3131 2242 3350 2310 ἔκγονα,
3373 2241 3468 2295 καὶ
3492 2242 3743 2311 γείτονας

2163 2340 2265 2411 τῆς
2312 2339 2551 2410 μεγάλης
2590 2336 2925 2409 ἐξαημὲρου,
2974 2334 3235 2405 ἐξήκοντα
3277 2332 3591 2404 βασιλίσσας
3634 2332 3743 2402 ἔφη

2166 2427 2525 2500 συμϐολικῶς,
2556 2427 2643 2481 διὰ
2674 2427 2734 2479 τὸ
2766 2426 2903 2497 μετά
2937 2426 3035 2498 τὴν
3067 2424 3368 2496 ἐξαήμερον
3400 2421 3623 2487 εὐθέως,
3656 2422 3741 2487 ὼς

2165 2520 2321 2593 ἔφην,
2354 2518 2656 2589 γεγονέναι.
2695 2517 2954 2589 Μεγάλην
2999 2517 3108 2588 γάρ
3138 2517 3434 2587 ἐσχήκασιν
3468 2506 3616 2567 οὗτοι
3656 2529 3746 2566 τι-

2168 2612 2294 2685 μὴν,
2341 2610 2591 2680 ἀγγέλοις
2633 2609 3108 2681 συνομιλήσαντες,
3144 2607 3360 2661 καὶτὸν
3392 2605 3523 2660 Θεὸν
3566 2605 3744 2677 ῦπαρ,

2165 2706 2266 2758 ούκ
2297 2704 2429 2776 ὄναρ
2450 2744 2465 2768 ,
2516 2703 2773 2767 πολλάκις
2811 2702 3153 2773 θεασάμενοι.
3205 2697 3598 2769 Ἐπισκέψασθε
3631 2697 3747 2770 γὰρ

2164 2797 2295 2868 ὅσην
2319 2795 2444 2866 ἔσχε
2478 2794 2788 2867 παρρησίαν
2819 2795 2848 2847 ὁ
2897 2792 3002 2864 Σὴθ
3040 2792 3176 2864 πρὸς
3217 2791 3307 2846 τὸν
3355 2791 3509 2855 Θεὸν,
3540 2790 3675 2862 ὅσην
3715 2791 3747 2843 ό

2169 2886 2334 2941 mea
2354 2887 2451 2957 (ι),
2490 2887 2622 2957 ὅσην
2654 2888 2683 2940 ό
2722 2884 2909 2949 Ἐνὼς,
2945 2885 3077 2955 ὅσην
3106 2884 3133 2936 ό
3180 2883 3369 2954 Ἑνὼχ,
3402 2883 3535 2954 ὅσην
3564 2883 3593 2935 δ
3620 2882 3750 2936 Ma.-

2166 2979 2419 3044 θουσάλα,
2453 2980 2585 3049 ὅσην
2611 2980 2641 3031 ό
2677 2977 2820 3041 Νῶε,
2852 2975 3057 3049 πρῶτοι
3082 2974 3427 3045 δικαιοσύνης
3456 2975 3747 3043 γεγονότες

2166 3073 2411 3145 ἐρασταὶ,
2437 3072 2532 3126 καὶ
2557 3072 2761 3143 πρῶτοι
2784 3070 2891 3124 τῶν
2923 3069 3283 3142 πρωτοτόκων
3306 3067 3511 3121 τέκνων
3539 3067 3751 3135 ἀπογε-

495 3162 734 3227 thusala,
765 3168 970 3232 quanta
999 3176 1125 3215 cum
1161 3159 1365 3216 Noemo
1391 3160 1764 3216 necessitudo.
1806 3159 1974 3215 Primi
2009 3160 2064 3215 bi

2172 3166 2503 3239 γραμμένων
2537 3167 2594 3218 ἐν
2634 3166 2901 3237 οὐρανοῖς,
2937 3165 3035 3236 τῆς
3068 3162 3344 3235 βασιλείας
3373 3160 3748 3228 καταξιωθέν-

495 3261 768 3310 amatores
795 3254 1053 3324 iustitiae,
1098 3253 1365 3323 primique
1398 3253 1541 3308 inter
1568 3253 1957 3324 primogenitos
1998 3252 2061 3306 li-

2172 3234 2476 3327 τες,ῶσπερ
2490 3234 2713 3328 ἀπαρχῆ
2739 3273 2823 3321 τις
2847 3256 2955 3309 τῶν
2981 3234 3336 3327 φυτευμάτων
3361 3254 3441 3318 εἰς
3466 3253 3747 3325 σωτηρίαν

495 3348 657 3403 beros
693 3347 785 3418 qui
814 3346 1112 3415 conscripti
1148 3355 1272 3400 sunt
1315 3346 1370 3399 in
1400 3346 1559 3401 caalis
1596 3344 1676 3408 δ’,
1711 3360 1934 3415 regnum
1975 3357 2064 3399 as-

495 3437 705 3500 secuti,
738 3452 838 3491 reu
882 3434 1134 3506 primitiae
1172 3438 1419 3504 quaedam
1449 3434 1844 3506 plantationum
1891 3434 1947 3487 in
1975 3448 2065 3489 sa-

494 3528 687 3592 lutem,
724 3540 789 3581 ac
812 3526 907 3597 qui
932 3524 1043 3581 Deo
1067 3539 1279 3595 praecox
1323 3524 1535 3580 fructus
1577 3522 1944 3594 provenerint.
1984 3522 2066 3578 Ac

495 3616 566 3673 de
599 3617 685 3674 bis
718 3618 936 3689 quidem
967 3618 1123 3672 satis.

2171 3346 2417 3419 πρὼῖμος
2461 3347 2540 3418 τῷ
2582 3347 2701 3418 Θεῷ
2734 3344 3131 3420 βλαστήσαντες
3181 3347 3412 3420 καρπός.
3452 3344 3564 3400 Καὶ
3609 3346 3747 3418 περὶ

2173 3439 2273 3511 μὲν
2299 3439 2500 3493 τούτων
2525 3438 2833 3511 αὐτάρκως.

942 3733 1073 3791 CAP.
1115 3734 1202 3791 Vl.
1238 3733 1519 3806 Octoginta
1544 3733 1879 3800 concubina,
1902 3749 2018 3804 qua
2041 3734 2067 3789 .’
2097 3728 2284 3785 Facta:
2307 3727 2574 3799 prophetis
2610 3726 3005 3781 Incarnationis
3027 3726 3285 3781 notiones.

566 3852 644 3910 De
668 3851 992 3908 concubinis
1021 3859 1193 3909 restat
1238 3853 1439 3908 dicere.
1479 3851 1635 3922 Apud
1681 3868 1777 3908 eos
1808 3852 1900 3923 qui
1941 3857 2065 3922 post

495 3946 766 4005 diluvium
818 3947 1073 4012 luerunt,
1105 3946 1196 4001 illa
1222 3946 1335 4016 jam
1383 3945 1477 4002 Dei
1522 3945 1760 4017 cognitio
1806 3944 2065 4000 remotior

498 4041 665 4106 facta,
693 4055 828 4109 pene
860 4039 1201 4106 exoleverat;
1240 4038 1456 4111 aliaque
1502 4038 1583 4093 eis
1628 4052 1766 4108 opus
1811 4036 2061 4091 doctrina

494 4137 613 4183 erat
642 4144 764 4198 qua:
791 4127 1052 4182 adversus
1080 4134 1427 4181 enascentem
1462 4141 1526 4181 ac
1544 4125 1658 4196 jam
1683 4141 1903 4196 serpere
1927 4126 2065 4180 inci-

497 4219 733 4292 pientem
767 4218 1128 4274 idololatriam
1171 4217 1492 4273 mortalibus
1522 4217 1776 4288 praesidio
1818 4231 1882 4273 ac
1914 4216 2067 4273 auxi-

533 4372 582 4405 ⁸⁸
621 4372 749 4428 Gen.
783 4388 868 4437 ιιι,
897 4372 950 4427 ὅ.
1026 4370 1072 4404 ⁸³
1113 4369 1276 4426 Hebr.
1304 4370 1520 4437 xir,23.

2214 3846 2376 3918 ’Περὶ
2420 3845 2477 3899 δέ
2520 3845 2630 3899 τῶν
2675 3845 2965 3900 παλλακῶν
3009 3844 3169 3899 πάλιν
3214 3843 3454 3897 λεκτέον.
3486 3844 3609 3908 Τοῖς
3649 3861 3755 3916 με·-

2167 3939 2238 3996 τά
2267 3940 2357 3994 τὸν
2389 3938 2771 4010 κατακλυσμὸν
2819 3936 3084 4011 ἀπωτέρω
3129 3937 3202 4007 (2)
3249 3935 3432 3990 λοιπὸν
3468 3938 3502 4007 ἡ
3542 3936 3754 4006 γνῶσις

2166 4028 2235 4105 ἦν
2266 4030 2359 4085 τοῦ
2389 4030 2522 4085 Θεοῦ
2542 4048 2556 4062 ο
2597 4032 2694 4084 καὶ
2715 4030 2944 4102 ἔχρῃζον
2965 4029 3159 4101 ἐτέρας
3190 4027 3431 4099 διδαχῆς,
3467 4027 3754 4101 ἑρπούσης

2169 4126 2271 4197 ήδη
2300 4122 2401 4193 τῆς
2432 4121 2894 4195 είδωλολατρείας,
2937 4122 3058 4192 ἥτις
3089 4120 3273 4184 αὐτοῖς
3305 4115 3460 4184 αὖθις
3487 4119 3751 4188 ἀλεξίκα-

2170 4233 2265 4281 κος
2295 4215 2469 4269 ἔσοιτο
2507 4217 2600 4271 καὶ
2635 4214 2844 4287 βοηθός.
2898 4213 2958 4265 '0
2980 4209 3073 4267 οὖν
3113 4211 3269 4277 Θεὸς,
3308 4213 3396 4267 ῖνα
3443 4211 3519 4284 μὴ
3563 4212 3755 4286 πάντη

577 4486 689 4570 (9.9)
718 4490 815 4572 Μὴ
833 4489 1124 4572 ἕψεσθαι
1152 4489 1259 4572 τοῦ
1312 4490 1504 4572 φυτοῦ
1520 4490 1663 4572 ..τῆς
1703 4488 2066 4572 φρονῖήσεως·

2177 4489 2513 4572 insipientia!)
2549 4504 2724 4572 quam.
2748 4491 3079 4572 φρονήσεως,
3112 4493 3421 4572 prudentum
3599 4492 3757 4572 Alla-

499 4557 582 4614 lta
616 4557 809 4627 junxit'
832 4557 1114 4616 Possinius
1141 4575 1205 4614 ac
1244 4557 1380 4616 bene
1405 4557 1659 4622 reddidit,
1690 4557 1942 4615 mandato
1977 4576 2068 4613 ac-

500 4638 654 4702 cepto
689 4645 792 4684 non
824 4628 1096 4702 tangenda:
1137 4631 1344 4687 arboris
1382 4633 1644 4696 scientiae;
1678 4633 1835 4699 cujus
1868 4645 2068 4702 praeva-

500 4699 767 4756 ricatione
805 4703 884 4756 sic
919 4699 1198 4767 ἐξώκειλε,
1243 4704 1485 4771 impegit;
1526 4719 1624 4758 nec
1652 4716 1791 4771 opus
1819 4699 1943 4755 cum
1976 4700 2069 4753 illo

503 4774 780 4841 supplere,
805 4772 857 4825 in
888 4760 1107 4825 exitium
1150 4760 1328 4827 miser:
1362 4760 1454 4827 Sic
1467 4760 1616 4827 enim
1643 4760 1820 4826 Latini
1850 4786 1914 4825 ea
1937 4785 2069 4825 voce

504 4840 753 4913 absolute
788 4844 1119 4913 signilicant,
1159 4844 1304 4913 quod
1339 4840 1514 4897 Gneci
1548 4844 1639 4898 illa
1679 4844 1869 4902 altera,
1899 4851 2071 4913 meta-

504 4916 676 4982 phora
706 4911 869 4966 ducta
935 4928 964 4965 a
998 4911 1252 4975 navibus,
1281 4929 1402 4983 quae
1433 4916 1514 4968 sic
1557 4916 1611 4969 in
1642 4921 1829 4983 cautes
1858 4918 1916 4983 et
1947 4911 2072 4983 bre-

502 4981 589 5035 via
612 4996 674 5035 ac
700 4985 815 5037 loca
847 4997 1039 5052 aspera
1071 4981 1369 5055 impingi-re
1390 4986 1647 5040 dicuntur
1670 4993 1723 5037 et
1744 4982 1915 5055 allidi.
1939 4981 2069 5055 dum

504 5059 723 5174 {ortum
789 5051 1073 5133 tutamque
1128 5051 1418 5133 stationem
1490 5058 1751 5126 cogitant.
1829 5051 2061 5122 llesych.

535 5122 728 5174 εέπισε
765 5133 984 5174 exnoml
1033 5142 1047 5174 :
1084 5124 1180 5174 sed
1204 5142 1318 5174 msa
1357 5140 1637 5174 exmnens
1682 5139 1814 5174 vox.
1865 5122 2061 5174 obscu-

535 5122 728 5202 ξέπεσε
765 5124 984 5194 ειροηιι
1033 5142 1047 5177 :
1084 5124 1180 5178 sed
1204 5128 1319 5202 ipsa
1357 5122 1637 5202 exponens
1682 5139 1814 5202 vox_,
1865 5122 2068 5202 obscu-_-

504 5194 617 5245 rior
642 5207 707 5265 eo
736 5210 899 5265 sensu
929 5207 1061 5265 voce
1079 5198 1350 5264 exposita,
1377 5194 1445 5250 ac
1474 5194 1888 5265 inl‘requeutior,
1925 5204 1981 5245 ut
2008 5200 2064 5247 et

505 5275 656 5336 quas
676 5262 873 5319 Suidas
903 5264 1122 5336 adhibet
1144 5262 1167 5325 ξ
1188 5266 1279 5334 qui
1310 5274 1363 5321 et
1395 5269 1508 5335 ipse
1529 5262 1807 5336 ἀπὸνηός.
1844 5264 1908 5317 de
1933 5279 2066 5336 nave

505 5332 612 5406 dici
645 5332 785 5406 hanc
802 5349 1003 5406 _vocem
1034 5332 1256 5406 adnotat
1284 5354 1298 5389 :
1335 5332 1434 5390 nec
1458 5352 1595 5406 opus
1627 5332 1797 5390 altera
1823 5334 2059 5403 explica-

507 5403 652 5455 tione
684 5401 774 5477 ΕΓ.
801 5402 994 5477 Portsc.
1025 5405 1289 5477 Φρόνησις
1316 5421 1447 5476 ergo
1472 5401 1593 5461 ἄντι
1625 5406 1724 5475 τῆς
1756 5401 2065 5477 ἐπιστήμης

507 5478 614 5529 est.
660 5474 775 5549 sive
818 5473 1090 5549 γνιίισεως,
1136 5473 1233 5549 pro
1280 5473 1636 5549 intelligentia
1683 5473 1755 5529 ac
1806 5473 2056 5538 si'ieutsa,

506 5541 778 5620 quomodo
799 5545 961 5597 vertit
981 5541 1171 5620 Cicero
1195 5541 1719 5620 docetque'Budaeus
1740 5561 1881 5615 saepe
1906 5560 2067 5620 usur-

510 5616 659 5692 pari;
695 5628 802 5692 non
836 5628 934 5692 pro
966 5618 1626 5692 prudqntiatquzevirtus
1656 5625 1759 5678 est,
1793 5616 2067 5692 quomodo

508 5681 690 5751 potius
719 5681 1029 5755 ἀφροσύνης
1061 5686 1224 5742 arbor
1264 5681 1496 5744 dicenda
1519 5685 1793 5744 videretur
1813 5681 2070 5757 (summa

2178 4562 2288 4633 lius
2316 4561 2376 4614 τὸ
2405 4561 2515 4628 τῆς
2537 4561 3079 4633 φρονήσεωςίιιιιεὶι
3109 4561 3274 4619 verbo
3304 4563 3581 4631 ἐξώκειλε.
3620 4564 3755 4618 red-

2173 4632 2380 4703 ditque,
2424 4643 2575 4685 extra
2611 4643 2831 4703 mentem
2873 4633 2962 4703 ille
3002 4632 3287 4703 delapsus;
3317 4644 3465 4688 attcn
3492 4642 3604 4688 .‘cns
3632 4635 3753 4687 sci-

2171 4701 2299 4755 licet
2314 4703 2706 4771 expositionem
2730 4701 2824 4755 τοῦ
2838 4702 3112 4766 ἐξέπεσε.
3126 4701 3480 4773 ήὲξωλιοθησε.
3507 4704 3608 4759 Sed
3634 4720 3752 4760 non

2173 4773 2389 4844 videtur
2414 4773 2527 4844 haec
2557 4773 2636 4827 vis
2665 4774 3014 4842 metaphor-te,
3048 4779 3204 4844 quasi
3237 4777 3446 4830 scilicet
3485 4792 3549 4830 ex
3583 4784 3752 4844 portu

2173 4842 2350 4896 delabi
2401 4843 2554 4897 navis
2600 4844 2847 4908 dicatur,
2900 4855 2953 4898 et
3008 4842 3111 4899 huc
3159 4848 3231 4901 sit
3273 4842 3597 4911 ἐξοκέλλειν,
3634 4859 3751 4899 non

2173 4914 2292 4980 ejus
2326 4914 2691 4977 aberratiunc,
2747 4918 2816 4967 ila
2881 4920 2940 4966 ut
2995 4913 3200 4969 dictum
3266 4925 3388 4980 est,
3445 4915 3754 4984 impingere

2172 4983 2456 5053 lrangique
2480 4992 2643 5053 atque
2670 4984 2819 5037 allidi
2846 4984 2911 5037 ad
2937 4985 3116 5039 brevia
3139 4994 3191 5040 et
3213 4995 3423 5041 cautes.
3446 4983 3752 5043 Conservis.

2240 5055 2315 5121 (1)
2352 5055 2546 5121 Ὄσην
2567 5057 2599 5107 ό
2628 5057 2816 5108 Ἅϐελ.
2848 5053 2970 5108 “(ec
2995 5057 3315 5115 exciderunt
3337 5072 3402 5110 ex
3426 5056 3573 5110 edito
3591 5055 3754 5110 Com-

2168 5124 2451 5182 bclisiano.
2474 5140 2595 5194 qua:
2616 5135 2796 5180 tamen
2823 5126 3081 5179 exhibent
3112 5127 3344 5182 Allatius
3367 5135 3422 5181 et
3441 5126 3752 5186 Possinius.

2166 5194 2322 5268 Apud
2366 5196 2623 5268 Allatiurn
2674 5196 2918 5250 vicissim
2974 5197 3077 5250 ista
3109 5207 3480 5268 panduntur.
3537 5198 3666 5268 691w
3716 5197 3753 5252 ὁ

2182 5263 2365 5329 Ἐνώς,
2397 5281 2517 5335 quae
2558 5266 2812 5335 lvguntur
2856 5281 2922 5319 ex
2952 5267 3075 5321 cod.
3109 5264 3229 5322 Vat.
3271 5270 3327 5323 in
3367 5268 3531 5323 editis
3562 5263 3753 5323 Possi-

2171 5336 2245 5388 nii
2276 5347 2329 5389 et
2361 5334 2696 5390 CnlnlieliSii.
2727 5334 2898 5389 GALL.

2239 5406 2313 5475 (Ξ)
2366 5404 2685 5474 Ἀπωτέρω.
2744 5404 2835 5460 Sic
2879 5404 3133 5463 Allatius.
3178 5406 3464 5464 Possinius
3508 5422 3638 5461 vero
3677 5423 3752 5465 ex

2165 5474 2299 5529 cod.
2332 5474 2452 5529 Vat.
2494 5476 2862 5548 ἀνωτέρω.....
2916 5477 3093 5548 Atque
3139 5480 3277 5533 hanc
3308 5476 3427 5532 Vat.
3456 5479 3751 5533 lectionem

2173 5548 2410 5617 retinere
2483 5548 2675 5601 maluit
2734 5547 2911 5617 editor
2978 5547 3291 5617 Lupareus.
3363 5551 3579 5605 etiamsi
3635 5563 3749 5605 Ius.

2410 5623 2464 5742 Et
2502 5628 2753 5689 excerpta
2795 5614 3077 5675 Pbotiana
3095 5620 3360 5692 ἀπωτέρω
3401 5620 3745 5695 praeferrent.

2395 5704 2409 5742 x
2445 5728 2461 5742 .

2219 5701 2461 5745 OIBEI-‘XS.
